3760 6202
467 308 578 375 5*Ῑὸ

1734 295 2056 360 IOANNIS
2096 264 2424 357 MALALJE
3535 298 3616 360 δτι

469 436 542 475 an
574 426 655 484 ut,
706 415 926 472 sublato
956 413 1076 469 viro
1114 420 1231 478 tuo,
1266 411 1654 481 imperatorem
1684 411 1853 465 alium
1901 425 1954 465 su

2155 405 2394 477 Βηρῖναν
2422 403 2509 456 ῐνα
2533 402 2775 473 ἀπολυθῇ
2800 417 2813 431 °
2849 402 2941 455 καὶ⁸
2972 400 3070 455 ούκ
3091 398 3302 469 ἐπείσθη
3320 398 3622 470 ’1λλοῦς,ὰλλὰ

470 510 618 565 ciat?
644 507 885 561 Ariadna
916 506 1104 576 itaque
1139 503 1533 573 imperatorem
1571 515 1768 556 rursus
1804 499 2050 567 compel-

472 594 595 649 lans
637 610 650 647 :
684 592 920 663 Ergone,
954 593 1154 661 inquit,
1187 590 1318 645 lllus
1360 590 1486 655 iste,
1538 603 1607 643 an
1639 604 1741 659 ego
1767 588 1959 658 potius
1997 587 2051 641 in

474 687 679 756 palatio
707 684 1003 741 dominor?
1030 682 1390 753 Respondeas
1416 680 1468 736 ei
1510 681 1817 751 imperator
1846 697 1859 733 :
1914 680 2051 752 Age,

472 777 631 841 dixit,
668 777 713 832 si
748 775 881 845 quid
915 773 1118 844 possis,
1142 771 1271 840 quid
1298 770 1572 825 moraris?
1604 771 1718 839 Ego
1749 778 1878 825 tuus
1908 784 2052 825 sum.

472 868 687 923 Exinde
719 868 887 938 igitur
905 865 1149 919 Ariadne
1169 864 1271 917 Illo
1298 862 1532 917 insidias
1552 865 1758 929 struit;
1787 862 2058 917 circensi-

475 961 579 1015 bus
596 968 776 1013 autem
801 956 1119 1019 celebratis,
1147 955 1277 1009 dum
1308 952 1377 1007 ad
1403 952 1689 1007 Decimum
1716 968 1814 1023 per
1836 952 2055 1024 Pulpita

478 1048 744 1102 transiret
796 1044 949 1110 lllus,
995 1042 1296 1114 Sporacius
1324 1042 1546 1112 quidam
1607 1043 1946 1108 scholarius,
1988 1044 2058 1098 ad

476 1138 580 1191 hoc
610 1136 939 1196 conductus,
974 1135 1155 1204 gladio
1180 1140 1348 1203 caput
1379 1132 1502 1203 ejus
1542 1132 1838 1204 impetivit,
1872 1134 2058 1191 animo

475 1244 601 1282 eum
632 1244 729 1297 per
762 1226 1002 1281 medium
1031 1226 1368 1281 dissecandi.
1399 1225 1499 1281 lllo
1521 1236 1706 1281 autem
1728 1226 2059 1297 Spatharius

478 1322 619 1374 forte
649 1320 861 1385 astitit;
897 1319 991 1388 qui
1026 1316 1510 1388 supervenientem
1543 1316 1785 1387 gladium
1810 1318 2064 1372 animad-

477 1427 723 1480 vcrtens,
746 1414 940 1469 dextra
968 1428 1131 1466 manu
1165 1413 1333 1467 ictum
1363 1410 1484 1479 ejus
1500 1410 1717 1482 excepit
1746 1428 1760 1465 :
1789 1410 1950 1479 cujus
1975 1418 2060 1464 ta-

479 1520 604 1559 men
635 1520 853 1570 mucro,
882 1504 1006 1574 ipso
1041 1504 1097 1558 in
1129 1503 1397 1558 descensu
1432 1501 1501 1557 ad
1537 1501 1623 1556 Illi
1652 1510 1817 1572 caput
1841 1502 2060 1570 allisus,

479 1593 731 1650 dextram
790 1596 838 1648 ei
878 1608 1067 1648 aurem
1102 1591 1387 1664 praecidit;
1435 1591 1756 1648 scholarius
1793 1600 1979 1647 autem
2030 1608 2062 1648 e

481 1684 715 1753 vestigio
738 1682 1064 1737 interfectus
1083 1691 1189 1738 est.
1206 1684 1271 1735 At
1298 1697 1430 1737 vero
1452 1682 1609 1737 Illum
1632 1682 1896 1739 satellites
1915 1683 2059 1752 ejus,

2152 497 2301 566 λέγει
2334 498 2493 569 αύτῇ’
2524 496 2588 549 Τί
2618 494 2783 566 αὐτὴν
2817 493 3030 565 ζητεῖςς
3068 493 3154 546 ἵνα
3195 492 3380 562 ποιήσῃ
3402 492 3533 546 πάλιν
3558 496 3625 548 ἆλ-

2154 590 2245 643 λον
2282 587 2507 659 βασιλέα
2535 586 2679 641 κατά
2710 586 2802 641 τοῦ
2834 586 2929 640 σοῦ
2960 584 3182 656 ἀνδρόςς
3222 583 3322 636 Καὶ
3354 583 3493 637 πάλιν
3515 581 3626 639 εἶπεν

2153 685 2188 754 ἡ
2214 681 2474 753 Ἀριάδνη
2505 678 2581 749 τῷ
2611 678 2819 749 βασιλεῖ
2855 678 3081 746 Ζήνωνι,
3104 674 3383 738 annuos;
3421 677 3540 731 ἔστιν
3571 681 3630 741 εἰς

2154 775 2217 827 τὸ
2249 774 2514 828 παλάτιον
2555 772 2588 844 ἢ
2624 770 2762 841 ὲγὼς
2796 770 2906 825 Kal
2935 769 3081 837 λέγει
3107 769 3238 838 αὐτῇ
3263 769 3289 820 ὁ
3317 766 3547 836 βασιλεὺς,
3573 770 3631 822 ὅτι

2158 865 2225 918 Et
2267 882 2318 917 τι
2368 864 2536 937 δύνῃ,
2567 863 2810 934 πρίξον·
2860 860 2970 930 ἐγώ
3018 877 3077 914 σε
3123 858 3277 913 Θέλω.
3310 858 3408 912 Καὶ
3443 858 3635 930 λοιπὺνή

2171 956 2425 1028 Ἀριάδνη
2454 955 2827 1010 κατεσκεύασε
2850 954 2942 1007 τοῦ
2968 954 3222 1023 φονεῦσαι
3253 951 3339 1004 τὸν
3359 950 3526 1004 Ἰλλούν
3542 970 3553 982 ο
3570 954 3638 1004 καὶ

2160 1048 2386 1101 ἱππικοῦ
2418 1046 2722 1117 ἀγομένου,
2751 1047 2827 1110 ὡς
2853 1045 3132 1117 ἀνέρχεται
3161 1041 3244 1096 διὰ
3270 1040 3369 1095 τῶν
3399 1042 3639 1095 πουλπιτῶν

2160 1143 2253 1197 ἐπὶ
2293 1143 2353 1196 τὸ
2399 1142 2654 1212 Δέκιμον,
2696 1138 2850 1212 [100]
2884 1138 3137 1210 ἔκρουσεν
3167 1132 3364 1205 αύτῷ⁸⁹
3403 1134 3427 1186 δ
3465 1149 3640 1202 προτρα-

2162 1233 2284 1296 πεὶς
2314 1231 2597 1302 σχολάριος
2625 1228 2741 1302 (98)
2769 1227 2985 1297 σπαθίῳ
3008 1224 3147 1280 κατὰ
3179 1223 3276 1292 τῆς
3310 1219 3535 1292 κεφαλῆς,
3559 1222 3639 1273 ὀνό-

2166 1342 2294 1396 ματι
2339 1323 2672 1393 Σποράκιος,
2717 1320 3041 1392 βουλόμενος
3078 1318 3156 1379 εἰς
3185 1312 3273 1367 δύο
3312 1314 3456 1367 αὐτὸν
3492 1312 3639 1379 164::-

2163 1416 2259 1468 καὶ
2302 1414 2504 1485 εὑρέθη
2538 1414 2567 1466 ό
2607 1410 2917 1481 σωθάριος
2961 1407 3055 1461 τοῦ
3080 1405 3240 1460 ἰλλοῦ
3268 1403 3372 1476 (99)
3400 1403 3553 1472 ἔγγὺς.
3580 1404 3643 1454 καὶ

2164 1504 2564 1575 προσεσχηκὼς
2587 1502 2648 1555 τὸ
2673 1502 2832 1573 ξίφος
2869 1497 3263 1570 κατερχόμενον
3290 1499 3350 1565 τῇ
3381 1493 3507 1563 δεξιᾷ
3529 1491 3643 1550 αὐτού

2164 1594 2310 1665 χειρὶ
2349 1594 2602 1659 ἐδέξατο·
2654 1594 2748 1665 κα).
2791 1589 3131 1646 κατελθοῦσα
3168 1590 3201 1659 ἡ
3232 1585 3365 1656 ἀρχὴ
3405 1583 3485 1638 τοῦ
3516 1583 3644 1651 ξίφους

2166 1663 2378 1757 είςήτὴν
2411 1684 2656 1756 κεφαλὴν
2699 1663 2871 1740 αὐτοῦ
2918 1682 3084 1753 ἔκοψε
3136 1680 3195 1734 τὸ
3235 1680 3383 1732 ὠτίον
3418 1676 3498 1730 τοῦ
3536 1674 3644 1729 crle

479 1776 729 1829 humeris
755 1775 875 1829 suis
900 1776 1161 1839 levatum,
1189 1774 1411 1828 domum
1438 1774 1823 1850 depogabant.
1880 1774 1957 1829 Im

2177 1776 2342 1831 Ἰλλού
2373 1777 2435 1829 τὸ
2460 1775 2634 1840 δεξιόν
2655 1792 2671 1809 ·
2720 1774 2819 1829 καὶ
2864 1776 3084 1843 ἐσφάγη
3127 1773 3155 1825 ό
3189 1769 3451 1841 ηολὰριος
3484 1767 3556 1819 ἐπὶ
3587 1767 3645 1817 τὴν

477 1876 631 1923 rator
683 1875 888 1931 autem,
950 1869 1034 1923 bis
1090 1867 1317 1931 auditis,
1371 1866 1581 1937 juravit
1613 1882 1676 1922 se
1724 1866 1959 1922 istarum
2001 1869 2059 1923 in

472 1957 633 2013 Illum
666 1957 995 2013 insidiarum
1042 1959 1285 2014 inscium
1318 1971 1482 2015 esse:
1513 1958 1608 2013 sed
1638 1957 1799 2013 [idem
1836 1959 1888 2014 ei
1925 1958 2059 2014 lllus

478 2051 781 2120 derogavit.
823 2046 992 2122 388
1039 2049 1249 2106 Exinde
1304 2050 1493 2119 itaque
1545 2050 1595 2105 ei
1627 2049 1902 2116 infensus,
1934 2051 2059 2107 vin-

478 2142 683 2197 dictam
717 2142 1017 2198 meditatus
1054 2150 1142 2199 est
1180 2159 1194 2197 :
1241 2142 1440 2198 melius
1462 2157 1594 2199 vero
1625 2143 1913 2214 aliquanto
1937 2160 2058 2201 sesc

476 2236 708 2300 habens,
745 2234 926 2289 sinum
956 2235 1211 2305 trajecit,
1256 2232 1476 2290 facinus
1524 2235 1751 2306 aliquod
1804 2238 2054 2307 patrandi

477 2327 682 2380 animo.
723 2328 799 2379 Ad
836 2335 1145 2382 extremum
1190 2342 1322 2381 vero
1354 2342 1476 2380 cum
1513 2326 1725 2399 integer
1770 2338 1953 2394 esset,
2003 2337 2058 2386 et

477 2418 682 2470 vulnus
707 2416 818 2485 jam
851 2418 1113 2471 cicatrice
1129 2417 1427 2471 obductum
1461 2425 1631 2482 esset,
1668 2418 2055 2489 imperatorem

477 2507 634 2573 adiit,
694 2508 749 2561 in
802 2505 1084 2563 Orientem
1118 2507 1186 2563 ad
1218 2515 1438 2577 tempus
1488 2508 1710 2578 aliquod
1765 2511 2056 2566 secedendi

476 2599 759 2653 licentiam
780 2600 1109 2670 impetrans,
1130 2614 1328 2668 nempe
1344 2599 1417 2654 ob
1440 2600 1615 2665 acris,
1637 2608 1696 2655 ut
1720 2602 1838 2670 ipse
1862 2619 1976 2673 pra:
1997 2620 2057 2661 se

456 2688 709 2753 'Iercbat,
745 2691 1109 2747 mutationem
1147 2709 1163 2745 :
1196 2691 1439 2745 nondum
1463 2691 1633 2757 enim,
1653 2693 1817 2760 dixit,
1840 2697 1977 2750 satis
1999 2711 2060 2752 se

478 2793 507 2829 a
538 2778 763 2834 vulnere
794 2781 1116 2836 revaluisse.
1158 2780 1463 2857 Imperator
1496 2791 1703 2847 autem,
1755 2788 1898 2840 votis
1958 2802 2058 2842 an-

477 2882 679 2931 nuens,
712 2869 960 2940 magistri
988 2884 1114 2924 eum
1133 2884 1362 2925 munere
1396 2870 1673 2933 liberavit,
1707 2872 2058 2946 militumque

482 2964 537 3017 in
568 2961 797 3017 Oriente
826 2962 1150 3031 magistrum
1178 2962 1498 3029 constituit,
1528 2971 1793 3032 potestate
1825 2967 1873 3021 ei
1904 2970 2055 3023 omni

480 3065 767 3107 concessa.
799 3050 1075 3106 Praeterea
1122 3066 1343 3124 quoque
1375 3052 1509 3109 lllus
1538 3053 1831 3110 Leontium
1880 3059 2059 3127 patri-

480 3145 627 3199 cium
647 3143 892 3198 Paulinae
914 3144 1085 3197 lilium
1108 3144 1225 3198 dari
1250 3145 1359 3200 sibi
1388 3145 1647 3201 comitem
1663 3148 1841 3216 petiit;
1864 3163 2061 3220 nempe

480 3235 570 3287 cui
604 3230 862 3288 Verinam
890 3233 1222 3305 Augustam,
1257 3234 1515 3290 Ariadnae
1545 3236 1919 3313 imperatricis
1947 3255 2065 3292 ma-

481 3334 663 3390 trem,
726 3324 975 3379 traderet
1035 3325 1585 3397 Constantinopolim
1653 3329 2059 3399 deducendam,

484 3412 627 3479 Qnin
663 3421 717 3468 et
751 3415 817 3468 ab
842 3415 1174 3483 imperatore
1197 3416 1362 3471 etiam
1392 3417 1672 3473 licentiam
1707 3420 1922 3489 petivit,
1977 3423 2066 3476 iti-

483 3504 634 3559 neris
658 3505 889 3559 comites
914 3506 1075 3570 alios.
1111 3522 1251 3577 quos
1273 3507 1393 3577 ipse
1425 3508 1623 3575 voluit,
1653 3525 1716 3564 ex
1745 3520 1939 3566 senatu
1966 3512 2066 3567 de-

484 3594 722 3665 legendi.
766 3595 883 3649 lIoc
917 3596 1083 3650 etiam
1129 3596 1181 3651 ei
1230 3599 1513 3654 concessit
1551 3600 1875 3669 imperator.
1932 3600 2065 3659 lllus

484 3688 691 3758 itaque,
725 3690 1002 3759 adjunctis
1034 3690 1141 3746 sibi
1175 3690 1411 3747 Leontio
1443 3693 1676 3762 patricio
1724 3695 1959 3765 aliisque
1998 3712 2065 3751 ex

483 3782 857 3847 senatoribus,
885 3782 1237 3837 Antiochiam
1262 3784 1509 3852 Magnam
1530 3787 1811 3841 contendit
1841 3804 1855 3839 :
1882 3787 1970 3842 ubi
1997 3786 2066 3841 ad

485 3881 700 3943 tempus
753 3874 1013 3943 exiguum
1061 3886 1479 3940 commoratus,
1524 3876 1809 3945 multaque
1847 3878 2067 3933 civibus

484 3965 740 4034 largitus.
773 3964 903 4019 inde
930 3965 987 4018 in
1022 3964 1287 4018 Isauriam
1326 3965 1480 4020 ducit
1506 3967 1631 4022 iter.
1666 3967 1767 4022 Ubi
1801 3967 2064 4023 Verinam

486 4055 790 4125 Augustam
815 4070 882 4108 ex
921 4065 1108 4109 castro
1149 4055 1414 4118 educens,
1452 4057 1641 4110 statim
1675 4057 1782 4112 hoc
1824 4058 1872 4112 ei
1899 4074 2066 4129 nego-

485 4144 622 4198 tium
640 4143 815 4206 dedit,
859 4145 935 4197 uti
974 4143 1264 4198 Leontium
1300 4146 1591 4214 patricium
1626 4147 1812 4217 (quem
1839 4149 1905 4203 ad
1937 4149 2062 4211 hoc,

487 4245 672 4307 utpote
697 4235 873 4290 virum
908 4236 1167 4303 liberum,
1214 4236 1541 4309 adduxerat)
1572 4238 1891 4296 diademate
1930 4240 2066 4296 insi-

487 4330 687 4398 gnirct.
720 4327 880 4393 Quod
910 4337 965 4383 et
1013 4327 1219 4381 factum
1248 4336 1355 4389 est,
1390 4328 1455 4382 ad
1480 4329 1743 4399 templum
1782 4329 1846 4383 D.
1892 4330 2062 4397 Petri,

2165 1867 2427 1922 τόπον.⁹0
2477 1866 2534 1919 δὲ
2553 1865 2758 1929 Ἰλλοῦς
2805 1863 3126 1934 κουφισθεὶς
3152 1863 3255 1917 ὑπὸ
3292 1862 3392 1914 τῶν
3426 1860 3646 1930 ἀνθρώπων

2166 1957 2331 2012 αὑτοῦ
2376 1956 2659 2027 ἀπηνέχθη
2690 1957 2771 2021 είς
2799 1956 2898 2010 τὸν
2929 1957 3060 2011 ῐδιον
3090 1951 3252 2007 αὑτοῦ
3280 1948 3415 2005 οἶκον
3459 1947 3646 2020 βαπαζόο

2170 2068 2350 2123 μενος.
2368 2050 2428 2103 '0
2448 2050 2505 2103 δὲ
2526 2051 2712 2120 Ζήνων
2735 2047 2979 2112 ἀκούσας
3004 2046 3319 2117 ἐπωμόσατο
3335 2044 3485 2111 λέγων
3503 2041 3648 2108 ἀγνοεῖν

2166 2142 2264 2213 τὴν
2310 2142 2450 2195 κατὰ
2472 2138 2673 2194 Ίλλοῦν
2692 2140 2739 2173 ⁸⁸
2773 2138 3153 2209 κατασκευὴν,
3185 2134 3275 2190 καὶ⁹
3317 2134 3409 2186 ούκ
3444 2128 3647 2197 ἐπείσθηὸ

2178 2232 2409 2297 Ἰλλοῦς.
2451 2232 2590 2287 ἀλλά
2638 2231 2780 2303 ἔχων
2826 2232 2931 2301 τὴν
2979 2231 3157 2301 λύπην
3208 2224 3554 2298 περιωόεύεεςο⁸
3590 2222 3647 2273 καὶ

2164 2324 2446 2379 κάλλιον¹¹
2502 2323 2752 2396 ἐσχηκὼς
2799 2322 3020 2392 ἀπῆλθε
3063 2321 3274 2393 πέραν,
3322 2314 3586 2388 βουλόμενός
3610 2327 3646 2361 τι

2166 2418 2407 2488 πρᾶξαι*
2458 2419 2539 2482 είς
2584 2417 2791 2470 τέλειον
2833 2417 2893 2470 δὲ
2942 2415 3173 2485 ὑγιάνας
3223 2411 3423 2483 ἔμεινεν
3464 2408 3568 2483 έχων
3586 2403 3646 2471 τῆς

2166 2507 2384 2577 πληγῆς
2410 2507 2509 2579 τὴν
2535 2506 2783 2577 ὠτειλήν.
2815 2507 2930 2560 Καὶ
2956 2503 3214 2559 εἰσελθὼν
3242 2501 3369 2572 πρὸς
3394 2499 3472 2552 τὸν
3500 2492 3643 2567 βασιλέι

2168 2599 2397 2670 Ζήνωνα
2416 2599 2625 2670 ᾔτησεν
2657 2597 2820 2651 αὐτὸν
2850 2599 2947 2650 ἐπὶ
2977 2597 3079 2668 τὴν
3102 2592 3380 2663 Ἀνατολὴν
3401 2587 3644 2655 ἀπολυθῆναι

2166 2690 2302 2757 πρὸς
2336 2692 2516 2759 ὀλίγον
2543 2691 2734 2763 χρόνον
2762 2690 2849 2743 διὰ
2882 2690 2947 2743 τὸ
2982 2690 3111 2751 τοὺς
3145 2688 3329 2758 ἀέρας,
3358 2682 3517 2754 φησιν,
3541 2678 3646 2732 ἀλλὰ·

2168 2782 2277 2848 ξαι,
2308 2783 2499 2854 ἐπειδὴ
2526 2782 2746 2853 ἠσθένει
2778 2782 2887 2835 ἀπὸ
2919 2783 3023 2852 τῆς
3054 2779 3361 2850 πληγῆς.⁰υ
3393 2775 3443 2828 δὲ
3477 2769 3647 2843 βασιλεπ

2167 2874 2351 2943 Ζήνων
2397 2872 2641 2935 πεισθεὶς
2684 2872 2961 2938 διεδέξατο
2997 2872 3164 2926 αὑτὸν
3211 2872 3277 2923 ὲκ
3319 2868 3410 2936 τῆς
3438 2858 3647 2935 ἀρχῆςτθὸ

2171 2965 2475 3036 μαγίστρου
2507 2966 2599 3018 καὶ
2629 2964 2886 3035 ἐποίησεν
2932 2964 3100 3017 αὑτὸν
3139 2959 3486 3032 στρατηλάτην
3501 2956 3649 3009 ’Δνατο-

2168 3056 2289 3126 λῆς,
2325 3057 2446 3120 δοὺς
2477 3057 2627 3127 αύτῷ
2662 3058 2842 3110 πᾶσαν
2888 3056 3170 3120 ἐξουσίαν.
3208 3054 3315 3109 Καὶ
3350 3050 3489 3111 αὐτὸς
3517 3042 3649 3099 6H1-

2164 3144 2289 3208 λοῢς
2317 3145 2521 3215 ᾔτησεν
2559 3145 2723 3199 αὐτὸν
2763 3144 2952 3199 λαϐεῖν
3002 3144 3125 3215 μεθ’
3148 3141 3338 3197 ἑαυτοῦ
3386 3138 3502 3207 πρὸς
3542 3134 3649 3199 θερί·

2163 3236 2323 3289 πείαν
2356 3236 2506 3308 [101]
2552 3238 2651 3306 τῆς
2681 3236 3007 3305 Αύγούστας
3044 3237 3138 3290 τὸν
3178 3235 3447 3306 πατρίκιον
3484 3227 3650 3282 Λεόντιον

2162 3328 2256 3381 τὸν
2285 3328 2577 3398 Παυλίνης,
2610 3331 2690 3393 είς
2721 3329 2784 3381 τδ
2811 3327 3001 3382 δοῦναι
3030 3329 3183 3397 αύτῷ
3210 3330 3306 3398 τὴν
3331 3326 3564 3379 δέσποιναν
3583 3317 3650 3381 Βη-

2166 3424 2318 3493 ρῖναν
2366 3421 2463 3492 τὴν
2514 3422 2727 3493 μητέρα
2770 3420 2872 3492 τῆς
2921 3421 3247 3491 βασιλίσσης
3288 3417 3562 3489 Ἀριάδνης,
3597 3409 3653 3459 ἵνα

2165 3511 2417 3583 ἁναγὰγῃ
2447 3511 2619 3581 αὐτὴν
2648 3513 2705 3564 ὲν
2734 3508 3523 3586 Κωνσταντινουπόλει.ᾜτησε
3543 3495 3653 3552 δὲτδν

2166 3603 2390 3673 βασιλέα
2417 3607 2445 3657 ό
2480 3604 2642 3666 αὐτὸς
2667 3602 2868 3666 Ἰλλοῦς
2894 3603 3089 3658 λαϐεῖν
3116 3604 3211 3657 καὶ
3239 3601 3419 3662 ἄλλους
3442 3592 3653 3663 curati"

2164 3695 2294 3756 κοὺς
2330 3694 2465 3763 πρὸς
2496 3693 2633 3748 ίδίαν
2668 3695 2941 3766 ὑπόληψιν
2962 3711 2976 3725 ⁶
3012 3697 3108 3750 καὶ
3137 3695 3400 3765 παρέσχεν
3430 3685 3564 3752 αὐτῷ.
3584 3678 3654 3733 Καὶ

2164 3784 2433 3854 κατῆλθεν
2467 3788 2495 3838 ὁ
2529 3786 2819 3858 πατρίκιος
2841 3786 3046 3851 ἰλλοῦς
3075 3788 3174 3858 (I),
3207 3783 3377 3838 λαϐὼν
3410 3777 3508 3851 μεθ’
3523 3766 3654 3827 ἑαυτοῦ

2162 3877 2255 3930 τὸν
2302 3878 2590 3949 πατρίκιον
2641 3879 2895 3932 Λεόντιον
2937 3881 3035 3932 καὶ
3077 3881 3208 3942 τοὺς
3240 3877 3418 3937 ἄλλους
3445 3867 3655 3935 συγκλητε·

2164 3968 2327 4032 κούςο
2359 3969 2456 4023 καὶ
2487 3970 2754 4039 κατῆλθεν
2787 3972 2845 4023 ὲν
2865 3970 3177 4042 Ἀντιοχείᾳ
3200 3973 3261 4039 τῇ
3291 3962 3519 4034 Μεγάλῃ.

2166 4074 2264 4121 σας
2295 4056 2472 4125 ὀλίγον
2505 4059 2716 4129 χρόνον,
2753 4038 3121 4131 χαρισάμενος
3151 4038 3347 4119 -αύτοῖς
3382 4047 3566 4107 milia"

2164 4147 2328 4218 ἦλθεν
2364 4149 2459 4201 ἐπὶ
2500 4150 2601 4219 τὴν
2636 4150 2916 4221 ’Ῐσαυρίαν
2940 4129 2971 4182 ’ἡ
2996 4152 3095 4205 καὶ
3148 4143 3460 4215 καταγαγὼν
3498 4137 3573 4208 τὴν
3604 4129 3655 4183 δί’

2167 4255 2395 4291 σποιναν
2424 4238 2661 4309 Βηρῖναν
2687 4241 2798 4294 ἀπὸ
2824 4240 2920 4293 τοῦ
2948 4240 3274 4294 καστελλίου
3302 4235 3525 4304 ἐποίησεν
3543 4222 3654 4286 αὐτὴν

2168 4328 2361 4399 στέψαι
2385 4330 2611 4400 βασιλέα
2640 4332 2720 4395 είς
2734 4331 2830 4385 τὸν
2849 4332 3041 4400 Ἀγιον
3062 4331 3271 4402 Πέτρον
3299 4329 3395 4393 ἔξω
3417 4324 3500 4394 τῆς
3515 4316 3656 4371 πόλεως

488 4427 642 4471 extra
678 4415 912 4472 Tarsum
942 4416 1149 4471 Cilicim
1184 4418 1376 4472 situm.
1400 4416 1547 4483 Quin
1580 4426 1635 4471 et
1682 4415 1911 4485 Verina,
1942 4435 1973 4475 e

2170 4421 2388 4491 Ταρσοῦ
2413 4422 2511 4492 τῆς
2534 4422 2791 4487 Κιλικίας
2820 4423 2910 4477 τὸν
2941 4424 3236 4495 πατρίκιον
3265 4421 3503 4507 Λεόντιον,
3526 4407 3653 4507 rei?“

488 4510 596 4564 ctis
629 4509 999 4580 imperatoriis
1046 4508 1335 4579 sacrisque
1390 4508 1593 4578 ubique
1628 4523 1725 4578 per
1768 4509 2061 4579 imperium

487 4601 728 4665 emissis,
752 4615 780 4654 a
799 4598 1075 4669 praefectis
1093 4600 1346 4670 undique
1363 4608 1419 4654 et
1434 4599 1717 4669 militibus
1743 4600 2064 4669 postulavit,

489 4693 571 4746 uti
604 4692 741 4746 nihil
766 4692 935 4763 389
966 4693 1308 4758 obnitentes,
1344 4690 1634 4745 Leontium
1675 4693 2066 4763 imperatorem

491 4798 651 4837 suum
680 4790 1063 4853 agnoscerent.
1094 4783 1200 4839 Sed
1228 4792 1283 4839 et
1309 4798 1522 4839 sacram
1557 4780 1724 4839 etiam
1749 4784 2064 4856 quamdam,

2175 4514 2339 4567 αὐτὸν
2369 4515 2690 4585 στεφθῆναι,
2719 4515 2850 4569 ὅντα
2878 4494 3068 4587 ἄνδρα
3091 4513 3393 4583 ἐλεύθερον.
3415 4506 3507 4561 Καὶ
3528 4494 3654 4587 imbi-

2176 4622 2267 4659 σεν
2293 4608 2326 4676 ἡ
2354 4606 2493 4678 αύτὴ
2522 4583 2729 4678 Βηρῖνα
2774 4606 2928 4670 θείας
2971 4583 3255 4669 κελεύσεις
3296 4601 3426 4657 κατά
3452 4595 3571 4650 πόλιν
3595 4583 3657 4689 κξῖ

2178 4698 2391 4769 σάκρας
2420 4698 2558 4769 πρὸς
2584 4698 2712 4762 τοὺς
2741 4699 3008 4769 ἄρχοντας
3035 4699 3132 4752 καὶ
3176 4696 3307 4766 πρὸς
3328 4692 3440 4754 τοὺς
3466 4694 3657 4753 “pale

2176 4807 2275 4853 τας
2300 4790 2442 4844 ὥστε
2471 4790 2729 4856 δέξασθαι
2753 4791 2917 4846 αὑτὸν
2949 4792 3045 4845 καὶ
3078 4790 3156 4862 μὴ
3188 4777 3538 4851 ἐναντιωθῆναί
3559 4783 3654 4827 τινα»

1895 4961 2131 5017 νΛΙζΙΑε]
2175 4961 2577 5019 LECTIONES.

563 5056 608 5089 "
638 5053 807 5127 αύτῷ.
843 5056 1006 5127 αὐτὸν
1030 5056 1135 5112 Ch.
1231 5058 1278 5090 ⁸ο
1313 5058 1539 5112 ’ῐλλοῦν.
1566 5057 1723 5114 Fort.
1759 5059 1952 5114 ³1λλοῦ.

493 5127 686 5183 πολλά.
723 5146 741 5180 ι
781 5128 878 5181 καὶ
900 5126 985 5183 vel
1010 5128 1067 5180 δὲ
1096 5127 1299 5183 alicubi
1332 5129 1637 5184 desiderari
1665 5131 1907 5185 videtur.
1948 5148 1967 5182 ι

2062 5062 2104 5092 ⁸¹
2130 5061 2351 5116 κάλλιον
2378 5061 2504 5124 Cli.,
2551 5061 2789 5115 καλλίων
2820 5062 2924 5116 0x.

3039 5061 3087 5093 ss
3143 5058 3484 5131 χαρισάμενος
3530 5037 3655 5098 αὐτοῖς

1722 5267 1831 5323 ΕΙ).
1874 5266 2258 5323 CIIILMEADI
2302 5266 2515 5323 NOTAE
2530 5308 2543 5323 .

564 5367 1037 5439 (98)Ῐ⁹Εκρουσεν
1075 5362 1225 5439 αύτῷ
1278 5366 1307 5418 ό
1365 5367 1715 5439 προτραπεὶς
1763 5368 2068 5438 σχολάριος.

497 5436 624 5505 ch.
656 5436 843 5492 αύτόνζ
880 5436 1188 5492 Scholarios
1228 5450 1379 5498 vero,
1416 5436 1532 5491 sive
1569 5436 1836 5491 scholarés
1893 5439 2072 5493 dictos

500 5509 671 5562 fuisse
694 5508 925 5561 militum
950 5507 1263 5578 manipulos
1290 5505 1580 5576 quosdam,
1606 5510 1670 5561 ad
1723 5508 2072 5577 imperatoris

498 5585 553 5628 et
583 5578 766 5643 palatii
805 5577 1117 5632 custodiam
1155 5579 1483 5644 destinatos,
1523 5594 1628 5633 non
1667 5587 1772 5637 est,
1809 5586 1932 5647 post
1959 5587 2069 5631 tam

501 5647 1014 5707 multartictorum
1046 5648 1292 5703 virorum
1326 5650 1391 5703 de
1417 5650 1517 5704 hac
1554 5665 1610 5703 re
1635 5651 2070 5709 observationes,

503 5715 647 5785 quod
681 5729 779 5783 ego
810 5716 898 5771 hic
927 5732 1228 5772 monerem.

2247 5366 2362 5448 (99)
2407 5366 2466 5448 ’ρ
2498 5365 2803 5448 σπαθάριος
2822 5365 2919 5448 τοῦ
2963 5365 3147 5448 iiii/:05.
3175 5363 3378 5448 2115191,.
3400 5364 3449 5448 ρι

2175 5413 2388 5509 spatiari,
2424 5439 2548 5509 sive
2594 5413 2735 5491 ensis
2779 5413 2865 5491 cst
2900 5456 2911 5489 :
2971 5437 3095 5491 inde
3132 5413 3442 5509 anaOdpiot‘.
3488 5413 3648 5509 0}"?ij

2176 5494 2389 5578 {atelles
2432 5522 2448 5559 :
2498 5507 2705 5578 ubique
2754 5509 3000 5561 occurrit
3050 5508 3192 5578 apud
3248 5494 3538 5557 recentiores
3574 5494 3649 5534 tum

2176 5575 2417 5639 Graecos,
2451 5586 2564 5630 tum
2603 5577 2850 5631 Latinos.

2248 5649 2323 5713 (l)
2365 5649 2473 5718 Kal
2517 5646 2789 5717 κατῆλθεν
2838 5651 2865 5699 ό
2900 5647 3184 5718 πατρίκιος

2179 5718 2269 5768 καὶ
2300 5717 2565 5786 ἀπῆλθεν.

3235 5639 3430 5702 Ίλλοῦς.
3480 5629 3517 5685 Μ
3525 5625 3648 5680 .ι11ι’111,
