3760 6202
196 324 286 389 597
1179 320 1860 387 CHRONOGRAPHIA.
1891 351 1962 363 --
1999 325 2148 386 LIB.
2179 324 2341 387 XVI.

3284 332 3387 399 598

198 433 651 505 χιι⁴ιάπέρχεται,ἢ
686 432 847 502 μόνον
886 433 1124 505 πέμψεις
1149 439 1272 491 κατ’
1319 441 1486 495 αὐτοῦ
1541 460 1683 504 τινας

1916 445 2047 501 ienti
2082 449 2323 515 astabat,
2347 448 2425 503 ttti
2458 448 2576 518 ipse
2598 446 2956 513 Vitalianum,
2990 450 3082 520 qui
3109 466 3141 507 e
3168 451 3394 522 regione

198 534 286 588 Καὶ
304 529 483 591 εὐθέως
501 528 531 579 6
558 525 810 597 βασιλεὺς
848 527 1200 592 ’Δναστάσιος
1230 525 1352 585 εἷπε
1378 534 1611 604 Μαρίνῳ
1637 535 1716 604 τῷ

194 622 319 689 Σύρῳ
338 617 406 687 τῷ
440 615 548 670 ἀπὸ
579 616 855 686 ἐπάρχων,
903 618 1099 671 ἑστῶτι
1148 618 1379 688 πλησίον
1424 623 1510 675 ὅτε
1545 623 1718 676 διελέ-

189 730 292 783 γετο
314 715 340 765 6
388 709 634 779 βασιλεὺς
665 710 741 779 τῷ
783 710 1063 783 φιλοσόφῳ
1092 714 1341 786 Πρόκλῳ,
1391 717 1718 773 ὁπλίσασθαι

185 808 302 860 κατὰ
326 804 414 858 τοῦ
440 802 603 858 αὐτοῦ
644 802 986 867 Βιταλιανοῦ,
1013 804 1128 859 ὃντι
1171 808 1252 870 είς
1276 807 1337 861 τὸ
1366 808 1536 881 πέραν
1568 813 1719 864 Κων-

183 894 656 959 σταντινουπόλεως.
717 896 831 948 Καὶ
896 896 1046 965 λέγει
1106 898 1346 968 Πρόκλος
1405 902 1433 953 6
1504 902 1720 970 φιλόσοο

182 1006 260 1059 eo;
280 986 415 1060 [121]
438 986 747 1058 ἔμπροσθεν
774 986 869 1041 τοῦ
896 988 1160 1058 βασιλέως
1187 991 1418 1061 Μαρίνῳ
1438 992 1516 1063 τῷ
1537 993 1717 1064 Σύρῳ.

185 1085 237 1136 ὐ
254 1081 426 1150 δίδωμί
452 1098 533 1133 σοι
556 1080 711 1143 λάϐε,
736 1083 832 1134 καὶ
860 1081 1044 1149 ἔξελθε
1072 1082 1216 1136 κατὰ
1240 1083 1332 1137 τοῦ
1363 1084 1528 1139 αὐτοῦ
1556 1087 1718 1142 Bisa-

179 1172 349 1227 λιανοῦ.
376 1172 483 1226 Καὶ
510 1172 804 1226 ἐκέλευσεν
828 1174 858 1227 6
898 1172 1062 1237 αὐτὸς
1090 1174 1385 1244 φιλόσοφος
1430 1177 1719 1247 ἐνεχθῆναι

179 1265 227 1320 τὺ
262 1264 534 1334 λεγόμενον
594 1264 739 1318 θεῖον
779 1264 992 1336 ἄπυρον
1039 1265 1200 1331 πολὺ,
1249 1267 1420 1322 εἰπὼν
1462 1267 1719 1342 τριϐῆναι

179 1356 288 1414 αὐτὸ
323 1356 392 1418 ὡς
439 1357 521 1419 είς
564 1358 748 1426 μῖγμα
785 1356 1003 1421 λεπτὸν,
1056 1358 1153 1413 καὶ
1197 1358 1399 1414 δέδωκε
1449 1361 1527 1432 τῷ
1570 1362 1719 1433 αὐτῷ

177 1442 384 1513 Μαρίνψ,
417 1441 659 1514 είρηκὼς
688 1443 862 1516 αὐτῷ,
895 1446 979 1500 ὅτι
1025 1446 1203 1500 Ὅπου
1250 1447 1428 1519 ρίψέις
1466 1449 1528 1516 ἑξ
1555 1450 1718 1505 αὑτοῦ

180 1535 266 1586 εἴτε
293 1534 362 1596 είς
393 1531 541 1587 οἷκον
566 1533 677 1588 εἴτε
710 1535 769 1590 ὲν
795 1535 990 1608 πλοίῳ,
1031 1538 1174 1608 μετὰ
1216 1539 1276 1593 τὸ
1319 1540 1596 1597 ἀνατεῖλαι
1627 1540 1719 1595 τὸν

178 1623 319 1695 ἥλιον,
350 1625 553 1689 εὐθέως
586 1626 821 1681 ἅπτεται
855 1629 884 1680 6
912 1623 1063 1692 οἶκος
1089 1630 1125 1699 ἢ
1174 1629 1235 1683 τὸ
1264 1629 1448 1685 πλοῖον
1495 1634 1589 1687 καὶ
1613 1614 1719 1687 ύπδ

183 1717 318 1785 πυρὸς
346 1717 716 1773 ἀναλίσκεται.
759 1717 815 1772 ’0
849 1719 908 1774 δὲ
948 1721 1193 1792 Μαρῖνος
1237 1724 1581 1794 παρεκάλεσε
1627 1724 1719 1780 τὸν

183 1808 365 1877 βασιλέα
416 1811 499 1865 ἵνα
557 1813 657 1863 ἕνα
712 1812 820 1866 τῶν
868 1787 1258 1885 στρατηλατῶν
1309 1787 1475 1873 αὐτοῦ
1526 1818 1718 1891 πέμψῃ
1754 1787 1794 1845 Β

182 1901 480 1969 λαμϐάνοντα
511 1904 581 1957 τὸ
615 1904 874 1976 βοήθημα
899 1922 913 1938 ο
956 1908 1053 1960 καὶ
1085 1907 1290 1973 εὐθέως
1338 1912 1722 1980 μετεστείλατο

186 1992 441 2062 όβασιλεύς
467 1996 777 2067 Πατρίκιον
802 1998 893 2051 τὸν
930 1999 1143 2070 Φρύγα,
1173 2000 1267 2054 τὸν
1314 2003 1717 2075 στρατηλάτην,

189 2084 263 2138 καὶ
294 2085 535 2158 Ἰωάννην
563 2087 657 2140 τὸν
680 2086 1039 2159 Βαλεριανῆς,
1068 2089 1163 2142 καὶ
1188 2086 1340 2144 εἶπεν
1358 2094 1543 2156 αὐτοῖς
1569 2093 1722 2149 ὁπλί-

196 2175 341 2229 σασθαι
378 2178 523 2230 κατὰ
569 2176 670 2230 τοῦ
716 2176 885 2232 αὑτοῦ
945 2179 1267 2237 Βιταλιανοῦ
1293 2184 1374 2246 είς
1424 2184 1488 2237 τὸ
1520 2184 1714 2256 πέραν,

201 2264 510 2335 λαμϐάνοντας
577 2267 742 2322 πλοῖα
797 2270 1095 2342 δρομὼνων
1114 2274 1157 2305 ’ί
1212 2274 1308 2327 καὶ
1360 2274 1715 2346 στρατιώτας.

211 2356 291 2409 Καὶ
312 2357 468 2412 ἔτισαν
500 2361 606 2413 ἐπὶ
640 2362 768 2423 τοὺς
800 2360 965 2424 πόδας
1000 2362 1097 2416 τού
1141 2363 1426 2433 βασιλέως,
1468 2365 1720 2435 λέγοντες

206 2447 265 2502 ὅτι
285 2451 367 2503 Καὶ
393 2449 562 2506 αὐτοῦ
610 2452 707 2504 καὶ⁵
755 2452 850 2505 τοῦ
882 2454 1093 2525 πατρὸς
1141 2455 1307 2508 αύτού
1337 2458 1389 2509 οί
1435 2456 1531 2511 δύο
1555 2460 1722 2529 ἡμεῖς

198 2539 302 2607 φίλοι
325 2542 487 2613 ἥμεθα
526 2559 539 2572 ·
595 2543 690 2598 καὶ
735 2544 812 2617 μὴ
847 2546 1031 2617 συμϐῇ
1069 2564 1191 2599 τινα
1237 2549 1539 2620 ἀποτυχίαν
1563 2551 1719 2619 γενέ-

190 2630 299 2695 σθαι,
334 2634 416 2687 καὶ
443 2634 847 2705 ὑπονοηθῶμεν
877 2636 950 2700 ὠς
987 2636 1268 2707 προδόται.
1319 2638 1429 2692 Καὶ
1475 2639 1721 2708 ἀγανακ-

183 2723 317 2793 τήσας
337 2727 452 2780 κατ’
485 2726 720 2780 αύτῶνὸ
746 2726 999 2798 βασιλεὺς
1040 2728 1233 2783 ἔϐαλεν
1266 2730 1462 2794 αὐτοὺς
1492 2730 1598 2796 ἔξω
1629 2731 1719 2785 τοῦ

182 2817 423 2883 uiatico,
479 2821 580 2874 καὶ
632 2818 896 2883 κελεύσας
948 2820 1178 2891 Μαρίνῳ
1222 2820 1301 2892 τῷ
1340 2820 1498 2892 Σύρῳ
1536 2822 1721 2875 λαϐεῖν

178 2910 277 2973 τοὺς
306 2912 591 2984 δρόμωνας
622 2912 720 2965 καὶ
749 2912 811 2965 τὸ
841 2911 981 2965 θεῖον
1020 2910 1231 2982 ἄπυρον
1267 2911 1363 2965 καὶ
1399 2911 1499 2983 τὴν
1555 2929 1719 2984 στρα-

178 3007 397 3078 τιωτικὴν
432 3006 698 3078 βοήθειαν
739 3005 1135 3079 ὁπλισαμένην,
1189 3006 1282 3059 καὶ
1306 3004 1541 3070 ἐξελθεῖν
1578 3006 1720 3062 κατὰ

1820 535 2331 612 εοηειωιιίηοροιὶε
2348 556 2473 595 cum
2493 540 2670 611 copiis
2690 541 2809 596 suis
2829 541 3177 610 consederat,
3199 542 3387 599 adori-
3450 610 3467 623 ρ

1820 638 1998 685 retur.
2064 628 2296 687 Proclus
2362 642 2543 688 autem
2587 632 2950 704 philosophus
2991 632 3261 689 Marinum
3287 632 3427 707 Syr

1819 734 1965 787 rum,
2019 735 2207 776 coram
2265 722 2617 793 imperatore,
2650 722 2704 777 in
2739 724 2887 778 hunc
2925 724 3151 780 modum
3185 726 3397 781 allocu-

1820 819 1910 867 tus
1941 831 1954 866 :
1999 812 2103 877 Tu,
2137 815 2338 884 inquit,
2381 812 2717 868 Vitalianum
2753 815 3067 883 adorturus,
3092 815 3242 886 quod
3293 817 3396 873 tibi

1818 903 1982 966 dabo.
2016 906 2178 960 modo
2202 921 2391 961 sumas
2419 905 2604 960 velim.
2630 903 2803 961 Jussit
2822 906 3009 976 itaque
3037 908 3395 979 philosophus

1821 994 2013 1064 ingens
2040 994 2149 1049 vivi
2184 995 2468 1065 sulphuris
2490 993 2709 1065 pondus
2738 994 2934 1050 adduci
2959 1013 2974 1063 ;
3003 997 3147 1066 quod
3184 998 3240 1051 in
3262 1012 3395 1067 par-

1820 1092 1904 1140 tes
1963 1084 2362 1141 minutissimas
2416 1086 2742 1151 contritum,
2788 1084 3003 1139 Marino
3021 1084 3177 1141 dedit
3206 1104 3221 1140 :
3255 1085 3397 1150 Hoc,

1822 1178 2094 1248 inquiens,
2152 1178 2588 1249 quibuscunque
2622 1188 2679 1233 tu
2710 1179 2869 1233 tectis
2909 1187 3003 1233 aut
3041 1179 3275 1249 navigiis
3301 1194 3397 1234 su-

1772 1300 1776 1304 ~
1820 1269 2213 1339 perinjeceris,
2269 1285 2331 1327 ea
2385 1273 2573 1326 statim
2632 1270 2702 1325 ab
2745 1277 2941 1325 exortu
2980 1270 3115 1325 solis
3161 1284 3393 1326 accensa

1820 1364 2163 1432 conﬂagraoe
2222 1363 2458 1427 videbis,
2510 1362 2760 1432 adeoque
2788 1361 2857 1415 ab
2896 1361 3116 1433 ignibus
3151 1361 3395 1417 absumi.

1821 1453 1929 1508 Sed
1963 1453 2208 1509 Marinus
2257 1468 2478 1524 quoque
2501 1455 2887 1524 imperatorem
2937 1453 3258 1509 adhortatus
3287 1460 3395 1515 est,

1820 1547 1900 1601 uti
1950 1547 2188 1615 aliquem
2239 1561 2305 1601 ex
2351 1545 2638 1617 magistris
2696 1545 2960 1610 militum,
2991 1553 3202 1602 armata
3232 1544 3405 1617 404

1820 1652 1987 1692 manu
2018 1639 2378 1702 instructum,
2421 1635 2551 1692 belli
2602 1637 2817 1692 socium
2848 1638 2952 1693 sibi
2978 1638 3155 1693 daret.
3194 1638 3396 1693 Accer-

1820 1729 1943 1783 sitis
1973 1730 2159 1799 itaque
2189 1728 2431 1783 Patricio
2473 1726 2709 1799 Phryge,
2758 1727 2995 1781 militum
3028 1728 3310 1798 magistro,
3341 1739 3397 1781 et

1822 1817 2053 1886 Joanne,
2086 1818 2394 1874 Valeriane
2432 1818 2566 1884 lilio,
2600 1817 2769 1874 edixit
2807 1816 2922 1873 illis
2960 1818 3279 1886 imperator,
3314 1820 3397 1873 uti

1821 1925 1949 1965 cum
1990 1911 2223 1965 militum
2256 1918 2312 1964 et
2340 1909 2686 1978 navigiorum
2731 1915 2997 1978 apparatu
3029 1907 3399 1974 trajicieutes,

1821 2002 2162 2058 Vitalianum
2220 2002 2604 2058 adorirentur.
2650 2000 2731 2055 Ad
2773 2001 2937 2070 pedes
2970 2000 3155 2070 itaque
3182 2000 3304 2069 ejus
3339 2002 3396 2055 bi

1820 2092 2174 2163 procidentes
2201 2110 2215 2146 :
2247 2091 2381 2156 Nos,
2435 2090 2716 2160 inquiunt,
2753 2090 2836 2145 tui
2887 2090 3064 2159 ipsius
3107 2089 3397 2159 patrisque

1820 2184 1902 2240 tui
1953 2182 2275 2240 amicissimi
2311 2197 2535 2252 semper
2563 2180 2773 2236 titinius
2801 2199 2813 2234 :
2842 2179 3136 2254 [veremur
3169 2176 3396 2251 autem}

1820 2293 1912 2345 ne,
1934 2276 1982 2332 si
2016 2277 2147 2347 quid
2172 2275 2358 2331 secius
2382 2272 2674 2339 acciderit,
2708 2288 2813 2329 nos
2844 2272 3178 2344 proditionis
3200 2283 3394 2343 postu-

1820 2369 2017 2425 Iemur.
2073 2367 2185 2424 Sed
2247 2366 2542 2422 movebant
2604 2365 2721 2420 haec
2793 2364 3109 2434 imperatori
3184 2373 3397 2419 stoma-

1819 2465 1986 2518 chum
2015 2479 2031 2515 :
2066 2461 2251 2532 itaque
2288 2458 2503 2516 duobus
2533 2458 2647 2516 illis
2679 2474 2745 2514 ex
2789 2458 2995 2529 palatio
3024 2456 3241 2527 ejectis,
3276 2454 3393 2508 Ma-

1821 2556 1945 2609 rino
1976 2555 2114 2626 Syro
2165 2552 2447 2623 negotium
2522 2550 2717 2616 dedit,
2774 2550 2854 2604 uti
2924 2547 3291 2604 dromonibus
3339 2554 3396 2602 et

1820 2657 2034 2700 armata
2082 2659 2248 2709 manu
2304 2644 2580 2714 acceptis,
2633 2649 2688 2696 et
2739 2648 3025 2710 assumpto
3058 2652 3245 2694 secum
3269 2638 3403 2693 vivo

1821 2736 2107 2806 sulphure,
2143 2735 2476 2790 Vitalianum
2507 2734 2626 2802 ipse
2645 2731 3061 2802 aggrederetur.
3080 2726 3401 2784 Vitalianus

1821 2835 2003 2883 autem
2045 2827 2140 2882 ubi
2194 2826 2449 2882 audierat
2496 2823 2765 2881 Marinum
2793 2861 2809 2885 ,
2849 2821 3027 2893 copiis
3053 2821 3274 2890 magnis
3310 2820 3400 2875 in-

1822 2929 2122 2984 structum,
2153 2920 2256 2975 sibi
2287 2918 2580 2975 imminere
2602 2915 3019 2980 adversarium;
3049 2913 3397 2985 navigiorum

1821 3011 2192 3081 quodcunque
2222 3010 2401 3081 potuit
2422 3007 2660 3064 corrasit
2693 3024 2706 3062 :
2738 3006 2946 3076 quibus
2963 3004 3212 3061 Gotlticis
3241 3003 3397 3059 Hun-

175 3096 249 3151 τσῦ
282 3099 438 3154 αὐτοῦ
482 3097 828 3153 Βιταλιανού.
890 3096 1157 3161 Ἀκούσας
1195 3096 1251 3150 δὲ
1296 3097 1660 3163 Βιταλιανδςὸ

1911 3103 2075 3172 isque
2112 3103 2289 3172 copiis
2332 3100 2578 3164 onustis,
2619 3095 3162 3166 Constantinopolim
3217 3094 3396 3164 ipsam

175 3192 288 3258 ptri
339 3190 543 3259 πολλῆς
602 3188 855 3261 βοηθείας
899 3188 1186 3260 ἐξέρχεται
1229 3192 1258 3244 6
1307 3191 1550 3261 Μαρῖνος
1598 3191 1720 3244 κατ’

172 3282 333 3345 αὑτοῦ,
359 3283 460 3337 ὅσα
493 3277 620 3353 εὗρε
650 3282 812 3336 πλοῖα
841 3281 1115 3353 ἐκράτησε
1144 3283 1237 3335 καὶ
1266 3282 1550 3354 ὲγόμωσεν
1583 3285 1724 3339 αὐτὰ

171 3373 408 3446 οὖννικὴν
463 3374 563 3428 καὶ
616 3373 881 3442 Γοτθικὴν
929 3375 1087 3444 χεῖρα
1138 3372 1290 3445 [1‘22]
1323 3375 1719 3446 ὡπλισμένους.

173 3465 261 3519 Καὶ
281 3466 539 3537 ὥρμησεν
566 3464 830 3519 εἰσελθεῖν
854 3468 933 3529 είς
963 3466 1561 3531 Κωνσταντινούπολιν,
1592 3467 1724 3540 θαρο

172 3556 273 3625 AM
288 3557 366 3611 ὅτι
419 3558 644 3621 πάντως
694 3557 863 3628 αὐτὴν
905 3556 1195 3627 λαμϐάνει,
1244 3558 1338 3610 καὶ
1383 3559 1627 3626 Μαρῖνον
1666 3559 1724 3613 δὲ

168 3648 472 3703 ἀπαντῶντα
498 3647 784 3702 ἀναλίσκει
819 3646 937 3719 μεθ’
980 3644 1050 3721 ἧς
1084 3650 1197 3721 ἔχει
1245 3647 1520 3719 βοηθείας.
1579 3649 1637 3702 '0
1662 3649 1723 3708 δὲ

167 3736 386 3807 Μαρῖνος
433 3738 735 3810 ὲρρόγευσε
762 3739 808 3770 ”
853 3737 913 3792 τὸ
953 3720 1104 3792 θεῖον
1153 3738 1384 3809 ἄπυρον,
1433 3737 1464 3791 6
1522 3738 1723 3793 ἔδωκεν

168 3827 297 3897 αὐτῷ
333 3831 362 3882 6
393 3829 709 3898 φιλόσοφος,
744 3831 825 3892 είς
852 3830 952 3883 ὅλα
982 3829 1050 3882 τὰ
1080 3828 1241 3882 πλοῖα
1272 3828 1379 3882 τῶν
1405 3829 1720 3901 δρομώνων,

168 3919 384 3988 ιίρηκὼς
431 3922 546 3983 τοῖς
586 3920 816 3983 ναύταις
845 3921 939 3973 καὶ
982 3922 1093 3983 τοῖς
1133 3919 1496 3990 στρατιώταις
1528 3922 1609 3975 ὅτι
1646 3922 1719 3975 οὐ

168 4012 309 4077 χρεία
332 4012 535 4076 ὅπλων,
563 4011 678 4065 ἀλλ’
703 4011 790 4064 ἵνα
816 4012 1037 4081 ρίπτετε
1066 4010 1176 4081 (55)
1206 4013 1270 4064 ἐκ
1299 4010 1489 4065 τούτου
1532 4014 1614 4077 εις
1654 4012 1723 4068 τὰ

169 4102 420 4171 ιρχόμενα
464 4102 757 4156 κατέναντι
798 4101 954 4172 ὑμῶν
1000 4101 1161 4155 πλοῖα
1208 4103 1303 4155 καὶ
1334 4102 1604 4158 καίονται.
1661 4103 1723 4159 Εἰ

169 4192 218 4247 δὲ
263 4194 429 4265 πέραν
456 4195 791 4265 ἀπέλθωμεν
837 4196 918 4254 είς
953 4194 1084 4258 τοὺς
1113 4194 1315 4258 οἴκους,
1349 4193 1477 4247 ἔνθα
1507 4196 1644 4250 εἰσὶν
1673 4198 1724 4251 oi

169 4284 338 4354 ἐχθροὶ
376 4284 468 4338 τοῦ
514 4284 804 4355 βασιλέως,
858 4286 976 4337 ἐκεῖ
1021 4284 1234 4356 ῥίψατε.
1276 4284 1332 4338 Ὀ
1363 4284 1420 4338 δὲ
1456 4286 1721 4357 Μαρῖνος,

1821 3193 2048 3264 aggredi
2082 3193 2139 3248 in
2192 3194 2376 3247 animo
2408 3191 2640 3258 habuit;
2670 3189 2819 3245 inani
2861 3188 3075 3244 scilicet
3093 3192 3190 3258 sp'e
3219 3186 3403 3241 fretus

1824 3285 1996 3354 ipsam
2051 3284 2379 3352 occupandi,
2413 3282 2796 3351 Harinumque
2832 3279 3054 3336 obviam
3082 3278 3189 3334 sibi
3222 3273 3399 3348 prod-

1820 3385 2038 3433 euntem
2068 3415 2086 3440 ,
2127 3389 2251 3431 cum
2293 3374 2471 3443 ecpiis
2515 3373 2638 3443 ejus
2680 3371 2966 3433 omnibus,
3021 3366 3401 3439 opprimendi.

1824 3462 2073 3518 Marinus
2128 3472 2312 3519 autem
2361 3463 2432 3518 de
2482 3463 2609 3517 vivo
2666 3461 2766 3517 illo
2822 3459 3115 3528 sulphure.
3177 3457 3326 3527 quod
3361 3472 3397 3511 a

1824 3554 2153 3623 philosopho
2182 3560 2496 3622 acceperat.
2537 3552 2773 3621 navigiis
2797 3548 3044 3618 undique
3070 3546 3400 3609 distribuit;

1821 3646 2011 3702 nautis
2036 3646 2264 3714 insuper
2288 3644 2543 3700 indicans
2558 3654 2612 3699 et
2636 3641 2930 3706 militibus,
2962 3639 3036 3694 nil
3056 3637 3227 3692 armis
3252 3651 3398 3706 opus

1822 3754 1978 3802 esse;
2032 3736 2195 3792 modo
2256 3745 2316 3790 ut
2350 3734 2420 3791 de
2476 3735 2602 3789 vivo
2638 3734 2732 3789 illo
2771 3732 3042 3803 sulplture
3079 3728 3399 3797 accipereut

1816 3830 2008 3900 jussit,
2033 3828 2378 3898 navibusque
2401 3828 2457 3881 in
2500 3825 2791 3880 adversum
2821 3819 3243 3878 occurrentibus
3289 3818 3403 3871 im-

1823 3926 2137 3990 mitterent;
2158 3939 2280 3995 qua:
2304 3924 2505 3980 exinde
2530 3923 2717 3979 statim
2740 3920 3166 3991 conﬂagratum
3183 3925 3397 3974 essent.

1825 4016 1984 4083 Quod
2002 4017 2047 4072 si
2069 4015 2383 4071 ulteriorem
2406 4015 2574 4070 etiam
2599 4015 2776 4085 ripam
2798 4026 3070 4082 occupare
3094 4009 3403 4078 potuerint,

1826 4108 1933 4164 hoc
1988 4108 2169 4178 ipsum
2206 4106 2370 4163 tectis
2422 4106 2663 4162 hostium
2693 4103 3044 4176 imperatoris
3072 4101 3154 4157 uti
3196 4099 3396 4171 injice-

1824 4205 1970 4266 rent,
2008 4199 2063 4253 in
2090 4198 2368 4254 mandatis
2404 4197 2578 4254 dedit.
2608 4196 2855 4252 Marinus
2890 4196 3097 4267 itaque,
3131 4192 3227 4248 ubi
3258 4206 3401 4263 prae-

1824 4296 2065 4359 ceptum,
2110 4288 2272 4361 5.05
2315 4288 2464 4359 quod
2513 4303 2544 4343 a
2587 4288 2918 4359 philosopho
2960 4293 3276 4356 acceperat,
3328 4285 3401 4339 de

171 4372 339 4438 καθὼς
384 4372 533 4429 εἶπεν
564 4373 717 4445 αύτῷ
741 4376 772 4428 6
811 4373 1102 4442 φιλόσοφος
1142 4375 1223 4428 ὅτι
1255 4373 1590 4429 ἀνάπτονται
1618 4377 1649 4429 6

1931 4382 2066 4451 'igiis
2125 4380 2227 4435 hoc
2283 4379 2447 4433 modo
2497 4378 2925 4442 comburendis,
2974 4375 3416 4443 vectoribusque'

170 4465 253 4517 τού
285 4467 451 4537 πυρὸς
474 4466 547 4519 τὰ
583 4465 747 4518 πλοῖα
790 4465 889 4517 καὶ
919 4463 1262 4527 ποντίζονται
1289 4464 1562 4537 αὔτανδρα
1587 4466 1655 4538 (5i

1916 4472 2275 4544 )mergeudis,
2317 4456 2587 4526 militibus
2630 4470 2747 4527 suis
2786 4467 3131 4532 tradidisset,
3169 4464 3401 4519 ulterio-

173 4558 517 4627 παρήγγειλεν
561 4557 748 4621 αὐτοῖς
799 4556 1016 4627 ῥίπτειν
1043 4573 1056 4587 ο
1098 4555 1195 4610 καὶ
1250 4555 1511 4628 ὥρμησεν
1557 4559 1637 4623 είς

1913 4582 1941 4618 n
1971 4565 2240 4631 trajectus
2270 4562 2445 4632 ripam
2477 4562 2629 4630 petit,
2654 4559 2990 4614 Vitalianum
3014 4567 3398 4626 aggressurus.

170 4644 332 4715 πέραν
373 4647 512 4702 κατὰ
555 4646 878 4701 Βιταλιανοῦ
912 4647 1008 4701 καὶ
1045 4646 1156 4699 τῶν
1198 4646 1502 4717 ἀνθρώπων
1532 4649 1726 4704 αὐτοῦ.

175 4736 275 4789 Καὶ
316 4742 651 4814 κατήντησαν
679 4742 774 4794 καὶ
801 4738 869 4796 τὰ
914 4738 1075 4792 πλοῖα
1114 4738 1460 4805 Βιταλιανού,
1498 4742 1592 4794 καὶ
1634 4742 1727 4795 εύ-

1830 4654 1938 4710 Sed
1964 4662 2021 4710 et
2056 4652 2372 4709 Vitalianus
2415 4665 2637 4720 quoque
2670 4648 2880 4703 Marino
2911 4661 3038 4703 sese
3064 4646 3280 4700 obviam
3309 4642 3399 4697 de-

1827 4747 1945 4814 dit;
1991 4745 2327 4817 propiusque
2361 4743 2474 4813 jam
2517 4757 2545 4796 a
2580 4756 2639 4797 se
2672 4738 2909 4795 invicem
2955 4737 3163 4794 classes
3204 4731 3403 4791 abfue-

1414 4874 1650 4932 VARIIE
1688 4879 2099 4939 LECTIONES.

240 4965 282 4998 ⁹¹
313 4966 611 5041 δρομώνων.
636 4969 915 5058 δρομόνων
946 4967 1049 5023 Ox.
1083 4967 1175 5023 Sic
1204 4977 1332 5023 etv.
1367 4968 1453 5024 Π.
1531 4970 1579 5002 ⁹²
1606 4972 1905 5045 ὲρῤόγευσε
1929 4976 2056 5038 0b.,
2087 4973 2350 5045 ὲρότευσε
2389 4970 2491 5024 Ox.

1316 5079 1425 5134 ΕΙ).
1454 5079 1830 5139 CHlLMEADl
1869 5084 2101 5141 ΝΟΤίΕ.

382 5171 650 5227 Ῥίπτετε.
676 5170 799 5227 Scr.
829 5171 1080 5243 ῥίπτητε.

248 5236 475 5311 (56)Κα“ι
516 5236 857 5306 ποντίξονται
894 5236 1186 5311 αὔτανδρα.
1231 5236 1538 5311 Hesychius
1574 5242 1725 5296 :M't-

187 5308 405 5383 τανδρον,
440 5313 534 5365 σὺν
558 5313 739 5375 αὐτοῖς
791 5313 904 5375 τοῖς
944 5308 1223 5383 ἀνδράσιν.
1271 5308 1393 5383 _Scr.
1435 5309 1723 5383 Βυθάριον.

192 5375 423 5452 Evagrius
448 5384 514 5437 de
544 5384 647 5437 bac
670 5382 846 5452 navali
881 5375 1059 5452 pugna
1086 5379 1505 5452 verbababens,
1524 5375 1616 5437 lib.
1642 5396 1725 5446 ιιι,

1826 5180 1988 5233 ctiam
2021 5178 2203 5232 dictus
2230 5182 2313 5230 est
2343 5175 2496 5228 locus
2534 5174 2659 5231 iste,
2718 5180 2778 5226 ut
2809 5186 2875 5227 ex
2916 5170 3161 5241 Dionysii
3182 5169 3403 5241 Anapio

1828 5263 1929 5302 nos
1967 5247 2129 5302 docet
2152 5245 2298 5298 Petr.
2360 5243 2571 5313 Gyllius
2627 5242 2700 5297 De
2749 5239 3145 5313 Bgsp._'l‘ltra_c_.
3200 5239 3295 5292 lib.
3326 5254 3400 5313 Διι,

1828 5332 1951 5387 cap.
1985 5314 2019 5371 9
2056 5334 2068 5370 :
2098 5313 2298 5387 Deinde
2318 5323 2393 5387 est
2410 5308 2693 5387 Calamus,
2716 5308 3015 5387 ct‘By‘tltias
3039 5324 3056 5362 :
3078 5308 3169 5387 il_le
3194 5326 3227 5361 a
3249 5308 3401 5360 calu-

1831 5379 2040 5441 morum
2077 5384 2439 5443 multitudine.
2477 5381 2561 5435 ltt'c
2620 5384 2684 5435 ab
2735 5379 2848 5432 alta
2904 5379 3225 5446 protectione
3272 5393 3402 5444 pro-

191 5445 557 5531 αΡ-’έεηΚαὶ
602 5451 795 5531 πρῶτα
849 5445 980 5531 sgf
998 5449 1363 5531 d_ve_xtbx€})8w
1416 5445 1727 5531 errauerit
1826 5457 2211 5511 memoriarum
2263 5451 2793 5531 circuntsu_rgentittttt
2865 5445 3193 5531 nominatur.
3255 5446 3404 5529 Idem

194 5517 310 5592 εοὺς
331 5517 545 5586 εκπλους
572 5517 665 5575 καῖ
703 5524 828 5586 τοὺς
851 5517 1309 5592 ’ἀκροϐολισμοὺς
1372 5517 1728 5592 μεταξύ-τοῖν

195 5584 324 5663 δυοῖν
362 5584 781 5663 στρατοπέδοινη
797 5584 1098 5663 ναυμαχίας
1137 5584 1416 5663 καρτερᾶς
1456 5590 1729 5663 συστάσης

197 5656 316 5732 περὶ
337 5660 401 5732 τὰ,
419 5656 724 5731 ἱιαλούμενα
754 5656 1244 5732 Βυθάριαξμφεύγεί
1284 5656 1385 5732 μὲν
1414 5656 1726 5732 πριζτροπά-

202 5719 292 5793 δηῦ
316 5728 546 5800 πρύμναν
568 5719 938 5803 ἐρουσάμενός
961 5719 1348 5797 δ’Βίταλιανύς,
1368 5719 1479 5785 ctc'.
1498 5719 1725 5800 Bjthias

1850 5538 2028 5581 tamen
2089 5526 2173 5580 sui
2236 5523 2462 5581 oblitus.
2521 5517 2595 5575 De
2662 5519 2983 5588 topograplt.
3057 5517 3403 5588 Constanti...

1835 5595 1930 5651 lib.
1974 5611 2048 5663 tv,
2072 5608 2194 5662 cap.
2226 5592 2317 5663 10,
2353 5589 2591 5663 Vitltart'a
2626 5587 2803 5663 locum
2834 5588 2979 5663 hunc
3020 5598 3198 5663 vorat,
3255 5587 3394 5643 Vita-

1822 5664 1962 5721 1iaui
1995 5657 2271 5738 proﬂigati
2309 5660 2592 5716 ltistOriam
2626 5673 2691 5715 es
2718 5657 2950 5730 Evagrio
2984 5659 3244 5715 recitatis.
