3760 6202
174 366 243 431 σι]

1155 373 1832 434 CHBONUGRAI’HIA.
1865 401 1934 441 -,-
1960 377 2109 437 LIB.
2144 378 2331 439 XVII.

3273 386 3377 450 622

175 498 276 538 σαν·
300 482 376 536 ἐπὶ
396 481 456 535 δὲ
481 482 580 551 τῆς
611 483 783 552 αὐτῆς
812 482 1102 552 θεομηνίας
1133 485 1347 556 ἐδείχθη
1394 487 1567 541 καὶτὸ
1587 487 1660 541 τῶ

1892 503 2029 554 nem,
2082 488 2394 560 frequentia
2449 489 2654 547 ibidem
2710 499 2829 547 erat
2884 492 3221 552 advenarum
3260 516 3377 555 ma-

169 577 352 629 ποὶιτῶν
376 574 583 644 πλῆθος
612 574 814 628 ὁπόσον
840 576 1075 647 ὑπῆρχε.
1126 578 1321 631 Πολλοὶ
1369 579 1428 632 δὲ
1453 581 1561 632 τῶν
1587 596 1695 648 χω-

167 668 352 720 σθέντων
383 665 654 738 ζήσαντες
701 666 838 735 μετὰ
861 667 923 721 τὺ
948 668 1303 738 ἀνενεχθῆναι
1336 671 1532 733 αὐτοὺς
1561 670 1698 735 de-

161 774 236 824 τες
254 758 530 813 ἀπέθανον.
565 757 722 821 Τινὲς
752 757 809 810 δὲ
833 760 898 811 ὲκ
928 759 1040 811 τῶν
1067 760 1299 814 πολιτῶν
1335 762 1442 814 τῶν
1494 761 1698 816 σωθέν-

159 864 258 909 των,
283 848 333 900 εῐ
357 864 412 899 τι
442 846 815 917 ἠδυνήθησαν,
856 847 1150 915 ἀφείλαντο
1179 853 1274 902 καὶ
1309 850 1537 918 ἔφευγον
1556 867 1572 880 ·
1603 852 1699 903 καὶ

157 939 389 1009 ὑπήντουν
425 939 471 970 ³⁷
499 938 686 1002 animi;
727 939 967 1008 γεωργοὶ
999 940 1098 1009 (8),
1131 939 1229 993 καὶ
1263 939 1526 993 ἀπέσπων
1567 942 1700 1009 παρ’

151 1031 300 1085 αὐτῶν
326 1029 645 1099 φονεύοντες
665 1030 884 1093 αὐτούς.
922 1028 1170 1100 Ἐδείχθη
1194 1029 1364 1084 δὲκαὶ
1389 1032 1447 1083 ὲν
1465 1030 1640 1099 τούτῳ
1665 1032 1699 1099 ἡ

154 1120 226 1175 τοῦ
264 1118 392 1172 θεοῦ
443 1117 861 1188 φιλανθρωπία·
895 1118 1011 1171 ὅσοι
1058 1118 1166 1189 γὰρ
1203 1119 1470 1172 ἀπέσπων
1499 1121 1563 1182 ³⁸,
1591 1122 1703 1173 ἁπ-

168 1213 376 1280 ἐθιησκον
409 1211 626 1279 βιαίως,
655 1211 706 1262 oi
739 1210 839 1279 μὲν
865 1209 1182 1279 σηπόμενοι,
1219 1211 1269 1263 oi
1306 1211 1363 1264 δὲ
1391 1210 1701 1283 τυφλούμεε-

166 1320 230 1362 vol,
246 1304 292 1354 οἱ
304 1301 361 1355 δὲ
370 1301 745 1372 χειρουργίαις
758 1301 1107 1371 κοπτόμενοι,
1124 1302 1219 1355 καὶ
1229 1301 1619 1372 ὁμολογοῦντες
1632 1301 1703 1356 τὰ

165 1394 569 1464 πλημμελήματα
596 1393 807 1446 ἑαυτῶν
836 1391 1156 1464 παρεδίδουν
1179 1392 1278 1455 τὰς
1295 1392 1499 1463 ψυχάς.
1516 1393 1605 1446 Ἐν
1621 1388 1703 1455 οἷς

162 1482 205 1556 ἦν
226 1487 281 1538 ἒν
308 1485 458 1555 αύτῷ
470 1484 549 1554 τῷ
566 1484 748 1555 καιρῷ
772 1486 996 1555 ἁρπαγῇ
1019 1485 1367 1555 χρησάμενος
1394 1485 1601 1555 θωμᾶς
1619 1503 1704 1549 τις

162 1577 494 1647 σιὶεντιάριος,
520 1577 675 1638 ὅστις
701 1556 892 1645 ἐξῆλθε
922 1574 1138 1644 φεύγων
1168 1577 1234 1627 ὲκ
1253 1576 1354 1646 τῆς
1386 1576 1701 1646 θεομηνίας,

162 1669 227 1721 καὶ
245 1667 347 1732 ἔξω
379 1668 475 1737 τῆς
510 1666 721 1730 πόλεως
749 1666 827 1729 ὡς
869 1667 977 1720 ἀπὸ
1028 1667 1223 1737 μιλίων
1275 1668 1447 1738 τριῶν
1479 1668 1575 1721 ἐπὶ
1605 1670 1703 1739 τὴν

162 1761 332 1830 τὸρταν
364 1758 462 1831 τὴν
485 1760 788 1829 λεγομένην
816 1758 911 1812 τοῦ
950 1757 1109 1826 ἁγίου
1146 1759 1436 1814 Ίουλιανοῦ
1452 1758 1601 1832 [MS]
1625 1760 1703 1813 οί-

1798 578 1969 633 xima.
2005 579 2081 633 Ex
2115 580 2219 635 hac
2266 590 2452 638 autem
2498 582 2753 639 Numinis
2785 583 2869 638 ira
2900 586 3182 656 conjicere
3221 591 3373 651 licet.

1798 684 1963 739 qnam
1991 685 2326 728 numerosus
2358 679 2482 730 erat
2536 675 2779 744 populus
2818 676 3232 735 Antiochensis.
3269 679 3377 736 Sed

1800 770 1854 813 et
1872 764 2183 832 complures
2201 762 2387 828 etiam,
2418 764 2514 834 qui
2543 765 2838 823 ruderibus
2866 768 3075 836 obruti,
3103 770 3212 825 vivi
3241 771 3378 827 effo-

1800 852 2116 919 diebantur,
2146 855 2451 924 derepente
2481 856 2739 925 spiritum
2795 857 3071 916 eﬂiabant.
3121 862 3263 928 Quin
3321 872 3378 919 et

1803 941 2008 996 civium
2040 958 2262 1013 quoque
2281 944 2374 1014 qui
2421 946 2749 1015 eripuerant
2785 963 2929 1012 sese,
2970 953 3242 1017 nonnulli,
3277 954 3376 1009 bo-

1802 1049 2001 1089 norum
2031 1052 2283 1099 suorum.
2309 1039 2353 1093 si
2378 1037 2510 1105 quid
2537 1047 2814 1108 poterant,
2837 1041 3221 1110 corradentes,
3247 1043 3378 1115 fuga

1801 1126 1967 1180 rebus
1999 1127 2120 1181 suis
2147 1128 2555 1184 consuluerunt
2587 1143 2601 1179 :
2642 1130 2736 1184 sed
2770 1144 2799 1182 a
2834 1132 3083 1195 rusticis,
3138 1133 3197 1187 in
3234 1149 3375 1202 quos

1802 1228 1901 1284 per
1936 1216 2078 1269 viam
2140 1217 2487 1281 inciderant,
2537 1220 2767 1288 expilati
2817 1219 2997 1285 bonis,
3040 1222 3205 1276 etiam
3261 1206 3376 1278 vita

1802 1305 2206 1373 spoliabantur.
2240 1308 2510 1362 Caeterum
2541 1309 2667 1365 inde
2697 1310 2789 1366 Dei
2826 1327 2953 1382 erga
2988 1313 3239 1368 homines
3274 1314 3379 1368 mi-

1803 1392 2110 1446 sericordia
2163 1396 2439 1464 apparuit.
2505 1395 2706 1450 Eorum
2760 1400 2931 1464 enim,
2999 1401 3092 1471 qui
3157 1403 3379 1472 rapinas

1806 1480 1971 1534 hasce
2001 1491 2384 1544 exercuerant,
2417 1484 2673 1539 nonnulli
2707 1485 2760 1538 in
2807 1486 3156 1555 putredinem
3186 1488 3376 1551 soluti,

1804 1574 2059 1627 occaecati
2093 1575 2213 1633 alii.
2269 1575 2373 1629 sub
2418 1577 2809 1647 chirurgorum
2844 1578 3212 1635 incisionibus
3260 1580 3380 1644 alii,

1804 1664 2100 1720 infeliciter
2126 1681 2342 1739 omnes,
2377 1667 2744 1737 interierunt;
2785 1679 2840 1725 et
2879 1670 3120 1726 facinora
3154 1687 3256 1727 sua
3283 1672 3383 1728 dc-

1806 1767 2124 1824 precautes,
2145 1759 2508 1815 reddiderunt
2524 1761 2761 1816 animas.
2781 1762 2860 1817 Ex
2886 1778 3119 1833 quormn
3151 1780 3383 1819 numero

162 1868 220 1905 κει
242 1851 309 1914 ³⁸,
341 1852 430 1905 καὶ
457 1851 686 1904 ἀπέσπα
710 1850 889 1904 πάντα
914 1852 978 1903 ἐκ
1012 1850 1122 1903 τῶν
1146 1852 1457 1920 φευγόντων
1483 1851 1572 1905 διὰ
1596 1852 1647 1904 τί

1895 1845 1995 1900 lem
2028 1855 2272 1916 tempore
2303 1857 2426 1903 erat
2458 1848 2702 1906 Thomas
2728 1852 2976 1921 quidam,
3005 1852 3380 1907 silentiarius.

162 1940 353 1993 οίκετῶν
374 1938 559 1993 αὐτοῦ.
584 1938 757 1993 Τοῦτο
795 1940 855 1992 δὲ
877 1938 1208 2010 διεπράξατο
1239 1941 1335 1993 ἐπὶ
1364 1941 1576 2011 ἡμέρας
1591 1942 1706 1995 τέσο

164 2046 305 2100 στοας
323 2049 336 2060 ·
366 2031 456 2082 καὶ
472 2030 549 2091 ὡς
575 2029 900 2099 λυμαίνεται
925 2031 1100 2083 πάντα
1120 2071 1135 2095 ,
1166 2030 1427 2101 ἐξαίφνης
1454 2030 1613 2098 ὑγιὴς
1631 2029 1707 2082 ὣν

164 2121 439 2191 ἐτελεύτησε
458 2137 472 2151 ·
536 2122 634 2178 καὶ
691 2120 894 2183 πάντες
941 2121 1191 2188 ἐδόξαζον
1234 2122 1325 2176 τὸν
1354 2121 1510 2176 Θεόν.
1554 2121 1618 2174 Ἦ
1651 2121 1707 2174 δὲ

172 2211 313 2263 αὕτητῦ
337 2211 605 2281 περιουσία
628 2212 943 2281 ἁρπαγεῖσα
969 2212 1219 2267 ἀπώλετο
1243 2227 1256 2239 ·
1289 2212 1383 2266 καὶ
1404 2214 1462 2266 ὲν
1491 2205 1535 2280 ᾧ
1558 2211 1708 2281 τόπῳ

178 2301 474 2370 ἐτελεύτησεν
492 2340 508 2365 ,
534 2303 659 2356 ἐκεῖ
694 2303 790 2357 καὶ
823 2303 1019 2372 ἐτάφη.
1046 2302 1290 2374 Ἐδείχθη
1323 2303 1434 2373 γὰρ
1465 2303 1558 2356 καὶ
1574 2302 1708 2357 ἄλλα

179 2393 291 2445 τινὰ
309 2395 541 2465 μυστήρια
582 2393 681 2446 τοῦ
733 2390 1116 2463 φιλανθρώπου
1166 2394 1305 2448 Θεοῦ
1326 2410 1339 2422 ·
1379 2393 1566 2464 ἐγκυοι
1600 2394 1710 2464 γὰρ

173 2485 395 2547 γυναῖκες
415 2482 475 2535 δι’
500 2485 711 2537 εἴκοσιν
733 2484 778 2514 ’⁵ο
802 2482 1023 2554 ἡμερῶν
1050 2483 1083 2554 ἢ
1109 2484 1204 2536 καὶ
1227 2484 1522 2554 τριάκοντα
1554 2485 1713 2554 ἀνῆλ-

163 2574 244 2626 θον
262 2574 323 2627 ἐκ
339 2575 436 2627 τῶν
460 2574 784 2644 χωσθέντων
818 2576 993 2644 ὑγιεῖς
1014 2592 1027 2605 ο
1061 2575 1259 2629 πολλαὶ
1289 2576 1346 2629 δὲ
1374 2578 1709 2646 γεννήσασαι

155 2666 328 2735 sem
345 2667 446 2735 γῆν
462 2668 615 2721 κάτω
641 2667 751 2721 ὑπὸ
774 2666 845 2719 τά
871 2665 1100 2737 χώματα
1120 2667 1352 2737 ἀνῆλθον
1380 2668 1477 2722 σὺν
1498 2668 1711 2737 νηπίοις

149 2758 380 2823 ωαεεῖς
409 2761 502 2814 καὶ
533 2759 740 2830 ἔζησαν
798 2758 940 2831 μετά
962 2759 1071 2813 τῶν
1099 2758 1399 2829 τεχθέν-των
1432 2758 1492 2823 ἐξ
1509 2760 1709 2814 αὐτῶν.

149 2847 242 2903 Καὶ
262 2850 391 2903 ἄλλα
412 2850 473 2903 δὲ
497 2850 689 2903 παιδία
718 2848 982 2913 ὡσαύτως
1027 2848 1368 2918 διεσώθησαν
1420 2848 1540 2918 μεθ’
1574 2849 1712 2919 ήμέο

146 2955 234 3008 ρας
260 2941 339 2993 λ⁹σ
372 2943 469 2994 καὶ
516 2941 694 2995 πολλὰ
741 2940 1093 3011 φοϐερώτερα
1125 2940 1331 2993 τούτων
1359 2940 1599 3007 ἐγένετο.
1630 2940 1711 3011 Τῇ

141 3030 192 3084 δὲ
216 3034 369 3103 τρίτῃ
401 3033 591 3104 ᾑμέρᾳ
619 3033 757 3103 μετά
783 3034 884 3100 τὴν
938 3031 1147 3085 πτῶσιν
1200 3032 1373 3100 ἐφάνη
1423 3032 1481 3083 ὲν
1513 3032 1591 3101 τῷ
1623 3032 1714 3084 ού-

1808 1934 1910 1988 Hic
1942 1950 1972 1989 a
2000 1935 2258 1991 Numinis
2309 1938 2388 1992 ira
2430 1955 2634 1995 cavens
2659 1941 2792 2005 sibi,
2846 1941 3173 2011 aufugerat;
3220 1950 3276 1995 et
3314 1940 3386 1994 ad

1808 2028 2055 2088 tertium,
2096 2031 2177 2084 vel
2229 2047 2296 2085 eo
2326 2033 2571 2097 circiter,
2606 2034 2677 2088 ab
2732 2036 2871 2090 urbe
2920 2035 3177 2103 lapidem,
3221 2033 3385 2103 juxta

1786 2121 1988 2174 sancti
2019 2120 2223 2176 Juliani
2247 2140 2412 2192 quam
2443 2133 2638 2180 vocant
2668 2133 2880 2195 portam
2906 2125 3132 2180 sedibus
3160 2124 3383 2194 positis,

1813 2230 1909 2283 per
1932 2215 2218 2272 ministros
2252 2217 2324 2271 ibi
2366 2232 2523 2279 suos,
2560 2219 2701 2273 bona
2735 2226 2927 2272 eorum
2960 2216 3053 2286 qui
3089 2221 3387 2271 evaserant

1808 2305 1967 2377 421
2004 2309 2187 2361 omnia
2241 2288 2496 2377 diripuit.
2555 2307 2662 2362 Ubi
2726 2318 2860 2362 vero
2922 2322 3018 2376 per
3064 2305 3184 2359 dies
3240 2317 3385 2373 qua-

1788 2406 1939 2453 ‘tuor
1974 2400 2197 2470 rapinas
2220 2400 2381 2455 basce
2404 2400 2770 2463 exercuisset,
2820 2398 3004 2453 omnia
3036 2397 3386 2467 dcpraedans,

1812 2497 1990 2544 morte
2020 2490 2179 2556 obiit,
2213 2489 2367 2544 nullo
2404 2490 2571 2544 etiam
2606 2489 3009 2545 interveniente
3044 2487 3262 2548 morbo.
3299 2500 3390 2541 re-

1814 2582 2055 2652 pentina.
2113 2582 2258 2636 Laus
2292 2581 2418 2636 inde
2467 2580 2578 2635 Deo
2611 2580 2682 2635 ab
2724 2580 2987 2635 omnibus
3022 2578 3233 2633 tributa
3284 2588 3386 2631 est.

1812 2670 2046 2741 Quoque
2081 2672 2133 2726 in
2180 2672 2303 2726 loco
2357 2678 2636 2731 mortuus,
2677 2671 2873 2725 eodem
2898 2680 2953 2725 et
2984 2670 3232 2739 sepultus
3262 2673 3385 2729 est;

1815 2761 2046 2828 direptis
2079 2761 2270 2826 etiam,
2298 2776 2422 2831 qua:
2464 2769 2801 2825 corraserat,
2855 2759 3019 2815 bonis
3051 2757 3172 2828 ejus
3205 2755 3387 2810 omni-

1816 2849 1941 2903 bus.
1967 2847 2076 2903 Sed
2100 2858 2155 2903 et
2177 2848 2413 2904 verenda
2438 2850 2616 2918 magis
2663 2849 2847 2904 adhuc
2880 2848 3082 2902 divinae
3111 2860 3242 2916 erga
3284 2844 3388 2898 ho-
3456 2860 3465 2869 τ

1816 2938 1993 2993 mines
2033 2937 2428 2992 misericordia
2471 2940 2807 2993 exstiterunt
2832 2937 3076 3001 indicia;
3125 2935 3389 2989 mulieres

1814 3027 2018 3081 etenim
2053 3036 2428 3099 praegnantes,
2477 3046 2547 3083 xx
2581 3040 2728 3099 post,
2776 3029 2863 3084 vel
2892 3030 3059 3084 etiam
3094 3043 3202 3082 xxx
3247 3027 3389 3090 dies,

144 3123 277 3193 μανῷ
307 3126 337 3176 6
359 3126 547 3195 τίμιος
576 3123 810 3193 σταυρὸς
838 3122 930 3176 διὰ
948 3122 1178 3195 νεφέλης
1203 3123 1342 3175 κατά
1373 3123 1433 3175 τὸ
1462 3123 1629 3194 ἀρκτῆ

1904 3134 2001 3176 esas
2025 3130 2090 3173 ex
2120 3121 2414 3175 ruderibus
2457 3121 2862 3177 eﬂ‘odiebantur
2895 3138 2909 3175 :
2949 3137 3180 3190 quarum
3214 3120 3389 3189 pluri-

478 3214 654 3282 αὑτῆς
698 3192 943 3276 πόλεως·
978 3192 1074 3265 καὶ
1121 3216 1325 3275 πάντες
1377 3192 1627 3282 θεασὰμε

1901 3223 2176 3282 ιψιοηιιο,
2218 3216 2414 3267 solutis
2460 3215 2840 3269 corruentium
2876 3208 3234 3268 aediﬁciorum
3282 3212 3386 3266 sub

141 3305 291 3357 εῖν-..δν
340 3307 572 3375 ἔμειναν
628 3304 907 3366 κλαίοντες
968 3303 1064 3357 καὶ
1095 3304 1381 3374 εὐχόμενοι
1437 3306 1532 3359 ἐπὶ
1580 3307 1707 3375 μίαν

139 3393 298 3464 ὥραν.
339 3397 622 3463 Ἐγένοντο
646 3395 704 3448 δὲ
733 3396 870 3465 μετά
887 3396 984 3465 τὴν
1015 3394 1221 3449 πτῶσιν
1248 3398 1347 3467 τῆς
1385 3398 1593 3462 πόλεως
1617 3400 1710 3452 καὶ

140 3486 280 3539 ἄλλοι
308 3487 737 3558 σεισμοὶνπολλοὶ
771 3487 846 3552 ὡς
869 3488 964 3540 ἐπὶ
990 3489 1181 3561 χρόνον
1203 3488 1449 3541 ἐνιαυτοῦ
1472 3490 1568 3541 καὶ
1602 3507 1711 3561 μη-

138 3578 235 3630 κῶν
258 3578 337 3643 ἐξ.
370 3579 700 3642 Σελευκείας
729 3578 787 3631 δὲ
819 3578 913 3632 καὶ
946 3580 1160 3649 Δάφνης
1193 3579 1269 3638 ὡς
1299 3579 1393 3631 ἐπὶ
1452 3579 1604 3648 μίλια
1632 3578 1713 3630 εἶ-

138 3682 251 3721 m
277 3670 485 3733 πτῶσις
507 3669 724 3737 ἐγένετο
740 3686 751 3697 ·
789 3668 958 3721 πολλά
977 3669 1035 3722 δὲ
1056 3670 1316 3741 χρήματα
1340 3669 1580 3739 παρέσχε
1598 3672 1716 3731 ταῖς

62 3789 85 3818 ο
132 3758 431 3822 219013611;
460 3760 684 3812 πόλεσιν
705 3762 734 3812 ὁ
761 3758 922 3821 αὐτὸς
968 3758 1242 3827 βασιλεύς.
1317 3758 1580 3823 Ἀκούσας
1604 3759 1714 3830 γὰρ

130 3848 231 3917 τὴν
275 3850 582 3920 γενομένην
621 3850 727 3901 ὑπὸ
756 3848 908 3921 [146]
941 3851 1037 3903 τοῦ
1094 3851 1229 3904 Θεοῦ
1284 3849 1714 3919 φιλανθρωπίαν,

128 3934 275 4007 λύπῃ
309 3939 597 4009 συσχεθεὶς
629 3940 688 3991 οὐ
719 3940 927 4009 μικρᾷ,
969 3938 1213 4010 θεωριῶν
1243 3939 1317 4009 μὴ
1346 3938 1631 4009 ἀγομένων
1661 3940 1718 3991 ὲν

130 4024 435 4097 Βυζαντίῳ,
488 4032 583 4082 καὶ
640 4030 803 4097 ἁγίας
864 4029 1244 4099 Πεντηκοστῆς
1286 4028 1717 4099 καταλαϐούσης,

132 4116 256 4187 δξκα
282 4120 616 4192 διαδήματος
643 4119 888 4188 είσῆλθεν
927 4122 986 4172 ὲν
1014 4122 1080 4193 τῇ
1115 4118 1381 4190 ἐκκλησία
1412 4119 1552 4189 μετὰ
1578 4136 1718 4189 πορ-

142 4209 310 4279 φυροῦ
359 4212 585 4282 μαντίου
612 4211 838 4273 κλαίων,
876 4212 974 4265 σὺν
1011 4210 1160 4279 αὐτῷ
1187 4210 1245 4263 δὲ
1288 4212 1382 4265 καὶ
1416 4211 1616 4273 πάντες
1664 4211 1716 4262 οἱ

146 4301 495 4372 συγκλητικοὶ
520 4303 617 4356 καὶ
640 4305 901 4373 πορφυρᾶ
925 4302 1154 4372 ἐφόρουν
1180 4301 1277 4371 (9).

1809 3304 1986 3358 ruinis
2003 3305 2285 3373 puerperii
2313 3306 2618 3367 doloribus,
2647 3320 2761 3359 una
2794 3319 2918 3359 cum
2945 3305 3252 3359 infantibus
3276 3303 3394 3358 suis

1811 3395 1994 3448 illaasa:
2044 3402 2410 3462 emergentes,
2452 3380 2717 3450 'Numinis
2770 3401 2866 3449 ira;
2932 3396 3388 3464 supervixerunt.

1809 3483 1949 3549 Quin
1975 3492 2028 3536 et
2058 3485 2265 3552 pueruli
2298 3500 2518 3553 quoque
2546 3487 2661 3547 alii,
2698 3486 3044 3541 tricesimum
3073 3494 3194 3555 post
3217 3486 3388 3547 diem,

1814 3574 2119 3628 incolumes
2138 3573 2557 3643 reperiebantur
2579 3616 2591 3627 .
2613 3576 2893 3644 multaque
2913 3575 3000 3629 his
3028 3576 3390 3644 stupendiora

1815 3665 2186 3735 contigerunt.
2219 3663 2408 3720 Tertio
2438 3676 2620 3720 autem
2667 3675 2788 3735 post
2838 3666 3050 3719 cladem
3091 3668 3232 3720 hanc
3276 3667 3386 3729 die,

1816 3755 2140 3810 veneranda:
2171 3756 2356 3810 crucis
2391 3756 2571 3826 imago
2602 3757 2670 3811 de
2699 3757 2840 3811 uelo
2862 3757 3169 3826 comparuit
3201 3757 3254 3810 in
3286 3775 3393 3810 utt-

1816 3848 1996 3909 bibus,
2037 3848 2157 3902 urbi
2183 3846 2252 3902 ad
2284 3850 2691 3917 septentriones
2718 3848 3019 3903 imminens
3059 3867 3071 3901 :
3103 3864 3211 3917 qua
3247 3851 3388 3912 visa,

1821 3940 1875 3993 in
1912 3940 2188 4009 lacrymas
2222 3940 2389 3994 soluti
2433 3956 2646 4002 omnes,
2691 3955 2884 4008 preces
2931 3946 3091 3994 unius
3127 3941 3271 3995 horto
3298 3956 3392 4009 per

1818 4028 2056 4099 spatium
2076 4027 2450 4086 effundebant.
2481 4030 2814 4085 Acciderunt
2837 4037 3045 4095 autem,
3078 4038 3203 4100 post
3235 4031 3390 4085 urbis

1821 4136 2034 4184 casum,
2086 4120 2276 4190 plures
2313 4122 2478 4174 etiam
2526 4120 2620 4174 alii
2668 4130 2829 4175 terrm
2860 4130 3067 4186 motus,
3115 4138 3212 4192 per
3261 4137 3392 4190 spa-

1821 4212 1956 4264 tium
2007 4211 2136 4264 anni
2180 4211 2347 4265 unius
2390 4219 2446 4265 et
2498 4228 2548 4264 νι
2594 4214 2867 4267 mensium
2920 4231 2932 4264 :
2975 4214 3179 4282 quibus
3225 4214 3396 4267 etiam

1820 4301 2090 4356 Seleucia:
2147 4300 2534 4373 Daphnesque,
2577 4318 2808 4375 qumque
2832 4306 2899 4357 ad
2927 4306 3245 4359 vicesimum
3282 4306 3396 4358 fere

162 4387 393 4459 lapidem
471 4397 776 4461 distabant,
840 4394 1069 4450 :edilicia
1152 4409 1422 4449 concussa
1483 4392 1838 4449 corruebant.
1908 4393 2148 4449 Urbibus
2209 4403 2411 4457 autem,
2459 4396 2798 4450 calamitates
2868 4397 3031 4451 hasce
3082 4396 3387 4463 perpessis,

176 4479 467 4550 inperator
508 4488 729 4542 abunde
792 4487 1145 4555 pecuniarum
1190 4485 1602 4562 suppeditavit.
1635 4484 1727 4538 Dei
1781 4484 1926 4538 enim
1978 4494 2183 4554 quanta
2258 4498 2386 4554 erga
2444 4484 2698 4539 homines
2750 4486 3126 4539 misericordia
3173 4485 3386 4545 fuisset,

190 4568 434 4642 doctus,
482 4586 537 4632 et
583 4578 702 4644 ipse
763 4577 947 4629 clades
1001 4576 1097 4629 has
1165 4575 1521 4630 acerbissime
1599 4576 1757 4640 tulit;

1826 4590 1924 4628 nec
1994 4574 2239 4647 Byzantii
2306 4589 2404 4645 pro
2446 4588 2600 4628 more
2651 4575 2798 4627 edita
2855 4584 2985 4629 sunt
3054 4576 3387 4643 spectacula.

203 4655 523 4725 prutecostes
570 4672 736 4724 etiam
782 4685 942 4723 sacro
979 4667 1119 4722 iesto
1151 4677 1263 4722 tum
1286 4660 1609 4730 exsistente,
1644 4665 1951 4722 diademate
1985 4670 2184 4738 posito,
2256 4670 2393 4739 ipse,
2453 4677 2850 4737 senatoresque
2886 4682 3100 4733 omnes,
3148 4670 3395 4727 vestibus

200 4758 333 4817 pullis
380 4762 576 4825 induti,
612 4761 870 4830 templum
912 4761 1277 4829 Iacrymantes
1308 4761 1580 4828 petebant.

1424 4930 1512 4984 VA
1524 4931 1659 4986 RUE
1702 4932 2108 4988 LECTIONES.

263 5049 303 5081 π
324 5051 613 5123 ὗπήντουν.
651 5051 927 5122 ὴπήντουν
955 5051 1055 5107 0x.
1136 5050 1179 5081 ³⁸
1210 5050 1471 5103 ἀπέσπων
1502 5050 1630 5115 CIL,
1653 5052 1901 5105 ἀπέσπον
1932 5050 2033 5105 0x.
2112 5051 2155 5084 '9
2183 5051 2344 5107 οἴκει.
2382 5048 2516 5122 ᾤκει
2548 5051 2649 5107 Cb.
2730 5053 2773 5085 "°
2800 5053 2970 5107 εἴκοσι
3011 5053 3113 5108 0x.

1385 5201 1494 5257 ΕΙ).
1535 5201 1906 5258 CHILMEADI
1938 5203 2171 5258 NOTAE.

224 5317 319 5387 .(8)
345 5321 446 5374 Καὶ
471 5320 750 5392 ηπήντουν
794 5318 978 5378 αὐτοῖς
1010 5313 1269 5384 γεωργοί.
1296 5312 1510 5375 Scribe,
1542 5313 1722 5385 ἀπήν-

205 5388 322 5527 179.)
346 5459 444 5512 Καὶ
468 5460 673 5519 πάντες
702 5458 750 5509 οὶ
778 5454 1132 5525 συγκλητικοὶ
1160 5453 1256 5527 καὶ
1301 5454 1562 5527 πορφυρᾶ
1591 5453 1720 5522 ἐφό-

206 5523 485 5597 Quod
534 5538 726 5584 noster
780 5523 1038 5597 πορφυρᾶ
1069 5523 1381 5597 φοροῦντες,
1428 5523 1721 5597 βεοιεθιιιιε

203 5583 325 5667 ﬁcit,
345 5583 499 5665 ξαιάν
531 5583 733 5667 στολὴν
755 5583 1381 5667 ὲνδὸσάμενόιξριιίίαιί,
1411 5594 1527 5648 sive
1556 5594 1721 5647 vesti-

311 5661 696 5739 ni'gricantibus'
724 5664 920 5721 induti.
959 5661 1211 5735 Purpura
1247 5661 1469 5733 quidem
1507 5677 1718 5732 regum,

1822 5325 1876 5369 et
1892 5315 2317 5387 magistratuum
2349 5314 2563 5385 insigne
2592 5324 2695 5377 est,
2724 5318 2889 5370 etiam
2914 5328 2967 5373 et
3001 5319 3167 5371 luctui
3196 5333 3389 5387 approe

1822 5385 2032 5453 priatus
2090 5385 2283 5456 color:
2337 5399 2532 5453 nempe
2582 5387 2725 5456 quod
2778 5388 2844 5439 ad
2901 5390 3113 5456 nigrum
3154 5385 3393 5443 colorem

1822 5457 2044 5523 propius
2076 5453 2355 5527 accedat;
2376 5456 2467 5507 sed
2482 5464 2547 5527 et
2580 5453 2905 5527 quibusdam
2945 5453 3276 5527 πορφύρεον,
3310 5460 3398 5512 ni-

1818 5521 1971 5600 ρτυδη
1991 5534 2094 5600 est.
2125 5521 2800 5600 Hesychittszﬂopo'ipsov
2820 5521 3163 5597 πορφυροῦν,
3198 5521 3390 5600 μέλαν·

1822 5594 2121 5663 Πορφύρει,
2155 5593 2452 5662 μελανίζει.

3356 5116 3359 5119 δ
3435 5066 3464 5182 ὲ
