  <div class='ocr_page' id='page_1' title='image "/cluster/home/n/w/nwhite01/storage/ocr_20150623/97/hvd.32044073502130/368.png"; bbox 0 0 3760 6202; ppageno 0'>
   <div class='ocr_carea' id='block_1_1' title="bbox 229 245 2386 312">
    <p class='ocr_par' dir='ltr' id='par_1_1' title="bbox 229 245 2386 312">
     <span class='ocr_line' id='line_1_1' title="bbox 229 245 2386 312; baseline 0.001 -3"><span class='ocrx_word' id='word_1_1' title='bbox 229 247 295 309; x_wconf 69' lang='grc' dir='ltr'>ιη</span> <span class='ocrx_word' id='word_1_2' title='bbox 1149 245 1829 307; x_wconf 76' lang='lat' dir='ltr'><strong>CHRONOGRAPHIA.</strong></span> <span class='ocrx_word' id='word_1_3' title='bbox 1862 271 1932 281; x_wconf 89' lang='lat'><em>—</em></span> <span class='ocrx_word' id='word_1_4' title='bbox 1971 250 2121 309; x_wconf 88' lang='lat' dir='ltr'><strong>LIB.</strong></span> <span class='ocrx_word' id='word_1_5' title='bbox 2166 251 2386 312; x_wconf 81' lang='lat' dir='ltr'><strong>XVIII.</strong></span> 
     </span>
    </p>
   </div>
   <div class='ocr_carea' id='block_1_2' title="bbox 3306 238 3497 329">
    <p class='ocr_par' dir='ltr' id='par_1_2' title="bbox 3306 238 3497 329">
     <span class='ocr_line' id='line_1_2' title="bbox 3306 238 3497 329; baseline 0.037 -6"><span class='ocrx_word' id='word_1_6' title='bbox 3306 263 3411 329; x_wconf 84' lang='lat'><strong>678</strong></span> <span class='ocrx_word' id='word_1_7' title='bbox 3489 238 3497 245; x_wconf 74' lang='grc'><strong>’</strong></span> 
     </span>
    </p>
   </div>
   <div class='ocr_carea' id='block_1_3' title="bbox 226 352 1733 430">
    <p class='ocr_par' dir='ltr' id='par_1_3' title="bbox 226 352 1733 426">
     <span class='ocr_line' id='line_1_3' title="bbox 226 352 1733 426; baseline -0.003 -16"><span class='ocrx_word' id='word_1_8' title='bbox 226 356 408 412; x_wconf 67' lang='grc' dir='ltr'>ἑστάναι.</span> <span class='ocrx_word' id='word_1_9' title='bbox 423 355 518 419; x_wconf 83' lang='grc' dir='ltr'>Είς</span> <span class='ocrx_word' id='word_1_10' title='bbox 530 353 589 408; x_wconf 76' lang='grc' dir='ltr'><strong>δὲ</strong></span> <span class='ocrx_word' id='word_1_11' title='bbox 608 353 673 408; x_wconf 77' lang='grc' dir='ltr'>τὸ</span> <span class='ocrx_word' id='word_1_12' title='bbox 692 354 835 411; x_wconf 78' lang='grc' dir='ltr'>κατὰ</span> <span class='ocrx_word' id='word_1_13' title='bbox 867 352 1220 425; x_wconf 75' lang='grc' dir='ltr'>μεσημϐρίαν</span> <span class='ocrx_word' id='word_1_14' title='bbox 1249 355 1415 426; x_wconf 81' lang='grc' dir='ltr'>μέρος</span> <span class='ocrx_word' id='word_1_15' title='bbox 1432 355 1733 423; x_wconf 64' lang='grc' dir='ltr'>ἐσκήνωσεν</span> 
     </span>
    </p>
   </div>
   <div class='ocr_carea' id='block_1_4' title="bbox 1835 352 3415 430">
    <p class='ocr_par' dir='ltr' id='par_1_4' title="bbox 1846 354 3415 430">
     <span class='ocr_line' id='line_1_4' title="bbox 1846 354 3415 430; baseline 0.011 -24"><span class='ocrx_word' id='word_1_16' title='bbox 1846 354 2041 410; x_wconf 90' lang='lat' dir='ltr'><strong>relicto</strong></span> <span class='ocrx_word' id='word_1_17' title='bbox 2099 355 2295 426; x_wconf 82' lang='lat' dir='ltr'><strong>(cujus</strong></span> <span class='ocrx_word' id='word_1_18' title='bbox 2347 356 2416 411; x_wconf 90' lang='lat' dir='ltr'><strong>ad</strong></span> <span class='ocrx_word' id='word_1_19' title='bbox 2487 356 2638 427; x_wconf 81' lang='lat' dir='ltr'><strong>ripas</strong></span> <span class='ocrx_word' id='word_1_20' title='bbox 2713 358 3056 430; x_wconf 80' lang='lat' dir='ltr'><strong>navigiorum</strong></span> <span class='ocrx_word' id='word_1_21' title='bbox 3118 364 3415 423; x_wconf 73' lang='lat' dir='ltr'><strong>stationem</strong></span> 
     </span>
    </p>
   </div>
   <div class='ocr_carea' id='block_1_5' title="bbox 227 442 1742 519">
    <p class='ocr_par' dir='ltr' id='par_1_5' title="bbox 227 442 1742 519">
     <span class='ocr_line' id='line_1_5' title="bbox 227 442 1742 519; baseline -0.005 -16"><span class='ocrx_word' id='word_1_22' title='bbox 227 448 394 519; x_wconf 79' lang='grc' dir='ltr'>’Δρέθας</span> <span class='ocrx_word' id='word_1_23' title='bbox 411 447 552 517; x_wconf 86' lang='grc' dir='ltr'><strong>μετά</strong></span> <span class='ocrx_word' id='word_1_24' title='bbox 567 447 852 516; x_wconf 80' lang='grc' dir='ltr'>Δωροθέου</span> <span class='ocrx_word' id='word_1_25' title='bbox 869 448 963 499; x_wconf 69' lang='grc' dir='ltr'>καὶ</span> <span class='ocrx_word' id='word_1_26' title='bbox 978 445 1558 518; x_wconf 81' lang='grc' dir='ltr'>Μάμαντος,ἐξάρχων</span> <span class='ocrx_word' id='word_1_27' title='bbox 1574 442 1742 498; x_wconf 84' lang='grc' dir='ltr'><strong>ἰσαύ-</strong></span> 
     </span>
    </p>
   </div>
   <div class='ocr_carea' id='block_1_6' title="bbox 226 534 1741 607">
    <p class='ocr_par' dir='ltr' id='par_1_6' title="bbox 226 534 1741 607">
     <span class='ocr_line' id='line_1_6' title="bbox 226 534 1741 607; baseline -0.001 -19"><span class='ocrx_word' id='word_1_28' title='bbox 226 552 311 607; x_wconf 83' lang='grc' dir='ltr'>ρων·</span> <span class='ocrx_word' id='word_1_29' title='bbox 329 537 401 597; x_wconf 82' lang='grc' dir='ltr'><strong>είς</strong></span> <span class='ocrx_word' id='word_1_30' title='bbox 421 535 479 588; x_wconf 85' lang='grc' dir='ltr'><strong>δὲ</strong></span> <span class='ocrx_word' id='word_1_31' title='bbox 506 535 570 588; x_wconf 78' lang='grc' dir='ltr'>τὸ</span> <span class='ocrx_word' id='word_1_32' title='bbox 600 534 852 607; x_wconf 80' lang='grc' dir='ltr'>ἀρκτῷον</span> <span class='ocrx_word' id='word_1_33' title='bbox 872 536 1136 599; x_wconf 86' lang='grc' dir='ltr'>Σουνίκας</span> <span class='ocrx_word' id='word_1_34' title='bbox 1165 536 1260 589; x_wconf 74' lang='grc' dir='ltr'>καὶ</span> <span class='ocrx_word' id='word_1_35' title='bbox 1284 536 1506 606; x_wconf 83' lang='grc' dir='ltr'>Σίμμας</span> <span class='ocrx_word' id='word_1_36' title='bbox 1526 534 1741 605; x_wconf 76' lang='grc' dir='ltr'>ἔχοντες</span> 
     </span>
    </p>
   </div>
   <div class='ocr_carea' id='block_1_7' title="bbox 226 624 1740 701">
    <p class='ocr_par' dir='ltr' id='par_1_7' title="bbox 226 624 1740 701">
     <span class='ocr_line' id='line_1_7' title="bbox 226 624 1740 701; baseline 0 -24"><span class='ocrx_word' id='word_1_37' title='bbox 226 626 411 698; x_wconf 76' lang='grc' dir='ltr'>στρατόν.</span> <span class='ocrx_word' id='word_1_38' title='bbox 438 627 553 679; x_wconf 72' lang='grc' dir='ltr'><strong>Καὶ</strong></span> <span class='ocrx_word' id='word_1_39' title='bbox 577 629 645 697; x_wconf 82' lang='grc' dir='ltr'>τῇ</span> <span class='ocrx_word' id='word_1_40' title='bbox 681 626 744 701; x_wconf 73' lang='grc' dir='ltr'><strong>ιβ’</strong></span> <span class='ocrx_word' id='word_1_41' title='bbox 766 626 861 679; x_wconf 80' lang='grc' dir='ltr'><strong>τοῦ</strong></span> <span class='ocrx_word' id='word_1_42' title='bbox 896 624 1207 696; x_wconf 81' lang='grc' dir='ltr'>Ἀπριλλίου</span> <span class='ocrx_word' id='word_1_43' title='bbox 1227 629 1285 681; x_wconf 86' lang='grc' dir='ltr'><strong>ἐν</strong></span> <span class='ocrx_word' id='word_1_44' title='bbox 1308 626 1448 696; x_wconf 82' lang='grc' dir='ltr'>ἁγίῳ</span> <span class='ocrx_word' id='word_1_45' title='bbox 1479 625 1740 696; x_wconf 79' lang='grc' dir='ltr'>Σαὸϐἁτῳ</span> 
     </span>
    </p>
   </div>
   <div class='ocr_carea' id='block_1_8' title="bbox 222 717 1742 789">
    <p class='ocr_par' dir='ltr' id='par_1_8' title="bbox 222 717 1742 789">
     <span class='ocr_line' id='line_1_8' title="bbox 222 717 1742 789; baseline 0.002 -20"><span class='ocrx_word' id='word_1_46' title='bbox 222 717 282 770; x_wconf 76' lang='grc' dir='ltr'>τοῦ</span> <span class='ocrx_word' id='word_1_47' title='bbox 300 717 475 787; x_wconf 75' lang='grc' dir='ltr'>Πάσχα</span> <span class='ocrx_word' id='word_1_48' title='bbox 496 718 720 785; x_wconf 82' lang='grc' dir='ltr'>ἐγένετο</span> <span class='ocrx_word' id='word_1_49' title='bbox 748 720 781 788; x_wconf 79' lang='grc' dir='ltr'>ἡ</span> <span class='ocrx_word' id='word_1_50' title='bbox 815 717 1064 789; x_wconf 77' lang='grc' dir='ltr'>συμϐολὴ</span> <span class='ocrx_word' id='word_1_51' title='bbox 1094 717 1189 772; x_wconf 84' lang='grc' dir='ltr'>τοῦ</span> <span class='ocrx_word' id='word_1_52' title='bbox 1230 719 1492 788; x_wconf 85' lang='grc' dir='ltr'>πολέμου.</span> <span class='ocrx_word' id='word_1_53' title='bbox 1538 719 1742 789; x_wconf 87' lang='grc' dir='ltr'>Ὀρμη-</span> 
     </span>
    </p>
   </div>
   <div class='ocr_carea' id='block_1_9' title="bbox 223 810 1735 883">
    <p class='ocr_par' dir='ltr' id='par_1_9' title="bbox 223 810 1735 883">
     <span class='ocr_line' id='line_1_9' title="bbox 223 810 1735 883; baseline 0.001 -22"><span class='ocrx_word' id='word_1_54' title='bbox 223 811 375 862; x_wconf 75' lang='grc' dir='ltr'>σάντων</span> <span class='ocrx_word' id='word_1_55' title='bbox 397 811 504 880; x_wconf 85' lang='grc' dir='ltr'><strong>γάρ</strong></span> <span class='ocrx_word' id='word_1_56' title='bbox 539 810 649 862; x_wconf 83' lang='grc' dir='ltr'><strong>τῶν</strong></span> <span class='ocrx_word' id='word_1_57' title='bbox 680 811 906 876; x_wconf 82' lang='grc' dir='ltr'>Περσῶν</span> <span class='ocrx_word' id='word_1_58' title='bbox 939 810 1096 883; x_wconf 55' lang='grc' dir='ltr'><strong>κατε)ι</strong></span> <span class='ocrx_word' id='word_1_59' title='bbox 1110 811 1345 865; x_wconf 85' lang='grc' dir='ltr'>Σουνίκα</span> <span class='ocrx_word' id='word_1_60' title='bbox 1380 810 1479 864; x_wconf 77' lang='grc' dir='ltr'>καὶ</span> <span class='ocrx_word' id='word_1_61' title='bbox 1523 810 1735 879; x_wconf 85' lang='grc' dir='ltr'>Σίμμα,</span> 
     </span>
    </p>
   </div>
   <div class='ocr_carea' id='block_1_10' title="bbox 218 885 1737 974">
    <p class='ocr_par' dir='ltr' id='par_1_10' title="bbox 218 885 1737 974">
     <span class='ocr_line' id='line_1_10' title="bbox 218 885 1737 974; baseline 0 -19"><span class='ocrx_word' id='word_1_62' title='bbox 218 902 283 955; x_wconf 77' lang='grc' dir='ltr'><strong>καὶ</strong></span> <span class='ocrx_word' id='word_1_63' title='bbox 312 901 668 955; x_wconf 77' lang='grc' dir='ltr'><strong>ἀντιστάντων</strong></span> <span class='ocrx_word' id='word_1_64' title='bbox 709 902 753 933; x_wconf 76' lang='grc'>⁸⁸</span> <span class='ocrx_word' id='word_1_65' title='bbox 796 903 1107 971; x_wconf 85' lang='grc' dir='ltr'>Ῥωμαίων,</span> <span class='ocrx_word' id='word_1_66' title='bbox 1155 903 1294 974; x_wconf 80' lang='grc' dir='ltr'>δόλῳ</span> <span class='ocrx_word' id='word_1_67' title='bbox 1337 885 1574 957; x_wconf 64' lang='grc' dir='ltr'>δέδωκαν</span> <span class='ocrx_word' id='word_1_68' title='bbox 1605 903 1650 934; x_wconf 76' lang='grc'>⁶¹</span> <span class='ocrx_word' id='word_1_69' title='bbox 1686 903 1737 955; x_wconf 85' lang='grc' dir='ltr'><strong>οί</strong></span> 
     </span>
    </p>
   </div>
   <div class='ocr_carea' id='block_1_11' title="bbox 216 992 1738 1064">
    <p class='ocr_par' dir='ltr' id='par_1_11' title="bbox 216 992 1738 1064">
     <span class='ocr_line' id='line_1_11' title="bbox 216 992 1738 1064; baseline 0 -18"><span class='ocrx_word' id='word_1_70' title='bbox 216 994 376 1063; x_wconf 70' lang='grc' dir='ltr'>Πέρσαι</span> <span class='ocrx_word' id='word_1_71' title='bbox 424 994 571 1046; x_wconf 82' lang='grc' dir='ltr'>νῶτα</span> <span class='ocrx_word' id='word_1_72' title='bbox 604 996 698 1048; x_wconf 76' lang='grc' dir='ltr'>ἐπὶ</span> <span class='ocrx_word' id='word_1_73' title='bbox 735 996 867 1058; x_wconf 82' lang='grc' dir='ltr'><strong>τούς</strong></span> <span class='ocrx_word' id='word_1_74' title='bbox 911 994 1074 1058; x_wconf 82' lang='grc' dir='ltr'>ίδίους</span> <span class='ocrx_word' id='word_1_75' title='bbox 1119 995 1349 1049; x_wconf 84' lang='grc' dir='ltr'>ἐαυτῶν.</span> <span class='ocrx_word' id='word_1_76' title='bbox 1404 995 1516 1048; x_wconf 87' lang='lat' dir='ltr'><strong>Kal.</strong></span> <span class='ocrx_word' id='word_1_77' title='bbox 1558 994 1647 1064; x_wconf 83' lang='grc' dir='ltr'><strong>ὐφ’</strong></span> <span class='ocrx_word' id='word_1_78' title='bbox 1679 992 1738 1047; x_wconf 82' lang='grc' dir='ltr'>ἒν</span> 
     </span>
    </p>
   </div>
   <div class='ocr_carea' id='block_1_12' title="bbox 214 1083 1740 1157">
    <p class='ocr_par' dir='ltr' id='par_1_12' title="bbox 214 1083 1740 1157">
     <span class='ocr_line' id='line_1_12' title="bbox 214 1083 1740 1157; baseline 0.001 -20"><span class='ocrx_word' id='word_1_79' title='bbox 214 1086 450 1154; x_wconf 78' lang='grc' dir='ltr'>γενόμενοι</span> <span class='ocrx_word' id='word_1_80' title='bbox 471 1085 706 1157; x_wconf 82' lang='grc' dir='ltr'><strong>Πέρσαι,</strong></span> <span class='ocrx_word' id='word_1_81' title='bbox 732 1087 1175 1157; x_wconf 80' lang='grc' dir='ltr'>προσεσχηκότες</span> <span class='ocrx_word' id='word_1_82' title='bbox 1200 1087 1284 1140; x_wconf 82' lang='grc' dir='ltr'>ὃτι</span> <span class='ocrx_word' id='word_1_83' title='bbox 1306 1087 1563 1156; x_wconf 82' lang='grc' dir='ltr'>Ῥωμαῖοι</span> <span class='ocrx_word' id='word_1_84' title='bbox 1594 1083 1740 1140; x_wconf 83' lang='grc' dir='ltr'>κατὰ</span> 
     </span>
    </p>
   </div>
   <div class='ocr_carea' id='block_1_13' title="bbox 213 1175 1739 1249">
    <p class='ocr_par' dir='ltr' id='par_1_13' title="bbox 213 1175 1739 1249">
     <span class='ocr_line' id='line_1_13' title="bbox 213 1175 1739 1249; baseline 0.001 -21"><span class='ocrx_word' id='word_1_85' title='bbox 213 1175 344 1229; x_wconf 73' lang='grc' dir='ltr'>νώτου</span> <span class='ocrx_word' id='word_1_86' title='bbox 373 1177 552 1247; x_wconf 80' lang='grc' dir='ltr'>έχουσι</span> <span class='ocrx_word' id='word_1_87' title='bbox 601 1177 695 1231; x_wconf 79' lang='grc' dir='ltr'><strong>τὸν</strong></span> <span class='ocrx_word' id='word_1_88' title='bbox 750 1178 1069 1249; x_wconf 81' lang='grc' dir='ltr'><strong>Εὐφράτην,</strong></span> <span class='ocrx_word' id='word_1_89' title='bbox 1098 1179 1445 1249; x_wconf 81' lang='grc' dir='ltr'><strong>ὁρμήσαντες</strong></span> <span class='ocrx_word' id='word_1_90' title='bbox 1493 1178 1591 1232; x_wconf 88' lang='grc' dir='ltr'>σὺν</span> <span class='ocrx_word' id='word_1_91' title='bbox 1624 1180 1739 1241; x_wconf 78' lang='grc' dir='ltr'>τοῖς</span> 
     </span>
    </p>
   </div>
   <div class='ocr_carea' id='block_1_14' title="bbox 212 1266 1737 1338">
    <p class='ocr_par' dir='ltr' id='par_1_14' title="bbox 212 1266 1737 1338">
     <span class='ocr_line' id='line_1_14' title="bbox 212 1266 1737 1338; baseline 0.001 -20"><span class='ocrx_word' id='word_1_92' title='bbox 212 1267 503 1337; x_wconf 64' lang='grc' dir='ltr'>Σιρακηνοίς</span> <span class='ocrx_word' id='word_1_93' title='bbox 540 1266 919 1338; x_wconf 81' lang='grc' dir='ltr'>συνέκρουσαν</span> <span class='ocrx_word' id='word_1_94' title='bbox 965 1268 1058 1321; x_wconf 84' lang='grc' dir='ltr'>τὸν</span> <span class='ocrx_word' id='word_1_95' title='bbox 1089 1266 1349 1336; x_wconf 87' lang='grc' dir='ltr'>πόλεμον,</span> <span class='ocrx_word' id='word_1_96' title='bbox 1393 1268 1489 1321; x_wconf 80' lang='grc' dir='ltr'>καὶ</span> <span class='ocrx_word' id='word_1_97' title='bbox 1528 1267 1737 1321; x_wconf 81' lang='grc' dir='ltr'>πολλῶν</span> 
     </span>
    </p>
   </div>
   <div class='ocr_carea' id='block_1_15' title="bbox 212 1353 1737 1429">
    <p class='ocr_par' dir='ltr' id='par_1_15' title="bbox 212 1353 1737 1429">
     <span class='ocr_line' id='line_1_15' title="bbox 212 1353 1737 1429; baseline 0.003 -20"><span class='ocrx_word' id='word_1_98' title='bbox 212 1358 443 1411; x_wconf 59' lang='grc' dir='ltr'>πσόντων</span> <span class='ocrx_word' id='word_1_99' title='bbox 472 1357 530 1422; x_wconf 83' lang='grc' dir='ltr'>ἐξ</span> <span class='ocrx_word' id='word_1_100' title='bbox 564 1358 898 1428; x_wconf 78' lang='grc' dir='ltr'>ἀμφοτέρων</span> <span class='ocrx_word' id='word_1_101' title='bbox 941 1359 1050 1412; x_wconf 83' lang='grc' dir='ltr'><strong>τῶν</strong></span> <span class='ocrx_word' id='word_1_102' title='bbox 1086 1358 1293 1429; x_wconf 87' lang='grc' dir='ltr'>μερῶν,</span> <span class='ocrx_word' id='word_1_103' title='bbox 1323 1360 1382 1412; x_wconf 86' lang='grc' dir='ltr'><strong>ἐν</strong></span> <span class='ocrx_word' id='word_1_104' title='bbox 1425 1353 1508 1423; x_wconf 73' lang='grc' dir='ltr'>οἷς</span> <span class='ocrx_word' id='word_1_105' title='bbox 1542 1359 1737 1413; x_wconf 77' lang='grc' dir='ltr'>ἔπε’σον</span> 
     </span>
    </p>
   </div>
   <div class='ocr_carea' id='block_1_16' title="bbox 207 1447 1732 1520">
    <p class='ocr_par' dir='ltr' id='par_1_16' title="bbox 207 1447 1732 1520">
     <span class='ocr_line' id='line_1_16' title="bbox 207 1447 1732 1520; baseline 0.003 -21"><span class='ocrx_word' id='word_1_106' title='bbox 207 1449 293 1500; x_wconf 75' lang='grc' dir='ltr'>ἀπὸ</span> <span class='ocrx_word' id='word_1_107' title='bbox 314 1448 400 1518; x_wconf 75' lang='grc' dir='ltr'>μὲν</span> <span class='ocrx_word' id='word_1_108' title='bbox 424 1449 647 1520; x_wconf 82' lang='grc' dir='ltr'>Περσῶν</span> <span class='ocrx_word' id='word_1_109' title='bbox 677 1447 998 1518; x_wconf 82' lang='grc' dir='ltr'>’Δνδράζης,</span> <span class='ocrx_word' id='word_1_110' title='bbox 1025 1447 1329 1519; x_wconf 79' lang='grc' dir='ltr'><strong>χιλίαρχος,</strong></span> <span class='ocrx_word' id='word_1_111' title='bbox 1355 1450 1449 1503; x_wconf 74' lang='grc' dir='ltr'>καὶ</span> <span class='ocrx_word' id='word_1_112' title='bbox 1474 1451 1732 1520; x_wconf 84' lang='grc' dir='ltr'>Νααμάν,</span> 
     </span>
    </p>
   </div>
   <div class='ocr_carea' id='block_1_17' title="bbox 206 1538 1735 1611">
    <p class='ocr_par' dir='ltr' id='par_1_17' title="bbox 206 1538 1735 1611">
     <span class='ocr_line' id='line_1_17' title="bbox 206 1538 1735 1611; baseline 0.005 -23"><span class='ocrx_word' id='word_1_113' title='bbox 206 1539 298 1601; x_wconf 73' lang='grc' dir='ltr'>υίὸς</span> <span class='ocrx_word' id='word_1_114' title='bbox 340 1538 788 1611; x_wconf 76' lang='grc' dir='ltr'>’Δλαμουνδάρου,</span> <span class='ocrx_word' id='word_1_115' title='bbox 819 1541 885 1592; x_wconf 85' lang='grc' dir='ltr'><strong>ἐκ</strong></span> <span class='ocrx_word' id='word_1_116' title='bbox 950 1539 1008 1592; x_wconf 85' lang='grc' dir='ltr'><strong>δὲ</strong></span> <span class='ocrx_word' id='word_1_117' title='bbox 1060 1540 1351 1610; x_wconf 88' lang='grc' dir='ltr'>Ῥωμαίων</span> <span class='ocrx_word' id='word_1_118' title='bbox 1398 1541 1735 1611; x_wconf 82' lang='grc' dir='ltr'>Σαρακηνῶν</span> 
     </span>
    </p>
   </div>
   <div class='ocr_carea' id='block_1_18' title="bbox 206 1628 1736 1714">
    <p class='ocr_par' dir='ltr' id='par_1_18' title="bbox 206 1628 1736 1714">
     <span class='ocr_line' id='line_1_18' title="bbox 206 1628 1736 1714; baseline 0.005 -34"><span class='ocrx_word' id='word_1_119' title='bbox 206 1628 604 1714; x_wconf 66' lang='grc' dir='ltr'>ἐλήφθη;Α6ρος</span> <span class='ocrx_word' id='word_1_120' title='bbox 655 1631 883 1702; x_wconf 83' lang='grc' dir='ltr'>ὀνόματι</span> <span class='ocrx_word' id='word_1_121' title='bbox 913 1630 1072 1697; x_wconf 81' lang='grc' dir='ltr'><strong>δούξ·</strong></span> <span class='ocrx_word' id='word_1_122' title='bbox 1124 1632 1222 1685; x_wconf 79' lang='grc' dir='ltr'>καὶ</span> <span class='ocrx_word' id='word_1_123' title='bbox 1276 1632 1646 1701; x_wconf 82' lang='grc' dir='ltr'>Στεφανάκιος</span> <span class='ocrx_word' id='word_1_124' title='bbox 1678 1633 1736 1688; x_wconf 84' lang='grc' dir='ltr'><strong>δὲ</strong></span> 
     </span>
    </p>
   </div>
   <div class='ocr_carea' id='block_1_19' title="bbox 1842 438 3414 515">
    <p class='ocr_par' dir='ltr' id='par_1_19' title="bbox 1842 438 3414 515">
     <span class='ocr_line' id='line_1_19' title="bbox 1842 438 3414 515; baseline 0.012 -23"><span class='ocrx_word' id='word_1_125' title='bbox 1842 438 2145 499; x_wconf 86' lang='lat' dir='ltr'><strong>Belisarius</strong></span> <span class='ocrx_word' id='word_1_126' title='bbox 2181 444 2550 499; x_wconf 89' lang='lat' dir='ltr'><strong>constituerat</strong></span> <span class='ocrx_word' id='word_1_127' title='bbox 2570 450 2611 515; x_wconf 80' lang='lat'><strong>),</strong></span> <span class='ocrx_word' id='word_1_128' title='bbox 2642 448 2928 503; x_wconf 84' lang='lat' dir='ltr'><strong>meridiem</strong></span> <span class='ocrx_word' id='word_1_129' title='bbox 2962 465 3157 508; x_wconf 89' lang='lat' dir='ltr'><strong>versus</strong></span> <span class='ocrx_word' id='word_1_130' title='bbox 3178 455 3414 513; x_wconf 76' lang='lat' dir='ltr'><strong>Aretbas</strong></span> 
     </span>
    </p>
   </div>
   <div class='ocr_carea' id='block_1_20' title="bbox 1840 533 3417 610">
    <p class='ocr_par' dir='ltr' id='par_1_20' title="bbox 1840 533 3417 610">
     <span class='ocr_line' id='line_1_20' title="bbox 1840 533 3417 610; baseline 0.012 -25"><span class='ocrx_word' id='word_1_131' title='bbox 1840 547 1965 586; x_wconf 89' lang='lat' dir='ltr'><strong>cum</strong></span> <span class='ocrx_word' id='word_1_132' title='bbox 1991 533 2269 590; x_wconf 90' lang='lat' dir='ltr'><strong>Dorotheo</strong></span> <span class='ocrx_word' id='word_1_133' title='bbox 2299 542 2354 590; x_wconf 92' lang='lat' dir='ltr'><strong>et</strong></span> <span class='ocrx_word' id='word_1_134' title='bbox 2386 535 2679 603; x_wconf 80' lang='lat' dir='ltr'><strong>Mamanle,</strong></span> <span class='ocrx_word' id='word_1_135' title='bbox 2712 540 3197 610; x_wconf 87' lang='lat' dir='ltr'><strong>ducibuslsauris,</strong></span> <span class='ocrx_word' id='word_1_136' title='bbox 3228 559 3417 603; x_wconf 85' lang='lat' dir='ltr'><strong>castra</strong></span> 
     </span>
    </p>
   </div>
   <div class='ocr_carea' id='block_1_21' title="bbox 1841 628 3414 695">
    <p class='ocr_par' dir='ltr' id='par_1_21' title="bbox 1841 628 3414 695">
     <span class='ocr_line' id='line_1_21' title="bbox 1841 628 3414 695; baseline 0.012 -20"><span class='ocrx_word' id='word_1_137' title='bbox 1841 634 2098 692; x_wconf 86' lang='lat' dir='ltr'><strong>poneret;</strong></span> <span class='ocrx_word' id='word_1_138' title='bbox 2136 640 2165 679; x_wconf 92' lang='lat' dir='ltr'><strong>a</strong></span> <span class='ocrx_word' id='word_1_139' title='bbox 2218 628 2595 695; x_wconf 86' lang='lat' dir='ltr'><strong>septentrione</strong></span> <span class='ocrx_word' id='word_1_140' title='bbox 2630 646 2757 685; x_wconf 89' lang='lat' dir='ltr'><strong>vero</strong></span> <span class='ocrx_word' id='word_1_141' title='bbox 2816 631 3049 690; x_wconf 87' lang='lat' dir='ltr'><strong>Sunicas</strong></span> <span class='ocrx_word' id='word_1_142' title='bbox 3076 644 3129 691; x_wconf 88' lang='lat' dir='ltr'><strong>et</strong></span> <span class='ocrx_word' id='word_1_143' title='bbox 3176 636 3414 695; x_wconf 91' lang='lat' dir='ltr'><strong>Simmas</strong></span> 
     </span>
    </p>
   </div>
   <div class='ocr_carea' id='block_1_22' title="bbox 1840 714 3414 785">
    <p class='ocr_par' dir='ltr' id='par_1_22' title="bbox 1840 714 3414 785">
     <span class='ocr_line' id='line_1_22' title="bbox 1840 714 3414 785; baseline 0.01 -18"><span class='ocrx_word' id='word_1_144' title='bbox 1840 727 2000 767; x_wconf 86' lang='lat' dir='ltr'><strong>suum</strong></span> <span class='ocrx_word' id='word_1_145' title='bbox 2034 714 2302 769; x_wconf 83' lang='lat' dir='ltr'><strong>ducerent</strong></span> <span class='ocrx_word' id='word_1_146' title='bbox 2335 719 2660 774; x_wconf 81' lang='lat' dir='ltr'><strong>exercitum.</strong></span> <span class='ocrx_word' id='word_1_147' title='bbox 2698 721 2940 778; x_wconf 88' lang='lat' dir='ltr'><strong>Sabbato</strong></span> <span class='ocrx_word' id='word_1_148' title='bbox 2988 735 3170 781; x_wconf 86' lang='lat' dir='ltr'><strong>autem</strong></span> <span class='ocrx_word' id='word_1_149' title='bbox 3220 739 3414 785; x_wconf 87' lang='lat' dir='ltr'><strong>sancto</strong></span> 
     </span>
    </p>
   </div>
   <div class='ocr_carea' id='block_1_23' title="bbox 1840 800 3411 878">
    <p class='ocr_par' dir='ltr' id='par_1_23' title="bbox 1840 800 3411 878">
     <span class='ocr_line' id='line_1_23' title="bbox 1840 800 3411 878; baseline 0.013 -24"><span class='ocrx_word' id='word_1_150' title='bbox 1840 800 2109 872; x_wconf 88' lang='lat' dir='ltr'><strong>Paschali,</strong></span> <span class='ocrx_word' id='word_1_151' title='bbox 2143 807 2287 875; x_wconf 89' lang='lat' dir='ltr'><strong>quod</strong></span> <span class='ocrx_word' id='word_1_152' title='bbox 2323 808 2375 860; x_wconf 91' lang='lat' dir='ltr'><strong>in</strong></span> <span class='ocrx_word' id='word_1_153' title='bbox 2402 810 2607 878; x_wconf 83' lang='lat' dir='ltr'><strong>Aprilis</strong></span> <span class='ocrx_word' id='word_1_154' title='bbox 2631 826 2723 864; x_wconf 71' lang='lat' dir='ltr'><strong>xix</strong></span> <span class='ocrx_word' id='word_1_155' title='bbox 2754 811 2966 876; x_wconf 87' lang='lat' dir='ltr'><strong>incidit,</strong></span> <span class='ocrx_word' id='word_1_156' title='bbox 2999 817 3146 871; x_wconf 84' lang='lat' dir='ltr'><strong>acies</strong></span> <span class='ocrx_word' id='word_1_157' title='bbox 3177 818 3411 875; x_wconf 78' lang='lat' dir='ltr'><strong>invicem</strong></span> 
     </span>
    </p>
   </div>
   <div class='ocr_carea' id='block_1_24' title="bbox 1839 896 3409 972">
    <p class='ocr_par' dir='ltr' id='par_1_24' title="bbox 1839 896 3409 972">
     <span class='ocr_line' id='line_1_24' title="bbox 1839 896 3409 972; baseline 0.012 -25"><span class='ocrx_word' id='word_1_158' title='bbox 1839 896 2346 953; x_wconf 77' lang='lat' dir='ltr'><strong>committebantur.</strong></span> <span class='ocrx_word' id='word_1_159' title='bbox 2374 899 2557 956; x_wconf 83' lang='lat' dir='ltr'><strong>Persis</strong></span> <span class='ocrx_word' id='word_1_160' title='bbox 2581 901 2748 972; x_wconf 81' lang='lat' dir='ltr'><strong>igitur</strong></span> <span class='ocrx_word' id='word_1_161' title='bbox 2794 905 2847 957; x_wconf 91' lang='lat' dir='ltr'><strong>in</strong></span> <span class='ocrx_word' id='word_1_162' title='bbox 2876 905 3132 961; x_wconf 87' lang='lat' dir='ltr'><strong>Sunicam</strong></span> <span class='ocrx_word' id='word_1_163' title='bbox 3159 921 3212 963; x_wconf 90' lang='lat' dir='ltr'><strong>et</strong></span> <span class='ocrx_word' id='word_1_164' title='bbox 3261 910 3409 965; x_wconf 86' lang='lat' dir='ltr'><strong>Sim-</strong></span> 
     </span>
    </p>
   </div>
   <div class='ocr_carea' id='block_1_25' title="bbox 1841 990 3408 1068">
    <p class='ocr_par' dir='ltr' id='par_1_25' title="bbox 1841 990 3408 1068">
     <span class='ocr_line' id='line_1_25' title="bbox 1841 990 3408 1068; baseline 0.012 -29"><span class='ocrx_word' id='word_1_165' title='bbox 1841 1001 1983 1040; x_wconf 91' lang='lat' dir='ltr'><strong>mam</strong></span> <span class='ocrx_word' id='word_1_166' title='bbox 2032 990 2393 1056; x_wconf 86' lang='lat' dir='ltr'><strong>irruentibus,</strong></span> <span class='ocrx_word' id='word_1_167' title='bbox 2441 993 2676 1047; x_wconf 73' lang='lat' dir='ltr'><strong>Romani</strong></span> <span class='ocrx_word' id='word_1_168' title='bbox 2703 996 2795 1049; x_wconf 88' lang='lat' dir='ltr'><strong>ubi</strong></span> <span class='ocrx_word' id='word_1_169' title='bbox 2824 1000 3180 1065; x_wconf 88' lang='lat' dir='ltr'><strong>restitissent,</strong></span> <span class='ocrx_word' id='word_1_170' title='bbox 3208 1003 3408 1068; x_wconf 66' lang='lat' dir='ltr'><strong>Persae,</strong></span> 
     </span>
    </p>
   </div>
   <div class='ocr_carea' id='block_1_26' title="bbox 1839 1078 3411 1150">
    <p class='ocr_par' dir='ltr' id='par_1_26' title="bbox 1839 1078 3411 1150">
     <span class='ocr_line' id='line_1_26' title="bbox 1839 1078 3411 1150; baseline 0.011 -20"><span class='ocrx_word' id='word_1_171' title='bbox 1839 1092 1938 1147; x_wconf 75' lang='lat' dir='ltr'><strong>per</strong></span> <span class='ocrx_word' id='word_1_172' title='bbox 1969 1078 2158 1133; x_wconf 91' lang='lat' dir='ltr'><strong>dolum</strong></span> <span class='ocrx_word' id='word_1_173' title='bbox 2184 1088 2335 1150; x_wconf 80' lang='lat' dir='ltr'><strong>terga</strong></span> <span class='ocrx_word' id='word_1_174' title='bbox 2364 1082 2581 1145; x_wconf 80' lang='lat' dir='ltr'><strong>dantes,</strong></span> <span class='ocrx_word' id='word_1_175' title='bbox 2617 1084 2681 1137; x_wconf 86' lang='lat' dir='ltr'><strong>atl</strong></span> <span class='ocrx_word' id='word_1_176' title='bbox 2717 1100 2853 1141; x_wconf 85' lang='lat' dir='ltr'><strong>suos</strong></span> <span class='ocrx_word' id='word_1_177' title='bbox 2872 1103 3233 1147; x_wconf 84' lang='lat' dir='ltr'><strong>recesserunt.</strong></span> <span class='ocrx_word' id='word_1_178' title='bbox 3270 1093 3411 1148; x_wconf 92' lang='lat' dir='ltr'><strong>Tum</strong></span> 
     </span>
    </p>
   </div>
   <div class='ocr_carea' id='block_1_27' title="bbox 1842 1171 3408 1240">
    <p class='ocr_par' dir='ltr' id='par_1_27' title="bbox 1842 1171 3408 1240">
     <span class='ocr_line' id='line_1_27' title="bbox 1842 1171 3408 1240; baseline 0.011 -19"><span class='ocrx_word' id='word_1_179' title='bbox 1842 1184 1971 1223; x_wconf 86' lang='lat' dir='ltr'><strong>vero</strong></span> <span class='ocrx_word' id='word_1_180' title='bbox 2029 1171 2084 1225; x_wconf 92' lang='lat' dir='ltr'><strong>in</strong></span> <span class='ocrx_word' id='word_1_181' title='bbox 2116 1187 2287 1225; x_wconf 91' lang='lat' dir='ltr'><strong>unum</strong></span> <span class='ocrx_word' id='word_1_182' title='bbox 2346 1173 2553 1227; x_wconf 88' lang='lat' dir='ltr'><strong>redacti</strong></span> <span class='ocrx_word' id='word_1_183' title='bbox 2594 1175 2686 1229; x_wconf 91' lang='lat' dir='ltr'><strong>ubi</strong></span> <span class='ocrx_word' id='word_1_184' title='bbox 2722 1174 3092 1234; x_wconf 83' lang='lat' dir='ltr'><strong>advertissent</strong></span> <span class='ocrx_word' id='word_1_185' title='bbox 3124 1182 3408 1240; x_wconf 77' lang='lat' dir='ltr'><strong>Romanos</strong></span> 
     </span>
    </p>
   </div>
   <div class='ocr_carea' id='block_1_28' title="bbox 1838 1261 3411 1340">
    <p class='ocr_par' dir='ltr' id='par_1_28' title="bbox 1838 1261 3411 1340">
     <span class='ocr_line' id='line_1_28' title="bbox 1838 1261 3411 1340; baseline 0.011 -25"><span class='ocrx_word' id='word_1_186' title='bbox 1838 1261 2178 1340; x_wconf 87' lang='lat' dir='ltr'><strong>Euphratem</strong></span> <span class='ocrx_word' id='word_1_187' title='bbox 2208 1280 2237 1319; x_wconf 86' lang='lat' dir='ltr'><strong>a</strong></span> <span class='ocrx_word' id='word_1_188' title='bbox 2273 1273 2428 1338; x_wconf 88' lang='lat' dir='ltr'><strong>tergo</strong></span> <span class='ocrx_word' id='word_1_189' title='bbox 2459 1267 2681 1331; x_wconf 89' lang='lat' dir='ltr'><strong>habere,</strong></span> <span class='ocrx_word' id='word_1_190' title='bbox 2721 1268 3016 1329; x_wconf 85' lang='lat' dir='ltr'><strong>Saracenis</strong></span> <span class='ocrx_word' id='word_1_191' title='bbox 3045 1277 3161 1329; x_wconf 92' lang='lat' dir='ltr'><strong>suis</strong></span> <span class='ocrx_word' id='word_1_192' title='bbox 3189 1276 3411 1332; x_wconf 87' lang='lat' dir='ltr'><strong>irruen-</strong></span> 
     </span>
    </p>
   </div>
   <div class='ocr_carea' id='block_1_29' title="bbox 1838 1361 3410 1434">
    <p class='ocr_par' dir='ltr' id='par_1_29' title="bbox 1838 1361 3410 1434">
     <span class='ocr_line' id='line_1_29' title="bbox 1838 1361 3410 1434; baseline 0.01 -27"><span class='ocrx_word' id='word_1_193' title='bbox 1838 1361 1946 1415; x_wconf 88' lang='lat' dir='ltr'><strong>tes,</strong></span> <span class='ocrx_word' id='word_1_194' title='bbox 1977 1370 2174 1411; x_wconf 88' lang='lat' dir='ltr'><strong>manus</strong></span> <span class='ocrx_word' id='word_1_195' title='bbox 2233 1373 2454 1413; x_wconf 85' lang='lat' dir='ltr'><strong>rursum</strong></span> <span class='ocrx_word' id='word_1_196' title='bbox 2488 1373 2914 1425; x_wconf 83' lang='lat' dir='ltr'><strong>conseruernnt,</strong></span> <span class='ocrx_word' id='word_1_197' title='bbox 2944 1364 3200 1434; x_wconf 87' lang='lat' dir='ltr'><strong>pluribus</strong></span> <span class='ocrx_word' id='word_1_198' title='bbox 3224 1369 3410 1423; x_wconf 84' lang='lat' dir='ltr'><strong>utrin-</strong></span> 
     </span>
    </p>
   </div>
   <div class='ocr_carea' id='block_1_30' title="bbox 1835 1446 3409 1520">
    <p class='ocr_par' dir='ltr' id='par_1_30' title="bbox 1835 1446 3409 1520">
     <span class='ocr_line' id='line_1_30' title="bbox 1835 1446 3409 1520; baseline 0.011 -25"><span class='ocrx_word' id='word_1_199' title='bbox 1835 1458 1946 1512; x_wconf 85' lang='lat' dir='ltr'><strong>que</strong></span> <span class='ocrx_word' id='word_1_200' title='bbox 1977 1446 2171 1514; x_wconf 71' lang='lat' dir='ltr'><strong>praalio</strong></span> <span class='ocrx_word' id='word_1_201' title='bbox 2205 1447 2535 1504; x_wconf 85' lang='lat' dir='ltr'><strong>cadentibus</strong></span> <span class='ocrx_word' id='word_1_202' title='bbox 2575 1466 2677 1504; x_wconf 76' lang='lat' dir='ltr'><strong>:ex</strong></span> <span class='ocrx_word' id='word_1_203' title='bbox 2734 1453 2936 1520; x_wconf 89' lang='lat' dir='ltr'><strong>quibus</strong></span> <span class='ocrx_word' id='word_1_204' title='bbox 2975 1464 3136 1508; x_wconf 88' lang='lat' dir='ltr'><strong>erant</strong></span> <span class='ocrx_word' id='word_1_205' title='bbox 3169 1470 3198 1507; x_wconf 90' lang='lat' dir='ltr'><strong>a</strong></span> <span class='ocrx_word' id='word_1_206' title='bbox 3224 1455 3409 1512; x_wconf 87' lang='lat' dir='ltr'><strong>Persis</strong></span> 
     </span>
    </p>
   </div>
   <div class='ocr_carea' id='block_1_31' title="bbox 1835 1532 3405 1617">
    <p class='ocr_par' dir='ltr' id='par_1_31' title="bbox 1835 1532 3405 1617">
     <span class='ocr_line' id='line_1_31' title="bbox 1835 1532 3405 1617; baseline 0.009 -28"><span class='ocrx_word' id='word_1_207' title='bbox 1835 1536 2117 1594; x_wconf 85' lang='lat' dir='ltr'><strong>Andrazes</strong></span> <span class='ocrx_word' id='word_1_208' title='bbox 2139 1539 2500 1607; x_wconf 89' lang='lat' dir='ltr'><strong>chiliarchns,</strong></span> <span class='ocrx_word' id='word_1_209' title='bbox 2525 1541 2772 1597; x_wconf 85' lang='lat' dir='ltr'><strong>Naaman</strong></span> <span class='ocrx_word' id='word_1_210' title='bbox 2795 1584 2808 1607; x_wconf 91' lang='lat'><strong>,</strong></span> <span class='ocrx_word' id='word_1_211' title='bbox 2839 1532 3197 1601; x_wconf 82' lang='lat' dir='ltr'><strong>Alamnndari</strong></span> <span class='ocrx_word' id='word_1_212' title='bbox 3225 1547 3405 1617; x_wconf 82' lang='lat' dir='ltr'><strong>Illius;</strong></span> 
     </span>
    </p>
   </div>
   <div class='ocr_carea' id='block_1_32' title="bbox 1839 1628 3404 1708">
    <p class='ocr_par' dir='ltr' id='par_1_32' title="bbox 1839 1628 3404 1708">
     <span class='ocr_line' id='line_1_32' title="bbox 1839 1628 3404 1708; baseline 0.009 -27"><span class='ocrx_word' id='word_1_213' title='bbox 1839 1643 1869 1681; x_wconf 90' lang='lat' dir='ltr'><strong>a</strong></span> <span class='ocrx_word' id='word_1_214' title='bbox 1901 1628 2168 1685; x_wconf 82' lang='lat' dir='ltr'><strong>Romanis</strong></span> <span class='ocrx_word' id='word_1_215' title='bbox 2198 1647 2332 1685; x_wconf 86' lang='lat' dir='ltr'><strong>vero</strong></span> <span class='ocrx_word' id='word_1_216' title='bbox 2362 1632 2653 1689; x_wconf 86' lang='lat' dir='ltr'><strong>Saracenis</strong></span> <span class='ocrx_word' id='word_1_217' title='bbox 2692 1636 2804 1690; x_wconf 75' lang='lat' dir='ltr'><strong>dux</strong></span> <span class='ocrx_word' id='word_1_218' title='bbox 2837 1638 3019 1691; x_wconf 82' lang='lat' dir='ltr'><strong>Ahrns</strong></span> <span class='ocrx_word' id='word_1_219' title='bbox 3057 1648 3254 1708; x_wconf 88' lang='lat' dir='ltr'><strong>captus</strong></span> <span class='ocrx_word' id='word_1_220' title='bbox 3294 1650 3404 1706; x_wconf 88' lang='lat' dir='ltr'><strong>est,</strong></span> 
     </span>
    </p>
   </div>
   <div class='ocr_carea' id='block_1_33' title="bbox 210 1696 1733 1795">
    <p class='ocr_par' dir='ltr' id='par_1_33' title="bbox 210 1696 1732 1794">
     <span class='ocr_line' id='line_1_33' title="bbox 210 1696 1732 1794; baseline 0.005 -22"><span class='ocrx_word' id='word_1_221' title='bbox 210 1696 613 1788; x_wconf 64' lang='grc' dir='ltr'>πληγείςέπεσε.</span> <span class='ocrx_word' id='word_1_222' title='bbox 646 1696 764 1793; x_wconf 77' lang='grc' dir='ltr'><strong>Τῆς</strong></span> <span class='ocrx_word' id='word_1_223' title='bbox 793 1723 904 1792; x_wconf 84' lang='grc' dir='ltr'><strong>γὰρ</strong></span> <span class='ocrx_word' id='word_1_224' title='bbox 933 1722 1158 1793; x_wconf 78' lang='grc' dir='ltr'>ἀμιξίας</span> <span class='ocrx_word' id='word_1_225' title='bbox 1179 1724 1225 1756; x_wconf 72' lang='grc'><strong>⁵³</strong></span> <span class='ocrx_word' id='word_1_226' title='bbox 1264 1696 1559 1794; x_wconf 77' lang='grc' dir='ltr'>γενομένης</span> <span class='ocrx_word' id='word_1_227' title='bbox 1597 1724 1732 1794; x_wconf 81' lang='lat' dir='ltr'><strong>(l5),</strong></span> 
     </span>
    </p>
   </div>
   <div class='ocr_carea' id='block_1_34' title="bbox 1835 1696 3409 1795">
    <p class='ocr_par' dir='ltr' id='par_1_34' title="bbox 1840 1718 3409 1795">
     <span class='ocr_line' id='line_1_34' title="bbox 1840 1718 3409 1795; baseline 0.01 -22"><span class='ocrx_word' id='word_1_228' title='bbox 1840 1718 2241 1789; x_wconf 87' lang='lat' dir='ltr'><strong>Stephanacius</strong></span> <span class='ocrx_word' id='word_1_229' title='bbox 2266 1722 2432 1795; x_wconf 66' lang='grc'><strong>464</strong></span> <span class='ocrx_word' id='word_1_230' title='bbox 2453 1741 2583 1779; x_wconf 90' lang='lat' dir='ltr'><strong>vero</strong></span> <span class='ocrx_word' id='word_1_231' title='bbox 2609 1743 2674 1780; x_wconf 78' lang='lat' dir='ltr'><strong>ex</strong></span> <span class='ocrx_word' id='word_1_232' title='bbox 2715 1728 2946 1783; x_wconf 87' lang='lat' dir='ltr'><strong>vulnere</strong></span> <span class='ocrx_word' id='word_1_233' title='bbox 2979 1731 3208 1785; x_wconf 89' lang='lat' dir='ltr'><strong>cecidit.</strong></span> <span class='ocrx_word' id='word_1_234' title='bbox 3234 1731 3409 1788; x_wconf 66' lang='lat' dir='ltr'><strong>Caete-</strong></span> 
     </span>
    </p>
   </div>
   <div class='ocr_carea' id='block_1_35' title="bbox 209 1814 1733 1889">
    <p class='ocr_par' dir='ltr' id='par_1_35' title="bbox 209 1814 1733 1889">
     <span class='ocr_line' id='line_1_35' title="bbox 209 1814 1733 1889; baseline 0.003 -22"><span class='ocrx_word' id='word_1_235' title='bbox 209 1814 437 1884; x_wconf 63' lang='grc' dir='ltr'>ὁ¹Δψκαλ</span> <span class='ocrx_word' id='word_1_236' title='bbox 466 1818 544 1878; x_wconf 87' lang='grc' dir='ltr'><strong>είς</strong></span> <span class='ocrx_word' id='word_1_237' title='bbox 573 1815 742 1885; x_wconf 80' lang='grc' dir='ltr'>μέσον</span> <span class='ocrx_word' id='word_1_238' title='bbox 765 1815 915 1889; x_wconf 74' lang='grc'>[205]</span> <span class='ocrx_word' id='word_1_239' title='bbox 952 1817 1180 1889; x_wconf 85' lang='grc' dir='ltr'>Περσῶν</span> <span class='ocrx_word' id='word_1_240' title='bbox 1212 1818 1484 1889; x_wconf 81' lang='grc' dir='ltr'>ὁρμήσας,</span> <span class='ocrx_word' id='word_1_241' title='bbox 1517 1820 1613 1872; x_wconf 74' lang='grc' dir='ltr'>καὶ</span> <span class='ocrx_word' id='word_1_242' title='bbox 1638 1819 1733 1872; x_wconf 80' lang='grc' dir='ltr'>τοῦ</span> 
     </span>
    </p>
   </div>
   <div class='ocr_carea' id='block_1_36' title="bbox 209 1908 1734 1981">
    <p class='ocr_par' dir='ltr' id='par_1_36' title="bbox 209 1908 1734 1981">
     <span class='ocr_line' id='line_1_36' title="bbox 209 1908 1734 1981; baseline 0.005 -22"><span class='ocrx_word' id='word_1_243' title='bbox 209 1909 348 1961; x_wconf 76' lang='grc' dir='ltr'>ἵππου</span> <span class='ocrx_word' id='word_1_244' title='bbox 371 1909 520 1962; x_wconf 76' lang='grc' dir='ltr'>αὐτοῦ</span> <span class='ocrx_word' id='word_1_245' title='bbox 556 1910 902 1979; x_wconf 83' lang='grc' dir='ltr'>πατήσαντος</span> <span class='ocrx_word' id='word_1_246' title='bbox 934 1908 1208 1980; x_wconf 77' lang='grc' dir='ltr'>λείψανον,</span> <span class='ocrx_word' id='word_1_247' title='bbox 1247 1911 1329 1974; x_wconf 81' lang='grc' dir='ltr'><strong>είς</strong></span> <span class='ocrx_word' id='word_1_248' title='bbox 1362 1911 1528 1981; x_wconf 85' lang='grc' dir='ltr'>μέσον</span> <span class='ocrx_word' id='word_1_249' title='bbox 1553 1910 1734 1966; x_wconf 85' lang='grc' dir='ltr'>αὐτῶν</span> 
     </span>
    </p>
   </div>
   <div class='ocr_carea' id='block_1_37' title="bbox 206 1999 1733 2072">
    <p class='ocr_par' dir='ltr' id='par_1_37' title="bbox 206 1999 1733 2072">
     <span class='ocr_line' id='line_1_37' title="bbox 206 1999 1733 2072; baseline 0.001 -21"><span class='ocrx_word' id='word_1_250' title='bbox 206 1999 441 2052; x_wconf 67' lang='grc' dir='ltr'>ἀτιὶιλετοο</span> <span class='ocrx_word' id='word_1_251' title='bbox 496 2001 546 2052; x_wconf 86' lang='grc' dir='ltr'><strong>οί</strong></span> <span class='ocrx_word' id='word_1_252' title='bbox 601 1999 660 2053; x_wconf 83' lang='grc' dir='ltr'><strong>δὲ</strong></span> <span class='ocrx_word' id='word_1_253' title='bbox 704 1999 919 2071; x_wconf 82' lang='grc' dir='ltr'>Φρύγες</span> <span class='ocrx_word' id='word_1_254' title='bbox 987 2001 1300 2072; x_wconf 78' lang='grc' dir='ltr'>ἑωρακότες</span> <span class='ocrx_word' id='word_1_255' title='bbox 1363 2000 1454 2055; x_wconf 78' lang='grc' dir='ltr'>τὸν</span> <span class='ocrx_word' id='word_1_256' title='bbox 1507 2000 1733 2071; x_wconf 74' lang='grc' dir='ltr'>ἔξαρχον</span> 
     </span>
    </p>
   </div>
   <div class='ocr_carea' id='block_1_38' title="bbox 208 2089 1733 2161">
    <p class='ocr_par' dir='ltr' id='par_1_38' title="bbox 208 2089 1733 2161">
     <span class='ocr_line' id='line_1_38' title="bbox 208 2089 1733 2161; baseline 0.002 -20"><span class='ocrx_word' id='word_1_257' title='bbox 208 2090 377 2142; x_wconf 73' lang='grc' dir='ltr'>ἑαυτῶν</span> <span class='ocrx_word' id='word_1_258' title='bbox 406 2092 635 2143; x_wconf 67' lang='grc' dir='ltr'>πεσόντα</span> <span class='ocrx_word' id='word_1_259' title='bbox 670 2092 765 2143; x_wconf 74' lang='grc' dir='ltr'>καὶ</span> <span class='ocrx_word' id='word_1_260' title='bbox 803 2091 864 2143; x_wconf 86' lang='grc' dir='ltr'>τὸ</span> <span class='ocrx_word' id='word_1_261' title='bbox 915 2090 1105 2161; x_wconf 86' lang='grc' dir='ltr'>βάνδον</span> <span class='ocrx_word' id='word_1_262' title='bbox 1157 2089 1323 2144; x_wconf 77' lang='grc' dir='ltr'>αὐτοϋ</span> <span class='ocrx_word' id='word_1_263' title='bbox 1359 2090 1464 2143; x_wconf 71' lang='grc' dir='ltr'><strong>ὐπὸ</strong></span> <span class='ocrx_word' id='word_1_264' title='bbox 1505 2090 1733 2160; x_wconf 86' lang='grc' dir='ltr'>Περσῶν</span> 
     </span>
    </p>
   </div>
   <div class='ocr_carea' id='block_1_39' title="bbox 214 2177 1733 2252">
    <p class='ocr_par' dir='ltr' id='par_1_39' title="bbox 214 2177 1733 2252">
     <span class='ocr_line' id='line_1_39' title="bbox 214 2177 1733 2252; baseline 0.002 -21"><span class='ocrx_word' id='word_1_265' title='bbox 214 2177 529 2247; x_wconf 66' lang='grc' dir='ltr'>συλληφθέντα</span> <span class='ocrx_word' id='word_1_266' title='bbox 581 2182 662 2243; x_wconf 87' lang='grc' dir='ltr'><strong>είς</strong></span> <span class='ocrx_word' id='word_1_267' title='bbox 704 2181 883 2252; x_wconf 78' lang='grc' dir='ltr'>φυγὴν</span> <span class='ocrx_word' id='word_1_268' title='bbox 928 2183 1269 2252; x_wconf 80' lang='grc' dir='ltr'>ἐτράπησαν,</span> <span class='ocrx_word' id='word_1_269' title='bbox 1317 2182 1416 2234; x_wconf 79' lang='grc' dir='ltr'>σὺν</span> <span class='ocrx_word' id='word_1_270' title='bbox 1448 2181 1633 2242; x_wconf 83' lang='grc' dir='ltr'>αὐτοῖς</span> <span class='ocrx_word' id='word_1_271' title='bbox 1674 2180 1733 2234; x_wconf 82' lang='grc' dir='ltr'><strong>δὲ</strong></span> 
     </span>
    </p>
   </div>
   <div class='ocr_carea' id='block_1_40' title="bbox 221 2271 1733 2342">
    <p class='ocr_par' dir='ltr' id='par_1_40' title="bbox 221 2271 1733 2342">
     <span class='ocr_line' id='line_1_40' title="bbox 221 2271 1733 2342; baseline 0.003 -21"><span class='ocrx_word' id='word_1_272' title='bbox 221 2271 306 2321; x_wconf 69' lang='grc' dir='ltr'>καὶ</span> <span class='ocrx_word' id='word_1_273' title='bbox 337 2272 377 2323; x_wconf 77' lang='grc' dir='ltr'>οἱ</span> <span class='ocrx_word' id='word_1_274' title='bbox 398 2272 691 2342; x_wconf 70' lang='grc' dir='ltr'>Σορακηνοὶ</span> <span class='ocrx_word' id='word_1_275' title='bbox 746 2271 1055 2341; x_wconf 84' lang='grc' dir='ltr'>Ῥωμαίων.</span> <span class='ocrx_word' id='word_1_276' title='bbox 1108 2272 1291 2325; x_wconf 72' lang='grc' dir='ltr'>Ἄλλοι</span> <span class='ocrx_word' id='word_1_277' title='bbox 1339 2271 1398 2325; x_wconf 83' lang='grc' dir='ltr'><strong>δὲ</strong></span> <span class='ocrx_word' id='word_1_278' title='bbox 1437 2271 1733 2342; x_wconf 77' lang='grc' dir='ltr'>ἐπέμειναν</span> 
     </span>
    </p>
   </div>
   <div class='ocr_carea' id='block_1_41' title="bbox 226 2362 1733 2435">
    <p class='ocr_par' dir='ltr' id='par_1_41' title="bbox 226 2362 1733 2435">
     <span class='ocr_line' id='line_1_41' title="bbox 226 2362 1733 2435; baseline 0.003 -22"><span class='ocrx_word' id='word_1_279' title='bbox 226 2362 311 2414; x_wconf 70' lang='grc' dir='ltr'>σὺν</span> <span class='ocrx_word' id='word_1_280' title='bbox 332 2364 481 2435; x_wconf 67' lang='grc' dir='ltr'>’Δρέϐᾳ</span> <span class='ocrx_word' id='word_1_281' title='bbox 506 2364 834 2434; x_wconf 83' lang='grc' dir='ltr'>μαχόμενοι.</span> <span class='ocrx_word' id='word_1_282' title='bbox 870 2363 1175 2418; x_wconf 78' lang='grc' dir='ltr'>’Υπέλαϐον</span> <span class='ocrx_word' id='word_1_283' title='bbox 1214 2364 1271 2417; x_wconf 85' lang='grc' dir='ltr'><strong>δέ</strong></span> <span class='ocrx_word' id='word_1_284' title='bbox 1303 2381 1447 2427; x_wconf 87' lang='grc' dir='ltr'>τινες</span> <span class='ocrx_word' id='word_1_285' title='bbox 1480 2365 1564 2418; x_wconf 87' lang='grc' dir='ltr'>ὅτι</span> <span class='ocrx_word' id='word_1_286' title='bbox 1591 2364 1733 2418; x_wconf 83' lang='grc' dir='ltr'>κατὰ</span> 
     </span>
    </p>
   </div>
   <div class='ocr_carea' id='block_1_42' title="bbox 217 2455 1730 2529">
    <p class='ocr_par' dir='ltr' id='par_1_42' title="bbox 217 2455 1730 2529">
     <span class='ocr_line' id='line_1_42' title="bbox 217 2455 1730 2529; baseline 0.003 -22"><span class='ocrx_word' id='word_1_287' title='bbox 217 2455 456 2526; x_wconf 70' lang='grc' dir='ltr'>προδοσίαν</span> <span class='ocrx_word' id='word_1_288' title='bbox 486 2458 597 2511; x_wconf 84' lang='grc' dir='ltr'><strong>τῶν</strong></span> <span class='ocrx_word' id='word_1_289' title='bbox 626 2456 922 2529; x_wconf 78' lang='grc' dir='ltr'>φυλάρχων</span> <span class='ocrx_word' id='word_1_290' title='bbox 956 2456 1138 2510; x_wconf 87' lang='grc' dir='ltr'>αὐτῶν</span> <span class='ocrx_word' id='word_1_291' title='bbox 1170 2456 1414 2509; x_wconf 82' lang='grc' dir='ltr'>ὃέδωκαν</span> <span class='ocrx_word' id='word_1_292' title='bbox 1445 2457 1590 2509; x_wconf 85' lang='grc' dir='ltr'>νῶτα</span> <span class='ocrx_word' id='word_1_293' title='bbox 1619 2456 1730 2528; x_wconf 79' lang='grc'><strong>(16)</strong></span> 
     </span>
    </p>
   </div>
   <div class='ocr_carea' id='block_1_43' title="bbox 200 2549 1733 2622">
    <p class='ocr_par' dir='ltr' id='par_1_43' title="bbox 200 2549 1733 2622">
     <span class='ocr_line' id='line_1_43' title="bbox 200 2549 1733 2622; baseline 0.002 -21"><span class='ocrx_word' id='word_1_294' title='bbox 200 2550 397 2620; x_wconf 75' lang='grc' dir='ltr'>φανεροὶ</span> <span class='ocrx_word' id='word_1_295' title='bbox 420 2551 523 2605; x_wconf 86' lang='grc' dir='ltr'><strong>τῶν</strong></span> <span class='ocrx_word' id='word_1_296' title='bbox 550 2550 912 2622; x_wconf 81' lang='grc' dir='ltr'>Σαρακηνῶν.</span> <span class='ocrx_word' id='word_1_297' title='bbox 938 2550 1185 2620; x_wconf 86' lang='grc' dir='ltr'>Ἵσαυροι</span> <span class='ocrx_word' id='word_1_298' title='bbox 1206 2549 1265 2602; x_wconf 85' lang='grc' dir='ltr'><strong>δὲ</strong></span> <span class='ocrx_word' id='word_1_299' title='bbox 1292 2549 1519 2619; x_wconf 83' lang='grc' dir='ltr'>πλησίον</span> <span class='ocrx_word' id='word_1_300' title='bbox 1553 2549 1733 2604; x_wconf 85' lang='grc' dir='ltr'>αὐτῶν</span> 
     </span>
    </p>
   </div>
   <div class='ocr_carea' id='block_1_44' title="bbox 190 2640 1731 2713">
    <p class='ocr_par' dir='ltr' id='par_1_44' title="bbox 190 2640 1731 2713">
     <span class='ocr_line' id='line_1_44' title="bbox 190 2640 1731 2713; baseline -0.001 -20"><span class='ocrx_word' id='word_1_301' title='bbox 190 2640 396 2706; x_wconf 71' lang='grc' dir='ltr'>ἑστῶτες</span> <span class='ocrx_word' id='word_1_302' title='bbox 419 2644 510 2697; x_wconf 71' lang='grc' dir='ltr'>καὶ</span> <span class='ocrx_word' id='word_1_303' title='bbox 544 2643 749 2706; x_wconf 77' lang='grc' dir='ltr'>ειδότες</span> <span class='ocrx_word' id='word_1_304' title='bbox 775 2642 820 2675; x_wconf 71' lang='grc'><strong>⁸⁵</strong></span> <span class='ocrx_word' id='word_1_305' title='bbox 851 2643 980 2705; x_wconf 83' lang='grc' dir='ltr'><strong>τούς</strong></span> <span class='ocrx_word' id='word_1_306' title='bbox 1018 2640 1376 2713; x_wconf 85' lang='grc' dir='ltr'>Σαρακηνοὺς</span> <span class='ocrx_word' id='word_1_307' title='bbox 1405 2641 1731 2711; x_wconf 85' lang='grc' dir='ltr'>φεύγοντας,</span> 
     </span>
    </p>
   </div>
   <div class='ocr_carea' id='block_1_45' title="bbox 183 2732 1730 2805">
    <p class='ocr_par' dir='ltr' id='par_1_45' title="bbox 183 2732 1730 2805">
     <span class='ocr_line' id='line_1_45' title="bbox 183 2732 1730 2805; baseline 0.003 -22"><span class='ocrx_word' id='word_1_308' title='bbox 183 2732 392 2804; x_wconf 67' lang='grc' dir='ltr'>ἔρριψαν</span> <span class='ocrx_word' id='word_1_309' title='bbox 415 2736 641 2799; x_wconf 81' lang='grc' dir='ltr'>ἑαυτοὺς</span> <span class='ocrx_word' id='word_1_310' title='bbox 675 2735 735 2789; x_wconf 82' lang='grc' dir='ltr'><strong>ἐν</strong></span> <span class='ocrx_word' id='word_1_311' title='bbox 769 2735 846 2803; x_wconf 81' lang='grc' dir='ltr'>τῷ</span> <span class='ocrx_word' id='word_1_312' title='bbox 876 2733 1159 2805; x_wconf 79' lang='grc' dir='ltr'>Εὐφράτῃ,</span> <span class='ocrx_word' id='word_1_313' title='bbox 1188 2732 1503 2802; x_wconf 79' lang='grc' dir='ltr'>νομίζοντες</span> <span class='ocrx_word' id='word_1_314' title='bbox 1532 2734 1730 2803; x_wconf 79' lang='grc' dir='ltr'>περᾷν.</span> 
     </span>
    </p>
   </div>
   <div class='ocr_carea' id='block_1_46' title="bbox 180 2821 1731 2897">
    <p class='ocr_par' dir='ltr' id='par_1_46' title="bbox 180 2821 1731 2897">
     <span class='ocr_line' id='line_1_46' title="bbox 180 2821 1731 2897; baseline -0.002 -20"><span class='ocrx_word' id='word_1_315' title='bbox 180 2823 470 2897; x_wconf 67' lang='grc' dir='ltr'>Βελισάριος</span> <span class='ocrx_word' id='word_1_316' title='bbox 507 2827 567 2880; x_wconf 74' lang='grc' dir='ltr'><strong>δὲ</strong></span> <span class='ocrx_word' id='word_1_317' title='bbox 616 2823 879 2895; x_wconf 74' lang='grc' dir='ltr'>ἑωρακὼς</span> <span class='ocrx_word' id='word_1_318' title='bbox 930 2824 993 2877; x_wconf 84' lang='grc' dir='ltr'>τὸ</span> <span class='ocrx_word' id='word_1_319' title='bbox 1019 2824 1345 2894; x_wconf 87' lang='grc' dir='ltr'>γενόμενον,</span> <span class='ocrx_word' id='word_1_320' title='bbox 1382 2821 1564 2877; x_wconf 75' lang='grc' dir='ltr'>λαϐὼν</span> <span class='ocrx_word' id='word_1_321' title='bbox 1608 2821 1731 2893; x_wconf 82' lang='grc' dir='ltr'>μεθ’</span> 
     </span>
    </p>
   </div>
   <div class='ocr_carea' id='block_1_47' title="bbox 176 2913 1734 2987">
    <p class='ocr_par' dir='ltr' id='par_1_47' title="bbox 176 2913 1734 2987">
     <span class='ocr_line' id='line_1_47' title="bbox 176 2913 1734 2987; baseline -0.001 -17"><span class='ocrx_word' id='word_1_322' title='bbox 176 2917 356 2970; x_wconf 70' lang='grc' dir='ltr'>ἑαυτοῦ</span> <span class='ocrx_word' id='word_1_323' title='bbox 383 2918 442 2971; x_wconf 74' lang='grc' dir='ltr'><strong>τὸ</strong></span> <span class='ocrx_word' id='word_1_324' title='bbox 472 2918 609 2971; x_wconf 73' lang='grc' dir='ltr'>ἴδιον</span> <span class='ocrx_word' id='word_1_325' title='bbox 635 2915 827 2987; x_wconf 85' lang='grc' dir='ltr'>βάνδον</span> <span class='ocrx_word' id='word_1_326' title='bbox 856 2915 1088 2987; x_wconf 81' lang='grc' dir='ltr'>ἀνῆλθεν</span> <span class='ocrx_word' id='word_1_327' title='bbox 1113 2915 1170 2967; x_wconf 86' lang='grc' dir='ltr'><strong>ἐν</strong></span> <span class='ocrx_word' id='word_1_328' title='bbox 1204 2915 1375 2986; x_wconf 84' lang='grc' dir='ltr'>πλοίῳ</span> <span class='ocrx_word' id='word_1_329' title='bbox 1393 2930 1407 2944; x_wconf 81' lang='grc'><em>’</em></span> <span class='ocrx_word' id='word_1_330' title='bbox 1437 2915 1531 2969; x_wconf 78' lang='grc' dir='ltr'>καὶ</span> <span class='ocrx_word' id='word_1_331' title='bbox 1560 2913 1734 2983; x_wconf 84' lang='grc' dir='ltr'>περά-</span> 
     </span>
    </p>
   </div>
   <div class='ocr_carea' id='block_1_48' title="bbox 176 3003 1798 3101">
    <p class='ocr_par' dir='ltr' id='par_1_48' title="bbox 176 3003 1798 3101">
     <span class='ocr_line' id='line_1_48' title="bbox 176 3003 1798 3101; baseline 0 -43"><span class='ocrx_word' id='word_1_332' title='bbox 176 3024 269 3072; x_wconf 78' lang='grc' dir='ltr'><strong>σας</strong></span> <span class='ocrx_word' id='word_1_333' title='bbox 294 3009 380 3062; x_wconf 69' lang='grc' dir='ltr'><strong>τὸν</strong></span> <span class='ocrx_word' id='word_1_334' title='bbox 400 3009 695 3079; x_wconf 77' lang='grc' dir='ltr'>Εὐφράτην</span> <span class='ocrx_word' id='word_1_335' title='bbox 722 3003 886 3079; x_wconf 77' lang='grc' dir='ltr'>ἦλθεν</span> <span class='ocrx_word' id='word_1_336' title='bbox 908 3009 991 3071; x_wconf 81' lang='grc' dir='ltr'><strong>είς</strong></span> <span class='ocrx_word' id='word_1_337' title='bbox 1017 3006 1367 3101; x_wconf 65' lang='grc' dir='ltr'><strong>Καλλίνικονἶ</strong></span> <span class='ocrx_word' id='word_1_338' title='bbox 1393 3005 1730 3101; x_wconf 71' lang='grc' dir='ltr'>Συνηκολού-</span> <span class='ocrx_word' id='word_1_339' title='bbox 1754 3043 1798 3101; x_wconf 79' lang='lat' dir='ltr'><strong>c</strong></span> 
     </span>
    </p>
   </div>
   <div class='ocr_carea' id='block_1_49' title="bbox 171 3095 1728 3171">
    <p class='ocr_par' dir='ltr' id='par_1_49' title="bbox 171 3095 1728 3171">
     <span class='ocr_line' id='line_1_49' title="bbox 171 3095 1728 3171; baseline -0.002 -19"><span class='ocrx_word' id='word_1_340' title='bbox 171 3098 368 3168; x_wconf 73' lang='grc' dir='ltr'><strong>θηπεδὲ</strong></span> <span class='ocrx_word' id='word_1_341' title='bbox 408 3098 561 3171; x_wconf 78' lang='grc' dir='ltr'>αὐτῷ</span> <span class='ocrx_word' id='word_1_342' title='bbox 592 3099 690 3153; x_wconf 80' lang='grc' dir='ltr'>καὶ</span> <span class='ocrx_word' id='word_1_343' title='bbox 717 3100 746 3152; x_wconf 83' lang='grc' dir='ltr'><strong>ὁ</strong></span> <span class='ocrx_word' id='word_1_344' title='bbox 782 3097 1011 3169; x_wconf 82' lang='grc' dir='ltr'>στρατὸς</span> <span class='ocrx_word' id='word_1_345' title='bbox 1059 3095 1257 3150; x_wconf 74' lang='grc' dir='ltr'>αὐτοῦ’</span> <span class='ocrx_word' id='word_1_346' title='bbox 1282 3095 1381 3151; x_wconf 74' lang='grc' dir='ltr'>καὶ</span> <span class='ocrx_word' id='word_1_347' title='bbox 1418 3097 1469 3149; x_wconf 84' lang='lat' dir='ltr'><strong>el</strong></span> <span class='ocrx_word' id='word_1_348' title='bbox 1503 3096 1602 3167; x_wconf 81' lang='grc' dir='ltr'>μὲν</span> <span class='ocrx_word' id='word_1_349' title='bbox 1646 3097 1728 3159; x_wconf 86' lang='grc' dir='ltr'><strong>εἰς</strong></span> 
     </span>
    </p>
   </div>
   <div class='ocr_carea' id='block_1_50' title="bbox 168 3187 1730 3262">
    <p class='ocr_par' dir='ltr' id='par_1_50' title="bbox 168 3187 1730 3262">
     <span class='ocr_line' id='line_1_50' title="bbox 168 3187 1730 3262; baseline -0.004 -18"><span class='ocrx_word' id='word_1_350' title='bbox 168 3190 323 3244; x_wconf 69' lang='grc' dir='ltr'>πλοῖα</span> <span class='ocrx_word' id='word_1_351' title='bbox 346 3190 637 3262; x_wconf 77' lang='grc' dir='ltr'>ἐμϐάντες,</span> <span class='ocrx_word' id='word_1_352' title='bbox 671 3190 722 3243; x_wconf 80' lang='grc' dir='ltr'>οι</span> <span class='ocrx_word' id='word_1_353' title='bbox 757 3190 816 3244; x_wconf 84' lang='grc' dir='ltr'><strong>δέ</strong></span> <span class='ocrx_word' id='word_1_354' title='bbox 851 3187 991 3260; x_wconf 79' lang='grc' dir='ltr'>μετὰ</span> <span class='ocrx_word' id='word_1_355' title='bbox 1023 3187 1133 3241; x_wconf 85' lang='grc' dir='ltr'><strong>τῶν</strong></span> <span class='ocrx_word' id='word_1_356' title='bbox 1160 3187 1348 3241; x_wconf 82' lang='grc' dir='ltr'>ἵππων</span> <span class='ocrx_word' id='word_1_357' title='bbox 1383 3187 1730 3259; x_wconf 76' lang='grc' dir='ltr'>ἐκκολυμϐῆ-</span> 
     </span>
    </p>
   </div>
   <div class='ocr_carea' id='block_1_51' title="bbox 169 3278 1726 3354">
    <p class='ocr_par' dir='ltr' id='par_1_51' title="bbox 169 3278 1726 3354">
     <span class='ocr_line' id='line_1_51' title="bbox 169 3278 1726 3354; baseline 0.001 -23"><span class='ocrx_word' id='word_1_358' title='bbox 169 3297 255 3335; x_wconf 82' lang='grc' dir='ltr'><strong>σαι</strong></span> <span class='ocrx_word' id='word_1_359' title='bbox 294 3282 633 3354; x_wconf 79' lang='grc' dir='ltr'>βουλόμενοι,</span> <span class='ocrx_word' id='word_1_360' title='bbox 669 3282 999 3352; x_wconf 73' lang='grc' dir='ltr'>ἐπλήρωσαν</span> <span class='ocrx_word' id='word_1_361' title='bbox 1040 3279 1132 3334; x_wconf 79' lang='grc' dir='ltr'>τὸν</span> <span class='ocrx_word' id='word_1_362' title='bbox 1164 3279 1408 3351; x_wconf 79' lang='grc' dir='ltr'>ποταμὸν</span> <span class='ocrx_word' id='word_1_363' title='bbox 1437 3278 1726 3348; x_wconf 79' lang='grc' dir='ltr'>λειψάνων.</span> 
     </span>
    </p>
   </div>
   <div class='ocr_carea' id='block_1_52' title="bbox 164 3370 1730 3444">
    <p class='ocr_par' dir='ltr' id='par_1_52' title="bbox 164 3370 1730 3444">
     <span class='ocr_line' id='line_1_52' title="bbox 164 3370 1730 3444; baseline -0.002 -19"><span class='ocrx_word' id='word_1_364' title='bbox 164 3373 418 3438; x_wconf 80' lang='grc' dir='ltr'>Σουνίκας</span> <span class='ocrx_word' id='word_1_365' title='bbox 460 3375 521 3429; x_wconf 80' lang='grc' dir='ltr'><strong>δὲ</strong></span> <span class='ocrx_word' id='word_1_366' title='bbox 579 3375 676 3429; x_wconf 80' lang='grc' dir='ltr'>καὶ</span> <span class='ocrx_word' id='word_1_367' title='bbox 727 3373 943 3444; x_wconf 85' lang='grc' dir='ltr'>Σίμμας</span> <span class='ocrx_word' id='word_1_368' title='bbox 985 3373 1283 3444; x_wconf 82' lang='grc' dir='ltr'>ἐπέμειναν</span> <span class='ocrx_word' id='word_1_369' title='bbox 1321 3372 1461 3441; x_wconf 88' lang='grc' dir='ltr'><strong>μετά</strong></span> <span class='ocrx_word' id='word_1_370' title='bbox 1503 3370 1730 3441; x_wconf 83' lang='grc' dir='ltr'>Περσῶν</span> 
     </span>
    </p>
   </div>
   <div class='ocr_carea' id='block_1_53' title="bbox 166 3462 1732 3537">
    <p class='ocr_par' dir='ltr' id='par_1_53' title="bbox 166 3462 1732 3537">
     <span class='ocr_line' id='line_1_53' title="bbox 166 3462 1732 3537; baseline -0.004 -16"><span class='ocrx_word' id='word_1_371' title='bbox 166 3467 493 3537; x_wconf 80' lang='grc' dir='ltr'>μαχόμενοι·</span> <span class='ocrx_word' id='word_1_372' title='bbox 528 3467 628 3521; x_wconf 75' lang='grc' dir='ltr'>καὶ</span> <span class='ocrx_word' id='word_1_373' title='bbox 656 3467 707 3519; x_wconf 78' lang='lat' dir='ltr'><strong>oi</strong></span> <span class='ocrx_word' id='word_1_374' title='bbox 736 3465 828 3518; x_wconf 82' lang='grc' dir='ltr'>δύο</span> <span class='ocrx_word' id='word_1_375' title='bbox 851 3466 1070 3537; x_wconf 75' lang='grc' dir='ltr'>ἔξαρχοι</span> <span class='ocrx_word' id='word_1_376' title='bbox 1105 3465 1488 3535; x_wconf 75' lang='grc' dir='ltr'>ἐπιμείναντες</span> <span class='ocrx_word' id='word_1_377' title='bbox 1512 3463 1557 3495; x_wconf 76' lang='grc'><strong>⁸⁵</strong></span> <span class='ocrx_word' id='word_1_378' title='bbox 1590 3462 1732 3533; x_wconf 85' lang='grc' dir='ltr'><strong>μετά</strong></span> 
     </span>
    </p>
   </div>
   <div class='ocr_carea' id='block_1_54' title="bbox 160 3554 1731 3629">
    <p class='ocr_par' dir='ltr' id='par_1_54' title="bbox 160 3554 1731 3629">
     <span class='ocr_line' id='line_1_54' title="bbox 160 3554 1731 3629; baseline -0.001 -22"><span class='ocrx_word' id='word_1_379' title='bbox 160 3557 253 3609; x_wconf 74' lang='grc' dir='ltr'><strong>τοῦ</strong></span> <span class='ocrx_word' id='word_1_380' title='bbox 289 3558 734 3629; x_wconf 82' lang='grc' dir='ltr'>περιλειφθέντος</span> <span class='ocrx_word' id='word_1_381' title='bbox 769 3556 1006 3628; x_wconf 84' lang='grc' dir='ltr'>στρατοῦ</span> <span class='ocrx_word' id='word_1_382' title='bbox 1054 3556 1361 3619; x_wconf 82' lang='grc' dir='ltr'>ἀποϐάντες</span> <span class='ocrx_word' id='word_1_383' title='bbox 1395 3554 1504 3607; x_wconf 85' lang='grc' dir='ltr'><strong>τῶν</strong></span> <span class='ocrx_word' id='word_1_384' title='bbox 1545 3554 1731 3607; x_wconf 76' lang='grc' dir='ltr'>ἵππων</span> 
     </span>
    </p>
   </div>
   <div class='ocr_carea' id='block_1_55' title="bbox 160 3641 1730 3717">
    <p class='ocr_par' dir='ltr' id='par_1_55' title="bbox 160 3641 1730 3717">
     <span class='ocr_line' id='line_1_55' title="bbox 160 3641 1730 3717; baseline -0.001 -21"><span class='ocrx_word' id='word_1_385' title='bbox 160 3645 383 3717; x_wconf 77' lang='grc' dir='ltr'>πεζινὴν</span> <span class='ocrx_word' id='word_1_386' title='bbox 428 3647 613 3717; x_wconf 87' lang='grc' dir='ltr'>μάχην</span> <span class='ocrx_word' id='word_1_387' title='bbox 659 3645 929 3715; x_wconf 85' lang='grc' dir='ltr'>ἐμάχοντο</span> <span class='ocrx_word' id='word_1_388' title='bbox 976 3645 1277 3713; x_wconf 83' lang='grc' dir='ltr'>γενναίως,</span> <span class='ocrx_word' id='word_1_389' title='bbox 1318 3644 1412 3696; x_wconf 77' lang='grc' dir='ltr'>καὶ</span> <span class='ocrx_word' id='word_1_390' title='bbox 1455 3641 1730 3706; x_wconf 84' lang='grc' dir='ltr'>τακτικῶς</span> 
     </span>
    </p>
   </div>
   <div class='ocr_carea' id='block_1_56' title="bbox 159 3733 1728 3807">
    <p class='ocr_par' dir='ltr' id='par_1_56' title="bbox 159 3733 1728 3807">
     <span class='ocr_line' id='line_1_56' title="bbox 159 3733 1728 3807; baseline -0.003 -16"><span class='ocrx_word' id='word_1_391' title='bbox 159 3737 495 3807; x_wconf 76' lang='grc' dir='ltr'>χρησάμενοι</span> <span class='ocrx_word' id='word_1_392' title='bbox 526 3737 759 3799; x_wconf 84' lang='grc' dir='ltr'>πολλοὺς</span> <span class='ocrx_word' id='word_1_393' title='bbox 794 3736 1089 3790; x_wconf 83' lang='grc' dir='ltr'>ἀπώλεσαν</span> <span class='ocrx_word' id='word_1_394' title='bbox 1125 3738 1188 3788; x_wconf 85' lang='grc' dir='ltr'><strong>ἐκ</strong></span> <span class='ocrx_word' id='word_1_395' title='bbox 1228 3736 1336 3788; x_wconf 85' lang='grc' dir='ltr'><strong>τῶν</strong></span> <span class='ocrx_word' id='word_1_396' title='bbox 1377 3733 1625 3805; x_wconf 84' lang='grc' dir='ltr'>Περσῶν.</span> <span class='ocrx_word' id='word_1_397' title='bbox 1653 3734 1728 3788; x_wconf 89' lang='grc' dir='ltr'><strong>Οὐ</strong></span> 
     </span>
    </p>
   </div>
   <div class='ocr_carea' id='block_1_57' title="bbox 162 3824 1732 3900">
    <p class='ocr_par' dir='ltr' id='par_1_57' title="bbox 162 3824 1732 3900">
     <span class='ocr_line' id='line_1_57' title="bbox 162 3824 1732 3900; baseline -0.001 -22"><span class='ocrx_word' id='word_1_398' title='bbox 162 3828 549 3900; x_wconf 73' lang='grc' dir='ltr'>συνεχώρησαν</span> <span class='ocrx_word' id='word_1_399' title='bbox 586 3827 650 3881; x_wconf 86' lang='grc' dir='ltr'>δὲ</span> <span class='ocrx_word' id='word_1_400' title='bbox 676 3829 864 3892; x_wconf 85' lang='grc' dir='ltr'>αὐτοῖς</span> <span class='ocrx_word' id='word_1_401' title='bbox 896 3826 1047 3900; x_wconf 71' lang='grc'><strong>[204]</strong></span> <span class='ocrx_word' id='word_1_402' title='bbox 1080 3825 1417 3891; x_wconf 82' lang='grc' dir='ltr'>καταδιῶξαι</span> <span class='ocrx_word' id='word_1_403' title='bbox 1448 3824 1577 3889; x_wconf 79' lang='grc' dir='ltr'>τοὺς</span> <span class='ocrx_word' id='word_1_404' title='bbox 1603 3824 1732 3894; x_wconf 84' lang='grc' dir='ltr'>φεύ-</span> 
     </span>
    </p>
   </div>
   <div class='ocr_carea' id='block_1_58' title="bbox 158 3913 1731 3988">
    <p class='ocr_par' dir='ltr' id='par_1_58' title="bbox 158 3913 1731 3988">
     <span class='ocr_line' id='line_1_58' title="bbox 158 3913 1731 3988; baseline -0.003 -17"><span class='ocrx_word' id='word_1_405' title='bbox 158 3932 376 3984; x_wconf 75' lang='grc' dir='ltr'>γοντας,</span> <span class='ocrx_word' id='word_1_406' title='bbox 426 3917 569 3973; x_wconf 87' lang='grc' dir='ltr'><strong>ἀλλά</strong></span> <span class='ocrx_word' id='word_1_407' title='bbox 636 3918 743 3971; x_wconf 69' lang='grc' dir='ltr'>καὶ</span> <span class='ocrx_word' id='word_1_408' title='bbox 784 3917 1259 3988; x_wconf 78' lang='grc' dir='ltr'>μεσολαϐήσαντες</span> <span class='ocrx_word' id='word_1_409' title='bbox 1309 3917 1461 3986; x_wconf 81' lang='grc' dir='ltr'>τρεῖς</span> <span class='ocrx_word' id='word_1_410' title='bbox 1508 3918 1575 3968; x_wconf 83' lang='grc' dir='ltr'><strong>ἐκ</strong></span> <span class='ocrx_word' id='word_1_411' title='bbox 1624 3913 1731 3967; x_wconf 84' lang='grc' dir='ltr'><strong>τῶν</strong></span> 
     </span>
    </p>
   </div>
   <div class='ocr_carea' id='block_1_59' title="bbox 156 4004 1730 4078">
    <p class='ocr_par' dir='ltr' id='par_1_59' title="bbox 156 4004 1730 4078">
     <span class='ocr_line' id='line_1_59' title="bbox 156 4004 1730 4078; baseline -0.005 -15"><span class='ocrx_word' id='word_1_412' title='bbox 156 4006 400 4078; x_wconf 65' lang='grc' dir='ltr'>ἐξάρχων</span> <span class='ocrx_word' id='word_1_413' title='bbox 430 4009 528 4062; x_wconf 80' lang='grc' dir='ltr'><strong>δύο</strong></span> <span class='ocrx_word' id='word_1_414' title='bbox 556 4008 658 4078; x_wconf 83' lang='grc' dir='ltr'>μὲν</span> <span class='ocrx_word' id='word_1_415' title='bbox 684 4007 1005 4076; x_wconf 82' lang='grc' dir='ltr'>ἐφόνευσαν,</span> <span class='ocrx_word' id='word_1_416' title='bbox 1034 4008 1132 4060; x_wconf 82' lang='grc' dir='ltr'><strong>ἐνα</strong></span> <span class='ocrx_word' id='word_1_417' title='bbox 1157 4008 1215 4060; x_wconf 81' lang='grc' dir='ltr'>δὲ</span> <span class='ocrx_word' id='word_1_418' title='bbox 1236 4004 1413 4071; x_wconf 78' lang='grc' dir='ltr'>ζῶντα</span> <span class='ocrx_word' id='word_1_419' title='bbox 1439 4004 1730 4059; x_wconf 84' lang='grc' dir='ltr'>συνέλαὸον</span> 
     </span>
    </p>
   </div>
   <div class='ocr_carea' id='block_1_60' title="bbox 160 4090 1731 4166">
    <p class='ocr_par' dir='ltr' id='par_1_60' title="bbox 160 4090 1731 4166">
     <span class='ocr_line' id='line_1_60' title="bbox 160 4090 1731 4166; baseline 0.01 -23"><span class='ocrx_word' id='word_1_420' title='bbox 160 4090 241 4161; x_wconf 73' lang='grc' dir='ltr'>τῷ</span> <span class='ocrx_word' id='word_1_421' title='bbox 268 4096 488 4166; x_wconf 75' lang='grc' dir='ltr'>ὀνόματι</span> <span class='ocrx_word' id='word_1_422' title='bbox 514 4094 812 4166; x_wconf 78' lang='grc' dir='ltr'>Ἀμερδὰχ,</span> <span class='ocrx_word' id='word_1_423' title='bbox 839 4095 1010 4165; x_wconf 80' lang='grc' dir='ltr'>ἄνδρα</span> <span class='ocrx_word' id='word_1_424' title='bbox 1049 4094 1367 4164; x_wconf 84' lang='grc' dir='ltr'>πολεμικὸν,</span> <span class='ocrx_word' id='word_1_425' title='bbox 1411 4094 1512 4164; x_wconf 83' lang='grc' dir='ltr'>τῆς</span> <span class='ocrx_word' id='word_1_426' title='bbox 1548 4092 1731 4159; x_wconf 79' lang='grc' dir='ltr'>δεξιᾶς</span> 
     </span>
    </p>
   </div>
   <div class='ocr_carea' id='block_1_61' title="bbox 174 4182 1731 4259">
    <p class='ocr_par' dir='ltr' id='par_1_61' title="bbox 174 4182 1731 4259">
     <span class='ocr_line' id='line_1_61' title="bbox 174 4182 1731 4259; baseline 0.004 -26"><span class='ocrx_word' id='word_1_427' title='bbox 174 4182 328 4238; x_wconf 72' lang='grc' dir='ltr'>αὐτοῦ</span> <span class='ocrx_word' id='word_1_428' title='bbox 373 4186 623 4255; x_wconf 82' lang='grc' dir='ltr'>ἀγκῶνος</span> <span class='ocrx_word' id='word_1_429' title='bbox 668 4188 978 4259; x_wconf 69' lang='grc' dir='ltr'>τμηθείσης</span> <span class='ocrx_word' id='word_1_430' title='bbox 1023 4186 1131 4240; x_wconf 85' lang='grc' dir='ltr'>ὐπὸ</span> <span class='ocrx_word' id='word_1_431' title='bbox 1166 4187 1420 4241; x_wconf 86' lang='grc' dir='ltr'>Σουνίκα.</span> <span class='ocrx_word' id='word_1_432' title='bbox 1473 4187 1583 4240; x_wconf 81' lang='grc' dir='ltr'><strong>Καὶ</strong></span> <span class='ocrx_word' id='word_1_433' title='bbox 1636 4188 1731 4239; x_wconf 82' lang='grc' dir='ltr'>ἐπ-</span> 
     </span>
    </p>
   </div>
   <div class='ocr_carea' id='block_1_62' title="bbox 176 4272 1729 4349">
    <p class='ocr_par' dir='ltr' id='par_1_62' title="bbox 176 4272 1729 4349">
     <span class='ocr_line' id='line_1_62' title="bbox 176 4272 1729 4349; baseline 0.003 -22"><span class='ocrx_word' id='word_1_434' title='bbox 176 4272 384 4341; x_wconf 68' lang='grc' dir='ltr'>έμειναν</span> <span class='ocrx_word' id='word_1_435' title='bbox 410 4278 714 4349; x_wconf 81' lang='grc' dir='ltr'>μαχόμενοι</span> <span class='ocrx_word' id='word_1_436' title='bbox 740 4280 878 4348; x_wconf 87' lang='grc' dir='ltr'><strong>μετά</strong></span> <span class='ocrx_word' id='word_1_437' title='bbox 900 4278 995 4331; x_wconf 82' lang='grc' dir='ltr'><strong>τοῦ</strong></span> <span class='ocrx_word' id='word_1_438' title='bbox 1033 4278 1164 4330; x_wconf 77' lang='grc' dir='ltr'>[δίου</span> <span class='ocrx_word' id='word_1_439' title='bbox 1197 4276 1429 4349; x_wconf 81' lang='grc' dir='ltr'>στρατοῦ</span> <span class='ocrx_word' id='word_1_440' title='bbox 1451 4293 1462 4305; x_wconf 93' lang='grc'><strong>·</strong></span> <span class='ocrx_word' id='word_1_441' title='bbox 1485 4277 1580 4331; x_wconf 71' lang='grc' dir='ltr'>καὶ</span> <span class='ocrx_word' id='word_1_442' title='bbox 1609 4279 1729 4331; x_wconf 84' lang='grc' dir='ltr'>ἐπι-</span> 
     </span>
    </p>
   </div>
   <div class='ocr_carea' id='block_1_63' title="bbox 1835 1809 3405 1890">
    <p class='ocr_par' dir='ltr' id='par_1_63' title="bbox 1835 1809 3405 1890">
     <span class='ocr_line' id='line_1_63' title="bbox 1835 1809 3405 1890; baseline 0.011 -28"><span class='ocrx_word' id='word_1_443' title='bbox 1835 1825 1957 1863; x_wconf 89' lang='lat' dir='ltr'><strong>rum</strong></span> <span class='ocrx_word' id='word_1_444' title='bbox 1992 1809 2212 1879; x_wconf 85' lang='lat' dir='ltr'><strong>Apscal,</strong></span> <span class='ocrx_word' id='word_1_445' title='bbox 2273 1816 2614 1870; x_wconf 79' lang='lat' dir='ltr'><strong>exercitibus</strong></span> <span class='ocrx_word' id='word_1_446' title='bbox 2652 1818 2862 1872; x_wconf 91' lang='lat' dir='ltr'><strong>mistim</strong></span> <span class='ocrx_word' id='word_1_447' title='bbox 2917 1822 3312 1890; x_wconf 76' lang='lat' dir='ltr'><strong>pugnantibus,</strong></span> <span class='ocrx_word' id='word_1_448' title='bbox 3345 1825 3405 1880; x_wconf 87' lang='lat' dir='ltr'><strong>in</strong></span> 
     </span>
    </p>
   </div>
   <div class='ocr_carea' id='block_1_64' title="bbox 1834 1899 3405 1979">
    <p class='ocr_par' dir='ltr' id='par_1_64' title="bbox 1834 1899 3405 1979">
     <span class='ocr_line' id='line_1_64' title="bbox 1834 1899 3405 1979; baseline 0.01 -25"><span class='ocrx_word' id='word_1_449' title='bbox 1834 1899 2130 1957; x_wconf 85' lang='lat' dir='ltr'><strong>Persarum</strong></span> <span class='ocrx_word' id='word_1_450' title='bbox 2183 1905 2426 1960; x_wconf 87' lang='lat' dir='ltr'><strong>medium</strong></span> <span class='ocrx_word' id='word_1_451' title='bbox 2489 1907 2737 1974; x_wconf 88' lang='lat' dir='ltr'><strong>delatus,</strong></span> <span class='ocrx_word' id='word_1_452' title='bbox 2804 1924 2948 1979; x_wconf 91' lang='lat' dir='ltr'><strong>equo</strong></span> <span class='ocrx_word' id='word_1_453' title='bbox 3013 1926 3116 1966; x_wconf 88' lang='lat' dir='ltr'><strong>suo</strong></span> <span class='ocrx_word' id='word_1_454' title='bbox 3167 1913 3405 1970; x_wconf 82' lang='lat' dir='ltr'><strong>cadaver</strong></span> 
     </span>
    </p>
   </div>
   <div class='ocr_carea' id='block_1_65' title="bbox 1833 1989 3401 2073">
    <p class='ocr_par' dir='ltr' id='par_1_65' title="bbox 1833 1989 3401 2073">
     <span class='ocr_line' id='line_1_65' title="bbox 1833 1989 3401 2073; baseline 0.012 -31"><span class='ocrx_word' id='word_1_455' title='bbox 1833 1989 2145 2047; x_wconf 80' lang='lat' dir='ltr'><strong>uﬂ‘endente</strong></span> <span class='ocrx_word' id='word_1_456' title='bbox 2196 1994 2541 2060; x_wconf 86' lang='lat' dir='ltr'><strong>deturbatus,</strong></span> <span class='ocrx_word' id='word_1_457' title='bbox 2600 1998 2653 2051; x_wconf 90' lang='lat' dir='ltr'><strong>in</strong></span> <span class='ocrx_word' id='word_1_458' title='bbox 2682 1999 2877 2055; x_wconf 87' lang='lat' dir='ltr'><strong>mediis</strong></span> <span class='ocrx_word' id='word_1_459' title='bbox 2929 2002 3181 2057; x_wconf 88' lang='lat' dir='ltr'><strong>hostibus</strong></span> <span class='ocrx_word' id='word_1_460' title='bbox 3212 2004 3401 2073; x_wconf 91' lang='lat' dir='ltr'><strong>periit.</strong></span> 
     </span>
    </p>
   </div>
   <div class='ocr_carea' id='block_1_66' title="bbox 1833 2079 3400 2162">
    <p class='ocr_par' dir='ltr' id='par_1_66' title="bbox 1833 2079 3400 2162">
     <span class='ocr_line' id='line_1_66' title="bbox 1833 2079 3400 2162; baseline 0.011 -27"><span class='ocrx_word' id='word_1_461' title='bbox 1833 2079 2079 2153; x_wconf 83' lang='lat' dir='ltr'><strong>Phryges</strong></span> <span class='ocrx_word' id='word_1_462' title='bbox 2137 2096 2347 2151; x_wconf 88' lang='lat' dir='ltr'><strong>autem,</strong></span> <span class='ocrx_word' id='word_1_463' title='bbox 2381 2086 2544 2142; x_wconf 88' lang='lat' dir='ltr'><strong>ducis</strong></span> <span class='ocrx_word' id='word_1_464' title='bbox 2574 2089 2662 2144; x_wconf 89' lang='lat' dir='ltr'><strong>sui</strong></span> <span class='ocrx_word' id='word_1_465' title='bbox 2701 2106 2892 2145; x_wconf 74' lang='lat' dir='ltr'><strong>casum</strong></span> <span class='ocrx_word' id='word_1_466' title='bbox 2938 2101 3276 2162; x_wconf 80' lang='lat' dir='ltr'><strong>spectantes,</strong></span> <span class='ocrx_word' id='word_1_467' title='bbox 3305 2111 3400 2151; x_wconf 83' lang='lat' dir='ltr'><strong>ve-</strong></span> 
     </span>
    </p>
   </div>
   <div class='ocr_carea' id='block_1_67' title="bbox 1832 2171 3403 2256">
    <p class='ocr_par' dir='ltr' id='par_1_67' title="bbox 1832 2171 3403 2256">
     <span class='ocr_line' id='line_1_67' title="bbox 1832 2171 3403 2256; baseline 0.008 -30"><span class='ocrx_word' id='word_1_468' title='bbox 1832 2171 2140 2243; x_wconf 78' lang='lat' dir='ltr'><strong>xillumque</strong></span> <span class='ocrx_word' id='word_1_469' title='bbox 2199 2176 2323 2246; x_wconf 87' lang='lat' dir='ltr'><strong>ejus</strong></span> <span class='ocrx_word' id='word_1_470' title='bbox 2352 2192 2384 2232; x_wconf 88' lang='lat' dir='ltr'><strong>a</strong></span> <span class='ocrx_word' id='word_1_471' title='bbox 2417 2178 2600 2235; x_wconf 85' lang='lat' dir='ltr'><strong>Persis</strong></span> <span class='ocrx_word' id='word_1_472' title='bbox 2663 2183 2931 2248; x_wconf 88' lang='lat' dir='ltr'><strong>ablatum,</strong></span> <span class='ocrx_word' id='word_1_473' title='bbox 2983 2185 3038 2238; x_wconf 94' lang='lat' dir='ltr'><strong>in</strong></span> <span class='ocrx_word' id='word_1_474' title='bbox 3076 2184 3261 2255; x_wconf 81' lang='lat' dir='ltr'><strong>fugant</strong></span> <span class='ocrx_word' id='word_1_475' title='bbox 3296 2184 3403 2256; x_wconf 84' lang='lat' dir='ltr'><strong>ipsi</strong></span> 
     </span>
    </p>
   </div>
   <div class='ocr_carea' id='block_1_68' title="bbox 1831 2266 3402 2335">
    <p class='ocr_par' dir='ltr' id='par_1_68' title="bbox 1831 2266 3402 2335">
     <span class='ocr_line' id='line_1_68' title="bbox 1831 2266 3402 2335; baseline 0.01 -17"><span class='ocrx_word' id='word_1_476' title='bbox 1831 2280 2054 2334; x_wconf 87' lang='lat' dir='ltr'><strong>unaque</strong></span> <span class='ocrx_word' id='word_1_477' title='bbox 2093 2266 2354 2322; x_wconf 87' lang='lat' dir='ltr'><strong>Saraceni</strong></span> <span class='ocrx_word' id='word_1_478' title='bbox 2409 2268 2643 2326; x_wconf 86' lang='lat' dir='ltr'><strong>Romani</strong></span> <span class='ocrx_word' id='word_1_479' title='bbox 2706 2288 2828 2329; x_wconf 88' lang='lat' dir='ltr'><strong>sese</strong></span> <span class='ocrx_word' id='word_1_480' title='bbox 2857 2274 3170 2332; x_wconf 88' lang='lat' dir='ltr'><strong>dederunt:</strong></span> <span class='ocrx_word' id='word_1_481' title='bbox 3216 2284 3402 2335; x_wconf 67' lang='lat' dir='ltr'><strong>caeteri</strong></span> 
     </span>
    </p>
   </div>
   <div class='ocr_carea' id='block_1_69' title="bbox 1831 2356 3400 2434">
    <p class='ocr_par' dir='ltr' id='par_1_69' title="bbox 1831 2356 3400 2434">
     <span class='ocr_line' id='line_1_69' title="bbox 1831 2356 3400 2434; baseline 0.01 -26"><span class='ocrx_word' id='word_1_482' title='bbox 1831 2368 1959 2409; x_wconf 91' lang='lat' dir='ltr'><strong>cum</strong></span> <span class='ocrx_word' id='word_1_483' title='bbox 1994 2356 2197 2411; x_wconf 87' lang='lat' dir='ltr'><strong>Aretha</strong></span> <span class='ocrx_word' id='word_1_484' title='bbox 2232 2360 2603 2417; x_wconf 85' lang='lat' dir='ltr'><strong>consistentes</strong></span> <span class='ocrx_word' id='word_1_485' title='bbox 2624 2372 2962 2434; x_wconf 81' lang='lat' dir='ltr'><strong>pugnarunt.</strong></span> <span class='ocrx_word' id='word_1_486' title='bbox 2990 2366 3400 2423; x_wconf 81' lang='lat' dir='ltr'><strong>Saracenorum</strong></span> 
     </span>
    </p>
   </div>
   <div class='ocr_carea' id='block_1_70' title="bbox 1831 2448 3403 2530">
    <p class='ocr_par' dir='ltr' id='par_1_70' title="bbox 1831 2448 3403 2530">
     <span class='ocr_line' id='line_1_70' title="bbox 1831 2448 3403 2530; baseline 0.008 -30"><span class='ocrx_word' id='word_1_487' title='bbox 1831 2461 1963 2501; x_wconf 89' lang='lat' dir='ltr'><strong>vero</strong></span> <span class='ocrx_word' id='word_1_488' title='bbox 2017 2448 2236 2517; x_wconf 91' lang='lat' dir='ltr'><strong>plurimi</strong></span> <span class='ocrx_word' id='word_1_489' title='bbox 2280 2450 2427 2520; x_wconf 90' lang='lat' dir='ltr'><strong>quod</strong></span> <span class='ocrx_word' id='word_1_490' title='bbox 2458 2451 2515 2505; x_wconf 91' lang='lat' dir='ltr'><strong>in</strong></span> <span class='ocrx_word' id='word_1_491' title='bbox 2548 2451 2729 2523; x_wconf 81' lang='lat' dir='ltr'><strong>fugam</strong></span> <span class='ocrx_word' id='word_1_492' title='bbox 2773 2469 2833 2510; x_wconf 89' lang='lat' dir='ltr'><strong>se</strong></span> <span class='ocrx_word' id='word_1_493' title='bbox 2863 2455 3137 2524; x_wconf 87' lang='lat' dir='ltr'><strong>dederint,</strong></span> <span class='ocrx_word' id='word_1_494' title='bbox 3178 2459 3403 2530; x_wconf 85' lang='lat' dir='ltr'><strong>phylar-</strong></span> 
     </span>
    </p>
   </div>
   <div class='ocr_carea' id='block_1_71' title="bbox 1830 2540 3399 2617">
    <p class='ocr_par' dir='ltr' id='par_1_71' title="bbox 1830 2540 3399 2617">
     <span class='ocr_line' id='line_1_71' title="bbox 1830 2540 3399 2617; baseline 0.008 -22"><span class='ocrx_word' id='word_1_495' title='bbox 1830 2540 2065 2595; x_wconf 90' lang='lat' dir='ltr'><strong>chorum</strong></span> <span class='ocrx_word' id='word_1_496' title='bbox 2093 2556 2319 2596; x_wconf 89' lang='lat' dir='ltr'><strong>suorum</strong></span> <span class='ocrx_word' id='word_1_497' title='bbox 2359 2545 2771 2613; x_wconf 89' lang='lat' dir='ltr'><strong>proditionibus</strong></span> <span class='ocrx_word' id='word_1_498' title='bbox 2801 2548 2993 2604; x_wconf 87' lang='lat' dir='ltr'><strong>deberi</strong></span> <span class='ocrx_word' id='word_1_499' title='bbox 3029 2551 3106 2617; x_wconf 91' lang='lat' dir='ltr'><strong>id,</strong></span> <span class='ocrx_word' id='word_1_500' title='bbox 3141 2555 3399 2608; x_wconf 92' lang='lat' dir='ltr'><strong>nonnulli</strong></span> 
     </span>
    </p>
   </div>
   <div class='ocr_carea' id='block_1_72' title="bbox 1830 2631 3399 2709">
    <p class='ocr_par' dir='ltr' id='par_1_72' title="bbox 1830 2631 3399 2709">
     <span class='ocr_line' id='line_1_72' title="bbox 1830 2631 3399 2709; baseline 0.009 -24"><span class='ocrx_word' id='word_1_501' title='bbox 1830 2631 2098 2700; x_wconf 89' lang='lat' dir='ltr'><strong>suspicati</strong></span> <span class='ocrx_word' id='word_1_502' title='bbox 2131 2642 2286 2687; x_wconf 91' lang='lat' dir='ltr'><strong>sunt.</strong></span> <span class='ocrx_word' id='word_1_503' title='bbox 2336 2633 2439 2700; x_wconf 86' lang='lat' dir='ltr'><strong>Qui</strong></span> <span class='ocrx_word' id='word_1_504' title='bbox 2462 2645 2649 2691; x_wconf 90' lang='lat' dir='ltr'><strong>autem</strong></span> <span class='ocrx_word' id='word_1_505' title='bbox 2676 2638 2786 2693; x_wconf 89' lang='lat' dir='ltr'><strong>illis</strong></span> <span class='ocrx_word' id='word_1_506' title='bbox 2810 2642 3059 2709; x_wconf 84' lang='lat' dir='ltr'><strong>proxime</strong></span> <span class='ocrx_word' id='word_1_507' title='bbox 3081 2644 3399 2709; x_wconf 87' lang='lat' dir='ltr'><strong>astiterunt,</strong></span> 
     </span>
    </p>
   </div>
   <div class='ocr_carea' id='block_1_73' title="bbox 1830 2719 3401 2802">
    <p class='ocr_par' dir='ltr' id='par_1_73' title="bbox 1830 2719 3401 2802">
     <span class='ocr_line' id='line_1_73' title="bbox 1830 2719 3401 2802; baseline 0.011 -28"><span class='ocrx_word' id='word_1_508' title='bbox 1830 2719 2030 2785; x_wconf 89' lang='lat' dir='ltr'><strong>Isauri,</strong></span> <span class='ocrx_word' id='word_1_509' title='bbox 2093 2722 2402 2780; x_wconf 86' lang='lat' dir='ltr'><strong>Saracenos</strong></span> <span class='ocrx_word' id='word_1_510' title='bbox 2465 2727 2718 2784; x_wconf 80' lang='lat' dir='ltr'><strong>videntes</strong></span> <span class='ocrx_word' id='word_1_511' title='bbox 2749 2729 2806 2784; x_wconf 88' lang='lat' dir='ltr'><strong>in</strong></span> <span class='ocrx_word' id='word_1_512' title='bbox 2853 2729 3039 2802; x_wconf 80' lang='lat' dir='ltr'><strong>fugam</strong></span> <span class='ocrx_word' id='word_1_513' title='bbox 3071 2748 3401 2802; x_wconf 86' lang='lat' dir='ltr'><strong>conversos,</strong></span> 
     </span>
    </p>
   </div>
   <div class='ocr_carea' id='block_1_74' title="bbox 1829 2810 3397 2895">
    <p class='ocr_par' dir='ltr' id='par_1_74' title="bbox 1829 2810 3397 2895">
     <span class='ocr_line' id='line_1_74' title="bbox 1829 2810 3397 2895; baseline 0.011 -30"><span class='ocrx_word' id='word_1_514' title='bbox 1829 2811 1886 2865; x_wconf 91' lang='lat' dir='ltr'><strong>in</strong></span> <span class='ocrx_word' id='word_1_515' title='bbox 1939 2810 2274 2880; x_wconf 83' lang='lat' dir='ltr'><strong>Euphratem</strong></span> <span class='ocrx_word' id='word_1_516' title='bbox 2308 2829 2369 2870; x_wconf 91' lang='lat' dir='ltr'><strong>se</strong></span> <span class='ocrx_word' id='word_1_517' title='bbox 2409 2816 2787 2886; x_wconf 86' lang='lat' dir='ltr'><strong>conjecerunt,</strong></span> <span class='ocrx_word' id='word_1_518' title='bbox 2832 2823 3085 2878; x_wconf 89' lang='lat' dir='ltr'><strong>tranandi</strong></span> <span class='ocrx_word' id='word_1_519' title='bbox 3118 2838 3214 2895; x_wconf 86' lang='lat' dir='ltr'><strong>Spe</strong></span> <span class='ocrx_word' id='word_1_520' title='bbox 3250 2824 3397 2883; x_wconf 81' lang='lat' dir='ltr'><strong>freti.</strong></span> 
     </span>
    </p>
   </div>
   <div class='ocr_carea' id='block_1_75' title="bbox 1831 2900 3397 2982">
    <p class='ocr_par' dir='ltr' id='par_1_75' title="bbox 1831 2900 3397 2982">
     <span class='ocr_line' id='line_1_75' title="bbox 1831 2900 3397 2982; baseline 0.011 -28"><span class='ocrx_word' id='word_1_521' title='bbox 1831 2900 1957 2955; x_wconf 67' lang='lat' dir='ltr'><strong>Haec</strong></span> <span class='ocrx_word' id='word_1_522' title='bbox 1987 2918 2118 2957; x_wconf 86' lang='lat' dir='ltr'><strong>vero</strong></span> <span class='ocrx_word' id='word_1_523' title='bbox 2149 2904 2240 2958; x_wconf 90' lang='lat' dir='ltr'><strong>ubi</strong></span> <span class='ocrx_word' id='word_1_524' title='bbox 2269 2905 2406 2959; x_wconf 84' lang='lat' dir='ltr'><strong>vidit</strong></span> <span class='ocrx_word' id='word_1_525' title='bbox 2449 2907 2765 2975; x_wconf 86' lang='lat' dir='ltr'><strong>Belisarius,</strong></span> <span class='ocrx_word' id='word_1_526' title='bbox 2796 2922 3019 2981; x_wconf 88' lang='lat' dir='ltr'><strong>arrepto</strong></span> <span class='ocrx_word' id='word_1_527' title='bbox 3045 2916 3242 2971; x_wconf 80' lang='lat' dir='ltr'><strong>vexillo</strong></span> <span class='ocrx_word' id='word_1_528' title='bbox 3272 2932 3397 2982; x_wconf 89' lang='lat' dir='ltr'><strong>suo,</strong></span> 
     </span>
    </p>
   </div>
   <div class='ocr_carea' id='block_1_76' title="bbox 1833 2995 3402 3071">
    <p class='ocr_par' dir='ltr' id='par_1_76' title="bbox 1833 2995 3402 3071">
     <span class='ocr_line' id='line_1_76' title="bbox 1833 2995 3402 3071; baseline 0.011 -26"><span class='ocrx_word' id='word_1_529' title='bbox 1833 3007 2026 3048; x_wconf 88' lang='lat' dir='ltr'><strong>navem</strong></span> <span class='ocrx_word' id='word_1_530' title='bbox 2076 2995 2441 3063; x_wconf 88' lang='lat' dir='ltr'><strong>conscendit;</strong></span> <span class='ocrx_word' id='word_1_531' title='bbox 2487 3000 2828 3071; x_wconf 85' lang='lat' dir='ltr'><strong>trajectoque</strong></span> <span class='ocrx_word' id='word_1_532' title='bbox 2881 3002 3128 3068; x_wconf 81' lang='lat' dir='ltr'><strong>flumine,</strong></span> <span class='ocrx_word' id='word_1_533' title='bbox 3170 3005 3402 3064; x_wconf 84' lang='lat' dir='ltr'><strong>Callini-</strong></span> 
     </span>
    </p>
   </div>
   <div class='ocr_carea' id='block_1_77' title="bbox 1832 3083 3400 3164">
    <p class='ocr_par' dir='ltr' id='par_1_77' title="bbox 1832 3083 3400 3164">
     <span class='ocr_line' id='line_1_77' title="bbox 1832 3083 3400 3164; baseline 0.01 -29"><span class='ocrx_word' id='word_1_534' title='bbox 1832 3097 1958 3136; x_wconf 86' lang='lat' dir='ltr'><strong>cum</strong></span> <span class='ocrx_word' id='word_1_535' title='bbox 2011 3084 2268 3138; x_wconf 89' lang='lat' dir='ltr'><strong>accessit.</strong></span> <span class='ocrx_word' id='word_1_536' title='bbox 2301 3083 2459 3140; x_wconf 88' lang='lat' dir='ltr'><strong>Ilunc</strong></span> <span class='ocrx_word' id='word_1_537' title='bbox 2491 3096 2715 3143; x_wconf 86' lang='lat' dir='ltr'><strong>secutus</strong></span> <span class='ocrx_word' id='word_1_538' title='bbox 2758 3092 3040 3147; x_wconf 82' lang='lat' dir='ltr'><strong>exercitus</strong></span> <span class='ocrx_word' id='word_1_539' title='bbox 3064 3093 3222 3163; x_wconf 86' lang='lat' dir='ltr'><strong>ejus;</strong></span> <span class='ocrx_word' id='word_1_540' title='bbox 3256 3111 3400 3164; x_wconf 89' lang='lat' dir='ltr'><strong>quo-</strong></span> 
     </span>
    </p>
   </div>
   <div class='ocr_carea' id='block_1_78' title="bbox 1831 3175 3399 3255">
    <p class='ocr_par' dir='ltr' id='par_1_78' title="bbox 1831 3175 3399 3255">
     <span class='ocr_line' id='line_1_78' title="bbox 1831 3175 3399 3255; baseline 0.011 -29"><span class='ocrx_word' id='word_1_541' title='bbox 1831 3189 1952 3226; x_wconf 84' lang='lat' dir='ltr'><strong>rum</strong></span> <span class='ocrx_word' id='word_1_542' title='bbox 1982 3175 2267 3229; x_wconf 82' lang='lat' dir='ltr'><strong>nonnullis</strong></span> <span class='ocrx_word' id='word_1_543' title='bbox 2299 3175 2683 3246; x_wconf 76' lang='lat' dir='ltr'><strong>intempestive</strong></span> <span class='ocrx_word' id='word_1_544' title='bbox 2716 3179 2771 3234; x_wconf 90' lang='lat' dir='ltr'><strong>in</strong></span> <span class='ocrx_word' id='word_1_545' title='bbox 2805 3183 3019 3252; x_wconf 74' lang='lat' dir='ltr'><strong>navigia</strong></span> <span class='ocrx_word' id='word_1_546' title='bbox 3039 3186 3399 3255; x_wconf 80' lang='lat' dir='ltr'><strong>irruentibus,</strong></span> 
     </span>
    </p>
   </div>
   <div class='ocr_carea' id='block_1_79' title="bbox 1831 3263 3403 3343">
    <p class='ocr_par' dir='ltr' id='par_1_79' title="bbox 1831 3263 3403 3343">
     <span class='ocr_line' id='line_1_79' title="bbox 1831 3263 3403 3343; baseline 0.011 -27"><span class='ocrx_word' id='word_1_547' title='bbox 1831 3263 1953 3320; x_wconf 77' lang='lat' dir='ltr'><strong>aliis</strong></span> <span class='ocrx_word' id='word_1_548' title='bbox 2013 3280 2142 3320; x_wconf 90' lang='lat' dir='ltr'><strong>vero</strong></span> <span class='ocrx_word' id='word_1_549' title='bbox 2187 3281 2455 3334; x_wconf 90' lang='lat' dir='ltr'><strong>equorum</strong></span> <span class='ocrx_word' id='word_1_550' title='bbox 2504 3284 2605 3338; x_wconf 91' lang='lat' dir='ltr'><strong>ope</strong></span> <span class='ocrx_word' id='word_1_551' title='bbox 2652 3270 2853 3326; x_wconf 85' lang='lat' dir='ltr'><strong>ﬂumen</strong></span> <span class='ocrx_word' id='word_1_552' title='bbox 2904 3275 3161 3343; x_wconf 88' lang='lat' dir='ltr'><strong>trajicere</strong></span> <span class='ocrx_word' id='word_1_553' title='bbox 3190 3276 3403 3335; x_wconf 79' lang='lat' dir='ltr'><strong>frustra</strong></span> 
     </span>
    </p>
   </div>
   <div class='ocr_carea' id='block_1_80' title="bbox 1831 3355 3400 3435">
    <p class='ocr_par' dir='ltr' id='par_1_80' title="bbox 1831 3355 3400 3435">
     <span class='ocr_line' id='line_1_80' title="bbox 1831 3355 3400 3435; baseline 0.009 -27"><span class='ocrx_word' id='word_1_554' title='bbox 1831 3355 2196 3419; x_wconf 82' lang='lat' dir='ltr'><strong>tentantibus,</strong></span> <span class='ocrx_word' id='word_1_555' title='bbox 2233 3356 2544 3425; x_wconf 87' lang='lat' dir='ltr'><strong>Euphrates</strong></span> <span class='ocrx_word' id='word_1_556' title='bbox 2592 3361 2953 3417; x_wconf 84' lang='lat' dir='ltr'><strong>cadaveribus</strong></span> <span class='ocrx_word' id='word_1_557' title='bbox 3004 3366 3265 3435; x_wconf 88' lang='lat' dir='ltr'><strong>impletus</strong></span> <span class='ocrx_word' id='word_1_558' title='bbox 3290 3377 3400 3424; x_wconf 89' lang='lat' dir='ltr'><strong>est.</strong></span> 
     </span>
    </p>
   </div>
   <div class='ocr_carea' id='block_1_81' title="bbox 1831 3444 3396 3527">
    <p class='ocr_par' dir='ltr' id='par_1_81' title="bbox 1831 3444 3396 3527">
     <span class='ocr_line' id='line_1_81' title="bbox 1831 3444 3396 3527; baseline 0.008 -28"><span class='ocrx_word' id='word_1_559' title='bbox 1831 3444 2055 3500; x_wconf 88' lang='lat' dir='ltr'><strong>Interim</strong></span> <span class='ocrx_word' id='word_1_560' title='bbox 2091 3444 2325 3500; x_wconf 89' lang='lat' dir='ltr'><strong>Sunicas</strong></span> <span class='ocrx_word' id='word_1_561' title='bbox 2347 3456 2402 3501; x_wconf 91' lang='lat' dir='ltr'><strong>et</strong></span> <span class='ocrx_word' id='word_1_562' title='bbox 2426 3446 2684 3513; x_wconf 90' lang='lat' dir='ltr'><strong>Simmas,</strong></span> <span class='ocrx_word' id='word_1_563' title='bbox 2718 3452 2970 3520; x_wconf 79' lang='lat' dir='ltr'><strong>exarclti,</strong></span> <span class='ocrx_word' id='word_1_564' title='bbox 3001 3453 3186 3511; x_wconf 87' lang='lat' dir='ltr'><strong>Persis</strong></span> <span class='ocrx_word' id='word_1_565' title='bbox 3220 3472 3396 3527; x_wconf 87' lang='lat' dir='ltr'><strong>oppu-</strong></span> 
     </span>
    </p>
   </div>
   <div class='ocr_carea' id='block_1_82' title="bbox 1832 3529 3401 3613">
    <p class='ocr_par' dir='ltr' id='par_1_82' title="bbox 1832 3529 3401 3613">
     <span class='ocr_line' id='line_1_82' title="bbox 1832 3529 3401 3613; baseline 0.008 -22"><span class='ocrx_word' id='word_1_566' title='bbox 1832 3537 2067 3607; x_wconf 85' lang='lat' dir='ltr'><strong>gnandis</strong></span> <span class='ocrx_word' id='word_1_567' title='bbox 2114 3552 2225 3591; x_wconf 87' lang='lat' dir='ltr'><strong>non</strong></span> <span class='ocrx_word' id='word_1_568' title='bbox 2283 3529 2651 3595; x_wconf 58' lang='lat' dir='ltr'><strong>desdterunt&#39;:</strong></span> <span class='ocrx_word' id='word_1_569' title='bbox 2677 3541 2813 3609; x_wconf 90' lang='lat' dir='ltr'><strong>quin</strong></span> <span class='ocrx_word' id='word_1_570' title='bbox 2861 3545 3020 3613; x_wconf 86' lang='lat' dir='ltr'><strong>equis</strong></span> <span class='ocrx_word' id='word_1_571' title='bbox 3051 3546 3221 3600; x_wconf 88' lang='lat' dir='ltr'><strong>etiam</strong></span> <span class='ocrx_word' id='word_1_572' title='bbox 3250 3549 3401 3603; x_wconf 87' lang='lat' dir='ltr'><strong>desi-</strong></span> 
     </span>
    </p>
   </div>
   <div class='ocr_carea' id='block_1_83' title="bbox 1831 3627 3398 3706">
    <p class='ocr_par' dir='ltr' id='par_1_83' title="bbox 1831 3627 3398 3706">
     <span class='ocr_line' id='line_1_83' title="bbox 1831 3627 3398 3706; baseline 0.006 -23"><span class='ocrx_word' id='word_1_573' title='bbox 1831 3629 2048 3692; x_wconf 85' lang='lat' dir='ltr'><strong>lientes,</strong></span> <span class='ocrx_word' id='word_1_574' title='bbox 2075 3627 2454 3697; x_wconf 81' lang='lat' dir='ltr'><strong>exercituique</strong></span> <span class='ocrx_word' id='word_1_575' title='bbox 2494 3632 2772 3699; x_wconf 86' lang='lat' dir='ltr'><strong>superstiti</strong></span> <span class='ocrx_word' id='word_1_576' title='bbox 2819 3648 2943 3690; x_wconf 90' lang='lat' dir='ltr'><strong>sese</strong></span> <span class='ocrx_word' id='word_1_577' title='bbox 2973 3636 3398 3706; x_wconf 88' lang='lat' dir='ltr'><strong>immiscentes;</strong></span> 
     </span>
    </p>
   </div>
   <div class='ocr_carea' id='block_1_84' title="bbox 1830 3718 3402 3800">
    <p class='ocr_par' dir='ltr' id='par_1_84' title="bbox 1830 3718 3402 3800">
     <span class='ocr_line' id='line_1_84' title="bbox 1830 3718 3402 3800; baseline 0.009 -28"><span class='ocrx_word' id='word_1_578' title='bbox 1830 3718 1998 3791; x_wconf 86' lang='lat' dir='ltr'><strong>pedes</strong></span> <span class='ocrx_word' id='word_1_579' title='bbox 2027 3727 2256 3789; x_wconf 89' lang='lat' dir='ltr'><strong>uterque</strong></span> <span class='ocrx_word' id='word_1_580' title='bbox 2290 3720 2508 3773; x_wconf 82' lang='lat' dir='ltr'><strong>fortiter</strong></span> <span class='ocrx_word' id='word_1_581' title='bbox 2557 3721 2895 3778; x_wconf 89' lang='lat' dir='ltr'><strong>dimicarunt</strong></span> <span class='ocrx_word' id='word_1_582' title='bbox 2925 3743 2939 3780; x_wconf 93' lang='lat'><strong>:</strong></span> <span class='ocrx_word' id='word_1_583' title='bbox 2979 3728 3402 3800; x_wconf 86' lang='lat' dir='ltr'><strong>agminibusque</strong></span> 
     </span>
    </p>
   </div>
   <div class='ocr_carea' id='block_1_85' title="bbox 1831 3810 3401 3889">
    <p class='ocr_par' dir='ltr' id='par_1_85' title="bbox 1831 3810 3401 3889">
     <span class='ocr_line' id='line_1_85' title="bbox 1831 3810 3401 3889; baseline 0.008 -25"><span class='ocrx_word' id='word_1_584' title='bbox 1831 3810 2009 3883; x_wconf 86' lang='lat' dir='ltr'><strong>perite</strong></span> <span class='ocrx_word' id='word_1_585' title='bbox 2039 3811 2332 3875; x_wconf 89' lang='lat' dir='ltr'><strong>ordinatis,</strong></span> <span class='ocrx_word' id='word_1_586' title='bbox 2371 3811 2684 3882; x_wconf 90' lang='lat' dir='ltr'><strong>complures</strong></span> <span class='ocrx_word' id='word_1_587' title='bbox 2728 3813 3024 3879; x_wconf 82' lang='lat' dir='ltr'><strong>Persarum</strong></span> <span class='ocrx_word' id='word_1_588' title='bbox 3058 3818 3401 3889; x_wconf 86' lang='lat' dir='ltr'><strong>disperdide-</strong></span> 
     </span>
    </p>
   </div>
   <div class='ocr_carea' id='block_1_86' title="bbox 1832 3894 3401 3983">
    <p class='ocr_par' dir='ltr' id='par_1_86' title="bbox 1832 3894 3401 3983">
     <span class='ocr_line' id='line_1_86' title="bbox 1832 3894 3401 3983; baseline 0.01 -29"><span class='ocrx_word' id='word_1_589' title='bbox 1832 3905 1996 3965; x_wconf 84' lang='lat' dir='ltr'><strong>runt,</strong></span> <span class='ocrx_word' id='word_1_590' title='bbox 2036 3914 2138 3954; x_wconf 92' lang='lat' dir='ltr'><strong>nec</strong></span> <span class='ocrx_word' id='word_1_591' title='bbox 2165 3915 2263 3954; x_wconf 91' lang='lat' dir='ltr'><strong>eos</strong></span> <span class='ocrx_word' id='word_1_592' title='bbox 2292 3899 2572 3958; x_wconf 81' lang='lat' dir='ltr'><strong>Romanos</strong></span> <span class='ocrx_word' id='word_1_593' title='bbox 2611 3902 2886 3973; x_wconf 79' lang='lat' dir='ltr'><strong>fugientes</strong></span> <span class='ocrx_word' id='word_1_594' title='bbox 2914 3894 3149 3964; x_wconf 68' lang='lat' dir='ltr'><strong>ulterids</strong></span> <span class='ocrx_word' id='word_1_595' title='bbox 3182 3912 3401 3983; x_wconf 88' lang='lat' dir='ltr'><strong>insequi</strong></span> 
     </span>
    </p>
   </div>
   <div class='ocr_carea' id='block_1_87' title="bbox 1832 3991 3400 4072">
    <p class='ocr_par' dir='ltr' id='par_1_87' title="bbox 1832 3991 3400 4072">
     <span class='ocr_line' id='line_1_87' title="bbox 1832 3991 3400 4072; baseline 0.01 -25"><span class='ocrx_word' id='word_1_596' title='bbox 1832 3993 2099 4047; x_wconf 84' lang='lat' dir='ltr'><strong>siverunt.</strong></span> <span class='ocrx_word' id='word_1_597' title='bbox 2162 3991 2423 4058; x_wconf 87' lang='lat' dir='ltr'><strong>Quinimo</strong></span> <span class='ocrx_word' id='word_1_598' title='bbox 2482 4004 2593 4051; x_wconf 86' lang='lat' dir='ltr'><strong>tres</strong></span> <span class='ocrx_word' id='word_1_599' title='bbox 2657 4000 2903 4065; x_wconf 89' lang='lat' dir='ltr'><strong>ipsorum</strong></span> <span class='ocrx_word' id='word_1_600' title='bbox 2952 4018 3178 4072; x_wconf 87' lang='lat' dir='ltr'><strong>quoque</strong></span> <span class='ocrx_word' id='word_1_601' title='bbox 3231 4005 3400 4062; x_wconf 89' lang='lat' dir='ltr'><strong>duces</strong></span> 
     </span>
    </p>
   </div>
   <div class='ocr_carea' id='block_1_88' title="bbox 1832 4082 3401 4160">
    <p class='ocr_par' dir='ltr' id='par_1_88' title="bbox 1832 4082 3401 4160">
     <span class='ocr_line' id='line_1_88' title="bbox 1832 4082 3401 4160; baseline 0.011 -23"><span class='ocrx_word' id='word_1_602' title='bbox 1832 4082 2269 4154; x_wconf 83' lang='lat' dir='ltr'><strong>intercipientes,</strong></span> <span class='ocrx_word' id='word_1_603' title='bbox 2315 4089 2454 4141; x_wconf 91' lang='lat' dir='ltr'><strong>duos</strong></span> <span class='ocrx_word' id='word_1_604' title='bbox 2491 4102 2681 4142; x_wconf 89' lang='lat' dir='ltr'><strong>eorum</strong></span> <span class='ocrx_word' id='word_1_605' title='bbox 2714 4090 3147 4160; x_wconf 89' lang='lat' dir='ltr'><strong>interfecerunt;</strong></span> <span class='ocrx_word' id='word_1_606' title='bbox 3177 4100 3401 4153; x_wconf 88' lang='lat' dir='ltr'><strong>tertium</strong></span> 
     </span>
    </p>
   </div>
   <div class='ocr_carea' id='block_1_89' title="bbox 1831 4163 3401 4259">
    <p class='ocr_par' dir='ltr' id='par_1_89' title="bbox 1831 4163 3401 4259">
     <span class='ocr_line' id='line_1_89' title="bbox 1831 4163 3401 4259; baseline 0.012 -32"><span class='ocrx_word' id='word_1_607' title='bbox 1831 4188 1981 4236; x_wconf 88' lang='lat' dir='ltr'><strong>vero,</strong></span> <span class='ocrx_word' id='word_1_608' title='bbox 2014 4175 2189 4227; x_wconf 91' lang='lat' dir='ltr'><strong>virum</strong></span> <span class='ocrx_word' id='word_1_609' title='bbox 2215 4163 2720 4244; x_wconf 86' lang='lat' dir='ltr'><strong>bellicosissimum,</strong></span> <span class='ocrx_word' id='word_1_610' title='bbox 2741 4181 3131 4239; x_wconf 86' lang='lat' dir='ltr'><strong>Amerdactnm</strong></span> <span class='ocrx_word' id='word_1_611' title='bbox 3157 4190 3401 4259; x_wconf 78' lang='lat' dir='ltr'><strong>nomine,</strong></span> 
     </span>
    </p>
   </div>
   <div class='ocr_carea' id='block_1_90' title="bbox 1832 4265 3398 4342">
    <p class='ocr_par' dir='ltr' id='par_1_90' title="bbox 1832 4265 3398 4342">
     <span class='ocr_line' id='line_1_90' title="bbox 1832 4265 3398 4342; baseline 0.01 -23"><span class='ocrx_word' id='word_1_612' title='bbox 1832 4265 1921 4320; x_wconf 89' lang='lat' dir='ltr'><strong>cui</strong></span> <span class='ocrx_word' id='word_1_613' title='bbox 1978 4265 2227 4319; x_wconf 85' lang='lat' dir='ltr'><strong>dextram</strong></span> <span class='ocrx_word' id='word_1_614' title='bbox 2286 4267 2473 4321; x_wconf 88' lang='lat' dir='ltr'><strong>cubito</strong></span> <span class='ocrx_word' id='word_1_615' title='bbox 2526 4275 2690 4323; x_wconf 88' lang='lat' dir='ltr'><strong>tenus</strong></span> <span class='ocrx_word' id='word_1_616' title='bbox 2754 4274 3078 4338; x_wconf 63' lang='lat' dir='ltr'><strong>praeciderat</strong></span> <span class='ocrx_word' id='word_1_617' title='bbox 3135 4277 3398 4342; x_wconf 80' lang='lat' dir='ltr'><strong>Sunicas,</strong></span> 
     </span>
    </p>
   </div>
   <div class='ocr_carea' id='block_1_91' title="bbox 175 4358 1733 4442">
    <p class='ocr_par' dir='ltr' id='par_1_91' title="bbox 175 4363 1728 4441">
     <span class='ocr_line' id='line_1_91' title="bbox 175 4363 1728 4441; baseline 0.002 -22"><span class='ocrx_word' id='word_1_618' title='bbox 175 4363 462 4440; x_wconf 59' lang='grc' dir='ltr'>ὶαῶμένης</span> <span class='ocrx_word' id='word_1_619' title='bbox 503 4371 767 4441; x_wconf 78' lang='grc' dir='ltr'>ἑσπέρας,</span> <span class='ocrx_word' id='word_1_620' title='bbox 814 4369 924 4423; x_wconf 85' lang='grc' dir='ltr'><strong>τῶν</strong></span> <span class='ocrx_word' id='word_1_621' title='bbox 975 4368 1204 4441; x_wconf 81' lang='grc' dir='ltr'>Περσῶν</span> <span class='ocrx_word' id='word_1_622' title='bbox 1252 4368 1590 4439; x_wconf 81' lang='grc' dir='ltr'>διωχθέντων</span> <span class='ocrx_word' id='word_1_623' title='bbox 1635 4370 1728 4422; x_wconf 76' lang='grc' dir='ltr'>ἐπὶ</span> 
     </span>
    </p>
   </div>
   <div class='ocr_carea' id='block_1_92' title="bbox 1835 4358 3400 4442">
    <p class='ocr_par' dir='ltr' id='par_1_92' title="bbox 1835 4358 3400 4442">
     <span class='ocr_line' id='line_1_92' title="bbox 1835 4358 3400 4442; baseline 0.007 -32"><span class='ocrx_word' id='word_1_624' title='bbox 1835 4358 2017 4412; x_wconf 90' lang='lat' dir='ltr'><strong>vivum</strong></span> <span class='ocrx_word' id='word_1_625' title='bbox 2072 4358 2633 4426; x_wconf 87' lang='lat' dir='ltr'><strong>comprehenderunt.</strong></span> <span class='ocrx_word' id='word_1_626' title='bbox 2704 4361 2937 4415; x_wconf 76' lang='lat' dir='ltr'><strong>Exarclti</strong></span> <span class='ocrx_word' id='word_1_627' title='bbox 2998 4374 3178 4419; x_wconf 88' lang='lat' dir='ltr'><strong>autem</strong></span> <span class='ocrx_word' id='word_1_628' title='bbox 3234 4370 3400 4442; x_wconf 69' lang='grc'><strong>465</strong></span> 
     </span>
    </p>
   </div>
   <div class='ocr_carea' id='block_1_93' title="bbox 175 4456 1729 4532">
    <p class='ocr_par' dir='ltr' id='par_1_93' title="bbox 175 4456 1729 4532">
     <span class='ocr_line' id='line_1_93' title="bbox 175 4456 1729 4532; baseline 0.001 -24"><span class='ocrx_word' id='word_1_629' title='bbox 175 4456 317 4523; x_wconf 61' lang='lat' dir='ltr'><strong>pata</strong></span> <span class='ocrx_word' id='word_1_630' title='bbox 363 4461 478 4521; x_wconf 73' lang='grc' dir='ltr'>δύο,</span> <span class='ocrx_word' id='word_1_631' title='bbox 517 4463 568 4514; x_wconf 78' lang='lat' dir='ltr'><strong>oi</strong></span> <span class='ocrx_word' id='word_1_632' title='bbox 623 4460 843 4532; x_wconf 80' lang='grc' dir='ltr'>ἓξαρχοι</span> <span class='ocrx_word' id='word_1_633' title='bbox 911 4459 1199 4529; x_wconf 86' lang='grc' dir='ltr'>Ῥωμαίων</span> <span class='ocrx_word' id='word_1_634' title='bbox 1233 4460 1331 4512; x_wconf 84' lang='grc' dir='ltr'><strong>σύν</strong></span> <span class='ocrx_word' id='word_1_635' title='bbox 1380 4459 1459 4528; x_wconf 85' lang='grc' dir='ltr'>τῷ</span> <span class='ocrx_word' id='word_1_636' title='bbox 1510 4460 1729 4530; x_wconf 81' lang='grc' dir='ltr'>στρατῷ</span> 
     </span>
    </p>
   </div>
   <div class='ocr_carea' id='block_1_94' title="bbox 168 4549 1725 4623">
    <p class='ocr_par' dir='ltr' id='par_1_94' title="bbox 168 4549 1725 4623">
     <span class='ocr_line' id='line_1_94' title="bbox 168 4549 1725 4623; baseline 0.009 -23"><span class='ocrx_word' id='word_1_637' title='bbox 168 4549 412 4619; x_wconf 74' lang='grc' dir='ltr'>είσῆλθον</span> <span class='ocrx_word' id='word_1_638' title='bbox 440 4555 522 4616; x_wconf 87' lang='grc' dir='ltr'><strong>είς</strong></span> <span class='ocrx_word' id='word_1_639' title='bbox 552 4552 876 4606; x_wconf 85' lang='grc' dir='ltr'>Καλλίνικον</span> <span class='ocrx_word' id='word_1_640' title='bbox 916 4552 1088 4605; x_wconf 86' lang='grc' dir='ltr'>πόλιν.</span> <span class='ocrx_word' id='word_1_641' title='bbox 1124 4553 1235 4605; x_wconf 84' lang='lat' dir='ltr'><strong>Kal.</strong></span> <span class='ocrx_word' id='word_1_642' title='bbox 1262 4554 1329 4623; x_wconf 81' lang='grc' dir='ltr'>τῇ</span> <span class='ocrx_word' id='word_1_643' title='bbox 1363 4551 1491 4621; x_wconf 79' lang='grc' dir='ltr'><strong>ἐξῆς</strong></span> <span class='ocrx_word' id='word_1_644' title='bbox 1519 4552 1725 4621; x_wconf 66' lang='grc' dir='ltr'>ἡμέρᾳ.</span> 
     </span>
    </p>
   </div>
   <div class='ocr_carea' id='block_1_95' title="bbox 167 4639 1728 4714">
    <p class='ocr_par' dir='ltr' id='par_1_95' title="bbox 167 4639 1728 4714">
     <span class='ocr_line' id='line_1_95' title="bbox 167 4639 1728 4714; baseline 0.004 -24"><span class='ocrx_word' id='word_1_645' title='bbox 167 4639 311 4705; x_wconf 56' lang='grc' dir='ltr'>ἡλίου</span> <span class='ocrx_word' id='word_1_646' title='bbox 341 4644 741 4707; x_wconf 80' lang='grc' dir='ltr'>ἀνατείλαντος,</span> <span class='ocrx_word' id='word_1_647' title='bbox 765 4643 991 4714; x_wconf 75' lang='grc' dir='ltr'>ἐξῆλθον</span> <span class='ocrx_word' id='word_1_648' title='bbox 1021 4643 1128 4697; x_wconf 84' lang='grc' dir='ltr'>ἀπὸ</span> <span class='ocrx_word' id='word_1_649' title='bbox 1145 4643 1468 4698; x_wconf 82' lang='grc' dir='ltr'>Καλλινίκου</span> <span class='ocrx_word' id='word_1_650' title='bbox 1499 4643 1728 4706; x_wconf 81' lang='grc' dir='ltr'>πόλεως,</span> 
     </span>
    </p>
   </div>
   <div class='ocr_carea' id='block_1_96' title="bbox 166 4733 1727 4808">
    <p class='ocr_par' dir='ltr' id='par_1_96' title="bbox 166 4733 1727 4808">
     <span class='ocr_line' id='line_1_96' title="bbox 166 4733 1727 4808; baseline 0.003 -25"><span class='ocrx_word' id='word_1_651' title='bbox 166 4734 503 4801; x_wconf 71' lang='grc' dir='ltr'>περάσαντες</span> <span class='ocrx_word' id='word_1_652' title='bbox 525 4736 619 4789; x_wconf 81' lang='grc' dir='ltr'>τὸν</span> <span class='ocrx_word' id='word_1_653' title='bbox 662 4735 961 4808; x_wconf 85' lang='grc' dir='ltr'>Εὐφράτην</span> <span class='ocrx_word' id='word_1_654' title='bbox 990 4736 1131 4806; x_wconf 85' lang='grc' dir='ltr'>μετὰ</span> <span class='ocrx_word' id='word_1_655' title='bbox 1171 4735 1267 4789; x_wconf 81' lang='grc' dir='ltr'><strong>τοῦ</strong></span> <span class='ocrx_word' id='word_1_656' title='bbox 1324 4735 1455 4789; x_wconf 76' lang='grc' dir='ltr'>ἰδίου</span> <span class='ocrx_word' id='word_1_657' title='bbox 1497 4733 1727 4807; x_wconf 79' lang='grc' dir='ltr'>στρατοῦ</span> 
     </span>
    </p>
   </div>
   <div class='ocr_carea' id='block_1_97' title="bbox 166 4823 1728 4895">
    <p class='ocr_par' dir='ltr' id='par_1_97' title="bbox 166 4823 1728 4895">
     <span class='ocr_line' id='line_1_97' title="bbox 166 4823 1728 4895; baseline 0.001 -20"><span class='ocrx_word' id='word_1_658' title='bbox 166 4823 256 4875; x_wconf 74' lang='grc' dir='ltr'>καὶ</span> <span class='ocrx_word' id='word_1_659' title='bbox 304 4825 418 4878; x_wconf 83' lang='grc' dir='ltr'><strong>τῶν</strong></span> <span class='ocrx_word' id='word_1_660' title='bbox 447 4827 683 4880; x_wconf 86' lang='grc' dir='ltr'>πολιτῶν</span> <span class='ocrx_word' id='word_1_661' title='bbox 704 4844 718 4858; x_wconf 89' lang='grc'><strong>·</strong></span> <span class='ocrx_word' id='word_1_662' title='bbox 754 4828 851 4880; x_wconf 84' lang='grc' dir='ltr'>καὶ</span> <span class='ocrx_word' id='word_1_663' title='bbox 881 4826 1218 4882; x_wconf 75' lang='grc' dir='ltr'>ἐσκύλευσαν</span> <span class='ocrx_word' id='word_1_664' title='bbox 1254 4826 1323 4880; x_wconf 84' lang='grc' dir='ltr'><strong>τὰ</strong></span> <span class='ocrx_word' id='word_1_665' title='bbox 1357 4826 1585 4895; x_wconf 74' lang='grc' dir='ltr'>λείψανα</span> <span class='ocrx_word' id='word_1_666' title='bbox 1616 4824 1728 4878; x_wconf 83' lang='grc' dir='ltr'><strong>τῶν</strong></span> 
     </span>
    </p>
   </div>
   <div class='ocr_carea' id='block_1_98' title="bbox 176 4910 1729 4987">
    <p class='ocr_par' dir='ltr' id='par_1_98' title="bbox 176 4910 1729 4987">
     <span class='ocr_line' id='line_1_98' title="bbox 176 4910 1729 4987; baseline -0.003 -17"><span class='ocrx_word' id='word_1_667' title='bbox 176 4910 410 4983; x_wconf 58' lang='grc' dir='ltr'>Περσῶν.</span> <span class='ocrx_word' id='word_1_668' title='bbox 434 4917 548 4971; x_wconf 74' lang='grc' dir='ltr'>Καὶ</span> <span class='ocrx_word' id='word_1_669' title='bbox 578 4915 769 4986; x_wconf 81' lang='grc' dir='ltr'>μαθὼν</span> <span class='ocrx_word' id='word_1_670' title='bbox 807 4916 985 4970; x_wconf 87' lang='grc' dir='ltr'>πάντα</span> <span class='ocrx_word' id='word_1_671' title='bbox 1016 4916 1089 4969; x_wconf 89' lang='grc' dir='ltr'><strong>τά</strong></span> <span class='ocrx_word' id='word_1_672' title='bbox 1120 4915 1389 4987; x_wconf 84' lang='grc' dir='ltr'>γενόμενα</span> <span class='ocrx_word' id='word_1_673' title='bbox 1430 4916 1489 4967; x_wconf 85' lang='grc' dir='ltr'><strong>ἐν</strong></span> <span class='ocrx_word' id='word_1_674' title='bbox 1518 4912 1595 4983; x_wconf 84' lang='grc' dir='ltr'>τῷ</span> <span class='ocrx_word' id='word_1_675' title='bbox 1632 4930 1729 4966; x_wconf 90' lang='grc' dir='ltr'>πο-</span> 
     </span>
    </p>
   </div>
   <div class='ocr_carea' id='block_1_99' title="bbox 1834 4449 3399 4526">
    <p class='ocr_par' dir='ltr' id='par_1_99' title="bbox 1834 4449 3399 4526">
     <span class='ocr_line' id='line_1_99' title="bbox 1834 4449 3399 4526; baseline 0.006 -22"><span class='ocrx_word' id='word_1_676' title='bbox 1834 4449 2064 4504; x_wconf 81' lang='lat' dir='ltr'><strong>Romani</strong></span> <span class='ocrx_word' id='word_1_677' title='bbox 2100 4464 2224 4503; x_wconf 88' lang='lat' dir='ltr'><strong>cum</strong></span> <span class='ocrx_word' id='word_1_678' title='bbox 2251 4449 2493 4502; x_wconf 78' lang='lat' dir='ltr'><strong>exercitu</strong></span> <span class='ocrx_word' id='word_1_679' title='bbox 2518 4465 2619 4503; x_wconf 87' lang='lat' dir='ltr'><strong>suo</strong></span> <span class='ocrx_word' id='word_1_680' title='bbox 2644 4449 2973 4507; x_wconf 88' lang='lat' dir='ltr'><strong>dimicantes</strong></span> <span class='ocrx_word' id='word_1_681' title='bbox 2999 4459 3357 4523; x_wconf 87' lang='lat' dir='ltr'><strong>perstiterunt</strong></span> <span class='ocrx_word' id='word_1_682' title='bbox 3383 4479 3399 4526; x_wconf 94' lang='lat'><strong>;</strong></span> 
     </span>
    </p>
   </div>
   <div class='ocr_carea' id='block_1_100' title="bbox 1834 4538 3398 4607">
    <p class='ocr_par' dir='ltr' id='par_1_100' title="bbox 1834 4538 3398 4607">
     <span class='ocr_line' id='line_1_100' title="bbox 1834 4538 3398 4607; baseline 0.003 -10"><span class='ocrx_word' id='word_1_683' title='bbox 1834 4542 2133 4596; x_wconf 87' lang='lat' dir='ltr'><strong>Persarum</strong></span> <span class='ocrx_word' id='word_1_684' title='bbox 2179 4538 2442 4607; x_wconf 80' lang='lat' dir='ltr'><strong>vestigiis</strong></span> <span class='ocrx_word' id='word_1_685' title='bbox 2496 4539 2818 4594; x_wconf 83' lang='lat' dir='ltr'><strong>insistentes</strong></span> <span class='ocrx_word' id='word_1_686' title='bbox 2853 4542 2918 4594; x_wconf 85' lang='lat' dir='ltr'><strong>ad</strong></span> <span class='ocrx_word' id='word_1_687' title='bbox 2954 4544 3210 4599; x_wconf 85' lang='lat' dir='ltr'><strong>milliaria</strong></span> <span class='ocrx_word' id='word_1_688' title='bbox 3239 4550 3351 4604; x_wconf 89' lang='lat' dir='ltr'><strong>duo</strong></span> <span class='ocrx_word' id='word_1_689' title='bbox 3385 4568 3398 4601; x_wconf 91' lang='lat'>:</span> 
     </span>
    </p>
   </div>
   <div class='ocr_carea' id='block_1_101' title="bbox 1833 4629 3404 4699">
    <p class='ocr_par' dir='ltr' id='par_1_101' title="bbox 1833 4629 3404 4699">
     <span class='ocr_line' id='line_1_101' title="bbox 1833 4629 3404 4699; baseline 0.004 -11"><span class='ocrx_word' id='word_1_690' title='bbox 1833 4646 2021 4688; x_wconf 90' lang='lat' dir='ltr'><strong>verum</strong></span> <span class='ocrx_word' id='word_1_691' title='bbox 2065 4630 2355 4699; x_wconf 80' lang='lat' dir='ltr'><strong>ingruente</strong></span> <span class='ocrx_word' id='word_1_692' title='bbox 2402 4629 2618 4682; x_wconf 92' lang='lat' dir='ltr'><strong>demum</strong></span> <span class='ocrx_word' id='word_1_693' title='bbox 2657 4644 2907 4699; x_wconf 86' lang='lat' dir='ltr'><strong>vespera,</strong></span> <span class='ocrx_word' id='word_1_694' title='bbox 2948 4631 3274 4691; x_wconf 86' lang='lat' dir='ltr'><strong>Callinicum</strong></span> <span class='ocrx_word' id='word_1_695' title='bbox 3308 4657 3404 4694; x_wconf 91' lang='lat' dir='ltr'><strong>ur-</strong></span> 
     </span>
    </p>
   </div>
   <div class='ocr_carea' id='block_1_102' title="bbox 1834 4718 3399 4792">
    <p class='ocr_par' dir='ltr' id='par_1_102' title="bbox 1834 4718 3399 4792">
     <span class='ocr_line' id='line_1_102' title="bbox 1834 4718 3399 4792; baseline 0.003 -14"><span class='ocrx_word' id='word_1_696' title='bbox 1834 4724 1958 4778; x_wconf 88' lang='lat' dir='ltr'><strong>bem</strong></span> <span class='ocrx_word' id='word_1_697' title='bbox 1989 4727 2401 4776; x_wconf 89' lang='lat' dir='ltr'><strong>concesserunt.</strong></span> <span class='ocrx_word' id='word_1_698' title='bbox 2428 4718 2574 4773; x_wconf 90' lang='lat' dir='ltr'><strong>Luce</strong></span> <span class='ocrx_word' id='word_1_699' title='bbox 2600 4728 2782 4774; x_wconf 89' lang='lat' dir='ltr'><strong>autem</strong></span> <span class='ocrx_word' id='word_1_700' title='bbox 2825 4724 3099 4792; x_wconf 83' lang='lat' dir='ltr'><strong>proxima,</strong></span> <span class='ocrx_word' id='word_1_701' title='bbox 3131 4731 3263 4783; x_wconf 90' lang='lat' dir='ltr'><strong>solis</strong></span> <span class='ocrx_word' id='word_1_702' title='bbox 3294 4738 3399 4786; x_wconf 81' lang='lat' dir='ltr'><strong>sub</strong></span> 
     </span>
    </p>
   </div>
   <div class='ocr_carea' id='block_1_103' title="bbox 1835 4812 3395 4893">
    <p class='ocr_par' dir='ltr' id='par_1_103' title="bbox 1835 4812 3395 4893">
     <span class='ocr_line' id='line_1_103' title="bbox 1835 4812 3395 4893; baseline 0.006 -23"><span class='ocrx_word' id='word_1_703' title='bbox 1835 4824 2015 4870; x_wconf 91' lang='lat' dir='ltr'><strong>ortum</strong></span> <span class='ocrx_word' id='word_1_704' title='bbox 2062 4827 2185 4865; x_wconf 88' lang='lat' dir='ltr'><strong>cum</strong></span> <span class='ocrx_word' id='word_1_705' title='bbox 2224 4812 2465 4865; x_wconf 82' lang='lat' dir='ltr'><strong>exercitu</strong></span> <span class='ocrx_word' id='word_1_706' title='bbox 2520 4812 2866 4884; x_wconf 82' lang='lat' dir='ltr'><strong>civibusque,</strong></span> <span class='ocrx_word' id='word_1_707' title='bbox 2893 4832 2956 4871; x_wconf 86' lang='lat' dir='ltr'><strong>ex</strong></span> <span class='ocrx_word' id='word_1_708' title='bbox 3010 4821 3142 4875; x_wconf 88' lang='lat' dir='ltr'><strong>urbe</strong></span> <span class='ocrx_word' id='word_1_709' title='bbox 3191 4830 3395 4893; x_wconf 80' lang='lat' dir='ltr'><strong>egressi</strong></span> 
     </span>
    </p>
   </div>
   <div class='ocr_carea' id='block_1_104' title="bbox 1834 4902 3397 4974">
    <p class='ocr_par' dir='ltr' id='par_1_104' title="bbox 1834 4902 3397 4974">
     <span class='ocr_line' id='line_1_104' title="bbox 1834 4902 3397 4974; baseline 0.001 -11"><span class='ocrx_word' id='word_1_710' title='bbox 1834 4913 1993 4971; x_wconf 87' lang='lat' dir='ltr'><strong>sunt;</strong></span> <span class='ocrx_word' id='word_1_711' title='bbox 2030 4903 2418 4974; x_wconf 83' lang='lat' dir='ltr'><strong>Euphrateque</strong></span> <span class='ocrx_word' id='word_1_712' title='bbox 2442 4902 2695 4973; x_wconf 85' lang='lat' dir='ltr'><strong>trajecto,</strong></span> <span class='ocrx_word' id='word_1_713' title='bbox 2715 4906 3079 4966; x_wconf 87' lang='lat' dir='ltr'><strong>cadaveribus</strong></span> <span class='ocrx_word' id='word_1_714' title='bbox 3105 4913 3397 4972; x_wconf 79' lang='lat' dir='ltr'><strong>Persarum</strong></span> 
     </span>
    </p>
   </div>
   <div class='ocr_carea' id='block_1_105' title="bbox 1424 5065 2105 5134">
    <p class='ocr_par' dir='ltr' id='par_1_105' title="bbox 1424 5065 2105 5134">
     <span class='ocr_line' id='line_1_105' title="bbox 1424 5065 2105 5134; baseline -0.015 -4"><span class='ocrx_word' id='word_1_715' title='bbox 1424 5078 1663 5134; x_wconf 77' lang='lat' dir='ltr'><strong>VARUE</strong></span> <span class='ocrx_word' id='word_1_716' title='bbox 1697 5065 2105 5130; x_wconf 83' lang='lat' dir='ltr'><strong>LECTIONES.</strong></span> 
     </span>
    </p>
   </div>
   <div class='ocr_carea' id='block_1_106' title="bbox 242 5186 827 5250">
    <p class='ocr_par' dir='ltr' id='par_1_106' title="bbox 242 5186 827 5250">
     <span class='ocr_line' id='line_1_106' title="bbox 242 5186 827 5250; baseline 0.019 -10"><span class='ocrx_word' id='word_1_717' title='bbox 242 5186 283 5219; x_wconf 87' lang='lat'>“</span> <span class='ocrx_word' id='word_1_718' title='bbox 315 5190 682 5247; x_wconf 81' lang='grc' dir='ltr'>ἀνθιστάντων</span> <span class='ocrx_word' id='word_1_719' title='bbox 723 5192 827 5250; x_wconf 79' lang='lat' dir='ltr'><strong>Ox.</strong></span> 
     </span>
    </p>
   </div>
   <div class='ocr_carea' id='block_1_107' title="bbox 927 5182 2192 5266">
    <p class='ocr_par' dir='ltr' id='par_1_107' title="bbox 927 5182 2192 5266">
     <span class='ocr_line' id='line_1_107' title="bbox 927 5182 2192 5266; baseline -0.009 -17"><span class='ocrx_word' id='word_1_720' title='bbox 927 5196 971 5227; x_wconf 82' lang='lat'>“</span> <span class='ocrx_word' id='word_1_721' title='bbox 992 5196 1250 5249; x_wconf 86' lang='grc' dir='ltr'>δέδωκαν.</span> <span class='ocrx_word' id='word_1_722' title='bbox 1278 5196 1343 5251; x_wconf 77' lang='lat' dir='ltr'><strong>V’.</strong></span> <span class='ocrx_word' id='word_1_723' title='bbox 1372 5212 1427 5266; x_wconf 89' lang='lat' dir='ltr'><strong>p.</strong></span> <span class='ocrx_word' id='word_1_724' title='bbox 1454 5212 1572 5266; x_wconf 91' lang='lat' dir='ltr'><strong>seq.</strong></span> <span class='ocrx_word' id='word_1_725' title='bbox 1599 5213 1650 5248; x_wconf 91' lang='lat' dir='ltr'><strong>v.</strong></span> <span class='ocrx_word' id='word_1_726' title='bbox 1684 5191 1925 5266; x_wconf 25' lang='grc' dir='ltr'>πλευραί</span> <span class='ocrx_word' id='word_1_727' title='bbox 1950 5203 2015 5266; x_wconf 47' lang='grc' dir='ltr'><strong>βλ</strong></span> <span class='ocrx_word' id='word_1_728' title='bbox 2030 5185 2097 5240; x_wconf 81' lang='lat'><strong>58</strong></span> <span class='ocrx_word' id='word_1_729' title='bbox 2129 5182 2192 5237; x_wconf 85' lang='grc' dir='ltr'><strong>Ε.</strong></span> 
     </span>
    </p>
   </div>
   <div class='ocr_carea' id='block_1_108' title="bbox 2286 5181 3403 5258">
    <p class='ocr_par' dir='ltr' id='par_1_108' title="bbox 2286 5181 3403 5258">
     <span class='ocr_line' id='line_1_108' title="bbox 2286 5181 3403 5258; baseline 0.004 -22"><span class='ocrx_word' id='word_1_730' title='bbox 2286 5183 2331 5215; x_wconf 79' lang='grc'>⁸³</span> <span class='ocrx_word' id='word_1_731' title='bbox 2355 5181 2599 5253; x_wconf 82' lang='grc' dir='ltr'>ἀμιξίας.</span> <span class='ocrx_word' id='word_1_732' title='bbox 2631 5182 2794 5240; x_wconf 78' lang='lat' dir='ltr'><strong>Redit</strong></span> <span class='ocrx_word' id='word_1_733' title='bbox 2816 5187 3138 5243; x_wconf 86' lang='lat' dir='ltr'><strong>vocabulum</strong></span> <span class='ocrx_word' id='word_1_734' title='bbox 3165 5203 3216 5258; x_wconf 91' lang='lat' dir='ltr'><strong>p.</strong></span> <span class='ocrx_word' id='word_1_735' title='bbox 3243 5187 3315 5244; x_wconf 88' lang='lat'><strong>78</strong></span> <span class='ocrx_word' id='word_1_736' title='bbox 3344 5188 3403 5241; x_wconf 83' lang='lat' dir='ltr'><strong>E.</strong></span> 
     </span>
    </p>
   </div>
   <div class='ocr_carea' id='block_1_109' title="bbox 193 5247 2078 5335">
    <p class='ocr_par' dir='ltr' id='par_1_109' title="bbox 193 5247 2078 5335">
     <span class='ocr_line' id='line_1_109' title="bbox 193 5247 2078 5335; baseline 0.004 -21"><span class='ocrx_word' id='word_1_737' title='bbox 193 5247 221 5282; x_wconf 78' lang='lat'><em>“</em></span> <span class='ocrx_word' id='word_1_738' title='bbox 240 5257 452 5323; x_wconf 76' lang='grc' dir='ltr'>ειδότες.</span> <span class='ocrx_word' id='word_1_739' title='bbox 484 5264 601 5318; x_wconf 89' lang='lat' dir='ltr'><strong>lmo</strong></span> <span class='ocrx_word' id='word_1_740' title='bbox 629 5247 849 5328; x_wconf 58' lang='grc' dir='ltr'><strong>ἱδόνέἷξ.</strong></span> <span class='ocrx_word' id='word_1_741' title='bbox 926 5266 970 5296; x_wconf 81' lang='grc'><strong><em>⁸³</em></strong></span> <span class='ocrx_word' id='word_1_742' title='bbox 1000 5247 1400 5333; x_wconf 42' lang='lat' dir='ltr'><strong>ignesque;</strong></span> <span class='ocrx_word' id='word_1_743' title='bbox 1413 5247 2078 5335; x_wconf 58' lang='grc' dir='ltr'>ὸῐιῖξὲπεμέίναῦτεξοιο</span> 
     </span>
    </p>
   </div>
   <div class='ocr_carea' id='block_1_110' title="bbox 1380 5391 2180 5452">
    <p class='ocr_par' dir='ltr' id='par_1_110' title="bbox 1380 5391 2180 5452">
     <span class='ocr_line' id='line_1_110' title="bbox 1380 5391 2180 5452; baseline -0.009 0"><span class='ocrx_word' id='word_1_744' title='bbox 1380 5398 1488 5452; x_wconf 83' lang='grc' dir='ltr'><strong>ΕΙ).</strong></span> <span class='ocrx_word' id='word_1_745' title='bbox 1531 5393 1909 5451; x_wconf 80' lang='lat' dir='ltr'><strong>CHILMEADI</strong></span> <span class='ocrx_word' id='word_1_746' title='bbox 1947 5391 2180 5448; x_wconf 69' lang='lat' dir='ltr'><strong>NOTAE.</strong></span> 
     </span>
    </p>
   </div>
   <div class='ocr_carea' id='block_1_111' title="bbox 240 5505 1737 5645">
    <p class='ocr_par' dir='ltr' id='par_1_111' title="bbox 240 5505 1737 5645">
     <span class='ocr_line' id='line_1_111' title="bbox 240 5505 1737 5579; baseline 0.003 -19"><span class='ocrx_word' id='word_1_747' title='bbox 240 5505 351 5573; x_wconf 80' lang='grc'><strong>(15)</strong></span> <span class='ocrx_word' id='word_1_748' title='bbox 391 5508 506 5572; x_wconf 81' lang='grc' dir='ltr'>Τς</span> <span class='ocrx_word' id='word_1_749' title='bbox 536 5509 612 5577; x_wconf 83' lang='grc' dir='ltr'><strong>γά</strong></span> <span class='ocrx_word' id='word_1_750' title='bbox 678 5510 901 5579; x_wconf 81' lang='grc' dir='ltr'>ἁμιξίας</span> <span class='ocrx_word' id='word_1_751' title='bbox 935 5510 1258 5578; x_wconf 75' lang='grc' dir='ltr'>γενομένης.</span> <span class='ocrx_word' id='word_1_752' title='bbox 1291 5508 1457 5563; x_wconf 81' lang='lat' dir='ltr'><strong>Forte</strong></span> <span class='ocrx_word' id='word_1_753' title='bbox 1490 5511 1737 5564; x_wconf 83' lang='lat' dir='ltr'><strong>scriben-</strong></span> 
     </span>
     <span class='ocr_line' id='line_1_112' title="bbox 240 5526 1733 5645; baseline 0.001 -14"><span class='ocrx_word' id='word_1_754' title='bbox 240 5592 297 5631; x_wconf 71' lang='grc' dir='ltr'><strong>ω</strong></span> <span class='ocrx_word' id='word_1_755' title='bbox 314 5526 880 5645; x_wconf 43' lang='grc' dir='ltr'>ἀμμῖξίαςίεείιηυε</span> <span class='ocrx_word' id='word_1_756' title='bbox 904 5582 1047 5634; x_wconf 88' lang='lat' dir='ltr'><strong>enim</strong></span> <span class='ocrx_word' id='word_1_757' title='bbox 1070 5579 1308 5645; x_wconf 79' lang='grc' dir='ltr'>ἄμμιγα,</span> <span class='ocrx_word' id='word_1_758' title='bbox 1339 5595 1437 5645; x_wconf 89' lang='lat' dir='ltr'><strong>pro</strong></span> <span class='ocrx_word' id='word_1_759' title='bbox 1457 5580 1733 5645; x_wconf 85' lang='grc' dir='ltr'>ἀνάμιγα,</span> 
     </span>
    </p>
   </div>
   <div class='ocr_carea' id='block_1_112' title="bbox 181 5573 395 5648">
    <p class='ocr_par' dir='ltr' id='par_1_112' title="bbox 181 5573 395 5648">
     <span class='ocr_line' id='line_1_113' title="bbox 181 5573 395 5648; baseline -0.005 -17"><span class='ocrx_word' id='word_1_760' title='bbox 181 5573 297 5631; x_wconf 66' lang='lat' dir='ltr'><strong>dum</strong></span> <span class='ocrx_word' id='word_1_761' title='bbox 314 5578 395 5648; x_wconf 81' lang='grc' dir='ltr'><strong>ἀμ</strong></span> 
     </span>
    </p>
   </div>
   <div class='ocr_carea' id='block_1_113' title="bbox 170 5579 1733 5701">
    <p class='ocr_par' dir='ltr' id='par_1_113' title="bbox 170 5579 1733 5701">
     <span class='ocr_line' id='line_1_114' title="bbox 181 5579 1733 5701; baseline 0.001 -70"><span class='ocrx_word' id='word_1_762' title='bbox 181 5579 297 5631; x_wconf 67' lang='grc' dir='ltr'><strong>ιω</strong></span> <span class='ocrx_word' id='word_1_763' title='bbox 314 5579 608 5701; x_wconf 62' lang='grc' dir='ltr'>ἀμέιαιξίας.</span> <span class='ocrx_word' id='word_1_764' title='bbox 624 5579 880 5649; x_wconf 81' lang='lat' dir='ltr'><strong>Legimus</strong></span> <span class='ocrx_word' id='word_1_765' title='bbox 904 5582 1047 5634; x_wconf 88' lang='lat' dir='ltr'><strong>enim</strong></span> <span class='ocrx_word' id='word_1_766' title='bbox 1070 5579 1308 5661; x_wconf 76' lang='grc' dir='ltr'>ἄμμιγα,</span> <span class='ocrx_word' id='word_1_767' title='bbox 1339 5595 1437 5649; x_wconf 89' lang='lat' dir='ltr'><strong>pro</strong></span> <span class='ocrx_word' id='word_1_768' title='bbox 1457 5580 1733 5649; x_wconf 85' lang='grc' dir='ltr'>ἀνάμιγα,</span> 
     </span>
     <span class='ocr_line' id='line_1_115' title="bbox 170 5647 1731 5701; baseline 0 0"><span class='ocrx_word' id='word_1_769' title='bbox 170 5654 216 5700; x_wconf 73' lang='grc' dir='ltr'><strong>ει</strong></span> <span class='ocrx_word' id='word_1_770' title='bbox 243 5647 391 5701; x_wconf 67' lang='lat' dir='ltr'><strong>anui</strong></span> <span class='ocrx_word' id='word_1_771' title='bbox 464 5665 492 5701; x_wconf 81' lang='grc' dir='ltr'><strong>ς</strong></span> <span class='ocrx_word' id='word_1_772' title='bbox 514 5664 624 5701; x_wconf 74' lang='lat' dir='ltr'><strong>oro</strong></span> <span class='ocrx_word' id='word_1_773' title='bbox 645 5649 953 5701; x_wconf 72' lang='lat' dir='ltr'><strong>avaulEac&#39;</strong></span> <span class='ocrx_word' id='word_1_774' title='bbox 982 5655 1145 5701; x_wconf 79' lang='lat' dir='ltr'><strong>atque</strong></span> <span class='ocrx_word' id='word_1_775' title='bbox 1179 5649 1307 5701; x_wconf 75' lang='lat' dir='ltr'><strong>hinc</strong></span> <span class='ocrx_word' id='word_1_776' title='bbox 1340 5649 1600 5701; x_wconf 77' lang='grc' dir='ltr'>ἀμμιεία.</span> <span class='ocrx_word' id='word_1_777' title='bbox 1632 5666 1731 5701; x_wconf 91' lang='lat' dir='ltr'><strong>nro</strong></span> 
     </span>
    </p>
   </div>
   <div class='ocr_carea' id='block_1_114' title="bbox 285 5664 371 5717">
    <p class='ocr_par' dir='ltr' id='par_1_114' title="bbox 285 5664 371 5717">
     <span class='ocr_line' id='line_1_116' title="bbox 285 5664 371 5717; baseline 0 0"><span class='ocrx_word' id='word_1_778' title='bbox 285 5664 371 5717; x_wconf 74' lang='grc' dir='ltr'>μμ</span> 
     </span>
    </p>
   </div>
   <div class='ocr_carea' id='block_1_115' title="bbox 464 5649 1731 5721">
    <p class='ocr_par' dir='ltr' id='par_1_115' title="bbox 464 5649 1731 5721">
     <span class='ocr_line' id='line_1_117' title="bbox 464 5649 1731 5721; baseline 0.001 -18"><span class='ocrx_word' id='word_1_779' title='bbox 464 5665 492 5711; x_wconf 87' lang='grc' dir='ltr'><strong>ς</strong></span> <span class='ocrx_word' id='word_1_780' title='bbox 514 5664 624 5719; x_wconf 75' lang='lat' dir='ltr'><strong>pro</strong></span> <span class='ocrx_word' id='word_1_781' title='bbox 645 5649 953 5719; x_wconf 79' lang='grc' dir='ltr'>ἀναμίξας’</span> <span class='ocrx_word' id='word_1_782' title='bbox 982 5655 1145 5721; x_wconf 84' lang='lat' dir='ltr'><strong>atque</strong></span> <span class='ocrx_word' id='word_1_783' title='bbox 1179 5649 1307 5703; x_wconf 86' lang='lat' dir='ltr'><strong>hinc</strong></span> <span class='ocrx_word' id='word_1_784' title='bbox 1340 5649 1600 5720; x_wconf 82' lang='grc' dir='ltr'>ἁμμιξία,</span> <span class='ocrx_word' id='word_1_785' title='bbox 1632 5666 1731 5720; x_wconf 90' lang='lat' dir='ltr'><strong>pro</strong></span> 
     </span>
    </p>
   </div>
   <div class='ocr_carea' id='block_1_116' title="bbox 1847 5503 3388 5578">
    <p class='ocr_par' dir='ltr' id='par_1_116' title="bbox 1847 5503 3388 5578">
     <span class='ocr_line' id='line_1_118' title="bbox 1847 5503 3388 5578; baseline -0.001 -17"><span class='ocrx_word' id='word_1_786' title='bbox 1847 5505 2133 5578; x_wconf 79' lang='grc' dir='ltr'>ἀναμιξία,</span> <span class='ocrx_word' id='word_1_787' title='bbox 2168 5506 2314 5575; x_wconf 89' lang='lat' dir='ltr'><strong>quod</strong></span> <span class='ocrx_word' id='word_1_788' title='bbox 2353 5505 2814 5568; x_wconf 74' lang='lat' dir='ltr'><strong>Commixtionem,</strong></span> <span class='ocrx_word' id='word_1_789' title='bbox 2864 5503 2980 5559; x_wconf 90' lang='lat' dir='ltr'><strong>sive</strong></span> <span class='ocrx_word' id='word_1_790' title='bbox 3032 5504 3388 5573; x_wconf 72' lang='lat' dir='ltr'><strong>Confusioaen</strong></span> 
     </span>
    </p>
   </div>
   <div class='ocr_carea' id='block_1_117' title="bbox 1849 5576 3011 5649">
    <p class='ocr_par' dir='ltr' id='par_1_117' title="bbox 1849 5576 3011 5649">
     <span class='ocr_line' id='line_1_119' title="bbox 1849 5576 3011 5649; baseline 0.005 -16"><span class='ocrx_word' id='word_1_791' title='bbox 1849 5576 2032 5639; x_wconf 83' lang='lat' dir='ltr'><strong>sonat,</strong></span> <span class='ocrx_word' id='word_1_792' title='bbox 2074 5576 2295 5649; x_wconf 56' lang='grc' dir='ltr'>ΐιιιςιιιῐπί</span> <span class='ocrx_word' id='word_1_793' title='bbox 2326 5585 2527 5649; x_wconf 67' lang='lat' dir='ltr'><strong>potest.</strong></span> <span class='ocrx_word' id='word_1_794' title='bbox 2552 5646 2579 5649; x_wconf 97' lang='lat'>_</span> <span class='ocrx_word' id='word_1_795' title='bbox 3003 5642 3011 5649; x_wconf 89' lang='lat'><strong>_</strong></span> 
     </span>
    </p>
   </div>
   <div class='ocr_carea' id='block_1_118' title="bbox 1914 5645 3023 5716">
    <p class='ocr_par' dir='ltr' id='par_1_118' title="bbox 1914 5645 3023 5716">
     <span class='ocr_line' id='line_1_120' title="bbox 1914 5645 3023 5716; baseline -0.005 -15"><span class='ocrx_word' id='word_1_796' title='bbox 1914 5649 2025 5716; x_wconf 82' lang='lat' dir='ltr'><strong>(l6)</strong></span> <span class='ocrx_word' id='word_1_797' title='bbox 2065 5646 2313 5700; x_wconf 82' lang='grc' dir='ltr'>Δέδωκαν</span> <span class='ocrx_word' id='word_1_798' title='bbox 2332 5645 2504 5700; x_wconf 78' lang='grc' dir='ltr'>νῶτα.</span> <span class='ocrx_word' id='word_1_799' title='bbox 2546 5646 2666 5701; x_wconf 86' lang='lat' dir='ltr'><strong>Scr.</strong></span> <span class='ocrx_word' id='word_1_800' title='bbox 2696 5646 2926 5708; x_wconf 72' lang='grc' dir='ltr'>ἔδωκαν.</span> <span class='ocrx_word' id='word_1_801' title='bbox 3003 5645 3023 5702; x_wconf 77' lang='grc'>’,</span> 
     </span>
    </p>
   </div>
  </div>
