3760 6202
204 278 291 340 τΠ
611 322 618 329 .
1217 278 1579 340 EPISTULA
1624 279 1829 339 RlCH.
1876 279 2252 340 BENTLEII.
3303 285 3406 347 713

197 391 346 444 τέκνα
369 386 460 441 τοῦ
497 386 657 441 αὐτοῖο
686 386 977 457 Κουζτίνη,
1019 389 1361 455 ἐκδικοῦντες
1389 392 1449 445 τὸ
1485 391 1706 462 πατρῷα

1907 391 2081 446 Itzina:
2120 392 2295 469 ipsius
2326 392 2443 456 filii,
2480 403 2764 463 paternam
2797 395 3002 450 eaedem
3032 394 3223 462 ulturi,
3254 411 3406 451 arma

200 475 337 550 αἷμα.
370 478 474 532 Καὶ
515 478 913 543 ἐπαναστάντες
948 482 1061 544 τοῖς
1091 481 1284 551 μέρεσι
1321 482 1417 551 τῆς
1448 482 1707 553 Ἀφρικῆς

1910 493 2193 554 mpserunt
2230 502 2243 538 :
2274 483 2585 556 Africaeque
2648 488 2901 556 regiones
2953 487 3220 558 quasdam
3246 487 3407 543 iuva~

199 565 478 639 παρέλαόόν
518 585 665 631 τινας
701 568 901 633 τόπους
943 570 1302 640 φονεύσαντες
1348 573 1440 625 καὶ
1489 572 1707 643 πραιδεύ

1911 585 2050 641 ntes,
2097 578 2214 631 loca
2241 578 2504 633 nonnulla
2540 588 2900 649 occuparunt,
2937 578 3140 636 incolis
3183 580 3411 639 interfe-

201 675 384 723 σαντες.
417 660 480 718 '0
526 658 581 712 δὲ
624 659 785 723 αὐτὸς
828 659 1081 731 βασιλεὺς
1105 663 1479 727 Ὶουστινιανὸς
1522 661 1705 733 ἔπεμψ

1907 669 1946 720 is
1977 668 2364 739 expilatisque.
2398 668 2699 740 Imperator
2722 673 2905 741 itaque
2938 670 3286 731 Justinianus
3319 694 3412 731 ne-

197 752 486 823 Hapxuzvbv
506 752 596 805 τὸν
629 748 761 805 ἴδιον
783 751 950 805 αὐτοῦ
985 750 1206 821 ἀνεψιὸν
1229 753 1378 807 "““.

1907 764 2021 809 Item
2054 771 2214 812 suum
2248 757 2582 812 Marcianum
2603 761 3048 839 .expedivit‘m“.

1553 1021 2047 1085 APPENDIX.

198 1143 301 1219 Nora
353 1143 757 1219 incommodum
788 1141 891 1197 erit
946 1140 1255 1219 subjungere
1310 1140 1404 1219 _hic
1478 1137 1743 1212 Synopsiu
1783 1140 2253 1219 Citronographiq
2295 1142 2613 1219 Halaliange
2651 1146 2724 1219 de
2752 1143 2874 1198 Vita
2937 1158 2987 1219 et
3063 1149 3213 1203 rebus
3253 1152 3408 1219 gestis

251 1214 555 1295 Iustiniani,
608 1223 670 1295 ait
697 1212 976 1281 dignoscat
1020 1209 1214 1265 Lector
1251 1212 1320 1263 ad
1370 1209 1536 1280 quem'
1583 1209 1782 1265 annum
1833 1209 2006 1267 illius
2043 1209 2253 1282 imperii
2280 1231 2397 1284 qua:
2434 1216 2489 1267 in
2529 1216 2752 1285 singulis
2797 1218 3004 1286 paginis
3070 1209 3410 1274 conscribun-

252 1294 331 1338 tur
352 1293 667 1352 pertineant.

248 1376 347 1431 An.
384 1373 407 1426 I
1007 1439 1018 1441 _
1128 1369 1257 1441 Pag.
1292 1370 1382 1428 ed.
1421 1371 1524 1427 Ox.
1567 1371 1664 1426 151

251 1472 313 1484 —
374 1442 410 1496 2
480 1442 686 1497 Indict.
719 1442 753 1498 6
782 1456 960 1497 mens.
992 1439 1113 1497 Oct.
1208 1439 1230 1441 “
1567 1441 1671 1495 152

250 1542 314 1554 -
373 1543 443 1555 -
520 1542 587 1553 -
655 1541 730 1552 -
798 1509 924 1565 Jan.
1566 1510 1670 1563 155

476 1581 808 1636 lndictionis
842 1583 947 1636 sub
977 1581 1127 1636 exitu
1570 1580 1671 1631 174

249 1678 312 1692 -
522 1651 716 1706 lndict.
756 1651 787 1704 7
826 1666 999 1706 mens.
1034 1649 1163 1705 Jun.
1566 1648 1670 1702 180

249 1750 311 1762 ..
375 1721 409 1776 3
590 1749 663 1760 _
769 1750 839 1762 -
945 1718 1055 1773 Jul.
1566 1717 1670 1771 182

251 1820 311 1830 -
377 1770 403 1776 ⁷
525 1789 838 1845 DecioCos.
1568 1770 1670 1841 186
1769 1770 1812 1823 Β

249 1890 312 1903 —-
372 1860 407 1913 4
482 1859 788 1928 Lampadio
818 1868 873 1913 et
897 1859 1091 1915 Oreste
1117 1858 1277 1916 Coss.
1565 1856 1669 1928 188

260 1959 312 1969 -
360 1959 403 1969 -
478 1925 639 1984 Mens
672 1927 826 1998 Sept.

256 2030 312 2040 _
360 2030 402 2039 .-
493 2028 563 2041 ..-
635 1995 767 2066 Apr}
1566 1995 1668 2051 199

251 2099 315 2111 —-
376 2070 410 2125 5
493 2069 701 2122 Mensis
725 2067 877 2134 Sept.
1560 2066 1661 2119 211

252 2169 312 2182 --
372 2137 404 2190 6
486 2137 718 2192 Indictio
750 2136 1045 2192 miliensis
1078 2134 1202 2191 Jan.
1559 2136 1668 2191 215

259 2236 311 2247 -
371 2208 402 2262 7
486 2207 695 2262 Justin.
741 2204 931 2261 3Cos.
1556 2205 1664 2260 220

262 2305 317 2318 -
372 2280 402 2333 8
482 2275 686 2331 lndict.
729 2274 820 2329 12.
1523 2274 1658 2330 ibid.

267 2375 321 2386 —
349 2378 413 2389 --
495 2346 625 2400 Post
656 2343 886 2398 Consul.
920 2342 1171 2399 Belisarii
1553 2343 1654 2397 221

266 2443 321 2454 -
348 2448 415 2458 -
493 2414 582 2470 Jo.
613 2414 936 2483 Cappadoce
974 2413 1101 2483 (Eos.
1523 2412 1659 2483 ibid.

258 2512 314 2525 —
343 2490 407 2542 M
487 2481 754 2540 Indicti?)
778 2498 951 2539 mens.
984 2481 1112 2538 Jun.
1556 2482 1667 2536 222

255 2584 410 2597 —_
535 2585 605 2624 ε-
736 2582 807 2595 -
980 2554 1118 2624 Aug.
1526 2552 1663 2624 ibid.

250 2651 311 2663 —
342 2627 408 2680 16
485 2623 604 2679 Ind.
645 2623 702 2679 5.
1074 2622 1087 2624 ⁷
1560 2622 1667 2675 225

252 2724 311 2735 -
342 2698 412 2750 18
490 2695 605 2749 Ind.
649 2693 681 2747 7
719 2708 893 2767 piens.
930 2690 1080 2767 ξβρι.

248 2791 311 2805 -
340 2796 414 2809 -
556 2793 629 2804 -—
728 2761 735 2767 “
764 2793 838 2804 -
942 2761 1078 2816 Nov.
1526 2761 1665 2817 ibid.

249 2860 315 2876 —
344 2835 415 2885 21
494 2831 615 2885 1nd.
652 2832 720 2885 10
751 2848 925 2885 mens.
959 2830 1088 2885 Feb.
1558 2830 1667 2885 226

249 2793 315 2876 ῖ-
340 2796 415 2890 21
494 2793 629 2888 Ind-.-
652 2832 720 2888 10
751 2793 925 2888 tut—ens.
942 2793 1088 2889 ﬁli.

1907 1400 1979 1409 _
2014 1400 2083 1409 —
2226 1398 2295 1409 σ-
2370 1384 2545 1423 mens.
2579 1366 2709 1423 Jun.
3043 1391 3056 1406 ο
3236 1374 3343 1428 227

1907 1468 2081 1481 ——-
2218 1467 2293 1478 -—
2396 1469 2465 1480 -
2569 1438 2676 1492 Jul.
3232 1446 3341 1499 228

1907 1540 1979 1549 —-
2010 1507 2082 1561 24
2157 1508 2275 1562 Iud.
2318 1509 2583 1562 ﬁniens.
2619 1513 2756 1577 Apr.
3200 1515 3335 1568 ibid.

1906 1609 1976 1618 __.
2009 1606 2080 1617 _.
2206 1607 2277 1617 -
2415 1607 2488 1618 -
2629 1576 2759 1632 Jan.
3199 1584 3335 1638 ibid.

1907 1678 1976 1689 -
2006 1647 2077 1700 25
2148 1645 2266 1699 Ind.
2310 1647 2373 1699 M
3232 1654 3341 1707 229

1909 1745 1980 1757 -—
2011 1716 2082 1770 26
2155 1716 2270 1769 ind.
2312 1716 2378 1769 l5
2416 1731 2589 1775 mens.
2629 1717 2781 1787 Sept.
3234 1724 3341 1776 259

2152 1853 2163 1855 _
2230 1814 2327 1855 _——_
2462 1813 2532 1824 —-
2592 1789 2780 1855 hAug.
3202 1793 3340 1845 ibid.

1906 1884 1976 1897 --
2007 1853 2078 1905 27
2152 1853 2266 1907 lnd.
2307 1853 2331 1905 1
2376 1869 2551 1907 mens.
2589 1853 2751 1908 Mart.
3201 1861 3336 1913 ibid.

1905 1956 1973 1967 --
2011 1922 2082 1977 28
2114 1970 2122 1977 .
2153 1923 2269 1992 ind.
2309 1922 2344 1975 2
2384 1938 2558 1976 mens.
2592 1923 2731 1992 Aug.
3233 1929 3332 1979 251

1903 2026 1974 2036 --
2008 1994 2078 2046 50
2149 1991 2263 2046 1nd.
2302 1993 2336 2046 4
2371 2009 2542 2046 mens.
2578 1991 2700 2046 Jul.
2983 2023 2990 2030 -
3229 1996 3340 2058 252

1902 2095 1971 2104 _
2008 2093 2079 2103 .._
2233 2090 2303 2102 —-
2406 2090 2478 2101 -
2588 2062 2714 2116 Dec.
3231 2066 3340 2120 255

1902 2166 1971 2175 —
2004 2131 2068 2185 31
2148 2129 2270 2185 Ind.
2312 2132 2345 2187 5
2385 2146 2541 2186 mens
2571 2129 2707 2184 Nov.
3202 2137 3337 2190 ibid.

1902 2233 1973 2245 _...
2004 2231 2076 2241 —
2212 2231 2284 2241 -
2422 2230 2492 2241 —
2635 2203 2766 2269 Apr;
3204 2205 3337 2260 ibid.

1905 2303 1977 2314 -ο
2005 2271 2076 2326 52
2171 2271 2291 2325 Ind.
2327 2269 2561 2325 (iuuans.
2602 2270 2733 2325 Dec.
3197 2276 3335 2329 ibid.

1905 2373 1978 2385 _.
2010 2370 2083 2380 —
2218 2369 2294 2381 —
2431 2371 2499 2381 —
2605 2339 2736 2395 Feb.
3232 2346 3339 2400 254

1907 2443 1978 2452 -
2012 2411 2084 2465 55
2156 2410 2275 2465 Ind.
2319 2409 2352 2463 7
2390 2426 2565 2466 mens.
2599 2409 2757 2467 Mart.
3232 2415 3338 2469 23ῐὶ

1907 2511 1980 2522 --
2012 2509 2088 2519 -
2224 2510 2296 2520 -
2434 2511 2505 2522 -
2610 2480 2737 2536 Mai.
3229 2486 3338 2538 236

1909 2583 1980 2593 _
2015 2581 2086 2593 -..
2222 2578 2296 2590 —
2433 2580 2504 2591 --
2607 2549 2741 2610 Jun.
3230 2554 3338 2608 958

1909 2650 1981 2664 —-
2011 2620 2082 2674 36
2152 2619 2276 2691 Ind.
2308 2620 2378 2673 to
2405 2635 2579 2675 mens.
2614 2622 2756 2691 Aug.
3204 2625 3337 2678 ibid.

1911 2721 1981 2731 —
2010 2691 2077 2746 57
2150 2688 2267 2742 Ind.
2306 2690 2367 2743 11
2404 2705 2579 2747 mens.
2613 2688 2733 2745 Oct'.
3202 2694 3335 2747 ibid.

1915 2790 1982 2800 —
2014 2789 2087 2800 —
2224 2788 2296 2799 —
2434 2790 2506 2801 —
2608 2758 2749 2814 Nov.
3232 2762 3340 2817 259

1914 2859 1984 2871 --
2015 2858 2087 2872 -
2227 2855 2298 2869 --
2434 2857 2506 2870 --
2609 2828 2737 2885 Jan.
3233 2832 3341 2888 243

3342 3007 3391 3017 σε.

204 2999 3394 3035 W

538 3180 547 3195 ι
656 3071 1338 3267 ΒιαΗΑΒυί
1428 3150 2081 3263 BENTLEII
2198 3100 2934 3266 EPIST'OLA.

414 3482 498 3560 [I]
537 3480 656 3544 CL.
702 3478 901 3542 VIRO
939 3478 1252 3542 JOANNI
1292 3477 1595 3540 MILLIO
1640 3478 1711 3539 S.
1775 3479 1846 3538 Τ.
1908 3479 1983 3541 Ρ.
2043 3478 2529 3541 RICHARDUS
2582 3478 3074 3542 BENTLEIUS
3102 3481 3170 3542 S.

250 3608 463 3665 Memini
513 3606 786 3677 equidem,
837 3605 970 3659 Milli
1016 3604 1355 3669 doctissime,
1384 3616 1508 3656 cum
1539 3600 1739 3656 abhinc
1765 3616 1808 3674 ς,
1841 3601 1970 3670 quid
2000 3600 2238 3656 faciam?
2265 3601 2392 3656 data
2432 3609 2517 3656 est
2548 3601 2679 3656 fides
2714 3619 2727 3654 :
2770 3602 3043 3671 promissa
3072 3602 3409 3674 ﬂagitantur.

186 3703 297 3759 dies
348 3702 745 3773 complusculos
790 3698 1261 3754 deambularemus
1306 3709 1414 3749 una
1439 3734 1455 3758 ,
1490 3701 1739 3749 strenue-
1842 3688 2031 3753 Vidco,
2060 3691 2205 3759 quod
2243 3690 2608 3759 mihiegomet
2639 3690 2850 3755 intrivi,
2882 3692 3227 3745 exedendum
3263 3709 3409 3749 esse.

187 3812 288 3865 que
319 3796 382 3851 de
423 3793 680 3851 litterulis
737 3792 940 3849 nostris
1010 3804 1292 3846 sermones
1345 3787 1676 3843 crederemus
1717 3803 1736 3854 ;

189 3884 258 3938 ibi
289 3883 419 3939 forte
440 3884 658 3938 fortuna
694 3882 760 3937 de
777 3878 990 3936 Joanne
1021 3877 1382 3934 Antiochensi
1404 3880 1735 3935 mentionem

190 3973 351 4029 fuisse
387 3975 639 4044 iniectam
670 3990 688 4027 :
723 3986 959 4042 cumque
993 3985 1082 4025 me
1120 3956 1456 4025 desiderium
1495 3970 1736 4041 cepisset

188 4062 375 4116 librum
403 4062 577 4119 adhuc
608 4072 881 4119 musteum
910 4061 1150 4127 videndi,
1184 4062 1502 4131 priusquam
1550 4062 1606 4114 in
1655 4061 1737 4114 lu-

184 4170 303 4210 cem
332 4159 617 4227 publicam,
666 4167 722 4214 te
751 4166 1005 4221 curante,
1035 4158 1246 4222 exiret;
1290 4170 1354 4209 ea
1385 4170 1471 4210 me
1520 4154 1635 4223 lege
1681 4153 1736 4209 id

184 4243 287 4300 abs
324 4255 372 4303 te
419 4248 797 4319 impetravisse
820 4286 836 4311 ,
860 4256 920 4301 ut
960 4245 1008 4300 si
1039 4260 1145 4314 qua
1184 4245 1236 4298 in
1288 4255 1396 4299 tam
1439 4242 1736 4312 depravato

196 4339 439 4406 scriptore
469 4339 906 4395 emendationem
934 4345 1180 4392 nostram
1212 4336 1461 4405 accipere
1489 4345 1732 4404 possent,
1778 4386 1783 4389 _

198 4427 640 4483 eainscbedulas
685 4427 937 4496 conjecta
968 4424 1037 4478 ad
1085 4432 1138 4479 te
1187 4424 1483 4479 mitterem.
1533 4422 1732 4477 Duram

204 4516 415 4583 profecto
462 4520 857 4583 conditionem,
899 4530 1175 4587 quamque
1228 4514 1367 4570 adeo
1429 4515 1618 4569 multis
1668 4516 1735 4569 de

200 4611 357 4665 causis
377 4612 570 4665 nollem
601 4618 906 4679 acceptam.
941 4606 1075 4660 Nam
1105 4614 1165 4660 ut
1194 4606 1464 4672 omittam,
1491 4606 1637 4677 quod
1667 4622 1732 4661 ex

202 4697 281 4751 illo
309 4699 411 4755 fere
440 4713 681 4772 tempore
722 4718 752 4753 a
793 4700 1005 4753 meliori
1056 4697 1321 4751 librorum
1358 4705 1411 4751 et
1448 4699 1733 4751 chartula-

202 4801 303 4840 rmn
331 4808 563 4846 mearum
609 4803 786 4862 parte,
816 4798 869 4845 et
910 4790 1073 4858 (quod
1109 4789 1365 4843 acerbius
1411 4789 1543 4841 mibi
1596 4788 1735 4842 acci-

200 4880 287 4948 dit)
324 4897 351 4935 ι
379 4885 778 4953 iucundissima
830 4894 921 4938 tua
970 4882 1371 4937 c0nsuetudine
1405 4881 1565 4951 longe
1615 4882 1729 4936 dis-

1837 3781 2020 3837 Liceat
2058 3781 2238 3845 modo,
2279 3781 2326 3838 si
2350 3781 2568 3850 quando
2598 3781 2654 3834 in
2693 3780 2794 3834 bac
2833 3781 3213 3855 ἀναγκοφαγίᾳ
3254 3784 3409 3842 fasti-

1836 3872 1985 3926 dium
2023 3873 2150 3926 mihi
2187 3873 2520 3939 suborietur,
2558 3873 2778 3928 aliunde
2824 3883 3010 3943 petere
3052 3878 3198 3945 quod
3232 3874 3405 3931 liuen-

1833 3972 1943 4018 tem
1978 3980 2237 4019 nauseam
2264 3972 2536 4020 coerceat.
2585 3965 2813 4019 Dabitur
2854 3967 3038 4036 itaque
3078 3976 3324 4038 potestas
3352 3980 3407 4025 et

1839 4057 1995 4111 venia
2044 4058 2307 4127 evagandi
2359 4057 2655 4112 identidem
2682 4058 3071 4132 longiuscule;
3111 4059 3410 4116 dummodo

1836 4166 1905 4205 ne
1938 4150 2099 4222 plane
2131 4135 2236 4214 ἔξω
2256 4149 2364 4203 τῶν
2396 4148 2614 4215 ἐλαιῶν,
2645 4167 2822 4223 neque
2853 4154 3063 4208 levibus
3099 4154 3169 4209 de
3203 4156 3409 4213 causis.

1836 4241 1950 4296 lloc
1979 4255 2159 4297 autem
2188 4242 2334 4297 scias
2378 4243 2543 4298 velim
2577 4243 2632 4298 in
2676 4244 2909 4314 primis,
2962 4260 3071 4300 non
3107 4247 3243 4301 mibi
3273 4262 3411 4303 con-

1836 4334 2019 4388 silium
2046 4350 2170 4390 esse
2197 4334 2264 4390 de
2286 4332 2499 4390 Joanne
2529 4335 2635 4390 isto
2658 4338 2751 4405 qui
2778 4338 3000 4405 cuiasve
3022 4337 3211 4405 fuerit,
3234 4354 3413 4410 quan-

1835 4424 1907 4479 do
1939 4425 2157 4491 vixerit,
2190 4436 2285 4480 aut
2314 4440 2344 4479 a
2374 4427 2577 4496 quibus
2609 4427 2865 4482 laudatus
2902 4430 2996 4495 sit,
3025 4432 3256 4485 omnino
3291 4448 3412 4488 ver-

1836 4516 1963 4569 bum
2027 4515 2206 4569 facere
2255 4532 2269 4568 :
2324 4531 2449 4570 cum
2506 4517 2597 4570 diu
2654 4517 2726 4570 sit
2781 4517 2927 4586 quod
2972 4533 3189 4573 omnem
3247 4520 3408 4577 istam

1834 4605 2266 4660 controversiam
2305 4606 2549 4675 suscepit
2587 4606 2959 4662 amicissimus
3012 4617 3199 4664 noster
3244 4619 3412 4683 atque

1832 4696 2241 4752 eruditissimus
2259 4694 2485 4752 Badius.
2508 4697 2721 4767 Quippe
2745 4698 2894 4754 aliud
2913 4708 3017 4763 est,
3051 4701 3298 4773 inquam,
3328 4701 3412 4779 [2]

1835 4789 2151 4859 scriptionis
2199 4789 2363 4859 lmjus
2421 4790 2731 4845 institutum
2773 4809 2788 4845 :
2838 4807 2959 4862 quae
3014 4809 3210 4849 vereor
3257 4799 3412 4866 equi-

1835 4880 1957 4933 dem
2020 4890 2077 4933 ut
2130 4880 2265 4934 satis
2319 4895 2384 4933 ex
2445 4890 2574 4934 voto
2620 4888 2675 4934 et
2739 4882 2970 4937 feliciter
3032 4885 3163 4939 mibi
3214 4897 3407 4943 vertat.

197 4970 394 5037 junctus
424 4980 561 5043 sim;
593 4979 849 5047 quodque
895 4975 1063 5031 semel
1092 4975 1362 5028 duntaxat
1391 4974 1538 5027 hunc
1569 4974 1737 5028 hlala-
1768 4962 1811 5017 D
1841 4970 1917 5024 lta
1951 4986 2081 5025 sane
2127 4971 2381 5041 praesagit
2429 4972 2668 5033 animus.
2720 4973 2792 5028 ita
2826 4975 2878 5028 in
2922 4976 3044 5046 ipso
3068 4977 3253 5032 limine
3275 4994 3413 5033 con-

200 5060 289 5115 lam
312 5081 596 5137 properans
628 5068 1019 5137 percurrerim,
1047 5081 1148 5121 nec
1183 5073 1241 5119 ut
1257 5066 1569 5123 secundas.
1594 5080 1733 5135 quas

198 5158 523 5221 sapientiores
547 5176 671 5214 esse
696 5161 872 5220 aiunt.
904 5173 1067 5213 curas
1098 5166 1154 5213 et
1180 5158 1548 5228 cogitationes
1576 5155 1733 5210 adui-

202 5242 376 5314 berem,
405 5252 514 5304 ullo
557 5252 738 5305 adhuc
768 5259 929 5320 pacto
977 5250 1245 5320 potuerim
1274 5251 1518 5303 animum
1556 5249 1732 5302 indu-

199 5347 303 5390 tere
349 5360 360 5393 :
421 5352 477 5395 ut
524 5344 638 5410 illa,
671 5344 920 5412 inquam,
976 5352 1141 5413 atque
1188 5344 1297 5396 alia
1367 5352 1727 5412 prieteream;

199 5428 340 5492 pudet
365 5431 565 5498 hercle,
606 5443 666 5488 ut
690 5451 875 5490 vermn
906 5434 1099 5498 fatear,
1130 5435 1382 5505 pigetque
1428 5436 1602 5490 bonas
1630 5435 1729 5488 bo-

197 5528 293 5580 ηε,
321 5538 431 5592 quae
454 5526 595 5582 haud
627 5530 789 5598 paulo
829 5528 1025 5583 melius
1064 5527 1330 5583 collocari
1378 5535 1629 5597 possent,
1673 5526 1727 5580 in

197 5612 291 5663 iam
346 5614 551 5688 ingrato
603 5630 658 5674 et
715 5620 938 5690 ignobili
989 5620 1173 5674 labore
1225 5635 1570 5674 consumere.
1622 5617 1728 5674 Sed

1838 5062 2034 5131 Spicio,
2095 5062 2241 5131 quod
2294 5062 2460 5117 ctiam
2501 5062 2805 5119 fortissimo
2849 5075 3115 5122 terrorem
3155 5070 3406 5123 incutiat.

1839 5151 2123 5222 Siquidem
2184 5162 2333 5207 recte
2382 5162 2573 5209 narrat
2620 5155 2845 5213 Malalas
2891 5174 3016 5229 pag.
3053 5159 3141 5225 90,
3167 5161 3411 5216 edixisse

1836 5244 2101 5299 nimirum
2157 5255 2323 5315 atque
2379 5246 2797 5302 interminatum
2850 5265 2974 5306 esse
3034 5250 3274 5321 Orphea.
3338 5270 3410 5309 ne

1804 5337 2129 5409 'qnisquam
2163 5342 2480 5395 mortalium
2524 5344 2700 5412 palam
2749 5342 2942 5399 fecerit
2970 5345 3038 5399 τὰ
3083 5346 3407 5417 Ἐρικεπεώ.

1838 5427 1936 5498 Oi),
1961 5436 2062 5497 ait,
2088 5433 2257 5504 ὄνομα
2290 5438 2318 5490 ὀ
2343 5436 2504 5500 αὐτὸς
2544 5438 2781 5508 Ὀρφεὺς
2806 5437 3044 5503 ἀκούσας
3067 5440 3130 5491 ὲκ
3154 5443 3254 5512 τῆς
3273 5457 3410 5511 μαν-

1837 5527 1990 5590 τείας
2036 5527 2250 5594 ὲξεῖπε,
2304 5530 2524 5601 Μήτινα
2575 5530 2744 5598 φάναι
2780 5531 2850 5583 τὰ
2891 5529 3223 5600 Ἐρικεπεὼ,
3270 5533 3409 5606 ὅπερ

1835 5618 2195 5690 ἑρμηνεύεται
2223 5622 2288 5690 τῇ
2322 5623 2471 5691 κοινῇ
2495 5620 2734 5693 γλώσσῃ,
2760 5623 2984 5689 Βουλῆ,
3016 5622 3165 5699 Φῶς,
3188 5623 3412 5681 20x60-
