3760 6202
346 199 448 265 71.9
1152 241 1160 251 .
1226 201 1323 260 DE
1361 200 1683 260 JOANNIS
1721 201 2041 261 MALALAZ
2090 203 2735 268 CIIRONOGRAPHIA
3433 223 3512 288 τω

344 315 473 379 mp.
508 307 619 381 Ego
648 326 776 363 vero
803 326 921 363 cum
956 311 1098 364 haud
1149 310 1254 365 sim
1292 312 1539 376 nescius,
1578 327 1742 382 quam
1770 327 1915 366 acer-

2030 313 2221 368 τοῦτον
2267 315 2388 368 θεὸν
2418 318 2790 389 ἀνευφήσαιμι
2820 321 2908 375 τὸν
2950 325 3161 396 σπέρμα
3186 327 3391 395 φέροντα
3415 331 3519 385 θεῶν

346 407 444 457 bos
464 405 592 456 olim
617 404 860 457 vindices
880 405 1010 457 deos
1042 404 1402 474 hominesque
1421 405 1699 470 habuerit,
1718 406 1811 474 qui
1833 423 1934 474 μυ-

347 496 547 565 στήρια
598 495 997 565 ἐξορχήσασοαι
1048 507 1100 549 et
1153 496 1429 552 Eleusinae
1474 498 1668 552 matris
1714 498 1930 552 occulta

345 589 600 657 proferre
636 604 809 642 ausus
838 589 907 643 sit
932 606 947 656 ;
971 590 1062 659 qui
1097 592 1291 658 sciam,
1328 605 1509 644 annon
1540 590 1659 660 ipse
1690 589 1928 645 similem

346 683 401 734 in
430 694 517 734 me
544 694 742 734 noxam
775 678 1086 745 admittam,
1140 681 1187 734 si
1239 680 1565 752 mysterium
1595 681 1697 734 hoc
1729 678 1932 750 Orphi-

344 787 470 826 cum
501 785 665 826 sacro
701 771 975 828 hactenus
1009 773 1241 827 silentio
1275 773 1512 827 celatum
1559 768 1932 842 evulgavero?

341 861 531 933 Neque
588 862 727 918 adeo
781 864 923 917 clam
985 879 1072 918 me
1132 875 1245 929 est,
1296 879 1330 919 ο
1379 862 1516 917 Milli
1571 861 1926 924 suavissime,

341 969 507 1024 quam
535 953 718 1008 audax
769 954 1007 1024 impulsu
1046 963 1143 1010 tuo
1186 954 1240 1009 in
1290 970 1379 1011 me
1404 969 1672 1024 meosque
1708 952 1927 1008 facinus

342 1050 695 1105 consciscam
738 1068 751 1102 :

414 1165 520 1219 Sed
556 1174 650 1217 tua
684 1179 765 1217 me
797 1164 1185 1227 virtustameu,
1218 1172 1269 1215 et
1298 1173 1511 1230 sperata
1545 1162 1782 1229 rolnpms

417 1236 615 1303 Suavis
647 1234 909 1287 amicitia:
938 1234 1160 1303 quodvis
1183 1233 1469 1303 discrimen
1495 1235 1645 1286 adire

414 1302 640 1368 Suadet,
665 1314 714 1357 et
742 1304 947 1356 inducit
976 1303 1097 1355 dias
1118 1305 1172 1355 in
1200 1302 1418 1355 luminis
1441 1319 1567 1356 oras

342 1415 612 1471 horribile
636 1414 769 1468 illud
803 1429 1072 1468 arcanum
1099 1414 1445 1483 protrahere.
1474 1411 1626 1469 Bono
1651 1426 1780 1467 vero
1806 1412 1925 1465 ani-

343 1524 432 1564 mo
461 1508 597 1573 eris,
632 1506 913 1577 capitique
952 1515 1009 1559 et
1039 1506 1186 1559 aetati
1226 1521 1361 1557 meae
1397 1517 1595 1573 parces
1641 1510 1921 1567 metuere;

343 1601 437 1655 ubi
462 1598 847 1670 μορμολυκείῳ
885 1599 992 1651 isto
1030 1598 1303 1658 detracto,
1348 1594 1671 1665 putidisque
1700 1593 1812 1647 illis
1845 1593 1919 1662 μή

340 1708 461 1743 τινα
495 1690 661 1758 φάναι
691 1691 759 1742 τὲ
809 1686 1143 1759 Ἐρικεπαιὼ
1172 1686 1228 1738 in
1266 1686 1464 1738 malum
1504 1698 1618 1738 rem
1652 1682 1922 1751 ablegatis

343 1784 550 1850 aliquo,
604 1787 847 1833 veterem
896 1779 1029 1831 illuc
1068 1788 1123 1831 et
1166 1792 1349 1830 veram
1415 1777 1705 1830 lectionem
1762 1776 1919 1843 quasi

345 1869 690 1939 postliminio
723 1867 857 1920 redu
871 1882 1015 1920 vero.
1037 1864 1111 1918 Ea
1144 1866 1258 1919 haec
1279 1870 1362 1917 est
1391 1881 1405 1916 :
1440 1857 1515 1916 Οὖ
1547 1860 1726 1932 (Θεοῦ)
1752 1860 1923 1930 ὄνομα

340 1966 368 2015 ὁ
422 1960 582 2023 αὐτὸς
616 1952 861 2030 ’Ὀρφεὺς
915 1956 1158 2020 ἀκούσας
1190 1957 1255 2009 ὲκ
1289 1956 1388 2025 τῆς
1422 1954 1683 2024 μαντείας
1737 1950 1921 2017 ἐξεῖπε

339 2052 554 2122 Μῆτιν,
617 2050 879 2116 Φάνητα,
934 2046 1324 2117 Ἠρικεπαῖον.
1371 2045 1647 2114 Orpheus,
1686 2044 1783 2107 ait,
1826 2058 1922 2112 per

341 2144 628 2198 oraculum
668 2141 904 2196 edoctus
953 2148 1037 2194 est
1078 2137 1171 2191 Dei
1202 2138 1424 2193 nouuna
1469 2135 1649 2205 Μῆτιν
1713 2148 1835 2189 esse
1867 2142 1921 2187 et

339 2238 580 2307 Φάνητα,
610 2244 664 2289 et
679 2233 1053 2302 Ἦρικεπαῖον,
1085 2246 1207 2300 quin
1237 2228 1518 2284 εοηιιιιιιιιὶ
1550 2240 1803 2282 sermone
1840 2226 1913 2278 iu-

340 2333 644 2395 terpretata
679 2324 820 2377 hanc
855 2322 1060 2376 habent
1103 2322 1211 2374 vim
1241 2328 1296 2374 et
1328 2317 1687 2379 sententiam,
1719 2315 1916 2385 Βουλὴ,

338 2418 480 2479 Φῶς,
509 2414 815 2483 Ζωοδοτήρ.

412 2507 583 2560 Porro
616 2505 771 2559 hisce
816 2501 1136 2557 nominibus
1188 2501 1348 2555 deum
1395 2499 1698 2570 Orphicum
1732 2496 1915 2551 vocari

341 2615 449 2653 non
506 2600 708 2652 desunt
761 2597 898 2649 mihi
951 2594 1251 2663 locupletes
1306 2592 1724 2659 certissimique
1782 2603 1917 2644 sane

340 2698 620 2745 auctores.
658 2687 985 2742 Damascius
1026 2687 1154 2756 περὶ
1188 2685 1297 2738 τῶν
1320 2683 1552 2756 πρώτων
1581 2681 1766 2752 ἀρχῶν
1811 2694 1914 2733 ms.

341 2785 395 2836 in
425 2779 760 2836 bibliotheca
787 2776 928 2832 Coll.
950 2776 1215 2845 Corporis
1234 2774 1441 2829 Christi
1474 2771 1671 2827 Oxouii
1693 2787 1745 2840 p.
1783 2769 1911 2822 I56;

349 2875 439 2927 Ἐν
472 2872 570 2942 μὲν
601 2868 783 2922 τοίνυν
813 2869 932 2929 ταῖς
966 2865 1298 2936 φερομέναις
1346 2863 1571 2924 ταύταις
1617 2859 1916 2930 ῥαψῳδίαις

351 2962 639 3035 Ὀρφικαϊς
663 2961 697 3030 ἡ
728 2955 981 3025 θεολογία
1007 2957 1073 3027 δή
1105 2956 1190 3019 τίς
1218 2957 1365 3008 ἐστιν
1398 2956 1431 3025 ή
1458 2952 1586 3022 περὶ
1611 2951 1702 3004 τὸν
1726 2949 1914 3019 νοητὸν

340 3056 680 3125 (διάκοσμον)
704 3051 771 3122 ἢν
800 3049 896 3103 καὶ
929 3049 980 3102 oi
1008 3046 1289 3117 φιλόσοφοι
1316 3043 1784 3116 διερμηνεύουσιν,
1803 3040 1925 3095 ἀντὶ

344 3146 441 3215 μὲν
474 3142 576 3213 τῆς
631 3145 761 3213 μιᾶς
790 3141 901 3194 τῶν
931 3140 1071 3193 ὅλων
1104 3139 1279 3210 ἀρχῆς
1309 3137 1400 3191 τὸν
1428 3136 1634 3209 Χρόνον
1659 3135 1921 3198 τιθέντες,

340 3236 463 3290 αντὶ
488 3235 547 3287 δὲ
584 3235 707 3287 ταῖν
745 3232 892 3286 δυοῖν
920 3230 1128 3302 Αἰθέρα
1153 3231 1250 3284 καὶ
1278 3229 1445 3293 Χάος,
1469 3227 1592 3281 ἀντὶ
1628 3226 1685 3279 δὲ
1713 3224 1807 3279 τοῦ
1835 3224 1925 3278 δν-

339 3342 429 3390 τος
459 3324 647 3388 ἁπλῶς
695 3324 756 3377 τὸ
801 3322 919 3375 Ὧδν
958 3320 1430 3390 ἀπολογιζόμενοῑ.
1457 3318 1551 3371 καὶ
1579 3315 1772 3389 τριάδα
1796 3314 1925 3369 ταύ-

337 3436 438 3489 την
456 3416 536 3491 [5]
559 3417 780 3488 πρώτην
808 3415 1109 3478 ποιοῦντες.
1139 3414 1229 3477 Εἰς
1255 3413 1315 3466 δὲ
1336 3413 1437 3483 τὴν
1467 3409 1725 3481 δευτέραν
1751 3408 1923 3462 τελεῖν

338 3513 458 3581 ἦτοι
497 3512 558 3563 τ’»
585 3508 890 3580 κυούμενον
940 3506 1034 3560 καὶ
1058 3506 1120 3559 τὸ
1150 3506 1282 3559 κύον
1321 3504 1437 3556 Ὠὸν
1464 3503 1557 3556 τὸν
1583 3502 1737 3565 Θεὸν,
1768 3500 1803 3571 ἦ
1832 3499 1923 3552 τὸν

351 3605 405 3656 Ἀ
418 3602 590 3676 ργῆτα
640 3601 843 3671 χιτῶνα
871 3599 904 3671 ἢ
941 3599 1040 3670 τὴν
1083 3598 1360 3666 Νεφέλην,
1395 3597 1476 3649 ὅτι
1507 3597 1570 3648 ὲκ
1595 3594 1800 3649 τούτων
1829 3594 1923 3645 ὲκ-

340 3696 577 3767 ορώσκει
605 3696 633 3747 ὁ
659 3694 880 3760 Φάνης.
908 3691 1136 3745 Ἀλλοτε
1166 3689 1276 3760 γὰρ
1308 3687 1442 3741 ἄλλα
1475 3688 1606 3755 περὶ
1633 3684 1729 3738 τοῦ
1756 3683 1922 3761 μέσου

339 3786 715 3856 φιλοσοφοῦσι,
755 3785 913 3838 τοῦτο
949 3783 1048 3855 μὲν
1077 3785 1262 3835 ὁποῖον
1291 3780 1358 3834 ἂν
1453 3779 1528 3842 ὼς
1556 3779 1648 3831 τὸν
1674 3776 1818 3839 νοῦν,
1848 3776 1923 3836 ὡς

337 3880 393 3932 δὲ
437 3879 654 3949 πατέρα
706 3877 801 3930 καὶ
830 3875 1060 3945 δύναμιν
1108 3872 1246 3927 ἄλλα
1284 3873 1407 3924 τινὰ
1437 3867 1923 3940 προσεπινοοῦντες

338 3972 486 4025 οὐδὲν
516 3969 591 4040 τῷ
629 3968 817 4039 Ὀρφεῖ
846 3966 1214 4037 προσήκοντα·
1254 3961 1351 4033 τὴν
1379 3962 1436 4015 δὲ
1470 3961 1658 4030 τρίτην
1685 3959 1775 4011 τὸν
1799 3957 1924 4025 Μῆ-

337 4079 430 4114 τιν
462 4060 552 4112 τὸν
584 4055 958 4126 Ἠρικεπαῖον
984 4054 1059 4116 ὡς
1090 4053 1338 4122 δύναμιν,
1371 4052 1461 4103 τὸν
1491 4049 1730 4117 Φάνητα
1761 4048 1923 4100 αὐτὸν

335 4154 410 4206 ὡς
440 4151 671 4220 πατέρα.
711 4148 856 4203 Idem
890 4146 1095 4200 ibidem
1140 4161 1191 4215 p.
1232 4143 1366 4198 106:
1405 4142 1572 4195 Ὅθεν
1607 4140 1791 4210 πηγὴν
1822 4139 1921 4208 μὲν

336 4242 531 4311 πηγῶν
554 4240 685 4294 αὐτὸ
720 4241 802 4309 (τὸ
842 4239 973 4307 Ἓν)
1016 4236 1302 4290 Χαλδαίων
1340 4234 1533 4296 παῖδες
1574 4230 1923 4300 ἀνευφημοῦ-

337 4350 441 4397 σιν,
490 4322 722 4401 Ὀρφεὺς
748 4327 805 4381 δὲ
837 4328 1024 4416 μικτιῆ
1059 4326 1284 4395 σπέρμα.
1331 4325 1566 4395 φέροντα
1605 4321 1762 4385 θεῶν,
1797 4321 1920 4375 Φοί·
1958 4352 1998 4405 D

336 4440 483 4487 νικες
512 4421 568 4476 δὲ
606 4421 779 4474 αἰῶνα
816 4412 1117 4489 κοσμικδν,
1152 4418 1228 4481 ὡς
1269 4416 1448 4469 πάντα
1476 4416 1534 4466 ὲν
1587 4412 1767 4483 ἑαυτῷ
1796 4429 1923 4465 συν-

335 4515 599 4588 ῃρηκότα.
670 4513 850 4568 Locus
918 4518 1232 4580 corruptus.
1302 4508 1448 4578 Lego
1511 4524 1524 4559 :
1581 4505 1813 4576 Ὀρφεὺς
1868 4502 1927 4557 δὲ

336 4605 526 4674 Μῆτιν
583 4607 804 4676 σπέρμα
862 4604 1099 4674 φέροντα
1143 4598 1284 4654 θεῶν
1320 4631 1385 4640 --
1427 4597 1585 4651 -Ει
1618 4611 1739 4667 pag.
1781 4594 1922 4648 IE5:

337 4695 477 4767 Οὐχὶ
510 4696 567 4748 δὲ
593 4696 689 4750 καὶ
730 4696 963 4766 Ὀρφεὺς
994 4693 1100 4751 ἀπὸ
1123 4692 1217 4747 τοῦ
1243 4690 1366 4745 Ὦοὓ
1394 4689 1658 4760 παράγει.
1687 4688 1800 4741 Kal.
1827 4686 1927 4757 τῆς

336 4786 585 4856 Νεφέλης
618 4786 883 4858 ῥαγείσης
924 4787 1051 4857 (hac
1076 4785 1243 4840 modo
1269 4783 1570 4839 occasione
1612 4781 1819 4851 cogita,
1855 4794 1925 4835 an

338 4880 394 4933 in
469 4880 592 4933 loco
654 4878 943 4947 superiore
1014 4892 1116 4946 pro
1192 4876 1407 4947 ὁργῆτα
1464 4873 1660 4943 reponi
1714 4872 1929 4940 placeat

335 4970 426 5024 τὸν
450 4967 686 5041 ῥαγέντα
716 4965 924 5037 χιτῶνα
959 4966 991 5037 ἢ
1019 4965 1273 5035 νεφέλην)
1304 4967 1396 5018 τὸν
1419 4963 1790 5034 πολυτίμητον
1825 4962 1929 5029 φά-

341 5077 520 5134 νηται,
552 5057 799 5129 πρόοδον.
844 5058 952 5112 Καὶ
993 5058 1200 5120 ἐκεῖνος
1238 5056 1296 5109 έν
1328 5056 1407 5127 τῷ
1434 5055 1511 5126 νῷ
1541 5053 1925 5126 ὑποστησάμε-

346 5173 445 5219 δος.
477 5153 548 5207 Ἥ
572 5150 766 5224 ῥητέον
791 5151 926 5222 πρὸς
946 5147 1139 5213 ταῦτα,
1169 5155 1224 5202 et
1254 5163 1380 5217 ιιιιτε⁸
1408 5154 1744 5215 sequuntur.
1782 5143 1926 5214 Lege

339 5253 393 5296 et
428 5244 712 5315 distingue
751 5260 763 5296 :
824 5241 916 5294 τὸν
966 5238 1337 5309 πολυτίμητον
1382 5234 1645 5304 dide-nm,
1699 5233 1924 5307 πρόοδον

338 5338 431 5391 καὶ
453 5339 681 5401 ἐκεῖνος,
709 5349 812 5391 etc.
834 5334 894 5389 Et
918 5342 1181 5407 przeterea
1209 5347 1260 5402 p.
1284 5331 1386 5385 124
1407 5346 1419 5383 :

348 5430 569 5484 ’Ἔνθεν
607 5428 983 5495 ἁποθρώσκει
1010 5425 1250 5498 γένεσις
1288 5421 1711 5478 πολυπιδάκου
1742 5421 1920 5488 ὕλης,

338 5519 432 5569 καὶ
469 5520 570 5571 ὅσα
621 5519 845 5573 τοίαῦτα
886 5520 1017 5593 περὶ
1059 5518 1160 5590 τῆς
1203 5516 1415 5581 τάξεως
1459 5515 1674 5586 ἐκείνης
1704 5514 1756 5566 oi
1808 5512 1924 5565 θεοὶ

340 5610 777 5679 χρησμιρδοῦσινο
836 5611 968 5663 ἀλλὰ
1009 5612 1102 5664 καὶ
1149 5609 1381 5680 Ὀρφεὺς
1418 5608 1510 5659 τὸν
1554 5604 1922 5675 πολυτίμητον

2039 408 2088 459 κ’
2118 409 2282 461 αὐτὸν
2324 410 2700 480 Ἥρικεπαῖον,
2739 414 2831 466 καὶ
2859 415 2919 480 ἐξ
2947 416 3105 469 αὐτοῦ
3134 421 3265 472 ποιεί
3286 422 3528 491 προϊοῦσαν

2035 498 2254 552 ἃπασαν
2283 499 2382 567 τὴν
2410 500 2519 554 τῶν
2552 500 2686 554 Θεῶν
2718 505 2925 571 γενεάν.
2960 503 3238 563 Enimvero
3264 523 3357 564 uon
3378 512 3532 569 leviter

2034 590 2251 644 mendis
2268 606 2495 660 aspersa
2523 603 2611 648 est
2632 593 2747 647 haec
2773 595 2948 665 ῥῆσις,
2973 613 3131 667 quam
3161 598 3229 653 ita
3247 602 3530 662 constitues:

2032 680 2129 788 κα).
2170 682 2403 752 Ὀρφεὺς
2433 685 2526 738 τὸν
2577 686 2939 758 πολυτίμητον
2973 689 3159 743 τοῦτον
3190 689 3301 745 θεὸν
3339 695 3533 769 ἀνευφη-

2033 787 2124 841 μει

2031 882 2227 952 Μῆτιν
2277 885 2519 956 σπέρμα
2572 888 2832 959 φέροντα
2887 887 3037 944 θεῶν
3085 890 3323 1031 κλυτὸῇ
3357 892 3539 971 18pm-

3323 976 3456 1015 ator.

3282 972 3456 1015 παιον.

2032 1066 2236 1136 Pagina
2258 1065 2502 1138 denique
2522 1068 2661 1123 I64:
2690 1070 2849 1124 Τοῖον
2874 1070 3163 1127 ἀπέστιλϐε
3182 1074 3356 1143 χρόνος
3385 1073 3548 1129 ἀθανά-

2024 1174 2138 1210 τοιο
2164 1154 2455 1223 Φάνητος,
2507 1159 2596 1211 ubi
2633 1158 2929 1228 legendum
2957 1162 3138 1232 χροός,
3172 1172 3226 1214 ιιι
3248 1163 3448 1232 quidem
3471 1182 3523 1222 ex

2026 1258 2133 1305 stat
2170 1249 2316 1319 apud
2349 1248 2603 1304 Proclum
2633 1270 2648 1305 :

2028 1357 2342 1431 8a_z§;ta[or_
2363 1359 2737 1427 καθορῶντες
2767 1361 2838 1413 ἐν
2860 1361 3049 1429 αἰθέρι
3076 1361 3280 1431 φέγγος
3304 1363 3548 1429 ἄελπτον,

2031 1429 2199 1483 Τοῖον
2226 1428 2556 1483 ἀπέστιλϐε
2584 1431 2766 1500 χροὸς
2789 1428 3112 1486 ἀθανάτοιο
3143 1428 3406 1500 didi-qtae.

2024 1538 2170 1593 Idem
2198 1539 2500 1595 Proclusin
2527 1541 2912 1597 Parmenidem
2948 1559 3053 1599 ms.
3086 1544 3194 1598 lum
3217 1544 3366 1600 habet
3398 1546 3456 1596 τὸ
3476 1546 3551 1615 μὲν

1957 1661 1993 1712 η
2023 1631 2380 1701 γὰρύρφεὺς
2411 1634 2551 1701 μετὰ
2577 1635 2676 1702 τὴν
2697 1635 3009 1687 κατάποσιν
3030 1635 3123 1688 τοῦ
3158 1634 3407 1703 Φάνητος
3424 1639 3472 1691 ὲν
3494 1637 3554 1705 τῷ

2028 1726 2110 1774 Att
2139 1723 2205 1775 τὰ
2241 1724 2417 1776 πάντα
2444 1726 2728 1792 γεγονέναι
2758 1728 2953 1795 φησίν.
2984 1727 3201 1798 Ἐπειδὴ
3225 1728 3461 1798 πρότερον
3480 1730 3555 1797 μὲν

2028 1814 2123 1866 καὶ
2157 1815 2450 1883 ήνωμένως
2493 1817 2552 1868 ὲν
2575 1815 2791 1887 ἐκείνῳ.
2821 1818 3101 1890 δευτέρως
3128 1819 3183 1873 δὲ
3208 1820 3296 1872 καὶ
3321 1820 3554 1891 διανεκρισ

2029 1903 2204 1972 μένως
2238 1906 2295 1956 ὲν
2337 1903 2417 1973 τῷ
2455 1906 2787 1977 Δημιουργῷ
2815 1911 2886 1961 τὰ
2920 1908 3100 1962 πάντα
3139 1910 3367 1979 ἀνεφάνη
3390 1911 3450 1963 τὰ
3475 1911 3557 1963 τῶν

2025 1993 2464 2064 ὲγκοσμημάτων
2511 1995 2685 2051 αίτια.
2750 1997 2818 2050 Ει
2873 1999 2932 2053 in
2984 2000 3318 2054 Alcibiadem
3364 2001 3558 2070 priorem

2026 2100 2130 2139 uis.
2171 2086 2252 2140 sic
2281 2087 2477 2140 scribit
2510 2104 2524 2141 :
2558 2090 2666 2142 Καί
2689 2107 2780 2160 μοι
2807 2090 2964 2144 δοκεῖ
3004 2092 3099 2145 καὶ
3125 2093 3153 2143 ὁ
3187 2092 3397 2146 Πλάτων
3421 2092 3559 2162 εὑρὼν

2025 2176 2154 2245 παρ’
2186 2177 2377 2248 Ὀρφεῖ
2398 2177 2489 2231 τὸν
2523 2179 2687 2233 αὑτὸν
2735 2181 2933 2235 τοῦτον
2966 2184 3061 2235 καὶ
3101 2183 3318 2253 Ἔρωτα
3347 2183 3431 2237 καὶ
3466 2184 3560 2237 Δαί-

2027 2284 2162 2335 μονα
2194 2268 2367 2337 μέγαν
2390 2268 2858 2341 ἀποκαλούμενον,
2901 2274 3190 2345 ἀγαπῆσαι
3230 2277 3318 2327 καὶ
3337 2276 3478 2335 αὐτὸς
3491 2276 3562 2329 ἐπὶ

2022 2357 2117 2410 τοῦ
2154 2361 2396 2429 Ἔρωτος
2419 2363 2509 2414 τδν
2546 2363 2788 2416 τοιοῦτον
2824 2364 3020 2434 ὕμνονο
3052 2365 3183 2437 περὶ
3224 2364 3319 2435 μὲν
3345 2366 3441 2435 γὰρ
3462 2383 3562 2435 νοη-

2021 2448 2115 2502 τοῦ
2139 2452 2230 2502 νοῦ
2260 2450 2432 2518 λέγων
2456 2455 2484 2507 ὁ
2504 2454 2789 2522 Θεολόγος·

2023 2538 2102 2611 [4]
2134 2540 2327 2609 Ἄόρύς
2350 2544 2537 2613 Ἔρως
2567 2547 2663 2599 και
2684 2545 2875 2615 Μῆτις
2911 2548 3323 2617 ἀτάσθαλος...

2023 2630 2131 2683 Καὶ
2154 2631 2335 2690 πάλιν,

2026 2736 2201 2795 Οἷσιν
2219 2743 2594 2813 ἐπεμϐεϐαὼς
2623 2749 2858 2818 Δαίμων
2874 2749 3075 2819 μέγα(
3098 2751 3237 2805 ait}?
3263 2752 3352 2804 ἐπ’
3372 2751 3510 2818 ἴχνη·

2022 2831 2157 2901 Περὶ
2189 2832 2245 2885 δὲ
2275 2835 2369 2886 τοῦ
2388 2837 2576 2906 νοεροῦ
2617 2837 2709 2891 νοῦ
2734 2839 2827 2891 καὶ
2853 2839 3192 2909 ἀμεθέκτου,
3212 2835 3229 2865 ’

2020 2922 2129 2974 Kal
2145 2922 2333 2991 Μῆτις
2347 2926 2578 2994 πρῶτος
2600 2928 2849 2998 γενέτωρ
2872 2927 2970 2984 καί
2995 2933 3189 3000 Ἔρως
3216 2928 3562 2998 3010:8pr-

1952 3002 1994 3059 Ο
2030 3016 2140 3068 Καὶ
2164 3016 2345 3069 πάλιν·

2039 3125 2149 3177 Ἓν
2198 3125 2434 3194 κράτος,
2487 3123 2578 3195 εἷς
2629 3129 2866 3199 Aulum?
2921 3131 3134 3201 γένετο
3178 3135 3393 3276 μῗᾶπὲ,
3420 3132 3566 3202 ἀρχὸς

3284 3222 3325 3258 π
3365 3220 3513 3266 ντων,

3284 3220 3513 3266 παντων,

2029 3308 2200 3362 Multa
2240 3311 2490 3379 prudens
2537 3320 2592 3366 et
2637 3314 2824 3369 sciens
2854 3326 3166 3383 praetereo,
3203 3333 3324 3386 qua:
3351 3333 3409 3371 ex
3437 3315 3567 3368 Athe-
3608 3344 3611 3348 -

2030 3415 2258 3472 nagnra,
2302 3400 2605 3467 Macrobio,
2658 3402 2919 3476 Orpbicis
2973 3405 3237 3479 Hymnis,
3272 3416 3380 3462 tum
3421 3414 3566 3459 autem

2031 3494 2305 3564 praecipue
2338 3510 2369 3549 e
2410 3493 2611 3549 Prorlo
2669 3496 2725 3550 in
2787 3482 3041 3553 Platonis
3096 3497 3362 3553 Timaeum
3412 3494 3570 3550 aﬂcrre

2031 3600 2251 3654 possem
2290 3602 2304 3639 :
2363 3601 2430 3640 ue
2458 3585 2601 3656 forte
2630 3588 2725 3657 qui
2762 3604 2846 3643 me
2873 3591 3062 3645 minus
3095 3598 3322 3656 norunt,
3350 3589 3485 3642 Pauli
3506 3598 3569 3637 uae

2030 3675 2301 3746 LeOpardi
2324 3679 2529 3731 scrinia
2555 3681 2861 3749 compilare
2882 3683 3234 3737 existiment.
3268 3681 3397 3737 Inde
3421 3687 3569 3750 petere

2030 3776 2289 3842 possunt,
2322 3771 2407 3823 vel
2439 3786 2465 3823 a
2494 3768 2789 3826 Theodoro
2819 3771 3217 3845 Cantero,qui
3244 3775 3400 3845 plura
3430 3769 3489 3825 de
3506 3768 3571 3821 his

2031 3862 2200 3916 rebus
2242 3862 2392 3916 seire
2417 3862 2757 3918 desiderent.
2786 3862 2923 3917 Nam
2956 3865 3094 3933 quid
3123 3883 3229 3936 ego
3258 3877 3492 3920 censeam
3519 3859 3570 3910 de

2033 3951 2253 4006 illorum
2310 3953 2615 4015 sententia,
2664 3954 2756 4022 qui
2819 3954 3299 4024 signiﬁcationem
3364 3950 3569 4009 mendosi

2032 4043 2187 4101 verbi
2233 4043 2535 4113 Ἐρικεπεὼ
2565 4061 2632 4098 ex
2680 4046 2925 4102 anilibus
2968 4046 3410 4102 Cabbalistarum
3442 4041 3571 4111 nugis

2031 4144 2302 4190 conantur
2327 4136 2695 4205 exsculpere?
2724 4137 2819 4192 sed
2856 4137 2984 4192 nolo
3008 4138 3222 4209 aliquid
3253 4139 3571 4194 inclementer

2030 4228 2235 4283 dicere.
2291 4225 2411 4281 Non
2446 4240 2700 4282 nostrum
2747 4236 2833 4283 est
2913 4231 3197 4299 κειμένοις
3240 4229 3570 4300 ἐπεμϐαίνειν.

2030 4320 2261 4376 Veniam
2291 4322 2457 4375 etiam
2503 4320 2741 4375 libenter
2773 4321 3005 4388 dedero,
3044 4325 3094 4377 si
3153 4326 3342 4378 minus
3383 4336 3440 4375 ea
3472 4333 3568 4387 per-

2027 4411 2330 4481 spexerint,
2362 4424 2529 4478 quam
2556 4412 2744 4466 multis
2776 4411 2994 4467 sacculis
3025 4411 3285 4467 homines
3315 4413 3570 4465 latuerunt.

2027 4503 2262 4574 caligine
2295 4512 2349 4557 et
2378 4502 2623 4557 tenebris
2662 4502 3030 4557 circumfusa.
3062 4502 3201 4557 Nam
3235 4512 3291 4557 ut
3316 4500 3569 4557 concedant

2030 4597 2167 4658 haec,
2198 4595 2480 4664 quomodo
2525 4609 2553 4649 a
2598 4610 2684 4648 me
2709 4596 2998 4649 emendata
3026 4607 3183 4662 sunt,
3210 4597 3282 4650 ita
3337 4612 3364 4647 a
3393 4591 3567 4647 Joanne

2028 4687 2198 4743 fuisse
2252 4697 2556 4759 concepta;
2606 4687 2754 4759 quod
2791 4688 3051 4757 equidem
3093 4688 3246 4743 haud
3293 4687 3441 4740 facile
3479 4695 3573 4735 cre-

2029 4779 2259 4835 diderim
2307 4798 2323 4846 ;
2383 4779 2569 4834 Suida:
2624 4788 2806 4834 tamen
2876 4788 2931 4833 et
2971 4780 3212 4834 Cedreni
3278 4772 3573 4847 temporibus

2028 4873 2388 4941 depravatum
2439 4886 2564 4927 esse
2619 4871 2768 4925 hunc
2802 4870 3014 4926 Malalze
3056 4871 3243 4925 locum
3277 4868 3405 4924 illud
3434 4875 3569 4933 argn-

2026 4975 2212 5020 mcuto
2257 4973 2364 5029 est,
2394 4964 2540 5033 quod
2577 4964 2631 5017 hi
2673 4964 3177 5034 interpretamenta
3232 4963 3482 5016 duntaxat
3519 4964 3569 5005 ex

2026 5065 2220 5113 nostro
2254 5056 2507 5119 aﬂ‘erant,
2546 5055 2615 5110 de
2657 5057 2844 5111 verbis
2879 5053 3084 5125 Orphei
3135 5054 3260 5107 οὐδὲ
3310 5050 3425 5123 γρύ.
3455 5039 3569 5099 Illud

2024 5159 2207 5203 autem
2249 5148 2382 5202 mihi
2414 5147 2604 5202 videor
2636 5148 2774 5203 satis
2812 5157 2966 5201 certo
3001 5146 3169 5210 scire,
3198 5159 3307 5200 non
3339 5150 3389 5196 te
3408 5146 3569 5205 exspe-

2026 5250 2201 5305 ctare,
2233 5248 2291 5293 ut
2330 5240 2440 5293 vim
2475 5239 2634 5295 verbi
2667 5240 3031 5310 Ἠρικεπαῐος
3064 5248 3115 5292 et
3153 5246 3402 5291 naturam
3426 5225 3565 5297 expli-

2024 5348 2139 5387 cem
2171 5350 2183 5386 :
2209 5344 2347 5387 tune
2390 5341 2449 5387 ut
2480 5333 2697 5403 ineptas
2721 5331 3051 5402 plerumque
3088 5338 3142 5385 et
3181 5340 3370 5383 caesas
3389 5330 3565 5391 etymo-

2026 5424 2196 5494 logias
2229 5423 2547 5479 consectari
2581 5438 2671 5481 me
2703 5423 2873 5477 velis?
2932 5421 3160 5476 Dabitur
3188 5411 3560 5490 jusjurandum

2026 5530 2092 5569 ne
2133 5514 2201 5567 ab
2224 5512 2450 5584 Orpheo
2470 5514 2695 5584 quidem
2720 5514 2842 5585 ipso
2875 5514 2978 5567 hoc
3013 5514 3128 5567 εἶμι-ἱ
3169 5510 3423 5582 potuisse.
3440 5499 3563 5554 Scire

2027 5607 2178 5675 prius
2216 5619 2373 5669 aveo,
2425 5603 2572 5659 unde
2616 5604 2713 5658 illa
2770 5604 3044 5675 vulgaria,
3090 5603 3359 5659 Διᾶνυσος.
3391 5591 3560 5656 "alia"
