3760 6202
161 279 241 342 725

212 391 318 441 Snio
366 382 517 438 dubio
564 381 687 436 loco
756 380 1015 435 Ἀστὰνου
1092 383 1500 438 emendandum
1563 391 1648 439 est
1680 392 1725 447 Α

162 479 387 531 Ὀστὰνου.
417 476 637 529 Ostanes
684 490 872 545 tnagos
906 484 961 528 ct
1002 475 1329 532 Zoroastres
1365 479 1533 530 etiam
1570 478 1655 531 in-

152 570 290 622 doctis
343 566 710 635 cognitissimi.
776 566 1070 623 Theodoro
1121 568 1467 624 Meliteniotm
1510 569 1658 624 Prae-

154 664 312 714 iatione
367 658 413 712 in
474 659 872 714 Astronomiam
946 676 1054 714 non
1125 660 1358 731 Ostanes
1422 663 1654 726 dicitur,

150 752 219 805 se]
272 748 466 816 Ὀτάνης
518 745 653 819 [ii],
704 748 833 815 Quae
894 749 1128 806 fortasse
1189 768 1318 806 vera
1376 753 1652 821 scriptura

147 853 247 897 est:
293 856 400 893 nam
451 849 503 894 et
533 839 676 910 apud
748 839 1083 896 Herodotum
1157 860 1267 898 non
1346 842 1523 900 unus
1568 852 1655 899 est

147 934 301 985 Dianas
340 931 536 985 Persa:
574 942 630 986 et
696 948 823 987 vero
877 949 1073 1005 magus
1133 935 1224 989 ille
1272 935 1495 990 natione
1552 934 1657 989 fuit

146 1022 391 1077 Chaldeus.
441 1018 717 1076 Theodori
762 1023 947 1077 locum
994 1026 1331 1091 describam,
1385 1024 1534 1096 quod
1574 1023 1651 1079 ibi

147 1114 438 1183 plurimorum
487 1129 772 1182 magorum
813 1116 1041 1170 nomina
1079 1117 1292 1181 videas,
1326 1133 1468 1188 quos
1521 1117 1653 1173 alibi

146 1203 307 1257 frustra
358 1205 653 1273 quaesieris.
733 1205 823 1259 Ἐν
868 1202 950 1271 οἷς
1002 1208 1335 1280 (Χαλδαίοις)
1390 1209 1542 1263 ἄλλοι
1593 1226 1654 1262 τε

145 1296 332 1347 πλεῖστοι
376 1296 654 1364 γεγόνασιν
706 1297 977 1365 ἀξιόλογοι
1022 1300 1213 1369 ἄνδρες
1274 1301 1369 1354 καὶ
1420 1301 1654 1374 μάλιστα

145 1385 429 1455 Ζωροάστρης
463 1391 552 1440 καὶ
598 1386 721 1456 μετ’
776 1389 985 1442 ἐκεῖνον
1028 1389 1277 1458 Ὀτάνης,
1309 1391 1338 1445 ὃ
1368 1407 1428 1443 τε
1480 1390 1650 1463 Κιδη-

144 1479 230 1540 νας,
265 1478 340 1530 καὶ
380 1477 783 1548 Ναϐουριανὺς,
834 1480 927 1532 καὶ
952 1480 1049 1534 σὺν
1100 1482 1285 1543 αὐτοῖς
1323 1484 1351 1535 ὁ
1387 1481 1649 1549 Σουδῖνος,

144 1566 244 1618 ἀλλὰ
283 1571 359 1619 καὶ
405 1567 667 1632 Σέλευκος
737 1570 845 1624 ἀπὸ
890 1571 1215 1636 Σελευκείας
1244 1572 1510 1637 Χαλδαῖος
1557 1570 1654 1626 καὶ

145 1652 257 1719 οὗτός
287 1659 426 1712 ἐστιν.
1162 1664 1167 1669 ⁴

146 1767 226 1823 Xi’.
256 1770 843 1843 ΘοῦλιςόΑιγυπτίων
877 1776 1180 1842 βασιλεὺς
1216 1776 1497 1843 ἐπαρθεὶς
1527 1776 1649 1843 τοῖς

196 1842 619 1917 ξορτορᾷὠμοσιγ
668 1845 984 1917 ἠρώτησεν
1006 1850 1095 1913 εὶς
1126 1846 1193 1900 τὸ
1216 1842 1504 1917 μαντεῖον·
1541 1845 1648 1900 τοῦ

192 1912 450 1976 Εὐριπίδου
477 1916 609 1982 περὶ
647 1912 1081 1982 αὐτοῦοῦτως

1685 1733 1723 1786 Β

182 2021 362 2089 Φράσον
378 2043 467 2094 μοι
499 2026 900 2095 πυρισθενές,
934 2035 1041 2085 etc.
1074 2039 1135 2085 ut
1159 2028 1381 2084 Malalas
1414 2046 1470 2102 p.
1502 2030 1592 2086 26.

156 2110 357 2166 Hominem
395 2129 520 2171 sane
574 2116 868 2181 festivum,
896 2118 989 2188 qui
1037 2116 1356 2189 Euripidem
1401 2135 1649 2192 χρησμο-

160 2200 339 2269 λογοῦντα
358 2208 502 2264 nobis
548 2211 836 2265 exhibuit.
866 2209 1071 2277 Quidni
1124 2223 1308 2268 autem
1330 2199 1359 2265 ?‘
1393 2212 1644 2283 inquies,

169 2292 277 2359 cujus
300 2310 347 2359 ex,
366 2298 597 2370 μαντείῳ
628 2298 745 2354 hoc
775 2300 983 2369 editum
1020 2307 1125 2364 est,

260 2384 423 2452 Μάντις
453 2386 506 2439 δ’
550 2388 812 2457 ἄριστος
836 2388 1008 2456 ὅστις
1035 2387 1251 2450 εἰκάζει
1280 2387 1503 2459 καλῶς,

161 2474 355 2527 oraculum
381 2477 619 2545 quidem,
651 2493 774 2548 quo
806 2477 944 2533 nihil
977 2480 1163 2534 verius
1195 2494 1259 2534 ac
1288 2480 1644 2550 sapientius;

151 2561 259 2626 quale
280 2580 521 2636 nunquam
555 2579 655 2623 aut
700 2568 859 2625 Bacis
902 2568 1069 2637 fudit,
1102 2580 1199 2625 aut
1239 2571 1491 2627 comicus
1542 2570 1645 2627 iste

148 2651 292 2715 (lintris,
318 2670 397 2712 aut

144 2739 280 2811 Pythia
305 2763 402 2815 qua
436 2750 642 2819 tripode
690 2766 754 2806 ea:
791 2751 976 2809 Phoebi
1007 2753 1264 2824 lauroque
1295 2753 1513 2824 profata
1541 2761 1643 2807 est.

145 2833 216 2887 Sed
234 2850 355 2892 extra
383 2841 563 2910 jocum
603 2863 617 2899 :
668 2843 791 2899 sine
833 2846 1217 2900 controversia
1251 2843 1640 2915 corrigendum

139 2936 196 2980 est
222 2929 292 2982 τοῦ
318 2932 640 3005 Σαράπιδος·
686 2936 775 2990 cui
805 2936 1014 2992 Canubi
1044 2937 1245 3007 templa
1276 2935 1458 2991 dicata
1479 2944 1640 3003 sunt;

140 3020 253 3074 etiam
280 3026 596 3084 Alexandriae
622 3037 690 3083 et
716 3027 975 3099 Memphi.
1011 3027 1213 3083 Narrat
1253 3026 1452 3083 Strabo
1483 3029 1641 3085 miris

136 3113 334 3176 quosdam
353 3118 591 3176 laudibus
610 3119 824 3177 eﬂ'ert‘e
845 3123 944 3185 τὰς
974 3121 1177 3193 ἀρετὰς
1193 3121 1304 3176 τῶν
1329 3119 1426 3176 τοῦ
1469 3122 1643 3193 Σαρά-

138 3201 241 3267 πιδος
256 3206 302 3258 ἐν
326 3208 553 3284 Κανώϐῳ
573 3199 805 3279 λογίων.
834 3211 960 3267 Ηεεο
978 3215 1339 3284 scripseram,
1365 3229 1489 3269 cum
1514 3230 1641 3269 sero

135 3294 420 3355 animadverti
462 3305 601 3373 apud
651 3303 883 3359 Suidam
918 3306 972 3359 in
1023 3322 1157 3361 voce
1204 3306 1399 3369 Θοῦλις
1435 3306 1506 3360 ita
1539 3306 1641 3376 legi

135 3383 361 3454 αέτῡλεξεί.
396 3395 467 3446 uti
495 3397 661 3465 prius
685 3412 750 3450 ex
783 3395 1110 3466 conjectura
1148 3397 1593 3452 emendaveram.

181 3473 475 3538 Dubitantem
508 3503 592 3541 me
628 3495 691 3540 et
739 3502 849 3556 quo
879 3489 1130 3557 proxime
1160 3502 1246 3540 me
1286 3493 1495 3540 vertam
1534 3486 1643 3539 cir-

134 3566 526 3637 r’nmspectantem
570 3578 638 3631 ad
684 3594 747 3632 se
794 3587 958 3632 vocat
1007 3576 1351 3648 Sophocles,
1401 3576 1642 3646 indignis

135 3671 228 3709 sane
250 3664 397 3716 lll02llS
417 3680 444 3718 a
462 3663 677 3721 Joanne
717 3677 997 3738 acceptus.
1031 3682 1085 3737 ι).
1112 3666 1179 3720 47
1216 3685 1227 3719 ε
1263 3665 1321 3720 ’0
1342 3665 1451 3738 γὰρ
1474 3665 1644 3735 σοφώ·

133 3761 244 3813 τιτθὲ
269 3752 514 3829 Σοφοκλῆς
544 3759 737 3831 δρᾶμα
767 3758 985 3824 ἐξέθετο
1021 3761 1117 3813 καὶ
1157 3758 1457 3829 ποιητικῶς
1488 3754 1640 3813 εἶπεν

132 3838 190 3887 ὁτι
221 3841 243 3892 ὁ
270 3842 532 3914 Τειρεσίας
590 3849 691 3919 τὴν
748 3847 998 3904 Παλλάδα
1054 3846 1159 3902 εἶδε
1205 3850 1502 3927 λουομένῃν
1550 3852 1641 3904 καὶ

132 3927 230 4000 γυνή
253 3933 464 4002 ἐγένετο.
490 3938 600 4012 Ego
625 3957 759 3995 vero
789 3944 986 4010 quovis
1008 3943 1235 4013 pignore
1263 3943 1637 3997 contenderim

1667 3072 1714 3134 C

133 4024 228 4077 nihil
253 4044 452 4099 nsquam
487 4033 553 4087 de
596 4034 798 4089 fabella
826 4037 932 4091 ista
957 4042 1261 4106 profectum
1287 4052 1315 4090 a
1344 4036 1635 4106 Sophocle,

132 4130 377 4188 quanquam
400 4126 462 4177 ab
494 4125 621 4181 aliis
675 4128 881 4196 passim
916 4137 1281 4198 memoretnr.
1320 4127 1456 4182 Cum
1490 4127 1636 4181 enim

131 4217 273 4260 omnes
296 4208 396 4267 fere
422 4216 605 4272 titulos
636 4215 1075 4288 Sophocleorum
1116 4218 1433 4272 Dramatum
1467 4219 1637 4275 bene-

135 4292 223 4347 licio
255 4298 726 4363 Grammaticorum
776 4317 1022 4363 veterum
1074 4308 1397 4373 habeamus,
1424 4311 1635 4366 nullum

132 4393 192 4435 cst
215 4390 287 4442 nhi
314 4391 524 4452 Tiresia:
547 4416 789 4469 persona
821 4400 1009 4456 locum
1043 4400 1246 4458 habere
1275 4402 1469 4473 possit,
1497 4418 1635 4473 prae-
1670 4407 1712 4462 D

132 4480 323 4543 ltrullam
348 4501 449 4540 una
501 4487 767 4561 Trilogia,
806 4491 1057 4562 (Edipus
1101 4492 1419 4564 Tyrannus,
1472 4497 1635 4550 Anti-

132 4576 257 4665 thIC.
290 4582 338 4627 et
358 4576 591 4650 {Edipus
640 4582 696 4637 in
752 4583 967 4641 Colono
1012 4604 1027 4640 :
1074 4585 1156 4641 sic
1200 4588 1350 4642 enim
1399 4589 1634 4644 sentio:

132 4667 216 4754 sne
233 4668 546 4741 tetralogiam
577 4675 763 4741 malis,
810 4678 1051 4746 accedo;
1084 4684 1144 4731 ut
1177 4677 1360 4734 fabula
1392 4679 1514 4754 [12]
1543 4697 1637 4737 sa-

134 4748 281 4844 ιξτξςε.
303 4759 436 4816 sicut
454 4778 648 4822 omnes
675 4767 925 4823 omnium
965 4778 1171 4838 praeter
1202 4748 1638 4842 Cyclopeanu-

134 4838 298 4940 Epidis.
316 4853 530 4917 periisse
549 4856 826 4912 videatur.
860 4859 1188 4929 Quanquam
1218 4838 1638 4917 enini-affirmet

135 4923 318 5026 _$\tidas,
348 4942 421 4997 ὅτι
439 4947 469 4999 ὁ
505 4949 783 5020 Σοφοκλῆς
808 4923 946 5022 ἦρξε
964 4923 1060 5005 του
1085 4951 1270 5024 δρᾶμα
1290 4952 1426 5023 πρὸς
1452 4953 1638 5026 δρᾶμα

135 5019 462 5117 amarum,
487 5041 623 5097 ἀλλὰ
662 5045 736 5115 μὴ
770 5019 1165 5117 τετραλογίαν·
1196 5019 1421 5104 scimus
1453 5019 1635 5104 tanien

136 5115 486 5214 apidascaliis
510 5148 621 5188 non
650 5152 717 5191 ex
742 5137 893 5191 omni
929 5147 1084 5207 parte
1115 5153 1308 5195 verum
1344 5141 1447 5195 hoc
1486 5156 1634 5197 esse.

138 5196 240 5263 Vide
272 5219 410 5304 modo
445 5225 863 5296 Aristophanem
904 5196 1339 5285 (irammaticuni
1364 5233 1419 5286 in
1461 5233 1639 5304 Argn-

142 5303 479 5390 ttlentoletlea:
528 5314 825 5388 Euripidis.
879 5323 1044 5390 Atqui
1092 5322 1233 5376 haud
1285 5303 1645 5381 cenimctnini

143 5381 337 5450 ﬁbellatn
371 5401 524 5460 istam
552 5410 619 5464 de
670 5410 882 5466 Tiresia
918 5414 973 5468 in
1020 5414 1182 5469 trinis
1233 5415 1343 5470 illis
1391 5419 1635 5482 narrari,

143 5490 278 5551 neque
309 5489 373 5546 ibi
409 5500 624 5565 reperiri
665 5518 827 5574 posse
869 5506 1126 5562 arbitror.
1178 5505 1360 5563 Prima
1407 5508 1522 5565 haec
1553 5522 1653 5566 est.

256 5575 542 5649 Sophoclem
566 5597 923 5654 contumelia.
969 5596 1242 5669 Deinceps
1267 5639 1284 5663 ,
1321 5598 1505 5665 Ὅθεν,
1535 5602 1633 5663 ail.

146 5655 306 5721 ἐξέθετο
325 5670 574 5749 Σοφοκλῆς
605 5685 661 5737 ἐν
689 5687 800 5750 τοῖς
843 5686 1009 5742 αὐτοῦ
1043 5655 1438 5761 συγίράίψααι
1464 5655 1636 5745 iam“;

1182 276 1548 337 EPISTULA
1591 279 1799 341 RlClI.
1837 280 2214 342 BENTLEII-

3237 285 3344 349 725

1755 385 2014 459 ἀληθείας
2047 383 2209 442 εἶναι.
2242 383 2334 453 Εἷς
2368 392 2515 442 ἐστιν
2537 390 2565 441 ὁ
2591 390 2721 454 Θεδς
2745 391 2803 454 ὃς
2827 391 2920 443 τὸν
2947 391 3201 465 οὐρανόν,
3234 406 3338 453 etc.

1759 477 1802 533 0
1844 479 2088 536 hominis
2122 490 2428 549 stuporem,
2471 492 2524 536 ct
2571 483 2841 536 ἱδεωτείαν
2890 487 3135 538 meram!
3180 489 3342 559 Apud

1758 579 2067 637 auctorem,
2117 570 2264 625 unde
2329 571 2443 626 haec
2510 572 2698 627 habuit
2746 572 3163 642 Antiochensis,
3221 576 3344 635 sine

1756 663 1927 734 688
1952 663 2122 718 dubio
2149 665 2420 735 scriptum
2451 674 2573 721 erat
2600 667 2666 721 ad
2696 667 2801 721 hoc
2839 669 3154 739 exemplum
3189 687 3202 724 :
3228 673 3345 725 Κα-

1758 754 1864 818 Θὼς
1900 758 1927 809 ὁ
1975 756 2254 828 Σοφοκλῆς
2283 752 2438 810 εἶπεν
2474 759 2533 811 ὲν
2575 762 2695 823 ταῖς
2726 759 3062 829 ἀληθείαισιν
3104 756 3185 827 εἷς
3224 765 3341 818 ἐστι

1756 846 1908 910 Θεός.
1949 846 2127 902 Homo
2152 848 2388 903 stolidus
2419 848 2869 919 interpunctione
2904 852 3035 908 falsa
3063 854 3340 925 iugulavit

1758 952 1999 1004 versum,
2041 939 2350 1009 misereque
2395 939 2748 1010 disperdidit.
2791 940 3061 997 Nimirum
3106 947 3177 1001 ab
3207 946 3339 1018 ἀλη-

1758 1029 1985 1084 θείαισιν
2035 1031 2450 1088 distinctionem
2513 1034 2733 1103 posuit,
2795 1050 2923 1090 cum
2981 1039 3162 1093 oratio
3212 1048 3382 1111 post'

1755 1117 1876 1176 εἷπε
1907 1125 2175 1181 sustineri
2198 1125 2473 1181 debuerit.
2512 1125 2619 1182 Sed
2652 1125 2886 1183 efficiam
2922 1137 2983 1182 ut
3019 1132 3255 1199 posthac
3283 1132 3335 1185 hi

1758 1216 2018 1270 versiculi
2056 1232 2193 1273 sano
2237 1219 2432 1275 saltem
2478 1220 2617 1290 pede
2663 1219 2882 1290 possint
2926 1221 3205 1278 incedere.
3246 1220 3338 1277 Sic

1759 1308 1929 1378 igitur
1960 1312 2193 1366 emendo
2220 1331 2234 1367 :

1894 1424 2000 1479 Ἐν
2031 1425 2160 1492 ταῖς
2182 1426 2565 1493 ἀληθείαισιν
2588 1423 2678 1494 εἷς
2705 1428 2877 1485 ἐστιν
2898 1430 3033 1496 θεὸς

1904 1497 2011 1573 ξος
2039 1498 2301 1564 οὐρανόν
2332 1498 2382 1550 τ’
2403 1495 2741 1573 ἐςευξξᾼκαί
2774 1499 2949 1573 mimi:
2964 1495 3208 1573 μακρὰν

1897 1567 2131 1638 (Ida-top
2157 1581 2222 1619 τε
2246 1566 2514 1638 χαροπόν
2532 1564 2715 1638 οἶδμα
2738 1564 3020 1637 κᾶνέμὶὰν
3041 1564 3209 1638 βῖας.

1897 1636 2207 1707 Orientales
2225 1636 2465 1690 πολλὸν
2493 1637 2704 1707 καρδίᾳ
2733 1636 3116 1707 πλανίώμενοι

1904 1704 2331 1778 Ἰδρυσᾴμεσθα
2352 1704 2638 1778 πημάτων
2668 1704 3061 1778 παραψυέὴν,

1896 1774 2057 1847 Θεῶν
2077 1775 2367 1847 ἀγάλματ’
2395 1774 2462 1830 ἐκ
2483 1776 2669 1847 ,λίθων
2690 1776 2727 1844 ἢ
2751 1774 3033 1847 χαᾷίκέὼν

1894 1837 1970 1899 Ἦ
1990 1837 2451 1913 mooted):th
2476 1845 2515 1913 ἣ
2549 1837 2937 1914 ’λεφάιίὲίνων
2973 1849 3222 1915 τύπους.

1895 1916 2122 1986 ᾂυσίας
2142 1932 2205 1969 τε
2226 1917 2460 1986 τούτοις
2492 1915 2593 1968 καὶ
2622 1917 2799 1982 κενὰς
2826 1919 3209 1986 πανηγύρεις.

1895 1984 2224 2054 Τεύχοντες
2249 1984 2439 2051 οὕτως
2477 1986 2753 2040 εὐσεϐεῖν
2778 1984 3115 2058 νομίζομεν.

1749 2101 1827 2157 Ita
1859 2101 1975 2156 fere
2007 2099 2269 2170 leguntur
2294 2096 2440 2169 apud
2477 2096 2782 2165 Iustinum,
2820 2100 3186 2165 Clementem,
3220 2100 3329 2155 Eu-

1748 2193 1986 2258 sebium,
2035 2190 2460 2253 'l‘heodoritum,
2507 2198 2562 2245 et
2616 2190 2816 2259 partim
2872 2191 3326 2263 Athenagoram;

1746 2286 1884 2342 adeo
1925 2293 1987 2339 ut
2019 2283 2265 2339 demiror
2299 2281 2654 2353 interpretem
2695 2282 3114 2349 Chilmeadnm‘,
3152 2285 3330 2340 homi-

1746 2394 1875 2434 nem
1911 2391 2046 2433 sane
2092 2375 2502 2448 pereruditum,
2544 2375 2599 2445 ip
2640 2376 2765 2431 luce
2806 2383 2916 2431 tam
2960 2377 3107 2432 clara
3143 2378 3329 2432 minus

1747 2470 1911 2526 solito
1949 2468 2320 2539 perspexisse.
2366 2467 2474 2524 Sed
2510 2482 2621 2523 non
2663 2475 2718 2523 te
2745 2469 2968 2535 celabo,
2999 2470 3147 2541 quod
3184 2485 3326 2540 pace

1746 2571 2066 2619 sanctorum
2099 2558 2342 2616 virorum
2369 2561 2577 2616 dictum
2612 2563 2779 2616 velim
2805 2601 2822 2626 ,
2852 2563 3213 2619 vehementer
3242 2579 3328 2620 me

1747 2654 2021 2726 suspicari
2052 2667 2160 2707 non
2188 2666 2317 2709 esse
2341 2652 2457 2708 hac
2488 2668 2519 2707 n
2552 2653 2848 2724 Sophocle.
2885 2654 2940 2709 hi
2963 2654 3103 2710 adeo
3134 2668 3237 2711 cur
3270 2656 3327 2710 in

1746 2748 1992 2801 animum
2026 2743 2308 2809 inducam,
2343 2745 2389 2801 si
2415 2760 2506 2802 me
2537 2746 2879 2819 interroges,
2914 2746 3080 2803 dico:
3116 2748 3326 2819 permi-

1745 2854 1869 2893 rum
1893 2836 2027 2893 mihi
2054 2847 2255 2908 praeter
2291 2837 2397 2892 alia
2432 2837 2634 2906 videri,
2670 2848 2781 2894 tam
2822 2839 3094 2909 illustrem
3145 2840 3326 2896 locum

1747 2931 2161 2988 Ecclesiasticis
2202 2931 2343 2987 solis
2392 2930 2702 2988 incurrisse
2742 2932 2796 2985 in
2837 2931 3051 2997 oculos,
3089 2932 3324 2987 aliorum

1745 3024 1993 3079 omnium
2027 3025 2200 3079 aciem
2229 3023 2489 3096 eli‘ngisse
2522 3024 2658 3098 [l3].
2691 3024 2796 3092 Qui
2829 3024 3061 3088 factum,
3083 3025 3164 3080 uti
3196 3025 3327 3081 dor-

1746 3115 1959 3170 mitaret
1998 3115 2087 3170 hic
2135 3114 2418 3171 Plutarchi
2458 3117 2787 3184 diligentia?
2814 3117 2918 3184 Qui
2963 3116 3325 3189 Porphyrium

1746 3208 2029 3277 praeterire
2053 3207 2230 3277 potuit
2261 3209 2387 3277 περὶ
2429 3210 2644 3280 ἀποχῆς
2670 3209 2935 3281 ἐμψύχων
2959 3219 3068 3264 tam
3108 3210 3328 3280 insigne

1744 3299 2120 3352 testimonium
2157 3298 2427 3356 adversus
2458 3300 2569 3354 τῶν
2601 3301 2803 3355 θυσιῶν
2839 3303 2940 3365 τὰς
2972 3303 3327 3375 παρανόμους

1745 3390 1982 3460 σφαγάς,
2009 3398 2070 3445 ut
2098 3391 2164 3445 ad
2189 3392 2335 3446 hunc
2360 3391 2542 3446 locum
2572 3394 2648 3447 ait
2671 3392 3043 3449 Theodoritus
3064 3395 3087 3447 ?
3112 3394 3213 3450 Ubi
3242 3402 3323 3459 tu,

1746 3483 1995 3551 Stobme,
2045 3484 2304 3549 cessasti,
2352 3484 2661 3539 litterarum
2695 3485 2941 3540 oblivio?
2984 3492 3067 3549 tu,
3114 3485 3210 3555 qui
3245 3494 3328 3541 tot

1746 3576 1957 3632 forulos
1977 3577 2443 3634 bibliothecarum
2469 3577 2792 3641 excussisti,
2821 3576 3116 3648 Sophoclis
3141 3585 3322 3632 autem

1743 3675 1798 3720 et
1851 3665 2134 3737 Euripidis
2179 3678 2533 3733 monumenta
2576 3667 2823 3724 studiose
2874 3676 3077 3739 praeter
3126 3678 3325 3723 caetera

1744 3758 2027 3815 lectitasti.
2062 3758 2286 3814 Adeone
2307 3774 2510 3830 paucos
2559 3776 2588 3815 e
2621 3758 2913 3824 Patribus,
2950 3760 3083 3830 quid
3129 3758 3326 3815 Patres

1742 3861 1923 3905 alitem
1966 3851 2129 3906 dico?
2176 3867 2422 3908 unumne
2479 3852 2719 3923 aliquem
2780 3853 3185 3917 tenebrioncm,
3230 3852 3321 3922 qui

1741 3946 2025 4016 supposita
2070 3961 2309 4017 persona
2375 3947 2574 4002 librum
2623 3944 2860 4002 ediderit
2900 3945 2983 4017 (ut
3025 3954 3081 4000 et
3117 3945 3248 3999 olim
3271 3954 3325 4000 et

1743 4038 1904 4094 hodie
1936 4040 2329 4093 nonnullorum
2357 4039 2546 4109 opinio
2572 4047 2679 4102 est,
2722 4053 2899 4108 neque
2928 4036 3066 4092 adeo
3091 4037 3321 4106 injuria)

1740 4131 1957 4186 car-teris
2000 4131 2262 4186 omnibus
2306 4130 2776 4202 perspicaciorem
2815 4138 2871 4185 et
2915 4129 3321 4201 diligentiorem

1741 4220 1952 4278 fuisse?
1988 4220 2245 4278 Clemens
2288 4223 2435 4278 enim
2484 4231 2674 4293 aperte
2722 4228 2777 4276 et
2837 4220 3077 4291 ingenue
3122 4218 3325 4274 fatetur

1738 4312 1977 4368 liecatazi
2008 4329 2067 4369 se
2094 4313 2253 4369 fidem
2281 4321 2562 4377 secutum,
2601 4313 2745 4383 apud
2778 4314 2960 4384 ipsum
2990 4311 3322 4383 Sophoclem

1740 4404 1967 4459 omnino
1993 4419 2103 4458 non
2134 4404 2351 4474 legisse.
2388 4402 2448 4456 '0
2471 4403 2568 4473 μὲν
2593 4402 2892 4472 Σοφοκλῆς,
2914 4401 2990 4456 ait
3022 4401 3226 4457 Str-om.
3260 4400 3320 4464 V,

1739 4494 1816 4560 ὣς
1849 4511 2014 4567 φησιν
2059 4496 2340 4558 Ἑκαταῖος
2366 4496 2395 4548 ὁ
2419 4495 2519 4556 τὰς
2558 4494 2800 4565 ἱστορίας
2834 4493 3238 4565 συνταξάμενος
3263 4497 3324 4549 ὲν

1739 4586 1816 4658 τῷ
1844 4586 1966 4640 κατ’
1984 4587 2269 4657 ’Ἄϐραμον
2298 4585 2395 4640 καὶ
2428 4587 2556 4649 τοὺς
2578 4585 2933 4652 Αἰγυπτίους.
2969 4583 3107 4638 Illud
3138 4595 3337 4651 autem

1739 4678 2086 4747 exploratum
2116 4677 2292 4731 habeo
2338 4685 2450 4730 tam
2490 4691 2519 4729 a
2550 4673 2770 4731 Justino
2803 4685 2859 4730 et
2893 4675 3181 4732 Clemente
3214 4674 3320 4730 Pa-

1740 4777 1853 4823 tres
1887 4767 2028 4822 alios
2058 4767 2361 4835 accepisse,
2391 4782 2554 4837 quam
2585 4765 2866 4822 Justinum
2896 4775 2949 4822 et
2977 4763 3318 4822 Clementem

1738 4860 2108 4916 commentitii
2166 4860 2287 4928 ejus
2337 4858 2571 4914 Hecataei
2621 4861 2953 4916 auctoritate
2995 4860 3316 4917 tradidisse.

1738 4954 1910 5021 Quem
1941 4953 2007 5007 ad
2041 4951 2317 5006 hominem
2343 4952 2588 5017 demum,
2615 4960 2668 5007 et
2702 4970 2863 5024 quam
2902 4954 3060 5009 nulla
3098 4954 3202 5011 fide
3230 4971 3321 5011 res

1738 5043 2001 5107 redierit,
2039 5041 2213 5097 vides.
2247 5040 2410 5098 lllene
2463 5052 2523 5097 ut
2572 5041 2834 5111 Sophocli
2872 5042 3187 5100 versiculos
3220 5044 3321 5098 ali-

1737 5145 1866 5206 quot
1898 5144 2186 5190 vereretur
2216 5134 2504 5206 attingere,
2537 5136 2631 5206 qui
2658 5135 2813 5189 illum
2842 5135 3049 5204 ipsum,
3082 5150 3196 5205 quo
3223 5150 3321 5211 eos

1738 5228 1985 5291 adduxit,
2028 5226 2227 5281 librum
2271 5225 2508 5283 ediderit
2557 5227 2815 5282 simulata
2861 5242 3099 5296 persona
3139 5223 3319 5282 Heca-

1739 5319 2001 5390 ta:i~?lpsa
2023 5328 2288 5390 praeterea
2309 5322 2490 5375 oratio
2529 5319 2597 5376 de
2634 5335 2694 5375 sc
2718 5317 2847 5374 facit
2875 5319 3163 5375 indicium.
3196 5316 3316 5377 Non

1738 5428 1975 5485 agnosco
1995 5413 2125 5468 illud
2142 5413 2412 5484 χαλκέων,
2431 5421 2486 5467 et
2502 5410 2698 5465 πολλὸν
2717 5420 3027 5480 sumptum,
3056 5418 3117 5466 ut
3137 5412 3316 5478 aiunt,

1738 5507 2147 5571 adverbialiter,
2181 5522 2307 5565 esse
2360 5498 2601 5563 hominis
2629 5506 2830 5571 Attici,
2864 5514 2959 5561 aut
3010 5510 3064 5562 in
3116 5517 3320 5580 tragoe-

1738 5600 1824 5654 dia
1891 5598 2020 5655 fcrri
2088 5614 2273 5670 posse.
2328 5598 2519 5666 Qualis
2571 5599 2717 5679 enim
2771 5599 2889 5655 haec
2950 5600 3089 5656 foret
3129 5600 3321 5657 coniu-

1738 5693 1820 5748 sio
1861 5692 2245 5755 dialectorum,
2287 5699 2347 5747 et
2376 5700 2435 5747 ut
2469 5691 2550 5746 ait
2596 5694 2711 5749 ille.
2769 5705 2986 5762 sartago
3021 5694 3322 5765 loquendi!
