  <div class='ocr_page' id='page_1' title='image "/cluster/home/n/w/nwhite01/storage/ocr_20150623/97/hvd.32044073502130/396.png"; bbox 0 0 3760 6202; ppageno 0'>
   <div class='ocr_carea' id='block_1_1' title="bbox 54 396 2106 474">
    <p class='ocr_par' dir='ltr' id='par_1_1' title="bbox 54 396 2106 474">
     <span class='ocr_line' id='line_1_1' title="bbox 54 396 2106 474; baseline -0.004 -11"><span class='ocrx_word' id='word_1_1' title='bbox 54 408 120 474; x_wconf 54' lang='grc' dir='ltr'><strong>τις</strong></span> <span class='ocrx_word' id='word_1_2' title='bbox 1087 397 1451 459; x_wconf 84' lang='lat' dir='ltr'><strong>EPISTOLA</strong></span> <span class='ocrx_word' id='word_1_3' title='bbox 1480 399 1692 459; x_wconf 82' lang='lat' dir='ltr'><strong>RICH.</strong></span> <span class='ocrx_word' id='word_1_4' title='bbox 1721 396 2106 458; x_wconf 87' lang='lat' dir='ltr'><strong>BENTLEII.</strong></span> 
     </span>
    </p>
   </div>
   <div class='ocr_carea' id='block_1_2' title="bbox 3153 381 3257 446">
    <p class='ocr_par' dir='ltr' id='par_1_2' title="bbox 3153 381 3257 446">
     <span class='ocr_line' id='line_1_2' title="bbox 3153 381 3257 446; baseline 0 -1"><span class='ocrx_word' id='word_1_5' title='bbox 3153 381 3257 446; x_wconf 58' lang='lat'><strong>73$</strong></span> 
     </span>
    </p>
   </div>
   <div class='ocr_carea' id='block_1_3' title="bbox 95 493 1580 586">
    <p class='ocr_par' dir='ltr' id='par_1_3' title="bbox 95 507 1573 586">
     <span class='ocr_line' id='line_1_3' title="bbox 95 507 1573 586; baseline -0.006 -17"><span class='ocrx_word' id='word_1_6' title='bbox 95 517 205 586; x_wconf 71' lang='lat' dir='ltr'><strong>Pag.</strong></span> <span class='ocrx_word' id='word_1_7' title='bbox 238 511 363 567; x_wconf 70' lang='lat'><strong>106.</strong></span> <span class='ocrx_word' id='word_1_8' title='bbox 391 509 533 581; x_wconf 70' lang='grc' dir='ltr'>Περὶ</span> <span class='ocrx_word' id='word_1_9' title='bbox 580 508 641 563; x_wconf 65' lang='grc' dir='ltr'>δὲ</span> <span class='ocrx_word' id='word_1_10' title='bbox 690 509 789 579; x_wconf 76' lang='grc' dir='ltr'><strong>τῆς</strong></span> <span class='ocrx_word' id='word_1_11' title='bbox 822 507 1116 580; x_wconf 79' lang='grc' dir='ltr'><strong>Πασιφάης</strong></span> <span class='ocrx_word' id='word_1_12' title='bbox 1154 507 1369 574; x_wconf 70' lang='grc' dir='ltr'><strong>ἐξέθετο</strong></span> <span class='ocrx_word' id='word_1_13' title='bbox 1391 507 1573 578; x_wconf 82' lang='grc' dir='ltr'>δρᾶμα</span> 
     </span>
    </p>
   </div>
   <div class='ocr_carea' id='block_1_4' title="bbox 1749 493 3234 586">
    <p class='ocr_par' dir='ltr' id='par_1_4' title="bbox 1749 493 3234 572">
     <span class='ocr_line' id='line_1_4' title="bbox 1749 493 3234 572; baseline -0.013 -10"><span class='ocrx_word' id='word_1_14' title='bbox 1749 516 1975 572; x_wconf 78' lang='lat' dir='ltr'><strong>cuntur,</strong></span> <span class='ocrx_word' id='word_1_15' title='bbox 2032 515 2216 570; x_wconf 82' lang='lat' dir='ltr'><strong>scenae</strong></span> <span class='ocrx_word' id='word_1_16' title='bbox 2268 503 2553 571; x_wconf 82' lang='lat' dir='ltr'><strong>ponuntur</strong></span> <span class='ocrx_word' id='word_1_17' title='bbox 2589 497 2642 550; x_wconf 85' lang='lat' dir='ltr'><strong>in</strong></span> <span class='ocrx_word' id='word_1_18' title='bbox 2692 494 2837 550; x_wconf 77' lang='lat' dir='ltr'><strong>locis</strong></span> <span class='ocrx_word' id='word_1_19' title='bbox 2875 493 3234 563; x_wconf 80' lang='lat' dir='ltr'><strong>disjunctissr</strong></span> 
     </span>
    </p>
   </div>
   <div class='ocr_carea' id='block_1_5' title="bbox 48 597 1572 674">
    <p class='ocr_par' dir='ltr' id='par_1_5' title="bbox 48 597 1572 674">
     <span class='ocr_line' id='line_1_5' title="bbox 48 597 1572 674; baseline -0.007 -13"><span class='ocrx_word' id='word_1_20' title='bbox 48 603 292 674; x_wconf 62' lang='grc' dir='ltr'>Εὐριπίδης</span> <span class='ocrx_word' id='word_1_21' title='bbox 322 604 357 657; x_wconf 79' lang='grc' dir='ltr'><strong>δ</strong></span> <span class='ocrx_word' id='word_1_22' title='bbox 384 600 643 673; x_wconf 67' lang='grc' dir='ltr'>ποιητής.</span> <span class='ocrx_word' id='word_1_23' title='bbox 666 597 916 663; x_wconf 87' lang='lat' dir='ltr'><strong>lnanetn,</strong></span> <span class='ocrx_word' id='word_1_24' title='bbox 958 598 1093 652; x_wconf 86' lang='lat' dir='ltr'><strong>mihi</strong></span> <span class='ocrx_word' id='word_1_25' title='bbox 1124 597 1308 660; x_wconf 84' lang='lat' dir='ltr'><strong>trede,</strong></span> <span class='ocrx_word' id='word_1_26' title='bbox 1349 611 1572 671; x_wconf 83' lang='lat' dir='ltr'><strong>operam</strong></span> 
     </span>
    </p>
   </div>
   <div class='ocr_carea' id='block_1_6' title="bbox 46 689 1576 768">
    <p class='ocr_par' dir='ltr' id='par_1_6' title="bbox 46 689 1576 768">
     <span class='ocr_line' id='line_1_6' title="bbox 46 689 1576 768; baseline -0.008 -14"><span class='ocrx_word' id='word_1_27' title='bbox 46 696 340 768; x_wconf 70' lang='lat' dir='ltr'><strong>sumpserit,</strong></span> <span class='ocrx_word' id='word_1_28' title='bbox 388 695 488 766; x_wconf 88' lang='lat' dir='ltr'><strong>qui</strong></span> <span class='ocrx_word' id='word_1_29' title='bbox 536 692 822 763; x_wconf 82' lang='lat' dir='ltr'><strong>Euripidis</strong></span> <span class='ocrx_word' id='word_1_30' title='bbox 877 691 1207 760; x_wconf 87' lang='lat' dir='ltr'><strong>Pasiphaen</strong></span> <span class='ocrx_word' id='word_1_31' title='bbox 1272 689 1576 744; x_wconf 76' lang='lat' dir='ltr'><strong>instituerit</strong></span> 
     </span>
    </p>
   </div>
   <div class='ocr_carea' id='block_1_7' title="bbox 42 779 1572 859">
    <p class='ocr_par' dir='ltr' id='par_1_7' title="bbox 42 779 1572 859">
     <span class='ocr_line' id='line_1_7' title="bbox 42 779 1572 859; baseline -0.007 -17"><span class='ocrx_word' id='word_1_32' title='bbox 42 802 265 859; x_wconf 67' lang='lat' dir='ltr'><strong>querere.</strong></span> <span class='ocrx_word' id='word_1_33' title='bbox 284 785 403 840; x_wconf 74' lang='lat' dir='ltr'><strong>Non</strong></span> <span class='ocrx_word' id='word_1_34' title='bbox 426 795 640 839; x_wconf 82' lang='lat' dir='ltr'><strong>temere</strong></span> <span class='ocrx_word' id='word_1_35' title='bbox 661 783 787 837; x_wconf 86' lang='lat' dir='ltr'><strong>dico</strong></span> <span class='ocrx_word' id='word_1_36' title='bbox 813 790 976 851; x_wconf 89' lang='lat' dir='ltr'><strong>atque</strong></span> <span class='ocrx_word' id='word_1_37' title='bbox 996 779 1251 850; x_wconf 83' lang='lat' dir='ltr'><strong>equidem</strong></span> <span class='ocrx_word' id='word_1_38' title='bbox 1276 787 1428 834; x_wconf 89' lang='lat' dir='ltr'><strong>certe</strong></span> <span class='ocrx_word' id='word_1_39' title='bbox 1446 779 1572 834; x_wconf 87' lang='lat' dir='ltr'><strong>scio</strong></span> 
     </span>
    </p>
   </div>
   <div class='ocr_carea' id='block_1_8' title="bbox 39 869 1571 945">
    <p class='ocr_par' dir='ltr' id='par_1_8' title="bbox 39 869 1571 945">
     <span class='ocr_line' id='line_1_8' title="bbox 39 869 1571 945; baseline -0.008 -11"><span class='ocrx_word' id='word_1_40' title='bbox 39 880 270 935; x_wconf 78' lang='lat' dir='ltr'><strong>neminem</strong></span> <span class='ocrx_word' id='word_1_41' title='bbox 301 892 369 931; x_wconf 80' lang='lat' dir='ltr'><strong>ex</strong></span> <span class='ocrx_word' id='word_1_42' title='bbox 399 873 775 945; x_wconf 79' lang='lat' dir='ltr'><strong>scriptoribus</strong></span> <span class='ocrx_word' id='word_1_43' title='bbox 791 871 1028 928; x_wconf 80' lang='lat' dir='ltr'><strong>vetustis</strong></span> <span class='ocrx_word' id='word_1_44' title='bbox 1057 869 1217 925; x_wconf 87' lang='lat' dir='ltr'><strong>hodie</strong></span> <span class='ocrx_word' id='word_1_45' title='bbox 1250 882 1571 941; x_wconf 65' lang='lat' dir='ltr'><strong>superesse,</strong></span> 
     </span>
    </p>
   </div>
   <div class='ocr_carea' id='block_1_9' title="bbox 34 957 1603 1039">
    <p class='ocr_par' dir='ltr' id='par_1_9' title="bbox 34 957 1603 1039">
     <span class='ocr_line' id='line_1_9' title="bbox 34 957 1603 1039; baseline -0.008 -15"><span class='ocrx_word' id='word_1_46' title='bbox 34 971 103 1039; x_wconf 83' lang='lat' dir='ltr'><strong>qui</strong></span> <span class='ocrx_word' id='word_1_47' title='bbox 121 969 221 1021; x_wconf 88' lang='lat' dir='ltr'><strong>tale</strong></span> <span class='ocrx_word' id='word_1_48' title='bbox 238 966 542 1036; x_wconf 83' lang='lat' dir='ltr'><strong>quidquam</strong></span> <span class='ocrx_word' id='word_1_49' title='bbox 580 961 865 1017; x_wconf 72' lang='lat' dir='ltr'><strong>memoria:</strong></span> <span class='ocrx_word' id='word_1_50' title='bbox 896 959 1213 1016; x_wconf 80' lang='lat' dir='ltr'><strong>tradiderit.</strong></span> <span class='ocrx_word' id='word_1_51' title='bbox 1248 957 1568 1028; x_wconf 83' lang='lat' dir='ltr'><strong>Hesychius</strong></span> <span class='ocrx_word' id='word_1_52' title='bbox 1597 996 1603 1001; x_wconf 62' lang='grc' dir='ltr'><strong>ι</strong></span> 
     </span>
    </p>
   </div>
   <div class='ocr_carea' id='block_1_10' title="bbox 28 1051 1573 1129">
    <p class='ocr_par' dir='ltr' id='par_1_10' title="bbox 28 1051 1573 1129">
     <span class='ocr_line' id='line_1_10' title="bbox 28 1051 1573 1129; baseline -0.012 -11"><span class='ocrx_word' id='word_1_53' title='bbox 28 1075 205 1123; x_wconf 77' lang='lat' dir='ltr'><strong>tamen,</strong></span> <span class='ocrx_word' id='word_1_54' title='bbox 229 1056 439 1129; x_wconf 80' lang='grc' dir='ltr'>Σαρδὼ,</span> <span class='ocrx_word' id='word_1_55' title='bbox 473 1055 649 1118; x_wconf 73' lang='lat' dir='ltr'><strong>ait,év</strong></span> <span class='ocrx_word' id='word_1_56' title='bbox 671 1055 928 1127; x_wconf 75' lang='grc' dir='ltr'>Πασιφάῃ</span> <span class='ocrx_word' id='word_1_57' title='bbox 958 1053 1018 1105; x_wconf 75' lang='grc' dir='ltr'><strong>τὸ</strong></span> <span class='ocrx_word' id='word_1_58' title='bbox 1046 1051 1371 1123; x_wconf 86' lang='grc' dir='ltr'>σαρδόνιονή</span> <span class='ocrx_word' id='word_1_59' title='bbox 1400 1064 1573 1119; x_wconf 85' lang='grc' dir='ltr'>σφρα-</span> 
     </span>
    </p>
   </div>
   <div class='ocr_carea' id='block_1_11' title="bbox 26 1141 1573 1221">
    <p class='ocr_par' dir='ltr' id='par_1_11' title="bbox 26 1141 1573 1221">
     <span class='ocr_line' id='line_1_11' title="bbox 26 1141 1573 1221; baseline -0.006 -19"><span class='ocrx_word' id='word_1_60' title='bbox 26 1153 95 1219; x_wconf 65' lang='grc' dir='ltr'>γὶς</span> <span class='ocrx_word' id='word_1_61' title='bbox 116 1149 347 1221; x_wconf 70' lang='grc' dir='ltr'>εἴρηται,</span> <span class='ocrx_word' id='word_1_62' title='bbox 405 1162 569 1215; x_wconf 87' lang='lat' dir='ltr'><strong>quem</strong></span> <span class='ocrx_word' id='word_1_63' title='bbox 606 1145 652 1200; x_wconf 88' lang='lat' dir='ltr'><strong>si</strong></span> <span class='ocrx_word' id='word_1_64' title='bbox 692 1145 761 1199; x_wconf 90' lang='lat' dir='ltr'><strong>ad</strong></span> <span class='ocrx_word' id='word_1_65' title='bbox 801 1143 1159 1213; x_wconf 87' lang='lat' dir='ltr'><strong>Euripideam</strong></span> <span class='ocrx_word' id='word_1_66' title='bbox 1190 1141 1434 1197; x_wconf 78' lang='lat' dir='ltr'><strong>fabulam</strong></span> <span class='ocrx_word' id='word_1_67' title='bbox 1478 1154 1573 1194; x_wconf 90' lang='lat' dir='ltr'><strong>re-</strong></span> 
     </span>
    </p>
   </div>
   <div class='ocr_carea' id='block_1_12' title="bbox 22 1237 1577 1313">
    <p class='ocr_par' dir='ltr' id='par_1_12' title="bbox 22 1237 1577 1313">
     <span class='ocr_line' id='line_1_12' title="bbox 22 1237 1577 1313; baseline -0.007 -17"><span class='ocrx_word' id='word_1_68' title='bbox 22 1243 245 1313; x_wconf 70' lang='lat' dir='ltr'><strong>spuisse</strong></span> <span class='ocrx_word' id='word_1_69' title='bbox 295 1240 576 1310; x_wconf 86' lang='lat' dir='ltr'><strong>quispiam</strong></span> <span class='ocrx_word' id='word_1_70' title='bbox 604 1237 925 1297; x_wconf 74' lang='lat' dir='ltr'><strong>existimet.</strong></span> <span class='ocrx_word' id='word_1_71' title='bbox 1005 1241 1198 1290; x_wconf 81' lang='lat' dir='ltr'><strong>caveat</strong></span> <span class='ocrx_word' id='word_1_72' title='bbox 1256 1246 1475 1297; x_wconf 90' lang='lat' dir='ltr'><strong>moneo,</strong></span> <span class='ocrx_word' id='word_1_73' title='bbox 1521 1237 1577 1286; x_wconf 88' lang='lat' dir='ltr'><strong>et</strong></span> 
     </span>
    </p>
   </div>
   <div class='ocr_carea' id='block_1_13' title="bbox 20 1322 1572 1397">
    <p class='ocr_par' dir='ltr' id='par_1_13' title="bbox 20 1322 1572 1397">
     <span class='ocr_line' id='line_1_13' title="bbox 20 1322 1572 1397; baseline -0.01 -6"><span class='ocrx_word' id='word_1_74' title='bbox 20 1334 393 1391; x_wconf 69' lang='lat' dir='ltr'><strong>existimationi</strong></span> <span class='ocrx_word' id='word_1_75' title='bbox 462 1347 579 1385; x_wconf 79' lang='lat' dir='ltr'><strong>suae</strong></span> <span class='ocrx_word' id='word_1_76' title='bbox 611 1329 841 1383; x_wconf 82' lang='lat' dir='ltr'><strong>insidias</strong></span> <span class='ocrx_word' id='word_1_77' title='bbox 894 1327 1075 1397; x_wconf 87' lang='lat' dir='ltr'><strong>parari</strong></span> <span class='ocrx_word' id='word_1_78' title='bbox 1117 1324 1342 1395; x_wconf 82' lang='lat' dir='ltr'><strong>cogitet.</strong></span> <span class='ocrx_word' id='word_1_79' title='bbox 1399 1322 1572 1376; x_wconf 57' lang='lat' dir='ltr'><strong>Alcaei</strong></span> 
     </span>
    </p>
   </div>
   <div class='ocr_carea' id='block_1_14' title="bbox 20 1411 1578 1500">
    <p class='ocr_par' dir='ltr' id='par_1_14' title="bbox 20 1411 1578 1500">
     <span class='ocr_line' id='line_1_14' title="bbox 20 1411 1578 1500; baseline -0.008 -21"><span class='ocrx_word' id='word_1_80' title='bbox 20 1427 221 1500; x_wconf 71' lang='lat' dir='ltr'><strong>quidem</strong></span> <span class='ocrx_word' id='word_1_81' title='bbox 251 1423 520 1480; x_wconf 78' lang='lat' dir='ltr'><strong>eommdia</strong></span> <span class='ocrx_word' id='word_1_82' title='bbox 561 1420 839 1489; x_wconf 84' lang='lat' dir='ltr'><strong>Pasiphae</strong></span> <span class='ocrx_word' id='word_1_83' title='bbox 898 1417 1172 1486; x_wconf 83' lang='lat' dir='ltr'><strong>inscripta</strong></span> <span class='ocrx_word' id='word_1_84' title='bbox 1205 1423 1329 1480; x_wconf 85' lang='lat' dir='ltr'><strong>est,</strong></span> <span class='ocrx_word' id='word_1_85' title='bbox 1379 1421 1437 1468; x_wconf 88' lang='lat' dir='ltr'><strong>ut</strong></span> <span class='ocrx_word' id='word_1_86' title='bbox 1467 1411 1578 1468; x_wconf 89' lang='lat' dir='ltr'><strong>sci-</strong></span> 
     </span>
    </p>
   </div>
   <div class='ocr_carea' id='block_1_15' title="bbox 21 1504 1574 1577">
    <p class='ocr_par' dir='ltr' id='par_1_15' title="bbox 21 1504 1574 1577">
     <span class='ocr_line' id='line_1_15' title="bbox 21 1504 1574 1577; baseline -0.012 -2"><span class='ocrx_word' id='word_1_87' title='bbox 21 1532 129 1575; x_wconf 64' lang='lat' dir='ltr'><strong>mus</strong></span> <span class='ocrx_word' id='word_1_88' title='bbox 146 1530 211 1569; x_wconf 74' lang='lat' dir='ltr'><strong>ex</strong></span> <span class='ocrx_word' id='word_1_89' title='bbox 247 1511 562 1569; x_wconf 81' lang='lat' dir='ltr'><strong>Didascalia</strong></span> <span class='ocrx_word' id='word_1_90' title='bbox 592 1508 741 1563; x_wconf 84' lang='lat' dir='ltr'><strong>Pluti</strong></span> <span class='ocrx_word' id='word_1_91' title='bbox 790 1506 1196 1577; x_wconf 81' lang='lat' dir='ltr'><strong>Aristophanis</strong></span> <span class='ocrx_word' id='word_1_92' title='bbox 1237 1523 1250 1559; x_wconf 94' lang='lat'><strong>:</strong></span> <span class='ocrx_word' id='word_1_93' title='bbox 1292 1504 1574 1574; x_wconf 80' lang='grc' dir='ltr'><strong>Ἐδιδάχθη</strong></span> 
     </span>
    </p>
   </div>
   <div class='ocr_carea' id='block_1_16' title="bbox 24 1594 1577 1679">
    <p class='ocr_par' dir='ltr' id='par_1_16' title="bbox 24 1594 1577 1679">
     <span class='ocr_line' id='line_1_16' title="bbox 24 1594 1577 1679; baseline -0.008 -18"><span class='ocrx_word' id='word_1_94' title='bbox 24 1609 373 1679; x_wconf 58' lang='lat' dir='ltr'><strong>mappa-ro;</strong></span> <span class='ocrx_word' id='word_1_95' title='bbox 415 1601 813 1672; x_wconf 70' lang='grc' dir='ltr'>Ἀντιπάτρου,</span> <span class='ocrx_word' id='word_1_96' title='bbox 870 1596 1378 1667; x_wconf 69' lang='grc' dir='ltr'><strong>ἀνταγωνιζομένου</strong></span> <span class='ocrx_word' id='word_1_97' title='bbox 1426 1594 1577 1666; x_wconf 80' lang='grc' dir='ltr'><strong>αὑτῷ</strong></span> 
     </span>
    </p>
   </div>
   <div class='ocr_carea' id='block_1_17' title="bbox 25 1688 1571 1770">
    <p class='ocr_par' dir='ltr' id='par_1_17' title="bbox 25 1688 1571 1770">
     <span class='ocr_line' id='line_1_17' title="bbox 25 1688 1571 1770; baseline -0.009 -17"><span class='ocrx_word' id='word_1_98' title='bbox 25 1700 341 1770; x_wconf 68' lang='grc' dir='ltr'>ῒὶιιωιὰρους</span> <span class='ocrx_word' id='word_1_99' title='bbox 360 1697 460 1767; x_wconf 85' lang='grc' dir='ltr'>μὲν</span> <span class='ocrx_word' id='word_1_100' title='bbox 472 1695 752 1752; x_wconf 75' lang='grc' dir='ltr'>Λάκωσιν,</span> <span class='ocrx_word' id='word_1_101' title='bbox 790 1690 1213 1761; x_wconf 82' lang='grc' dir='ltr'><strong>Ἀριστομένους</strong></span> <span class='ocrx_word' id='word_1_102' title='bbox 1228 1689 1286 1743; x_wconf 78' lang='grc' dir='ltr'>δὲ</span> <span class='ocrx_word' id='word_1_103' title='bbox 1303 1688 1571 1760; x_wconf 81' lang='grc' dir='ltr'><strong>Ἀδμήτῳ,</strong></span> 
     </span>
    </p>
   </div>
   <div class='ocr_carea' id='block_1_18' title="bbox 41 1780 1570 1859">
    <p class='ocr_par' dir='ltr' id='par_1_18' title="bbox 41 1780 1570 1859">
     <span class='ocr_line' id='line_1_18' title="bbox 41 1780 1570 1859; baseline -0.004 -20"><span class='ocrx_word' id='word_1_104' title='bbox 41 1791 346 1859; x_wconf 46' lang='lat' dir='ltr'><strong>sum</strong></span> <span class='ocrx_word' id='word_1_105' title='bbox 394 1788 453 1842; x_wconf 67' lang='grc' dir='ltr'>δὲ</span> <span class='ocrx_word' id='word_1_106' title='bbox 511 1785 775 1842; x_wconf 82' lang='grc' dir='ltr'>’Λδὼνιδι.</span> <span class='ocrx_word' id='word_1_107' title='bbox 857 1782 1107 1837; x_wconf 80' lang='grc' dir='ltr'><strong>Ἀλκαίου</strong></span> <span class='ocrx_word' id='word_1_108' title='bbox 1168 1781 1229 1835; x_wconf 83' lang='grc' dir='ltr'>δὲ</span> <span class='ocrx_word' id='word_1_109' title='bbox 1297 1780 1570 1852; x_wconf 80' lang='grc' dir='ltr'><strong>Πασιφάῃ.</strong></span> 
     </span>
    </p>
   </div>
   <div class='ocr_carea' id='block_1_19' title="bbox 60 1848 1708 1951">
    <p class='ocr_par' dir='ltr' id='par_1_19' title="bbox 60 1848 1708 1951">
     <span class='ocr_line' id='line_1_19' title="bbox 60 1848 1708 1951; baseline -0.01 -15"><span class='ocrx_word' id='word_1_110' title='bbox 60 1848 413 1951; x_wconf 64' lang='lat' dir='ltr'><strong>SedEIripidis</strong></span> <span class='ocrx_word' id='word_1_111' title='bbox 444 1875 759 1945; x_wconf 82' lang='lat' dir='ltr'><strong>Pasiphaen</strong></span> <span class='ocrx_word' id='word_1_112' title='bbox 832 1885 1109 1940; x_wconf 89' lang='lat' dir='ltr'><strong>nusquam</strong></span> <span class='ocrx_word' id='word_1_113' title='bbox 1148 1869 1407 1939; x_wconf 84' lang='lat' dir='ltr'><strong>cuiquam</strong></span> <span class='ocrx_word' id='word_1_114' title='bbox 1452 1848 1577 1924; x_wconf 78' lang='lat' dir='ltr'><strong>latt-</strong></span> <span class='ocrx_word' id='word_1_115' title='bbox 1608 1850 1651 1906; x_wconf 75' lang='grc' dir='ltr'><strong>Β</strong></span> <span class='ocrx_word' id='word_1_116' title='bbox 1704 1848 1708 1852; x_wconf 19' lang='grc' dir='ltr'>θ</span> 
     </span>
    </p>
   </div>
   <div class='ocr_carea' id='block_1_20' title="bbox 62 1961 1577 2039">
    <p class='ocr_par' dir='ltr' id='par_1_20' title="bbox 62 1961 1577 2039">
     <span class='ocr_line' id='line_1_20' title="bbox 62 1961 1577 2039; baseline -0.009 -13"><span class='ocrx_word' id='word_1_117' title='bbox 62 1974 146 2026; x_wconf 79' lang='lat' dir='ltr'><strong>dari</strong></span> <span class='ocrx_word' id='word_1_118' title='bbox 166 1971 411 2039; x_wconf 83' lang='lat' dir='ltr'><strong>reperies.</strong></span> <span class='ocrx_word' id='word_1_119' title='bbox 442 1967 587 2033; x_wconf 86' lang='lat' dir='ltr'><strong>Quid</strong></span> <span class='ocrx_word' id='word_1_120' title='bbox 635 1966 803 2035; x_wconf 78' lang='lat' dir='ltr'><strong>igitur</strong></span> <span class='ocrx_word' id='word_1_121' title='bbox 853 1963 992 2019; x_wconf 80' lang='lat' dir='ltr'><strong>ﬁet?</strong></span> <span class='ocrx_word' id='word_1_122' title='bbox 1023 1962 1164 2017; x_wconf 87' lang='lat' dir='ltr'><strong>Num</strong></span> <span class='ocrx_word' id='word_1_123' title='bbox 1201 1977 1327 2016; x_wconf 91' lang='lat' dir='ltr'><strong>nam</strong></span> <span class='ocrx_word' id='word_1_124' title='bbox 1377 1961 1577 2015; x_wconf 84' lang='lat' dir='ltr'><strong>Antio-</strong></span> 
     </span>
    </p>
   </div>
   <div class='ocr_carea' id='block_1_21' title="bbox 61 2051 1580 2124">
    <p class='ocr_par' dir='ltr' id='par_1_21' title="bbox 61 2051 1580 2124">
     <span class='ocr_line' id='line_1_21' title="bbox 61 2051 1580 2124; baseline -0.009 -5"><span class='ocrx_word' id='word_1_125' title='bbox 61 2063 253 2124; x_wconf 73' lang='lat' dir='ltr'><strong>chensis,</strong></span> <span class='ocrx_word' id='word_1_126' title='bbox 284 2075 409 2113; x_wconf 86' lang='lat' dir='ltr'><strong>cum</strong></span> <span class='ocrx_word' id='word_1_127' title='bbox 440 2058 558 2112; x_wconf 66' lang='lat' dir='ltr'><strong>haec</strong></span> <span class='ocrx_word' id='word_1_128' title='bbox 610 2056 904 2120; x_wconf 85' lang='lat' dir='ltr'><strong>scriberet,</strong></span> <span class='ocrx_word' id='word_1_129' title='bbox 955 2053 1278 2107; x_wconf 88' lang='lat' dir='ltr'><strong>memoriola</strong></span> <span class='ocrx_word' id='word_1_130' title='bbox 1302 2051 1580 2106; x_wconf 82' lang='lat' dir='ltr'><strong>vacillavit</strong></span> 
     </span>
    </p>
   </div>
   <div class='ocr_carea' id='block_1_22' title="bbox 60 2139 1583 2223">
    <p class='ocr_par' dir='ltr' id='par_1_22' title="bbox 60 2139 1583 2223">
     <span class='ocr_line' id='line_1_22' title="bbox 60 2139 1583 2223; baseline -0.007 -19"><span class='ocrx_word' id='word_1_131' title='bbox 60 2151 351 2223; x_wconf 70' lang='grc' dir='ltr'>γεροντικῶς,</span> <span class='ocrx_word' id='word_1_132' title='bbox 370 2165 440 2204; x_wconf 88' lang='lat' dir='ltr'><strong>an</strong></span> <span class='ocrx_word' id='word_1_133' title='bbox 467 2145 760 2203; x_wconf 87' lang='lat' dir='ltr'><strong>mendacio</strong></span> <span class='ocrx_word' id='word_1_134' title='bbox 778 2152 1009 2200; x_wconf 86' lang='lat' dir='ltr'><strong>conatus</strong></span> <span class='ocrx_word' id='word_1_135' title='bbox 1026 2149 1111 2199; x_wconf 86' lang='lat' dir='ltr'><strong>est</strong></span> <span class='ocrx_word' id='word_1_136' title='bbox 1130 2141 1341 2198; x_wconf 81' lang='lat' dir='ltr'><strong>fallere?</strong></span> <span class='ocrx_word' id='word_1_137' title='bbox 1357 2139 1583 2196; x_wconf 83' lang='lat' dir='ltr'><strong>Utrum-</strong></span> 
     </span>
    </p>
   </div>
   <div class='ocr_carea' id='block_1_23' title="bbox 64 2232 1576 2305">
    <p class='ocr_par' dir='ltr' id='par_1_23' title="bbox 64 2232 1576 2305">
     <span class='ocr_line' id='line_1_23' title="bbox 64 2232 1576 2305; baseline -0.006 -8"><span class='ocrx_word' id='word_1_138' title='bbox 64 2244 173 2297; x_wconf 82' lang='lat' dir='ltr'><strong>libet</strong></span> <span class='ocrx_word' id='word_1_139' title='bbox 216 2256 329 2296; x_wconf 81' lang='lat' dir='ltr'><strong>sane</strong></span> <span class='ocrx_word' id='word_1_140' title='bbox 383 2240 610 2305; x_wconf 82' lang='lat' dir='ltr'><strong>fecerit,</strong></span> <span class='ocrx_word' id='word_1_141' title='bbox 677 2235 827 2293; x_wconf 87' lang='lat' dir='ltr'><strong>haud</strong></span> <span class='ocrx_word' id='word_1_142' title='bbox 890 2234 1192 2290; x_wconf 89' lang='lat' dir='ltr'><strong>arbitrario</strong></span> <span class='ocrx_word' id='word_1_143' title='bbox 1249 2232 1576 2304; x_wconf 87' lang='lat' dir='ltr'><strong>vapulabit:</strong></span> 
     </span>
    </p>
   </div>
   <div class='ocr_carea' id='block_1_24' title="bbox 70 2323 1579 2401">
    <p class='ocr_par' dir='ltr' id='par_1_24' title="bbox 70 2323 1579 2401">
     <span class='ocr_line' id='line_1_24' title="bbox 70 2323 1579 2401; baseline -0.005 -17"><span class='ocrx_word' id='word_1_144' title='bbox 70 2341 204 2401; x_wconf 77' lang='lat' dir='ltr'><strong>atque</strong></span> <span class='ocrx_word' id='word_1_145' title='bbox 226 2331 342 2385; x_wconf 77' lang='lat' dir='ltr'><strong>adeo</strong></span> <span class='ocrx_word' id='word_1_146' title='bbox 380 2330 595 2385; x_wconf 90' lang='lat' dir='ltr'><strong>dudum</strong></span> <span class='ocrx_word' id='word_1_147' title='bbox 644 2335 753 2394; x_wconf 90' lang='lat' dir='ltr'><strong>est,</strong></span> <span class='ocrx_word' id='word_1_148' title='bbox 801 2326 952 2397; x_wconf 89' lang='lat' dir='ltr'><strong>quod</strong></span> <span class='ocrx_word' id='word_1_149' title='bbox 992 2324 1397 2382; x_wconf 86' lang='lat' dir='ltr'><strong>homunculum</strong></span> <span class='ocrx_word' id='word_1_150' title='bbox 1417 2323 1579 2379; x_wconf 81' lang='lat' dir='ltr'><strong>video</strong></span> 
     </span>
    </p>
   </div>
   <div class='ocr_carea' id='block_1_25' title="bbox 70 2412 1578 2492">
    <p class='ocr_par' dir='ltr' id='par_1_25' title="bbox 70 2412 1578 2492">
     <span class='ocr_line' id='line_1_25' title="bbox 70 2412 1578 2492; baseline -0.003 -18"><span class='ocrx_word' id='word_1_151' title='bbox 70 2421 210 2490; x_wconf 73' lang='grc' dir='ltr'>σκύτη</span> <span class='ocrx_word' id='word_1_152' title='bbox 234 2421 444 2492; x_wconf 76' lang='grc' dir='ltr'>βλέπειν.</span> <span class='ocrx_word' id='word_1_153' title='bbox 481 2419 688 2475; x_wconf 87' lang='lat' dir='ltr'><strong>Verum</strong></span> <span class='ocrx_word' id='word_1_154' title='bbox 715 2419 903 2474; x_wconf 84' lang='lat' dir='ltr'><strong>hercle</strong></span> <span class='ocrx_word' id='word_1_155' title='bbox 936 2431 1258 2488; x_wconf 83' lang='lat' dir='ltr'><strong>quanquam</strong></span> <span class='ocrx_word' id='word_1_156' title='bbox 1282 2412 1578 2470; x_wconf 84' lang='lat' dir='ltr'><strong>admodum</strong></span> 
     </span>
    </p>
   </div>
   <div class='ocr_carea' id='block_1_26' title="bbox 59 2509 1578 2583">
    <p class='ocr_par' dir='ltr' id='par_1_26' title="bbox 59 2509 1578 2583">
     <span class='ocr_line' id='line_1_26' title="bbox 59 2509 1578 2583; baseline -0.005 -17"><span class='ocrx_word' id='word_1_157' title='bbox 59 2528 233 2583; x_wconf 78' lang='lat' dir='ltr'><strong>nupera</strong></span> <span class='ocrx_word' id='word_1_158' title='bbox 252 2523 326 2568; x_wconf 84' lang='lat' dir='ltr'><strong>est</strong></span> <span class='ocrx_word' id='word_1_159' title='bbox 354 2513 500 2567; x_wconf 91' lang='lat' dir='ltr'><strong>inter</strong></span> <span class='ocrx_word' id='word_1_160' title='bbox 524 2525 633 2566; x_wconf 85' lang='lat' dir='ltr'><strong>nos</strong></span> <span class='ocrx_word' id='word_1_161' title='bbox 676 2509 874 2564; x_wconf 87' lang='lat' dir='ltr'><strong>notitia</strong></span> <span class='ocrx_word' id='word_1_162' title='bbox 900 2525 917 2575; x_wconf 91' lang='lat'><strong>;</strong></span> <span class='ocrx_word' id='word_1_163' title='bbox 949 2523 1038 2563; x_wconf 90' lang='lat' dir='ltr'><strong>me</strong></span> <span class='ocrx_word' id='word_1_164' title='bbox 1088 2516 1269 2562; x_wconf 87' lang='lat' dir='ltr'><strong>tamen</strong></span> <span class='ocrx_word' id='word_1_165' title='bbox 1300 2513 1355 2562; x_wconf 85' lang='lat' dir='ltr'><strong>et</strong></span> <span class='ocrx_word' id='word_1_166' title='bbox 1386 2519 1578 2575; x_wconf 88' lang='lat' dir='ltr'><strong>preca-</strong></span> 
     </span>
    </p>
   </div>
   <div class='ocr_carea' id='block_1_27' title="bbox 49 2599 1580 2668">
    <p class='ocr_par' dir='ltr' id='par_1_27' title="bbox 49 2599 1580 2668">
     <span class='ocr_line' id='line_1_27' title="bbox 49 2599 1580 2668; baseline -0.006 -10"><span class='ocrx_word' id='word_1_167' title='bbox 49 2614 194 2658; x_wconf 81' lang='lat' dir='ltr'><strong>torem</strong></span> <span class='ocrx_word' id='word_1_168' title='bbox 229 2603 443 2657; x_wconf 82' lang='lat' dir='ltr'><strong>habebit</strong></span> <span class='ocrx_word' id='word_1_169' title='bbox 499 2609 556 2657; x_wconf 91' lang='lat' dir='ltr'><strong>et</strong></span> <span class='ocrx_word' id='word_1_170' title='bbox 617 2599 967 2655; x_wconf 83' lang='lat' dir='ltr'><strong>defensorem</strong></span> <span class='ocrx_word' id='word_1_171' title='bbox 1008 2603 1308 2668; x_wconf 88' lang='lat' dir='ltr'><strong>paratum:</strong></span> <span class='ocrx_word' id='word_1_172' title='bbox 1348 2611 1472 2650; x_wconf 90' lang='lat' dir='ltr'><strong>cum</strong></span> <span class='ocrx_word' id='word_1_173' title='bbox 1524 2602 1580 2649; x_wconf 85' lang='lat' dir='ltr'><strong>et</strong></span> 
     </span>
    </p>
   </div>
   <div class='ocr_carea' id='block_1_28' title="bbox 44 2689 1579 2761">
    <p class='ocr_par' dir='ltr' id='par_1_28' title="bbox 44 2689 1579 2761">
     <span class='ocr_line' id='line_1_28' title="bbox 44 2689 1579 2761; baseline -0.003 -14"><span class='ocrx_word' id='word_1_174' title='bbox 44 2695 159 2747; x_wconf 80' lang='lat' dir='ltr'><strong>alias</strong></span> <span class='ocrx_word' id='word_1_175' title='bbox 180 2695 373 2750; x_wconf 79' lang='lat' dir='ltr'><strong>soleam</strong></span> <span class='ocrx_word' id='word_1_176' title='bbox 420 2708 546 2749; x_wconf 89' lang='lat' dir='ltr'><strong>esse</strong></span> <span class='ocrx_word' id='word_1_177' title='bbox 582 2693 642 2746; x_wconf 91' lang='lat' dir='ltr'><strong>in</strong></span> <span class='ocrx_word' id='word_1_178' title='bbox 695 2690 959 2746; x_wconf 84' lang='lat' dir='ltr'><strong>amicitiis</strong></span> <span class='ocrx_word' id='word_1_179' title='bbox 1004 2689 1205 2746; x_wconf 73' lang='lat' dir='ltr'><strong>fidelis.</strong></span> <span class='ocrx_word' id='word_1_180' title='bbox 1250 2689 1386 2744; x_wconf 80' lang='lat' dir='ltr'><strong>Ilico</strong></span> <span class='ocrx_word' id='word_1_181' title='bbox 1412 2690 1579 2761; x_wconf 73' lang='lat' dir='ltr'><strong>igitur</strong></span> 
     </span>
    </p>
   </div>
   <div class='ocr_carea' id='block_1_29' title="bbox 41 2780 1581 2856">
    <p class='ocr_par' dir='ltr' id='par_1_29' title="bbox 41 2780 1581 2856">
     <span class='ocr_line' id='line_1_29' title="bbox 41 2780 1581 2856; baseline -0.005 -14"><span class='ocrx_word' id='word_1_182' title='bbox 41 2786 319 2856; x_wconf 72' lang='lat' dir='ltr'><strong>Euripidem</strong></span> <span class='ocrx_word' id='word_1_183' title='bbox 343 2784 669 2856; x_wconf 73' lang='lat' dir='ltr'><strong>tragtediam</strong></span> <span class='ocrx_word' id='word_1_184' title='bbox 701 2783 925 2854; x_wconf 87' lang='lat' dir='ltr'><strong>quidem</strong></span> <span class='ocrx_word' id='word_1_185' title='bbox 983 2782 1050 2837; x_wconf 91' lang='lat' dir='ltr'><strong>de</strong></span> <span class='ocrx_word' id='word_1_186' title='bbox 1079 2780 1351 2851; x_wconf 87' lang='lat' dir='ltr'><strong>Pasiphae</strong></span> <span class='ocrx_word' id='word_1_187' title='bbox 1399 2781 1581 2852; x_wconf 89' lang='lat' dir='ltr'><strong>publi-</strong></span> 
     </span>
    </p>
   </div>
   <div class='ocr_carea' id='block_1_30' title="bbox 38 2872 1579 2942">
    <p class='ocr_par' dir='ltr' id='par_1_30' title="bbox 38 2872 1579 2942">
     <span class='ocr_line' id='line_1_30' title="bbox 38 2872 1579 2942; baseline -0.002 -11"><span class='ocrx_word' id='word_1_188' title='bbox 38 2894 189 2939; x_wconf 80' lang='lat' dir='ltr'><strong>casse,</strong></span> <span class='ocrx_word' id='word_1_189' title='bbox 218 2878 447 2931; x_wconf 88' lang='lat' dir='ltr'><strong>minime</strong></span> <span class='ocrx_word' id='word_1_190' title='bbox 468 2885 653 2930; x_wconf 89' lang='lat' dir='ltr'><strong>tamen</strong></span> <span class='ocrx_word' id='word_1_191' title='bbox 691 2873 1000 2942; x_wconf 80' lang='lat' dir='ltr'><strong>Pasiphaen</strong></span> <span class='ocrx_word' id='word_1_192' title='bbox 1073 2873 1454 2942; x_wconf 88' lang='lat' dir='ltr'><strong>inscripsisse,</strong></span> <span class='ocrx_word' id='word_1_193' title='bbox 1481 2872 1579 2928; x_wconf 85' lang='lat' dir='ltr'><strong>sed</strong></span> 
     </span>
    </p>
   </div>
   <div class='ocr_carea' id='block_1_31' title="bbox 37 2964 1582 3034">
    <p class='ocr_par' dir='ltr' id='par_1_31' title="bbox 37 2964 1582 3034">
     <span class='ocr_line' id='line_1_31' title="bbox 37 2964 1582 3034; baseline -0.003 -12"><span class='ocrx_word' id='word_1_194' title='bbox 37 2969 301 3024; x_wconf 72' lang='lat' dir='ltr'><strong>Cretenses.</strong></span> <span class='ocrx_word' id='word_1_195' title='bbox 336 2968 451 3024; x_wconf 81' lang='lat' dir='ltr'><strong>Nec</strong></span> <span class='ocrx_word' id='word_1_196' title='bbox 517 2976 574 3020; x_wconf 91' lang='lat' dir='ltr'><strong>tu</strong></span> <span class='ocrx_word' id='word_1_197' title='bbox 628 2965 763 3019; x_wconf 86' lang='lat' dir='ltr'><strong>mihi</strong></span> <span class='ocrx_word' id='word_1_198' title='bbox 825 2965 895 3020; x_wconf 90' lang='lat' dir='ltr'><strong>de</strong></span> <span class='ocrx_word' id='word_1_199' title='bbox 932 2964 1217 3034; x_wconf 82' lang='grc' dir='ltr'>Κρήσσαις</span> <span class='ocrx_word' id='word_1_200' title='bbox 1250 2964 1353 3018; x_wconf 92' lang='lat' dir='ltr'><strong>hoc</strong></span> <span class='ocrx_word' id='word_1_201' title='bbox 1389 2979 1582 3032; x_wconf 81' lang='lat' dir='ltr'><strong>perpe-</strong></span> 
     </span>
    </p>
   </div>
   <div class='ocr_carea' id='block_1_32' title="bbox 35 3054 1581 3129">
    <p class='ocr_par' dir='ltr' id='par_1_32' title="bbox 35 3054 1581 3129">
     <span class='ocr_line' id='line_1_32' title="bbox 35 3054 1581 3129; baseline -0.001 -18"><span class='ocrx_word' id='word_1_202' title='bbox 35 3075 126 3112; x_wconf 86' lang='lat' dir='ltr'><strong>ram</strong></span> <span class='ocrx_word' id='word_1_203' title='bbox 154 3060 441 3129; x_wconf 73' lang='lat' dir='ltr'><strong>intelligas,</strong></span> <span class='ocrx_word' id='word_1_204' title='bbox 472 3073 598 3128; x_wconf 76' lang='lat' dir='ltr'><strong>qua:</strong></span> <span class='ocrx_word' id='word_1_205' title='bbox 625 3071 690 3112; x_wconf 80' lang='lat' dir='ltr'><strong>ex</strong></span> <span class='ocrx_word' id='word_1_206' title='bbox 725 3056 1006 3117; x_wconf 70' lang='lat' dir='ltr'><strong>Athenaeo,</strong></span> <span class='ocrx_word' id='word_1_207' title='bbox 1027 3054 1242 3109; x_wconf 70' lang='lat' dir='ltr'><strong>Stobceo</strong></span> <span class='ocrx_word' id='word_1_208' title='bbox 1270 3064 1323 3109; x_wconf 91' lang='lat' dir='ltr'><strong>et</strong></span> <span class='ocrx_word' id='word_1_209' title='bbox 1365 3055 1581 3110; x_wconf 86' lang='lat' dir='ltr'><strong>aliunde</strong></span> 
     </span>
    </p>
   </div>
   <div class='ocr_carea' id='block_1_33' title="bbox 34 3142 1582 3213">
    <p class='ocr_par' dir='ltr' id='par_1_33' title="bbox 34 3142 1582 3213">
     <span class='ocr_line' id='line_1_33' title="bbox 34 3142 1582 3213; baseline -0.003 -11"><span class='ocrx_word' id='word_1_210' title='bbox 34 3152 143 3203; x_wconf 77' lang='lat' dir='ltr'><strong>satis</strong></span> <span class='ocrx_word' id='word_1_211' title='bbox 197 3151 249 3203; x_wconf 90' lang='lat' dir='ltr'><strong>in</strong></span> <span class='ocrx_word' id='word_1_212' title='bbox 306 3148 557 3203; x_wconf 83' lang='lat' dir='ltr'><strong>notitiam</strong></span> <span class='ocrx_word' id='word_1_213' title='bbox 588 3154 860 3200; x_wconf 80' lang='lat' dir='ltr'><strong>venerunt</strong></span> <span class='ocrx_word' id='word_1_214' title='bbox 889 3161 904 3198; x_wconf 88' lang='lat'><strong>:</strong></span> <span class='ocrx_word' id='word_1_215' title='bbox 940 3142 1037 3199; x_wconf 88' lang='lat' dir='ltr'><strong>sed</strong></span> <span class='ocrx_word' id='word_1_216' title='bbox 1074 3146 1143 3198; x_wconf 90' lang='lat' dir='ltr'><strong>de</strong></span> <span class='ocrx_word' id='word_1_217' title='bbox 1190 3142 1392 3213; x_wconf 88' lang='lat' dir='ltr'><strong>quibus</strong></span> <span class='ocrx_word' id='word_1_218' title='bbox 1423 3143 1582 3198; x_wconf 88' lang='lat' dir='ltr'><strong>hodie</strong></span> 
     </span>
    </p>
   </div>
   <div class='ocr_carea' id='block_1_34' title="bbox 33 3232 1581 3310">
    <p class='ocr_par' dir='ltr' id='par_1_34' title="bbox 33 3232 1581 3310">
     <span class='ocr_line' id='line_1_34' title="bbox 33 3232 1581 3310; baseline -0.004 -17"><span class='ocrx_word' id='word_1_219' title='bbox 33 3239 236 3295; x_wconf 71' lang='lat' dir='ltr'><strong>fortasse</strong></span> <span class='ocrx_word' id='word_1_220' title='bbox 263 3241 500 3310; x_wconf 86' lang='lat' dir='ltr'><strong>primum</strong></span> <span class='ocrx_word' id='word_1_221' title='bbox 527 3235 861 3301; x_wconf 84' lang='lat' dir='ltr'><strong>inaudivisti,</strong></span> <span class='ocrx_word' id='word_1_222' title='bbox 897 3232 1111 3305; x_wconf 85' lang='grc' dir='ltr'>Κρησί·</span> <span class='ocrx_word' id='word_1_223' title='bbox 1143 3233 1581 3303; x_wconf 85' lang='lat' dir='ltr'><strong>quandoquidem</strong></span> 
     </span>
    </p>
   </div>
   <div class='ocr_carea' id='block_1_35' title="bbox 28 3325 1588 3397">
    <p class='ocr_par' dir='ltr' id='par_1_35' title="bbox 28 3325 1588 3397">
     <span class='ocr_line' id='line_1_35' title="bbox 28 3325 1588 3397; baseline -0.004 -13"><span class='ocrx_word' id='word_1_224' title='bbox 28 3341 70 3383; x_wconf 85' lang='lat' dir='ltr'><strong>et</strong></span> <span class='ocrx_word' id='word_1_225' title='bbox 117 3329 336 3387; x_wconf 78' lang='lat' dir='ltr'><strong>Joannis</strong></span> <span class='ocrx_word' id='word_1_226' title='bbox 390 3328 640 3391; x_wconf 80' lang='lat' dir='ltr'><strong>Meursii,</strong></span> <span class='ocrx_word' id='word_1_227' title='bbox 672 3328 767 3397; x_wconf 91' lang='lat' dir='ltr'><strong>qui</strong></span> <span class='ocrx_word' id='word_1_228' title='bbox 809 3325 879 3393; x_wconf 88' lang='lat' dir='ltr'><strong>de</strong></span> <span class='ocrx_word' id='word_1_229' title='bbox 922 3325 1086 3380; x_wconf 89' lang='lat' dir='ltr'><strong>trium</strong></span> <span class='ocrx_word' id='word_1_230' title='bbox 1141 3326 1473 3396; x_wconf 73' lang='lat' dir='ltr'><strong>tragicorum</strong></span> <span class='ocrx_word' id='word_1_231' title='bbox 1507 3325 1588 3379; x_wconf 84' lang='lat' dir='ltr'><strong>fa—</strong></span> 
     </span>
    </p>
   </div>
   <div class='ocr_carea' id='block_1_36' title="bbox 28 3415 1584 3487">
    <p class='ocr_par' dir='ltr' id='par_1_36' title="bbox 28 3415 1584 3487">
     <span class='ocr_line' id='line_1_36' title="bbox 28 3415 1584 3487; baseline -0.006 -11"><span class='ocrx_word' id='word_1_232' title='bbox 28 3420 147 3476; x_wconf 69' lang='lat' dir='ltr'><strong>balis</strong></span> <span class='ocrx_word' id='word_1_233' title='bbox 196 3429 456 3476; x_wconf 85' lang='lat' dir='ltr'><strong>accurate</strong></span> <span class='ocrx_word' id='word_1_234' title='bbox 516 3419 872 3487; x_wconf 84' lang='lat' dir='ltr'><strong>studioseque</strong></span> <span class='ocrx_word' id='word_1_235' title='bbox 927 3416 1188 3485; x_wconf 84' lang='lat' dir='ltr'><strong>scripsit,</strong></span> <span class='ocrx_word' id='word_1_236' title='bbox 1253 3415 1584 3486; x_wconf 77' lang='lat' dir='ltr'><strong>diligentiam</strong></span> 
     </span>
    </p>
   </div>
   <div class='ocr_carea' id='block_1_37' title="bbox 27 3506 1583 3581">
    <p class='ocr_par' dir='ltr' id='par_1_37' title="bbox 27 3506 1583 3581">
     <span class='ocr_line' id='line_1_37' title="bbox 27 3506 1583 3581; baseline -0.005 -14"><span class='ocrx_word' id='word_1_237' title='bbox 27 3511 323 3581; x_wconf 66' lang='lat' dir='ltr'><strong>eﬁugerunt.</strong></span> <span class='ocrx_word' id='word_1_238' title='bbox 354 3510 415 3566; x_wconf 85' lang='lat' dir='ltr'><strong>In</strong></span> <span class='ocrx_word' id='word_1_239' title='bbox 469 3508 855 3579; x_wconf 75' lang='lat' dir='ltr'><strong>Aristophanis</strong></span> <span class='ocrx_word' id='word_1_240' title='bbox 908 3506 1080 3563; x_wconf 84' lang='lat' dir='ltr'><strong>Ranis</strong></span> <span class='ocrx_word' id='word_1_241' title='bbox 1109 3507 1194 3562; x_wconf 91' lang='lat' dir='ltr'><strong>his</strong></span> <span class='ocrx_word' id='word_1_242' title='bbox 1220 3507 1402 3561; x_wconf 88' lang='lat' dir='ltr'><strong>verbis</strong></span> <span class='ocrx_word' id='word_1_243' title='bbox 1424 3520 1583 3560; x_wconf 93' lang='lat' dir='ltr'><strong>com-</strong></span> 
     </span>
    </p>
   </div>
   <div class='ocr_carea' id='block_1_38' title="bbox 29 3601 871 3677">
    <p class='ocr_par' dir='ltr' id='par_1_38' title="bbox 29 3601 871 3677">
     <span class='ocr_line' id='line_1_38' title="bbox 29 3601 871 3677; baseline -0.004 -20"><span class='ocrx_word' id='word_1_244' title='bbox 29 3608 169 3674; x_wconf 82' lang='lat' dir='ltr'><strong>pellat</strong></span> <span class='ocrx_word' id='word_1_245' title='bbox 196 3604 519 3677; x_wconf 84' lang='lat' dir='ltr'><strong>Euripidem</strong></span> <span class='ocrx_word' id='word_1_246' title='bbox 539 3601 836 3673; x_wconf 67' lang='lat' dir='ltr'><strong>Aﬁschylus</strong></span> <span class='ocrx_word' id='word_1_247' title='bbox 856 3615 871 3653; x_wconf 89' lang='lat'><strong>:</strong></span> 
     </span>
    </p>
   </div>
   <div class='ocr_carea' id='block_1_39' title="bbox 108 3709 1346 3787">
    <p class='ocr_par' dir='ltr' id='par_1_39' title="bbox 108 3709 1346 3787">
     <span class='ocr_line' id='line_1_39' title="bbox 108 3709 1346 3787; baseline 0.005 -16"><span class='ocrx_word' id='word_1_248' title='bbox 108 3712 169 3771; x_wconf 75' lang='grc' dir='ltr'><strong><em>Ὠ</em></strong></span> <span class='ocrx_word' id='word_1_249' title='bbox 199 3719 509 3787; x_wconf 67' lang='grc' dir='ltr'>Κρητικὰς</span> <span class='ocrx_word' id='word_1_250' title='bbox 521 3716 639 3787; x_wconf 83' lang='grc' dir='ltr'>μὲν</span> <span class='ocrx_word' id='word_1_251' title='bbox 667 3712 989 3787; x_wconf 72' lang='grc' dir='ltr'>συλλέγων</span> <span class='ocrx_word' id='word_1_252' title='bbox 1007 3709 1309 3787; x_wconf 65' lang='grc' dir='ltr'>μονῳδίας</span> <span class='ocrx_word' id='word_1_253' title='bbox 1330 3751 1346 3776; x_wconf 74' lang='grc'><strong>9</strong></span> 
     </span>
    </p>
   </div>
   <div class='ocr_carea' id='block_1_40' title="bbox 106 3779 1585 3856">
    <p class='ocr_par' dir='ltr' id='par_1_40' title="bbox 106 3779 1585 3856">
     <span class='ocr_line' id='line_1_40' title="bbox 106 3779 1585 3856; baseline -0.005 -16"><span class='ocrx_word' id='word_1_254' title='bbox 106 3779 352 3856; x_wconf 64' lang='grc' dir='ltr'>Γάμόυξ·</span> <span class='ocrx_word' id='word_1_255' title='bbox 381 3786 436 3839; x_wconf 81' lang='grc' dir='ltr'>δ’</span> <span class='ocrx_word' id='word_1_256' title='bbox 456 3779 749 3844; x_wconf 70' lang='grc' dir='ltr'>ἀνοσίους</span> <span class='ocrx_word' id='word_1_257' title='bbox 779 3779 1080 3853; x_wconf 52' lang='grc' dir='ltr'>εἰσφέρων</span> <span class='ocrx_word' id='word_1_258' title='bbox 1103 3779 1191 3849; x_wconf 78' lang='grc' dir='ltr'><strong>είς</strong></span> <span class='ocrx_word' id='word_1_259' title='bbox 1213 3783 1329 3849; x_wconf 82' lang='grc' dir='ltr'><strong>τὴν</strong></span> <span class='ocrx_word' id='word_1_260' title='bbox 1344 3779 1585 3848; x_wconf 83' lang='grc' dir='ltr'>τέχνην.</span> 
     </span>
    </p>
   </div>
   <div class='ocr_carea' id='block_1_41' title="bbox 28 3872 1590 3942">
    <p class='ocr_par' dir='ltr' id='par_1_41' title="bbox 28 3872 1590 3942">
     <span class='ocr_line' id='line_1_41' title="bbox 28 3872 1590 3942; baseline -0.004 -12"><span class='ocrx_word' id='word_1_261' title='bbox 28 3876 199 3942; x_wconf 80' lang='lat' dir='ltr'><strong>Quoin</strong></span> <span class='ocrx_word' id='word_1_262' title='bbox 248 3881 383 3934; x_wconf 89' lang='lat' dir='ltr'><strong>loco</strong></span> <span class='ocrx_word' id='word_1_263' title='bbox 430 3879 549 3933; x_wconf 58' lang='lat' dir='ltr'><strong>haec</strong></span> <span class='ocrx_word' id='word_1_264' title='bbox 630 3875 863 3931; x_wconf 88' lang='lat' dir='ltr'><strong>adnotat</strong></span> <span class='ocrx_word' id='word_1_265' title='bbox 917 3874 1296 3931; x_wconf 87' lang='lat' dir='ltr'><strong>scholiastes:</strong></span> <span class='ocrx_word' id='word_1_266' title='bbox 1346 3873 1435 3926; x_wconf 87' lang='grc' dir='ltr'>Ἐν</span> <span class='ocrx_word' id='word_1_267' title='bbox 1480 3872 1590 3939; x_wconf 85' lang='grc' dir='ltr'>γὰρ</span> 
     </span>
    </p>
   </div>
   <div class='ocr_carea' id='block_1_42' title="bbox 26 3963 1588 4041">
    <p class='ocr_par' dir='ltr' id='par_1_42' title="bbox 26 3963 1588 4041">
     <span class='ocr_line' id='line_1_42' title="bbox 26 3963 1588 4041; baseline -0.006 -15"><span class='ocrx_word' id='word_1_268' title='bbox 26 3972 106 4034; x_wconf 73' lang='grc' dir='ltr'>τοῖς</span> <span class='ocrx_word' id='word_1_269' title='bbox 135 3972 383 4041; x_wconf 72' lang='grc' dir='ltr'>Κρησὶν</span> <span class='ocrx_word' id='word_1_270' title='bbox 432 3971 654 4040; x_wconf 80' lang='grc' dir='ltr'>Ἴκαρον</span> <span class='ocrx_word' id='word_1_271' title='bbox 720 3966 1066 4040; x_wconf 82' lang='grc' dir='ltr'>μονῳδοῦντα</span> <span class='ocrx_word' id='word_1_272' title='bbox 1117 3965 1365 4037; x_wconf 78' lang='grc' dir='ltr'>ἐποίησε,</span> <span class='ocrx_word' id='word_1_273' title='bbox 1414 3963 1510 4018; x_wconf 79' lang='grc' dir='ltr'><strong>καὶ</strong></span> <span class='ocrx_word' id='word_1_274' title='bbox 1541 3964 1588 4016; x_wconf 76' lang='lat' dir='ltr'><strong>oi</strong></span> 
     </span>
    </p>
   </div>
   <div class='ocr_carea' id='block_1_43' title="bbox 30 4055 1585 4134">
    <p class='ocr_par' dir='ltr' id='par_1_43' title="bbox 30 4055 1585 4134">
     <span class='ocr_line' id='line_1_43' title="bbox 30 4055 1585 4134; baseline -0.005 -18"><span class='ocrx_word' id='word_1_275' title='bbox 30 4060 97 4126; x_wconf 79' lang='grc' dir='ltr'>μὲν</span> <span class='ocrx_word' id='word_1_276' title='bbox 123 4066 205 4127; x_wconf 81' lang='grc' dir='ltr'><strong>εἰς</strong></span> <span class='ocrx_word' id='word_1_277' title='bbox 234 4062 341 4134; x_wconf 78' lang='grc' dir='ltr'><strong>τὴν</strong></span> <span class='ocrx_word' id='word_1_278' title='bbox 380 4060 594 4132; x_wconf 82' lang='grc' dir='ltr'>Ἰκάρου</span> <span class='ocrx_word' id='word_1_279' title='bbox 663 4059 930 4131; x_wconf 82' lang='grc' dir='ltr'>μονῳδίαν</span> <span class='ocrx_word' id='word_1_280' title='bbox 980 4057 1097 4131; x_wconf 74' lang='lat'><strong>[9.3]</strong></span> <span class='ocrx_word' id='word_1_281' title='bbox 1135 4059 1193 4111; x_wconf 80' lang='grc' dir='ltr'>ἐν</span> <span class='ocrx_word' id='word_1_282' title='bbox 1219 4060 1333 4117; x_wconf 86' lang='grc' dir='ltr'>τοῖς</span> <span class='ocrx_word' id='word_1_283' title='bbox 1373 4055 1585 4125; x_wconf 78' lang='grc' dir='ltr'>Κρησί·</span> 
     </span>
    </p>
   </div>
   <div class='ocr_carea' id='block_1_44' title="bbox 27 4145 1589 4225">
    <p class='ocr_par' dir='ltr' id='par_1_44' title="bbox 27 4145 1589 4225">
     <span class='ocr_line' id='line_1_44' title="bbox 27 4145 1589 4225; baseline -0.005 -18"><span class='ocrx_word' id='word_1_284' title='bbox 27 4149 344 4223; x_wconf 73' lang='grc' dir='ltr'>Θρισύτερον</span> <span class='ocrx_word' id='word_1_285' title='bbox 363 4152 476 4225; x_wconf 82' lang='grc' dir='ltr'><strong>γὰρ</strong></span> <span class='ocrx_word' id='word_1_286' title='bbox 508 4153 660 4205; x_wconf 80' lang='grc' dir='ltr'>δοκεῖ</span> <span class='ocrx_word' id='word_1_287' title='bbox 687 4151 750 4205; x_wconf 80' lang='grc' dir='ltr'><strong>τὸ</strong></span> <span class='ocrx_word' id='word_1_288' title='bbox 779 4150 1096 4221; x_wconf 85' lang='grc' dir='ltr'>πρόσωπον.</span> <span class='ocrx_word' id='word_1_289' title='bbox 1152 4145 1509 4208; x_wconf 78' lang='grc' dir='ltr'>Ἀπολλώνιος</span> <span class='ocrx_word' id='word_1_290' title='bbox 1531 4146 1589 4199; x_wconf 74' lang='grc' dir='ltr'>δὲ</span> 
     </span>
    </p>
   </div>
   <div class='ocr_carea' id='block_1_45' title="bbox 26 4237 1587 4311">
    <p class='ocr_par' dir='ltr' id='par_1_45' title="bbox 26 4237 1587 4311">
     <span class='ocr_line' id='line_1_45' title="bbox 26 4237 1587 4311; baseline 0.007 -16"><span class='ocrx_word' id='word_1_291' title='bbox 26 4242 330 4300; x_wconf 70' lang='grc' dir='ltr'>ὅτιδύναται</span> <span class='ocrx_word' id='word_1_292' title='bbox 367 4244 462 4298; x_wconf 77' lang='grc' dir='ltr'><strong>καὶ</strong></span> <span class='ocrx_word' id='word_1_293' title='bbox 488 4244 571 4305; x_wconf 72' lang='grc' dir='ltr'>εἰς</span> <span class='ocrx_word' id='word_1_294' title='bbox 600 4241 699 4311; x_wconf 72' lang='grc' dir='ltr'><strong>τὴν</strong></span> <span class='ocrx_word' id='word_1_295' title='bbox 735 4240 1006 4311; x_wconf 82' lang='grc' dir='ltr'>Ἀερόπην</span> <span class='ocrx_word' id='word_1_296' title='bbox 1034 4239 1134 4310; x_wconf 81' lang='grc' dir='ltr'><strong>τὴν</strong></span> <span class='ocrx_word' id='word_1_297' title='bbox 1183 4239 1241 4291; x_wconf 82' lang='grc' dir='ltr'>ὲν</span> <span class='ocrx_word' id='word_1_298' title='bbox 1286 4240 1397 4301; x_wconf 81' lang='grc' dir='ltr'><strong>τοῖς</strong></span> <span class='ocrx_word' id='word_1_299' title='bbox 1433 4237 1587 4309; x_wconf 78' lang='grc' dir='ltr'>Κρή-</span> 
     </span>
    </p>
   </div>
   <div class='ocr_carea' id='block_1_46' title="bbox 26 4325 1590 4405">
    <p class='ocr_par' dir='ltr' id='par_1_46' title="bbox 26 4325 1590 4405">
     <span class='ocr_line' id='line_1_46' title="bbox 26 4325 1590 4405; baseline -0.005 -17"><span class='ocrx_word' id='word_1_300' title='bbox 26 4347 114 4399; x_wconf 66' lang='lat' dir='ltr'><strong>ut;</strong></span> <span class='ocrx_word' id='word_1_301' title='bbox 159 4333 448 4405; x_wconf 72' lang='grc' dir='ltr'>εἰρῆσθαι,</span> <span class='ocrx_word' id='word_1_302' title='bbox 495 4333 563 4403; x_wconf 68' lang='grc' dir='ltr'>ἢν</span> <span class='ocrx_word' id='word_1_303' title='bbox 601 4332 864 4402; x_wconf 74' lang='grc' dir='ltr'><strong>εἰσήγαγε</strong></span> <span class='ocrx_word' id='word_1_304' title='bbox 907 4329 1297 4399; x_wconf 84' lang='grc' dir='ltr'>πορνεύουσαν.</span> <span class='ocrx_word' id='word_1_305' title='bbox 1341 4325 1508 4399; x_wconf 79' lang='grc' dir='ltr'>Οἶμαι</span> <span class='ocrx_word' id='word_1_306' title='bbox 1533 4327 1590 4380; x_wconf 82' lang='grc' dir='ltr'>δὲ</span> 
     </span>
    </p>
   </div>
   <div class='ocr_carea' id='block_1_47' title="bbox 25 4417 1591 4493">
    <p class='ocr_par' dir='ltr' id='par_1_47' title="bbox 25 4417 1591 4493">
     <span class='ocr_line' id='line_1_47' title="bbox 25 4417 1591 4493; baseline -0.001 -21"><span class='ocrx_word' id='word_1_307' title='bbox 25 4417 83 4474; x_wconf 68' lang='grc' dir='ltr'>διὰ</span> <span class='ocrx_word' id='word_1_308' title='bbox 99 4423 171 4476; x_wconf 73' lang='grc' dir='ltr'><strong>τὰ</strong></span> <span class='ocrx_word' id='word_1_309' title='bbox 206 4426 269 4475; x_wconf 80' lang='grc' dir='ltr'>ὲν</span> <span class='ocrx_word' id='word_1_310' title='bbox 296 4422 379 4492; x_wconf 80' lang='grc' dir='ltr'><strong>τῷ</strong></span> <span class='ocrx_word' id='word_1_311' title='bbox 403 4422 603 4493; x_wconf 78' lang='grc' dir='ltr'>Διόλῳ.</span> <span class='ocrx_word' id='word_1_312' title='bbox 661 4421 967 4492; x_wconf 76' lang='grc' dir='ltr'>Τιμαχίδας</span> <span class='ocrx_word' id='word_1_313' title='bbox 1028 4421 1087 4475; x_wconf 76' lang='grc' dir='ltr'>δὲ</span> <span class='ocrx_word' id='word_1_314' title='bbox 1140 4420 1230 4474; x_wconf 83' lang='grc' dir='ltr'>διὰ</span> <span class='ocrx_word' id='word_1_315' title='bbox 1262 4419 1362 4491; x_wconf 83' lang='grc' dir='ltr'><strong>τὴν</strong></span> <span class='ocrx_word' id='word_1_316' title='bbox 1398 4420 1454 4472; x_wconf 82' lang='grc' dir='ltr'>ὲν</span> <span class='ocrx_word' id='word_1_317' title='bbox 1477 4420 1591 4482; x_wconf 78' lang='grc' dir='ltr'>τοῖς</span> 
     </span>
    </p>
   </div>
   <div class='ocr_carea' id='block_1_48' title="bbox 1678 584 3257 662">
    <p class='ocr_par' dir='ltr' id='par_1_48' title="bbox 1678 584 3257 662">
     <span class='ocr_line' id='line_1_48' title="bbox 1678 584 3257 662; baseline -0.011 -9"><span class='ocrx_word' id='word_1_318' title='bbox 1678 597 1833 654; x_wconf 88' lang='lat' dir='ltr'><strong>simis</strong></span> <span class='ocrx_word' id='word_1_319' title='bbox 1870 594 2224 662; x_wconf 73' lang='lat' dir='ltr'><strong>maximeque</strong></span> <span class='ocrx_word' id='word_1_320' title='bbox 2278 588 2538 645; x_wconf 86' lang='lat' dir='ltr'><strong>diversis.</strong></span> <span class='ocrx_word' id='word_1_321' title='bbox 2587 586 2705 640; x_wconf 81' lang='lat' dir='ltr'><strong>Illic</strong></span> <span class='ocrx_word' id='word_1_322' title='bbox 2747 585 2959 639; x_wconf 89' lang='lat' dir='ltr'><strong>Icarum</strong></span> <span class='ocrx_word' id='word_1_323' title='bbox 2987 584 3173 638; x_wconf 87' lang='lat' dir='ltr'><strong>cernis</strong></span> <span class='ocrx_word' id='word_1_324' title='bbox 3202 592 3257 636; x_wconf 87' lang='lat' dir='ltr'><strong>ct</strong></span> 
     </span>
    </p>
   </div>
   <div class='ocr_carea' id='block_1_49' title="bbox 1675 676 3252 759">
    <p class='ocr_par' dir='ltr' id='par_1_49' title="bbox 1675 676 3252 759">
     <span class='ocr_line' id='line_1_49' title="bbox 1675 676 3252 759; baseline -0.011 -15"><span class='ocrx_word' id='word_1_325' title='bbox 1675 689 1983 759; x_wconf 88' lang='lat' dir='ltr'><strong>Pasiphaen</strong></span> <span class='ocrx_word' id='word_1_326' title='bbox 2017 703 2031 738; x_wconf 89' lang='lat'><strong>:</strong></span> <span class='ocrx_word' id='word_1_327' title='bbox 2066 686 2120 739; x_wconf 87' lang='lat' dir='ltr'><strong>in</strong></span> <span class='ocrx_word' id='word_1_328' title='bbox 2145 682 2365 739; x_wconf 84' lang='lat' dir='ltr'><strong>Cressis</strong></span> <span class='ocrx_word' id='word_1_329' title='bbox 2399 682 2674 748; x_wconf 82' lang='lat' dir='ltr'><strong>Aeropen,</strong></span> <span class='ocrx_word' id='word_1_330' title='bbox 2707 681 2900 749; x_wconf 82' lang='lat' dir='ltr'><strong>Atrea,</strong></span> <span class='ocrx_word' id='word_1_331' title='bbox 2933 676 3252 746; x_wconf 75' lang='lat' dir='ltr'><strong>Thyestem.</strong></span> 
     </span>
    </p>
   </div>
   <div class='ocr_carea' id='block_1_50' title="bbox 1677 768 3257 851">
    <p class='ocr_par' dir='ltr' id='par_1_50' title="bbox 1677 768 3257 851">
     <span class='ocr_line' id='line_1_50' title="bbox 1677 768 3257 851; baseline -0.012 -13"><span class='ocrx_word' id='word_1_332' title='bbox 1677 781 1777 838; x_wconf 83' lang='lat' dir='ltr'><strong>Hic</strong></span> <span class='ocrx_word' id='word_1_333' title='bbox 1808 782 1969 851; x_wconf 80' lang='lat' dir='ltr'><strong>Argis</strong></span> <span class='ocrx_word' id='word_1_334' title='bbox 2032 774 2427 847; x_wconf 84' lang='lat' dir='ltr'><strong>Peloponnesi,</strong></span> <span class='ocrx_word' id='word_1_335' title='bbox 2487 772 2606 825; x_wconf 90' lang='lat' dir='ltr'><strong>illic</strong></span> <span class='ocrx_word' id='word_1_336' title='bbox 2647 771 2700 825; x_wconf 93' lang='lat' dir='ltr'><strong>in</strong></span> <span class='ocrx_word' id='word_1_337' title='bbox 2753 768 2914 824; x_wconf 86' lang='lat' dir='ltr'><strong>Creta</strong></span> <span class='ocrx_word' id='word_1_338' title='bbox 2944 768 3127 823; x_wconf 85' lang='lat' dir='ltr'><strong>insula</strong></span> <span class='ocrx_word' id='word_1_339' title='bbox 3166 783 3257 820; x_wconf 84' lang='lat' dir='ltr'><strong>res</strong></span> 
     </span>
    </p>
   </div>
   <div class='ocr_carea' id='block_1_51' title="bbox 1677 866 2653 945">
    <p class='ocr_par' dir='ltr' id='par_1_51' title="bbox 1677 866 2653 945">
     <span class='ocr_line' id='line_1_51' title="bbox 1677 866 2653 945; baseline -0.015 -15"><span class='ocrx_word' id='word_1_340' title='bbox 1677 882 1938 945; x_wconf 73' lang='lat' dir='ltr'><strong>aguntur.</strong></span> <span class='ocrx_word' id='word_1_341' title='bbox 1972 873 2380 941; x_wconf 86' lang='lat' dir='ltr'><strong>Aristophanes</strong></span> <span class='ocrx_word' id='word_1_342' title='bbox 2401 866 2605 936; x_wconf 79' lang='lat' dir='ltr'><strong>Vespis</strong></span> <span class='ocrx_word' id='word_1_343' title='bbox 2640 880 2653 915; x_wconf 90' lang='lat'><strong>:</strong></span> 
     </span>
    </p>
   </div>
   <div class='ocr_carea' id='block_1_52' title="bbox 1785 951 2844 1019">
    <p class='ocr_par' dir='ltr' id='par_1_52' title="bbox 1785 951 2844 1019">
     <span class='ocr_line' id='line_1_52' title="bbox 1785 951 2844 1019; baseline -0.015 0"><span class='ocrx_word' id='word_1_344' title='bbox 1785 951 2844 1019; x_wconf 81' lang='grc' dir='ltr'>.....-.......Τοῦτοδὲ</span> 
     </span>
    </p>
   </div>
   <div class='ocr_carea' id='block_1_53' title="bbox 1785 1019 3157 1106">
    <p class='ocr_par' dir='ltr' id='par_1_53' title="bbox 1785 1019 3157 1106">
     <span class='ocr_line' id='line_1_53' title="bbox 1785 1019 3157 1106; baseline -0.014 -17"><span class='ocrx_word' id='word_1_345' title='bbox 1785 1033 1972 1106; x_wconf 77' lang='grc' dir='ltr'>’ᾼδης</span> <span class='ocrx_word' id='word_1_346' title='bbox 1993 1030 2290 1100; x_wconf 78' lang='grc' dir='ltr'>διακρινεῖ</span> <span class='ocrx_word' id='word_1_347' title='bbox 2315 1029 2607 1097; x_wconf 80' lang='grc' dir='ltr'>πρότερον</span> <span class='ocrx_word' id='word_1_348' title='bbox 2641 1023 2679 1089; x_wconf 81' lang='grc' dir='ltr'><strong>ἢ</strong></span> <span class='ocrx_word' id='word_1_349' title='bbox 2725 1021 2823 1092; x_wconf 70' lang='grc' dir='ltr'><strong>’γὼ</strong></span> <span class='ocrx_word' id='word_1_350' title='bbox 2850 1019 3157 1087; x_wconf 76' lang='grc' dir='ltr'>πείσομαι.</span> 
     </span>
    </p>
   </div>
   <div class='ocr_carea' id='block_1_54' title="bbox 1678 1106 3258 1187">
    <p class='ocr_par' dir='ltr' id='par_1_54' title="bbox 1678 1106 3258 1187">
     <span class='ocr_line' id='line_1_54' title="bbox 1678 1106 3258 1187; baseline -0.016 -7"><span class='ocrx_word' id='word_1_351' title='bbox 1678 1124 1779 1180; x_wconf 90' lang='lat' dir='ltr'><strong>Ubi</strong></span> <span class='ocrx_word' id='word_1_352' title='bbox 1836 1122 2195 1183; x_wconf 87' lang='lat' dir='ltr'><strong>scholiastes,</strong></span> <span class='ocrx_word' id='word_1_353' title='bbox 2241 1120 2329 1171; x_wconf 87' lang='grc' dir='ltr'>Ἐν</span> <span class='ocrx_word' id='word_1_354' title='bbox 2366 1117 2674 1187; x_wconf 76' lang='grc' dir='ltr'>Κρήσσαις,</span> <span class='ocrx_word' id='word_1_355' title='bbox 2733 1111 2831 1171; x_wconf 85' lang='lat' dir='ltr'><strong>ait,</strong></span> <span class='ocrx_word' id='word_1_356' title='bbox 2877 1106 3192 1177; x_wconf 78' lang='grc' dir='ltr'>Εὐριπίδου,</span> <span class='ocrx_word' id='word_1_357' title='bbox 3226 1107 3258 1156; x_wconf 84' lang='grc' dir='ltr'>ὁ</span> 
     </span>
    </p>
   </div>
   <div class='ocr_carea' id='block_1_55' title="bbox 1690 1195 3261 1282">
    <p class='ocr_par' dir='ltr' id='par_1_55' title="bbox 1690 1195 3261 1282">
     <span class='ocr_line' id='line_1_55' title="bbox 1690 1195 3261 1282; baseline -0.011 -17"><span class='ocrx_word' id='word_1_358' title='bbox 1690 1212 1913 1281; x_wconf 75' lang='grc' dir='ltr'>’Λτρεὺς</span> <span class='ocrx_word' id='word_1_359' title='bbox 1955 1210 2094 1282; x_wconf 82' lang='grc' dir='ltr'>πρὸς</span> <span class='ocrx_word' id='word_1_360' title='bbox 2145 1210 2246 1280; x_wconf 82' lang='grc' dir='ltr'><strong>τὴν</strong></span> <span class='ocrx_word' id='word_1_361' title='bbox 2313 1205 2582 1276; x_wconf 77' lang='grc' dir='ltr'>Ἀερόπην</span> <span class='ocrx_word' id='word_1_362' title='bbox 2642 1202 2822 1273; x_wconf 77' lang='grc' dir='ltr'>κρινεῖ</span> <span class='ocrx_word' id='word_1_363' title='bbox 2849 1196 3042 1250; x_wconf 79' lang='grc' dir='ltr'>ταῦτα.</span> <span class='ocrx_word' id='word_1_364' title='bbox 3097 1195 3261 1250; x_wconf 79' lang='lat' dir='ltr'><strong>Unde</strong></span> 
     </span>
    </p>
   </div>
   <div class='ocr_carea' id='block_1_56' title="bbox 1678 1284 3248 1373">
    <p class='ocr_par' dir='ltr' id='par_1_56' title="bbox 1678 1284 3248 1373">
     <span class='ocr_line' id='line_1_56' title="bbox 1678 1284 3248 1373; baseline -0.011 -19"><span class='ocrx_word' id='word_1_365' title='bbox 1678 1301 2027 1373; x_wconf 82' lang='lat' dir='ltr'><strong>perspicuum</strong></span> <span class='ocrx_word' id='word_1_366' title='bbox 2090 1308 2198 1364; x_wconf 90' lang='lat' dir='ltr'><strong>est,</strong></span> <span class='ocrx_word' id='word_1_367' title='bbox 2261 1299 2316 1352; x_wconf 91' lang='lat' dir='ltr'><strong>in</strong></span> <span class='ocrx_word' id='word_1_368' title='bbox 2374 1295 2662 1364; x_wconf 86' lang='lat' dir='ltr'><strong>superiore</strong></span> <span class='ocrx_word' id='word_1_369' title='bbox 2692 1293 2817 1346; x_wconf 92' lang='lat' dir='ltr'><strong>loco</strong></span> <span class='ocrx_word' id='word_1_370' title='bbox 2864 1284 3248 1356; x_wconf 79' lang='lat' dir='ltr'><strong>corrigendum.</strong></span> 
     </span>
    </p>
   </div>
   <div class='ocr_carea' id='block_1_57' title="bbox 1677 1362 3261 1461">
    <p class='ocr_par' dir='ltr' id='par_1_57' title="bbox 1677 1362 3261 1461">
     <span class='ocr_line' id='line_1_57' title="bbox 1677 1362 3261 1461; baseline -0.015 -13"><span class='ocrx_word' id='word_1_371' title='bbox 1677 1362 1824 1457; x_wconf 62' lang='lat' dir='ltr'><strong>esse,</strong></span> <span class='ocrx_word' id='word_1_372' title='bbox 1865 1391 2136 1461; x_wconf 83' lang='grc' dir='ltr'>Ἀερόπην</span> <span class='ocrx_word' id='word_1_373' title='bbox 2160 1362 2256 1460; x_wconf 52' lang='grc' dir='ltr'><strong>ἑὴν</strong></span> <span class='ocrx_word' id='word_1_374' title='bbox 2306 1389 2363 1441; x_wconf 84' lang='grc' dir='ltr'>ὲν</span> <span class='ocrx_word' id='word_1_375' title='bbox 2387 1362 2508 1448; x_wconf 82' lang='grc' dir='ltr'>ταῖς</span> <span class='ocrx_word' id='word_1_376' title='bbox 2560 1383 2867 1453; x_wconf 84' lang='grc' dir='ltr'>Κρήσσαις.</span> <span class='ocrx_word' id='word_1_377' title='bbox 2915 1362 3261 1446; x_wconf 83' lang='lat' dir='ltr'><strong>Porphyrius</strong></span> 
     </span>
    </p>
   </div>
   <div class='ocr_carea' id='block_1_58' title="bbox 1680 1466 3258 1547">
    <p class='ocr_par' dir='ltr' id='par_1_58' title="bbox 1680 1466 3258 1547">
     <span class='ocr_line' id='line_1_58' title="bbox 1680 1466 3258 1547; baseline -0.013 -11"><span class='ocrx_word' id='word_1_378' title='bbox 1680 1484 1773 1537; x_wconf 87' lang='lat' dir='ltr'><strong>lih.</strong></span> <span class='ocrx_word' id='word_1_379' title='bbox 1814 1500 1886 1547; x_wconf 88' lang='lat' dir='ltr'><strong>tv,</strong></span> <span class='ocrx_word' id='word_1_380' title='bbox 1926 1482 1999 1538; x_wconf 88' lang='lat' dir='ltr'><strong>De</strong></span> <span class='ocrx_word' id='word_1_381' title='bbox 2036 1479 2373 1537; x_wconf 87' lang='lat' dir='ltr'><strong>abstinentia</strong></span> <span class='ocrx_word' id='word_1_382' title='bbox 2405 1497 2418 1533; x_wconf 89' lang='lat'><strong>:</strong></span> <span class='ocrx_word' id='word_1_383' title='bbox 2452 1474 2669 1544; x_wconf 81' lang='grc' dir='ltr'><strong>Μικροῦ</strong></span> <span class='ocrx_word' id='word_1_384' title='bbox 2698 1490 2766 1544; x_wconf 86' lang='grc' dir='ltr'><strong>με</strong></span> <span class='ocrx_word' id='word_1_385' title='bbox 2796 1469 3042 1540; x_wconf 79' lang='grc' dir='ltr'>παρῆλθε</span> <span class='ocrx_word' id='word_1_386' title='bbox 3071 1466 3166 1520; x_wconf 71' lang='grc' dir='ltr'><strong>καὶ</strong></span> <span class='ocrx_word' id='word_1_387' title='bbox 3195 1466 3258 1516; x_wconf 70' lang='grc' dir='ltr'><strong>τὸ</strong></span> 
     </span>
    </p>
   </div>
   <div class='ocr_carea' id='block_1_59' title="bbox 1676 1559 3260 1647">
    <p class='ocr_par' dir='ltr' id='par_1_59' title="bbox 1676 1559 3260 1647">
     <span class='ocr_line' id='line_1_59' title="bbox 1676 1559 3260 1647; baseline -0.012 -18"><span class='ocrx_word' id='word_1_388' title='bbox 1676 1575 2018 1647; x_wconf 78' lang='grc' dir='ltr'>Εὐριπίδειον</span> <span class='ocrx_word' id='word_1_389' title='bbox 2061 1572 2426 1645; x_wconf 81' lang='grc' dir='ltr'>παραθέσθαι,</span> <span class='ocrx_word' id='word_1_390' title='bbox 2454 1569 2512 1633; x_wconf 86' lang='grc' dir='ltr'>ὂς</span> <span class='ocrx_word' id='word_1_391' title='bbox 2537 1569 2662 1630; x_wconf 79' lang='grc' dir='ltr'>τοὺς</span> <span class='ocrx_word' id='word_1_392' title='bbox 2704 1568 2762 1617; x_wconf 80' lang='grc' dir='ltr'>ὲν</span> <span class='ocrx_word' id='word_1_393' title='bbox 2796 1564 2995 1634; x_wconf 83' lang='grc' dir='ltr'>Κρήτῃ</span> <span class='ocrx_word' id='word_1_394' title='bbox 3015 1559 3108 1613; x_wconf 79' lang='grc' dir='ltr'>τοῦ</span> <span class='ocrx_word' id='word_1_395' title='bbox 3134 1559 3260 1622; x_wconf 74' lang='grc' dir='ltr'>Διὸς</span> 
     </span>
    </p>
   </div>
   <div class='ocr_carea' id='block_1_60' title="bbox 1658 1648 3257 1738">
    <p class='ocr_par' dir='ltr' id='par_1_60' title="bbox 1658 1648 3257 1738">
     <span class='ocr_line' id='line_1_60' title="bbox 1658 1648 3257 1738; baseline -0.014 -16"><span class='ocrx_word' id='word_1_396' title='bbox 1658 1664 1963 1738; x_wconf 63' lang='grc' dir='ltr'>*προφήτας</span> <span class='ocrx_word' id='word_1_397' title='bbox 1988 1664 2294 1736; x_wconf 81' lang='grc' dir='ltr'>ἀπέχεσθαί</span> <span class='ocrx_word' id='word_1_398' title='bbox 2338 1679 2473 1732; x_wconf 85' lang='grc' dir='ltr'>φησι</span> <span class='ocrx_word' id='word_1_399' title='bbox 2521 1659 2611 1713; x_wconf 79' lang='grc' dir='ltr'>διὰ</span> <span class='ocrx_word' id='word_1_400' title='bbox 2654 1656 2883 1710; x_wconf 80' lang='grc' dir='ltr'>τούτων.</span> <span class='ocrx_word' id='word_1_401' title='bbox 2919 1652 3154 1720; x_wconf 82' lang='grc' dir='ltr'>Λέγουσι</span> <span class='ocrx_word' id='word_1_402' title='bbox 3198 1648 3257 1701; x_wconf 72' lang='grc' dir='ltr'><strong>δδ.</strong></span> 
     </span>
    </p>
   </div>
   <div class='ocr_carea' id='block_1_61' title="bbox 1675 1750 2725 1827">
    <p class='ocr_par' dir='ltr' id='par_1_61' title="bbox 1675 1750 2725 1827">
     <span class='ocr_line' id='line_1_61' title="bbox 1675 1750 2725 1827; baseline -0.011 -16"><span class='ocrx_word' id='word_1_403' title='bbox 1675 1759 1726 1812; x_wconf 75' lang='lat' dir='ltr'><strong>ot</strong></span> <span class='ocrx_word' id='word_1_404' title='bbox 1756 1757 1898 1811; x_wconf 80' lang='grc' dir='ltr'><strong>κατὰ</strong></span> <span class='ocrx_word' id='word_1_405' title='bbox 1935 1757 2027 1811; x_wconf 85' lang='grc' dir='ltr'><strong>τὸν</strong></span> <span class='ocrx_word' id='word_1_406' title='bbox 2053 1756 2212 1827; x_wconf 84' lang='grc' dir='ltr'>χορὸν</span> <span class='ocrx_word' id='word_1_407' title='bbox 2237 1755 2375 1824; x_wconf 78' lang='grc' dir='ltr'>πρὸς</span> <span class='ocrx_word' id='word_1_408' title='bbox 2406 1751 2496 1805; x_wconf 81' lang='grc' dir='ltr'><strong>τὸν</strong></span> <span class='ocrx_word' id='word_1_409' title='bbox 2527 1750 2687 1804; x_wconf 85' lang='grc' dir='ltr'>Μίνω</span> <span class='ocrx_word' id='word_1_410' title='bbox 2710 1764 2725 1777; x_wconf 80' lang='grc'><em>’</em></span> 
     </span>
    </p>
   </div>
   <div class='ocr_carea' id='block_1_62' title="bbox 1929 1836 2900 1914">
    <p class='ocr_par' dir='ltr' id='par_1_62' title="bbox 1929 1836 2900 1914">
     <span class='ocr_line' id='line_1_62' title="bbox 1929 1836 2900 1914; baseline -0.016 -13"><span class='ocrx_word' id='word_1_411' title='bbox 1929 1844 2384 1914; x_wconf 81' lang='grc' dir='ltr'>Φοινικογενοῦς</span> <span class='ocrx_word' id='word_1_412' title='bbox 2411 1841 2522 1893; x_wconf 84' lang='grc' dir='ltr'><strong>παῖ</strong></span> <span class='ocrx_word' id='word_1_413' title='bbox 2546 1839 2655 1914; x_wconf 74' lang='grc' dir='ltr'><strong>τῆς</strong></span> <span class='ocrx_word' id='word_1_414' title='bbox 2690 1836 2900 1914; x_wconf 47' lang='lat' dir='ltr'><strong>rupta;</strong></span> 
     </span>
    </p>
   </div>
   <div class='ocr_carea' id='block_1_63' title="bbox 1935 1902 3031 1981">
    <p class='ocr_par' dir='ltr' id='par_1_63' title="bbox 1935 1902 3031 1981">
     <span class='ocr_line' id='line_1_63' title="bbox 1935 1902 3031 1981; baseline -0.015 -11"><span class='ocrx_word' id='word_1_415' title='bbox 1935 1917 2159 1970; x_wconf 80' lang='grc' dir='ltr'>Τέκνον</span> <span class='ocrx_word' id='word_1_416' title='bbox 2180 1902 2478 1981; x_wconf 64' lang='grc' dir='ltr'><strong>Ἐύρώἑτης</strong></span> <span class='ocrx_word' id='word_1_417' title='bbox 2508 1902 2613 1962; x_wconf 73' lang='grc' dir='ltr'><strong>καῖ</strong></span> <span class='ocrx_word' id='word_1_418' title='bbox 2634 1902 2740 1960; x_wconf 57' lang='grc' dir='ltr'>σοῦ</span> <span class='ocrx_word' id='word_1_419' title='bbox 2762 1902 3031 1973; x_wconf 71' lang='grc' dir='ltr'>μεγάλου</span> 
     </span>
    </p>
   </div>
   <div class='ocr_carea' id='block_1_64' title="bbox 1923 1983 2472 2053">
    <p class='ocr_par' dir='ltr' id='par_1_64' title="bbox 1923 1983 2472 2053">
     <span class='ocr_line' id='line_1_64' title="bbox 1923 1983 2472 2053; baseline -0.009 -13"><span class='ocrx_word' id='word_1_420' title='bbox 1923 1985 2139 2053; x_wconf 83' lang='grc' dir='ltr'>Ζηνὸς,</span> <span class='ocrx_word' id='word_1_421' title='bbox 2180 1983 2472 2038; x_wconf 77' lang='grc' dir='ltr'>ἀνάσσων</span> 
     </span>
    </p>
   </div>
   <div class='ocr_carea' id='block_1_65' title="bbox 1923 2045 2817 2123">
    <p class='ocr_par' dir='ltr' id='par_1_65' title="bbox 1923 2045 2817 2123">
     <span class='ocr_line' id='line_1_65' title="bbox 1923 2045 2817 2123; baseline -0.015 -14"><span class='ocrx_word' id='word_1_422' title='bbox 1923 2045 2162 2123; x_wconf 59' lang='grc' dir='ltr'><strong>Κρήτήξ</strong></span> <span class='ocrx_word' id='word_1_423' title='bbox 2194 2045 2773 2123; x_wconf 59' lang='grc' dir='ltr'>ἐξιατομπτολιέοροι)</span> <span class='ocrx_word' id='word_1_424' title='bbox 2798 2059 2817 2073; x_wconf 66' lang='grc' dir='ltr'><strong>ο</strong></span> 
     </span>
    </p>
   </div>
   <div class='ocr_carea' id='block_1_66' title="bbox 1928 2111 2940 2191">
    <p class='ocr_par' dir='ltr' id='par_1_66' title="bbox 1928 2111 2940 2191">
     <span class='ocr_line' id='line_1_66' title="bbox 1928 2111 2940 2191; baseline -0.018 -11"><span class='ocrx_word' id='word_1_425' title='bbox 1928 2111 2084 2191; x_wconf 64' lang='grc' dir='ltr'><strong>Ἥκω</strong></span> <span class='ocrx_word' id='word_1_426' title='bbox 2109 2111 2357 2191; x_wconf 60' lang='grc' dir='ltr'>ῖαθέους</span> <span class='ocrx_word' id='word_1_427' title='bbox 2372 2111 2581 2191; x_wconf 79' lang='grc' dir='ltr'>’ναοὺς</span> <span class='ocrx_word' id='word_1_428' title='bbox 2603 2111 2940 2191; x_wconf 53' lang='grc' dir='ltr'>ίτρολέπςυν,</span> 
     </span>
    </p>
   </div>
   <div class='ocr_carea' id='block_1_67' title="bbox 1936 2180 2887 2260">
    <p class='ocr_par' dir='ltr' id='par_1_67' title="bbox 1936 2180 2887 2260">
     <span class='ocr_line' id='line_1_67' title="bbox 1936 2180 2887 2260; baseline -0.018 -11"><span class='ocrx_word' id='word_1_429' title='bbox 1936 2188 2054 2260; x_wconf 81' lang='grc' dir='ltr'><strong>Οὓς</strong></span> <span class='ocrx_word' id='word_1_430' title='bbox 2073 2180 2395 2258; x_wconf 66' lang='grc' dir='ltr'>αὐθιγενὴς</span> <span class='ocrx_word' id='word_1_431' title='bbox 2426 2180 2887 2260; x_wconf 63' lang='grc' dir='ltr'>τμηθεῖσαδρῦς</span> 
     </span>
    </p>
   </div>
   <div class='ocr_carea' id='block_1_68' title="bbox 1926 2247 3116 2333">
    <p class='ocr_par' dir='ltr' id='par_1_68' title="bbox 1926 2247 3116 2333">
     <span class='ocr_line' id='line_1_68' title="bbox 1926 2247 3116 2333; baseline -0.016 -13"><span class='ocrx_word' id='word_1_432' title='bbox 1926 2247 2271 2333; x_wconf 57' lang='grc' dir='ltr'><strong>λέξιξιιίιινοῦς⁸</strong></span> <span class='ocrx_word' id='word_1_433' title='bbox 2295 2247 2539 2333; x_wconf 48' lang='grc' dir='ltr'><strong>ἔταξρέὴεὶ</strong></span> <span class='ocrx_word' id='word_1_434' title='bbox 2579 2247 2822 2333; x_wconf 56' lang='grc' dir='ltr'><strong>χᾳλύϐὶρ</strong></span> <span class='ocrx_word' id='word_1_435' title='bbox 2854 2247 3116 2313; x_wconf 77' lang='grc' dir='ltr'><strong>πελέκει,</strong></span> 
     </span>
    </p>
   </div>
   <div class='ocr_carea' id='block_1_69' title="bbox 1930 2325 2658 2399">
    <p class='ocr_par' dir='ltr' id='par_1_69' title="bbox 1930 2325 2658 2399">
     <span class='ocr_line' id='line_1_69' title="bbox 1930 2325 2658 2399; baseline -0.018 -10"><span class='ocrx_word' id='word_1_436' title='bbox 1930 2325 2427 2399; x_wconf 64' lang='grc' dir='ltr'><strong>Καῖταυρόδέτρφ</strong></span> <span class='ocrx_word' id='word_1_437' title='bbox 2448 2325 2658 2399; x_wconf 52' lang='lat' dir='ltr'><strong>indas?</strong></span> 
     </span>
    </p>
   </div>
   <div class='ocr_carea' id='block_1_70' title="bbox 1922 2389 3042 2471">
    <p class='ocr_par' dir='ltr' id='par_1_70' title="bbox 1922 2389 3042 2471">
     <span class='ocr_line' id='line_1_70' title="bbox 1922 2389 3042 2471; baseline -0.016 -12"><span class='ocrx_word' id='word_1_438' title='bbox 1922 2389 1983 2459; x_wconf 83' lang='grc' dir='ltr'><strong>Σ⁹</strong></span> <span class='ocrx_word' id='word_1_439' title='bbox 2025 2389 2312 2471; x_wconf 68' lang='grc' dir='ltr'>ἀτρεὶιοῦς</span> <span class='ocrx_word' id='word_1_440' title='bbox 2338 2389 2577 2466; x_wconf 66' lang='grc' dir='ltr'><strong>’ἀρμὀὺς</strong></span> <span class='ocrx_word' id='word_1_441' title='bbox 2621 2389 3042 2460; x_wconf 75' lang='grc' dir='ltr'>κυπαρίσσου,</span> 
     </span>
    </p>
   </div>
   <div class='ocr_carea' id='block_1_71' title="bbox 1679 2482 3257 2567">
    <p class='ocr_par' dir='ltr' id='par_1_71' title="bbox 1679 2482 3257 2567">
     <span class='ocr_line' id='line_1_71' title="bbox 1679 2482 3257 2567; baseline -0.015 -14"><span class='ocrx_word' id='word_1_442' title='bbox 1679 2507 1871 2566; x_wconf 64' lang='lat' dir='ltr'><strong>etquae</strong></span> <span class='ocrx_word' id='word_1_443' title='bbox 1894 2506 2215 2567; x_wconf 87' lang='lat' dir='ltr'><strong>sequuntur.</strong></span> <span class='ocrx_word' id='word_1_444' title='bbox 2236 2491 2313 2545; x_wconf 90' lang='lat' dir='ltr'><strong>lta</strong></span> <span class='ocrx_word' id='word_1_445' title='bbox 2335 2491 2511 2545; x_wconf 88' lang='lat' dir='ltr'><strong>locum</strong></span> <span class='ocrx_word' id='word_1_446' title='bbox 2535 2486 2680 2541; x_wconf 86' lang='lat' dir='ltr'><strong>hunc</strong></span> <span class='ocrx_word' id='word_1_447' title='bbox 2696 2482 2993 2538; x_wconf 86' lang='lat' dir='ltr'><strong>emendare</strong></span> <span class='ocrx_word' id='word_1_448' title='bbox 3022 2486 3257 2534; x_wconf 84' lang='lat' dir='ltr'><strong>conatus</strong></span> 
     </span>
    </p>
   </div>
   <div class='ocr_carea' id='block_1_72' title="bbox 1677 2571 3254 2658">
    <p class='ocr_par' dir='ltr' id='par_1_72' title="bbox 1677 2571 3254 2658">
     <span class='ocr_line' id='line_1_72' title="bbox 1677 2571 3254 2658; baseline -0.016 -13"><span class='ocrx_word' id='word_1_449' title='bbox 1677 2600 1761 2645; x_wconf 88' lang='lat' dir='ltr'><strong>est</strong></span> <span class='ocrx_word' id='word_1_450' title='bbox 1789 2587 2013 2643; x_wconf 89' lang='lat' dir='ltr'><strong>Grotius</strong></span> <span class='ocrx_word' id='word_1_451' title='bbox 2058 2588 2113 2642; x_wconf 93' lang='lat' dir='ltr'><strong>in</strong></span> <span class='ocrx_word' id='word_1_452' title='bbox 2145 2582 2261 2658; x_wconf 71' lang='lat'><strong>[24]</strong></span> <span class='ocrx_word' id='word_1_453' title='bbox 2292 2580 2579 2649; x_wconf 78' lang='lat' dir='ltr'><strong>Excerptis</strong></span> <span class='ocrx_word' id='word_1_454' title='bbox 2607 2592 2671 2632; x_wconf 81' lang='lat' dir='ltr'><strong>ex</strong></span> <span class='ocrx_word' id='word_1_455' title='bbox 2724 2571 3018 2629; x_wconf 68' lang='lat' dir='ltr'><strong>comoediis</strong></span> <span class='ocrx_word' id='word_1_456' title='bbox 3051 2578 3254 2625; x_wconf 85' lang='lat' dir='ltr'><strong>et&#39;tra-</strong></span> 
     </span>
    </p>
   </div>
   <div class='ocr_carea' id='block_1_73' title="bbox 1677 2660 3260 2750">
    <p class='ocr_par' dir='ltr' id='par_1_73' title="bbox 1677 2660 3260 2750">
     <span class='ocr_line' id='line_1_73' title="bbox 1677 2660 3260 2750; baseline -0.015 -13"><span class='ocrx_word' id='word_1_457' title='bbox 1677 2681 1872 2750; x_wconf 72' lang='lat' dir='ltr'><strong>gmdiis</strong></span> <span class='ocrx_word' id='word_1_458' title='bbox 1898 2679 2126 2735; x_wconf 71' lang='lat' dir='ltr'><strong>Graecis.</strong></span> <span class='ocrx_word' id='word_1_459' title='bbox 2155 2676 2328 2746; x_wconf 80' lang='lat' dir='ltr'><strong>Cujus</strong></span> <span class='ocrx_word' id='word_1_460' title='bbox 2361 2671 2743 2726; x_wconf 86' lang='lat' dir='ltr'><strong>auctoritatem</strong></span> <span class='ocrx_word' id='word_1_461' title='bbox 2779 2660 3260 2731; x_wconf 82' lang='lat' dir='ltr'><strong>Cantabrigienses</strong></span> 
     </span>
    </p>
   </div>
   <div class='ocr_carea' id='block_1_74' title="bbox 1680 2749 3261 2837">
    <p class='ocr_par' dir='ltr' id='par_1_74' title="bbox 1680 2749 3261 2837">
     <span class='ocr_line' id='line_1_74' title="bbox 1680 2749 3261 2837; baseline -0.016 -9"><span class='ocrx_word' id='word_1_462' title='bbox 1680 2749 1733 2829; x_wconf 86' lang='lat' dir='ltr'><strong>in</strong></span> <span class='ocrx_word' id='word_1_463' title='bbox 1765 2772 2064 2827; x_wconf 86' lang='lat' dir='ltr'><strong>novissima</strong></span> <span class='ocrx_word' id='word_1_464' title='bbox 2089 2764 2381 2837; x_wconf 88' lang='lat' dir='ltr'><strong>Porphyrii</strong></span> <span class='ocrx_word' id='word_1_465' title='bbox 2421 2760 2664 2817; x_wconf 84' lang='lat' dir='ltr'><strong>editione</strong></span> <span class='ocrx_word' id='word_1_466' title='bbox 2691 2757 2869 2814; x_wconf 90' lang='lat' dir='ltr'><strong>secuti</strong></span> <span class='ocrx_word' id='word_1_467' title='bbox 2896 2760 3048 2808; x_wconf 90' lang='lat' dir='ltr'><strong>sunt.</strong></span> <span class='ocrx_word' id='word_1_468' title='bbox 3084 2769 3103 2803; x_wconf 80' lang='grc' dir='ltr'><strong>ι</strong></span> <span class='ocrx_word' id='word_1_469' title='bbox 3143 2749 3261 2804; x_wconf 78' lang='lat' dir='ltr'><strong>Hoc</strong></span> 
     </span>
    </p>
   </div>
   <div class='ocr_carea' id='block_1_75' title="bbox 1613 2842 3263 2933">
    <p class='ocr_par' dir='ltr' id='par_1_75' title="bbox 1613 2842 3263 2933">
     <span class='ocr_line' id='line_1_75' title="bbox 1613 2842 3263 2933; baseline -0.015 -14"><span class='ocrx_word' id='word_1_470' title='bbox 1613 2873 1618 2878; x_wconf 83' lang='lat'><em>‘</em></span> <span class='ocrx_word' id='word_1_471' title='bbox 1680 2863 2045 2933; x_wconf 81' lang='lat' dir='ltr'><strong>fragmentum</strong></span> <span class='ocrx_word' id='word_1_472' title='bbox 2080 2857 2359 2928; x_wconf 83' lang='lat' dir='ltr'><strong>Euripidis</strong></span> <span class='ocrx_word' id='word_1_473' title='bbox 2390 2852 2578 2925; x_wconf 87' lang='lat' dir='ltr'><strong>(verba</strong></span> <span class='ocrx_word' id='word_1_474' title='bbox 2605 2859 2735 2907; x_wconf 89' lang='lat' dir='ltr'><strong>sunt</strong></span> <span class='ocrx_word' id='word_1_475' title='bbox 2758 2847 2960 2913; x_wconf 88' lang='lat' dir='ltr'><strong>Grotii)</strong></span> <span class='ocrx_word' id='word_1_476' title='bbox 2990 2846 3047 2897; x_wconf 85' lang='grc' dir='ltr'>ὲν</span> <span class='ocrx_word' id='word_1_477' title='bbox 3069 2842 3263 2933; x_wconf 76' lang='grc' dir='ltr'>Κλεισὶ</span> 
     </span>
    </p>
   </div>
   <div class='ocr_carea' id='block_1_76' title="bbox 1680 2928 3266 3015">
    <p class='ocr_par' dir='ltr' id='par_1_76' title="bbox 1680 2928 3266 3015">
     <span class='ocr_line' id='line_1_76' title="bbox 1680 2928 3266 3015; baseline -0.017 -5"><span class='ocrx_word' id='word_1_478' title='bbox 1680 2928 1900 3010; x_wconf 67' lang='lat' dir='ltr'><strong>exstare</strong></span> <span class='ocrx_word' id='word_1_479' title='bbox 1933 2952 2070 3008; x_wconf 88' lang='lat' dir='ltr'><strong>dicit</strong></span> <span class='ocrx_word' id='word_1_480' title='bbox 2093 2950 2349 3011; x_wconf 85' lang='lat' dir='ltr'><strong>Erotion,</strong></span> <span class='ocrx_word' id='word_1_481' title='bbox 2384 2955 2445 3000; x_wconf 90' lang='lat' dir='ltr'><strong>ut</strong></span> <span class='ocrx_word' id='word_1_482' title='bbox 2477 2943 2700 3015; x_wconf 89' lang='lat' dir='ltr'><strong>quidem</strong></span> <span class='ocrx_word' id='word_1_483' title='bbox 2736 2954 2885 2995; x_wconf 91' lang='lat' dir='ltr'><strong>nunc</strong></span> <span class='ocrx_word' id='word_1_484' title='bbox 2927 2937 3152 3008; x_wconf 77' lang='lat' dir='ltr'><strong>legitur.</strong></span> <span class='ocrx_word' id='word_1_485' title='bbox 3195 2928 3266 2986; x_wconf 70' lang='lat' dir='ltr'><strong>At</strong></span> 
     </span>
    </p>
   </div>
   <div class='ocr_carea' id='block_1_77' title="bbox 1681 3029 3264 3107">
    <p class='ocr_par' dir='ltr' id='par_1_77' title="bbox 1681 3029 3264 3107">
     <span class='ocr_line' id='line_1_77' title="bbox 1681 3029 3264 3107; baseline -0.015 -5"><span class='ocrx_word' id='word_1_486' title='bbox 1681 3063 1748 3102; x_wconf 79' lang='lat' dir='ltr'><strong>ex</strong></span> <span class='ocrx_word' id='word_1_487' title='bbox 1780 3044 1986 3102; x_wconf 82' lang='lat' dir='ltr'><strong>Cressis</strong></span> <span class='ocrx_word' id='word_1_488' title='bbox 2024 3059 2149 3099; x_wconf 86' lang='lat' dir='ltr'><strong>esse</strong></span> <span class='ocrx_word' id='word_1_489' title='bbox 2185 3042 2348 3096; x_wconf 88' lang='lat' dir='ltr'><strong>lacile</strong></span> <span class='ocrx_word' id='word_1_490' title='bbox 2380 3036 2731 3107; x_wconf 78' lang='lat' dir='ltr'><strong>intelligitur,</strong></span> <span class='ocrx_word' id='word_1_491' title='bbox 2757 3030 2906 3104; x_wconf 90' lang='lat' dir='ltr'><strong>quod</strong></span> <span class='ocrx_word' id='word_1_492' title='bbox 2937 3029 3102 3084; x_wconf 89' lang='lat' dir='ltr'><strong>verba</strong></span> <span class='ocrx_word' id='word_1_493' title='bbox 3133 3035 3264 3081; x_wconf 89' lang='lat' dir='ltr'><strong>sunt</strong></span> 
     </span>
    </p>
   </div>
   <div class='ocr_carea' id='block_1_78' title="bbox 1687 3119 3265 3191">
    <p class='ocr_par' dir='ltr' id='par_1_78' title="bbox 1687 3119 3265 3191">
     <span class='ocr_line' id='line_1_78' title="bbox 1687 3119 3265 3191; baseline -0.013 0"><span class='ocrx_word' id='word_1_494' title='bbox 1687 3136 1841 3191; x_wconf 88' lang='lat' dir='ltr'><strong>chori</strong></span> <span class='ocrx_word' id='word_1_495' title='bbox 1865 3135 1934 3191; x_wconf 91' lang='lat' dir='ltr'><strong>ad</strong></span> <span class='ocrx_word' id='word_1_496' title='bbox 1960 3133 2161 3189; x_wconf 80' lang='lat' dir='ltr'><strong>Minoa.</strong></span> <span class='ocrx_word' id='word_1_497' title='bbox 2204 3151 2223 3184; x_wconf 76' lang='grc' dir='ltr'><strong>ι</strong></span> <span class='ocrx_word' id='word_1_498' title='bbox 2268 3130 2377 3185; x_wconf 91' lang='lat' dir='ltr'><strong>Sed</strong></span> <span class='ocrx_word' id='word_1_499' title='bbox 2406 3127 2614 3184; x_wconf 86' lang='lat' dir='ltr'><strong>erravit</strong></span> <span class='ocrx_word' id='word_1_500' title='bbox 2673 3127 2731 3181; x_wconf 89' lang='lat' dir='ltr'><strong>in</strong></span> <span class='ocrx_word' id='word_1_501' title='bbox 2770 3139 2830 3178; x_wconf 83' lang='lat' dir='ltr'><strong>re</strong></span> <span class='ocrx_word' id='word_1_502' title='bbox 2860 3121 2966 3177; x_wconf 86' lang='lat' dir='ltr'><strong>levi</strong></span> <span class='ocrx_word' id='word_1_503' title='bbox 2995 3119 3265 3189; x_wconf 70' lang='lat' dir='ltr'><strong>graviori-</strong></span> 
     </span>
    </p>
   </div>
   <div class='ocr_carea' id='block_1_79' title="bbox 1687 3215 3267 3293">
    <p class='ocr_par' dir='ltr' id='par_1_79' title="bbox 1687 3215 3267 3293">
     <span class='ocr_line' id='line_1_79' title="bbox 1687 3215 3267 3293; baseline -0.011 -15"><span class='ocrx_word' id='word_1_504' title='bbox 1687 3223 1815 3289; x_wconf 88' lang='lat' dir='ltr'><strong>bus,</strong></span> <span class='ocrx_word' id='word_1_505' title='bbox 1844 3224 2070 3293; x_wconf 81' lang='lat' dir='ltr'><strong>Opinor,</strong></span> <span class='ocrx_word' id='word_1_506' title='bbox 2134 3220 2339 3276; x_wconf 82' lang='lat' dir='ltr'><strong>studiis</strong></span> <span class='ocrx_word' id='word_1_507' title='bbox 2369 3220 2615 3273; x_wconf 87' lang='lat' dir='ltr'><strong>intentus</strong></span> <span class='ocrx_word' id='word_1_508' title='bbox 2664 3215 2754 3270; x_wconf 88' lang='lat' dir='ltr'><strong>vir</strong></span> <span class='ocrx_word' id='word_1_509' title='bbox 2785 3225 2956 3282; x_wconf 87' lang='lat' dir='ltr'><strong>supra</strong></span> <span class='ocrx_word' id='word_1_510' title='bbox 2979 3223 3267 3280; x_wconf 78' lang='lat' dir='ltr'><strong>compara~</strong></span> 
     </span>
    </p>
   </div>
   <div class='ocr_carea' id='block_1_80' title="bbox 1691 3301 3269 3383">
    <p class='ocr_par' dir='ltr' id='par_1_80' title="bbox 1691 3301 3269 3383">
     <span class='ocr_line' id='line_1_80' title="bbox 1691 3301 3269 3383; baseline -0.01 -14"><span class='ocrx_word' id='word_1_511' title='bbox 1691 3317 1892 3370; x_wconf 88' lang='lat' dir='ltr'><strong>tionem</strong></span> <span class='ocrx_word' id='word_1_512' title='bbox 1934 3324 2104 3383; x_wconf 89' lang='lat' dir='ltr'><strong>atque</strong></span> <span class='ocrx_word' id='word_1_513' title='bbox 2166 3311 2581 3366; x_wconf 52' lang='lat' dir='ltr'><strong>aemulationem</strong></span> <span class='ocrx_word' id='word_1_514' title='bbox 2643 3316 2894 3361; x_wconf 89' lang='lat' dir='ltr'><strong>nostram</strong></span> <span class='ocrx_word' id='word_1_515' title='bbox 2945 3301 3269 3372; x_wconf 72' lang='lat' dir='ltr'><strong>longissime</strong></span> 
     </span>
    </p>
   </div>
   <div class='ocr_carea' id='block_1_81' title="bbox 1688 3391 3266 3479">
    <p class='ocr_par' dir='ltr' id='par_1_81' title="bbox 1688 3391 3266 3479">
     <span class='ocr_line' id='line_1_81' title="bbox 1688 3391 3266 3479; baseline -0.011 -17"><span class='ocrx_word' id='word_1_516' title='bbox 1688 3408 1925 3479; x_wconf 84' lang='lat' dir='ltr'><strong>positus.</strong></span> <span class='ocrx_word' id='word_1_517' title='bbox 1986 3405 2124 3458; x_wconf 93' lang='lat' dir='ltr'><strong>Cum</strong></span> <span class='ocrx_word' id='word_1_518' title='bbox 2195 3406 2342 3457; x_wconf 90' lang='lat' dir='ltr'><strong>enim</strong></span> <span class='ocrx_word' id='word_1_519' title='bbox 2396 3402 2452 3454; x_wconf 90' lang='lat' dir='ltr'><strong>in</strong></span> <span class='ocrx_word' id='word_1_520' title='bbox 2511 3398 2753 3460; x_wconf 83' lang='lat' dir='ltr'><strong>Cressis,</strong></span> <span class='ocrx_word' id='word_1_521' title='bbox 2803 3403 2863 3450; x_wconf 90' lang='lat' dir='ltr'><strong>ut</strong></span> <span class='ocrx_word' id='word_1_522' title='bbox 2906 3394 3023 3463; x_wconf 90' lang='lat' dir='ltr'><strong>jam</strong></span> <span class='ocrx_word' id='word_1_523' title='bbox 3074 3391 3266 3454; x_wconf 87' lang='lat' dir='ltr'><strong>docui.</strong></span> 
     </span>
    </p>
   </div>
   <div class='ocr_carea' id='block_1_82' title="bbox 1688 3482 3268 3565">
    <p class='ocr_par' dir='ltr' id='par_1_82' title="bbox 1688 3482 3268 3565">
     <span class='ocr_line' id='line_1_82' title="bbox 1688 3482 3268 3565; baseline -0.01 -13"><span class='ocrx_word' id='word_1_524' title='bbox 1688 3501 1891 3554; x_wconf 84' lang='lat' dir='ltr'><strong>Atreus</strong></span> <span class='ocrx_word' id='word_1_525' title='bbox 1930 3504 1987 3551; x_wconf 86' lang='lat' dir='ltr'><strong>et</strong></span> <span class='ocrx_word' id='word_1_526' title='bbox 2015 3497 2229 3565; x_wconf 84' lang='lat' dir='ltr'><strong>Aerope</strong></span> <span class='ocrx_word' id='word_1_527' title='bbox 2295 3494 2635 3562; x_wconf 88' lang='lat' dir='ltr'><strong>loquantur;</strong></span> <span class='ocrx_word' id='word_1_528' title='bbox 2699 3501 2866 3543; x_wconf 90' lang='lat' dir='ltr'><strong>scena</strong></span> <span class='ocrx_word' id='word_1_529' title='bbox 2904 3494 3086 3539; x_wconf 89' lang='lat' dir='ltr'><strong>autem</strong></span> <span class='ocrx_word' id='word_1_530' title='bbox 3146 3482 3268 3537; x_wconf 87' lang='lat' dir='ltr'><strong>sine</strong></span> 
     </span>
    </p>
   </div>
   <div class='ocr_carea' id='block_1_83' title="bbox 1688 3576 3267 3656">
    <p class='ocr_par' dir='ltr' id='par_1_83' title="bbox 1688 3576 3267 3656">
     <span class='ocr_line' id='line_1_83' title="bbox 1688 3576 3267 3656; baseline -0.011 -11"><span class='ocrx_word' id='word_1_531' title='bbox 1688 3589 2074 3645; x_wconf 88' lang='lat' dir='ltr'><strong>controversia</strong></span> <span class='ocrx_word' id='word_1_532' title='bbox 2099 3587 2173 3642; x_wconf 89' lang='lat' dir='ltr'><strong>sit</strong></span> <span class='ocrx_word' id='word_1_533' title='bbox 2212 3587 2433 3656; x_wconf 78' lang='lat' dir='ltr'><strong>Argos:</strong></span> <span class='ocrx_word' id='word_1_534' title='bbox 2471 3583 2563 3638; x_wconf 85' lang='lat' dir='ltr'><strong>vix</strong></span> <span class='ocrx_word' id='word_1_535' title='bbox 2617 3590 2715 3634; x_wconf 90' lang='lat' dir='ltr'><strong>aut</strong></span> <span class='ocrx_word' id='word_1_536' title='bbox 2764 3579 2920 3633; x_wconf 90' lang='lat' dir='ltr'><strong>nullo</strong></span> <span class='ocrx_word' id='word_1_537' title='bbox 2949 3576 3116 3630; x_wconf 92' lang='lat' dir='ltr'><strong>modo</strong></span> <span class='ocrx_word' id='word_1_538' title='bbox 3160 3584 3267 3637; x_wconf 88' lang='lat' dir='ltr'><strong>est,</strong></span> 
     </span>
    </p>
   </div>
   <div class='ocr_carea' id='block_1_84' title="bbox 1624 3665 3272 3751">
    <p class='ocr_par' dir='ltr' id='par_1_84' title="bbox 1624 3665 3272 3751">
     <span class='ocr_line' id='line_1_84' title="bbox 1624 3665 3272 3751; baseline -0.012 -14"><span class='ocrx_word' id='word_1_539' title='bbox 1624 3724 1627 3725; x_wconf 46' lang='grc' dir='ltr'><strong>ν</strong></span> <span class='ocrx_word' id='word_1_540' title='bbox 1688 3692 1749 3737; x_wconf 94' lang='lat' dir='ltr'><strong>ut</strong></span> <span class='ocrx_word' id='word_1_541' title='bbox 1772 3682 1888 3738; x_wconf 65' lang='lat' dir='ltr'><strong>haec</strong></span> <span class='ocrx_word' id='word_1_542' title='bbox 1915 3679 2299 3751; x_wconf 87' lang='lat' dir='ltr'><strong>Porphyriana</strong></span> <span class='ocrx_word' id='word_1_543' title='bbox 2325 3691 2392 3730; x_wconf 81' lang='lat' dir='ltr'><strong>ex</strong></span> <span class='ocrx_word' id='word_1_544' title='bbox 2439 3674 2633 3730; x_wconf 89' lang='lat' dir='ltr'><strong>eodem</strong></span> <span class='ocrx_word' id='word_1_545' title='bbox 2677 3672 2931 3726; x_wconf 87' lang='lat' dir='ltr'><strong>dramate</strong></span> <span class='ocrx_word' id='word_1_546' title='bbox 2984 3667 3152 3737; x_wconf 88' lang='lat' dir='ltr'><strong>petita</strong></span> <span class='ocrx_word' id='word_1_547' title='bbox 3186 3665 3272 3720; x_wconf 89' lang='lat' dir='ltr'><strong>vi-</strong></span> 
     </span>
    </p>
   </div>
   <div class='ocr_carea' id='block_1_85' title="bbox 1692 3754 3375 3836">
    <p class='ocr_par' dir='ltr' id='par_1_85' title="bbox 1692 3754 3375 3836">
     <span class='ocr_line' id='line_1_85' title="bbox 1692 3754 3375 3836; baseline -0.012 -7"><span class='ocrx_word' id='word_1_548' title='bbox 1692 3774 1954 3829; x_wconf 89' lang='lat' dir='ltr'><strong>deantur.</strong></span> <span class='ocrx_word' id='word_1_549' title='bbox 2012 3769 2167 3836; x_wconf 81' lang='lat' dir='ltr'><strong>Quod</strong></span> <span class='ocrx_word' id='word_1_550' title='bbox 2203 3767 2248 3824; x_wconf 92' lang='lat' dir='ltr'><strong>si</strong></span> <span class='ocrx_word' id='word_1_551' title='bbox 2281 3766 2427 3830; x_wconf 91' lang='lat' dir='ltr'><strong>sint,</strong></span> <span class='ocrx_word' id='word_1_552' title='bbox 2472 3761 2725 3817; x_wconf 76' lang='lat' dir='ltr'><strong>demiror</strong></span> <span class='ocrx_word' id='word_1_553' title='bbox 2776 3757 3031 3828; x_wconf 83' lang='lat' dir='ltr'><strong>equidem</strong></span> <span class='ocrx_word' id='word_1_554' title='bbox 3071 3769 3174 3809; x_wconf 92' lang='lat' dir='ltr'><strong>cur</strong></span> <span class='ocrx_word' id='word_1_555' title='bbox 3213 3754 3268 3809; x_wconf 93' lang='lat' dir='ltr'><strong>in</strong></span> <span class='ocrx_word' id='word_1_556' title='bbox 3363 3770 3375 3781; x_wconf 66' lang='grc' dir='ltr'><strong>ο</strong></span> 
     </span>
    </p>
   </div>
   <div class='ocr_carea' id='block_1_86' title="bbox 1690 3846 3271 3921">
    <p class='ocr_par' dir='ltr' id='par_1_86' title="bbox 1690 3846 3271 3921">
     <span class='ocr_line' id='line_1_86' title="bbox 1690 3846 3271 3921; baseline -0.014 0"><span class='ocrx_word' id='word_1_557' title='bbox 1690 3866 1855 3921; x_wconf 87' lang='lat' dir='ltr'><strong>Creta</strong></span> <span class='ocrx_word' id='word_1_558' title='bbox 1887 3863 2069 3917; x_wconf 87' lang='lat' dir='ltr'><strong>Minos</strong></span> <span class='ocrx_word' id='word_1_559' title='bbox 2106 3875 2233 3915; x_wconf 90' lang='lat' dir='ltr'><strong>cum</strong></span> <span class='ocrx_word' id='word_1_560' title='bbox 2271 3858 2358 3912; x_wconf 88' lang='lat' dir='ltr'><strong>his</strong></span> <span class='ocrx_word' id='word_1_561' title='bbox 2401 3852 2785 3912; x_wconf 90' lang='lat' dir='ltr'><strong>sacerdotibus</strong></span> <span class='ocrx_word' id='word_1_562' title='bbox 2828 3862 3138 3905; x_wconf 88' lang='lat' dir='ltr'><strong>sermonem</strong></span> <span class='ocrx_word' id='word_1_563' title='bbox 3181 3846 3271 3900; x_wconf 90' lang='lat' dir='ltr'><strong>in-</strong></span> 
     </span>
    </p>
   </div>
   <div class='ocr_carea' id='block_1_87' title="bbox 1692 3942 3272 4022">
    <p class='ocr_par' dir='ltr' id='par_1_87' title="bbox 1692 3942 3272 4022">
     <span class='ocr_line' id='line_1_87' title="bbox 1692 3942 3272 4022; baseline -0.016 -8"><span class='ocrx_word' id='word_1_564' title='bbox 1692 3961 1904 4016; x_wconf 87' lang='lat' dir='ltr'><strong>stituat.</strong></span> <span class='ocrx_word' id='word_1_565' title='bbox 1937 3955 2070 4022; x_wconf 59' lang='lat' dir='ltr'><strong>Quae</strong></span> <span class='ocrx_word' id='word_1_566' title='bbox 2098 3954 2245 4008; x_wconf 89' lang='lat' dir='ltr'><strong>enim</strong></span> <span class='ocrx_word' id='word_1_567' title='bbox 2282 3950 2367 4005; x_wconf 68' lang='lat' dir='ltr'><strong>hae</strong></span> <span class='ocrx_word' id='word_1_568' title='bbox 2392 3946 2724 4019; x_wconf 64' lang='lat' dir='ltr'><strong>praestigiaa‘!</strong></span> <span class='ocrx_word' id='word_1_569' title='bbox 2778 3942 3110 4013; x_wconf 88' lang='lat' dir='ltr'><strong>quibusnam</strong></span> <span class='ocrx_word' id='word_1_570' title='bbox 3154 3954 3272 3993; x_wconf 48' lang='lat' dir='ltr'><strong>mas</strong></span> 
     </span>
    </p>
   </div>
   <div class='ocr_carea' id='block_1_88' title="bbox 1691 4029 3269 4103">
    <p class='ocr_par' dir='ltr' id='par_1_88' title="bbox 1691 4029 3269 4103">
     <span class='ocr_line' id='line_1_88' title="bbox 1691 4029 3269 4103; baseline -0.014 0"><span class='ocrx_word' id='word_1_571' title='bbox 1691 4049 1877 4103; x_wconf 90' lang='lat' dir='ltr'><strong>chinis</strong></span> <span class='ocrx_word' id='word_1_572' title='bbox 1906 4046 2024 4101; x_wconf 84' lang='lat' dir='ltr'><strong>haec</strong></span> <span class='ocrx_word' id='word_1_573' title='bbox 2056 4044 2169 4098; x_wconf 79' lang='grc' dir='ltr'>ἄνω</span> <span class='ocrx_word' id='word_1_574' title='bbox 2202 4042 2296 4096; x_wconf 81' lang='grc' dir='ltr'><strong>καὶ</strong></span> <span class='ocrx_word' id='word_1_575' title='bbox 2330 4037 2521 4094; x_wconf 62' lang='lat' dir='ltr'><strong>adem?</strong></span> <span class='ocrx_word' id='word_1_576' title='bbox 2550 4035 2827 4089; x_wconf 86' lang='lat' dir='ltr'><strong>Eademne</strong></span> <span class='ocrx_word' id='word_1_577' title='bbox 2858 4034 2912 4086; x_wconf 90' lang='lat' dir='ltr'><strong>in</strong></span> <span class='ocrx_word' id='word_1_578' title='bbox 2946 4029 3131 4084; x_wconf 80' lang='lat' dir='ltr'><strong>fabula</strong></span> <span class='ocrx_word' id='word_1_579' title='bbox 3158 4036 3269 4081; x_wconf 90' lang='lat' dir='ltr'><strong>tam</strong></span> 
     </span>
    </p>
   </div>
   <div class='ocr_carea' id='block_1_89' title="bbox 1693 4108 3344 4203">
    <p class='ocr_par' dir='ltr' id='par_1_89' title="bbox 1693 4108 3344 4203">
     <span class='ocr_line' id='line_1_89' title="bbox 1693 4108 3344 4203; baseline -0.013 -8"><span class='ocrx_word' id='word_1_580' title='bbox 1693 4140 1887 4195; x_wconf 63' lang='lat' dir='ltr'><strong>alienae</strong></span> <span class='ocrx_word' id='word_1_581' title='bbox 1919 4136 2204 4192; x_wconf 67' lang='lat' dir='ltr'><strong>historiae?</strong></span> <span class='ocrx_word' id='word_1_582' title='bbox 2253 4131 2530 4203; x_wconf 86' lang='lat' dir='ltr'><strong>duplexne</strong></span> <span class='ocrx_word' id='word_1_583' title='bbox 2560 4142 2749 4190; x_wconf 87' lang='lat' dir='ltr'><strong>scena,</strong></span> <span class='ocrx_word' id='word_1_584' title='bbox 2780 4134 2834 4182; x_wconf 91' lang='lat' dir='ltr'><strong>et</strong></span> <span class='ocrx_word' id='word_1_585' title='bbox 2863 4124 3117 4196; x_wconf 77' lang='lat' dir='ltr'><strong>geminus</strong></span> <span class='ocrx_word' id='word_1_586' title='bbox 3145 4121 3273 4175; x_wconf 88' lang='lat' dir='ltr'><strong>cho-</strong></span> <span class='ocrx_word' id='word_1_587' title='bbox 3336 4108 3344 4116; x_wconf 75' lang='grc'><em>’</em></span> 
     </span>
    </p>
   </div>
   <div class='ocr_carea' id='block_1_90' title="bbox 1692 4210 3278 4294">
    <p class='ocr_par' dir='ltr' id='par_1_90' title="bbox 1692 4210 3278 4294">
     <span class='ocr_line' id='line_1_90' title="bbox 1692 4210 3278 4294; baseline -0.015 -7"><span class='ocrx_word' id='word_1_588' title='bbox 1692 4231 1826 4287; x_wconf 81' lang='lat' dir='ltr'><strong>rus?</strong></span> <span class='ocrx_word' id='word_1_589' title='bbox 1848 4228 2008 4285; x_wconf 72' lang='lat' dir='ltr'><strong>Modo</strong></span> <span class='ocrx_word' id='word_1_590' title='bbox 2038 4227 2258 4282; x_wconf 88' lang='lat' dir='ltr'><strong>Cretam</strong></span> <span class='ocrx_word' id='word_1_591' title='bbox 2298 4229 2639 4294; x_wconf 87' lang='lat' dir='ltr'><strong>spectemus,</strong></span> <span class='ocrx_word' id='word_1_592' title='bbox 2658 4217 2823 4273; x_wconf 91' lang='lat' dir='ltr'><strong>modo</strong></span> <span class='ocrx_word' id='word_1_593' title='bbox 2850 4214 3057 4283; x_wconf 77' lang='lat' dir='ltr'><strong>regiam</strong></span> <span class='ocrx_word' id='word_1_594' title='bbox 3074 4211 3228 4267; x_wconf 80' lang='lat' dir='ltr'><strong>Atrei</strong></span> <span class='ocrx_word' id='word_1_595' title='bbox 3250 4210 3278 4264; x_wconf 66' lang='grc' dir='ltr'><strong>’ἒ</strong></span> 
     </span>
    </p>
   </div>
   <div class='ocr_carea' id='block_1_91' title="bbox 1693 4302 3273 4386">
    <p class='ocr_par' dir='ltr' id='par_1_91' title="bbox 1693 4302 3273 4386">
     <span class='ocr_line' id='line_1_91' title="bbox 1693 4302 3273 4386; baseline -0.015 -6"><span class='ocrx_word' id='word_1_596' title='bbox 1693 4324 1859 4380; x_wconf 88' lang='lat' dir='ltr'><strong>modo</strong></span> <span class='ocrx_word' id='word_1_597' title='bbox 1890 4316 2342 4383; x_wconf 79' lang='lat' dir='ltr'><strong>chorusvirilis,</strong></span> <span class='ocrx_word' id='word_1_598' title='bbox 2389 4314 2597 4386; x_wconf 69' lang='lat' dir='ltr'><strong>Mystae,</strong></span> <span class='ocrx_word' id='word_1_599' title='bbox 2638 4313 2887 4380; x_wconf 86' lang='lat' dir='ltr'><strong>inquam,</strong></span> <span class='ocrx_word' id='word_1_600' title='bbox 2941 4305 3066 4360; x_wconf 66' lang='lat' dir='ltr'><strong>Idaei</strong></span> <span class='ocrx_word' id='word_1_601' title='bbox 3095 4302 3273 4367; x_wconf 73' lang='lat' dir='ltr'><strong>Jovis,</strong></span> 
     </span>
    </p>
   </div>
   <div class='ocr_carea' id='block_1_92' title="bbox 1692 4396 3273 4484">
    <p class='ocr_par' dir='ltr' id='par_1_92' title="bbox 1692 4396 3273 4484">
     <span class='ocr_line' id='line_1_92' title="bbox 1692 4396 3273 4484; baseline -0.013 -12"><span class='ocrx_word' id='word_1_602' title='bbox 1692 4416 1860 4471; x_wconf 89' lang='lat' dir='ltr'><strong>modo</strong></span> <span class='ocrx_word' id='word_1_603' title='bbox 1885 4428 2015 4484; x_wconf 69' lang='lat' dir='ltr'><strong>grex</strong></span> <span class='ocrx_word' id='word_1_604' title='bbox 2050 4410 2381 4466; x_wconf 76' lang='lat' dir='ltr'><strong>feminarum</strong></span> <span class='ocrx_word' id='word_1_605' title='bbox 2413 4404 2480 4459; x_wconf 90' lang='lat' dir='ltr'><strong>ad</strong></span> <span class='ocrx_word' id='word_1_606' title='bbox 2499 4411 2684 4475; x_wconf 88' lang='lat' dir='ltr'><strong>partes</strong></span> <span class='ocrx_word' id='word_1_607' title='bbox 2700 4399 2921 4456; x_wconf 81' lang='lat' dir='ltr'><strong>veniat?</strong></span> <span class='ocrx_word' id='word_1_608' title='bbox 2963 4396 3096 4453; x_wconf 89' lang='lat' dir='ltr'><strong>lude</strong></span> <span class='ocrx_word' id='word_1_609' title='bbox 3124 4396 3273 4451; x_wconf 87' lang='lat' dir='ltr'><strong>enim</strong></span> 
     </span>
    </p>
   </div>
   <div class='ocr_carea' id='block_1_93' title="bbox 28 4486 1513 4589">
    <p class='ocr_par' dir='ltr' id='par_1_93' title="bbox 28 4486 1506 4589">
     <span class='ocr_line' id='line_1_93' title="bbox 28 4486 1506 4589; baseline 0 -23"><span class='ocrx_word' id='word_1_610' title='bbox 28 4514 194 4582; x_wconf 69' lang='grc' dir='ltr'>Κρησὶ</span> <span class='ocrx_word' id='word_1_611' title='bbox 222 4486 378 4585; x_wconf 69' lang='grc' dir='ltr'>μίξιν</span> <span class='ocrx_word' id='word_1_612' title='bbox 400 4486 887 4586; x_wconf 26' lang='lat' dir='ltr'><strong>Haut-springs:pr</strong></span> <span class='ocrx_word' id='word_1_613' title='bbox 931 4515 1022 4568; x_wconf 80' lang='grc' dir='ltr'><strong>τὸν</strong></span> <span class='ocrx_word' id='word_1_614' title='bbox 1067 4512 1290 4589; x_wconf 57' lang='grc' dir='ltr'>ταῦρον.</span> <span class='ocrx_word' id='word_1_615' title='bbox 1317 4486 1506 4569; x_wconf 40' lang='grc' dir='ltr'>-Λὺεοι</span> 
     </span>
    </p>
   </div>
   <div class='ocr_carea' id='block_1_94' title="bbox 1791 4486 3276 4589">
    <p class='ocr_par' dir='ltr' id='par_1_94' title="bbox 1791 4486 3276 4575">
     <span class='ocr_line' id='line_1_94' title="bbox 1791 4486 3276 4575; baseline -0.015 -14"><span class='ocrx_word' id='word_1_616' title='bbox 1791 4508 1881 4561; x_wconf 89' lang='lat' dir='ltr'><strong>ula</strong></span> <span class='ocrx_word' id='word_1_617' title='bbox 1910 4503 2163 4575; x_wconf 82' lang='grc' dir='ltr'>Κρῆσσαι</span> <span class='ocrx_word' id='word_1_618' title='bbox 2193 4512 2396 4554; x_wconf 89' lang='lat' dir='ltr'><strong>nomen</strong></span> <span class='ocrx_word' id='word_1_619' title='bbox 2430 4495 2663 4564; x_wconf 89' lang='lat' dir='ltr'><strong>accepit,</strong></span> <span class='ocrx_word' id='word_1_620' title='bbox 2694 4491 2842 4565; x_wconf 90' lang='lat' dir='ltr'><strong>quod</strong></span> <span class='ocrx_word' id='word_1_621' title='bbox 2884 4490 2940 4544; x_wconf 91' lang='lat' dir='ltr'><strong>in</strong></span> <span class='ocrx_word' id='word_1_622' title='bbox 2973 4504 3036 4544; x_wconf 89' lang='lat' dir='ltr'><strong>ea</strong></span> <span class='ocrx_word' id='word_1_623' title='bbox 3067 4486 3276 4541; x_wconf 84' lang='lat' dir='ltr'><strong>chorus</strong></span> 
     </span>
    </p>
   </div>
   <div class='ocr_carea' id='block_1_95' title="bbox 30 4605 1589 4679">
    <p class='ocr_par' dir='ltr' id='par_1_95' title="bbox 30 4605 1589 4679">
     <span class='ocr_line' id='line_1_95' title="bbox 30 4605 1589 4679; baseline -0.001 -19"><span class='ocrx_word' id='word_1_624' title='bbox 30 4618 148 4674; x_wconf 75' lang='lat' dir='ltr'><strong>mus,</strong></span> <span class='ocrx_word' id='word_1_625' title='bbox 185 4609 419 4679; x_wconf 75' lang='lat' dir='ltr'><strong>Opinor,</strong></span> <span class='ocrx_word' id='word_1_626' title='bbox 483 4607 754 4663; x_wconf 85' lang='lat' dir='ltr'><strong>Joannem</strong></span> <span class='ocrx_word' id='word_1_627' title='bbox 799 4607 869 4661; x_wconf 91' lang='lat' dir='ltr'><strong>ab</strong></span> <span class='ocrx_word' id='word_1_628' title='bbox 920 4606 1071 4661; x_wconf 89' lang='lat' dir='ltr'><strong>omni</strong></span> <span class='ocrx_word' id='word_1_629' title='bbox 1102 4605 1426 4675; x_wconf 87' lang='lat' dir='ltr'><strong>suspicione</strong></span> <span class='ocrx_word' id='word_1_630' title='bbox 1461 4619 1589 4675; x_wconf 88' lang='lat' dir='ltr'><strong>pec—</strong></span> 
     </span>
    </p>
   </div>
   <div class='ocr_carea' id='block_1_96' title="bbox 32 4697 1585 4768">
    <p class='ocr_par' dir='ltr' id='par_1_96' title="bbox 32 4697 1585 4768">
     <span class='ocr_line' id='line_1_96' title="bbox 32 4697 1585 4768; baseline 0.005 -23"><span class='ocrx_word' id='word_1_631' title='bbox 32 4698 117 4751; x_wconf 76' lang='lat' dir='ltr'><strong>cati</strong></span> <span class='ocrx_word' id='word_1_632' title='bbox 149 4714 167 4749; x_wconf 87' lang='lat'>:</span> <span class='ocrx_word' id='word_1_633' title='bbox 196 4715 348 4753; x_wconf 87' lang='lat' dir='ltr'><strong>nunc</strong></span> <span class='ocrx_word' id='word_1_634' title='bbox 376 4708 433 4755; x_wconf 94' lang='lat' dir='ltr'><strong>et</strong></span> <span class='ocrx_word' id='word_1_635' title='bbox 462 4699 593 4753; x_wconf 88' lang='lat' dir='ltr'><strong>huic</strong></span> <span class='ocrx_word' id='word_1_636' title='bbox 643 4697 936 4753; x_wconf 89' lang='lat' dir='ltr'><strong>scholiasti</strong></span> <span class='ocrx_word' id='word_1_637' title='bbox 970 4697 1305 4768; x_wconf 88' lang='lat' dir='ltr'><strong>patrocinari</strong></span> <span class='ocrx_word' id='word_1_638' title='bbox 1348 4703 1585 4767; x_wconf 84' lang='lat' dir='ltr'><strong>oportet.</strong></span> 
     </span>
    </p>
   </div>
   <div class='ocr_carea' id='block_1_97' title="bbox 37 4784 1587 4860">
    <p class='ocr_par' dir='ltr' id='par_1_97' title="bbox 37 4784 1587 4860">
     <span class='ocr_line' id='line_1_97' title="bbox 37 4784 1587 4860; baseline 0.001 -19"><span class='ocrx_word' id='word_1_639' title='bbox 37 4784 126 4841; x_wconf 66' lang='lat' dir='ltr'><strong>Non</strong></span> <span class='ocrx_word' id='word_1_640' title='bbox 147 4790 296 4845; x_wconf 89' lang='lat' dir='ltr'><strong>enim</strong></span> <span class='ocrx_word' id='word_1_641' title='bbox 319 4788 558 4845; x_wconf 86' lang='lat' dir='ltr'><strong>deerunt</strong></span> <span class='ocrx_word' id='word_1_642' title='bbox 583 4789 702 4858; x_wconf 89' lang='lat' dir='ltr'><strong>qui,</strong></span> <span class='ocrx_word' id='word_1_643' title='bbox 726 4790 1046 4860; x_wconf 77' lang='lat' dir='ltr'><strong>pervulgata</strong></span> <span class='ocrx_word' id='word_1_644' title='bbox 1083 4788 1177 4853; x_wconf 74' lang='lat' dir='ltr'><strong>via</strong></span> <span class='ocrx_word' id='word_1_645' title='bbox 1201 4788 1587 4859; x_wconf 90' lang='lat' dir='ltr'><strong>quorumdam,</strong></span> 
     </span>
    </p>
   </div>
   <div class='ocr_carea' id='block_1_98' title="bbox 39 4877 1590 4950">
    <p class='ocr_par' dir='ltr' id='par_1_98' title="bbox 39 4877 1590 4950">
     <span class='ocr_line' id='line_1_98' title="bbox 39 4877 1590 4950; baseline -0.001 -20"><span class='ocrx_word' id='word_1_646' title='bbox 39 4879 107 4944; x_wconf 66' lang='lat' dir='ltr'><strong>qui</strong></span> <span class='ocrx_word' id='word_1_647' title='bbox 128 4894 429 4950; x_wconf 72' lang='lat' dir='ltr'><strong>germanos</strong></span> <span class='ocrx_word' id='word_1_648' title='bbox 451 4895 512 4935; x_wconf 87' lang='lat' dir='ltr'><strong>se</strong></span> <span class='ocrx_word' id='word_1_649' title='bbox 536 4888 738 4950; x_wconf 86' lang='lat' dir='ltr'><strong>putant</strong></span> <span class='ocrx_word' id='word_1_650' title='bbox 763 4895 890 4935; x_wconf 87' lang='lat' dir='ltr'><strong>esse</strong></span> <span class='ocrx_word' id='word_1_651' title='bbox 910 4878 1289 4940; x_wconf 81' lang='lat' dir='ltr'><strong>Aristarchos,</strong></span> <span class='ocrx_word' id='word_1_652' title='bbox 1319 4877 1590 4946; x_wconf 76' lang='lat' dir='ltr'><strong>extemplo</strong></span> 
     </span>
    </p>
   </div>
   <div class='ocr_carea' id='block_1_99' title="bbox 41 4971 1587 5045">
    <p class='ocr_par' dir='ltr' id='par_1_99' title="bbox 41 4971 1587 5045">
     <span class='ocr_line' id='line_1_99' title="bbox 41 4971 1587 5045; baseline -0.002 -18"><span class='ocrx_word' id='word_1_653' title='bbox 41 4983 120 5037; x_wconf 78' lang='lat' dir='ltr'><strong>pro</strong></span> <span class='ocrx_word' id='word_1_654' title='bbox 172 4975 345 5030; x_wconf 82' lang='lat' dir='ltr'><strong>verbo</strong></span> <span class='ocrx_word' id='word_1_655' title='bbox 392 4975 584 5045; x_wconf 73' lang='grc' dir='ltr'>Κρησὶ</span> <span class='ocrx_word' id='word_1_656' title='bbox 637 4973 986 5029; x_wconf 84' lang='lat' dir='ltr'><strong>contendent</strong></span> <span class='ocrx_word' id='word_1_657' title='bbox 1028 4987 1152 5028; x_wconf 89' lang='lat' dir='ltr'><strong>esse</strong></span> <span class='ocrx_word' id='word_1_658' title='bbox 1211 4971 1587 5041; x_wconf 86' lang='lat' dir='ltr'><strong>reponendum</strong></span> 
     </span>
    </p>
   </div>
   <div class='ocr_carea' id='block_1_100' title="bbox 42 5048 1586 5135">
    <p class='ocr_par' dir='ltr' id='par_1_100' title="bbox 42 5048 1586 5135">
     <span class='ocr_line' id='line_1_100' title="bbox 42 5048 1586 5135; baseline -0.003 -20"><span class='ocrx_word' id='word_1_659' title='bbox 42 5061 325 5135; x_wconf 67' lang='grc' dir='ltr'>Κρήσσαις.</span> <span class='ocrx_word' id='word_1_660' title='bbox 368 5064 717 5121; x_wconf 80' lang='lat' dir='ltr'><strong>Peretentim</strong></span> <span class='ocrx_word' id='word_1_661' title='bbox 777 5072 985 5126; x_wconf 90' lang='lat' dir='ltr'><strong>tamen,</strong></span> <span class='ocrx_word' id='word_1_662' title='bbox 1029 5071 1089 5117; x_wconf 84' lang='lat' dir='ltr'><strong>et</strong></span> <span class='ocrx_word' id='word_1_663' title='bbox 1154 5048 1586 5131; x_wconf 80' lang='lat' dir='ltr'><strong>aliquantisper,</strong></span> 
     </span>
    </p>
   </div>
   <div class='ocr_carea' id='block_1_101' title="bbox 45 5152 1587 5223">
    <p class='ocr_par' dir='ltr' id='par_1_101' title="bbox 45 5152 1587 5223">
     <span class='ocr_line' id='line_1_101' title="bbox 45 5152 1587 5223; baseline -0.004 -13"><span class='ocrx_word' id='word_1_664' title='bbox 45 5168 142 5223; x_wconf 85' lang='lat' dir='ltr'><strong>oro,</strong></span> <span class='ocrx_word' id='word_1_665' title='bbox 174 5175 393 5214; x_wconf 81' lang='lat' dir='ltr'><strong>manum</strong></span> <span class='ocrx_word' id='word_1_666' title='bbox 418 5159 770 5222; x_wconf 87' lang='lat' dir='ltr'><strong>abstineant;</strong></span> <span class='ocrx_word' id='word_1_667' title='bbox 793 5158 923 5212; x_wconf 91' lang='lat' dir='ltr'><strong>dum</strong></span> <span class='ocrx_word' id='word_1_668' title='bbox 967 5155 1226 5211; x_wconf 89' lang='lat' dir='ltr'><strong>tribunos</strong></span> <span class='ocrx_word' id='word_1_669' title='bbox 1266 5155 1454 5210; x_wconf 87' lang='lat' dir='ltr'><strong>adeam</strong></span> <span class='ocrx_word' id='word_1_670' title='bbox 1492 5152 1587 5222; x_wconf 83' lang='lat' dir='ltr'><strong>qui</strong></span> 
     </span>
    </p>
   </div>
   <div class='ocr_carea' id='block_1_102' title="bbox 48 5243 1588 5306">
    <p class='ocr_par' dir='ltr' id='par_1_102' title="bbox 48 5243 1588 5306">
     <span class='ocr_line' id='line_1_102' title="bbox 48 5243 1588 5306; baseline 0 -7"><span class='ocrx_word' id='word_1_671' title='bbox 48 5243 362 5306; x_wconf 84' lang='lat' dir='ltr'><strong>intercedant</strong></span> <span class='ocrx_word' id='word_1_672' title='bbox 412 5258 584 5305; x_wconf 70' lang='lat' dir='ltr'><strong>tanta:</strong></span> <span class='ocrx_word' id='word_1_673' title='bbox 612 5248 927 5304; x_wconf 88' lang='lat' dir='ltr'><strong>temeritati.</strong></span> <span class='ocrx_word' id='word_1_674' title='bbox 986 5245 1133 5301; x_wconf 84' lang='lat' dir='ltr'><strong>Ecce</strong></span> <span class='ocrx_word' id='word_1_675' title='bbox 1177 5246 1378 5301; x_wconf 90' lang='lat' dir='ltr'><strong>iterum</strong></span> <span class='ocrx_word' id='word_1_676' title='bbox 1424 5244 1588 5300; x_wconf 86' lang='lat' dir='ltr'><strong>scho-</strong></span> 
     </span>
    </p>
   </div>
   <div class='ocr_carea' id='block_1_103' title="bbox 48 5334 1126 5410">
    <p class='ocr_par' dir='ltr' id='par_1_103' title="bbox 48 5334 1126 5410">
     <span class='ocr_line' id='line_1_103' title="bbox 48 5334 1126 5410; baseline -0.002 -18"><span class='ocrx_word' id='word_1_677' title='bbox 48 5334 207 5396; x_wconf 85' lang='lat' dir='ltr'><strong>liastes</strong></span> <span class='ocrx_word' id='word_1_678' title='bbox 238 5342 306 5397; x_wconf 88' lang='lat' dir='ltr'><strong>ad</strong></span> <span class='ocrx_word' id='word_1_679' title='bbox 340 5344 456 5398; x_wconf 66' lang='lat' dir='ltr'><strong>haec</strong></span> <span class='ocrx_word' id='word_1_680' title='bbox 483 5342 657 5397; x_wconf 80' lang='lat' dir='ltr'><strong>verba</strong></span> <span class='ocrx_word' id='word_1_681' title='bbox 687 5339 1085 5410; x_wconf 80' lang='lat' dir='ltr'><strong>Aristophanis</strong></span> <span class='ocrx_word' id='word_1_682' title='bbox 1112 5354 1126 5390; x_wconf 90' lang='lat'><strong>:</strong></span> 
     </span>
    </p>
   </div>
   <div class='ocr_carea' id='block_1_104' title="bbox 270 5448 1239 5520">
    <p class='ocr_par' dir='ltr' id='par_1_104' title="bbox 270 5448 1239 5520">
     <span class='ocr_line' id='line_1_104' title="bbox 270 5448 1239 5520; baseline -0.006 -11"><span class='ocrx_word' id='word_1_683' title='bbox 270 5454 452 5514; x_wconf 72' lang='grc' dir='ltr'><strong>Ἀλλ’,</strong></span> <span class='ocrx_word' id='word_1_684' title='bbox 491 5448 540 5507; x_wconf 84' lang='grc' dir='ltr'><em>ὦ</em></span> <span class='ocrx_word' id='word_1_685' title='bbox 577 5450 828 5520; x_wconf 79' lang='grc' dir='ltr'>Κρῆτες,</span> <span class='ocrx_word' id='word_1_686' title='bbox 865 5451 1023 5517; x_wconf 81' lang='grc' dir='ltr'>Ἴδης</span> <span class='ocrx_word' id='word_1_687' title='bbox 1054 5449 1239 5504; x_wconf 81' lang='grc' dir='ltr'>τέκνα</span> 
     </span>
    </p>
   </div>
   <div class='ocr_carea' id='block_1_105' title="bbox 264 5522 1219 5590">
    <p class='ocr_par' dir='ltr' id='par_1_105' title="bbox 264 5522 1219 5590">
     <span class='ocr_line' id='line_1_105' title="bbox 264 5522 1219 5590; baseline -0.007 -11"><span class='ocrx_word' id='word_1_688' title='bbox 264 5526 339 5579; x_wconf 74' lang='grc' dir='ltr'><em>Τὰ</em></span> <span class='ocrx_word' id='word_1_689' title='bbox 366 5525 515 5588; x_wconf 78' lang='grc' dir='ltr'>τόξα</span> <span class='ocrx_word' id='word_1_690' title='bbox 542 5524 833 5588; x_wconf 71' lang='grc' dir='ltr'>λαϐόντες</span> <span class='ocrx_word' id='word_1_691' title='bbox 858 5522 1219 5590; x_wconf 80' lang='grc' dir='ltr'><strong>ἐπαμύνατε.</strong></span> 
     </span>
    </p>
   </div>
   <div class='ocr_carea' id='block_1_106' title="bbox 56 5605 1585 5684">
    <p class='ocr_par' dir='ltr' id='par_1_106' title="bbox 56 5605 1585 5684">
     <span class='ocr_line' id='line_1_106' title="bbox 56 5605 1585 5684; baseline 0.001 -25"><span class='ocrx_word' id='word_1_692' title='bbox 56 5605 223 5675; x_wconf 75' lang='grc' dir='ltr'>Ταῦτα,</span> <span class='ocrx_word' id='word_1_693' title='bbox 245 5613 341 5677; x_wconf 89' lang='lat' dir='ltr'><strong>ait,</strong></span> <span class='ocrx_word' id='word_1_694' title='bbox 380 5614 533 5684; x_wconf 73' lang='grc' dir='ltr'>παρὰ</span> <span class='ocrx_word' id='word_1_695' title='bbox 579 5612 646 5667; x_wconf 72' lang='grc' dir='ltr'><strong>τὰ</strong></span> <span class='ocrx_word' id='word_1_696' title='bbox 694 5613 760 5665; x_wconf 85' lang='grc' dir='ltr'><strong>ὲκ</strong></span> <span class='ocrx_word' id='word_1_697' title='bbox 804 5609 1050 5679; x_wconf 79' lang='grc' dir='ltr'>Κρητῶν</span> <span class='ocrx_word' id='word_1_698' title='bbox 1084 5607 1396 5679; x_wconf 77' lang='grc' dir='ltr'>Εὐριπίδου.</span> <span class='ocrx_word' id='word_1_699' title='bbox 1454 5607 1585 5663; x_wconf 82' lang='lat' dir='ltr'><strong>Bina</strong></span> 
     </span>
    </p>
   </div>
   <div class='ocr_carea' id='block_1_107' title="bbox 53 5699 1586 5773">
    <p class='ocr_par' dir='ltr' id='par_1_107' title="bbox 53 5699 1586 5773">
     <span class='ocr_line' id='line_1_107' title="bbox 53 5699 1586 5773; baseline 0.001 -22"><span class='ocrx_word' id='word_1_700' title='bbox 53 5700 264 5765; x_wconf 79' lang='lat' dir='ltr'><strong>profecto</strong></span> <span class='ocrx_word' id='word_1_701' title='bbox 290 5716 419 5760; x_wconf 87' lang='lat' dir='ltr'><strong>sunt</strong></span> <span class='ocrx_word' id='word_1_702' title='bbox 440 5705 693 5759; x_wconf 83' lang='lat' dir='ltr'><strong>dramata</strong></span> <span class='ocrx_word' id='word_1_703' title='bbox 761 5702 978 5773; x_wconf 78' lang='grc' dir='ltr'>Κρῆτες</span> <span class='ocrx_word' id='word_1_704' title='bbox 1011 5708 1066 5757; x_wconf 86' lang='lat' dir='ltr'><strong>et</strong></span> <span class='ocrx_word' id='word_1_705' title='bbox 1095 5699 1385 5771; x_wconf 81' lang='grc' dir='ltr'>Κρῆσσαι,</span> <span class='ocrx_word' id='word_1_706' title='bbox 1418 5714 1586 5771; x_wconf 77' lang='lat' dir='ltr'><strong>argu-</strong></span> 
     </span>
    </p>
   </div>
   <div class='ocr_carea' id='block_1_108' title="bbox 60 5792 1586 5874">
    <p class='ocr_par' dir='ltr' id='par_1_108' title="bbox 60 5792 1586 5874">
     <span class='ocr_line' id='line_1_108' title="bbox 60 5792 1586 5874; baseline 0.001 -29"><span class='ocrx_word' id='word_1_707' title='bbox 60 5804 209 5849; x_wconf 79' lang='lat' dir='ltr'><strong>nento</strong></span> <span class='ocrx_word' id='word_1_708' title='bbox 244 5803 400 5870; x_wconf 79' lang='lat' dir='ltr'><strong>longe</strong></span> <span class='ocrx_word' id='word_1_709' title='bbox 426 5796 711 5874; x_wconf 77' lang='lat' dir='ltr'><strong>dissimili.</strong></span> <span class='ocrx_word' id='word_1_710' title='bbox 750 5795 1004 5852; x_wconf 65' lang='lat' dir='ltr'><strong>Personae</strong></span> <span class='ocrx_word' id='word_1_711' title='bbox 1052 5793 1280 5848; x_wconf 89' lang='lat' dir='ltr'><strong>omnino</strong></span> <span class='ocrx_word' id='word_1_712' title='bbox 1335 5792 1458 5849; x_wconf 73' lang='lat' dir='ltr'><strong>alia:</strong></span> <span class='ocrx_word' id='word_1_713' title='bbox 1505 5792 1586 5847; x_wconf 90' lang='lat' dir='ltr'><strong>in-</strong></span> 
     </span>
    </p>
   </div>
   <div class='ocr_carea' id='block_1_109' title="bbox 1696 4579 3270 4655">
    <p class='ocr_par' dir='ltr' id='par_1_109' title="bbox 1696 4579 3270 4655">
     <span class='ocr_line' id='line_1_109' title="bbox 1696 4579 3270 4655; baseline -0.017 -1"><span class='ocrx_word' id='word_1_714' title='bbox 1696 4601 1769 4655; x_wconf 90' lang='lat' dir='ltr'><strong>sit</strong></span> <span class='ocrx_word' id='word_1_715' title='bbox 1797 4598 2088 4652; x_wconf 90' lang='lat' dir='ltr'><strong>mulierum</strong></span> <span class='ocrx_word' id='word_1_716' title='bbox 2119 4591 2497 4651; x_wconf 88' lang='lat' dir='ltr'><strong>Cretensium,</strong></span> <span class='ocrx_word' id='word_1_717' title='bbox 2530 4585 2787 4640; x_wconf 90' lang='lat' dir='ltr'><strong>videlicet</strong></span> <span class='ocrx_word' id='word_1_718' title='bbox 2835 4595 2959 4651; x_wconf 73' lang='lat' dir='ltr'><strong>quae</strong></span> <span class='ocrx_word' id='word_1_719' title='bbox 2995 4579 3270 4645; x_wconf 87' lang='lat' dir='ltr'><strong>Aeropem</strong></span> 
     </span>
    </p>
   </div>
   <div class='ocr_carea' id='block_1_110' title="bbox 1694 4668 3273 4748">
    <p class='ocr_par' dir='ltr' id='par_1_110' title="bbox 1694 4668 3273 4748">
     <span class='ocr_line' id='line_1_110' title="bbox 1694 4668 3273 4748; baseline -0.018 0"><span class='ocrx_word' id='word_1_720' title='bbox 1694 4707 1726 4748; x_wconf 92' lang='lat' dir='ltr'><strong>e</strong></span> <span class='ocrx_word' id='word_1_721' title='bbox 1754 4690 1918 4746; x_wconf 80' lang='lat' dir='ltr'><strong>Creta</strong></span> <span class='ocrx_word' id='word_1_722' title='bbox 1950 4687 2225 4744; x_wconf 68' lang='lat' dir='ltr'><strong>comitata:</strong></span> <span class='ocrx_word' id='word_1_723' title='bbox 2258 4691 2408 4738; x_wconf 89' lang='lat' dir='ltr'><strong>sunt.</strong></span> <span class='ocrx_word' id='word_1_724' title='bbox 2464 4678 2712 4733; x_wconf 88' lang='lat' dir='ltr'><strong>Similem</strong></span> <span class='ocrx_word' id='word_1_725' title='bbox 2766 4676 2836 4728; x_wconf 90' lang='lat' dir='ltr'><strong>ob</strong></span> <span class='ocrx_word' id='word_1_726' title='bbox 2877 4685 3105 4728; x_wconf 90' lang='lat' dir='ltr'><strong>causam</strong></span> <span class='ocrx_word' id='word_1_727' title='bbox 3151 4668 3273 4722; x_wconf 83' lang='grc' dir='ltr'>Φοί-</span> 
     </span>
    </p>
   </div>
   <div class='ocr_carea' id='block_1_111' title="bbox 1693 4759 3274 4851">
    <p class='ocr_par' dir='ltr' id='par_1_111' title="bbox 1693 4759 3274 4851">
     <span class='ocr_line' id='line_1_111' title="bbox 1693 4759 3274 4851; baseline -0.014 -14"><span class='ocrx_word' id='word_1_728' title='bbox 1693 4798 1895 4842; x_wconf 89' lang='grc' dir='ltr'>νισσαι,</span> <span class='ocrx_word' id='word_1_729' title='bbox 1927 4778 2202 4851; x_wconf 82' lang='grc' dir='ltr'>Τρωάδες,</span> <span class='ocrx_word' id='word_1_730' title='bbox 2240 4772 2551 4845; x_wconf 87' lang='grc' dir='ltr'>Τραχίνιαι,</span> <span class='ocrx_word' id='word_1_731' title='bbox 2608 4768 2727 4822; x_wconf 71' lang='lat' dir='ltr'><strong>alia:</strong></span> <span class='ocrx_word' id='word_1_732' title='bbox 2750 4767 2890 4820; x_wconf 87' lang='lat' dir='ltr'><strong>bene</strong></span> <span class='ocrx_word' id='word_1_733' title='bbox 2927 4763 3111 4816; x_wconf 59' lang='lat' dir='ltr'><strong>multa;</strong></span> <span class='ocrx_word' id='word_1_734' title='bbox 3156 4759 3274 4815; x_wconf 83' lang='lat' dir='ltr'><strong>suis</strong></span> 
     </span>
    </p>
   </div>
   <div class='ocr_carea' id='block_1_112' title="bbox 1694 4850 3273 4926">
    <p class='ocr_par' dir='ltr' id='par_1_112' title="bbox 1694 4850 3273 4926">
     <span class='ocr_line' id='line_1_112' title="bbox 1694 4850 3273 4926; baseline -0.012 -2"><span class='ocrx_word' id='word_1_735' title='bbox 1694 4850 1989 4926; x_wconf 84' lang='lat' dir='ltr'><strong>vocabulis</strong></span> <span class='ocrx_word' id='word_1_736' title='bbox 2036 4866 2420 4921; x_wconf 87' lang='lat' dir='ltr'><strong>nominantur.</strong></span> <span class='ocrx_word' id='word_1_737' title='bbox 2478 4858 2591 4914; x_wconf 87' lang='lat' dir='ltr'><strong>Nec</strong></span> <span class='ocrx_word' id='word_1_738' title='bbox 2645 4869 2849 4921; x_wconf 88' lang='lat' dir='ltr'><strong>tamen,</strong></span> <span class='ocrx_word' id='word_1_739' title='bbox 2880 4850 3027 4924; x_wconf 88' lang='lat' dir='ltr'><strong>quod</strong></span> <span class='ocrx_word' id='word_1_740' title='bbox 3066 4851 3273 4905; x_wconf 85' lang='lat' dir='ltr'><strong>chorus</strong></span> 
     </span>
    </p>
   </div>
   <div class='ocr_carea' id='block_1_113' title="bbox 1695 4940 3274 5022">
    <p class='ocr_par' dir='ltr' id='par_1_113' title="bbox 1695 4940 3274 5022">
     <span class='ocr_line' id='line_1_113' title="bbox 1695 4940 3274 5022; baseline -0.018 -2"><span class='ocrx_word' id='word_1_741' title='bbox 1695 4965 1768 5020; x_wconf 90' lang='lat' dir='ltr'><strong>sit</strong></span> <span class='ocrx_word' id='word_1_742' title='bbox 1825 4959 2197 5022; x_wconf 89' lang='lat' dir='ltr'><strong>Cretensium,</strong></span> <span class='ocrx_word' id='word_1_743' title='bbox 2230 4955 2440 5011; x_wconf 86' lang='lat' dir='ltr'><strong>idcirco</strong></span> <span class='ocrx_word' id='word_1_744' title='bbox 2484 4964 2714 5008; x_wconf 87' lang='lat' dir='ltr'><strong>necesse</strong></span> <span class='ocrx_word' id='word_1_745' title='bbox 2770 4957 2876 5011; x_wconf 87' lang='lat' dir='ltr'><strong>est,</strong></span> <span class='ocrx_word' id='word_1_746' title='bbox 2916 4954 2978 5000; x_wconf 90' lang='lat' dir='ltr'><strong>ut</strong></span> <span class='ocrx_word' id='word_1_747' title='bbox 3024 4944 3078 4997; x_wconf 92' lang='lat' dir='ltr'><strong>in</strong></span> <span class='ocrx_word' id='word_1_748' title='bbox 3111 4940 3274 4999; x_wconf 87' lang='lat' dir='ltr'><strong>Crcla</strong></span> 
     </span>
    </p>
   </div>
   <div class='ocr_carea' id='block_1_114' title="bbox 1696 5031 3268 5122">
    <p class='ocr_par' dir='ltr' id='par_1_114' title="bbox 1696 5031 3268 5122">
     <span class='ocr_line' id='line_1_114' title="bbox 1696 5031 3268 5122; baseline -0.017 -10"><span class='ocrx_word' id='word_1_749' title='bbox 1696 5070 1861 5113; x_wconf 87' lang='lat' dir='ltr'><strong>scena</strong></span> <span class='ocrx_word' id='word_1_750' title='bbox 1888 5055 1963 5108; x_wconf 89' lang='lat' dir='ltr'><strong>sit</strong></span> <span class='ocrx_word' id='word_1_751' title='bbox 1998 5051 2179 5122; x_wconf 89' lang='lat' dir='ltr'><strong>posita</strong></span> <span class='ocrx_word' id='word_1_752' title='bbox 2206 5067 2220 5103; x_wconf 89' lang='lat'><strong>:</strong></span> <span class='ocrx_word' id='word_1_753' title='bbox 2259 5043 2480 5119; x_wconf 89' lang='lat' dir='ltr'><strong>quando</strong></span> <span class='ocrx_word' id='word_1_754' title='bbox 2502 5044 2638 5100; x_wconf 90' lang='lat' dir='ltr'><strong>etin</strong></span> <span class='ocrx_word' id='word_1_755' title='bbox 2664 5039 2970 5096; x_wconf 70' lang='lat' dir='ltr'><strong>thnissis</strong></span> <span class='ocrx_word' id='word_1_756' title='bbox 3012 5050 3100 5090; x_wconf 87' lang='lat' dir='ltr'><strong>res</strong></span> <span class='ocrx_word' id='word_1_757' title='bbox 3129 5031 3268 5086; x_wconf 74' lang='lat' dir='ltr'><strong>’l&#39;he~</strong></span> 
     </span>
    </p>
   </div>
   <div class='ocr_carea' id='block_1_115' title="bbox 1695 5124 3273 5215">
    <p class='ocr_par' dir='ltr' id='par_1_115' title="bbox 1695 5124 3273 5215">
     <span class='ocr_line' id='line_1_115' title="bbox 1695 5124 3273 5215; baseline -0.018 -14"><span class='ocrx_word' id='word_1_758' title='bbox 1695 5148 1779 5203; x_wconf 88' lang='lat' dir='ltr'><strong>bis</strong></span> <span class='ocrx_word' id='word_1_759' title='bbox 1807 5153 2045 5215; x_wconf 81' lang='lat' dir='ltr'><strong>aguntur</strong></span> <span class='ocrx_word' id='word_1_760' title='bbox 2072 5160 2088 5210; x_wconf 90' lang='lat'><strong>;</strong></span> <span class='ocrx_word' id='word_1_761' title='bbox 2124 5141 2355 5197; x_wconf 88' lang='lat' dir='ltr'><strong>chorum</strong></span> <span class='ocrx_word' id='word_1_762' title='bbox 2387 5146 2568 5193; x_wconf 89' lang='lat' dir='ltr'><strong>tamen</strong></span> <span class='ocrx_word' id='word_1_763' title='bbox 2634 5134 2981 5190; x_wconf 87' lang='lat' dir='ltr'><strong>constituunt</strong></span> <span class='ocrx_word' id='word_1_764' title='bbox 3012 5124 3273 5179; x_wconf 83' lang='lat' dir='ltr'><strong>mulieres</strong></span> 
     </span>
    </p>
   </div>
   <div class='ocr_carea' id='block_1_116' title="bbox 1695 5212 3275 5309">
    <p class='ocr_par' dir='ltr' id='par_1_116' title="bbox 1695 5212 3275 5309">
     <span class='ocr_line' id='line_1_116' title="bbox 1695 5212 3275 5309; baseline -0.02 -17"><span class='ocrx_word' id='word_1_765' title='bbox 1695 5212 1871 5309; x_wconf 59' lang='lat' dir='ltr'><strong>Tyriae</strong></span> <span class='ocrx_word' id='word_1_766' title='bbox 1897 5254 1910 5290; x_wconf 90' lang='lat'><strong>:</strong></span> <span class='ocrx_word' id='word_1_767' title='bbox 1938 5233 2138 5305; x_wconf 85' lang='grc' dir='ltr'>Τύριον</span> <span class='ocrx_word' id='word_1_768' title='bbox 2167 5226 2330 5300; x_wconf 75' lang='grc' dir='ltr'>οἶδμα</span> <span class='ocrx_word' id='word_1_769' title='bbox 2353 5227 2569 5282; x_wconf 84' lang='grc' dir='ltr'>λιποῠσ’</span> <span class='ocrx_word' id='word_1_770' title='bbox 2600 5225 2730 5278; x_wconf 74' lang='grc' dir='ltr'>Εὕαν</span> <span class='ocrx_word' id='word_1_771' title='bbox 2770 5214 3086 5290; x_wconf 82' lang='grc' dir='ltr'>Ἀκροοίνια-</span> <span class='ocrx_word' id='word_1_772' title='bbox 3109 5212 3275 5282; x_wconf 76' lang='grc' dir='ltr'>Λοξίᾳ</span> 
     </span>
    </p>
   </div>
   <div class='ocr_carea' id='block_1_117' title="bbox 1691 5302 3275 5390">
    <p class='ocr_par' dir='ltr' id='par_1_117' title="bbox 1691 5302 3275 5390">
     <span class='ocr_line' id='line_1_117' title="bbox 1691 5302 3275 5390; baseline -0.018 -8"><span class='ocrx_word' id='word_1_773' title='bbox 1691 5302 1982 5390; x_wconf 77' lang='grc' dir='ltr'>Φοινίσσας</span> <span class='ocrx_word' id='word_1_774' title='bbox 2025 5302 2153 5378; x_wconf 37' lang='grc' dir='ltr'><strong>’ἀπὸ</strong></span> <span class='ocrx_word' id='word_1_775' title='bbox 2216 5322 2400 5376; x_wconf 78' lang='grc' dir='ltr'>νάσου.</span> <span class='ocrx_word' id='word_1_776' title='bbox 2466 5316 2574 5374; x_wconf 83' lang='lat' dir='ltr'><strong>Sed</strong></span> <span class='ocrx_word' id='word_1_777' title='bbox 2629 5314 2761 5386; x_wconf 88' lang='lat' dir='ltr'><strong>quid</strong></span> <span class='ocrx_word' id='word_1_778' title='bbox 2808 5302 3275 5376; x_wconf 77' lang='lat' dir='ltr'><strong>tergiversamur?</strong></span> 
     </span>
    </p>
   </div>
   <div class='ocr_carea' id='block_1_118' title="bbox 1692 5399 3270 5487">
    <p class='ocr_par' dir='ltr' id='par_1_118' title="bbox 1692 5399 3270 5487">
     <span class='ocr_line' id='line_1_118' title="bbox 1692 5399 3270 5487; baseline -0.02 -10"><span class='ocrx_word' id='word_1_779' title='bbox 1692 5421 1911 5477; x_wconf 88' lang='lat' dir='ltr'><strong>Scimus</strong></span> <span class='ocrx_word' id='word_1_780' title='bbox 1928 5419 2181 5487; x_wconf 86' lang='lat' dir='ltr'><strong>Aeropen</strong></span> <span class='ocrx_word' id='word_1_781' title='bbox 2194 5413 2376 5469; x_wconf 85' lang='lat' dir='ltr'><strong>Catrei</strong></span> <span class='ocrx_word' id='word_1_782' title='bbox 2396 5411 2419 5465; x_wconf 72' lang='grc' dir='ltr'><strong><em>ΐ</em></strong></span> <span class='ocrx_word' id='word_1_783' title='bbox 2421 5411 2569 5466; x_wconf 86' lang='lat' dir='ltr'><strong>uisse</strong></span> <span class='ocrx_word' id='word_1_784' title='bbox 2585 5408 2774 5468; x_wconf 87' lang='lat' dir='ltr'><strong>tiliam,</strong></span> <span class='ocrx_word' id='word_1_785' title='bbox 2801 5399 3002 5457; x_wconf 74' lang='lat' dir='ltr'><strong>Minois</strong></span> <span class='ocrx_word' id='word_1_786' title='bbox 3021 5401 3235 5487; x_wconf 85' lang='lat' dir='ltr'><strong>neptem</strong></span> <span class='ocrx_word' id='word_1_787' title='bbox 3256 5412 3270 5455; x_wconf 67' lang='grc' dir='ltr'>ξ</span> 
     </span>
    </p>
   </div>
   <div class='ocr_carea' id='block_1_119' title="bbox 1694 5486 3272 5583">
    <p class='ocr_par' dir='ltr' id='par_1_119' title="bbox 1694 5486 3272 5583">
     <span class='ocr_line' id='line_1_119' title="bbox 1694 5486 3272 5583; baseline -0.016 -16"><span class='ocrx_word' id='word_1_788' title='bbox 1694 5522 1749 5567; x_wconf 91' lang='lat' dir='ltr'><strong>et</strong></span> <span class='ocrx_word' id='word_1_789' title='bbox 1781 5526 1892 5583; x_wconf 91' lang='lat' dir='ltr'><strong>quo</strong></span> <span class='ocrx_word' id='word_1_790' title='bbox 1920 5486 2165 5579; x_wconf 86' lang='lat' dir='ltr'><strong>tempore</strong></span> <span class='ocrx_word' id='word_1_791' title='bbox 2192 5520 2283 5562; x_wconf 86' lang='lat' dir='ltr'><strong>res</strong></span> <span class='ocrx_word' id='word_1_792' title='bbox 2305 5505 2388 5559; x_wconf 67' lang='lat' dir='ltr'><strong>hae</strong></span> <span class='ocrx_word' id='word_1_793' title='bbox 2410 5509 2707 5558; x_wconf 83' lang='lat' dir='ltr'><strong>transactae</strong></span> <span class='ocrx_word' id='word_1_794' title='bbox 2743 5505 2898 5567; x_wconf 73' lang='lat' dir='ltr'><strong>sunt,</strong></span> <span class='ocrx_word' id='word_1_795' title='bbox 2920 5491 3034 5561; x_wconf 86' lang='lat' dir='ltr'><strong>jam</strong></span> <span class='ocrx_word' id='word_1_796' title='bbox 3078 5486 3170 5542; x_wconf 92' lang='lat' dir='ltr'><strong>diu</strong></span> <span class='ocrx_word' id='word_1_797' title='bbox 3203 5488 3272 5542; x_wconf 59' lang='lat' dir='ltr'><strong>li.</strong></span> 
     </span>
    </p>
   </div>
   <div class='ocr_carea' id='block_1_120' title="bbox 1694 5581 3272 5669">
    <p class='ocr_par' dir='ltr' id='par_1_120' title="bbox 1694 5581 3272 5669">
     <span class='ocr_line' id='line_1_120' title="bbox 1694 5581 3272 5669; baseline -0.015 -7"><span class='ocrx_word' id='word_1_798' title='bbox 1694 5581 1857 5662; x_wconf 87' lang='lat' dir='ltr'><strong>heros</strong></span> <span class='ocrx_word' id='word_1_799' title='bbox 1880 5600 2211 5669; x_wconf 85' lang='lat' dir='ltr'><strong>suscepisse.</strong></span> <span class='ocrx_word' id='word_1_800' title='bbox 2259 5596 2544 5668; x_wconf 85' lang='lat' dir='ltr'><strong>Siquidem</strong></span> <span class='ocrx_word' id='word_1_801' title='bbox 2583 5595 3049 5660; x_wconf 76' lang='lat' dir='ltr'><strong>Agamemnonem</strong></span> <span class='ocrx_word' id='word_1_802' title='bbox 3082 5594 3136 5640; x_wconf 90' lang='lat' dir='ltr'><strong>et</strong></span> <span class='ocrx_word' id='word_1_803' title='bbox 3159 5581 3272 5639; x_wconf 80' lang='lat' dir='ltr'><strong>Mc-</strong></span> 
     </span>
    </p>
   </div>
   <div class='ocr_carea' id='block_1_121' title="bbox 1698 5687 3273 5766">
    <p class='ocr_par' dir='ltr' id='par_1_121' title="bbox 1698 5687 3273 5766">
     <span class='ocr_line' id='line_1_121' title="bbox 1698 5687 3273 5766; baseline -0.013 -13"><span class='ocrx_word' id='word_1_804' title='bbox 1698 5699 1917 5754; x_wconf 89' lang='lat' dir='ltr'><strong>nelaum</strong></span> <span class='ocrx_word' id='word_1_805' title='bbox 1948 5694 2090 5766; x_wconf 88' lang='lat' dir='ltr'><strong>patri</strong></span> <span class='ocrx_word' id='word_1_806' title='bbox 2147 5693 2320 5747; x_wconf 80' lang='lat' dir='ltr'><strong>fuisse</strong></span> <span class='ocrx_word' id='word_1_807' title='bbox 2351 5688 2605 5744; x_wconf 91' lang='lat' dir='ltr'><strong>conscios</strong></span> <span class='ocrx_word' id='word_1_808' title='bbox 2633 5687 3091 5743; x_wconf 85' lang='lat' dir='ltr'><strong>commemorant,</strong></span> <span class='ocrx_word' id='word_1_809' title='bbox 3145 5694 3273 5733; x_wconf 79' lang='lat' dir='ltr'><strong>cum</strong></span> 
     </span>
    </p>
   </div>
   <div class='ocr_carea' id='block_1_122' title="bbox 1696 5769 3267 5851">
    <p class='ocr_par' dir='ltr' id='par_1_122' title="bbox 1696 5769 3267 5851">
     <span class='ocr_line' id='line_1_122' title="bbox 1696 5769 3267 5851; baseline -0.015 -7"><span class='ocrx_word' id='word_1_810' title='bbox 1696 5804 1907 5844; x_wconf 73' lang='lat' dir='ltr'><strong>CtlZ‘Ilﬂltl</strong></span> <span class='ocrx_word' id='word_1_811' title='bbox 1964 5786 2108 5840; x_wconf 86' lang='lat' dir='ltr'><strong>illam</strong></span> <span class='ocrx_word' id='word_1_812' title='bbox 2166 5782 2387 5839; x_wconf 79' lang='lat' dir='ltr'><strong>feralem</strong></span> <span class='ocrx_word' id='word_1_813' title='bbox 2457 5777 2711 5850; x_wconf 72' lang='lat' dir='ltr'><strong>Thyestm</strong></span> <span class='ocrx_word' id='word_1_814' title='bbox 2768 5781 3086 5851; x_wconf 71' lang='lat' dir='ltr'><strong>apponeret.</strong></span> <span class='ocrx_word' id='word_1_815' title='bbox 3151 5769 3267 5831; x_wconf 47' lang='lat' dir='ltr'><strong>non</strong></span> 
     </span>
    </p>
   </div>
  </div>
