3760 6202
153 314 245 379 in

1244 316 1609 376 EPISTOLA
1653 316 1862 374 lucu.
1906 296 2291 376 BENTLEH.

3319 312 3426 379 742

161 424 508 496 Pbotiumque
563 434 619 482 et
649 440 983 500 anonymum
1025 428 1153 497 περὶ
1214 425 1503 497 κωμῳδῖας
1544 441 1646 480 con

1939 442 2043 489 σον,
2078 425 2320 493 κάλυψον
2344 466 2358 492 ,
2394 432 2452 479 ιιι
2491 425 2607 495 ipse
2648 425 2956 479 litterarum
2998 424 3138 481 ordo
3172 426 3424 481 testimo-

162 519 267 571 liari
297 519 472 587 possit
501 535 517 572 :
554 518 644 573 hic
686 519 829 573 enim
876 518 1065 574 omnia
1109 518 1375 588 Magnetis
1405 518 1607 585 scripta
1636 517 1733 568 de-

166 611 377 679 periisse
429 609 588 676 dicit,
643 610 796 663 οὐδὲν
838 608 1132 675 σώζεσθαι.
1168 610 1401 680 Μάγνης
1453 610 1737 680 Ἀθηναῖος

171 698 562 768 ἀγωνισάμενος
597 698 862 771 Ἀθήνῃσι
891 699 1046 761 νίκας
1078 698 1235 769 ἔσχεν
1265 704 1356 764 ια’,
1389 698 1496 751 τῶν
1522 697 1579 749 δὲ
1610 697 1738 767 δρα-

1840 516 1933 568 nio
1987 524 2094 571 est.
2134 516 2311 571 Media
2346 519 2491 573 enim
2548 517 2812 572 incedunt
2863 516 3006 571 inter
3063 516 3330 581 Ἕκλυτος
3369 526 3427 571 ct

1850 607 2195 672 Ἐκλωπξζει.
2259 608 2376 664 lloc
2413 625 2518 664 non
2578 609 2895 679 intelligens
2948 608 3175 678 pusillus
3201 610 3422 677 quidam

1838 700 2068 755 criticus
2114 700 2225 770 (qui
2262 702 2407 755 enim
2465 700 2520 755 id
2558 700 2909 764 intellexerit,
2960 700 3106 769 quod
3161 698 3423 753 nefando

173 792 344 861 μάτων
392 789 561 843 αὑτοῦ
618 790 772 843 οὐδὲν
830 789 1098 856 σώζεταιο
1156 790 1227 844 τὰ
1264 789 1321 844 δὲ
1368 788 1658 860 ὲπιφερόμε

1939 791 2059 844 dem
2095 807 2339 861 unquam
2375 792 2622 846 auditum
2666 790 2839 862 esti),
2868 790 3164 846 emendare
3190 797 3424 844 conatus

172 884 305 934 ἐστιν
334 880 509 933 ἐννέα.
874 948 883 953 _

237 970 351 1026 Non
397 983 641 1026 nostrum
684 974 824 1027 inter
850 989 939 1029 eos
970 983 1152 1029 tanta:
1184 991 1489 1045 componere
1526 976 1666 1032 lites.

237 1062 357 1133 Pag.
391 1061 515 1116 H8.
549 1062 666 1134 153]
724 1063 782 1115 ὐ
820 1064 932 1135 γὰρ
989 1065 1156 1134 σοφὸς
1208 1064 1510 1138 Εὐριπίδης
1557 1067 1741 1138 δρᾶμα

171 1154 371 1218 ἐξέθετο
410 1155 537 1225 περὶ
565 1155 660 1207 τοῦ
693 1155 1018 1223 Κύκλωπος,
1045 1158 1126 1211 ὅτι
1184 1160 1331 1228 τρεῖς
1362 1155 1506 1230 εἶχεν
1538 1160 1741 1229 ὀφθαλ-

172 1230 331 1312 μοὺςξ
350 1245 630 1314 σημαίνων
680 1247 808 1308 τοὺς
868 1249 1019 1317 τρεῖς
1079 1246 1359 1316 ἀδελφούς.
1392 1256 1445 1301 et
1481 1264 1603 1318 quae
1650 1249 1743 1304 de-

172 1335 347 1403 inceps
406 1342 733 1402 sequuntur.
761 1332 837 1390 Os
867 1334 1146 1389 hominis!
1182 1335 1419 1389 Hoceine
1467 1344 1528 1391 ut
1584 1334 1746 1389 Euri-

176 1427 321 1495 pides
348 1426 426 1480 vel
456 1426 512 1480 in
538 1427 773 1481 somniis
835 1426 1079 1482 dixerit?
1124 1427 1269 1483 Bene
1322 1426 1551 1492 factum,
1596 1430 1743 1500 quod

176 1519 334 1570 etiam
390 1530 535 1570 nunc
584 1515 821 1587 Cyclops
854 1517 1119 1587 supersit.
1167 1517 1323 1585 Quod
1378 1519 1423 1574 si
1482 1520 1557 1573 ita
1604 1534 1741 1584 rem,

182 1622 333 1683 prout
381 1621 564 1665 narrat
598 1609 862 1674 Joannes.
901 1629 960 1668 se
993 1612 1193 1667 habere
1232 1613 1542 1684 comperias
1577 1628 1591 1666 :
1637 1630 1742 1668 non

1839 890 1922 937 cst
1981 882 2308 953 ὲκλύρισον,
2355 899 2384 937 a
2442 883 2610 937 verbo
2656 881 2882 952 λυρίζω.
2918 884 3074 945 Ὀνος
3113 881 3426 937 rnehercdle

1846 974 1986 1045 πρὸς
2040 974 2230 1045 λύραν.
2290 975 2521 1029 Tantum
2598 975 2743 1029 enim
2797 974 2857 1026 τὸ
2903 973 3202 1044 ὲκλυρίζειν
3259 981 3312 1027 et
3364 972 3425 1026 τὸ

1842 1065 2140 1119 καλύπτειν
2168 1067 2570 1137 signiﬁcatione
2604 1065 2891 1132 diﬂ'erunt,

1950 1157 2223 1223 Quantum
2255 1160 2497 1229 Hypanis
2530 1157 2726 1211 Veneto
2757 1157 2928 1210 distat
2961 1154 3026 1208 ab
3054 1153 3317 1208 Eridano.

1842 1248 1966 1303 Alte
2018 1250 2267 1321 profecto
2318 1252 2449 1306 latet
2485 1251 2645 1305 ulcus
2701 1258 2906 1304 tetrum
2947 1258 3001 1302 et
3045 1245 3424 1316 κακοηθέστα-

1843 1362 1968 1399 τον’
2007 1344 2156 1415 quod
2192 1344 2297 1399 nisi
2341 1344 2616 1397 lancinata
2650 1342 2805 1412 prius
2844 1339 3104 1411 Hesychii
3138 1339 3425 1394 exisdma-

1845 1438 2019 1501 tione,
2052 1445 2218 1505 negat
2247 1436 2311 1490 ad
2344 1436 2636 1492 sanitatem
2673 1433 2898 1506 perduci
2927 1448 3109 1504 posse.
3145 1428 3426 1501 Siquidem

1844 1529 2228 1584 erubescendo
2258 1543 2493 1599 prorsus
2531 1543 2720 1583 errore
2743 1526 2930 1597 posuit
2954 1524 3307 1596 Ἐκλύτρισον
3327 1536 3428 1593 pro

1859 1622 2229 1692 Ἐλύτρωσον·
2261 1621 2409 1692 quod
2433 1621 2744 1677 rectissime
2788 1620 3010 1691 quidem
3038 1617 3441 1686 interpreteris

185 1721 366 1761 recuso
390 1707 545 1776 quin.
579 1705 729 1776 quod
758 1707 1104 1778 gravissimae
1137 1721 1310 1777 poenae
1342 1707 1462 1761 loco
1495 1706 1614 1762 fore
1642 1722 1670 1777 p

1938 1713 2107 1784 ιυψυν.
2144 1713 2266 1783 ipse
2320 1714 2669 1785 Hesychius:
2725 1712 3002 1783 Ἐλύτροις
3054 1711 3423 1779 καλύμμασι,

187 1808 286 1860 tes,
307 1813 392 1867 per
409 1812 567 1852 omne
604 1798 729 1852 vita:
752 1805 973 1868 tempus
1006 1807 1195 1853 noctes
1225 1797 1453 1867 diesque
1485 1815 1672 1855 versan

1940 1807 2252 1877 επάσμασιν.
2309 1806 2550 1878 Ἔλυτρα
2619 1806 2825 1877 κυρίως
2878 1805 2947 1858 τὰ
3005 1801 3334 1873 ἑνεὶλήματα
3390 1800 3425 1870 ἢ

194 1890 315 1943 mihi
364 1890 466 1945 sint
494 1897 550 1943 et
579 1889 864 1944 ediscendi
897 1889 1034 1944 adeo
1069 1889 1312 1945 Annales
1342 1890 1395 1943 hi
1430 1887 1739 1957 Volnsiani,

197 1980 420 2037 latalani
453 1982 596 2036 volui
620 1980 830 2038 dicere.

259 2074 355 2146 Ρη
380 2093 393 2129 :
418 2075 542 2130 2i0.
567 2075 658 2138 Ὠς
687 2077 715 2129 ὀ
750 2076 913 2145 σοφὸς
942 2075 1240 2148 Εὐριπίδης
1270 2078 1455 2149 δρᾶμα
1492 2079 1618 2150 περὶ
1645 2075 1741 2131 τοῦ

203 2168 343 2223 αὺτοῦ
364 2169 675 2240 Μελεάγρου
706 2167 943 2234 ἐξέθετο.
982 2169 1238 2241 Meleagri
1282 2173 1480 2228 fabulae
1511 2172 1743 2227 mentio-

214 2259 515 2313 neniaciunt
544 2258 884 2325 Macrobius,
928 2257 1205 2326 Stohmus,
1252 2262 1583 2317 scholiastes
1616 2261 1742 2316 Pin-

216 2352 325 2406 dari
373 2369 471 2407 cum
525 2352 674 2407 aliis.
723 2351 917 2406 Latine
973 2354 1249 2408 convertit
1308 2354 1517 2408 Attius.
1577 2352 1745 2425 llesy-

205 2444 764 2507 chilszxaewoiwse,
818 2444 1107 2508 κατέλυσε,
1162 2444 1514 2500 κατεύθυσεν.
1577 2445 1743 2517 Εὐρι-

190 2535 335 2605 πίδης
355 2535 668 2606 Μελεάγρῳ.
717 2534 883 2606 Lego,
924 2535 1270 2600 καθωσίωσε,
1305 2536 1594 2594 κατέθυσε.
1627 2536 1743 2592 Vox

174 2624 341 2679 altera
369 2641 472 2679 non
500 2627 666 2681 aliter
721 2640 886 2695 quam
924 2626 1087 2680 litura
1114 2632 1359 2680 sananda
1394 2636 1498 2681 est.
1542 2627 1745 2697 Nempe

167 2717 341 2785 primo
361 2715 624 2771 mendose
661 2716 931 2785 scriptum
966 2724 1056 2771 est
1103 2716 1399 2769 κᾱτέ).υσε’
1452 2725 1638 2787 postea
1674 2718 1741 2772 li-

30 2838 41 2865 ι
164 2809 381 2862 nntius
416 2808 616 2878 aliquis
670 2808 834 2879 paulo
892 2806 1113 2863 doctior
1159 2808 1242 2863 vel
1269 2809 1441 2863 lector
1467 2810 1742 2879 quispiam

24 2880 47 2939 θ’
158 2901 468 2965 studiosus,
501 2900 556 2955 in
591 2900 715 2954 libri
748 2900 998 2970 margine
1026 2900 1114 2956 vel
1152 2901 1334 2956 medio
1366 2901 1621 2958 fortassis
1670 2902 1747 2956 in-

12 2978 29 3062 ξ
156 3004 242 3048 ter
268 2993 577 3048 versiculos
607 2992 789 3062 spatio
826 3006 1015 3045 veram
1054 2992 1495 3048 emendationem
1517 2992 1745 3048 dederat

153 3085 448 3139 κατέθυσε.
494 3084 740 3139 Tandem
762 3082 970 3150 evenit,
1003 3091 1062 3137 ut
1098 3092 1394 3154 utrumque
1416 3086 1743 3141 vocabulum

152 3179 461 3249 coniuncte
512 3178 567 3231 in
612 3190 776 3231 versu
826 3180 1198 3245 contexteque
1228 3177 1585 3233 scriberetur.
1628 3175 1743 3232 Hac

154 3286 289 3325 sane
314 3269 533 3323 ratione
560 3282 689 3322 cum
718 3268 773 3323 in
800 3266 926 3323 aliis
949 3267 1337 3337 scriptoribus,
1363 3276 1477 3323 tum
1504 3269 1559 3323 in
1582 3267 1744 3325 Lexi-

154 3360 457 3431 cographis
498 3360 780 3430 praecipue
831 3373 942 3412 non
979 3373 1106 3413 raro
1136 3370 1423 3429 peccatum
1474 3368 1580 3415 est.
1613 3359 1745 3427 Quae

153 3450 384 3522 quidem
440 3459 667 3520 peccata
701 3464 826 3506 cum
861 3449 1005 3505 haud
1064 3449 1316 3520 cujusvis
1363 3449 1437 3505 sit
1482 3449 1740 3518 odorari;

158 3542 410 3614 proiecto
463 3555 604 3611 opus
637 3548 746 3603 est.
789 3548 850 3595 ut
884 3541 1152 3611 exemplis
1196 3540 1411 3611 aliquot
1449 3542 1745 3596 conﬁrme-

157 3649 279 3688 mus
304 3631 639 3688 sententiam
674 3638 945 3695 nostram,
975 3646 1043 3691 nc
1075 3641 1286 3687 temere
1340 3631 1641 3703 quidquam
1689 3641 1745 3688 et

160 3725 476 3781 inconsulte
503 3723 630 3777 loco
647 3721 892 3779 movisse
916 3721 1225 3777 videamur.
1248 3722 1494 3787 Ἕζελεν,
1528 3721 1741 3792 ἔϐαλεν,

164 3816 375 3870 ελιϐεν.
412 3812 758 3883 Ejiciendum
789 3823 872 3868 est
905 3812 1133 3868 verbum
1172 3814 1494 3884 posterius:
1534 3813 1743 3878 ζέλλειν

20 3600 73 3877 i

175 3912 304 3964 enim
330 3907 507 3964 eidem
544 3905 821 3977 Hesychia
850 3915 936 3961 est
968 3904 1206 3976 βάλὶειν.
1244 3906 1589 3980 Εὐηρότατον
1612 3948 1628 3974 ,
1659 3906 1746 3961 εὖ·

172 4000 285 4065 διον,
312 3999 456 4070 καλὴ
487 3997 587 4068 τῆ,
617 3998 901 4068 εὐήρυτον,
942 3995 1178 4067 εὔγειον.
1208 3997 1494 4055 Postrema
1538 3999 1643 4057 ista
1673 4002 1743 4056 ab

173 4092 507 4148 emendatore
534 4089 774 4163 quodam
798 4088 1047 4160 profecta
1071 4099 1234 4157 sunt;
1259 4092 1352 4162 qui
1384 4093 1557 4160 prima
1581 4093 1744 4150 vitio-

174 4200 221 4238 ta
258 4199 366 4239 nou
426 4185 617 4253 inepte
666 4181 889 4252 quidem
941 4193 1281 4237 correxerat.
1330 4183 1505 4240 Totus
1554 4185 1742 4255 itaque

170 4370 621 4441 τῆ.1-Φυρτοίσιν
648 4406 665 4429 ,
705 4365 956 4429 εἰκαίοις,
994 4366 1542 4438 συμπεφυραμένοις·
1585 4369 1637 4421 οἱ
1683 4368 1738 4422 δὲ

1844 1899 2223 1968 καλύμματα.
2252 1898 2534 1970 Ἐλυτρον,
2569 1896 2767 1969 δέρμα,
2801 1895 2964 1967 θήκη,
2992 1895 3249 1965 λέπυρον,
3284 1890 3426 1943 ὲνεε-

1842 1988 2015 2059 λημα,
2047 1990 2351 2061 κάλυμμα,
2380 1990 2692 2060 σκέπασμα.
2738 1989 2869 2045 Inde
2911 1985 3248 2057 ὲλυτρῶσθαι
3279 1982 3428 2054 apud

1845 2079 2276 2151 Hippocratem,
2331 2092 2385 2137 et
2432 2080 2836 2152 προσελυτροῦν
2885 2078 3030 2150 apud
3079 2079 3423 2139 Athenaeum,

1846 2172 2138 2227 involucro
2182 2183 2368 2244 tegere
2396 2188 2413 2229 :
2437 2162 2718 2229 'similiter
2758 2171 3151 2244 ὲξελυτρῶσαι,
3188 2168 3422 2230 nudare,

1845 2279 1911 2318 ex
1962 2264 2360 2334 integumentis
2406 2267 2642 2321 solvere.
2697 2252 2937 2336 Hesych.
2994 2261 3423 2332 Ἑξελύτρωσαςν

1847 2356 2205 2424 ὲγύμνωσας.
2244 2354 2417 2410 Satin‘
2463 2357 2567 2411 hoc
2592 2365 2807 2412 certum
2847 2365 2902 2410 et
2930 2355 3276 2425 exploratum
3316 2359 3423 2414 est,

1798 2445 1803 2449 ⁷
1844 2440 1889 2499 ὦ
1918 2447 2045 2516 φίλη
2098 2446 2311 2517 κεφαλὴ
2348 2447 2482 2502 Milli
2536 2446 2999 2517 iucundissime?
3026 2446 3095 2500 At
3143 2446 3427 2500 enimvero

1769 3137 1813 3195 (Σ

1845 2540 2115 2593 exclamet
2145 2539 2237 2593 hic
2284 2540 2487 2612 aliquis
2518 2559 2532 2595 :
2592 2538 2637 2595 Ο
2670 2525 2936 2610 ’Ῑιινοηεηι
2978 2537 3341 2593 conﬁdentem
3374 2546 3429 2589 et

1844 2629 2241 2682 temerarium!
2280 2635 2413 2683 tune
2449 2627 2607 2683 illum
2652 2627 3012 2700 Hesychium,
3042 2626 3427 2682 doctissimum

1845 2721 2340 2789 grammaticorum
2386 2720 2719 2793 liesychium
2755 2728 2923 2776 tantae
2952 2721 3185 2776 inscitia:
3212 2718 3426 2775 amnem

1845 2827 1970 2867 esse
1994 2813 2269 2882 suspicari
2300 2815 2472 2880 ausis,
2503 2822 2561 2868 ut
2592 2806 2955 2885 -Ἐκλύερισον
2982 2814 3285 2879 scriberet;
3319 2813 3427 2869 nisi

1846 2902 2071 2956 verbum
2102 2901 2241 2956 illud
2272 2902 2474 2958 alicubi
2517 2903 2760 2975 legisset,
2794 2903 2939 2974 apud
2992 2912 3249 2959 auctores
3280 2902 3428 2957 forte

1846 3009 1987 3068 quos
2036 2996 2202 3067 longa
2257 2994 2378 3051 dies
2431 3007 2485 3052 et
2527 2997 2697 3051 nimia
2735 3006 2985 3052 vetustas
3029 2998 3428 3052 subtraxerunt

1846 3088 2058 3143 notitia:
2101 3089 2346 3144 nostrae?
2378 3089 2394 3143 l
2432 3088 2543 3157 jam
2576 3097 2628 3145 et
2662 3089 2913 3145 .frontem
2952 3105 3088 3159 nega
3144 3091 3212 3145 de
3261 3088 3429 3144 rebus

1846 3177 2102 3247 periisse.
2140 3176 2365 3232 Placide
2401 3186 2584 3233 tamen
2630 3180 2848 3241 amabo,
2880 3194 2914 3234 ο
2957 3179 3213 3248 quisquis
3248 3193 3346 3233 es:
3375 3189 3429 3233 et

1845 3268 2093 3336 reprime
2138 3277 2190 3323 te
2220 3268 2516 3337 tantisper,
2559 3268 2689 3322 dum
2731 3269 2836 3322 alia
2879 3269 3143 3322 nonnulla
3177 3268 3424 3337 profero,

1844 3373 1967 3427 quae
2015 3366 2069 3412 te
2114 3372 2335 3429 quoque
2384 3359 2568 3427 ipsum
2609 3360 2747 3414 velis
2792 3360 2936 3415 nolis
2996 3360 3051 3413 in
3092 3361 3426 3415 sententiam

1844 3458 2094 3502 nostram
2129 3458 2327 3518 cogent
2374 3449 2631 3503 transire.
2677 3448 2812 3503 Dum
2860 3450 3006 3504 enim
3058 3465 3121 3505 ex
3183 3451 3427 3519 antiquis

1846 3538 2186 3605 scholiastls,
2220 3540 2635 3610 grammaticis,
2679 3540 2905 3606 lexicis,
2940 3554 3063 3610 qua:
3090 3556 3199 3594 non
3231 3549 3425 3596 conte-

1844 3630 2114 3683 xebantur
2145 3629 2289 3683 κατὰ
2320 3631 2583 3699 στοιχεῖον
2608 3628 2749 3702 [55],
2777 3631 2927 3684 omni
2969 3646 3033 3685 ex
3071 3639 3227 3701 parte
3260 3645 3427 3686 voca-

1846 3721 1974 3776 bula
1998 3721 2263 3786 corradit,
2295 3720 2500 3790 quibus
2539 3721 2681 3775 hanc
2712 3737 2868 3777 suam
2912 3722 3235 3793 συναγωγὴν
3270 3723 3425 3779 locu-

1846 3813 2017 3885 pletet
2044 3821 2099 3867 et
2139 3812 2401 3868 referciat
2430 3832 2443 3868 :
2480 3828 2623 3883 saepe
2650 3830 2756 3870 usu
2787 3814 2935 3871 venit
2959 3826 3016 3871 ut
3057 3816 3126 3870 ab
3152 3817 3424 3887 imperitis

1842 3904 2111 3969 librariis,
2148 3904 2243 3974 qui
2300 3919 2495 3975 parum
2551 3914 2811 3963 accurate
2859 3907 3215 3975 scripserant,
3255 3908 3339 3964 vel
3391 3924 3424 3963 a

1843 3998 1929 4053 sui
1971 3997 2250 4053 similibus
2295 3997 2734 4070 ὀνοματοθήραις
2767 4000 2821 4053 in
2861 4015 3103 4055 errorem
3164 4001 3423 4056 inductus

1843 4092 1918 4147 sit
1950 4108 1964 4145 :
1998 4105 2232 4161 qua‘que
2266 4105 2538 4161 nusquam
2573 4092 2817 4162 gentium
2845 4092 2928 4147 vel
2961 4093 3100 4148 lecta
3126 4094 3206 4149 vel
3234 4092 3423 4148 audita

1844 4191 2008 4245 sunt.
2061 4182 2370 4238 lectoribus
2436 4183 2555 4237 suis
2614 4183 2896 4239 obtrudat.
2948 4182 3088 4238 lllnd
3147 4185 3226 4241 sis
3274 4186 3419 4241 vide.

174 4280 307 4334 locus
332 4277 417 4333 sic
432 4274 858 4331 constituendus
878 4282 1000 4330 est:
1031 4274 1319 4346 Εὐήροτον,
1337 4275 1573 4346 εὔγειον,
1601 4295 1659 4332 κο

1939 4275 2214 4346 λελεδώνη,
2264 4277 2292 4329 ὁ
2334 4276 2560 4346 μυλαῖος
2598 4276 2769 4347 ἰχθύς.
2818 4275 2930 4331 Sno
2980 4279 3102 4334 loco
3140 4279 3245 4334 hoc
3276 4280 3424 4351 leges

1844 4370 1898 4423 in
1934 4369 2112 4424 littera
2152 4371 2212 4421 Δ.
2253 4367 2366 4437 Ego
2409 4385 2537 4423 vero
2588 4384 2764 4438 nugas
2810 4369 2908 4423 has
2942 4385 3064 4424 esse
3115 4386 3295 4425 meras
3324 4373 3424 4427 tibi

168 4464 351 4534 ἄλφιτα
400 4460 535 4531 οἴνῳ
565 4458 863 4527 δεδευμένα
918 4456 1425 4527 συμπεφυρμένοις.
1455 4457 1489 4512 Ἰ

1939 4462 2153 4516 nuntio:
2193 4460 2462 4528 scriptum
2486 4460 2635 4513 enim
2661 4461 2906 4530 oportuit
2943 4459 3229 4531 Ἐλεδώνη,
3259 4463 3424 4533 ὀσμύ-

159 4665 235 4703 ioe
272 4646 492 4701 vivere.
525 4640 685 4699 Nulla
711 4638 982 4695 dubitatio
1034 4649 1143 4704 est,
1172 4638 1305 4709 quin
1347 4643 1420 4696 ita
1452 4642 1742 4712 scripserit

149 4739 467 4812 Hesychius
501 4753 515 4788 :
551 4735 859 4804 Φυρτοϊσιν,
893 4731 1158 4800 ιεῑκαίοις,
1214 4735 1701 4805 συμπεφυρμένοις
1725 4755 1738 4767 .

140 4843 185 4890 οἱ
205 4837 265 4891 δὲ
295 4833 518 4900 ἄλφιτα
542 4828 672 4896 οῐνῳ
717 4825 1036 4897 δεδευμένα.
1070 4824 1111 4897 -ι-
1144 4825 1361 4881 Ἀντιδι.
1405 4827 1471 4882 ἄν
1498 4845 1605 4881 τινι
1638 4830 1744 4881 ἐνέ-

134 4928 346 5001 γμεθα,
381 4908 790 4991 ὲναντιώμεθα.
824 4920 938 4993 [54]
970 4920 1106 4975 Cum
1141 4920 1473 4975 vocabulum
1515 4921 1617 4975 huc
1649 4939 1744 4977 ve-

128 5025 248 5077 niat
280 5030 443 5088 pone
487 5011 935 5082 Ἀντιμίσθωτος,
988 5011 1133 5065 scire
1172 5010 1298 5065 licet
1327 5027 1395 5066 ex
1435 5011 1741 5071 litterarum

10 5103 39 5193 τ’
122 5114 281 5168 serie
340 5110 435 5162 sic
489 5115 774 5159 auctorem
849 5103 1163 5173 scripsisse.
1226 5103 1489 5156 ’Λντινιεν

253 5126 281 5165 e
340 5110 435 5162 sic
489 5115 774 5159 auctorem
849 5103 1163 5173 scripsisse.
1226 5103 1738 5172 ‘Avrmsvéypstia,

4 5214 7 5219 λ
118 5198 555 5270 intumum,
591 5196 788 5250 Postea
814 5195 1060 5265 quidam,
1086 5193 1179 5263 qui
1208 5193 1482 5265 deprehen

254 5198 555 5270 κτώμεθα.
591 5196 788 5250 Postea
814 5195 1060 5265 quidam,
1086 5193 1179 5263 qui
1208 5193 1569 5265 deprehendit
1592 5212 1739 5249 erra-

117 5311 274 5362 tum,
302 5289 659 5352 emendavit,
688 5287 856 5340 ἁντιδι
876 5317 903 5327 -
922 5302 1087 5356 supra
1138 5285 1588 5354 ἀντινιενέγμεοα
1640 5288 1743 5342 im-

117 5390 348 5461 posito.
376 5382 607 5437 Scimus
632 5395 823 5435 omnes
841 5380 915 5432 ita
945 5379 1059 5432 ﬁeri
1080 5379 1275 5432 solere.
1299 5378 1537 5432 Tandem
1558 5387 1740 5433 autem

120 5484 369 5550 ineptus
388 5473 670 5544 quispiam
698 5471 956 5524 librarius
976 5485 1093 5523 eam
1124 5469 1410 5537 utriusilue
1432 5469 1583 5521 vocis
1612 5484 1741 5522 con.

118 5567 522 5625 tinuationem
576 5563 729 5624 fecit,
770 5576 934 5631 quam
965 5558 1130 5613 hodie
1159 5560 1429 5613 videmus.
1461 5558 1744 5631 Ἐκλύτρι-

128 5680 253 5725 σιν,
284 5657 613 5726 ἔκλύριςον,
660 5653 922 5723 κάλυψον.
973 5653 1109 5708 illud
1143 5651 1427 5724 ἐκλύρισον
1453 5669 1519 5707 ex
1550 5654 1741 5709 eadem

130 5764 225 5810 est
246 5748 477 5805 omcina
498 5753 906 5804 correctorum.
944 5745 1177 5816 Scripsit
1204 5744 1511 5816 Hesychius
1556 5747 1741 5800 Ἐκλύ-

2 4124 59 4161 ὁ.

1 4208 53 4241 ἴ.

2 4248 7 4260 ι

1 4320 59 4350 5..

8 4492 63 4524 γ’

4 4686 37 4711 "po

166 4557 376 4610 verbum
414 4551 672 4605 ultimum
717 4562 749 4602 a
776 4554 1095 4601 correctore
1119 4546 1357 4615 quodam
1396 4563 1540 4611 esse,
1574 4566 1738 4615 quam
1843 4552 1934 4615 λος
1968 4551 2140 4621 ἰχθύς.
2181 4549 2357 4604 Piscis
2386 4557 2473 4605 est
2520 4549 2588 4604 de
2630 4550 2958 4619 polypodum
2991 4566 3225 4620 genere;
3257 4569 3422 4622 quem

1848 4650 2160 4695 memorant
2184 4640 2531 4703 Aristotcles,
2563 4640 2877 4705 Athenaeus,
2912 4642 3028 4694 alii.
3066 4641 3211 4696 idem
3251 4642 3423 4714 llesy-

1846 4732 2007 4787 chius
2043 4748 2056 4783 :
2099 4730 2366 4801 Ὀσμύλια
2402 4729 2510 4804 τῶν
2567 4729 2885 4783 πολυπόδων
2918 4732 2972 4782 at
3015 4729 3226 4795 δζαιναι
3268 4731 3425 4800 λεγό-

1849 4842 2030 4896 μεναι,
2058 4825 2155 4877 καὶ
2194 4822 2407 4894 ἰχθύδια
2436 4821 2567 4875 ποιὰ
2593 4822 2729 4876 ἄττα
2758 4821 2971 4893 εὐτελῆ.
3013 4822 3275 4893 Ὀσμύλαι
3306 4825 3426 4894 βολ-

1846 4920 2047 4970 6ιτῖναι
2107 4916 2409 4971 Θαλάσσιοι.
2466 4913 2561 4972 Sic
2620 4917 2950 4972 emendandi
3006 4926 3133 4973 sunt
3187 4919 3239 4973 hi
3295 4920 3425 4977 loci.

1847 5009 2053 5065 Videor
2086 5020 2267 5065 autem
2306 5010 2440 5063 mihi
2481 5010 2690 5077 videre,
2733 5011 2864 5080 quid
2901 5011 3197 5066 errationis
3232 5028 3424 5066 ansam

1850 5102 2124 5175 liesycbio
2148 5101 2381 5156 dederit.
2399 5099 2670 5156 Nimirum
2708 5102 2762 5155 in
2786 5110 3011 5155 auctore
3033 5117 3136 5156 suo
3158 5104 3423 5171 scriptum

1847 5203 1967 5246 erat
2001 5195 2035 5262 ἡ
2075 5192 2121 5246 δ’
2170 5191 2405 5263 ἑλεδώνη
2436 5193 2518 5247 vel
2554 5192 2729 5264 μιαρὰ
2775 5192 2820 5246 δ’
2856 5191 3087 5261 ἑλεδώνη
3118 5193 3200 5246 vel
3246 5190 3426 5246 simile

1847 5284 2130 5353 quippiam
2162 5300 2176 5334 :
2206 5282 2295 5336 ille
2322 5282 2512 5343 miser,
2543 5297 2665 5335 cum
2698 5297 2798 5335 sua
2831 5290 2991 5336 aetate
3020 5281 3141 5334 libri
3173 5288 3423 5334 carerent

1852 5375 2030 5446 signis
2056 5383 2344 5437 accentus,
2380 5374 2679 5444 δελεδώνην
2714 5374 2917 5441 piscem
2953 5370 3180 5437 eiﬁnxit,
3206 5371 3423 5441 qualem

1851 5485 2032 5537 neque
2083 5464 2316 5529 Nereus,
2369 5482 2546 5536 neque
2605 5466 2919 5534 Neptunus,
2978 5478 3079 5517 nec
3123 5463 3242 5532 ipse
3272 5471 3427 5532 pater

1845 5560 2096 5616 Oceanus
2142 5561 2447 5631 agnoverit.
2478 5558 2619 5613 Ecce
2669 5555 2814 5609 aliud
2856 5556 2985 5610 huic
3040 5555 3336 5626 genuinum
3369 5562 3428 5611 et

1846 5669 2189 5724 germanum.
2223 5652 2263 5723 ἦ·
2289 5650 2557 5715 Θολκάξει
2587 5648 2974 5721 χαλιναγωγεῖ.
3002 5647 3193 5713 Nemo,
3227 5656 3285 5702 ut
3305 5645 3427 5718 opi-

1848 5760 1973 5807 nor,
1998 5743 2216 5797 inficias
2247 5742 2433 5807 iverit,
2454 5741 2584 5813 quin
2615 5743 2685 5794 ita
2721 5740 2982 5812 scriptum
3009 5737 3192 5804 fuerit,
3217 5738 3427 5807 absque
