3760 6202
428 294 542 364 ‘M’l

1328 283 1427 345 DE
1466 282 1789 345 JOANNIS
1820 282 2139 343 usum:
2171 281 2815 344 CHRONOGIUPHIA
3108 251 3116 259 ’
3514 258 3594 350 is

440 403 602 461 stiam
643 400 907 457 devorare
949 392 1142 465 possit.
1172 388 1306 445 Mihi
1343 391 1489 469 enim
1517 429 1531 454 ,
1569 389 1661 459 qui
1694 389 1806 459 jam
1839 388 1904 443 let

2122 390 2422 469 Ἰζκουσιν
2451 391 2539 469 εις
2569 386 2997 469 γῆνκκυανέαν
3021 389 3441 469 συμεξληγάδων·

441 505 497 553 et
525 478 843 549 fastidiosus
893 501 1014 542 esse
1059 483 1227 553 cmpi,
1290 481 1449 536 dabis
1498 482 1710 557 veniam
1744 496 1759 546 ;
1793 480 1836 534 si
1858 481 2013 549 plura

441 585 696 655 rejiciens
745 588 799 635 et
849 589 1179 649 aspernans,
1216 570 1652 641 uuumqnidquid
1719 571 1861 640 quod
1911 570 2015 624 erit

442 674 800 733 bellissimum
825 682 1104 739 carpsero.
1130 665 1290 720 Velut
1323 664 1454 718 illud
1483 678 1537 733 p.
1573 663 1698 725 I72,
1736 664 1789 716 in
1819 676 2015 716 oracu-

440 772 491 824 Io
524 786 538 823 :
569 767 630 820 Ei
670 764 745 834 μὴ
763 762 1011 833 περάσας
1033 758 1233 813 Πόντου
1256 754 1480 824 κύματα
1505 752 1742 821 Σκυθίης
1776 768 1833 805 τε
1852 753 2013 819 γαῖαν

440 857 789 919 καταλάϐοις,
830 853 1053 916 Αὐλίδος
1085 867 1145 904 τε
1173 847 1472 919 χώρανςρι
1513 846 1635 899 175.
1670 842 2014 913 κατέφθασεν

438 954 531 1007 ἐπὶ
551 952 652 1022 τὴν
674 947 875 1003 Αὐλίδα
903 941 1087 1015 χώραν
1114 940 1212 1011 τῆς
1232 937 1488 1001 Σκυθίας.
1512 935 1653 991 Male
1683 950 1808 989 vero
1832 935 1906 988 sit
1929 947 2016 986 ιο-

442 1047 524 1101 bis
539 1049 807 1115 quantum
825 1044 909 1092 est
930 1034 1388 1105 geographorum.
1410 1030 1560 1099 Rogo
1581 1042 1783 1091 vos,au
1803 1024 2016 1095 Scythi-

438 1156 556 1195 cam
601 1138 747 1190 illam
778 1130 1029 1186 Aulidem
1059 1126 1278 1181 silentio
1304 1122 1727 1197 praetermissam
1745 1117 2015 1188 oportuit?

438 1229 608 1301 quid?
638 1242 703 1280 an
733 1224 876 1277 ultra
897 1218 1318 1274 Cimmeriorum
1341 1215 1475 1269 lines
1493 1212 1729 1267 latitabit
1759 1211 1883 1283 ἀέρι
1917 1210 2012 1262 καὶ

439 1318 635 1388 νεφέλῃ
657 1307 1073 1380 κεκαλυμμένη,
1101 1304 1239 1359 adeo
1273 1312 1332 1357 ιιι
1362 1316 1522 1356 nemo
1561 1308 1804 1388 vestrum
1835 1312 2010 1367 usque

436 1380 769 1477 ου’ροίξιοιὶι
799 1398 977 1453 oculis
1005 1391 1378 1449 contendere?
1413 1389 1561 1460 Euge
1590 1403 1739 1453 vero,
1768 1380 2011 1441 ὧΊωαν-

438 1502 600 1555 νίδιον
620 1513 634 1528 ·
671 1493 921 1566 profecto
950 1494 1115 1557 aptus
1151 1493 1315 1539 natus
1341 1498 1403 1568 εξ
1425 1482 1490 1537 ad
1516 1481 1700 1535 omnia
1745 1481 1927 1536 abdita
1958 1487 2011 1532 et

440 1601 653 1646 retrusa
700 1576 1125 1648 contemplanda
1158 1594 1171 1630 :
1200 1584 1312 1630 tam
1366 1574 1480 1629 acri
1504 1588 1563 1629 es
1593 1572 1708 1628 acie
1729 1580 1783 1627 et
1810 1572 2008 1626 tuentis

435 1693 487 1738 et
511 1681 822 1735 oculorum.

545 1768 649 1824 Sed
685 1775 860 1820 tamen
901 1773 1080 1816 amoto
1110 1771 1414 1831 quaramus
1431 1756 1569 1810 seria
1603 1754 1748 1809 ludo.

432 1863 722 1920 Geminam
777 1856 1110 1927 Iphigeniam
1149 1852 1314 1907 etiam
1363 1850 1516 1921 pueri
1561 1851 1744 1905 sciunt
1798 1845 2009 1917 Euripi-

386 1995 393 2001 .
434 1961 555 2010 «lem
589 1946 1001 2017 docuissemiiv
1049 1946 1107 1997 ἐν
1151 1941 1385 2013 Ταύροις
1438 1948 1490 1994 et
1540 1939 1639 2010 τὴν
1689 1940 1745 1990 ἐν
1802 1936 2006 1990 Αὐλίδι.

434 2047 699 2108 Joannes,
729 2056 854 2096 cum
891 2038 1104 2092 Tauros
1136 2049 1260 2090 esse
1298 2031 1532 2103 Scythas
1558 2030 1626 2084 ab
1658 2030 1840 2100 aliquo
1869 2029 2011 2083 didi-

434 2141 626 2202 cisset,
657 2135 820 2191 etiam
859 2130 1147 2192 Aulidem,
1177 2140 1299 2196 quae
1351 2124 1570 2179 Boeotiae
1618 2122 1878 2193 oppidum
1903 2131 2007 2184 est,

436 2232 711 2301 regionem
743 2225 810 2279 iis
847 2223 1132 2277 ﬁnitimam
1164 2234 1286 2277 esse
1322 2217 1620 2271 arbitratus
1650 2226 1753 2270 est.
1786 2213 1844 2268 P.
1871 2214 2006 2266 I73:

434 2321 670 2383 Τούτους
697 2318 753 2372 δὲ
793 2312 1099 2385 ἑωρακότες
1148 2309 1398 2380 βουκόλοι
1458 2307 1695 2376 ἔδραμον
1749 2304 1885 2375 πρὸς
1910 2304 2011 2376 τὴν

394 2451 401 2454 ν
446 2409 769 2481 Ἰφιγένειαν
816 2405 1066 2469 λέγοντες
1094 2400 1263 2469 αὑτῇ’
1290 2395 1699 2465 Ἀγαμέμνονος
1728 2393 1823 2446 καὶ
1864 2392 2011 2445 Κλυ-

432 2502 809 2575 ταιμνήστρας
860 2494 1038 2565 Κόρη,
1077 2492 1246 2562 ﬁxam.
1276 2488 1370 2542 δύο
1397 2487 1674 2542 νεανίσκοι
1728 2484 1878 2555 παρᾶ
1912 2483 2011 2555 τὴν

435 2592 671 2650 κυανέαν
690 2607 705 2622 ·
737 2603 857 2658 qua:
879 2602 947 2641 ex
977 2584 1062 2637 his
1087 2579 1394 2651 Enripideis
1414 2592 1673 2647 expressa
1714 2583 1869 2631 sunt.

435 2688 598 2739 Βουκ.
647 2679 1080 2751 Ἀγαμέμνονος
1123 2670 1267 2735 παῖ,
1323 2670 1422 2724 καὶ
1475 2665 2010 2808 Κλυταιμῖήὲἷῖρας

1252 2782 1257 2787 ~
1766 2756 1833 2789 xc
1876 2762 1879 2765 -
1920 2773 1935 2799 ,

1252 2782 1257 2787 ~
1740 2756 1935 2799 ικφη.

654 2825 877 2877 ’Ἄκουε
908 2815 1130 2872 καινῶν
1154 2812 1222 2875 ἐξ
1248 2782 1393 2880 ἐμοῦ
1426 2752 1912 2880 κηρυεινμιξτὲιῗιξξη

448 2896 570 2966 .1φ’.
660 2874 725 2947 Ti
754 2874 980 2945 alter:
1032 2884 1139 2939 τοῦ
1184 2874 1881 3017 Manassen-.063:
1901 2874 2011 2972 ,ξό-

436 3035 599 3088 Βουκ.
650 3031 948 3087 Ἥκουσιγ
997 3029 1079 3091 εις
1133 3020 1253 3091 γῆν
1326 3014 1604 3073 Κυανεᾶν
1654 3014 2011 3091 συμςτζληγά-

1790 3068 1939 3157 [δαςρ
2036 3090 2080 3149 c
2112 3069 2252 3123 xime
2272 3069 2723 3138 pronuntiatione.
2755 3068 2962 3124 Ennius
2997 3071 3053 3124 in
3078 3070 3390 3144 Iphigenia:
3413 3072 3619 3127 Menelaus

577 3169 786 3237 Πλάτῃ
810 3166 1108 3238 φυγόντες
1134 3159 1417 3227 δίπτυχοι
1445 3155 1698 3209 νεανίαι.

439 3264 605 3321 Vides
654 3260 1079 3318 Antiochensem
1108 3254 1256 3306 hunc
1290 3250 1363 3304 ita
1415 3247 1795 3319 ἐπαριστέρως
1852 3260 2010 3300 acce-

436 3357 585 3423 pisse
629 3351 958 3409 sententiam
1018 3341 1342 3414 Euripidis;
1388 3348 1646 3410 tanquam
1683 3339 1728 3393 si
1779 3339 1857 3401 εἰς
1909 3337 2012 3407 γῆν

435 3445 687 3502 Κυανέαν
741 3441 1083 3512 coujunctim
1142 3437 1394 3492 dixisset.
1430 3434 1538 3491 Vos
1565 3435 1760 3489 iterum
1798 3433 2012 3504 appello

435 3538 504 3603 de
534 3545 680 3591 terra
722 3534 828 3589 hac
901 3531 1120 3603 Cyanea
1148 3545 1163 3592 ;
1193 3543 1289 3583 vos
1322 3527 1417 3598 qui
1468 3526 1810 3599 geographiae
1845 3525 2012 3594 magi-

437 3636 588 3687 stros
618 3642 717 3681 vos
746 3618 1257 3696 pollicemini.Quid
1293 3627 1473 3675 autem
1510 3615 1855 3674 mussitatis?
1887 3631 2010 3670 nam

419 3720 704 3776 Joannem
767 3728 830 3769 ea
886 3713 1012 3767 loca
1072 3709 1379 3766 convisisse
1434 3707 1718 3765 Cedrenus
1753 3706 2009 3768 aﬂirniat,

435 3820 664 3877 prorsus
686 3802 900 3857 οἴκοθεν
932 3804 959 3855 ὁ
997 3799 1228 3871 μάρτυς.
1267 3797 1473 3851 Damno
1507 3800 1692 3866 itaque
1721 3797 2010 3851 stultitiam

435 3911 636 3963 meam,
688 3893 781 3963 qui
818 3892 1071 3945 Κυανεᾶν
1105 3904 1232 3943 cum
1287 3888 1695 3957 συμπληγάδων
1718 3903 2011 3957 compone-

435 3990 560 4042 bam
626 3986 911 4039 hactenus.
970 3984 1150 4049 Atque
1181 3979 1365 4032 hercle
1398 3993 1528 4032 vero
1568 3980 1736 4043 serio,
1780 3994 1848 4033 ne
1878 3980 2007 4048 quid
2050 4000 2053 4005 ·

430 4071 807 4131 dissimulem,
866 4081 974 4121 non
1006 4068 1187 4135 placet
1236 4066 1340 4120 iste
1377 4065 1581 4120 locus:
1627 4083 1805 4137 neque
1862 4069 2010 4122 enim

433 4163 593 4217 video
639 4175 739 4215 cur
765 4159 802 4213 ii
832 4156 1056 4210 bubulci
1112 4154 1233 4226 [421
1291 4169 1543 4210 sermone
1568 4155 1763 4211 Dorico
1790 4166 2009 4212 uteren-

432 4264 544 4308 tur.
579 4250 744 4318 Quid,
786 4250 1013 4309 malum,
1041 4261 1108 4300 an
1141 4244 1357 4301 Siculos
1401 4260 1460 4301 se
1491 4261 1613 4301 esse
1639 4247 2006 4314 somniabant,

434 4362 541 4401 non
575 4338 1063 4412 TaureoScythas?

502 4456 800 4528 Δωρισδεν
820 4453 872 4508 δ’
895 4453 1119 4519 ἔξεστι,
1142 4450 1322 4517 δοκῶ,
1356 4451 1481 4518 τοῖς
1513 4451 1890 4520 Δωριέεσσιν.

432 4574 595 4645 Atqui
629 4568 986 4642 quantumvis
1043 4572 1230 4623 essent
1285 4563 1599 4631 Dorienses,
1633 4565 1679 4620 si
1713 4565 2010 4620 πλατειάσ-

431 4664 611 4718 Emam
648 4676 802 4716 suam
846 4658 1118 4715 dialectou
1146 4667 1295 4714 extra
1338 4657 1567 4711 chorum
1605 4656 2010 4724 adhibuissent,

432 4770 530 4810 rus
569 4754 834 4807 continuo
869 4752 954 4805 vel
992 4751 1047 4804 in
1080 4749 1304 4804 ultimas
1332 4759 1512 4804 terras
1540 4749 1786 4804 mandati
1819 4759 2011 4806 essent

432 4858 541 4897 non
577 4844 694 4897 sine
726 4841 1049 4894 infortunio.
1091 4840 1284 4895 Sciunt
1334 4840 1386 4894 id
1434 4839 1527 4910 qui
1578 4840 1773 4894 harum
1805 4841 2012 4898 littera-

433 4948 556 4987 rum
616 4943 842 5001 gustum
900 4931 1135 4999 aliquem
1208 4931 1432 4986 habent.
1496 4931 1650 4986 Adde
1700 4933 2006 4990 orationem

432 5020 692 5075 solmcam
749 5030 921 5079 esse;
973 5024 1031 5069 ut
1098 5017 1320 5085 quidem
1382 5035 1528 5074 nunc
1583 5021 1815 5078 habetur
1866 5025 2011 5080 :sed

433 5122 601 5178 certe,
644 5110 689 5166 si
721 5124 819 5180 pro
851 5124 987 5162 sano
1021 5110 1235 5164 locutus
1265 5117 1368 5177 est,
1401 5112 1481 5167 sic
1530 5113 1757 5186 scripsit
1801 5114 2012 5188 Euripi-

429 5209 529 5264 des
556 5226 568 5263 :

498 5323 796 5397 Ϊῌκουσιν
842 5323 928 5397 ei;
992 5319 1135 5397 rﬁif,
1178 5323 1443 5389 κυανέας
1495 5326 1939 5397 συμπληγάδας

501 5393 707 5461 [Lirim
743 5392 1041 5463 φυγόντες
1074 5391 1354 5462 δίπτυχοι
1372 5391 1624 5449 νεανίαί.

432 5495 549 5569 aut,
576 5504 621 5558 si
682 5503 813 5559 illuc
880 5505 1134 5560 κυανέαν
1174 5506 1524 5577 antiquitatis
1565 5526 1733 5566 causa
1784 5527 2011 5569 servare

431 5592 584 5657 velis,
615 5594 1055 5665 quandoquidem
1089 5614 1195 5667 qua
1258 5600 1392 5653 vixit
1432 5600 1659 5658 Malalas
1688 5609 2010 5673 tempestate

426 5680 540 5769 jam
577 5681 631 5735 in
659 5682 815 5737 libris
842 5687 1274 5757 iuveteraverat;
1305 5691 1357 5746 in
1391 5691 1535 5746 hunc
1561 5693 1780 5757 modum
1815 5713 1826 5749 :

2121 461 2354 527 Πέτραν
2379 462 2676 528 φυγόντες
2691 485 2695 489 ν
2709 458 2984 525 δίπτυχοι
3016 459 3255 515 νεανίαι.

2124 552 2268 607 velut.
2304 559 2490 620 postea
2518 551 2777 620 loquitur,
2805 549 2976 617 Κάγώ
3000 567 3058 602 σε
3090 549 3243 613 σὼαω
3298 552 3499 617 κυανέας
3522 554 3603 618 ἔξω

2122 644 2346 715 πέτρας.
2376 644 2665 713 Eleganter
2689 650 2869 696 autem
2902 642 3141 695 κυανέαν
3170 643 3361 715 πέτραν
3410 648 3608 718 capsit;-

2121 734 2321 801 γάδων,
2348 742 2407 787 ut
2444 733 2583 787 nihil
2616 746 2800 801 supra.
2847 730 2937 785 Sic
2972 731 3255 800 Virgilius:

2121 824 2317 892 Quales
2350 823 2595 880 Threicia
2619 838 2736 877 cum
2772 823 2994 893 ﬂumina
3028 823 3426 883 Thermodontis.

2120 926 2174 972 et
2197 917 2521 974 Lucretius:

2120 1007 2497 1064 Pulaerulenta
2520 1008 2698 1076 Ceres,
2723 1020 2771 1066 et
2797 1010 2975 1065 Etesia
2994 1006 3167 1077 ﬂabra
3192 1005 3499 1076 Aquilonum.

2090 1108 2175 1154 ‘et
2199 1102 2395 1156 iterum
2440 1119 2453 1155 :

2129 1190 2197 1246 Ut
2241 1192 2569 1263 Babylonica
2603 1192 2919 1247 Chalda'unt
2945 1189 3187 1247 doctrina
3213 1188 3434 1257 refutans

2115 1293 2171 1339 et
2206 1287 2426 1340 tertium
2462 1305 2476 1341 :

2120 1379 2405 1448 [inpellant
2442 1390 2500 1432 ut
2530 1396 2648 1434 eam
2674 1378 2955 1449 Magnesia
2991 1375 3207 1446 flamina
3244 1372 3375 1426 saxi.

2120 1475 2215 1529 Sic
2246 1472 2459 1544 legendi
2515 1482 2644 1527 sunt
2673 1472 2784 1526 duo
2824 1471 2931 1525 loci
2968 1466 3279 1530 novissimi;
3305 1465 3510 1520 inlibris
3534 1465 3617 1518 vul-

2115 1565 2257 1637 gatis
2283 1565 2464 1618 minus
2490 1563 2765 1618 emendati
2823 1565 3104 1617 feruntur.
3143 1560 3199 1613 P.
3234 1552 3350 1621 I76,
3382 1555 3475 1610 Τοῦ
3503 1559 3619 1611 Πελο-

2116 1653 2271 1706 πεξου
2323 1654 2515 1723 γένους
2580 1656 2898 1724 σήμαντρον
2954 1651 3107 1722 ἔχει,
3143 1650 3321 1703 ἐλαίαν
3344 1651 3396 1702 ὲν
3417 1648 3484 1721 τῷ
3504 1649 3617 1720 ὤμῳ.

2042 1754 2084 1807 Β
2112 1744 2230 1799 lam
2273 1744 2374 1800 ltoc
2421 1761 2520 1816 pro
2571 1746 2861 1815 explorato
2905 1745 3104 1806 habeo,
3170 1741 3346 1794 ἐλαίαν
3371 1741 3432 1796 ab
3452 1745 3531 1795 hac
3558 1758 3621 1811 pe-

2111 1839 2252 1894 cude
2315 1839 2549 1908 positam
2615 1853 2740 1894 esse
2770 1854 2874 1909 pro
2899 1838 3188 1905 ὲλέφαντα.
3225 1836 3320 1890 Cui
3348 1838 3476 1890 enim
3501 1836 3620 1890 fando

2110 1930 2356 1983 auditum
2380 1937 2481 1993 est,
2519 1930 2829 2000 oleagiuum
2855 1929 3149 1982 humerum
3176 1926 3340 1980 luisse
3360 1926 3547 1995 Pelopi?

2110 2037 2216 2093 Cui
2245 2056 2347 2092 non
2389 2039 2564 2093 dictus
2596 2038 2770 2109 Hylas
2799 2055 2934 2108 puer
2961 2050 3007 2092 et
3044 2037 3270 2092 Latonia
3306 2035 3449 2091 Delos

2113 2110 2547 2179 Hippodameque
2573 2108 2896 2178 Imnteroque
2936 2109 3122 2176 Pelops
3152 2109 3364 2176 insignis
3422 2108 3604 2161 eburno?

2230 2200 2394 2253 Ἐπεί
2421 2217 2521 2254 νιν
2548 2201 2814 2268 καθαροῦ
2848 2201 3111 2267 λέϐητος
3136 2199 3307 2264 ἔξελε

2214 2269 2432 2340 ἕλ’λωθὼ
2470 2271 2757 2339 ἐλέφαντι
2784 2272 3077 2340 φαίδιμον

2215 2336 2410 2409 Ὦμον
2437 2336 2832 2410 κεκαδμένοὶθ.

2110 2430 2232 2484 Alia
2258 2430 2427 2485 multa
2452 2428 2567 2503 [45]
2588 2439 2718 2485 sunt
2736 2429 2879 2502 apud
2911 2430 3167 2486 Malalam
3192 2449 3260 2489 ex
3281 2434 3454 2490 eadem
3490 2432 3618 2486 fabula

2112 2522 2344 2587 tralata,
2403 2537 2525 2590 qua:
2576 2523 2745 2577 missa
2777 2523 2946 2576 facio.
3008 2524 3123 2578 Cur
3170 2527 3311 2579 enim
3349 2540 3426 2578 Ille
3470 2524 3618 2577 tinaci-

2113 2614 2262 2685 pium
2327 2612 2529 2667 faciam
2598 2613 3093 2683 παραφρονοῦντος
3123 2616 3413 2672 δεσπότουῖ
3456 2615 3617 2684 Hajoris

2124 2700 2291 2755 luerit
2331 2706 2385 2755 et
2418 2691 2716 2772 voluptatis
2770 2711 2825 2756 et
2885 2702 3105 2759 fructus
3158 2720 3489 2776 cognoscere,
3534 2717 3616 2771 qua

2115 2808 2355 2846 summus
2386 2803 2539 2858 poeta
2582 2794 2786 2847 Ennius
2811 2793 2880 2848 de
2912 2795 3100 2862 priore
3133 2795 3403 2868 Iphigenia
3451 2811 3619 2850 convcr-

2113 2882 2199 2937 tit.
2258 2881 2439 2945 Julius
2510 2884 3157 2956 llulitiianusdeliguris
3218 2891 3617 2944 sententiarnmet
3710 2906 3711 2959 λ

2113 2975 2445 3031 elocutionis
2486 2995 2498 3031 :
2535 2976 2908 3046 Aganactesis,
2970 2978 3298 3048 indignatio,
3335 2998 3441 3051 quc
3464 2983 3513 3050 ﬁt
3541 2996 3619 3031 na-

2113 3176 2194 3213 me
2229 3159 2500 3231 objurgat,
2533 3159 2588 3213 id
2621 3164 2750 3216 meis
2785 3162 2941 3221 rebus
2972 3170 3211 3238 regimen
3248 3178 3423 3222 restat.
3465 3163 3620 3219 Dormi-

2114 3254 2248 3304 tavit
2268 3253 2354 3305 hic
2388 3254 2469 3303 vir
2499 3267 2752 3309 suunnus
2786 3253 2915 3311 Ger.
2948 3256 3209 3315 Vossius.
3246 3258 3396 3322 Nam,
3428 3259 3469 3311 si
3502 3270 3619 3311 unam

2114 3342 2380 3411 syllabam
2431 3344 2735 3409 addideris,
2792 3350 3116 3406 trochaicus
3166 3353 3272 3406 erit
3318 3348 3620 3406 catalt‘ctictts.

2115 3429 2390 3487 Menelaus
2425 3451 2504 3488 me
2540 3436 2790 3507 objurgat
2820 3457 2834 3492 :
2866 3438 2922 3492 id
2952 3443 3090 3496 meis
3134 3443 3291 3497 rebus
3360 3442 3547 3582 refixum
3565 3452 3622 3490 te

2970 3518 2975 3521 '
3431 3512 3576 3568 rtitat;

2970 3518 2975 3521 '
3407 3512 3421 3568 Ι
3431 3512 3576 3568 rtitat;

2114 3592 2260 3662 quod
2293 3609 2467 3664 genus
2499 3613 2692 3652 versus
2722 3600 3178 3657 commmlissime
3198 3603 3419 3658 inservit
3445 3604 3499 3671 τῇ
3524 3603 3620 3665 ἀγα·

2117 3685 2382 3754 νακτήσει
2409 3701 2423 3716 ο
2457 3694 2515 3739 ut
2547 3688 2639 3741 ditt
2694 3698 2779 3743 est
2832 3693 2976 3759 quod
3007 3693 3126 3760 ipse
3154 3696 3206 3747 in
3252 3696 3456 3764 tragicis
3473 3689 3622 3744 ϐηεπὶε
3710 3684 3711 3753 ἶ

2111 3774 2434 3842 observavi;
2466 3779 2784 3847 priusquam
2831 3782 2881 3835 id
2911 3782 2980 3837 de
3005 3786 3305 3840 scholiaste
3338 3779 3621 3850 Hermogenis

2113 3866 2447 3922 didicissem.
2485 3868 2629 3923 Idem
2660 3870 2989 3928 Ruﬁnianus
3019 3886 3214 3945 postea
3249 3895 3263 3931 :
3290 3872 3622 3946 Syncrisissirt
3710 3894 3711 3937 ς

2112 3959 2389 4013 antithesis
2424 3965 2747 4029 comparatio
2777 3982 2951 4019 rerum
2988 3977 3148 4038 atque
3169 3984 3489 4033 personarum
3528 3966 3624 4018 inter
3710 4016 3711 4019 η

2112 4066 2168 4105 se
2199 4053 2590 4106 contrariarum
2621 4070 2639 4107 :
2665 4067 2740 4121 ut,
2764 4074 2856 4126 ego
2883 4059 3112 4126 plector,
3138 4062 3276 4130 quod
3305 4072 3356 4115 tu
3387 4064 3621 4130 peccas:ts

2118 4141 2406 4224 delinquis,
2424 4161 2517 4214 ego
2545 4162 2745 4215 arguor
2772 4165 2869 4217 pro
2899 4151 3209 4219 malefactis
3232 4167 3250 4205 .'
3273 4151 3455 4206 Helena
3471 4149 3619 4206 redeat.

2113 4234 2259 4302 virgo
2292 4243 2469 4302 pereat
2522 4236 2768 4292 innocens
2802 4256 2823 4294 :
2861 4249 2955 4293 tua
2993 4245 3364 4297 reconcilietur
3382 4256 3515 4304 uxor,
3539 4252 3619 4291 mea

2112 4337 2323 4379 necetur
2348 4326 2486 4396 ﬁlia.
2521 4327 2679 4383 Ilunc
2733 4331 2894 4384 ctiam
2949 4332 3131 4387 locum
3164 4335 3230 4387 ad
3263 4333 3413 4387 Ennii
3460 4330 3620 4396 Iphige-

2043 4423 2087 4478 D
2118 4417 2261 4471 niam
2304 4417 2471 4473 refert
2497 4418 2752 4475 Italorum
2783 4422 3146 4481 doctissimus
3195 4419 3618 4495 HieronymusCo-

2114 4507 2300 4561 lumna
2334 4509 2542 4564 :invito
2565 4518 2744 4565 tamen
2766 4519 2820 4566 et
2848 4525 3193 4584 repugnante
3238 4514 3441 4578 Vossio,
3470 4511 3615 4583 partim
3710 4524 3711 4533 η

2111 4598 2236 4667 quia
2271 4608 2468 4654 auctor
2501 4616 2612 4655 non
2647 4602 2920 4671 laudatur,
2979 4607 3178 4674 partim
3210 4607 3335 4677 quia
3367 4621 3459 4659 non
3483 4603 3617 4656 vincia

2112 4689 2209 4745 sed
2266 4691 2535 4759 pedestris
2572 4696 2752 4748 oratio
2772 4703 2892 4761 est;
2920 4688 2985 4750 ad
3018 4699 3170 4766 quod
3204 4700 3415 4759 mirum,
3441 4694 3519 4758 ait,
3539 4705 3614 4744 non

2110 4779 2411 4835 attendisse
2447 4782 2793 4837 Columuam.
2860 4782 3059 4839 Peccet
3106 4786 3391 4853 Columna,
3411 4792 3458 4839 et
3474 4787 3615 4853 peccat

2111 4870 2352 4939 quidem,
2386 4872 2440 4926 in
2468 4875 2719 4929 versibus
2757 4891 2773 4942 ;
2804 4891 2906 4944 ego
2947 4891 3095 4942 vero,
3134 4894 3258 4933 eum
3295 4879 3448 4933 certis
3488 4869 3616 4940 siSnis

2113 4960 2260 5017 hunc
2310 4961 2471 5016 Ennii
2534 4963 2703 5020 letum
2767 4981 3124 5036 cognoscam,
3183 4984 3290 5024 non
3345 4966 3613 5023 committam

2112 5062 2170 5107 ut
2222 5053 2411 5118 alium,
2469 5069 2637 5123 quam
2695 5070 2805 5125 quo
2845 5068 3006 5114 natus
3056 5067 3178 5127 est,
3238 5066 3491 5129 parentem
3536 5047 3610 5104 sibi

2111 5145 2376 5201 inveniat.
2445 5144 2651 5202 Versus
2703 5149 2850 5202 enim
2910 5163 3038 5204 sunt
3069 5150 3374 5215 Trochaici,
3396 5165 3451 5202 vx
3471 5144 3609 5200 eadem

2114 5245 2245 5308 puto
2274 5252 2439 5294 scena
2467 5240 2639 5308 petiti,
2663 5254 2769 5309 qua
2793 5242 3048 5310 superior
3088 5251 3175 5298 est
3200 5260 3214 5296 :

2119 5327 2186 5383 Ut
2216 5346 2308 5400 ego
2340 5329 2565 5400 plectar,
2626 5331 2768 5401 quod
2808 5341 2865 5385 tu
2893 5350 3122 5403 peccas;
3156 5347 3213 5388 tu
3260 5330 3508 5400 delinquis
3544 5334 3611 5391 99"

3379 5424 3562 5495 [argrnr

2111 5516 2221 5567 Pro
2260 5515 2559 5584 ma'efactis
2586 5518 2611 5573 7
2638 5515 2840 5572 Helena
2863 5518 3065 5583 redeat,
3104 5520 3247 5590 virgo
3284 5525 3444 5586 pereat
3493 5513 3604 5559 inm-

2207 5616 2213 5621 '
3404 5598 3561 5679 [censi

2117 5696 2230 5752 Tua
2269 5701 2637 5755 reconcilietur
2668 5718 2822 5772 uxor,
2846 5720 2962 5759 mea
2993 5716 3199 5761 necetur
3222 5704 3374 5774 ﬁlia?
