3760 6202
203 278 287 346 ῗεξζ)

1223 268 1589 333 EPISTULA
1631 267 1842 329 RICil.
1884 262 2266 366 BE‘NTLEH.

3282 266 3391 331 Ἰἥο

196 397 293 450 Non
337 388 570 460 amplius,
606 385 744 457 quod
794 385 989 445 sciam.
1027 385 1325 455 Euripides
1349 401 1379 439 a
1417 384 1608 438 ilalala
1630 382 1707 436 ci-

2064 380 2423 445 Πετισςὼνιος
2456 383 2483 435 ὁ
2513 380 2771 452 κωμῳδὸς
2792 378 3013 453 Φαραώ.
3039 381 3179 449 Quid
3210 385 3396 440 rides?

194 494 318 540 tatur
368 487 733 550 praeterquam,
772 490 824 546 p.
852 477 924 530 55
961 494 975 530 :
1019 476 1076 529 '0
1111 475 1325 545 Ταῦρος
1355 477 1419 528 ὲκ
1440 475 1537 545 τῆς
1607 474 1711 526 Εὑ-

194 575 353 647 ρὼπης
399 572 550 642 ἔσχεν
592 569 706 622 υἱὸν
729 568 822 622 τὸν
847 569 1036 632 Μίνω,
1071 568 1253 629 καθὼς
1281 570 1375 622 καὶ
1413 568 1714 639 Εὐριπίδης

191 662 532 733 imprium-.0;
608 660 903 729 ποιητικῶς
959 659 1337 729 συνεγράψατο
1369 674 1383 690 °
1418 659 1495 723 ὦς
1548 675 1712 727 φησι.

191 758 303 817 Ζεὺς
338 752 693 823 μεταϐληθεὶς
730 751 811 813 εἰς
857 750 1061 820 ταῦρον
1093 748 1193 821 τὴν
1238 748 1507 821 Εὐρώπην
1530 750 1715 820 ἥρπα-

193 863 283 901 σεν.
308 844 424 899 llaec
455 843 672 912 quidem
724 841 872 896 unde
900 841 1173 897 accersita
1229 842 1359 906 sint,
1397 855 1505 895 non
1566 848 1719 895 certo

188 938 319 993 scio:
348 948 463 987 nam
511 932 773 987 credibile
801 940 888 986 est
914 941 1039 986 eum
1092 930 1209 1003 [46]
1239 932 1293 986 in
1320 946 1429 986 non
1457 946 1566 986 una
1602 941 1719 985 tra-

188 1026 341 1094 goedia
376 1025 496 1087 lure
521 1023 699 1077 obiter
726 1023 1012 1092 attigisse;
1046 1031 1107 1076 ut
1137 1023 1192 1078 in
1224 1024 1583 1079 Cretensibus
1606 1023 1721 1077 foro

188 1119 346 1179 tussis,
379 1118 464 1169 ubi
492 1114 709 1169 Chorus
741 1114 807 1168 ad
834 1113 1066 1170 Minoem
1101 1131 1116 1169 :
1152 1116 1579 1185 Φοινικογενοῦς.
1600 1119 1720 1178 παῖ,

186 1209 266 1278 τῆς
284 1207 472 1278 Τυρίας
500 1206 694 1260 τέκνον
746 1204 1018 1278 Εὐρώπης
1080 1208 1286 1261 καὶτοῦ
1318 1208 1556 1279 μεγάλου
1616 1210 1723 1277 Ζη-

306 1294 415 1351 Veri
438 1304 625 1350 tamen
639 1295 821 1351 simile
836 1302 919 1351 est
960 1309 1027 1350 ex
1069 1295 1345 1365 Euripidis
1368 1296 1571 1351 Phrixo
1608 1305 1723 1351 tra-

187 1391 276 1442 lata
299 1403 426 1442 esse.
460 1386 854 1442 Eratosthenes
890 1388 946 1442 in
982 1390 1482 1458 Καταστερισμοῖς.
1512 1388 1725 1459 Ταῦρος

184 1478 451 1546 ὶέγεταιὲν
505 1480 628 1541 τοῖς
673 1477 898 1546 ἇττροις
956 1479 1186 1548 τεθῆναι
1249 1479 1339 1533 διὰ
1360 1479 1419 1532 τὸ
1453 1479 1726 1550 Εὐρώπην

186 1572 378 1637 ἀγαγεῖν
409 1571 469 1621 ὲκ
496 1569 761 1638 Φοινίκης
801 1570 883 1631 εἰς
939 1567 1163 1640 Κρήτην
1189 1570 1278 1624 διὰ
1312 1570 1405 1623 τοῦ
1434 1571 1725 1639 πελάγους,

188 1661 247 1723 ὡς
269 1660 543 1731 Εὐριπίδης
565 1661 629 1712 ὲν
656 1660 733 1729 τῷ
763 1660 962 1731 Φρίξῳ.
1016 1660 1272 1716 Profecto
1323 1662 1415 1730 qui
1460 1663 1726 1730 Europam

188 1747 487 1817 Tragteoiam
532 1764 665 1805 esse
696 1751 906 1814 volunt,
940 1760 1166 1805 narrant
1199 1751 1355 1807 nobis
1389 1753 1722 1808 insomnium

185 1856 240 1896 ex
264 1845 479 1896 eburnea
506 1850 696 1911 porta.
1026 1826 1043 1859 ⁸

243 1931 351 2002 Pag.
385 1934 499 1988 181.
531 1932 635 1987 Ἔν
668 1935 784 1997 τοῖς
836 1928 1060 2003 χρόνοις
1079 1934 1194 1996 τοῖς
1231 1933 1369 2004 μετὰ
1400 1934 1496 2005 τὴν
1526 1934 1729 1988 almam

192 2022 353 2092 Τροίας
394 2024 518 2091 παρ’
550 2022 825 2093 Ἕλλησιν
890 2022 1231 2090 ἐθαυμάζετο
1292 2023 1505 2092 πρῶτος
1562 2024 1732 2094 Θέμις

190 2116 390 2185 ὀνόματι.
446 2113 678 2183 Ἐξεῦρε
735 2115 844 2183 γᾴρ
893 2106 1053 2176 οὗτος
1104 2116 1373 2182 τραγικὰς
1430 2114 1728 2186 μελῳδίας,

194 2205 266 2255 καὶ
307 2202 513 2266 ἐξέθετο
540 2202 771 2272 πρῶτος
797 2201 1073 2273 δράματα.
1105 2204 1200 2255 καὶ
1253 2203 1389 2273 μετὰ
1450 2204 1607 2256 τοῦτο
1629 2206 1732 2257 Μί-

198 2306 296 2356 νως,
335 2294 419 2347 καὶ
474 2293 626 2362 μετᾶ
686 2292 877 2345 Μίνωα
936 2292 1142 2354 Αἰολέας
1206 2294 1502 2362 τραγικοὺς
1544 2295 1733 2364 χοροὺς

206 2381 430 2449 δραμάτων
460 2381 875 2451 συνεγράψατο.
910 2381 1132 2436 Utinam
1183 2397 1310 2435 vero
1353 2382 1560 2436 Malalzn
1610 2402 1730 2438 eum

202 2484 479 2540 precursore
519 2489 637 2528 suo
684 2474 881 2528 melius
907 2474 1267 2528 conveniret!
1304 2490 1426 2527 nam
1466 2474 1645 2535 Juhzd.
1688 2478 1731 2531 si

195 2563 516 2627 cirredimus,
570 2563 672 2617 diu
704 2577 832 2639 ante
882 2559 1065 2632 Trojae
1123 2566 1395 2619 excidium
1441 2570 1735 2636 tragoedias

190 2653 432 2710 laditavit.
476 2655 690 2716 Verba,
726 2671 795 2710 ne
835 2663 886 2710 te
917 2656 1107 2713 ludere
1152 2657 1361 2719 videar,
1415 2666 1562 2720 sunt,
1599 2662 1730 2728 p.25:

196 2747 243 2798 '0
263 2748 312 2800 δὲ
340 2746 545 2803 Ἰουσαλ
610 2748 951 2819 κιθαρῳδίας
990 2753 1088 2803 καὶ
1133 2748 1442 2821 τραγῳδίας
1472 2753 1585 2813 τοῖς
1617 2753 1735 2805 δαι-

184 2840 389 2902 portauit;
409 2836 827 2908 ἐπιτηδεύμασι
889 2840 1353 2908 προσεπενὸηςεν.
1387 2839 1527 2905 Quid
1592 2840 1732 2909 quod

185 2926 238 2978 ad
265 2943 467 2982 soccum
531 2927 683 2982 haud
725 2928 907 2982 minus
977 2928 1212 2984 idoneus
1274 2941 1412 2995 erat,
1463 2931 1510 2984 si
1567 2935 1734 2985 intor-

1814 469 1981 533 Quasi
2034 486 2164 524 vero
2208 487 2406 524 novum
2461 488 2622 529 ,nunc
2684 471 3036 542 proferatur,
3096 491 3274 547 regem
3326 481 3395 534 ad

1816 559 2029 614 fabulas
2093 560 2415 615 scribendas
2448 566 2692 629 animum
2723 563 3028 641 appulisse.
3065 568 3242 622 Etiam
3268 568 3395 622 Dio-

1816 650 2006 720 nysius
2055 648 2345 720 Tyrannus
2404 663 2563 721 poeta
2608 653 2713 706 fuit
2777 658 3050 726 tragicus.
3085 668 3137 714 et
3166 662 3393 728 Augusti

1815 739 1952 808 Ajax
1972 740 2024 793 in
2043 741 2326 810 spongiam
2355 742 2623 797 incubuit.
2659 743 3003 815 Quanquam.
3031 750 3077 803 si
3108 752 3397 805 emendate

1821 833 1967 902 loqui
2013 834 2244 888 velimus
2274 874 2290 898 ,
2346 835 2609 904 κωμῳδὸς
2652 852 2760 890 non
2822 842 3053 894 comicus
3102 852 3186 896 est
3218 884 3235 908 ,
3300 849 3393 899 sed

1821 924 2106 978 eomaadia:
2158 934 2333 982 actor.
2367 924 2727 981 Histrioniam
2772 928 2941 996 igitur
2976 931 3104 985 fecit
3144 933 3394 998 Pharao;

1821 1013 2144 1078 Thrasonis,
2176 1017 2394 1085 opinor,
2424 1017 2504 1070 vel
2531 1016 2966 1088 Pyrgopolinicis
2996 1032 3177 1091 partes
3206 1043 3395 1097 agens;

1823 1113 1884 1157 ut
1908 1103 2050 1159 Nero
2084 1115 2270 1175 postea
2291 1105 2592 1177 (EJipodis
2623 1109 2705 1161 vel
2735 1108 3010 1166 Creontis.
3045 1112 3245 1168 Verum
3286 1119 3400 1171 haec

1826 1196 1999 1266 ipsius
2024 1196 2241 1251 'Malalaa
2269 1199 2555 1253 stultitiam
2592 1212 2896 1269 superant;
2939 1214 2997 1257 ut
3034 1218 3097 1258 ea
3130 1207 3415 1277 quidixeg

1826 1288 1918 1349 rit,
1978 1303 2086 1341 non
2116 1304 2213 1359 pro
2265 1289 2487 1346 homine
2544 1307 2681 1345 sano
2734 1293 2903 1363 loqui,
2941 1295 3034 1350 sed
3077 1296 3142 1349 ad
3171 1309 3403 1368 agnatos

1827 1389 1880 1436 et
1913 1383 2141 1452 gentiles
2168 1383 2520 1441 deducemlus
2572 1401 2695 1442 esse
2749 1388 3012 1444 videatur.
3054 1391 3185 1445 Siue
3238 1394 3405 1447 dubio

1827 1474 2021 1526 vitium
2055 1481 2141 1547 est
2175 1477 2504 1544 exemplaris
2532 1491 2678 1545 ;quo
2703 1484 2885 1531 tamen
2913 1480 3075 1533 modo
3103 1482 3405 1535 tollendum

1831 1564 1922 1627 sit,
1952 1564 2136 1618 minus
2167 1565 2217 1617 id
2254 1580 2478 1635 possum
2538 1567 2859 1635 coniectura
2890 1572 3136 1639 assequi.
3183 1573 3326 1637 Quid
3358 1578 3408 1629 si

1834 1653 2099 1722 legamus,
2136 1654 2520 1719 Πετισσώνιος,
2580 1659 2609 1709 ὁ
2647 1656 2725 1727 τῷ
2782 1658 2977 1711 Μωσεί
3016 1662 3218 1731 Φαραὼ
3243 1678 3255 1691 ·
3306 1663 3409 1718 Pe-

1832 1745 2098 1807 tissouius,
2122 1747 2262 1816 quia
2290 1746 2434 1800 Hose
2458 1747 2666 1801 Pharao
2699 1751 2958 1804 vocatur?
2991 1751 3047 1803 Si
3079 1760 3243 1820 caput
3280 1771 3408 1807 sea.

1830 1836 2034 1899 berem,
2057 1836 2285 1892 fortasse
2304 1838 2449 1892 aliud
2475 1838 2667 1893 melius
2688 1856 2901 1908 possem
2929 1843 3245 1912 exsculpere
3274 1869 3284 1899 :
3308 1849 3435 1902 sed-

1832 1924 2091 1997 iudignus
2153 1936 2239 1983 est
2296 1927 2561 1991 Joannes,
2622 1930 2781 1999 cnjus
2836 1947 2999 1986 causa
3048 1942 3404 1992 commentari

1830 2018 1995 2071 velim
2050 2018 2351 2089 quidquam
2380 2059 2394 2078 ,
2440 2021 2541 2073 nisi
2581 2021 2625 2073 si
2660 2022 2788 2090 quid
2822 2038 2889 2076 ex
2923 2022 3067 2077 facili
3123 2042 3400 2084 nascatur.

1833 2108 2020 2179 Itaque
2052 2119 2111 2164 ut
2148 2111 2216 2164 ad
2272 2109 2501 2165 Themin
2557 2114 2720 2167 istum
2776 2115 3001 2183 propius
3054 2120 3403 2175 accedamus.

1833 2199 2034 2255 Eadem
2066 2217 2190 2257 ettm
2236 2201 2590 2259 Antiochensi
2629 2215 2837 2269 narrat,
2864 2214 2923 2259 et
2960 2211 3011 2261 in
3061 2210 3250 2263 eodem
3314 2213 3407 2265 do-

1833 2298 1956 2345 etus
2010 2300 2092 2345 est
2130 2293 2256 2346 ludo
2303 2293 2612 2349 scholiastes
2666 2305 2806 2350 vetus
2865 2299 3055 2353 nescio
3091 2300 3214 2369 quis
3262 2305 3404 2371 apud

1835 2380 2135 2436 Stanleium
2170 2383 2221 2437 in
2247 2383 2365 2437 Vita
2399 2381 2641 2454 [Esehyli
2679 2402 2692 2439 :
2737 2386 2826 2438 Ἐν
2854 2389 2966 2449 τοῖς
2990 2389 3202 2459 χρόνοις
3252 2392 3405 2463 ὐρέε

1836 2489 1959 2525 στου
1999 2474 2341 2543 ἐθαυμάζετο
2392 2472 2523 2545 παρ’
2558 2475 2782 2545 "Enna-1
2839 2476 3072 2547 Θεόμις,
3102 2476 3161 2542 ὃς
3192 2482 3405 2551 πρῶτος

1834 2562 2021 2631 ἐξεῦρε
2078 2563 2423 2635 τραγῳδικὰς
2477 2563 2764 2631 μελῳδίας,
2796 2566 2889 2619 καὶ
2917 2566 3130 2632 ἐξέθετο
3193 2569 3409 2639 πρῶτος

1833 2656 2103 2723 δράματα.
2158 2656 2268 2708 Καὶ
2302 2655 2418 2724 μετ’
2445 2654 2608 2707 αὑτὸν
2668 2655 2878 2719 Μίνως,
2926 2658 3018 2710 καὶ
3051 2661 3189 2727 μετὰ
3219 2659 3410 2713 Μίνωα

1835 2748 2041 2809 Λὺλέας
2072 2746 2266 2817 χοροὺς
2295 2744 2595 2816 τραγικοὺς
2630 2750 3017 2818 συνεστήσατο.
3068 2748 3189 2804 Ilzec
3247 2750 3410 2803 habet

1836 2839 2188 2893 doctissimus
2216 2846 2405 2893 noster
2428 2839 2704 2895 Stanleius
2725 2854 2791 2895 es
2815 2840 3121 2911 Bnllengeri
3145 2839 3405 2898 Theatra.

1836 2927 1899 2982 Et
1924 2941 2105 2984 tamen
2151 2938 2346 2984 neuter
2376 2929 2442 2984 de
2471 2930 2752 2996 Themide,
2782 2931 2849 2987 de
2877 2931 3054 2988 Minoe
3079 2935 3162 2987 vel
3213 2936 3405 2995 Aulca.

182 3026 357 3083 pretem
402 3018 594 3080 audis,
650 3034 816 3088 quam
864 3019 931 3072 ad
971 3022 1329 3091 cothurnum.
1383 3020 1515 3074 h’am
1581 3022 1734 3075 κιθα-
1839 3019 1986 3089 quod
2015 3034 2176 3087 quam
2228 3019 2649 3090 diligentissime
2682 3020 2887 3075 factum
2916 3024 3179 3092 oportuit,
3215 3027 3412 3077 εει-ηο-

182 3107 325 3174 ρῳδία
367 3109 694 3163 Chilmeado
725 3119 813 3165 est
859 3111 1153 3175 committi;
1184 3115 1299 3180 qui,
1347 3128 1471 3167 cum
1497 3114 1563 3167 ad
1598 3116 1734 3168 alios
1773 3152 1777 3156 ~

183 3196 352 3266 ingenii
382 3202 568 3275 cultus
611 3199 775 3254 etiam
845 3202 1069 3256 musicae
1104 3203 1345 3256 studium
1383 3204 1731 3270 adjuuxerit;

182 3301 264 3341 cur
288 3290 415 3346 adeo
438 3292 511 3346 ab
533 3292 775 3345 artiﬁcio
808 3307 908 3345 suo
930 3294 1229 3359 recederet,
1261 3295 1463 3348 miror:
1489 3293 1734 3349 clemen-

178 3387 723 3449 tertamen,propter
753 3381 857 3432 alia
891 3382 1103 3445 merita,
1142 3397 1354 3450 suaque
1406 3384 1563 3449 quasi
1620 3383 1733 3451 lyra

178 3479 246 3521 est
282 3471 667 3540 increpa-udus.
725 3466 829 3525 Vix
888 3471 1139 3540 equidem
1193 3472 1522 3524 crediderim
1560 3471 1611 3522 in
1653 3471 1735 3523 bi-

182 3558 421 3614 Uiotbeca
443 3570 635 3614 vestra
662 3558 880 3621 Osouii,
911 3570 1333 3629 quantacunque
1362 3570 1463 3620 est,
1492 3558 1730 3613 Jubalim-

181 3663 236 3699 na
262 3647 509 3705 Dramata
540 3652 794 3722 reperiri.
870 3652 1092 3707 Scilicet
1118 3669 1180 3706 ea
1214 3653 1399 3707 omnia
1454 3655 1732 3722 perierunt

175 3740 287 3793 olim
304 3758 319 3805 ;
850 3742 859 3750 ’

267 3833 490 3898 Quando
510 3850 575 3888 ex
603 3834 804 3889 dilurio
840 3850 1030 3905 magno
1056 3835 1265 3889 cxiverc
1300 3852 1519 3904 rapaces

269 3922 366 3977 Per
387 3935 561 3978 terra:
591 3939 792 3985 amnes.
835 3933 989 3985 atque
1013 3922 1207 3991 oppida
1239 3938 1568 3990 cooperuerc.

176 4010 398 4076 Quarum
466 4016 773 4070 fabularum
810 4032 915 4070 una
956 4031 1078 4069 cmn
1114 4017 1251 4084 ipsis
1273 4018 1436 4069 etiam
1467 4016 1727 4069 memoria

185 4106 498 4174 occidisset;
535 4110 747 4177 absque
773 4108 867 4161 illo
900 4106 1215 4161 liamartolo
1244 4108 1453 4169 fuisset,
1495 4108 1586 4177 qui
1612 4123 1731 4159 mn-

181 4196 256 4248 nia
291 4201 510 4253 omnino
565 4200 837 4261 meminit,
886 4199 1019 4264 Quae
1064 4199 1307 4261 fuerunt,
1341 4209 1394 4253 et
1428 4215 1549 4267 quae
1582 4201 1729 4251 nullo

180 4298 290 4342 sunt
319 4299 558 4362 tempore
592 4299 741 4346 nata.
778 4290 963 4345 llabeo
1014 4301 1219 4353 tamen.
1254 4306 1365 4361 quo
1396 4290 1726 4345 desiderium

1836 3126 1924 3164 res
1951 3125 2050 3165 nos
2091 3109 2242 3164 facit.
2273 3110 2620 3165 ConCurrant
2651 3112 2763 3179 jam
2792 3128 3006 3172 omnes.
3028 3125 3289 3182 quantum
3328 3127 3412 3171 est

1836 3201 2240 3270 ἂϐλιοτὰφων,
2306 3209 2360 3256 et
2414 3203 2595 3271 capita
2638 3203 2783 3256 inter
2812 3219 2870 3257 se
2897 3207 3187 3259 conferant
3225 3226 3236 3261 :
3270 3223 3413 3261 nun-

1834 3308 2001 3362 quam
2032 3309 2092 3348 se
2115 3292 2429 3362 expedient,
2459 3310 2636 3364 neque
2657 3294 2957 3364 quidquam
2998 3297 3067 3351 de
3097 3302 3412 3369 tergeminis

1835 3385 1986 3437 hisce
2014 3384 2236 3452 tragicis
2252 3387 2574 3439 resciscent.
2602 3385 2800 3439 Narrat
2834 3388 3092 3443 Clemens
3145 3391 3411 3461 Στρωμα-

1834 3477 1975 3528 τέων
1997 3476 2175 3544 primo
2203 3475 2264 3529 τὸ
2289 3476 2469 3545 ἡρῶον
2510 3478 2571 3530 τὸ
2599 3478 2901 3548 ἑξάμετρον
2934 3480 3106 3548 Θέμιν
3144 3484 3273 3551 μίαν
3304 3486 3411 3536 τῶν

1834 3566 2131 3619 Τιτανίδων
2194 3566 2489 3635 εὑρηκέναι
2527 3608 2541 3630 ,
2609 3564 2873 3622 Μὶιιοειιι⁸
2892 3581 3080 3623 autem
3137 3575 3262 3636 τοὺς
3327 3576 3413 3627 νό-

1836 3672 1972 3725 μους
2000 3671 2014 3685 ·

1833 3762 1995 3799 cuum
2019 3763 2048 3801 a
2077 3763 2136 3801 se
2168 3748 2437 3803 lectorem
2472 3758 2528 3803 et
2554 3749 2794 3802 hiantem
2814 3749 3065 3805 dimittit.
3103 3752 3244 3818 Quid
3262 3758 3409 3808 enim

1828 3837 1985 3906 νόμον.
2041 3835 2241 3893 Minois
2272 3838 2337 3891 ad
2364 3854 2556 3894 nomos
2604 3840 2885 3894 musicos?
2917 3842 2981 3894 Ti
3008 3844 3145 3912 πρὸς
3168 3844 3260 3897 τὸν
3293 3847 3413 3898 Διό-

1833 3943 2032 3992 νυσονς
2096 3942 2275 3996 neque
2337 3928 2531 3983 heroes
2587 3930 2641 3981 in
2703 3930 2986 3997 tragmdiis
3038 3931 3238 3988 heroos
3285 3932 3420 4006 μοι.

1786 4013 1795 4021 ’
1835 4018 2178 4072 hexametros
2225 4018 2500 4074 dicebant.
2540 4019 2729 4089 Itaque
2777 4032 3044 4089 quantum
3070 4024 3250 4089 video,
3285 4042 3408 4095 per-

1832 4114 1990 4168 petua
2021 4103 2133 4170 jam
2163 4105 2375 4159 criticis
2398 4106 2713 4161 sollicitudo
2744 4117 2799 4162 et
2829 4112 2990 4178 quasi
3025 4128 3162 4167 crux
3194 4117 3407 4171 consti-

1830 4200 1944 4243 tuta
2002 4202 2085 4246 est
2113 4212 2124 4246 :
2155 4195 2259 4247 nisi
2291 4195 2608 4251 Callimachi
2666 4200 2906 4262 Πίνακας
2928 4210 2983 4255 et
3026 4205 3407 4276 Aristophanis

1829 4283 2183 4339 Grammatici
2213 4287 2682 4343 Cammentarium
2735 4293 2895 4361 longa
2941 4305 3100 4351 nocte
3155 4301 3405 4368 sepultos

181 4391 338 4433 meum
365 4391 417 4435 et
446 4383 691 4437 dolorem
748 4383 1011 4437 consoler
1035 4396 1050 4446 ;
1076 4398 1203 4436 nam
1230 4383 1282 4436 in
1320 4388 1568 4435 ‘mcntem
1626 4398 1721 4452 op-
1758 4388 1800 4444 ι)
1832 4380 2150 4446 protrahere
2202 4390 2434 4450 possunt
2465 4382 2520 4435 in
2558 4384 2751 4437 lucem.
2827 4384 3024 4441 Verum
3087 4389 3217 4455 heu,
3257 4407 3353 4445 vos
3386 4395 3400 4445 t

180 4480 390 4533 parmae
446 4474 591 4526 venit
644 4473 758 4527 ﬁeri
817 4489 998 4542 posse,
1033 4482 1092 4525 ut
1122 4473 1273 4528 locus
1338 4474 1443 4526 iste
1491 4474 1725 4526 vitiosos

182 4557 261 4615 Sil.
281 4568 331 4613 et
357 4562 408 4614 in
436 4564 583 4617 hunc
614 4566 835 4617 Iulllll."
866 4565 1281 4618 emendandus:
1331 4564 1388 4617 ’0
1420 4564 1477 4617 δὲ
1516 4563 1727 4618 ’1ου6ὰλ

182 4646 480 4722 κιθαρῳδίας
515 4654 611 4708 καὶ
651 4655 920 4726 λυρῳδεας
943 4659 1053 4719 τοῖς
1095 4656 1412 4726 ἁρμονικοῖς
1448 4654 1730 4723 ἐπιτηδεύ-

182 4753 300 4804 μασι
366 4747 829 4814 αφτεπενὸησεν.
889 4745 955 4799 Et
1012 4746 1259 4817 profecto
1320 4762 1486 4816 quam
1554 4747 1726 4815 magis

184 4830 435 4900 magisque
489 4837 695 4905 cogito.
744 4836 999 4889 nimirum
1065 4851 1164 4889 acu
1216 4851 1328 4890 rem
1397 4835 1586 4904 tetigi;
1640 4836 1726 4889 sin

186 4929 371 4983 autem,
430 4926 598 4978 nolim
665 4926 795 4979 mihi
849 4941 1177 4996 quemquam
1234 4926 1465 4996 posthac
1518 4941 1585 4980 ne
1636 4925 1728 4994 ju-

187 5017 291 5061 rato
337 5013 543 5081 quilem
617 5015 865 5072 credere.
907 5015 1147 5072 Tandem
1214 5017 1380 5087 igitur
1435 5017 1728 5087 aliquando

184 5096 264 5153 lite
290 5100 381 5158 hac
400 5108 726 5176 (conposita,
752 5110 1078 5178 quantulum
1118 5117 1204 5163 est
1224 5117 1403 5162 tamen
1429 5111 1570 5177 quo-l
1608 5126 1729 5177 pro-

184 5186 403 5261 fecimus,
433 5199 476 5253 si
511 5196 760 5255 Joannes
791 5202 909 5270 ipse
944 5201 1242 5272 pugnantia
1282 5200 1579 5269 loquatur?
1608 5200 1725 5254 Non

184 5282 312 5336 enim
355 5288 456 5355 jam
480 5290 666 5345 abitio
726 5303 886 5362 capto
918 5295 1126 5363 primus
1163 5293 1471 5346 mortalium
1504 5291 1728 5346 Tlientis

186 5366 408 5433 nramata
440 5381 597 5438 fecit:
621 5382 737 5456 μὲν]
770 5380 1041 5453 siquidem
1066 5393 1192 5438 ante
1217 5384 1375 5437 istam
1407 5384 1724 5437 memoriam

187 5457 377 5534 Ᾱῖςῃιιί
407 5487 495 5526 rev
524 5472 752 5537 Pharao,
784 5476 872 5528 ubi
907 5490 936 5527 a
971 5477 1205 5545 negotiis
1228 5484 1279 5528 et
1304 5475 1481 5528 turbis
1509 5476 1725 5543 requie-

192 5563 329 5635 ξατο
369 5563 598 5627 volebat,
649 5566 843 5620 solitus
892 5574 970 5621 est
1029 5566 1329 5622 comoedias
1393 5567 1720 5635 scriptitare.

196 5634 350 5699 Verba
376 5661 493 5705 sunt
519 5638 771 5720 Joannis,
797 5670 847 5726 p.
871 5654 940 5708 76
979 5674 990 5708 :
1018 5655 1137 5708 ’τῶν
1162 5656 1219 5707 δὲ
1253 5634 1568 5723 Αἰγυπτίων
1602 5655 1726 5707 ἰξα-

1832 4469 2027 4539 ecquid
2087 4473 2193 4526 erit
2246 4474 2427 4541 pretii,
2457 4474 2500 4526 si
2541 4476 2745 4528 nodum
2793 4476 2943 4530 hunc
2972 4481 3233 4535 solvero?
3260 4487 3407 4551 quml

1834 4562 2052 4630 quidem
2100 4577 2164 4616 ea
2211 4564 2326 4630 lege
2358 4572 2412 4616 et
2473 4566 2792 4619 conditione
2852 4566 3174 4633 faciam;ut
3209 4572 3409 4627 dehinc
3500 4560 3523 4631 ξ

1836 4652 1963 4704 mihi
1996 4667 2119 4706 cum
2160 4661 2341 4707 vestra
2372 4655 2594 4708 natione
2621 4658 2831 4709 nullum
2872 4657 3101 4713 eninino
3135 4675 3411 4716 commer-

1834 4742 1978 4794 cium
2016 4743 2331 4797 intercedat.
2375 4742 2666 4800 Enimvero
2688 4747 2758 4800 ah
2785 4748 3145 4805 Antiochensi
3173 4758 3229 4805 et
3263 4752 3412 4808 licqu

1836 4847 1906 4884 no
1966 4833 2097 4895 illo,
2150 4836 2468 4905 quicunque
2515 4844 2598 4891 est
2633 4876 2648 4899 ,
2719 4839 3020 4896 scholiaste
3078 4842 3413 4911 gravissime

1837 4933 2114 4994 peccatum
2162 4934 2267 4989 est,
2302 4941 2427 4981 cum
2477 4928 2530 4982 in
2586 4930 2926 4997 nominibus,
2969 4942 3082 4988 tum
3135 4935 3191 4990 in
3240 4936 3408 4992 rebus

1836 5016 1989 5085 ipsis.
2017 5015 2247 5073 Prorsus
2277 5028 2413 5089 quot
2445 5021 2634 5086 verba,
2675 5032 2753 5077 tot
2794 5034 2998 5081 errata.
3032 5025 3219 5096 Neque
3264 5028 3409 5082 enim

1835 5124 2073 5178 agnosco
2122 5114 2531 5168 commentitios
2591 5115 2728 5171 istos
2806 5116 3116 5182 Thcomin,
3174 5118 3421 5172 Minoem-

1835 5201 2098 5265 Auleam;
2130 5218 2362 5271 quorum
2394 5220 2496 5273 ego
2555 5207 2676 5262 loco
2707 5222 2814 5261 non
2869 5209 3033 5261 dubia
3089 5208 3409 5275 conjectura

1836 5308 2044 5362 repono
2106 5293 2370 5363 Thespin,
2408 5296 2613 5357 Ionem.
2646 5297 3012 5368 Eschylum:
3050 5313 3227 5369 neque
3263 5297 3434 5353 Theo'

1839 5385 1956 5452 Spis
1982 5399 2065 5448 ea,
2098 5401 2201 5454 qua
2222 5397 2431 5452 rentur,
2464 5398 2789 5459 tempestate
2817 5392 2951 5444 vixit
2978 5406 2994 5455 ;
3027 5405 3152 5446 nam
3193 5390 3410 5447 Solonis

1834 5476 2061 5544 aequalis
2094 5491 2120 5528 τι
2148 5476 2361 5534 Troicis
2422 5481 2760 5549 temporibus
2799 5482 3119 5553 longissime
3177 5484 3355 5539 abluit
3391 5500 3404 5539 :

1836 5582 2011 5634 neque
2061 5565 2153 5620 lon
2213 5567 2477 5640 Eschylo
2526 5571 2678 5639 prior
2731 5574 2833 5626 fuit
2884 5591 2898 5626 :
2950 5591 3127 5645 neque
3194 5576 3408 5647 primus

1836 5657 2130 5730 Aisebylus
2182 5663 2382 5717 choros
2414 5664 2650 5734 tragicos
2697 5666 2938 5721 instituit
2968 5668 3153 5735 ωυοά
3211 5681 3403 5726 contra

2064 3655 2159 3711 sed
2193 3655 2339 3723 quod
2379 3656 2450 3711 ad
2491 3672 2736 3725 praesens
2759 3661 3034 3725 negotium
3077 3661 3291 3727 attinet,
3316 3680 3415 3717 ινι-
3504 3684 3505 3687 η
