  <div class='ocr_page' id='page_1' title='image "/cluster/home/n/w/nwhite01/storage/ocr_20150623/97/hvd.32044073502130/405.png"; bbox 0 0 3760 6202; ppageno 0'>
   <div class='ocr_carea' id='block_1_1' title="bbox 364 934 373 964">
    <p class='ocr_par' dir='ltr' id='par_1_1' title="bbox 364 934 373 964">
     <span class='ocr_line' id='line_1_1' title="bbox 364 934 373 964; baseline 0 0"><span class='ocrx_word' id='word_1_1' title='bbox 364 934 373 964; x_wconf 78' lang='lat' dir='ltr'><strong>l</strong></span> 
     </span>
    </p>
   </div>
   <div class='ocr_carea' id='block_1_2' title="bbox 379 233 477 295">
    <p class='ocr_par' dir='ltr' id='par_1_2' title="bbox 379 233 477 295">
     <span class='ocr_line' id='line_1_2' title="bbox 379 233 477 295; baseline 0.051 -7"><span class='ocrx_word' id='word_1_2' title='bbox 379 233 477 295; x_wconf 71' lang='grc' dir='ltr'><strong>ἿῖιΙ</strong></span> 
     </span>
    </p>
   </div>
   <div class='ocr_carea' id='block_1_3' title="bbox 379 341 1966 412">
    <p class='ocr_par' dir='ltr' id='par_1_3' title="bbox 379 341 1966 412">
     <span class='ocr_line' id='line_1_3' title="bbox 379 341 1966 412; baseline 0 -14"><span class='ocrx_word' id='word_1_3' title='bbox 379 344 638 406; x_wconf 82' lang='lat' dir='ltr'><strong>chorum,</strong></span> <span class='ocrx_word' id='word_1_4' title='bbox 671 342 764 412; x_wconf 90' lang='lat' dir='ltr'><strong>qui</strong></span> <span class='ocrx_word' id='word_1_5' title='bbox 792 348 1053 411; x_wconf 86' lang='lat' dir='ltr'><strong>perpetua</strong></span> <span class='ocrx_word' id='word_1_6' title='bbox 1095 347 1224 392; x_wconf 88' lang='lat' dir='ltr'><strong>ante</strong></span> <span class='ocrx_word' id='word_1_7' title='bbox 1259 341 1510 395; x_wconf 72' lang='lat' dir='ltr'><strong>oratione</strong></span> <span class='ocrx_word' id='word_1_8' title='bbox 1530 353 1694 396; x_wconf 90' lang='lat' dir='ltr'><strong>totam</strong></span> <span class='ocrx_word' id='word_1_9' title='bbox 1732 345 1966 399; x_wconf 81' lang='lat' dir='ltr'><strong>fabulam</strong></span> 
     </span>
    </p>
   </div>
   <div class='ocr_carea' id='block_1_4' title="bbox 384 430 1965 501">
    <p class='ocr_par' dir='ltr' id='par_1_4' title="bbox 384 430 1965 501">
     <span class='ocr_line' id='line_1_4' title="bbox 384 430 1965 501; baseline 0.002 -14"><span class='ocrx_word' id='word_1_10' title='bbox 384 433 736 494; x_wconf 83' lang='lat' dir='ltr'><strong>decantabat,</strong></span> <span class='ocrx_word' id='word_1_11' title='bbox 796 432 1004 501; x_wconf 89' lang='lat' dir='ltr'><strong>primus</strong></span> <span class='ocrx_word' id='word_1_12' title='bbox 1033 430 1296 484; x_wconf 75' lang='lat' dir='ltr'><strong>dircrbiis</strong></span> <span class='ocrx_word' id='word_1_13' title='bbox 1321 441 1373 485; x_wconf 88' lang='lat' dir='ltr'><strong>ct</strong></span> <span class='ocrx_word' id='word_1_14' title='bbox 1410 434 1665 500; x_wconf 77' lang='lat' dir='ltr'><strong>personis</strong></span> <span class='ocrx_word' id='word_1_15' title='bbox 1688 435 1965 490; x_wconf 76' lang='lat' dir='ltr'><strong>dietinxit.</strong></span> 
     </span>
    </p>
   </div>
   <div class='ocr_carea' id='block_1_5' title="bbox 355 521 1965 604">
    <p class='ocr_par' dir='ltr' id='par_1_5' title="bbox 355 521 1965 604">
     <span class='ocr_line' id='line_1_5' title="bbox 355 521 1965 604; baseline 0 -26"><span class='ocrx_word' id='word_1_16' title='bbox 355 525 496 604; x_wconf 45' lang='grc' dir='ltr'>,δραι</span> <span class='ocrx_word' id='word_1_17' title='bbox 557 539 737 593; x_wconf 69' lang='grc' dir='ltr'><strong>(ψει-ω</strong></span> <span class='ocrx_word' id='word_1_18' title='bbox 788 521 1022 591; x_wconf 98' lang='lat' dir='ltr'><strong>pretium</strong></span> <span class='ocrx_word' id='word_1_19' title='bbox 1053 521 1216 575; x_wconf 81' lang='lat' dir='ltr'><strong>fuerit</strong></span> <span class='ocrx_word' id='word_1_20' title='bbox 1251 522 1571 577; x_wconf 74' lang='lat' dir='ltr'><strong>accuratius</strong></span> <span class='ocrx_word' id='word_1_21' title='bbox 1608 525 1720 578; x_wconf 73' lang='lat' dir='ltr'><strong>lucc</strong></span> <span class='ocrx_word' id='word_1_22' title='bbox 1783 527 1965 579; x_wconf 81' lang='lat' dir='ltr'><strong>omnia</strong></span> 
     </span>
    </p>
   </div>
   <div class='ocr_carea' id='block_1_6' title="bbox 385 611 1968 683">
    <p class='ocr_par' dir='ltr' id='par_1_6' title="bbox 385 611 1968 683">
     <span class='ocr_line' id='line_1_6' title="bbox 385 611 1968 683; baseline 0.002 -15"><span class='ocrx_word' id='word_1_23' title='bbox 385 627 644 670; x_wconf 73' lang='lat' dir='ltr'><strong>tractare.</strong></span> <span class='ocrx_word' id='word_1_24' title='bbox 674 618 746 667; x_wconf 83' lang='lat' dir='ltr'><strong>Ac</strong></span> <span class='ocrx_word' id='word_1_25' title='bbox 774 615 840 667; x_wconf 89' lang='lat' dir='ltr'><strong>de</strong></span> <span class='ocrx_word' id='word_1_26' title='bbox 871 611 1142 683; x_wconf 72' lang='lat' dir='ltr'><strong>&#39;l‘heSpide</strong></span> <span class='ocrx_word' id='word_1_27' title='bbox 1181 615 1403 682; x_wconf 78' lang='lat' dir='ltr'><strong>quidem</strong></span> <span class='ocrx_word' id='word_1_28' title='bbox 1446 616 1624 670; x_wconf 89' lang='lat' dir='ltr'><strong>minor</strong></span> <span class='ocrx_word' id='word_1_29' title='bbox 1644 628 1727 672; x_wconf 87' lang='lat' dir='ltr'><strong>est</strong></span> <span class='ocrx_word' id='word_1_30' title='bbox 1749 617 1968 671; x_wconf 89' lang='lat' dir='ltr'><strong>dubita-</strong></span> 
     </span>
    </p>
   </div>
   <div class='ocr_carea' id='block_1_7' title="bbox 387 702 1965 775">
    <p class='ocr_par' dir='ltr' id='par_1_7' title="bbox 387 702 1965 775">
     <span class='ocr_line' id='line_1_7' title="bbox 387 702 1965 775; baseline 0.002 -17"><span class='ocrx_word' id='word_1_31' title='bbox 387 708 483 768; x_wconf 90' lang='lat' dir='ltr'><strong>tio,</strong></span> <span class='ocrx_word' id='word_1_32' title='bbox 518 704 648 774; x_wconf 90' lang='lat' dir='ltr'><strong>quia</strong></span> <span class='ocrx_word' id='word_1_33' title='bbox 681 706 732 756; x_wconf 90' lang='lat' dir='ltr'><strong>in</strong></span> <span class='ocrx_word' id='word_1_34' title='bbox 761 702 1164 773; x_wconf 90' lang='lat' dir='ltr'><strong>discipulorum</strong></span> <span class='ocrx_word' id='word_1_35' title='bbox 1237 702 1519 760; x_wconf 83' lang='lat' dir='ltr'><strong>cathedris</strong></span> <span class='ocrx_word' id='word_1_36' title='bbox 1573 707 1819 775; x_wconf 87' lang='lat' dir='ltr'><strong>quotidie</strong></span> <span class='ocrx_word' id='word_1_37' title='bbox 1860 708 1965 761; x_wconf 88' lang='lat' dir='ltr'><strong>ista</strong></span> 
     </span>
    </p>
   </div>
   <div class='ocr_carea' id='block_1_8' title="bbox 388 795 1557 859">
    <p class='ocr_par' dir='ltr' id='par_1_8' title="bbox 388 795 1557 859">
     <span class='ocr_line' id='line_1_8' title="bbox 388 795 1557 859; baseline -0.001 -13"><span class='ocrx_word' id='word_1_38' title='bbox 388 798 664 859; x_wconf 64' lang='lat' dir='ltr'><strong>iactantur</strong></span> <span class='ocrx_word' id='word_1_39' title='bbox 693 810 708 846; x_wconf 73' lang='grc' dir='ltr'>ε</span> <span class='ocrx_word' id='word_1_40' title='bbox 1553 795 1557 799; x_wconf 67' lang='grc'><strong>’</strong></span> 
     </span>
    </p>
   </div>
   <div class='ocr_carea' id='block_1_9' title="bbox 457 894 1744 964">
    <p class='ocr_par' dir='ltr' id='par_1_9' title="bbox 457 894 1744 964">
     <span class='ocr_line' id='line_1_9' title="bbox 457 894 1744 964; baseline 0.001 -16"><span class='ocrx_word' id='word_1_41' title='bbox 457 896 705 964; x_wconf 88' lang='lat' dir='ltr'><strong>Ignotum</strong></span> <span class='ocrx_word' id='word_1_42' title='bbox 734 895 952 960; x_wconf 72' lang='lat' dir='ltr'><strong>tragica:</strong></span> <span class='ocrx_word' id='word_1_43' title='bbox 987 909 1148 962; x_wconf 81' lang='lat' dir='ltr'><strong>genus</strong></span> <span class='ocrx_word' id='word_1_44' title='bbox 1188 894 1447 949; x_wconf 76' lang='lat' dir='ltr'><strong>inuenisse</strong></span> <span class='ocrx_word' id='word_1_45' title='bbox 1477 895 1744 949; x_wconf 66' lang='lat' dir='ltr'><strong>Cama&#39;nw</strong></span> 
     </span>
    </p>
   </div>
   <div class='ocr_carea' id='block_1_10' title="bbox 363 965 1823 1038">
    <p class='ocr_par' dir='ltr' id='par_1_10' title="bbox 363 965 1823 1038">
     <span class='ocr_line' id='line_1_10' title="bbox 363 965 1823 1038; baseline 0.001 -20"><span class='ocrx_word' id='word_1_46' title='bbox 363 969 371 1038; x_wconf 75' lang='grc' dir='ltr'><em>ζ</em></span> <span class='ocrx_word' id='word_1_47' title='bbox 460 968 693 1029; x_wconf 80' lang='lat' dir='ltr'><strong>Dicitur,</strong></span> <span class='ocrx_word' id='word_1_48' title='bbox 722 974 768 1018; x_wconf 82' lang='lat' dir='ltr'><strong>et</strong></span> <span class='ocrx_word' id='word_1_49' title='bbox 788 966 1047 1033; x_wconf 73' lang='lat' dir='ltr'><strong>plaustris</strong></span> <span class='ocrx_word' id='word_1_50' title='bbox 1081 965 1281 1016; x_wconf 71' lang='lat' dir='ltr'><strong>rexisse</strong></span> <span class='ocrx_word' id='word_1_51' title='bbox 1306 976 1550 1030; x_wconf 83' lang='lat' dir='ltr'><strong>poemata</strong></span> <span class='ocrx_word' id='word_1_52' title='bbox 1581 965 1823 1035; x_wconf 72' lang='lat' dir='ltr'><strong>Thespis.</strong></span> 
     </span>
    </p>
   </div>
   <div class='ocr_carea' id='block_1_11' title="bbox 389 1065 1967 1140">
    <p class='ocr_par' dir='ltr' id='par_1_11' title="bbox 389 1065 1967 1140">
     <span class='ocr_line' id='line_1_11' title="bbox 389 1065 1967 1140; baseline 0.001 -19"><span class='ocrx_word' id='word_1_53' title='bbox 389 1069 868 1130; x_wconf 66' lang='lat' dir='ltr'><strong>Suidaszeéam;</strong></span> <span class='ocrx_word' id='word_1_54' title='bbox 919 1066 1160 1130; x_wconf 78' lang='grc' dir='ltr'><strong>ἐδίδαξεν</strong></span> <span class='ocrx_word' id='word_1_55' title='bbox 1216 1067 1309 1120; x_wconf 74' lang='grc' dir='ltr'><strong>ἐπὶ</strong></span> <span class='ocrx_word' id='word_1_56' title='bbox 1360 1065 1462 1136; x_wconf 79' lang='grc' dir='ltr'><strong>τῆς</strong></span> <span class='ocrx_word' id='word_1_57' title='bbox 1508 1068 1732 1140; x_wconf 82' lang='grc' dir='ltr'>πρώτης</span> <span class='ocrx_word' id='word_1_58' title='bbox 1792 1071 1886 1123; x_wconf 73' lang='grc' dir='ltr'><strong>καὶ</strong></span> <span class='ocrx_word' id='word_1_59' title='bbox 1926 1071 1967 1136; x_wconf 78' lang='grc' dir='ltr'><strong>ξ’</strong></span> 
     </span>
    </p>
   </div>
   <div class='ocr_carea' id='block_1_12' title="bbox 384 1157 1968 1232">
    <p class='ocr_par' dir='ltr' id='par_1_12' title="bbox 384 1157 1968 1232">
     <span class='ocr_line' id='line_1_12' title="bbox 384 1157 1968 1232; baseline -0.002 -17"><span class='ocrx_word' id='word_1_60' title='bbox 384 1162 738 1232; x_wconf 69' lang='grc' dir='ltr'><strong>ὀλυμπιάδος.</strong></span> <span class='ocrx_word' id='word_1_61' title='bbox 789 1158 1210 1228; x_wconf 82' lang='grc' dir='ltr'><strong>Μνημονεύεται</strong></span> <span class='ocrx_word' id='word_1_62' title='bbox 1237 1157 1292 1212; x_wconf 77' lang='grc' dir='ltr'><strong>δὲ</strong></span> <span class='ocrx_word' id='word_1_63' title='bbox 1310 1159 1418 1210; x_wconf 83' lang='grc' dir='ltr'>τῶν</span> <span class='ocrx_word' id='word_1_64' title='bbox 1444 1160 1743 1231; x_wconf 83' lang='grc' dir='ltr'><strong>δραμάτων</strong></span> <span class='ocrx_word' id='word_1_65' title='bbox 1767 1159 1933 1214; x_wconf 77' lang='grc' dir='ltr'><strong>αὐτοῦ</strong></span> <span class='ocrx_word' id='word_1_66' title='bbox 1951 1199 1968 1226; x_wconf 85' lang='grc'><strong><em>,</em></strong></span> 
     </span>
    </p>
   </div>
   <div class='ocr_carea' id='block_1_13' title="bbox 381 1249 1964 1320">
    <p class='ocr_par' dir='ltr' id='par_1_13' title="bbox 381 1249 1964 1320">
     <span class='ocr_line' id='line_1_13' title="bbox 381 1249 1964 1320; baseline 0 -15"><span class='ocrx_word' id='word_1_67' title='bbox 381 1254 563 1306; x_wconf 71' lang='grc' dir='ltr'>Ἀολα</span> <span class='ocrx_word' id='word_1_68' title='bbox 601 1251 792 1304; x_wconf 79' lang='grc' dir='ltr'>Πελίου</span> <span class='ocrx_word' id='word_1_69' title='bbox 816 1250 1097 1320; x_wconf 72' lang='grc' dir='ltr'>ἢψορϐὰς,</span> <span class='ocrx_word' id='word_1_70' title='bbox 1137 1250 1344 1320; x_wconf 61' lang='grc' dir='ltr'>Ἐρεῖς,</span> <span class='ocrx_word' id='word_1_71' title='bbox 1415 1249 1642 1305; x_wconf 82' lang='grc' dir='ltr'>Ἧῖθεοι.</span> <span class='ocrx_word' id='word_1_72' title='bbox 1704 1251 1964 1316; x_wconf 81' lang='grc' dir='ltr'><strong>Πενθεύς.</strong></span> 
     </span>
    </p>
   </div>
   <div class='ocr_carea' id='block_1_14' title="bbox 385 1341 1964 1408">
    <p class='ocr_par' dir='ltr' id='par_1_14' title="bbox 385 1341 1964 1408">
     <span class='ocr_line' id='line_1_14' title="bbox 385 1341 1964 1408; baseline -0.001 -10"><span class='ocrx_word' id='word_1_73' title='bbox 385 1346 643 1398; x_wconf 80' lang='lat' dir='ltr'><strong>Pentheus</strong></span> <span class='ocrx_word' id='word_1_74' title='bbox 677 1344 859 1396; x_wconf 81' lang='lat' dir='ltr'><strong>fabula</strong></span> <span class='ocrx_word' id='word_1_75' title='bbox 895 1358 923 1394; x_wconf 92' lang='lat' dir='ltr'><strong>a</strong></span> <span class='ocrx_word' id='word_1_76' title='bbox 960 1341 1183 1396; x_wconf 79' lang='lat' dir='ltr'><strong>Polluce</strong></span> <span class='ocrx_word' id='word_1_77' title='bbox 1227 1341 1482 1396; x_wconf 86' lang='lat' dir='ltr'><strong>laudatur</strong></span> <span class='ocrx_word' id='word_1_78' title='bbox 1512 1345 1607 1398; x_wconf 88' lang='lat' dir='ltr'><strong>lib.</strong></span> <span class='ocrx_word' id='word_1_79' title='bbox 1632 1359 1819 1408; x_wconf 88' lang='lat' dir='ltr'><strong>vm,c.</strong></span> <span class='ocrx_word' id='word_1_80' title='bbox 1851 1344 1917 1398; x_wconf 71' lang='grc'><strong>12</strong></span> <span class='ocrx_word' id='word_1_81' title='bbox 1950 1359 1964 1397; x_wconf 88' lang='lat'><strong>:</strong></span> 
     </span>
    </p>
   </div>
   <div class='ocr_carea' id='block_1_15' title="bbox 383 1433 1968 1506">
    <p class='ocr_par' dir='ltr' id='par_1_15' title="bbox 383 1433 1968 1506">
     <span class='ocr_line' id='line_1_15' title="bbox 383 1433 1968 1506; baseline -0.001 -18"><span class='ocrx_word' id='word_1_82' title='bbox 383 1438 455 1490; x_wconf 54' lang='lat' dir='ltr'><strong>“re</strong></span> <span class='ocrx_word' id='word_1_83' title='bbox 504 1437 678 1506; x_wconf 79' lang='grc' dir='ltr'>ὖνομα</span> <span class='ocrx_word' id='word_1_84' title='bbox 734 1433 1032 1504; x_wconf 78' lang='grc' dir='ltr'><strong>ὲπενδύτης</strong></span> <span class='ocrx_word' id='word_1_85' title='bbox 1084 1433 1320 1504; x_wconf 78' lang='grc' dir='ltr'><strong>ληπτέον</strong></span> <span class='ocrx_word' id='word_1_86' title='bbox 1351 1435 1414 1486; x_wconf 84' lang='grc' dir='ltr'>ὲκ</span> <span class='ocrx_word' id='word_1_87' title='bbox 1463 1433 1570 1488; x_wconf 80' lang='grc' dir='ltr'>τῶν</span> <span class='ocrx_word' id='word_1_88' title='bbox 1629 1435 1968 1505; x_wconf 71' lang='grc' dir='ltr'><strong>Σοφοκλέους</strong></span> 
     </span>
    </p>
   </div>
   <div class='ocr_carea' id='block_1_16' title="bbox 382 1523 1965 1597">
    <p class='ocr_par' dir='ltr' id='par_1_16' title="bbox 382 1523 1965 1597">
     <span class='ocr_line' id='line_1_16' title="bbox 382 1523 1965 1597; baseline -0.001 -17"><span class='ocrx_word' id='word_1_89' title='bbox 382 1526 718 1597; x_wconf 76' lang='grc' dir='ltr'>Πλυντριῶν,</span> <span class='ocrx_word' id='word_1_90' title='bbox 759 1526 1003 1588; x_wconf 79' lang='grc' dir='ltr'>ῐΙέπλονς</span> <span class='ocrx_word' id='word_1_91' title='bbox 1048 1526 1258 1579; x_wconf 73' lang='grc' dir='ltr'>τενὶσαι</span> <span class='ocrx_word' id='word_1_92' title='bbox 1309 1523 1650 1589; x_wconf 82' lang='grc' dir='ltr'>λινοπλυνεῖς</span> <span class='ocrx_word' id='word_1_93' title='bbox 1671 1525 1965 1579; x_wconf 73' lang='grc' dir='ltr'><strong>τ’ὲπενδύ-</strong></span> 
     </span>
    </p>
   </div>
   <div class='ocr_carea' id='block_1_17' title="bbox 379 1615 1717 1686">
    <p class='ocr_par' dir='ltr' id='par_1_17' title="bbox 379 1615 1717 1686">
     <span class='ocr_line' id='line_1_17' title="bbox 379 1615 1717 1686; baseline -0.001 -16"><span class='ocrx_word' id='word_1_94' title='bbox 379 1635 480 1680; x_wconf 77' lang='grc' dir='ltr'><strong>τας</strong></span> <span class='ocrx_word' id='word_1_95' title='bbox 508 1638 522 1651; x_wconf 89' lang='grc'><strong>·</strong></span> <span class='ocrx_word' id='word_1_96' title='bbox 543 1619 635 1670; x_wconf 71' lang='grc' dir='ltr'><strong>καὶ</strong></span> <span class='ocrx_word' id='word_1_97' title='bbox 669 1616 874 1678; x_wconf 78' lang='grc' dir='ltr'><strong>Θέσπις</strong></span> <span class='ocrx_word' id='word_1_98' title='bbox 900 1615 956 1668; x_wconf 74' lang='grc' dir='ltr'><strong>δέ</strong></span> <span class='ocrx_word' id='word_1_99' title='bbox 990 1615 1093 1669; x_wconf 75' lang='grc' dir='ltr'><strong>πού</strong></span> <span class='ocrx_word' id='word_1_100' title='bbox 1121 1633 1286 1686; x_wconf 82' lang='grc' dir='ltr'>φησιν</span> <span class='ocrx_word' id='word_1_101' title='bbox 1312 1619 1368 1668; x_wconf 85' lang='grc' dir='ltr'>ἐν</span> <span class='ocrx_word' id='word_1_102' title='bbox 1393 1615 1470 1686; x_wconf 84' lang='grc' dir='ltr'><strong>τῷ</strong></span> <span class='ocrx_word' id='word_1_103' title='bbox 1503 1615 1717 1668; x_wconf 55' lang='grc' dir='ltr'><strong>Πενθεῦ</strong></span> 
     </span>
    </p>
   </div>
   <div class='ocr_carea' id='block_1_18' title="bbox 456 1706 1747 1776">
    <p class='ocr_par' dir='ltr' id='par_1_18' title="bbox 456 1706 1747 1776">
     <span class='ocr_line' id='line_1_18' title="bbox 456 1706 1747 1776; baseline 0 -15"><span class='ocrx_word' id='word_1_104' title='bbox 456 1707 648 1776; x_wconf 76' lang='grc' dir='ltr'><strong>Ἔργῳ</strong></span> <span class='ocrx_word' id='word_1_105' title='bbox 670 1706 864 1774; x_wconf 74' lang='grc' dir='ltr'>νόμιζε</span> <span class='ocrx_word' id='word_1_106' title='bbox 888 1706 1170 1775; x_wconf 78' lang='grc' dir='ltr'>νευρίὸας</span> <span class='ocrx_word' id='word_1_107' title='bbox 1191 1707 1358 1776; x_wconf 74' lang='grc' dir='ltr'>ἔχειν</span> <span class='ocrx_word' id='word_1_108' title='bbox 1384 1707 1747 1775; x_wconf 77' lang='grc' dir='ltr'><strong>ἐπενδύτην.</strong></span> 
     </span>
    </p>
   </div>
   <div class='ocr_carea' id='block_1_19' title="bbox 382 1799 1962 1868">
    <p class='ocr_par' dir='ltr' id='par_1_19' title="bbox 382 1799 1962 1868">
     <span class='ocr_line' id='line_1_19' title="bbox 382 1799 1962 1868; baseline -0.001 -17"><span class='ocrx_word' id='word_1_109' title='bbox 382 1801 458 1853; x_wconf 81' lang='lat' dir='ltr'><strong>De</strong></span> <span class='ocrx_word' id='word_1_110' title='bbox 491 1816 602 1867; x_wconf 89' lang='lat' dir='ltr'><strong>quo</strong></span> <span class='ocrx_word' id='word_1_111' title='bbox 661 1814 822 1851; x_wconf 73' lang='lat' dir='ltr'><strong>versu</strong></span> <span class='ocrx_word' id='word_1_112' title='bbox 853 1813 995 1855; x_wconf 84' lang='lat' dir='ltr'><strong>.cum</strong></span> <span class='ocrx_word' id='word_1_113' title='bbox 1053 1799 1188 1852; x_wconf 88' lang='lat' dir='ltr'><strong>nihil</strong></span> <span class='ocrx_word' id='word_1_114' title='bbox 1218 1800 1272 1853; x_wconf 91' lang='lat' dir='ltr'><strong>in</strong></span> <span class='ocrx_word' id='word_1_115' title='bbox 1309 1800 1599 1868; x_wconf 63' lang='lat' dir='ltr'><strong>praesentia</strong></span> <span class='ocrx_word' id='word_1_116' title='bbox 1647 1806 1962 1863; x_wconf 86' lang='lat' dir='ltr'><strong>succurrat,</strong></span> 
     </span>
    </p>
   </div>
   <div class='ocr_carea' id='block_1_20' title="bbox 376 1889 1966 1963">
    <p class='ocr_par' dir='ltr' id='par_1_20' title="bbox 376 1889 1966 1963">
     <span class='ocr_line' id='line_1_20' title="bbox 376 1889 1966 1963; baseline -0.001 -17"><span class='ocrx_word' id='word_1_117' title='bbox 376 1893 524 1963; x_wconf 84' lang='lat' dir='ltr'><strong>quod</strong></span> <span class='ocrx_word' id='word_1_118' title='bbox 560 1893 692 1945; x_wconf 90' lang='lat' dir='ltr'><strong>mihi</strong></span> <span class='ocrx_word' id='word_1_119' title='bbox 729 1891 1062 1952; x_wconf 66' lang='lat' dir='ltr'><strong>satisfaciat,</strong></span> <span class='ocrx_word' id='word_1_120' title='bbox 1086 1893 1206 1960; x_wconf 89' lang='lat' dir='ltr'><strong>ejus</strong></span> <span class='ocrx_word' id='word_1_121' title='bbox 1250 1892 1695 1947; x_wconf 81' lang='lat' dir='ltr'><strong>emendationem</strong></span> <span class='ocrx_word' id='word_1_122' title='bbox 1729 1891 1783 1946; x_wconf 89' lang='lat' dir='ltr'><strong>in</strong></span> <span class='ocrx_word' id='word_1_123' title='bbox 1815 1889 1966 1944; x_wconf 87' lang='lat' dir='ltr'><strong>aliud</strong></span> 
     </span>
    </p>
   </div>
   <div class='ocr_carea' id='block_1_21' title="bbox 380 1982 1963 2055">
    <p class='ocr_par' dir='ltr' id='par_1_21' title="bbox 380 1982 1963 2055">
     <span class='ocr_line' id='line_1_21' title="bbox 380 1982 1963 2055; baseline -0.002 -15"><span class='ocrx_word' id='word_1_124' title='bbox 380 1999 595 2055; x_wconf 81' lang='lat' dir='ltr'><strong>tempus</strong></span> <span class='ocrx_word' id='word_1_125' title='bbox 651 1983 901 2037; x_wconf 80' lang='lat' dir='ltr'><strong>ddleram</strong></span> <span class='ocrx_word' id='word_1_126' title='bbox 949 2003 961 2037; x_wconf 92' lang='lat'>:</span> <span class='ocrx_word' id='word_1_127' title='bbox 1007 1982 1379 2054; x_wconf 84' lang='lat' dir='ltr'><strong>Sophocleum</strong></span> <span class='ocrx_word' id='word_1_128' title='bbox 1433 1985 1590 2039; x_wconf 92' lang='lat' dir='ltr'><strong>illum</strong></span> <span class='ocrx_word' id='word_1_129' title='bbox 1656 1985 1778 2039; x_wconf 85' lang='lat' dir='ltr'><strong>sine</strong></span> <span class='ocrx_word' id='word_1_130' title='bbox 1846 1999 1963 2037; x_wconf 88' lang='lat' dir='ltr'><strong>mo-</strong></span> 
     </span>
    </p>
   </div>
   <div class='ocr_carea' id='block_1_22' title="bbox 379 2072 1962 2143">
    <p class='ocr_par' dir='ltr' id='par_1_22' title="bbox 379 2072 1962 2143">
     <span class='ocr_line' id='line_1_22' title="bbox 379 2072 1962 2143; baseline -0.001 -14"><span class='ocrx_word' id='word_1_131' title='bbox 379 2091 439 2129; x_wconf 91' lang='lat' dir='ltr'><strong>ra</strong></span> <span class='ocrx_word' id='word_1_132' title='bbox 511 2075 823 2142; x_wconf 77' lang='lat' dir='ltr'><strong>expediam.</strong></span> <span class='ocrx_word' id='word_1_133' title='bbox 893 2072 1081 2143; x_wconf 77' lang='lat' dir='ltr'><strong>Neque</strong></span> <span class='ocrx_word' id='word_1_134' title='bbox 1148 2076 1294 2129; x_wconf 86' lang='lat' dir='ltr'><strong>enim</strong></span> <span class='ocrx_word' id='word_1_135' title='bbox 1381 2091 1505 2129; x_wconf 91' lang='lat' dir='ltr'><strong>cum</strong></span> <span class='ocrx_word' id='word_1_136' title='bbox 1579 2076 1908 2130; x_wconf 88' lang='lat' dir='ltr'><strong>Casaubono</strong></span> <span class='ocrx_word' id='word_1_137' title='bbox 1948 2113 1962 2137; x_wconf 92' lang='lat'><strong>,</strong></span> 
     </span>
    </p>
   </div>
   <div class='ocr_carea' id='block_1_23' title="bbox 377 2165 1965 2236">
    <p class='ocr_par' dir='ltr' id='par_1_23' title="bbox 377 2165 1965 2236">
     <span class='ocr_line' id='line_1_23' title="bbox 377 2165 1965 2236; baseline 0 -14"><span class='ocrx_word' id='word_1_138' title='bbox 377 2168 620 2222; x_wconf 80' lang='lat' dir='ltr'><strong>Meursio</strong></span> <span class='ocrx_word' id='word_1_139' title='bbox 650 2175 706 2221; x_wconf 85' lang='lat' dir='ltr'><strong>et</strong></span> <span class='ocrx_word' id='word_1_140' title='bbox 739 2165 1016 2221; x_wconf 79' lang='lat' dir='ltr'><strong>Gatakcro</strong></span> <span class='ocrx_word' id='word_1_141' title='bbox 1063 2166 1304 2220; x_wconf 82' lang='grc' dir='ltr'>κτενίσαι</span> <span class='ocrx_word' id='word_1_142' title='bbox 1350 2168 1771 2234; x_wconf 84' lang='lat' dir='ltr'><strong>substituerim;</strong></span> <span class='ocrx_word' id='word_1_143' title='bbox 1805 2168 1965 2236; x_wconf 85' lang='lat' dir='ltr'><strong>cujus</strong></span> 
     </span>
    </p>
   </div>
   <div class='ocr_carea' id='block_1_24' title="bbox 376 2257 1963 2329">
    <p class='ocr_par' dir='ltr' id='par_1_24' title="bbox 376 2257 1963 2329">
     <span class='ocr_line' id='line_1_24' title="bbox 376 2257 1963 2329; baseline -0.001 -17"><span class='ocrx_word' id='word_1_144' title='bbox 376 2259 556 2313; x_wconf 87' lang='lat' dir='ltr'><strong>media</strong></span> <span class='ocrx_word' id='word_1_145' title='bbox 603 2258 812 2329; x_wconf 81' lang='lat' dir='ltr'><strong>syllaba</strong></span> <span class='ocrx_word' id='word_1_146' title='bbox 871 2265 956 2310; x_wconf 85' lang='lat' dir='ltr'><strong>est</strong></span> <span class='ocrx_word' id='word_1_147' title='bbox 1003 2257 1238 2312; x_wconf 78' lang='lat' dir='ltr'><strong>brevis:</strong></span> <span class='ocrx_word' id='word_1_148' title='bbox 1291 2273 1624 2328; x_wconf 74' lang='lat' dir='ltr'><strong>versumque</strong></span> <span class='ocrx_word' id='word_1_149' title='bbox 1703 2258 1963 2312; x_wconf 85' lang='lat' dir='ltr'><strong>redderet</strong></span> 
     </span>
    </p>
   </div>
   <div class='ocr_carea' id='block_1_25' title="bbox 381 2347 1963 2420">
    <p class='ocr_par' dir='ltr' id='par_1_25' title="bbox 381 2347 1963 2420">
     <span class='ocr_line' id='line_1_25' title="bbox 381 2347 1963 2420; baseline -0.002 -16"><span class='ocrx_word' id='word_1_150' title='bbox 381 2366 488 2405; x_wconf 88' lang='lat' dir='ltr'><strong>una</strong></span> <span class='ocrx_word' id='word_1_151' title='bbox 527 2351 732 2420; x_wconf 81' lang='lat' dir='ltr'><strong>syllaba</strong></span> <span class='ocrx_word' id='word_1_152' title='bbox 759 2350 1085 2405; x_wconf 82' lang='lat' dir='ltr'><strong>breviorem.</strong></span> <span class='ocrx_word' id='word_1_153' title='bbox 1114 2347 1227 2401; x_wconf 69' lang='lat' dir='ltr'><strong>Non</strong></span> <span class='ocrx_word' id='word_1_154' title='bbox 1259 2350 1404 2402; x_wconf 90' lang='lat' dir='ltr'><strong>cnim</strong></span> <span class='ocrx_word' id='word_1_155' title='bbox 1429 2350 1700 2404; x_wconf 85' lang='lat' dir='ltr'><strong>diiambus</strong></span> <span class='ocrx_word' id='word_1_156' title='bbox 1717 2357 1800 2403; x_wconf 87' lang='lat' dir='ltr'><strong>est</strong></span> <span class='ocrx_word' id='word_1_157' title='bbox 1823 2348 1963 2401; x_wconf 89' lang='grc' dir='ltr'>λινο-</span> 
     </span>
    </p>
   </div>
   <div class='ocr_carea' id='block_1_26' title="bbox 377 2439 1961 2510">
    <p class='ocr_par' dir='ltr' id='par_1_26' title="bbox 377 2439 1961 2510">
     <span class='ocr_line' id='line_1_26' title="bbox 377 2439 1961 2510; baseline -0.001 -16"><span class='ocrx_word' id='word_1_158' title='bbox 377 2441 624 2503; x_wconf 78' lang='grc' dir='ltr'>πλυνεῖς,</span> <span class='ocrx_word' id='word_1_159' title='bbox 649 2440 742 2495; x_wconf 89' lang='lat' dir='ltr'><strong>scd</strong></span> <span class='ocrx_word' id='word_1_160' title='bbox 766 2456 919 2510; x_wconf 67' lang='lat' dir='ltr'><strong>paeon</strong></span> <span class='ocrx_word' id='word_1_161' title='bbox 939 2451 1190 2509; x_wconf 90' lang='lat' dir='ltr'><strong>quartus.</strong></span> <span class='ocrx_word' id='word_1_162' title='bbox 1217 2439 1676 2509; x_wconf 77' lang='lat' dir='ltr'><strong>NequeGatakeri</strong></span> <span class='ocrx_word' id='word_1_163' title='bbox 1701 2441 1961 2494; x_wconf 81' lang='grc' dir='ltr'>νεοπλύν-</span> 
     </span>
    </p>
   </div>
   <div class='ocr_carea' id='block_1_27' title="bbox 377 2531 1960 2606">
    <p class='ocr_par' dir='ltr' id='par_1_27' title="bbox 377 2531 1960 2606">
     <span class='ocr_line' id='line_1_27' title="bbox 377 2531 1960 2606; baseline -0.001 -19"><span class='ocrx_word' id='word_1_164' title='bbox 377 2552 502 2597; x_wconf 76' lang='grc' dir='ltr'>τους</span> <span class='ocrx_word' id='word_1_165' title='bbox 533 2533 653 2606; x_wconf 50' lang='grc'><strong>,[47]</strong></span> <span class='ocrx_word' id='word_1_166' title='bbox 682 2531 976 2595; x_wconf 69' lang='grc' dir='ltr'><strong>ὲπενδύτας</strong></span> <span class='ocrx_word' id='word_1_167' title='bbox 1007 2533 1392 2601; x_wconf 78' lang='lat' dir='ltr'><strong>probavcrim;</strong></span> <span class='ocrx_word' id='word_1_168' title='bbox 1422 2549 1547 2585; x_wconf 83' lang='lat' dir='ltr'><strong>nam</strong></span> <span class='ocrx_word' id='word_1_169' title='bbox 1580 2532 1740 2587; x_wconf 82' lang='lat' dir='ltr'><strong>sedes</strong></span> <span class='ocrx_word' id='word_1_170' title='bbox 1765 2542 1960 2602; x_wconf 86' lang='lat' dir='ltr'><strong>quarta</strong></span> 
     </span>
    </p>
   </div>
   <div class='ocr_carea' id='block_1_28' title="bbox 378 2623 1964 2694">
    <p class='ocr_par' dir='ltr' id='par_1_28' title="bbox 378 2623 1964 2694">
     <span class='ocr_line' id='line_1_28' title="bbox 378 2623 1964 2694; baseline -0.003 -14"><span class='ocrx_word' id='word_1_171' title='bbox 378 2626 696 2694; x_wconf 77' lang='lat' dir='ltr'><strong>spondamm</strong></span> <span class='ocrx_word' id='word_1_172' title='bbox 722 2639 829 2675; x_wconf 77' lang='grc' dir='ltr'>ιιυιι</span> <span class='ocrx_word' id='word_1_173' title='bbox 859 2623 1101 2676; x_wconf 85' lang='lat' dir='ltr'><strong>admittit</strong></span> <span class='ocrx_word' id='word_1_174' title='bbox 1125 2640 1138 2686; x_wconf 90' lang='lat'><strong>;</strong></span> <span class='ocrx_word' id='word_1_175' title='bbox 1167 2630 1379 2691; x_wconf 85' lang='lat' dir='ltr'><strong>poterat</strong></span> <span class='ocrx_word' id='word_1_176' title='bbox 1415 2624 1582 2692; x_wconf 88' lang='lat' dir='ltr'><strong>paulo</strong></span> <span class='ocrx_word' id='word_1_177' title='bbox 1612 2624 1822 2678; x_wconf 79' lang='lat' dir='ltr'><strong>rectius</strong></span> <span class='ocrx_word' id='word_1_178' title='bbox 1849 2641 1964 2676; x_wconf 84' lang='grc' dir='ltr'>νεο-</span> 
     </span>
    </p>
   </div>
   <div class='ocr_carea' id='block_1_29' title="bbox 377 2713 1962 2786">
    <p class='ocr_par' dir='ltr' id='par_1_29' title="bbox 377 2713 1962 2786">
     <span class='ocr_line' id='line_1_29' title="bbox 377 2713 1962 2786; baseline 0 -17"><span class='ocrx_word' id='word_1_179' title='bbox 377 2715 632 2778; x_wconf 74' lang='grc' dir='ltr'>πλύτους.</span> <span class='ocrx_word' id='word_1_180' title='bbox 696 2713 800 2766; x_wconf 74' lang='lat' dir='ltr'><strong>Sed</strong></span> <span class='ocrx_word' id='word_1_181' title='bbox 854 2714 1002 2768; x_wconf 85' lang='lat' dir='ltr'><strong>aliud</strong></span> <span class='ocrx_word' id='word_1_182' title='bbox 1051 2714 1312 2783; x_wconf 83' lang='lat' dir='ltr'><strong>quiddam</strong></span> <span class='ocrx_word' id='word_1_183' title='bbox 1375 2714 1826 2783; x_wconf 76' lang='lat' dir='ltr'><strong>pra-tulerim,de</strong></span> <span class='ocrx_word' id='word_1_184' title='bbox 1853 2731 1962 2786; x_wconf 85' lang='lat' dir='ltr'><strong>quo</strong></span> 
     </span>
    </p>
   </div>
   <div class='ocr_carea' id='block_1_30' title="bbox 378 2807 1434 2863">
    <p class='ocr_par' dir='ltr' id='par_1_30' title="bbox 378 2807 1434 2863">
     <span class='ocr_line' id='line_1_30' title="bbox 378 2807 1434 2863; baseline -0.003 0"><span class='ocrx_word' id='word_1_185' title='bbox 378 2811 554 2863; x_wconf 87' lang='lat' dir='ltr'><strong>ausim</strong></span> <span class='ocrx_word' id='word_1_186' title='bbox 597 2808 694 2860; x_wconf 88' lang='lat' dir='ltr'><strong>tibi</strong></span> <span class='ocrx_word' id='word_1_187' title='bbox 730 2807 1048 2860; x_wconf 87' lang='lat' dir='ltr'><strong>lirmissime</strong></span> <span class='ocrx_word' id='word_1_188' title='bbox 1069 2821 1392 2860; x_wconf 54' lang='lat' dir='ltr'><strong>asseverare</strong></span> <span class='ocrx_word' id='word_1_189' title='bbox 1421 2823 1434 2860; x_wconf 89' lang='lat'><strong>:</strong></span> 
     </span>
    </p>
   </div>
   <div class='ocr_carea' id='block_1_31' title="bbox 377 2897 1846 2965">
    <p class='ocr_par' dir='ltr' id='par_1_31' title="bbox 377 2897 1846 2965">
     <span class='ocr_line' id='line_1_31' title="bbox 377 2897 1846 2965; baseline -0.003 -9"><span class='ocrx_word' id='word_1_190' title='bbox 377 2900 659 2965; x_wconf 75' lang='grc' dir='ltr'>Πέπλους</span> <span class='ocrx_word' id='word_1_191' title='bbox 688 2915 748 2952; x_wconf 86' lang='grc' dir='ltr'><strong>τε</strong></span> <span class='ocrx_word' id='word_1_192' title='bbox 779 2897 966 2964; x_wconf 65' lang='grc' dir='ltr'>νοῆσαι</span> <span class='ocrx_word' id='word_1_193' title='bbox 996 2898 1388 2962; x_wconf 61' lang='grc' dir='ltr'>λιι-πλυνεῖς</span> <span class='ocrx_word' id='word_1_194' title='bbox 1416 2897 1461 2949; x_wconf 86' lang='grc' dir='ltr'><strong>τ’</strong></span> <span class='ocrx_word' id='word_1_195' title='bbox 1490 2897 1846 2964; x_wconf 71' lang='grc' dir='ltr'><strong>ἑπενδύτας.</strong></span> 
     </span>
    </p>
   </div>
   <div class='ocr_carea' id='block_1_32' title="bbox 379 2985 1960 3057">
    <p class='ocr_par' dir='ltr' id='par_1_32' title="bbox 379 2985 1960 3057">
     <span class='ocr_line' id='line_1_32' title="bbox 379 2985 1960 3057; baseline -0.001 -13"><span class='ocrx_word' id='word_1_196' title='bbox 379 2993 604 3046; x_wconf 83' lang='lat' dir='ltr'><strong>Diversa</strong></span> <span class='ocrx_word' id='word_1_197' title='bbox 655 2990 723 3043; x_wconf 91' lang='lat' dir='ltr'><strong>ab</strong></span> <span class='ocrx_word' id='word_1_198' title='bbox 778 2990 922 3052; x_wconf 85' lang='lat' dir='ltr'><strong>illis,</strong></span> <span class='ocrx_word' id='word_1_199' title='bbox 992 3004 1132 3057; x_wconf 85' lang='lat' dir='ltr'><strong>quas</strong></span> <span class='ocrx_word' id='word_1_200' title='bbox 1176 2985 1378 3041; x_wconf 85' lang='lat' dir='ltr'><strong>Suidas</strong></span> <span class='ocrx_word' id='word_1_201' title='bbox 1430 2995 1701 3052; x_wconf 85' lang='lat' dir='ltr'><strong>recenset,</strong></span> <span class='ocrx_word' id='word_1_202' title='bbox 1777 2988 1960 3043; x_wconf 80' lang='lat' dir='ltr'><strong>fabula</strong></span> 
     </span>
    </p>
   </div>
   <div class='ocr_carea' id='block_1_33' title="bbox 379 3083 1961 3152">
    <p class='ocr_par' dir='ltr' id='par_1_33' title="bbox 379 3083 1961 3152">
     <span class='ocr_line' id='line_1_33' title="bbox 379 3083 1961 3152; baseline -0.002 -12"><span class='ocrx_word' id='word_1_203' title='bbox 379 3087 616 3141; x_wconf 84' lang='lat' dir='ltr'><strong>habetur</strong></span> <span class='ocrx_word' id='word_1_204' title='bbox 663 3087 717 3139; x_wconf 91' lang='lat' dir='ltr'><strong>in</strong></span> <span class='ocrx_word' id='word_1_205' title='bbox 776 3084 946 3137; x_wconf 83' lang='lat' dir='ltr'><strong>veteri</strong></span> <span class='ocrx_word' id='word_1_206' title='bbox 999 3097 1276 3137; x_wconf 86' lang='lat' dir='ltr'><strong>marmore</strong></span> <span class='ocrx_word' id='word_1_207' title='bbox 1339 3083 1756 3148; x_wconf 77' lang='lat' dir='ltr'><strong>Arundeliauo;</strong></span> <span class='ocrx_word' id='word_1_208' title='bbox 1815 3083 1961 3152; x_wconf 88' lang='lat' dir='ltr'><strong>quod</strong></span> 
     </span>
    </p>
   </div>
   <div class='ocr_carea' id='block_1_34' title="bbox 380 3174 1960 3233">
    <p class='ocr_par' dir='ltr' id='par_1_34' title="bbox 380 3174 1960 3233">
     <span class='ocr_line' id='line_1_34' title="bbox 380 3174 1960 3233; baseline -0.001 -1"><span class='ocrx_word' id='word_1_209' title='bbox 380 3193 527 3233; x_wconf 86' lang='lat' dir='ltr'><strong>nunc</strong></span> <span class='ocrx_word' id='word_1_210' title='bbox 564 3188 647 3231; x_wconf 85' lang='lat' dir='ltr'><strong>cst</strong></span> <span class='ocrx_word' id='word_1_211' title='bbox 673 3176 908 3230; x_wconf 77' lang='lat' dir='ltr'><strong>Oxonii:</strong></span> <span class='ocrx_word' id='word_1_212' title='bbox 942 3176 1031 3228; x_wconf 77' lang='grc' dir='ltr'><strong>ΛΦ</strong></span> <span class='ocrx_word' id='word_1_213' title='bbox 1065 3175 1156 3229; x_wconf 85' lang='grc' dir='ltr'><strong>ΟΥ</strong></span> <span class='ocrx_word' id='word_1_214' title='bbox 1187 3174 1431 3227; x_wconf 75' lang='grc' dir='ltr'><strong>ΟΕΣΠΙΣ</strong></span> <span class='ocrx_word' id='word_1_215' title='bbox 1457 3176 1498 3225; x_wconf 95' lang='grc' dir='ltr'><strong>Ο</strong></span> <span class='ocrx_word' id='word_1_216' title='bbox 1543 3175 1853 3229; x_wconf 81' lang='grc' dir='ltr'><strong>ΠΟΙΗἸῊΣ</strong></span> <span class='ocrx_word' id='word_1_217' title='bbox 1877 3215 1891 3228; x_wconf 94' lang='grc'><strong>.</strong></span> <span class='ocrx_word' id='word_1_218' title='bbox 1910 3215 1924 3230; x_wconf 93' lang='grc'><strong>.</strong></span> <span class='ocrx_word' id='word_1_219' title='bbox 1945 3216 1960 3230; x_wconf 92' lang='grc'><strong>.</strong></span> 
     </span>
    </p>
   </div>
   <div class='ocr_carea' id='block_1_35' title="bbox 378 3265 1962 3335">
    <p class='ocr_par' dir='ltr' id='par_1_35' title="bbox 378 3265 1962 3335">
     <span class='ocr_line' id='line_1_35' title="bbox 378 3265 1962 3335; baseline -0.003 -11"><span class='ocrx_word' id='word_1_220' title='bbox 378 3272 496 3323; x_wconf 79' lang='grc' dir='ltr'><strong>ΔΧΙ</strong></span> <span class='ocrx_word' id='word_1_221' title='bbox 532 3310 546 3323; x_wconf 94' lang='grc'><strong>.</strong></span> <span class='ocrx_word' id='word_1_222' title='bbox 577 3309 622 3322; x_wconf 91' lang='grc'><strong>..</strong></span> <span class='ocrx_word' id='word_1_223' title='bbox 657 3269 740 3320; x_wconf 88' lang='grc' dir='ltr'><strong>ΟΣ</strong></span> <span class='ocrx_word' id='word_1_224' title='bbox 777 3266 1111 3320; x_wconf 73' lang='grc' dir='ltr'><strong>ΕΔΙΔΑΞΕΝ</strong></span> <span class='ocrx_word' id='word_1_225' title='bbox 1139 3267 1227 3317; x_wconf 75' lang='grc' dir='ltr'><strong>ΑΛ</strong></span> <span class='ocrx_word' id='word_1_226' title='bbox 1259 3306 1270 3318; x_wconf 93' lang='grc'><strong>.</strong></span> <span class='ocrx_word' id='word_1_227' title='bbox 1300 3305 1313 3319; x_wconf 93' lang='grc'><strong><em>.</em></strong></span> <span class='ocrx_word' id='word_1_228' title='bbox 1347 3304 1361 3318; x_wconf 94' lang='grc'><strong>.</strong></span> <span class='ocrx_word' id='word_1_229' title='bbox 1388 3265 1546 3317; x_wconf 79' lang='grc' dir='ltr'><strong>ΣΤΙΝ</strong></span> <span class='ocrx_word' id='word_1_230' title='bbox 1569 3265 1784 3335; x_wconf 83' lang='lat' dir='ltr'><strong>Supple</strong></span> <span class='ocrx_word' id='word_1_231' title='bbox 1839 3268 1962 3320; x_wconf 79' lang='grc' dir='ltr'><strong>ΑΛ-</strong></span> 
     </span>
    </p>
   </div>
   <div class='ocr_carea' id='block_1_36' title="bbox 380 3358 1963 3429">
    <p class='ocr_par' dir='ltr' id='par_1_36' title="bbox 380 3358 1963 3429">
     <span class='ocr_line' id='line_1_36' title="bbox 380 3358 1963 3429; baseline 0.001 -16"><span class='ocrx_word' id='word_1_232' title='bbox 380 3360 667 3422; x_wconf 75' lang='grc' dir='ltr'><strong>ΚΙΙΣἹῚΝ,</strong></span> <span class='ocrx_word' id='word_1_233' title='bbox 701 3359 965 3429; x_wconf 75' lang='grc' dir='ltr'>ἄλκηστιν</span> <span class='ocrx_word' id='word_1_234' title='bbox 995 3372 1008 3386; x_wconf 86' lang='grc'>⁶</span> <span class='ocrx_word' id='word_1_235' title='bbox 1042 3375 1149 3412; x_wconf 89' lang='lat' dir='ltr'><strong>non</strong></span> <span class='ocrx_word' id='word_1_236' title='bbox 1197 3358 1474 3421; x_wconf 83' lang='grc' dir='ltr'>ἀλκέστιν,</span> <span class='ocrx_word' id='word_1_237' title='bbox 1513 3367 1571 3412; x_wconf 90' lang='lat' dir='ltr'><strong>ut</strong></span> <span class='ocrx_word' id='word_1_238' title='bbox 1596 3359 1782 3414; x_wconf 87' lang='lat' dir='ltr'><strong>minus</strong></span> <span class='ocrx_word' id='word_1_239' title='bbox 1816 3369 1963 3416; x_wconf 88' lang='lat' dir='ltr'><strong>recte</strong></span> 
     </span>
    </p>
   </div>
   <div class='ocr_carea' id='block_1_37' title="bbox 376 3451 1961 3521">
    <p class='ocr_par' dir='ltr' id='par_1_37' title="bbox 376 3451 1961 3521">
     <span class='ocr_line' id='line_1_37' title="bbox 376 3451 1961 3521; baseline 0.004 -19"><span class='ocrx_word' id='word_1_240' title='bbox 376 3453 635 3506; x_wconf 76' lang='lat' dir='ltr'><strong>editores.</strong></span> <span class='ocrx_word' id='word_1_241' title='bbox 663 3452 842 3506; x_wconf 81' lang='lat' dir='ltr'><strong>Locus</strong></span> <span class='ocrx_word' id='word_1_242' title='bbox 892 3459 979 3505; x_wconf 88' lang='lat' dir='ltr'><strong>est</strong></span> <span class='ocrx_word' id='word_1_243' title='bbox 1047 3451 1282 3506; x_wconf 86' lang='lat' dir='ltr'><strong>illustris</strong></span> <span class='ocrx_word' id='word_1_244' title='bbox 1341 3451 1486 3521; x_wconf 84' lang='lat' dir='ltr'><strong>apud</strong></span> <span class='ocrx_word' id='word_1_245' title='bbox 1541 3451 1961 3508; x_wconf 87' lang='lat' dir='ltr'><strong>Clcmentemin</strong></span> 
     </span>
    </p>
   </div>
   <div class='ocr_carea' id='block_1_38' title="bbox 377 3540 1963 3613">
    <p class='ocr_par' dir='ltr' id='par_1_38' title="bbox 377 3540 1963 3613">
     <span class='ocr_line' id='line_1_38' title="bbox 377 3540 1963 3613; baseline 0.001 -17"><span class='ocrx_word' id='word_1_246' title='bbox 377 3543 752 3613; x_wconf 76' lang='grc' dir='ltr'>Στρωματέων</span> <span class='ocrx_word' id='word_1_247' title='bbox 801 3543 1032 3612; x_wconf 67' lang='lat' dir='ltr'><strong>quinto,</strong></span> <span class='ocrx_word' id='word_1_248' title='bbox 1086 3557 1252 3611; x_wconf 87' lang='lat' dir='ltr'><strong>quem</strong></span> <span class='ocrx_word' id='word_1_249' title='bbox 1299 3540 1453 3596; x_wconf 78' lang='lat' dir='ltr'><strong>nefas</strong></span> <span class='ocrx_word' id='word_1_250' title='bbox 1513 3541 1736 3612; x_wconf 84' lang='lat' dir='ltr'><strong>quidem</strong></span> <span class='ocrx_word' id='word_1_251' title='bbox 1795 3542 1963 3598; x_wconf 79' lang='lat' dir='ltr'><strong>fuerit</strong></span> 
     </span>
    </p>
   </div>
   <div class='ocr_carea' id='block_1_39' title="bbox 378 3633 1962 3707">
    <p class='ocr_par' dir='ltr' id='par_1_39' title="bbox 378 3633 1962 3707">
     <span class='ocr_line' id='line_1_39' title="bbox 378 3633 1962 3707; baseline -0.001 -18"><span class='ocrx_word' id='word_1_252' title='bbox 378 3636 600 3690; x_wconf 89' lang='lat' dir='ltr'><strong>silentio</strong></span> <span class='ocrx_word' id='word_1_253' title='bbox 652 3634 1091 3704; x_wconf 77' lang='lat' dir='ltr'><strong>przctcrmitterc.</strong></span> <span class='ocrx_word' id='word_1_254' title='bbox 1149 3634 1352 3696; x_wconf 76' lang='grc' dir='ltr'>Θέσπις</span> <span class='ocrx_word' id='word_1_255' title='bbox 1396 3633 1582 3704; x_wconf 84' lang='grc' dir='ltr'>μέντοι</span> <span class='ocrx_word' id='word_1_256' title='bbox 1624 3635 1653 3688; x_wconf 92' lang='grc' dir='ltr'><strong>ό</strong></span> <span class='ocrx_word' id='word_1_257' title='bbox 1701 3635 1962 3707; x_wconf 80' lang='grc' dir='ltr'>τραγικὸς</span> 
     </span>
    </p>
   </div>
   <div class='ocr_carea' id='block_1_40' title="bbox 374 3722 1960 3799">
    <p class='ocr_par' dir='ltr' id='par_1_40' title="bbox 374 3722 1960 3799">
     <span class='ocr_line' id='line_1_40' title="bbox 374 3722 1960 3799; baseline 0.001 -18"><span class='ocrx_word' id='word_1_258' title='bbox 374 3729 464 3782; x_wconf 82' lang='grc' dir='ltr'><strong>διὰ</strong></span> <span class='ocrx_word' id='word_1_259' title='bbox 492 3727 698 3782; x_wconf 74' lang='grc' dir='ltr'>τούτων</span> <span class='ocrx_word' id='word_1_260' title='bbox 729 3727 856 3782; x_wconf 79' lang='grc' dir='ltr'>ἄλλο</span> <span class='ocrx_word' id='word_1_261' title='bbox 884 3745 936 3781; x_wconf 85' lang='grc' dir='ltr'>τι</span> <span class='ocrx_word' id='word_1_262' title='bbox 959 3726 1320 3798; x_wconf 80' lang='grc' dir='ltr'>σημαίνεσοαί</span> <span class='ocrx_word' id='word_1_263' title='bbox 1366 3743 1530 3796; x_wconf 76' lang='grc' dir='ltr'>φησιν</span> <span class='ocrx_word' id='word_1_264' title='bbox 1556 3722 1660 3784; x_wconf 80' lang='grc' dir='ltr'><strong>ὧδέ</strong></span> <span class='ocrx_word' id='word_1_265' title='bbox 1682 3743 1799 3791; x_wconf 81' lang='grc' dir='ltr'><strong>πως</strong></span> <span class='ocrx_word' id='word_1_266' title='bbox 1825 3728 1960 3799; x_wconf 61' lang='grc' dir='ltr'>γράν</span> 
     </span>
    </p>
   </div>
   <div class='ocr_carea' id='block_1_41' title="bbox 377 3836 514 3889">
    <p class='ocr_par' dir='ltr' id='par_1_41' title="bbox 377 3836 514 3889">
     <span class='ocr_line' id='line_1_41' title="bbox 377 3836 514 3889; baseline 0 -17"><span class='ocrx_word' id='word_1_267' title='bbox 377 3836 514 3889; x_wconf 77' lang='grc' dir='ltr'>φωνο</span> 
     </span>
    </p>
   </div>
   <div class='ocr_carea' id='block_1_42' title="bbox 486 3929 1629 3994">
    <p class='ocr_par' dir='ltr' id='par_1_42' title="bbox 486 3929 1629 3994">
     <span class='ocr_line' id='line_1_42' title="bbox 486 3929 1629 3994; baseline -0.001 -10"><span class='ocrx_word' id='word_1_268' title='bbox 486 3931 610 3984; x_wconf 77' lang='grc' dir='ltr'><strong>Ἰδε</strong></span> <span class='ocrx_word' id='word_1_269' title='bbox 638 3946 735 3985; x_wconf 85' lang='grc' dir='ltr'><strong>σοι</strong></span> <span class='ocrx_word' id='word_1_270' title='bbox 768 3930 1013 3984; x_wconf 72' lang='grc' dir='ltr'>σπένδω</span> <span class='ocrx_word' id='word_1_271' title='bbox 1039 3929 1289 3994; x_wconf 74' lang='grc' dir='ltr'><strong>κναξζβὶ</strong></span> <span class='ocrx_word' id='word_1_272' title='bbox 1320 3929 1384 3983; x_wconf 79' lang='grc' dir='ltr'><strong>τὸ</strong></span> <span class='ocrx_word' id='word_1_273' title='bbox 1400 3929 1629 3984; x_wconf 72' lang='grc' dir='ltr'><strong>λευκὸν</strong></span> 
     </span>
    </p>
   </div>
   <div class='ocr_carea' id='block_1_43' title="bbox 493 3998 1572 4068">
    <p class='ocr_par' dir='ltr' id='par_1_43' title="bbox 493 3998 1572 4068">
     <span class='ocr_line' id='line_1_43' title="bbox 493 3998 1572 4068; baseline -0.005 -12"><span class='ocrx_word' id='word_1_274' title='bbox 493 4003 635 4055; x_wconf 78' lang='grc' dir='ltr'><strong>’Λπὸ</strong></span> <span class='ocrx_word' id='word_1_275' title='bbox 668 4002 1023 4068; x_wconf 49' lang='lat' dir='ltr'><strong>(talentorum</strong></span> <span class='ocrx_word' id='word_1_276' title='bbox 1049 4001 1272 4067; x_wconf 69' lang='grc' dir='ltr'>θλίψεις</span> <span class='ocrx_word' id='word_1_277' title='bbox 1303 3998 1572 4052; x_wconf 74' lang='grc' dir='ltr'>κνακῶνο</span> 
     </span>
    </p>
   </div>
   <div class='ocr_carea' id='block_1_44' title="bbox 485 4068 1460 4139">
    <p class='ocr_par' dir='ltr' id='par_1_44' title="bbox 485 4068 1460 4139">
     <span class='ocr_line' id='line_1_44' title="bbox 485 4068 1460 4139; baseline -0.003 -15"><span class='ocrx_word' id='word_1_278' title='bbox 485 4071 610 4124; x_wconf 81' lang='grc' dir='ltr'><strong>Ἴδε</strong></span> <span class='ocrx_word' id='word_1_279' title='bbox 638 4087 736 4124; x_wconf 84' lang='grc' dir='ltr'><strong>σοι</strong></span> <span class='ocrx_word' id='word_1_280' title='bbox 768 4072 1042 4139; x_wconf 83' lang='grc' dir='ltr'><strong>χθύπτην</strong></span> <span class='ocrx_word' id='word_1_281' title='bbox 1071 4068 1460 4139; x_wconf 20' lang='grc' dir='ltr'>τυρὸνᾲμίειις</span> 
     </span>
    </p>
   </div>
   <div class='ocr_carea' id='block_1_45' title="bbox 491 4136 1666 4208">
    <p class='ocr_par' dir='ltr' id='par_1_45' title="bbox 491 4136 1666 4208">
     <span class='ocr_line' id='line_1_45' title="bbox 491 4136 1666 4208; baseline -0.003 -14"><span class='ocrx_word' id='word_1_282' title='bbox 491 4136 994 4208; x_wconf 48' lang='grc' dir='ltr'><strong>Ἐρυθρῴᾆιέλιτι,</strong></span> <span class='ocrx_word' id='word_1_283' title='bbox 1030 4136 1320 4208; x_wconf 31' lang='grc' dir='ltr'><strong>κατὰμτών</strong></span> <span class='ocrx_word' id='word_1_284' title='bbox 1359 4138 1507 4200; x_wconf 72' lang='grc' dir='ltr'><strong>σῶν,</strong></span> <span class='ocrx_word' id='word_1_285' title='bbox 1537 4139 1666 4192; x_wconf 82' lang='grc' dir='ltr'><strong>Πὰν</strong></span> 
     </span>
    </p>
   </div>
   <div class='ocr_carea' id='block_1_46' title="bbox 478 4206 1485 4277">
    <p class='ocr_par' dir='ltr' id='par_1_46' title="bbox 478 4206 1485 4277">
     <span class='ocr_line' id='line_1_46' title="bbox 478 4206 1485 4277; baseline -0.002 -14"><span class='ocrx_word' id='word_1_286' title='bbox 478 4206 753 4277; x_wconf 67' lang='grc' dir='ltr'><strong>Διὶιέρὼς,</strong></span> <span class='ocrx_word' id='word_1_287' title='bbox 783 4206 1012 4276; x_wconf 68' lang='grc' dir='ltr'><strong>τίθεμαι</strong></span> <span class='ocrx_word' id='word_1_288' title='bbox 1037 4206 1259 4274; x_wconf 72' lang='grc' dir='ltr'><em>,ϐωμῶν</em></span> <span class='ocrx_word' id='word_1_289' title='bbox 1281 4208 1485 4276; x_wconf 77' lang='grc' dir='ltr'><strong>ἁγίων.</strong></span> 
     </span>
    </p>
   </div>
   <div class='ocr_carea' id='block_1_47' title="bbox 482 4278 1548 4348">
    <p class='ocr_par' dir='ltr' id='par_1_47' title="bbox 482 4278 1548 4348">
     <span class='ocr_line' id='line_1_47' title="bbox 482 4278 1548 4348; baseline 0 -15"><span class='ocrx_word' id='word_1_290' title='bbox 482 4281 604 4334; x_wconf 81' lang='grc' dir='ltr'><strong>Ἴδε</strong></span> <span class='ocrx_word' id='word_1_291' title='bbox 623 4297 725 4332; x_wconf 86' lang='grc' dir='ltr'><strong>σοι</strong></span> <span class='ocrx_word' id='word_1_292' title='bbox 743 4281 1003 4348; x_wconf 79' lang='grc' dir='ltr'><strong>Βρομίου</strong></span> <span class='ocrx_word' id='word_1_293' title='bbox 1033 4278 1254 4331; x_wconf 74' lang='grc' dir='ltr'><strong>αἴθοπα</strong></span> <span class='ocrx_word' id='word_1_294' title='bbox 1274 4279 1548 4348; x_wconf 65' lang='grc' dir='ltr'>ρλεῃιὸρ</span> 
     </span>
    </p>
   </div>
   <div class='ocr_carea' id='block_1_48' title="bbox 477 4352 682 4405">
    <p class='ocr_par' dir='ltr' id='par_1_48' title="bbox 477 4352 682 4405">
     <span class='ocr_line' id='line_1_48' title="bbox 477 4352 682 4405; baseline 0.005 -1"><span class='ocrx_word' id='word_1_295' title='bbox 477 4352 682 4405; x_wconf 68' lang='grc' dir='ltr'><strong>Λείόω.</strong></span> 
     </span>
    </p>
   </div>
   <div class='ocr_carea' id='block_1_49' title="bbox 374 4460 1950 4532">
    <p class='ocr_par' dir='ltr' id='par_1_49' title="bbox 374 4460 1950 4532">
     <span class='ocr_line' id='line_1_49' title="bbox 374 4460 1950 4532; baseline 0.001 -15"><span class='ocrx_word' id='word_1_296' title='bbox 374 4463 498 4518; x_wconf 71' lang='lat' dir='ltr'><strong>Ha-c</strong></span> <span class='ocrx_word' id='word_1_297' title='bbox 553 4471 743 4517; x_wconf 79' lang='lat' dir='ltr'><strong>narrat</strong></span> <span class='ocrx_word' id='word_1_298' title='bbox 793 4461 1050 4516; x_wconf 89' lang='lat' dir='ltr'><strong>Clemens</strong></span> <span class='ocrx_word' id='word_1_299' title='bbox 1093 4477 1156 4516; x_wconf 74' lang='lat' dir='ltr'><strong>es</strong></span> <span class='ocrx_word' id='word_1_300' title='bbox 1204 4460 1608 4532; x_wconf 61' lang='lat' dir='ltr'><strong>Thespidemx</strong></span> <span class='ocrx_word' id='word_1_301' title='bbox 1643 4464 1769 4519; x_wconf 85' lang='lat' dir='ltr'><strong>aliis</strong></span> <span class='ocrx_word' id='word_1_302' title='bbox 1821 4465 1950 4529; x_wconf 84' lang='lat' dir='ltr'><strong>alia,</strong></span> 
     </span>
    </p>
   </div>
   <div class='ocr_carea' id='block_1_50' title="bbox 372 4555 1954 4630">
    <p class='ocr_par' dir='ltr' id='par_1_50' title="bbox 372 4555 1954 4630">
     <span class='ocr_line' id='line_1_50' title="bbox 372 4555 1954 4630; baseline -0.001 -17"><span class='ocrx_word' id='word_1_303' title='bbox 372 4575 492 4630; x_wconf 75' lang='lat' dir='ltr'><strong>qua:</strong></span> <span class='ocrx_word' id='word_1_304' title='bbox 541 4558 606 4611; x_wconf 90' lang='lat' dir='ltr'><strong>ad</strong></span> <span class='ocrx_word' id='word_1_305' title='bbox 664 4558 912 4612; x_wconf 82' lang='lat' dir='ltr'><strong>eamdem</strong></span> <span class='ocrx_word' id='word_1_306' title='bbox 967 4572 1078 4610; x_wconf 84' lang='lat' dir='ltr'><strong>rem</strong></span> <span class='ocrx_word' id='word_1_307' title='bbox 1148 4565 1418 4626; x_wconf 85' lang='lat' dir='ltr'><strong>spectant.</strong></span> <span class='ocrx_word' id='word_1_308' title='bbox 1481 4555 1809 4611; x_wconf 77' lang='lat' dir='ltr'><strong>Persuasum</strong></span> <span class='ocrx_word' id='word_1_309' title='bbox 1871 4566 1954 4611; x_wconf 81' lang='lat' dir='ltr'><strong>est</strong></span> 
     </span>
    </p>
   </div>
   <div class='ocr_carea' id='block_1_51' title="bbox 370 4650 1954 4721">
    <p class='ocr_par' dir='ltr' id='par_1_51' title="bbox 370 4650 1954 4721">
     <span class='ocr_line' id='line_1_51' title="bbox 370 4650 1954 4721; baseline -0.003 -16"><span class='ocrx_word' id='word_1_310' title='bbox 370 4654 636 4706; x_wconf 80' lang='lat' dir='ltr'><strong>hactenus</strong></span> <span class='ocrx_word' id='word_1_311' title='bbox 701 4651 838 4704; x_wconf 84' lang='lat' dir='ltr'><strong>viris</strong></span> <span class='ocrx_word' id='word_1_312' title='bbox 892 4651 1172 4713; x_wconf 75' lang='lat' dir='ltr'><strong>eruditis,</strong></span> <span class='ocrx_word' id='word_1_313' title='bbox 1228 4665 1481 4721; x_wconf 76' lang='lat' dir='ltr'><strong>magnam</strong></span> <span class='ocrx_word' id='word_1_314' title='bbox 1543 4650 1861 4721; x_wconf 79' lang='lat' dir='ltr'><strong>symbolica:</strong></span> <span class='ocrx_word' id='word_1_315' title='bbox 1901 4657 1954 4701; x_wconf 88' lang='lat' dir='ltr'><strong>et</strong></span> 
     </span>
    </p>
   </div>
   <div class='ocr_carea' id='block_1_52' title="bbox 367 4739 1953 4810">
    <p class='ocr_par' dir='ltr' id='par_1_52' title="bbox 367 4739 1953 4810">
     <span class='ocr_line' id='line_1_52' title="bbox 367 4739 1953 4810; baseline -0.001 -16"><span class='ocrx_word' id='word_1_316' title='bbox 367 4742 726 4810; x_wconf 61' lang='lat' dir='ltr'><strong>atnigmaticae</strong></span> <span class='ocrx_word' id='word_1_317' title='bbox 754 4749 998 4794; x_wconf 84' lang='lat' dir='ltr'><strong>veterum</strong></span> <span class='ocrx_word' id='word_1_318' title='bbox 1030 4741 1318 4810; x_wconf 79' lang='lat' dir='ltr'><strong>theologia:</strong></span> <span class='ocrx_word' id='word_1_319' title='bbox 1340 4742 1446 4794; x_wconf 88' lang='lat' dir='ltr'><strong>vim</strong></span> <span class='ocrx_word' id='word_1_320' title='bbox 1475 4740 1530 4794; x_wconf 90' lang='lat' dir='ltr'><strong>in</strong></span> <span class='ocrx_word' id='word_1_321' title='bbox 1559 4739 1811 4795; x_wconf 79' lang='lat' dir='ltr'><strong>barbaris</strong></span> <span class='ocrx_word' id='word_1_322' title='bbox 1844 4739 1953 4793; x_wconf 82' lang='lat' dir='ltr'><strong>illis</strong></span> 
     </span>
    </p>
   </div>
   <div class='ocr_carea' id='block_1_53' title="bbox 369 4829 1954 4902">
    <p class='ocr_par' dir='ltr' id='par_1_53' title="bbox 369 4829 1954 4902">
     <span class='ocr_line' id='line_1_53' title="bbox 369 4829 1954 4902; baseline -0.001 -17"><span class='ocrx_word' id='word_1_323' title='bbox 369 4832 656 4886; x_wconf 76' lang='lat' dir='ltr'><strong>vocabulis</strong></span> <span class='ocrx_word' id='word_1_324' title='bbox 686 4831 977 4885; x_wconf 88' lang='lat' dir='ltr'><strong>contineri.</strong></span> <span class='ocrx_word' id='word_1_325' title='bbox 1010 4831 1141 4886; x_wconf 68' lang='lat' dir='ltr'><strong>Item</strong></span> <span class='ocrx_word' id='word_1_326' title='bbox 1170 4834 1336 4902; x_wconf 74' lang='lat' dir='ltr'><strong>igitur</strong></span> <span class='ocrx_word' id='word_1_327' title='bbox 1379 4833 1520 4887; x_wconf 89' lang='lat' dir='ltr'><strong>haud</strong></span> <span class='ocrx_word' id='word_1_328' title='bbox 1563 4833 1829 4902; x_wconf 76' lang='lat' dir='ltr'><strong>ingratam</strong></span> <span class='ocrx_word' id='word_1_329' title='bbox 1877 4829 1954 4883; x_wconf 77' lang='lat' dir='ltr'><strong>fa-</strong></span> 
     </span>
    </p>
   </div>
   <div class='ocr_carea' id='block_1_54' title="bbox 367 4922 1951 4993">
    <p class='ocr_par' dir='ltr' id='par_1_54' title="bbox 367 4922 1951 4993">
     <span class='ocr_line' id='line_1_54' title="bbox 367 4922 1951 4993; baseline 0.001 -19"><span class='ocrx_word' id='word_1_330' title='bbox 367 4933 587 4976; x_wconf 79' lang='lat' dir='ltr'><strong>cturum</strong></span> <span class='ocrx_word' id='word_1_331' title='bbox 622 4934 706 4975; x_wconf 88' lang='lat' dir='ltr'><strong>me</strong></span> <span class='ocrx_word' id='word_1_332' title='bbox 733 4936 915 4989; x_wconf 80' lang='lat' dir='ltr'><strong>spero,</strong></span> <span class='ocrx_word' id='word_1_333' title='bbox 937 4922 984 4973; x_wconf 89' lang='lat' dir='ltr'><strong>si</strong></span> <span class='ocrx_word' id='word_1_334' title='bbox 1015 4922 1296 4992; x_wconf 70' lang='lat' dir='ltr'><strong>rel&#39;regero</strong></span> <span class='ocrx_word' id='word_1_335' title='bbox 1345 4925 1458 4977; x_wconf 66' lang='lat' dir='ltr'><strong>haec</strong></span> <span class='ocrx_word' id='word_1_336' title='bbox 1476 4924 1741 4987; x_wconf 85' lang='lat' dir='ltr'><strong>claustra,</strong></span> <span class='ocrx_word' id='word_1_337' title='bbox 1771 4939 1892 4993; x_wconf 72' lang='lat' dir='ltr'><strong>qua:</strong></span> <span class='ocrx_word' id='word_1_338' title='bbox 1922 4937 1951 4976; x_wconf 84' lang='lat' dir='ltr'><strong>a</strong></span> 
     </span>
    </p>
   </div>
   <div class='ocr_carea' id='block_1_55' title="bbox 369 5013 1956 5084">
    <p class='ocr_par' dir='ltr' id='par_1_55' title="bbox 369 5013 1956 5084">
     <span class='ocr_line' id='line_1_55' title="bbox 369 5013 1956 5084; baseline -0.002 -12"><span class='ocrx_word' id='word_1_339' title='bbox 369 5016 562 5073; x_wconf 85' lang='lat' dir='ltr'><strong>multis</strong></span> <span class='ocrx_word' id='word_1_340' title='bbox 603 5015 823 5070; x_wconf 64' lang='lat' dir='ltr'><strong>saeculis</strong></span> <span class='ocrx_word' id='word_1_341' title='bbox 871 5028 1091 5067; x_wconf 90' lang='lat' dir='ltr'><strong>onmem</strong></span> <span class='ocrx_word' id='word_1_342' title='bbox 1120 5013 1184 5066; x_wconf 87' lang='lat' dir='ltr'><strong>ad</strong></span> <span class='ocrx_word' id='word_1_343' title='bbox 1219 5015 1334 5067; x_wconf 77' lang='lat' dir='ltr'><strong>lucc</strong></span> <span class='ocrx_word' id='word_1_344' title='bbox 1371 5031 1528 5069; x_wconf 87' lang='lat' dir='ltr'><strong>sacra</strong></span> <span class='ocrx_word' id='word_1_345' title='bbox 1573 5015 1780 5069; x_wconf 85' lang='lat' dir='ltr'><strong>aditum</strong></span> <span class='ocrx_word' id='word_1_346' title='bbox 1816 5031 1956 5084; x_wconf 69' lang='lat' dir='ltr'><strong>prae-</strong></span> 
     </span>
    </p>
   </div>
   <div class='ocr_carea' id='block_1_56' title="bbox 368 5103 1950 5176">
    <p class='ocr_par' dir='ltr' id='par_1_56' title="bbox 368 5103 1950 5176">
     <span class='ocr_line' id='line_1_56' title="bbox 368 5103 1950 5176; baseline -0.003 -10"><span class='ocrx_word' id='word_1_347' title='bbox 368 5112 674 5167; x_wconf 86' lang='lat' dir='ltr'><strong>cluserunt.</strong></span> <span class='ocrx_word' id='word_1_348' title='bbox 702 5106 859 5174; x_wconf 77' lang='lat' dir='ltr'><strong>Quod</strong></span> <span class='ocrx_word' id='word_1_349' title='bbox 895 5114 1078 5160; x_wconf 88' lang='lat' dir='ltr'><strong>autem</strong></span> <span class='ocrx_word' id='word_1_350' title='bbox 1120 5103 1406 5162; x_wconf 83' lang='lat' dir='ltr'><strong>Herculem</strong></span> <span class='ocrx_word' id='word_1_351' title='bbox 1487 5108 1669 5163; x_wconf 78' lang='lat' dir='ltr'><strong>ferunt</strong></span> <span class='ocrx_word' id='word_1_352' title='bbox 1726 5107 1950 5176; x_wconf 78' lang='lat' dir='ltr'><strong>dixisse,</strong></span> 
     </span>
    </p>
   </div>
   <div class='ocr_carea' id='block_1_57' title="bbox 365 5182 1950 5270">
    <p class='ocr_par' dir='ltr' id='par_1_57' title="bbox 365 5182 1950 5270">
     <span class='ocr_line' id='line_1_57' title="bbox 365 5182 1950 5270; baseline -0.005 -10"><span class='ocrx_word' id='word_1_353' title='bbox 365 5221 490 5260; x_wconf 79' lang='lat' dir='ltr'><strong>cuin</strong></span> <span class='ocrx_word' id='word_1_354' title='bbox 525 5205 580 5259; x_wconf 91' lang='lat' dir='ltr'><strong>in</strong></span> <span class='ocrx_word' id='word_1_355' title='bbox 615 5202 846 5259; x_wconf 90' lang='lat' dir='ltr'><strong>delubro</strong></span> <span class='ocrx_word' id='word_1_356' title='bbox 891 5198 1130 5270; x_wconf 89' lang='lat' dir='ltr'><strong>quodam</strong></span> <span class='ocrx_word' id='word_1_357' title='bbox 1183 5182 1565 5268; x_wconf 69' lang='lat' dir='ltr'><strong>conspexisset</strong></span> <span class='ocrx_word' id='word_1_358' title='bbox 1590 5200 1950 5255; x_wconf 89' lang='lat' dir='ltr'><strong>simulacrum</strong></span> 
     </span>
    </p>
   </div>
   <div class='ocr_carea' id='block_1_58' title="bbox 366 5289 1949 5364">
    <p class='ocr_par' dir='ltr' id='par_1_58' title="bbox 366 5289 1949 5364">
     <span class='ocr_line' id='line_1_58' title="bbox 366 5289 1949 5364; baseline -0.003 -16"><span class='ocrx_word' id='word_1_359' title='bbox 366 5296 653 5358; x_wconf 77' lang='lat' dir='ltr'><strong>Adonidis,</strong></span> <span class='ocrx_word' id='word_1_360' title='bbox 687 5293 852 5348; x_wconf 76' lang='grc' dir='ltr'><strong>Οὐδὲν</strong></span> <span class='ocrx_word' id='word_1_361' title='bbox 885 5291 1031 5364; x_wconf 81' lang='grc' dir='ltr'>ἱερὸν</span> <span class='ocrx_word' id='word_1_362' title='bbox 1054 5291 1346 5364; x_wconf 74' lang='grc' dir='ltr'>ὑπάρχεινο</span> <span class='ocrx_word' id='word_1_363' title='bbox 1381 5289 1523 5343; x_wconf 87' lang='lat' dir='ltr'><strong>idem</strong></span> <span class='ocrx_word' id='word_1_364' title='bbox 1552 5291 1685 5344; x_wconf 90' lang='lat' dir='ltr'><strong>mihi</strong></span> <span class='ocrx_word' id='word_1_365' title='bbox 1713 5291 1825 5360; x_wconf 85' lang='lat' dir='ltr'><strong>jam</strong></span> <span class='ocrx_word' id='word_1_366' title='bbox 1848 5307 1949 5345; x_wconf 90' lang='lat' dir='ltr'><strong>usu</strong></span> 
     </span>
    </p>
   </div>
   <div class='ocr_carea' id='block_1_59' title="bbox 366 5383 1949 5456">
    <p class='ocr_par' dir='ltr' id='par_1_59' title="bbox 366 5383 1949 5456">
     <span class='ocr_line' id='line_1_59' title="bbox 366 5383 1949 5456; baseline -0.001 -18"><span class='ocrx_word' id='word_1_367' title='bbox 366 5387 534 5451; x_wconf 82' lang='lat' dir='ltr'><strong>venit,</strong></span> <span class='ocrx_word' id='word_1_368' title='bbox 597 5387 700 5442; x_wconf 89' lang='lat' dir='ltr'><strong>hoc</strong></span> <span class='ocrx_word' id='word_1_369' title='bbox 748 5385 912 5456; x_wconf 79' lang='lat' dir='ltr'><strong>adyto</strong></span> <span class='ocrx_word' id='word_1_370' title='bbox 952 5384 1191 5438; x_wconf 83' lang='lat' dir='ltr'><strong>recluso.</strong></span> <span class='ocrx_word' id='word_1_371' title='bbox 1222 5383 1486 5437; x_wconf 77' lang='lat' dir='ltr'><strong>Videlicet</strong></span> <span class='ocrx_word' id='word_1_372' title='bbox 1516 5388 1635 5437; x_wconf 90' lang='lat' dir='ltr'><strong>e’rat</strong></span> <span class='ocrx_word' id='word_1_373' title='bbox 1663 5384 1792 5436; x_wconf 89' lang='lat' dir='ltr'><strong>olim</strong></span> <span class='ocrx_word' id='word_1_374' title='bbox 1818 5383 1949 5436; x_wconf 88' lang='lat' dir='ltr'><strong>ridi-</strong></span> 
     </span>
    </p>
   </div>
   <div class='ocr_carea' id='block_1_60' title="bbox 365 5476 1948 5548">
    <p class='ocr_par' dir='ltr' id='par_1_60' title="bbox 365 5476 1948 5548">
     <span class='ocr_line' id='line_1_60' title="bbox 365 5476 1948 5548; baseline 0.001 -20"><span class='ocrx_word' id='word_1_375' title='bbox 365 5479 488 5528; x_wconf 79' lang='lat' dir='ltr'><strong>cula</strong></span> <span class='ocrx_word' id='word_1_376' title='bbox 533 5487 586 5530; x_wconf 84' lang='lat' dir='ltr'><strong>et</strong></span> <span class='ocrx_word' id='word_1_377' title='bbox 632 5481 858 5548; x_wconf 88' lang='lat' dir='ltr'><strong>puerilis</strong></span> <span class='ocrx_word' id='word_1_378' title='bbox 910 5479 1100 5544; x_wconf 81' lang='lat' dir='ltr'><strong>ratio;</strong></span> <span class='ocrx_word' id='word_1_379' title='bbox 1153 5486 1213 5532; x_wconf 91' lang='lat' dir='ltr'><strong>ut</strong></span> <span class='ocrx_word' id='word_1_380' title='bbox 1246 5493 1310 5532; x_wconf 79' lang='lat' dir='ltr'><strong>ex</strong></span> <span class='ocrx_word' id='word_1_381' title='bbox 1357 5486 1596 5546; x_wconf 86' lang='lat' dir='ltr'><strong>quatuor</strong></span> <span class='ocrx_word' id='word_1_382' title='bbox 1653 5485 1707 5530; x_wconf 90' lang='lat' dir='ltr'><strong>et</strong></span> <span class='ocrx_word' id='word_1_383' title='bbox 1756 5476 1948 5546; x_wconf 73' lang='lat' dir='ltr'><strong>viginti</strong></span> 
     </span>
    </p>
   </div>
   <div class='ocr_carea' id='block_1_61' title="bbox 368 5569 1948 5639">
    <p class='ocr_par' dir='ltr' id='par_1_61' title="bbox 368 5569 1948 5639">
     <span class='ocr_line' id='line_1_61' title="bbox 368 5569 1948 5639; baseline 0.003 -21"><span class='ocrx_word' id='word_1_384' title='bbox 368 5569 591 5626; x_wconf 81' lang='lat' dir='ltr'><strong>litteris.</strong></span> <span class='ocrx_word' id='word_1_385' title='bbox 655 5573 824 5625; x_wconf 88' lang='lat' dir='ltr'><strong>semel</strong></span> <span class='ocrx_word' id='word_1_386' title='bbox 873 5571 1143 5625; x_wconf 82' lang='lat' dir='ltr'><strong>duntaxat</strong></span> <span class='ocrx_word' id='word_1_387' title='bbox 1187 5570 1383 5639; x_wconf 63' lang='lat' dir='ltr'><strong>positis</strong></span> <span class='ocrx_word' id='word_1_388' title='bbox 1420 5569 1685 5638; x_wconf 78' lang='lat' dir='ltr'><strong>singulis,</strong></span> <span class='ocrx_word' id='word_1_389' title='bbox 1713 5570 1948 5622; x_wconf 84' lang='lat' dir='ltr'><strong>barbara</strong></span> 
     </span>
    </p>
   </div>
   <div class='ocr_carea' id='block_1_62' title="bbox 364 5656 1943 5733">
    <p class='ocr_par' dir='ltr' id='par_1_62' title="bbox 364 5656 1943 5733">
     <span class='ocr_line' id='line_1_62' title="bbox 364 5656 1943 5733; baseline 0.004 -23"><span class='ocrx_word' id='word_1_390' title='bbox 364 5656 612 5728; x_wconf 64' lang='lat' dir='ltr'><strong>quaedam</strong></span> <span class='ocrx_word' id='word_1_391' title='bbox 644 5668 694 5714; x_wconf 89' lang='lat' dir='ltr'><strong>et</strong></span> <span class='ocrx_word' id='word_1_392' title='bbox 727 5661 958 5718; x_wconf 84' lang='lat' dir='ltr'><strong>iul&#39;accta</strong></span> <span class='ocrx_word' id='word_1_393' title='bbox 992 5663 1154 5718; x_wconf 83' lang='lat' dir='ltr'><strong>verba</strong></span> <span class='ocrx_word' id='word_1_394' title='bbox 1175 5663 1528 5729; x_wconf 80' lang='lat' dir='ltr'><strong>conﬁcerent,</strong></span> <span class='ocrx_word' id='word_1_395' title='bbox 1557 5670 1720 5733; x_wconf 87' lang='lat' dir='ltr'><strong>prout</strong></span> <span class='ocrx_word' id='word_1_396' title='bbox 1747 5661 1943 5731; x_wconf 83' lang='lat' dir='ltr'><strong>cuique</strong></span> 
     </span>
    </p>
   </div>
   <div class='ocr_carea' id='block_1_63' title="bbox 1283 227 2794 295">
    <p class='ocr_par' dir='ltr' id='par_1_63' title="bbox 1283 227 2794 295">
     <span class='ocr_line' id='line_1_63' title="bbox 1283 227 2794 295; baseline 0.005 -10"><span class='ocrx_word' id='word_1_397' title='bbox 1283 228 1379 286; x_wconf 76' lang='lat' dir='ltr'><strong>DE</strong></span> <span class='ocrx_word' id='word_1_398' title='bbox 1423 227 1744 290; x_wconf 74' lang='lat' dir='ltr'><strong>JOANNIS</strong></span> <span class='ocrx_word' id='word_1_399' title='bbox 1789 233 2112 294; x_wconf 67' lang='lat' dir='ltr'><strong>MALALE</strong></span> <span class='ocrx_word' id='word_1_400' title='bbox 2144 233 2794 295; x_wconf 67' lang='lat' dir='ltr'><strong>CHRONOGRAPHIA</strong></span> 
     </span>
    </p>
   </div>
   <div class='ocr_carea' id='block_1_64' title="bbox 1984 4388 2028 4444">
    <p class='ocr_par' dir='ltr' id='par_1_64' title="bbox 1984 4388 2028 4444">
     <span class='ocr_line' id='line_1_64' title="bbox 1984 4388 2028 4444; baseline 0 0"><span class='ocrx_word' id='word_1_401' title='bbox 1984 4388 2028 4444; x_wconf 90' lang='lat' dir='ltr'><strong>D</strong></span> 
     </span>
    </p>
   </div>
   <div class='ocr_carea' id='block_1_65' title="bbox 3468 239 3552 301">
    <p class='ocr_par' dir='ltr' id='par_1_65' title="bbox 3468 239 3552 301">
     <span class='ocr_line' id='line_1_65' title="bbox 3468 239 3552 301; baseline 0 -3"><span class='ocrx_word' id='word_1_402' title='bbox 3468 239 3552 301; x_wconf 61' lang='grc' dir='ltr'>’ω</span> 
     </span>
    </p>
   </div>
   <div class='ocr_carea' id='block_1_66' title="bbox 2000 343 3561 416">
    <p class='ocr_par' dir='ltr' id='par_1_66' title="bbox 2000 343 3561 416">
     <span class='ocr_line' id='line_1_66' title="bbox 2000 343 3561 416; baseline -0.004 -14"><span class='ocrx_word' id='word_1_403' title='bbox 2000 357 2044 412; x_wconf 74' lang='grc' dir='ltr'>Α</span> <span class='ocrx_word' id='word_1_404' title='bbox 2077 349 2294 408; x_wconf 84' lang='lat' dir='ltr'><strong>libitum</strong></span> <span class='ocrx_word' id='word_1_405' title='bbox 2330 346 2514 401; x_wconf 78' lang='lat' dir='ltr'><strong>fuerit.</strong></span> <span class='ocrx_word' id='word_1_406' title='bbox 2551 346 2804 400; x_wconf 84' lang='lat' dir='ltr'><strong>Clemens</strong></span> <span class='ocrx_word' id='word_1_407' title='bbox 2835 344 2976 398; x_wconf 86' lang='lat' dir='ltr'><strong>hanc</strong></span> <span class='ocrx_word' id='word_1_408' title='bbox 3034 343 3256 413; x_wconf 83' lang='lat' dir='ltr'><strong>appellat</strong></span> <span class='ocrx_word' id='word_1_409' title='bbox 3288 361 3561 416; x_wconf 73' lang='grc' dir='ltr'>στοιχειωτι.</span> 
     </span>
    </p>
   </div>
   <div class='ocr_carea' id='block_1_67' title="bbox 2073 435 3640 512">
    <p class='ocr_par' dir='ltr' id='par_1_67' title="bbox 2073 435 3640 512">
     <span class='ocr_line' id='line_1_67' title="bbox 2073 435 3640 512; baseline 0 -18"><span class='ocrx_word' id='word_1_410' title='bbox 2073 442 2175 512; x_wconf 71' lang='grc' dir='ltr'>κῆν</span> <span class='ocrx_word' id='word_1_411' title='bbox 2198 441 2308 492; x_wconf 83' lang='grc' dir='ltr'><strong>τῶν</strong></span> <span class='ocrx_word' id='word_1_412' title='bbox 2331 439 2536 492; x_wconf 76' lang='grc' dir='ltr'>παίδων</span> <span class='ocrx_word' id='word_1_413' title='bbox 2559 437 2924 490; x_wconf 71' lang='grc' dir='ltr'><strong>διδασκαλίαν.</strong></span> <span class='ocrx_word' id='word_1_414' title='bbox 2958 435 3144 488; x_wconf 79' lang='lat' dir='ltr'><strong>Postea</strong></span> <span class='ocrx_word' id='word_1_415' title='bbox 3171 441 3453 490; x_wconf 79' lang='lat' dir='ltr'><strong>certandum</strong></span> <span class='ocrx_word' id='word_1_416' title='bbox 3474 453 3562 493; x_wconf 82' lang='lat' dir='ltr'><strong>erat</strong></span> <span class='ocrx_word' id='word_1_417' title='bbox 3635 449 3640 460; x_wconf 97' lang='lat'>&#39;</span> 
     </span>
    </p>
   </div>
   <div class='ocr_carea' id='block_1_68' title="bbox 2074 525 3564 596">
    <p class='ocr_par' dir='ltr' id='par_1_68' title="bbox 2074 525 3564 596">
     <span class='ocr_line' id='line_1_68' title="bbox 2074 525 3564 596; baseline -0.002 -11"><span class='ocrx_word' id='word_1_418' title='bbox 2074 530 2318 596; x_wconf 75' lang='lat' dir='ltr'><strong>ingenio.</strong></span> <span class='ocrx_word' id='word_1_419' title='bbox 2361 537 2417 580; x_wconf 94' lang='lat' dir='ltr'><strong>ut</strong></span> <span class='ocrx_word' id='word_1_420' title='bbox 2439 527 2766 581; x_wconf 84' lang='lat' dir='ltr'><strong>sententiam</strong></span> <span class='ocrx_word' id='word_1_421' title='bbox 2802 527 3031 579; x_wconf 72' lang='lat' dir='ltr'><strong>istorum</strong></span> <span class='ocrx_word' id='word_1_422' title='bbox 3062 525 3335 579; x_wconf 80' lang='lat' dir='ltr'><strong>verborum</strong></span> <span class='ocrx_word' id='word_1_423' title='bbox 3369 527 3564 596; x_wconf 81' lang='lat' dir='ltr'><strong>aliquam</strong></span> 
     </span>
    </p>
   </div>
   <div class='ocr_carea' id='block_1_69' title="bbox 2071 617 3568 687">
    <p class='ocr_par' dir='ltr' id='par_1_69' title="bbox 2071 617 3568 687">
     <span class='ocr_line' id='line_1_69' title="bbox 2071 617 3568 687; baseline -0.003 -10"><span class='ocrx_word' id='word_1_424' title='bbox 2071 623 2336 677; x_wconf 88' lang='lat' dir='ltr'><strong>omnilms</strong></span> <span class='ocrx_word' id='word_1_425' title='bbox 2380 619 2630 687; x_wconf 78' lang='lat' dir='ltr'><strong>vestigiis</strong></span> <span class='ocrx_word' id='word_1_426' title='bbox 2685 617 3042 686; x_wconf 82' lang='lat' dir='ltr'><strong>iudagarent;</strong></span> <span class='ocrx_word' id='word_1_427' title='bbox 3083 629 3185 668; x_wconf 90' lang='lat' dir='ltr'><strong>non</strong></span> <span class='ocrx_word' id='word_1_428' title='bbox 3230 631 3339 670; x_wconf 87' lang='lat' dir='ltr'><strong>eam</strong></span> <span class='ocrx_word' id='word_1_429' title='bbox 3390 618 3568 686; x_wconf 75' lang='lat' dir='ltr'><strong>quidem</strong></span> 
     </span>
    </p>
   </div>
   <div class='ocr_carea' id='block_1_70' title="bbox 2071 705 3569 775">
    <p class='ocr_par' dir='ltr' id='par_1_70' title="bbox 2071 705 3569 775">
     <span class='ocr_line' id='line_1_70' title="bbox 2071 705 3569 775; baseline -0.006 -8"><span class='ocrx_word' id='word_1_430' title='bbox 2071 713 2296 767; x_wconf 91' lang='lat' dir='ltr'><strong>omnino</strong></span> <span class='ocrx_word' id='word_1_431' title='bbox 2324 711 2559 764; x_wconf 88' lang='lat' dir='ltr'><strong>alienam</strong></span> <span class='ocrx_word' id='word_1_432' title='bbox 2588 719 2641 762; x_wconf 88' lang='lat' dir='ltr'><strong>et</strong></span> <span class='ocrx_word' id='word_1_433' title='bbox 2662 709 2944 770; x_wconf 83' lang='lat' dir='ltr'><strong>absonam,</strong></span> <span class='ocrx_word' id='word_1_434' title='bbox 3007 705 3100 761; x_wconf 90' lang='lat' dir='ltr'><strong>sed</strong></span> <span class='ocrx_word' id='word_1_435' title='bbox 3128 720 3155 757; x_wconf 88' lang='lat' dir='ltr'><strong>a</strong></span> <span class='ocrx_word' id='word_1_436' title='bbox 3201 705 3487 775; x_wconf 84' lang='lat' dir='ltr'><strong>prepinquo,</strong></span> <span class='ocrx_word' id='word_1_437' title='bbox 3534 714 3569 762; x_wconf 82' lang='lat' dir='ltr'><strong>si</strong></span> 
     </span>
    </p>
   </div>
   <div class='ocr_carea' id='block_1_71' title="bbox 2075 793 3574 873">
    <p class='ocr_par' dir='ltr' id='par_1_71' title="bbox 2075 793 3574 873">
     <span class='ocr_line' id='line_1_71' title="bbox 2075 793 3574 873; baseline -0.005 -14"><span class='ocrx_word' id='word_1_438' title='bbox 2075 805 2189 860; x_wconf 83' lang='lat' dir='ltr'><strong>licri</strong></span> <span class='ocrx_word' id='word_1_439' title='bbox 2243 803 2441 873; x_wconf 87' lang='lat' dir='ltr'><strong>potuit,</strong></span> <span class='ocrx_word' id='word_1_440' title='bbox 2472 813 2525 856; x_wconf 92' lang='lat' dir='ltr'><strong>et</strong></span> <span class='ocrx_word' id='word_1_441' title='bbox 2567 799 2847 855; x_wconf 81' lang='lat' dir='ltr'><strong>verisimili</strong></span> <span class='ocrx_word' id='word_1_442' title='bbox 2874 797 3113 868; x_wconf 86' lang='lat' dir='ltr'><strong>petitam.</strong></span> <span class='ocrx_word' id='word_1_443' title='bbox 3139 793 3264 850; x_wconf 84' lang='lat' dir='ltr'><strong>Tria</strong></span> <span class='ocrx_word' id='word_1_444' title='bbox 3287 795 3390 868; x_wconf 67' lang='lat'><strong>[48]</strong></span> <span class='ocrx_word' id='word_1_445' title='bbox 3411 798 3574 866; x_wconf 72' lang='lat' dir='ltr'><strong>profert</strong></span> 
     </span>
    </p>
   </div>
   <div class='ocr_carea' id='block_1_72' title="bbox 2070 888 3572 962">
    <p class='ocr_par' dir='ltr' id='par_1_72' title="bbox 2070 888 3572 962">
     <span class='ocr_line' id='line_1_72' title="bbox 2070 888 3572 962; baseline -0.006 -13"><span class='ocrx_word' id='word_1_446' title='bbox 2070 896 2324 951; x_wconf 77' lang='lat' dir='ltr'><strong>Clemens</strong></span> <span class='ocrx_word' id='word_1_447' title='bbox 2359 892 2609 962; x_wconf 76' lang='lat' dir='ltr'><strong>exempla</strong></span> <span class='ocrx_word' id='word_1_448' title='bbox 2666 906 2856 945; x_wconf 87' lang='lat' dir='ltr'><strong>eorum</strong></span> <span class='ocrx_word' id='word_1_449' title='bbox 2918 888 3294 959; x_wconf 80' lang='grc' dir='ltr'><strong>ὑπογραμμῶν</strong></span> <span class='ocrx_word' id='word_1_450' title='bbox 3339 890 3572 953; x_wconf 77' lang='grc' dir='ltr'><strong>παιδικῶν,</strong></span> 
     </span>
    </p>
   </div>
   <div class='ocr_carea' id='block_1_73' title="bbox 2073 981 2826 1053">
    <p class='ocr_par' dir='ltr' id='par_1_73' title="bbox 2073 981 2826 1053">
     <span class='ocr_line' id='line_1_73' title="bbox 2073 981 2826 1053; baseline -0.001 -20"><span class='ocrx_word' id='word_1_451' title='bbox 2073 999 2306 1053; x_wconf 85' lang='lat' dir='ltr'><strong>quorum</strong></span> <span class='ocrx_word' id='word_1_452' title='bbox 2344 996 2514 1035; x_wconf 88' lang='lat' dir='ltr'><strong>unum</strong></span> <span class='ocrx_word' id='word_1_453' title='bbox 2548 981 2652 1033; x_wconf 92' lang='lat' dir='ltr'><strong>hoc</strong></span> <span class='ocrx_word' id='word_1_454' title='bbox 2686 990 2775 1033; x_wconf 91' lang='lat' dir='ltr'><strong>est</strong></span> <span class='ocrx_word' id='word_1_455' title='bbox 2814 998 2826 1032; x_wconf 91' lang='lat'>:</span> 
     </span>
    </p>
   </div>
   <div class='ocr_carea' id='block_1_74' title="bbox 2210 1066 3308 1138">
    <p class='ocr_par' dir='ltr' id='par_1_74' title="bbox 2210 1066 3308 1138">
     <span class='ocr_line' id='line_1_74' title="bbox 2210 1066 3308 1138; baseline -0.004 -13"><span class='ocrx_word' id='word_1_456' title='bbox 2210 1070 2476 1138; x_wconf 74' lang='grc' dir='ltr'><strong>Μάρπτε,</strong></span> <span class='ocrx_word' id='word_1_457' title='bbox 2514 1069 2722 1138; x_wconf 70' lang='grc' dir='ltr'><strong>σφίγξ,</strong></span> <span class='ocrx_word' id='word_1_458' title='bbox 2750 1068 2946 1136; x_wconf 69' lang='grc' dir='ltr'>κλὼψ,</span> <span class='ocrx_word' id='word_1_459' title='bbox 2967 1066 3308 1136; x_wconf 73' lang='grc' dir='ltr'><strong>ζ’ὄυχθηδόν.</strong></span> 
     </span>
    </p>
   </div>
   <div class='ocr_carea' id='block_1_75' title="bbox 2070 1159 3580 1230">
    <p class='ocr_par' dir='ltr' id='par_1_75' title="bbox 2070 1159 3580 1230">
     <span class='ocr_line' id='line_1_75' title="bbox 2070 1159 3580 1230; baseline -0.002 -14"><span class='ocrx_word' id='word_1_460' title='bbox 2070 1162 2148 1216; x_wconf 84' lang='lat' dir='ltr'><strong>Ita</strong></span> <span class='ocrx_word' id='word_1_461' title='bbox 2185 1163 2354 1218; x_wconf 86' lang='lat' dir='ltr'><strong>scribi</strong></span> <span class='ocrx_word' id='word_1_462' title='bbox 2393 1170 2648 1230; x_wconf 84' lang='lat' dir='ltr'><strong>oportere</strong></span> <span class='ocrx_word' id='word_1_463' title='bbox 2677 1176 2766 1214; x_wconf 90' lang='lat' dir='ltr'><strong>res</strong></span> <span class='ocrx_word' id='word_1_464' title='bbox 2809 1161 2929 1228; x_wconf 79' lang='lat' dir='ltr'><strong>ipsa</strong></span> <span class='ocrx_word' id='word_1_465' title='bbox 2955 1160 3186 1225; x_wconf 80' lang='lat' dir='ltr'><strong>clamat;</strong></span> <span class='ocrx_word' id='word_1_466' title='bbox 3218 1175 3320 1212; x_wconf 91' lang='lat' dir='ltr'><strong>non</strong></span> <span class='ocrx_word' id='word_1_467' title='bbox 3351 1169 3402 1212; x_wconf 89' lang='lat' dir='ltr'><strong>ut</strong></span> <span class='ocrx_word' id='word_1_468' title='bbox 3425 1159 3469 1212; x_wconf 91' lang='lat' dir='ltr'><strong>iu</strong></span> <span class='ocrx_word' id='word_1_469' title='bbox 3491 1162 3580 1214; x_wconf 82' lang='lat' dir='ltr'><strong>edi-</strong></span> 
     </span>
    </p>
   </div>
   <div class='ocr_carea' id='block_1_76' title="bbox 2070 1250 3582 1323">
    <p class='ocr_par' dir='ltr' id='par_1_76' title="bbox 2070 1250 3582 1323">
     <span class='ocr_line' id='line_1_76' title="bbox 2070 1250 3582 1323; baseline -0.003 -14"><span class='ocrx_word' id='word_1_470' title='bbox 2070 1257 2163 1316; x_wconf 90' lang='lat' dir='ltr'><strong>tis.</strong></span> <span class='ocrx_word' id='word_1_471' title='bbox 2198 1254 2445 1323; x_wconf 81' lang='grc' dir='ltr'><strong>μάρπτες</strong></span> <span class='ocrx_word' id='word_1_472' title='bbox 2475 1261 2529 1306; x_wconf 90' lang='lat' dir='ltr'><strong>et</strong></span> <span class='ocrx_word' id='word_1_473' title='bbox 2571 1251 2893 1321; x_wconf 78' lang='grc' dir='ltr'>ζυνχθηδόν.</span> <span class='ocrx_word' id='word_1_474' title='bbox 2928 1250 3204 1305; x_wconf 77' lang='lat' dir='ltr'><strong>Calculqu</strong></span> <span class='ocrx_word' id='word_1_475' title='bbox 3231 1250 3332 1318; x_wconf 89' lang='lat' dir='ltr'><strong>jam</strong></span> <span class='ocrx_word' id='word_1_476' title='bbox 3362 1267 3500 1319; x_wconf 88' lang='lat' dir='ltr'><strong>pone,</strong></span> <span class='ocrx_word' id='word_1_477' title='bbox 3542 1265 3582 1306; x_wconf 79' lang='lat' dir='ltr'><strong>et</strong></span> 
     </span>
    </p>
   </div>
   <div class='ocr_carea' id='block_1_77' title="bbox 2069 1338 3581 1402">
    <p class='ocr_par' dir='ltr' id='par_1_77' title="bbox 2069 1338 3581 1402">
     <span class='ocr_line' id='line_1_77' title="bbox 2069 1338 3581 1402; baseline -0.003 -6"><span class='ocrx_word' id='word_1_478' title='bbox 2069 1358 2259 1397; x_wconf 89' lang='lat' dir='ltr'><strong>omnes</strong></span> <span class='ocrx_word' id='word_1_479' title='bbox 2287 1342 2511 1394; x_wconf 88' lang='lat' dir='ltr'><strong>omnino</strong></span> <span class='ocrx_word' id='word_1_480' title='bbox 2547 1341 2760 1394; x_wconf 77' lang='lat' dir='ltr'><strong>litteras</strong></span> <span class='ocrx_word' id='word_1_481' title='bbox 2791 1339 3008 1402; x_wconf 81' lang='lat' dir='ltr'><strong>Cadmi,</strong></span> <span class='ocrx_word' id='word_1_482' title='bbox 3040 1338 3353 1402; x_wconf 80' lang='lat' dir='ltr'><strong>Palamedis,</strong></span> <span class='ocrx_word' id='word_1_483' title='bbox 3385 1339 3581 1394; x_wconf 58' lang='lat' dir='ltr'><strong>Simoni.</strong></span> 
     </span>
    </p>
   </div>
   <div class='ocr_carea' id='block_1_78' title="bbox 2069 1430 3583 1502">
    <p class='ocr_par' dir='ltr' id='par_1_78' title="bbox 2069 1430 3583 1502">
     <span class='ocr_line' id='line_1_78' title="bbox 2069 1430 3583 1502; baseline -0.001 -17"><span class='ocrx_word' id='word_1_484' title='bbox 2069 1433 2177 1496; x_wconf 89' lang='lat' dir='ltr'><strong>dis,</strong></span> <span class='ocrx_word' id='word_1_485' title='bbox 2210 1432 2260 1484; x_wconf 90' lang='lat' dir='ltr'><strong>iu</strong></span> <span class='ocrx_word' id='word_1_486' title='bbox 2294 1441 2538 1502; x_wconf 87' lang='lat' dir='ltr'><strong>quatuor</strong></span> <span class='ocrx_word' id='word_1_487' title='bbox 2581 1431 2706 1486; x_wconf 83' lang='lat' dir='ltr'><strong>istis</strong></span> <span class='ocrx_word' id='word_1_488' title='bbox 2739 1431 3031 1485; x_wconf 80' lang='lat' dir='ltr'><strong>vocabulis</strong></span> <span class='ocrx_word' id='word_1_489' title='bbox 3067 1430 3321 1485; x_wconf 89' lang='lat' dir='ltr'><strong>invenies.</strong></span> <span class='ocrx_word' id='word_1_490' title='bbox 3366 1431 3490 1484; x_wconf 86' lang='lat' dir='ltr'><strong>Ecce</strong></span> <span class='ocrx_word' id='word_1_491' title='bbox 3511 1432 3583 1485; x_wconf 86' lang='lat' dir='ltr'><strong>tibi</strong></span> 
     </span>
    </p>
   </div>
   <div class='ocr_carea' id='block_1_79' title="bbox 2069 1525 3356 1580">
    <p class='ocr_par' dir='ltr' id='par_1_79' title="bbox 2069 1525 3356 1580">
     <span class='ocr_line' id='line_1_79' title="bbox 2069 1525 3356 1580; baseline -0.016 0"><span class='ocrx_word' id='word_1_492' title='bbox 2069 1525 2370 1580; x_wconf 86' lang='lat' dir='ltr'><strong>secundum</strong></span> <span class='ocrx_word' id='word_1_493' title='bbox 2407 1539 2419 1574; x_wconf 95' lang='lat'>:</span> <span class='ocrx_word' id='word_1_494' title='bbox 3351 1531 3356 1541; x_wconf 91' lang='grc'><strong>·</strong></span> 
     </span>
    </p>
   </div>
   <div class='ocr_carea' id='block_1_80' title="bbox 2209 1613 3367 1686">
    <p class='ocr_par' dir='ltr' id='par_1_80' title="bbox 2209 1613 3367 1686">
     <span class='ocr_line' id='line_1_80' title="bbox 2209 1613 3367 1686; baseline 0 -16"><span class='ocrx_word' id='word_1_495' title='bbox 2209 1616 2386 1680; x_wconf 82' lang='grc' dir='ltr'><strong>Βέδυ,</strong></span> <span class='ocrx_word' id='word_1_496' title='bbox 2418 1616 2596 1686; x_wconf 53' lang='lat' dir='ltr'><strong>(alio.</strong></span> <span class='ocrx_word' id='word_1_497' title='bbox 2623 1613 2764 1684; x_wconf 85' lang='grc' dir='ltr'><strong>χθὼ,</strong></span> <span class='ocrx_word' id='word_1_498' title='bbox 2804 1614 3138 1684; x_wconf 70' lang='grc' dir='ltr'><strong>πλῆκτρον,</strong></span> <span class='ocrx_word' id='word_1_499' title='bbox 3175 1614 3367 1685; x_wconf 63' lang='grc' dir='ltr'>σφίγξ.</span> 
     </span>
    </p>
   </div>
   <div class='ocr_carea' id='block_1_81' title="bbox 1891 1701 2154 1778">
    <p class='ocr_par' dir='ltr' id='par_1_81' title="bbox 1891 1701 2147 1763">
     <span class='ocr_line' id='line_1_81' title="bbox 1891 1701 2147 1763; baseline -0.008 -1"><span class='ocrx_word' id='word_1_500' title='bbox 1891 1719 1896 1728; x_wconf 83' lang='grc'><em>“</em></span> <span class='ocrx_word' id='word_1_501' title='bbox 1995 1701 2147 1763; x_wconf 76' lang='lat' dir='ltr'><strong>Blla</strong></span> 
     </span>
    </p>
   </div>
   <div class='ocr_carea' id='block_1_82' title="bbox 2063 1701 3585 1778">
    <p class='ocr_par' dir='ltr' id='par_1_82' title="bbox 2069 1705 3585 1778">
     <span class='ocr_line' id='line_1_82' title="bbox 2069 1705 3585 1778; baseline -0.002 -15"><span class='ocrx_word' id='word_1_502' title='bbox 2069 1707 2147 1763; x_wconf 86' lang='lat' dir='ltr'><strong>lla</strong></span> <span class='ocrx_word' id='word_1_503' title='bbox 2169 1707 2481 1778; x_wconf 77' lang='lat' dir='ltr'><strong>legendum,</strong></span> <span class='ocrx_word' id='word_1_504' title='bbox 2504 1723 2613 1760; x_wconf 91' lang='lat' dir='ltr'><strong>non</strong></span> <span class='ocrx_word' id='word_1_505' title='bbox 2650 1716 2709 1760; x_wconf 91' lang='lat' dir='ltr'><strong>ut</strong></span> <span class='ocrx_word' id='word_1_506' title='bbox 2743 1709 2798 1760; x_wconf 89' lang='lat' dir='ltr'><strong>in</strong></span> <span class='ocrx_word' id='word_1_507' title='bbox 2833 1707 3092 1776; x_wconf 77' lang='lat' dir='ltr'><strong>vulgatis,</strong></span> <span class='ocrx_word' id='word_1_508' title='bbox 3121 1707 3224 1774; x_wconf 70' lang='grc' dir='ltr'><strong>ζὰψ</strong></span> <span class='ocrx_word' id='word_1_509' title='bbox 3253 1715 3303 1760; x_wconf 89' lang='lat' dir='ltr'><strong>et</strong></span> <span class='ocrx_word' id='word_1_510' title='bbox 3327 1705 3470 1775; x_wconf 77' lang='grc' dir='ltr'>χοῶν·</span> <span class='ocrx_word' id='word_1_511' title='bbox 3491 1723 3585 1760; x_wconf 83' lang='lat' dir='ltr'><strong>nam</strong></span> 
     </span>
    </p>
   </div>
   <div class='ocr_carea' id='block_1_83' title="bbox 2067 1794 3585 1866">
    <p class='ocr_par' dir='ltr' id='par_1_83' title="bbox 2067 1794 3585 1866">
     <span class='ocr_line' id='line_1_83' title="bbox 2067 1794 3585 1866; baseline 0.001 -18"><span class='ocrx_word' id='word_1_512' title='bbox 2067 1811 2133 1848; x_wconf 92' lang='lat' dir='ltr'><strong>eo</strong></span> <span class='ocrx_word' id='word_1_513' title='bbox 2167 1806 2324 1864; x_wconf 89' lang='lat' dir='ltr'><strong>pacto</strong></span> <span class='ocrx_word' id='word_1_514' title='bbox 2359 1804 2414 1850; x_wconf 91' lang='lat' dir='ltr'><strong>et</strong></span> <span class='ocrx_word' id='word_1_515' title='bbox 2469 1813 2508 1865; x_wconf 87' lang='grc' dir='ltr'><strong>μ</strong></span> <span class='ocrx_word' id='word_1_516' title='bbox 2542 1797 2726 1848; x_wconf 87' lang='lat' dir='ltr'><strong>littera</strong></span> <span class='ocrx_word' id='word_1_517' title='bbox 2781 1794 3030 1860; x_wconf 84' lang='lat' dir='ltr'><strong>deesset,</strong></span> <span class='ocrx_word' id='word_1_518' title='bbox 3062 1804 3119 1849; x_wconf 88' lang='lat' dir='ltr'><strong>et</strong></span> <span class='ocrx_word' id='word_1_519' title='bbox 3156 1815 3182 1848; x_wconf 87' lang='grc' dir='ltr'><strong>ν</strong></span> <span class='ocrx_word' id='word_1_520' title='bbox 3220 1797 3300 1850; x_wconf 90' lang='lat' dir='ltr'><strong>bis</strong></span> <span class='ocrx_word' id='word_1_521' title='bbox 3326 1807 3585 1866; x_wconf 85' lang='lat' dir='ltr'><strong>poneretur.</strong></span> 
     </span>
    </p>
   </div>
   <div class='ocr_carea' id='block_1_84' title="bbox 2069 1884 3588 1966">
    <p class='ocr_par' dir='ltr' id='par_1_84' title="bbox 2069 1884 3588 1966">
     <span class='ocr_line' id='line_1_84' title="bbox 2069 1884 3588 1966; baseline 0.004 -30"><span class='ocrx_word' id='word_1_522' title='bbox 2069 1885 2275 1938; x_wconf 84' lang='lat' dir='ltr'><strong>Tamen</strong></span> <span class='ocrx_word' id='word_1_523' title='bbox 2310 1893 2370 1937; x_wconf 94' lang='lat' dir='ltr'><strong>ut</strong></span> <span class='ocrx_word' id='word_1_524' title='bbox 2417 1885 2649 1955; x_wconf 78' lang='grc' dir='ltr'><strong>Λάμϐδα</strong></span> <span class='ocrx_word' id='word_1_525' title='bbox 2690 1884 2888 1947; x_wconf 81' lang='grc' dir='ltr'><strong>λάὁδα.</strong></span> <span class='ocrx_word' id='word_1_526' title='bbox 2923 1888 3005 1940; x_wconf 89' lang='lat' dir='ltr'><strong>sic</strong></span> <span class='ocrx_word' id='word_1_527' title='bbox 3037 1886 3170 1940; x_wconf 88' lang='lat' dir='ltr'><strong>illud</strong></span> <span class='ocrx_word' id='word_1_528' title='bbox 3205 1887 3360 1957; x_wconf 77' lang='grc' dir='ltr'><strong>Ζὰμψ</strong></span> <span class='ocrx_word' id='word_1_529' title='bbox 3385 1898 3588 1966; x_wconf 64' lang='lat' dir='ltr'><strong>auctpres</strong></span> 
     </span>
    </p>
   </div>
   <div class='ocr_carea' id='block_1_85' title="bbox 2067 1975 3586 2048">
    <p class='ocr_par' dir='ltr' id='par_1_85' title="bbox 2067 1975 3586 2048">
     <span class='ocr_line' id='line_1_85' title="bbox 2067 1975 3586 2048; baseline 0.003 -18"><span class='ocrx_word' id='word_1_530' title='bbox 2067 1975 2240 2031; x_wconf 75' lang='lat' dir='ltr'><strong>Grzeci</strong></span> <span class='ocrx_word' id='word_1_531' title='bbox 2274 1977 2382 2046; x_wconf 74' lang='grc' dir='ltr'><strong>ζὰψ</strong></span> <span class='ocrx_word' id='word_1_532' title='bbox 2413 1979 2706 2047; x_wconf 86' lang='lat' dir='ltr'><strong>scripsisse</strong></span> <span class='ocrx_word' id='word_1_533' title='bbox 2731 1989 2783 2033; x_wconf 91' lang='lat' dir='ltr'><strong>et</strong></span> <span class='ocrx_word' id='word_1_534' title='bbox 2814 1980 3212 2048; x_wconf 87' lang='lat' dir='ltr'><strong>pronuntiasse</strong></span> <span class='ocrx_word' id='word_1_535' title='bbox 3253 1981 3500 2036; x_wconf 86' lang='lat' dir='ltr'><strong>videntur.</strong></span> <span class='ocrx_word' id='word_1_536' title='bbox 3519 1980 3586 2034; x_wconf 87' lang='lat' dir='ltr'><strong>Sic</strong></span> 
     </span>
    </p>
   </div>
   <div class='ocr_carea' id='block_1_86' title="bbox 2066 2069 3588 2142">
    <p class='ocr_par' dir='ltr' id='par_1_86' title="bbox 2066 2069 3588 2142">
     <span class='ocr_line' id='line_1_86' title="bbox 2066 2069 3588 2142; baseline 0.002 -20"><span class='ocrx_word' id='word_1_537' title='bbox 2066 2070 2219 2138; x_wconf 64' lang='grc' dir='ltr'>κάψα</span> <span class='ocrx_word' id='word_1_538' title='bbox 2257 2070 2450 2124; x_wconf 88' lang='lat' dir='ltr'><strong>dicunt</strong></span> <span class='ocrx_word' id='word_1_539' title='bbox 2473 2079 2527 2126; x_wconf 89' lang='lat' dir='ltr'><strong>et</strong></span> <span class='ocrx_word' id='word_1_540' title='bbox 2551 2071 2764 2141; x_wconf 74' lang='grc' dir='ltr'><strong>χάμψα·</strong></span> <span class='ocrx_word' id='word_1_541' title='bbox 2798 2071 2884 2126; x_wconf 87' lang='lat' dir='ltr'><strong>sic.</strong></span> <span class='ocrx_word' id='word_1_542' title='bbox 2905 2069 3138 2142; x_wconf 75' lang='grc' dir='ltr'><strong>λήψεται</strong></span> <span class='ocrx_word' id='word_1_543' title='bbox 3164 2073 3216 2126; x_wconf 85' lang='lat' dir='ltr'><strong>in</strong></span> <span class='ocrx_word' id='word_1_544' title='bbox 3249 2073 3588 2142; x_wconf 78' lang='lat' dir='ltr'><strong>antiquissimis</strong></span> 
     </span>
    </p>
   </div>
   <div class='ocr_carea' id='block_1_87' title="bbox 2068 2161 3590 2234">
    <p class='ocr_par' dir='ltr' id='par_1_87' title="bbox 2068 2161 3590 2234">
     <span class='ocr_line' id='line_1_87' title="bbox 2068 2161 3590 2234; baseline 0.003 -20"><span class='ocrx_word' id='word_1_545' title='bbox 2068 2177 2200 2216; x_wconf 86' lang='lat' dir='ltr'><strong>mss.</strong></span> <span class='ocrx_word' id='word_1_546' title='bbox 2235 2162 2531 2231; x_wconf 71' lang='grc' dir='ltr'><strong>λήμψεται,</strong></span> <span class='ocrx_word' id='word_1_547' title='bbox 2564 2171 2616 2215; x_wconf 89' lang='lat' dir='ltr'><strong>et</strong></span> <span class='ocrx_word' id='word_1_548' title='bbox 2663 2162 2834 2218; x_wconf 88' lang='lat' dir='ltr'><strong>multa</strong></span> <span class='ocrx_word' id='word_1_549' title='bbox 2879 2163 3103 2219; x_wconf 87' lang='lat' dir='ltr'><strong>similia.</strong></span> <span class='ocrx_word' id='word_1_550' title='bbox 3140 2161 3374 2219; x_wconf 84' lang='lat' dir='ltr'><strong>Tertium</strong></span> <span class='ocrx_word' id='word_1_551' title='bbox 3401 2163 3590 2234; x_wconf 76' lang='lat' dir='ltr'><strong>denique</strong></span> 
     </span>
    </p>
   </div>
   <div class='ocr_carea' id='block_1_88' title="bbox 2065 2253 2692 2325">
    <p class='ocr_par' dir='ltr' id='par_1_88' title="bbox 2065 2253 2692 2325">
     <span class='ocr_line' id='line_1_88' title="bbox 2065 2253 2692 2325; baseline 0.002 -17"><span class='ocrx_word' id='word_1_552' title='bbox 2065 2264 2153 2309; x_wconf 87' lang='lat' dir='ltr'><strong>cst</strong></span> <span class='ocrx_word' id='word_1_553' title='bbox 2183 2254 2317 2308; x_wconf 90' lang='lat' dir='ltr'><strong>illud</strong></span> <span class='ocrx_word' id='word_1_554' title='bbox 2349 2253 2645 2325; x_wconf 81' lang='lat' dir='ltr'><strong>Thespidis</strong></span> <span class='ocrx_word' id='word_1_555' title='bbox 2680 2276 2692 2309; x_wconf 90' lang='lat'><strong>:</strong></span> 
     </span>
    </p>
   </div>
   <div class='ocr_carea' id='block_1_89' title="bbox 2206 2346 3301 2418">
    <p class='ocr_par' dir='ltr' id='par_1_89' title="bbox 2206 2346 3301 2418">
     <span class='ocr_line' id='line_1_89' title="bbox 2206 2346 3301 2418; baseline 0.003 -19"><span class='ocrx_word' id='word_1_556' title='bbox 2206 2346 2479 2412; x_wconf 71' lang='grc' dir='ltr'><strong>Κναξζϐὶ,</strong></span> <span class='ocrx_word' id='word_1_557' title='bbox 2518 2349 2810 2416; x_wconf 78' lang='grc' dir='ltr'><strong>χθύπτης,</strong></span> <span class='ocrx_word' id='word_1_558' title='bbox 2832 2348 3107 2418; x_wconf 73' lang='grc' dir='ltr'><strong>φλεγμὼ,</strong></span> <span class='ocrx_word' id='word_1_559' title='bbox 3128 2347 3301 2417; x_wconf 53' lang='lat' dir='ltr'><strong>opai.</strong></span> 
     </span>
    </p>
   </div>
   <div class='ocr_carea' id='block_1_90' title="bbox 2068 2435 3588 2510">
    <p class='ocr_par' dir='ltr' id='par_1_90' title="bbox 2068 2435 3588 2510">
     <span class='ocr_line' id='line_1_90' title="bbox 2068 2435 3588 2510; baseline 0.001 -20"><span class='ocrx_word' id='word_1_560' title='bbox 2068 2435 2203 2492; x_wconf 83' lang='lat' dir='ltr'><strong>Male</strong></span> <span class='ocrx_word' id='word_1_561' title='bbox 2249 2438 2394 2508; x_wconf 89' lang='lat' dir='ltr'><strong>apud</strong></span> <span class='ocrx_word' id='word_1_562' title='bbox 2425 2437 2762 2493; x_wconf 87' lang='lat' dir='ltr'><strong>Clementem</strong></span> <span class='ocrx_word' id='word_1_563' title='bbox 2790 2447 2877 2494; x_wconf 86' lang='lat' dir='ltr'><strong>est</strong></span> <span class='ocrx_word' id='word_1_564' title='bbox 2902 2442 3139 2506; x_wconf 89' lang='lat' dir='ltr'><strong>editum,</strong></span> <span class='ocrx_word' id='word_1_565' title='bbox 3175 2439 3420 2510; x_wconf 80' lang='grc' dir='ltr'><strong>φλεγμδς,</strong></span> <span class='ocrx_word' id='word_1_566' title='bbox 3457 2440 3588 2510; x_wconf 61' lang='grc' dir='ltr'>δρὼψο</span> 
     </span>
    </p>
   </div>
   <div class='ocr_carea' id='block_1_91' title="bbox 2065 2527 3590 2601">
    <p class='ocr_par' dir='ltr' id='par_1_91' title="bbox 2065 2527 3590 2601">
     <span class='ocr_line' id='line_1_91' title="bbox 2065 2527 3590 2601; baseline 0.001 -20"><span class='ocrx_word' id='word_1_567' title='bbox 2065 2539 2122 2581; x_wconf 85' lang='grc' dir='ltr'><strong>ιιι</strong></span> <span class='ocrx_word' id='word_1_568' title='bbox 2157 2527 2366 2597; x_wconf 83' lang='lat' dir='ltr'><strong>liquido</strong></span> <span class='ocrx_word' id='word_1_569' title='bbox 2381 2528 2680 2592; x_wconf 88' lang='lat' dir='ltr'><strong>constabit,</strong></span> <span class='ocrx_word' id='word_1_570' title='bbox 2712 2529 2758 2583; x_wconf 86' lang='lat' dir='ltr'><strong>si</strong></span> <span class='ocrx_word' id='word_1_571' title='bbox 2780 2528 2975 2600; x_wconf 77' lang='lat' dir='ltr'><strong>digitis</strong></span> <span class='ocrx_word' id='word_1_572' title='bbox 2998 2530 3590 2601; x_wconf 83' lang='lat' dir='ltr'><strong>computauslitterarum</strong></span> 
     </span>
    </p>
   </div>
   <div class='ocr_carea' id='block_1_92' title="bbox 2065 2617 3591 2683">
    <p class='ocr_par' dir='ltr' id='par_1_92' title="bbox 2065 2617 3591 2683">
     <span class='ocr_line' id='line_1_92' title="bbox 2065 2617 3591 2683; baseline 0 -12"><span class='ocrx_word' id='word_1_573' title='bbox 2065 2633 2357 2672; x_wconf 91' lang='lat' dir='ltr'><strong>numerum</strong></span> <span class='ocrx_word' id='word_1_574' title='bbox 2383 2617 2518 2672; x_wconf 89' lang='lat' dir='ltr'><strong>velis</strong></span> <span class='ocrx_word' id='word_1_575' title='bbox 2549 2618 2707 2672; x_wconf 91' lang='lat' dir='ltr'><strong>inire.</strong></span> <span class='ocrx_word' id='word_1_576' title='bbox 2727 2617 2904 2683; x_wconf 84' lang='lat' dir='ltr'><strong>Quam</strong></span> <span class='ocrx_word' id='word_1_577' title='bbox 2935 2618 3169 2674; x_wconf 82' lang='lat' dir='ltr'><strong>miriﬁce</strong></span> <span class='ocrx_word' id='word_1_578' title='bbox 3191 2629 3364 2674; x_wconf 85' lang='lat' dir='ltr'><strong>autem</strong></span> <span class='ocrx_word' id='word_1_579' title='bbox 3392 2619 3591 2674; x_wconf 74' lang='lat' dir='ltr'><strong>Clemens</strong></span> 
     </span>
    </p>
   </div>
   <div class='ocr_carea' id='block_1_93' title="bbox 2067 2710 3592 2782">
    <p class='ocr_par' dir='ltr' id='par_1_93' title="bbox 2067 2710 3592 2782">
     <span class='ocr_line' id='line_1_93' title="bbox 2067 2710 3592 2782; baseline -0.001 -18"><span class='ocrx_word' id='word_1_580' title='bbox 2067 2710 2183 2765; x_wconf 70' lang='lat' dir='ltr'><strong>haec</strong></span> <span class='ocrx_word' id='word_1_581' title='bbox 2205 2711 2413 2775; x_wconf 86' lang='lat' dir='ltr'><strong>omnia,</strong></span> <span class='ocrx_word' id='word_1_582' title='bbox 2436 2711 2796 2781; x_wconf 83' lang='lat' dir='ltr'><strong>quantumvis</strong></span> <span class='ocrx_word' id='word_1_583' title='bbox 2827 2712 3017 2782; x_wconf 88' lang='lat' dir='ltr'><strong>inepta</strong></span> <span class='ocrx_word' id='word_1_584' title='bbox 3047 2720 3102 2767; x_wconf 89' lang='lat' dir='ltr'><strong>et</strong></span> <span class='ocrx_word' id='word_1_585' title='bbox 3123 2711 3351 2775; x_wconf 89' lang='lat' dir='ltr'><strong>ludicra,</strong></span> <span class='ocrx_word' id='word_1_586' title='bbox 3375 2711 3592 2779; x_wconf 74' lang='lat' dir='ltr'><strong>interpre-</strong></span> 
     </span>
    </p>
   </div>
   <div class='ocr_carea' id='block_1_94' title="bbox 2066 2802 3590 2872">
    <p class='ocr_par' dir='ltr' id='par_1_94' title="bbox 2066 2802 3590 2872">
     <span class='ocr_line' id='line_1_94' title="bbox 2066 2802 3590 2872; baseline -0.002 -17"><span class='ocrx_word' id='word_1_587' title='bbox 2066 2812 2250 2865; x_wconf 86' lang='lat' dir='ltr'><strong>tetur;</strong></span> <span class='ocrx_word' id='word_1_588' title='bbox 2283 2803 2470 2855; x_wconf 89' lang='lat' dir='ltr'><strong>malim</strong></span> <span class='ocrx_word' id='word_1_589' title='bbox 2500 2818 2567 2856; x_wconf 84' lang='lat' dir='ltr'><strong>ex</strong></span> <span class='ocrx_word' id='word_1_590' title='bbox 2602 2802 2724 2872; x_wconf 86' lang='lat' dir='ltr'><strong>ipso</strong></span> <span class='ocrx_word' id='word_1_591' title='bbox 2757 2817 2924 2872; x_wconf 92' lang='lat' dir='ltr'><strong>quam</strong></span> <span class='ocrx_word' id='word_1_592' title='bbox 2985 2819 3053 2857; x_wconf 75' lang='lat' dir='ltr'><strong>ex</strong></span> <span class='ocrx_word' id='word_1_593' title='bbox 3103 2817 3192 2857; x_wconf 90' lang='lat' dir='ltr'><strong>me</strong></span> <span class='ocrx_word' id='word_1_594' title='bbox 3234 2804 3435 2858; x_wconf 84' lang='lat' dir='ltr'><strong>audias.</strong></span> <span class='ocrx_word' id='word_1_595' title='bbox 3461 2803 3590 2856; x_wconf 76' lang='lat' dir='ltr'><strong>Aliter</strong></span> 
     </span>
    </p>
   </div>
   <div class='ocr_carea' id='block_1_95' title="bbox 2067 2893 3591 2967">
    <p class='ocr_par' dir='ltr' id='par_1_95' title="bbox 2067 2893 3591 2967">
     <span class='ocr_line' id='line_1_95' title="bbox 2067 2893 3591 2967; baseline -0.002 -19"><span class='ocrx_word' id='word_1_596' title='bbox 2067 2897 2232 2964; x_wconf 90' lang='lat' dir='ltr'><strong>paulo</strong></span> <span class='ocrx_word' id='word_1_597' title='bbox 2269 2895 2384 2949; x_wconf 72' lang='lat' dir='ltr'><strong>ham</strong></span> <span class='ocrx_word' id='word_1_598' title='bbox 2418 2897 2609 2950; x_wconf 90' lang='lat' dir='ltr'><strong>ultima</strong></span> <span class='ocrx_word' id='word_1_599' title='bbox 2643 2895 2714 2950; x_wconf 89' lang='lat' dir='ltr'><strong>ab</strong></span> <span class='ocrx_word' id='word_1_600' title='bbox 2762 2893 3045 2967; x_wconf 78' lang='lat' dir='ltr'><strong>Hesychia</strong></span> <span class='ocrx_word' id='word_1_601' title='bbox 3078 2896 3453 2966; x_wconf 81' lang='lat' dir='ltr'><strong>proferuntur;</strong></span> <span class='ocrx_word' id='word_1_602' title='bbox 3498 2908 3591 2948; x_wconf 85' lang='lat' dir='ltr'><strong>natu</strong></span> 
     </span>
    </p>
   </div>
   <div class='ocr_carea' id='block_1_96' title="bbox 2063 2983 3592 3056">
    <p class='ocr_par' dir='ltr' id='par_1_96' title="bbox 2063 2983 3592 3056">
     <span class='ocr_line' id='line_1_96' title="bbox 2063 2983 3592 3056; baseline -0.002 -18"><span class='ocrx_word' id='word_1_603' title='bbox 2063 3001 2166 3055; x_wconf 78' lang='lat' dir='ltr'><strong>pro</strong></span> <span class='ocrx_word' id='word_1_604' title='bbox 2221 2985 2451 3052; x_wconf 69' lang='grc' dir='ltr'><strong>κναξζδὶ</strong></span> <span class='ocrx_word' id='word_1_605' title='bbox 2500 2986 2770 3056; x_wconf 80' lang='grc' dir='ltr'><strong>χθύπτης,</strong></span> <span class='ocrx_word' id='word_1_606' title='bbox 2820 2987 2962 3051; x_wconf 81' lang='grc' dir='ltr'>κνὰξ</span> <span class='ocrx_word' id='word_1_607' title='bbox 3000 2987 3169 3042; x_wconf 88' lang='lat' dir='ltr'><strong>habet</strong></span> <span class='ocrx_word' id='word_1_608' title='bbox 3207 2995 3260 3043; x_wconf 84' lang='lat' dir='ltr'><strong>et</strong></span> <span class='ocrx_word' id='word_1_609' title='bbox 3310 2985 3424 3056; x_wconf 66' lang='grc' dir='ltr'><strong>ζὸῑχ</strong></span> <span class='ocrx_word' id='word_1_610' title='bbox 3453 2996 3496 3041; x_wconf 87' lang='lat' dir='ltr'><strong>et</strong></span> <span class='ocrx_word' id='word_1_611' title='bbox 3522 2983 3592 3037; x_wconf 74' lang='grc' dir='ltr'><strong>θύ-</strong></span> 
     </span>
    </p>
   </div>
   <div class='ocr_carea' id='block_1_97' title="bbox 2067 3074 3590 3148">
    <p class='ocr_par' dir='ltr' id='par_1_97' title="bbox 2067 3074 3590 3148">
     <span class='ocr_line' id='line_1_97' title="bbox 2067 3074 3590 3148; baseline -0.003 -18"><span class='ocrx_word' id='word_1_612' title='bbox 2067 3095 2229 3148; x_wconf 81' lang='grc' dir='ltr'>πτης.</span> <span class='ocrx_word' id='word_1_613' title='bbox 2266 3075 2414 3143; x_wconf 80' lang='grc' dir='ltr'><strong>Κνὰξ</strong></span> <span class='ocrx_word' id='word_1_614' title='bbox 2443 3088 2626 3131; x_wconf 83' lang='lat' dir='ltr'><strong>autem</strong></span> <span class='ocrx_word' id='word_1_615' title='bbox 2675 3077 3080 3147; x_wconf 84' lang='lat' dir='ltr'><strong>interpretatur</strong></span> <span class='ocrx_word' id='word_1_616' title='bbox 3109 3078 3249 3146; x_wconf 80' lang='grc' dir='ltr'>γαλὰ</span> <span class='ocrx_word' id='word_1_617' title='bbox 3275 3078 3465 3140; x_wconf 84' lang='grc' dir='ltr'>λευκὸν,</span> <span class='ocrx_word' id='word_1_618' title='bbox 3495 3074 3590 3142; x_wconf 73' lang='grc' dir='ltr'><strong>Ζὸὶχ</strong></span> 
     </span>
    </p>
   </div>
   <div class='ocr_carea' id='block_1_98' title="bbox 2063 3165 3591 3240">
    <p class='ocr_par' dir='ltr' id='par_1_98' title="bbox 2063 3165 3591 3240">
     <span class='ocr_line' id='line_1_98' title="bbox 2063 3165 3591 3240; baseline -0.001 -22"><span class='ocrx_word' id='word_1_619' title='bbox 2063 3165 2165 3234; x_wconf 88' lang='lat' dir='ltr'><strong>(ita</strong></span> <span class='ocrx_word' id='word_1_620' title='bbox 2228 3165 2368 3234; x_wconf 71' lang='lat' dir='ltr'><strong>lege.</strong></span> <span class='ocrx_word' id='word_1_621' title='bbox 2430 3181 2538 3219; x_wconf 91' lang='lat' dir='ltr'><strong>non</strong></span> <span class='ocrx_word' id='word_1_622' title='bbox 2602 3165 2788 3234; x_wconf 73' lang='grc' dir='ltr'>ζαὸὶχ)</span> <span class='ocrx_word' id='word_1_623' title='bbox 2851 3165 3069 3233; x_wconf 81' lang='grc' dir='ltr'>λευκὸν,</span> <span class='ocrx_word' id='word_1_624' title='bbox 3111 3176 3166 3221; x_wconf 89' lang='lat' dir='ltr'><strong>et</strong></span> <span class='ocrx_word' id='word_1_625' title='bbox 3227 3167 3423 3240; x_wconf 57' lang='lat'><strong>0.62111};</strong></span> <span class='ocrx_word' id='word_1_626' title='bbox 3462 3167 3486 3218; x_wconf 87' lang='grc' dir='ltr'><strong>ό</strong></span> <span class='ocrx_word' id='word_1_627' title='bbox 3524 3181 3591 3216; x_wconf 77' lang='grc' dir='ltr'><strong>τυ·</strong></span> 
     </span>
    </p>
   </div>
   <div class='ocr_carea' id='block_1_99' title="bbox 2067 3254 3591 3325">
    <p class='ocr_par' dir='ltr' id='par_1_99' title="bbox 2067 3254 3591 3325">
     <span class='ocr_line' id='line_1_99' title="bbox 2067 3254 3591 3325; baseline 0 -19"><span class='ocrx_word' id='word_1_628' title='bbox 2067 3255 2182 3325; x_wconf 80' lang='grc' dir='ltr'><strong>ρὸς.</strong></span> <span class='ocrx_word' id='word_1_629' title='bbox 2228 3255 2410 3323; x_wconf 79' lang='lat' dir='ltr'><strong>Atque</strong></span> <span class='ocrx_word' id='word_1_630' title='bbox 2443 3254 2611 3324; x_wconf 87' lang='lat' dir='ltr'><strong>hujus</strong></span> <span class='ocrx_word' id='word_1_631' title='bbox 2645 3257 2989 3311; x_wconf 89' lang='lat' dir='ltr'><strong>auctoritate</strong></span> <span class='ocrx_word' id='word_1_632' title='bbox 3030 3259 3297 3314; x_wconf 90' lang='lat' dir='ltr'><strong>inductus</strong></span> <span class='ocrx_word' id='word_1_633' title='bbox 3344 3257 3591 3313; x_wconf 74' lang='lat' dir='ltr'><strong>salmasius</strong></span> 
     </span>
    </p>
   </div>
   <div class='ocr_carea' id='block_1_100' title="bbox 2065 3343 3590 3414">
    <p class='ocr_par' dir='ltr' id='par_1_100' title="bbox 2065 3343 3590 3414">
     <span class='ocr_line' id='line_1_100' title="bbox 2065 3343 3590 3414; baseline -0.001 -16"><span class='ocrx_word' id='word_1_634' title='bbox 2065 3345 2230 3398; x_wconf 78' lang='lat' dir='ltr'><strong>verba</strong></span> <span class='ocrx_word' id='word_1_635' title='bbox 2269 3343 2566 3414; x_wconf 77' lang='lat' dir='ltr'><strong>Thespidis</strong></span> <span class='ocrx_word' id='word_1_636' title='bbox 2598 3345 2662 3398; x_wconf 91' lang='lat' dir='ltr'><strong>ad</strong></span> <span class='ocrx_word' id='word_1_637' title='bbox 2693 3345 2837 3399; x_wconf 92' lang='lat' dir='ltr'><strong>hunc</strong></span> <span class='ocrx_word' id='word_1_638' title='bbox 2867 3346 3092 3400; x_wconf 90' lang='lat' dir='ltr'><strong>modum</strong></span> <span class='ocrx_word' id='word_1_639' title='bbox 3126 3349 3410 3402; x_wconf 86' lang='lat' dir='ltr'><strong>immutare</strong></span> <span class='ocrx_word' id='word_1_640' title='bbox 3429 3343 3590 3402; x_wconf 72' lang='lat' dir='ltr'><strong>voluit:</strong></span> 
     </span>
    </p>
   </div>
   <div class='ocr_carea' id='block_1_101' title="bbox 2151 3438 3223 3510">
    <p class='ocr_par' dir='ltr' id='par_1_101' title="bbox 2151 3438 3223 3510">
     <span class='ocr_line' id='line_1_101' title="bbox 2151 3438 3223 3510; baseline 0.003 -19"><span class='ocrx_word' id='word_1_641' title='bbox 2151 3468 2158 3474; x_wconf 89' lang='lat'><strong><em>-</em></strong></span> <span class='ocrx_word' id='word_1_642' title='bbox 2209 3438 2314 3492; x_wconf 79' lang='grc' dir='ltr'><strong>Ἴδε</strong></span> <span class='ocrx_word' id='word_1_643' title='bbox 2343 3455 2426 3492; x_wconf 88' lang='grc' dir='ltr'><strong>σοι</strong></span> <span class='ocrx_word' id='word_1_644' title='bbox 2458 3439 2671 3492; x_wconf 82' lang='grc' dir='ltr'><strong>σπένδω</strong></span> <span class='ocrx_word' id='word_1_645' title='bbox 2690 3438 2826 3505; x_wconf 73' lang='grc' dir='ltr'><strong>κνάξ</strong></span> <span class='ocrx_word' id='word_1_646' title='bbox 2848 3438 2974 3510; x_wconf 69' lang='grc' dir='ltr'><strong>ζὸὶχ</strong></span> <span class='ocrx_word' id='word_1_647' title='bbox 3003 3440 3223 3508; x_wconf 83' lang='grc' dir='ltr'>λευκόν,</span> 
     </span>
    </p>
   </div>
   <div class='ocr_carea' id='block_1_102' title="bbox 2061 3540 2164 3586">
    <p class='ocr_par' dir='ltr' id='par_1_102' title="bbox 2061 3540 2164 3586">
     <span class='ocr_line' id='line_1_102' title="bbox 2061 3540 2164 3586; baseline -0.01 0"><span class='ocrx_word' id='word_1_648' title='bbox 2061 3540 2164 3586; x_wconf 83' lang='lat' dir='ltr'><strong>et:</strong></span> 
     </span>
    </p>
   </div>
   <div class='ocr_carea' id='block_1_103' title="bbox 2213 3620 3074 3691">
    <p class='ocr_par' dir='ltr' id='par_1_103' title="bbox 2213 3620 3074 3691">
     <span class='ocr_line' id='line_1_103' title="bbox 2213 3620 3074 3691; baseline 0.001 -17"><span class='ocrx_word' id='word_1_649' title='bbox 2213 3621 2319 3674; x_wconf 87' lang='grc' dir='ltr'><strong>Ἰδε</strong></span> <span class='ocrx_word' id='word_1_650' title='bbox 2346 3638 2426 3674; x_wconf 84' lang='grc' dir='ltr'><strong>σοι</strong></span> <span class='ocrx_word' id='word_1_651' title='bbox 2461 3621 2674 3690; x_wconf 77' lang='grc' dir='ltr'><strong>Θύπτην</strong></span> <span class='ocrx_word' id='word_1_652' title='bbox 2699 3621 2861 3691; x_wconf 77' lang='grc' dir='ltr'>τυρὸν</span> <span class='ocrx_word' id='word_1_653' title='bbox 2889 3620 3074 3690; x_wconf 83' lang='grc' dir='ltr'><strong>μίξας.</strong></span> 
     </span>
    </p>
   </div>
   <div class='ocr_carea' id='block_1_104' title="bbox 2064 3709 3591 3796">
    <p class='ocr_par' dir='ltr' id='par_1_104' title="bbox 2064 3709 3591 3796">
     <span class='ocr_line' id='line_1_104' title="bbox 2064 3709 3591 3796; baseline -0.003 -31"><span class='ocrx_word' id='word_1_654' title='bbox 2064 3709 2169 3766; x_wconf 91' lang='lat' dir='ltr'><strong>Sed</strong></span> <span class='ocrx_word' id='word_1_655' title='bbox 2201 3711 2446 3780; x_wconf 80' lang='lat' dir='ltr'><strong>profecto</strong></span> <span class='ocrx_word' id='word_1_656' title='bbox 2478 3727 2585 3766; x_wconf 91' lang='lat' dir='ltr'><strong>non</strong></span> <span class='ocrx_word' id='word_1_657' title='bbox 2612 3726 2674 3766; x_wconf 89' lang='lat' dir='ltr'><strong>ea</strong></span> <span class='ocrx_word' id='word_1_658' title='bbox 2710 3721 2793 3767; x_wconf 88' lang='lat' dir='ltr'><strong>est</strong></span> <span class='ocrx_word' id='word_1_659' title='bbox 2823 3710 3082 3782; x_wconf 75' lang='lat' dir='ltr'><strong>llesychit</strong></span> <span class='ocrx_word' id='word_1_660' title='bbox 3118 3711 3591 3796; x_wconf 58' lang='lat' dir='ltr'><strong>auctoritesmeqm</strong></span> 
     </span>
    </p>
   </div>
   <div class='ocr_carea' id='block_1_105' title="bbox 2061 3798 3588 3873">
    <p class='ocr_par' dir='ltr' id='par_1_105' title="bbox 2061 3798 3588 3873">
     <span class='ocr_line' id='line_1_105' title="bbox 2061 3798 3588 3873; baseline -0.005 -17"><span class='ocrx_word' id='word_1_661' title='bbox 2061 3803 2186 3872; x_wconf 90' lang='lat' dir='ltr'><strong>plus</strong></span> <span class='ocrx_word' id='word_1_662' title='bbox 2219 3803 2382 3857; x_wconf 86' lang='lat' dir='ltr'><strong>habet</strong></span> <span class='ocrx_word' id='word_1_663' title='bbox 2415 3804 2701 3869; x_wconf 89' lang='lat' dir='ltr'><strong>momenti,</strong></span> <span class='ocrx_word' id='word_1_664' title='bbox 2733 3820 2896 3873; x_wconf 89' lang='lat' dir='ltr'><strong>quam</strong></span> <span class='ocrx_word' id='word_1_665' title='bbox 2929 3803 3243 3858; x_wconf 83' lang='lat' dir='ltr'><strong>Clementis</strong></span> <span class='ocrx_word' id='word_1_666' title='bbox 3269 3811 3318 3858; x_wconf 88' lang='lat' dir='ltr'><strong>et</strong></span> <span class='ocrx_word' id='word_1_667' title='bbox 3352 3798 3588 3870; x_wconf 78' lang='lat' dir='ltr'><strong>Porphyrii</strong></span> 
     </span>
    </p>
   </div>
   <div class='ocr_carea' id='block_1_106' title="bbox 2063 3889 3588 3965">
    <p class='ocr_par' dir='ltr' id='par_1_106' title="bbox 2063 3889 3588 3965">
     <span class='ocr_line' id='line_1_106' title="bbox 2063 3889 3588 3965; baseline -0.005 -16"><span class='ocrx_word' id='word_1_668' title='bbox 2063 3896 2343 3950; x_wconf 89' lang='lat' dir='ltr'><strong>hominum</strong></span> <span class='ocrx_word' id='word_1_669' title='bbox 2382 3895 2571 3951; x_wconf 87' lang='lat' dir='ltr'><strong>multis</strong></span> <span class='ocrx_word' id='word_1_670' title='bbox 2598 3897 2847 3965; x_wconf 88' lang='lat' dir='ltr'><strong>partibus</strong></span> <span class='ocrx_word' id='word_1_671' title='bbox 2878 3895 2972 3949; x_wconf 86' lang='lat' dir='ltr'><strong>illo</strong></span> <span class='ocrx_word' id='word_1_672' title='bbox 3000 3896 3331 3951; x_wconf 91' lang='lat' dir='ltr'><strong>doctiorum.</strong></span> <span class='ocrx_word' id='word_1_673' title='bbox 3351 3891 3456 3947; x_wconf 82' lang='lat' dir='ltr'><strong>Non</strong></span> <span class='ocrx_word' id='word_1_674' title='bbox 3477 3889 3588 3945; x_wconf 71' lang='lat' dir='ltr'><strong>enim</strong></span> 
     </span>
    </p>
   </div>
   <div class='ocr_carea' id='block_1_107' title="bbox 2060 3983 3591 4067">
    <p class='ocr_par' dir='ltr' id='par_1_107' title="bbox 2060 3983 3591 4067">
     <span class='ocr_line' id='line_1_107' title="bbox 2060 3983 3591 4067; baseline -0.008 -23"><span class='ocrx_word' id='word_1_675' title='bbox 2060 3988 2272 4044; x_wconf 82' lang='lat' dir='ltr'><strong>librarii</strong></span> <span class='ocrx_word' id='word_1_676' title='bbox 2303 3988 2466 4057; x_wconf 84' lang='lat' dir='ltr'><strong>culpa</strong></span> <span class='ocrx_word' id='word_1_677' title='bbox 2501 3995 2589 4045; x_wconf 85' lang='lat' dir='ltr'><strong>est</strong></span> <span class='ocrx_word' id='word_1_678' title='bbox 2623 3987 2766 4058; x_wconf 90' lang='lat' dir='ltr'><strong>apud</strong></span> <span class='ocrx_word' id='word_1_679' title='bbox 2791 3987 3134 4067; x_wconf 75' lang='lat' dir='ltr'><strong>Clementem</strong></span> <span class='ocrx_word' id='word_1_680' title='bbox 3170 4007 3182 4041; x_wconf 93' lang='lat'>:</span> <span class='ocrx_word' id='word_1_681' title='bbox 3217 4001 3387 4056; x_wconf 85' lang='lat' dir='ltr'><strong>neque</strong></span> <span class='ocrx_word' id='word_1_682' title='bbox 3414 3984 3508 4038; x_wconf 86' lang='lat' dir='ltr'><strong>ulla</strong></span> <span class='ocrx_word' id='word_1_683' title='bbox 3532 3983 3591 4033; x_wconf 85' lang='lat' dir='ltr'><strong>si-</strong></span> 
     </span>
    </p>
   </div>
   <div class='ocr_carea' id='block_1_108' title="bbox 2060 4072 3589 4147">
    <p class='ocr_par' dir='ltr' id='par_1_108' title="bbox 2060 4072 3589 4147">
     <span class='ocr_line' id='line_1_108' title="bbox 2060 4072 3589 4147; baseline -0.006 -15"><span class='ocrx_word' id='word_1_684' title='bbox 2060 4078 2316 4134; x_wconf 90' lang='lat' dir='ltr'><strong>militudo</strong></span> <span class='ocrx_word' id='word_1_685' title='bbox 2347 4079 2461 4132; x_wconf 80' lang='lat' dir='ltr'><strong>veri</strong></span> <span class='ocrx_word' id='word_1_686' title='bbox 2515 4089 2600 4132; x_wconf 89' lang='lat' dir='ltr'><strong>est</strong></span> <span class='ocrx_word' id='word_1_687' title='bbox 2650 4097 2682 4147; x_wconf 89' lang='grc' dir='ltr'><strong>χ</strong></span> <span class='ocrx_word' id='word_1_688' title='bbox 2740 4079 2977 4132; x_wconf 89' lang='lat' dir='ltr'><strong>litteram</strong></span> <span class='ocrx_word' id='word_1_689' title='bbox 3009 4094 3039 4132; x_wconf 92' lang='lat' dir='ltr'><strong>a</strong></span> <span class='ocrx_word' id='word_1_690' title='bbox 3079 4080 3248 4134; x_wconf 84' lang='lat' dir='ltr'><strong>verbo</strong></span> <span class='ocrx_word' id='word_1_691' title='bbox 3278 4072 3589 4140; x_wconf 74' lang='grc' dir='ltr'>κναξζσὶίοι-</span> 
     </span>
    </p>
   </div>
   <div class='ocr_carea' id='block_1_109' title="bbox 2062 4169 3587 4241">
    <p class='ocr_par' dir='ltr' id='par_1_109' title="bbox 2062 4169 3587 4241">
     <span class='ocr_line' id='line_1_109' title="bbox 2062 4169 3587 4241; baseline -0.001 -18"><span class='ocrx_word' id='word_1_692' title='bbox 2062 4171 2202 4224; x_wconf 93' lang='lat' dir='ltr'><strong>tuito</strong></span> <span class='ocrx_word' id='word_1_693' title='bbox 2257 4169 2594 4240; x_wconf 88' lang='lat' dir='ltr'><strong>disjunctam</strong></span> <span class='ocrx_word' id='word_1_694' title='bbox 2667 4170 2884 4233; x_wconf 76' lang='lat' dir='ltr'><strong>fuisse.</strong></span> <span class='ocrx_word' id='word_1_695' title='bbox 2941 4180 2997 4227; x_wconf 87' lang='lat' dir='ltr'><strong>et</strong></span> <span class='ocrx_word' id='word_1_696' title='bbox 3059 4174 3227 4226; x_wconf 89' lang='lat' dir='ltr'><strong>tertio</strong></span> <span class='ocrx_word' id='word_1_697' title='bbox 3289 4177 3406 4241; x_wconf 89' lang='lat' dir='ltr'><strong>post</strong></span> <span class='ocrx_word' id='word_1_698' title='bbox 3460 4177 3587 4219; x_wconf 74' lang='lat' dir='ltr'><strong>versi!</strong></span> 
     </span>
    </p>
   </div>
   <div class='ocr_carea' id='block_1_110' title="bbox 2059 4255 3586 4332">
    <p class='ocr_par' dir='ltr' id='par_1_110' title="bbox 2059 4255 3586 4332">
     <span class='ocr_line' id='line_1_110' title="bbox 2059 4255 3586 4332; baseline -0.007 -16"><span class='ocrx_word' id='word_1_699' title='bbox 2059 4263 2380 4331; x_wconf 87' lang='lat' dir='ltr'><strong>repositam.</strong></span> <span class='ocrx_word' id='word_1_700' title='bbox 2465 4260 2758 4332; x_wconf 76' lang='lat' dir='ltr'><strong>Porphyrii</strong></span> <span class='ocrx_word' id='word_1_701' title='bbox 2831 4271 3017 4316; x_wconf 82' lang='lat' dir='ltr'><strong>autem</strong></span> <span class='ocrx_word' id='word_1_702' title='bbox 3093 4263 3202 4320; x_wconf 85' lang='lat' dir='ltr'><strong>hoc</strong></span> <span class='ocrx_word' id='word_1_703' title='bbox 3267 4255 3586 4324; x_wconf 75' lang='grc' dir='ltr'><strong>ἁποσπασμά-</strong></span> 
     </span>
    </p>
   </div>
   <div class='ocr_carea' id='block_1_111' title="bbox 2057 4353 2997 4410">
    <p class='ocr_par' dir='ltr' id='par_1_111' title="bbox 2057 4353 2997 4410">
     <span class='ocr_line' id='line_1_111' title="bbox 2057 4353 2997 4410; baseline 0.002 -4"><span class='ocrx_word' id='word_1_704' title='bbox 2057 4370 2170 4406; x_wconf 85' lang='grc' dir='ltr'>τιον</span> <span class='ocrx_word' id='word_1_705' title='bbox 2194 4361 2279 4407; x_wconf 88' lang='lat' dir='ltr'><strong>est</strong></span> <span class='ocrx_word' id='word_1_706' title='bbox 2311 4368 2376 4408; x_wconf 80' lang='lat' dir='ltr'><strong>ex</strong></span> <span class='ocrx_word' id='word_1_707' title='bbox 2437 4353 2578 4408; x_wconf 89' lang='lat' dir='ltr'><strong>libro</strong></span> <span class='ocrx_word' id='word_1_708' title='bbox 2615 4370 2752 4409; x_wconf 86' lang='lat' dir='ltr'><strong>mss.</strong></span> <span class='ocrx_word' id='word_1_709' title='bbox 2780 4355 2997 4410; x_wconf 76' lang='lat' dir='ltr'><strong>Osouii.</strong></span> 
     </span>
    </p>
   </div>
   <div class='ocr_carea' id='block_1_112' title="bbox 2364 4464 3331 4538">
    <p class='ocr_par' dir='ltr' id='par_1_112' title="bbox 2364 4464 3331 4538">
     <span class='ocr_line' id='line_1_112' title="bbox 2364 4464 3331 4538; baseline 0.003 -19"><span class='ocrx_word' id='word_1_710' title='bbox 2364 4464 2479 4538; x_wconf 68' lang='grc'><strong>[49]</strong></span> <span class='ocrx_word' id='word_1_711' title='bbox 2515 4467 2905 4521; x_wconf 80' lang='grc' dir='ltr'><strong>ΠΟΡΦΥΡΙΟΥ</strong></span> <span class='ocrx_word' id='word_1_712' title='bbox 2929 4469 3331 4523; x_wconf 76' lang='grc' dir='ltr'><strong>ΦΙΛΟΣΟΦΟΥ.</strong></span> 
     </span>
    </p>
   </div>
   <div class='ocr_carea' id='block_1_113' title="bbox 2093 4579 3559 4668">
    <p class='ocr_par' dir='ltr' id='par_1_113' title="bbox 2093 4579 3559 4668">
     <span class='ocr_line' id='line_1_113' title="bbox 2093 4579 3559 4668; baseline 0 -36"><span class='ocrx_word' id='word_1_713' title='bbox 2093 4580 2227 4650; x_wconf 70' lang='grc' dir='ltr'>Περὶ</span> <span class='ocrx_word' id='word_1_714' title='bbox 2259 4579 2354 4632; x_wconf 77' lang='grc' dir='ltr'><strong>τοῦ</strong></span> <span class='ocrx_word' id='word_1_715' title='bbox 2392 4579 2654 4649; x_wconf 68' lang='grc' dir='ltr'><strong>Κναξζὸὶ,</strong></span> <span class='ocrx_word' id='word_1_716' title='bbox 2688 4580 2954 4668; x_wconf 68' lang='grc' dir='ltr'><strong>χθύπτης,</strong></span> <span class='ocrx_word' id='word_1_717' title='bbox 2981 4581 3232 4655; x_wconf 77' lang='grc' dir='ltr'><strong>φλεγμὼ,</strong></span> <span class='ocrx_word' id='word_1_718' title='bbox 3265 4582 3392 4654; x_wconf 59' lang='lat' dir='ltr'><strong>apto</strong></span> <span class='ocrx_word' id='word_1_719' title='bbox 3419 4581 3559 4650; x_wconf 69' lang='grc' dir='ltr'><strong>ἑρμη-</strong></span> 
     </span>
    </p>
   </div>
   <div class='ocr_carea' id='block_1_114' title="bbox 2774 4669 2911 4705">
    <p class='ocr_par' dir='ltr' id='par_1_114' title="bbox 2774 4669 2911 4705">
     <span class='ocr_line' id='line_1_114' title="bbox 2774 4669 2911 4705; baseline 0.015 -2"><span class='ocrx_word' id='word_1_720' title='bbox 2774 4669 2911 4705; x_wconf 86' lang='grc' dir='ltr'>νεια.</span> 
     </span>
    </p>
   </div>
   <div class='ocr_carea' id='block_1_115' title="bbox 2055 4735 3585 4817">
    <p class='ocr_par' dir='ltr' id='par_1_115' title="bbox 2055 4735 3585 4817">
     <span class='ocr_line' id='line_1_115' title="bbox 2055 4735 3585 4817; baseline 0.001 -24"><span class='ocrx_word' id='word_1_721' title='bbox 2055 4741 2145 4793; x_wconf 87' lang='grc' dir='ltr'><strong>Ἐν</strong></span> <span class='ocrx_word' id='word_1_722' title='bbox 2173 4741 2397 4809; x_wconf 69' lang='grc' dir='ltr'>Δελφοῖς</span> <span class='ocrx_word' id='word_1_723' title='bbox 2429 4742 2508 4804; x_wconf 84' lang='grc' dir='ltr'><strong>είς</strong></span> <span class='ocrx_word' id='word_1_724' title='bbox 2532 4742 2622 4794; x_wconf 77' lang='grc' dir='ltr'><strong>τὸν</strong></span> <span class='ocrx_word' id='word_1_725' title='bbox 2654 4743 2782 4795; x_wconf 73' lang='grc' dir='ltr'>ναὸν</span> <span class='ocrx_word' id='word_1_726' title='bbox 2811 4745 3221 4815; x_wconf 73' lang='grc' dir='ltr'><strong>ἐπιγέγραπται</strong></span> <span class='ocrx_word' id='word_1_727' title='bbox 3246 4746 3435 4817; x_wconf 74' lang='grc' dir='ltr'>τράγος</span> <span class='ocrx_word' id='word_1_728' title='bbox 3471 4735 3585 4808; x_wconf 68' lang='grc' dir='ltr'><strong>ἔχθύῖ</strong></span> 
     </span>
    </p>
   </div>
   <div class='ocr_carea' id='block_1_116' title="bbox 2054 4832 3581 4912">
    <p class='ocr_par' dir='ltr' id='par_1_116' title="bbox 2054 4832 3581 4912">
     <span class='ocr_line' id='line_1_116' title="bbox 2054 4832 3581 4912; baseline -0.002 -24"><span class='ocrx_word' id='word_1_729' title='bbox 2054 4837 2146 4888; x_wconf 73' lang='grc' dir='ltr'><strong>ἐπὶ</strong></span> <span class='ocrx_word' id='word_1_730' title='bbox 2178 4835 2423 4904; x_wconf 77' lang='grc' dir='ltr'>δελφῖνος</span> <span class='ocrx_word' id='word_1_731' title='bbox 2445 4837 2814 4906; x_wconf 74' lang='grc' dir='ltr'>ἐπικείμενος.</span> <span class='ocrx_word' id='word_1_732' title='bbox 2841 4838 2992 4903; x_wconf 77' lang='grc' dir='ltr'><strong>Κνὰξ</strong></span> <span class='ocrx_word' id='word_1_733' title='bbox 3023 4840 3125 4909; x_wconf 83' lang='grc' dir='ltr'><strong>μὲν</strong></span> <span class='ocrx_word' id='word_1_734' title='bbox 3156 4841 3262 4912; x_wconf 81' lang='grc' dir='ltr'>γάρ</span> <span class='ocrx_word' id='word_1_735' title='bbox 3283 4843 3418 4893; x_wconf 76' lang='grc' dir='ltr'>ἐστιν</span> <span class='ocrx_word' id='word_1_736' title='bbox 3443 4832 3581 4902; x_wconf 77' lang='grc' dir='ltr'><strong>ότρά-</strong></span> 
     </span>
    </p>
   </div>
   <div class='ocr_carea' id='block_1_117' title="bbox 2053 4929 3580 5004">
    <p class='ocr_par' dir='ltr' id='par_1_117' title="bbox 2053 4929 3580 5004">
     <span class='ocr_line' id='line_1_117' title="bbox 2053 4929 3580 5004; baseline 0.004 -24"><span class='ocrx_word' id='word_1_737' title='bbox 2053 4945 2148 4997; x_wconf 82' lang='grc' dir='ltr'><strong>γος</strong></span> <span class='ocrx_word' id='word_1_738' title='bbox 2195 4930 2335 4982; x_wconf 72' lang='grc' dir='ltr'><strong>κατὰ</strong></span> <span class='ocrx_word' id='word_1_739' title='bbox 2390 4930 2673 5000; x_wconf 78' lang='grc' dir='ltr'><strong>ἀποκοπὴν</strong></span> <span class='ocrx_word' id='word_1_740' title='bbox 2705 4931 2812 4984; x_wconf 83' lang='grc' dir='ltr'><strong>τῶν</strong></span> <span class='ocrx_word' id='word_1_741' title='bbox 2861 4935 3144 5004; x_wconf 81' lang='grc' dir='ltr'><strong>στοιχείων</strong></span> <span class='ocrx_word' id='word_1_742' title='bbox 3195 4935 3286 4988; x_wconf 84' lang='grc' dir='ltr'><strong>τοῦ</strong></span> <span class='ocrx_word' id='word_1_743' title='bbox 3333 4949 3433 4994; x_wconf 80' lang='grc' dir='ltr'><strong>κως</strong></span> <span class='ocrx_word' id='word_1_744' title='bbox 3475 4929 3580 4997; x_wconf 63' lang='grc' dir='ltr'>(ἰθεο</span> 
     </span>
    </p>
   </div>
   <div class='ocr_carea' id='block_1_118' title="bbox 2055 5011 3576 5094">
    <p class='ocr_par' dir='ltr' id='par_1_118' title="bbox 2055 5011 3576 5094">
     <span class='ocr_line' id='line_1_118' title="bbox 2055 5011 3576 5094; baseline 0.002 -22"><span class='ocrx_word' id='word_1_745' title='bbox 2055 5020 2185 5088; x_wconf 87' lang='grc' dir='ltr'>κων)</span> <span class='ocrx_word' id='word_1_746' title='bbox 2228 5021 2320 5073; x_wconf 75' lang='grc' dir='ltr'><strong>καὶ</strong></span> <span class='ocrx_word' id='word_1_747' title='bbox 2366 5020 2528 5074; x_wconf 82' lang='grc' dir='ltr'>πάλιν</span> <span class='ocrx_word' id='word_1_748' title='bbox 2569 5021 2860 5092; x_wconf 74' lang='grc' dir='ltr'>ἀφαίρεσιν</span> <span class='ocrx_word' id='word_1_749' title='bbox 2899 5022 3032 5094; x_wconf 89' lang='lat' dir='ltr'><strong>(imo</strong></span> <span class='ocrx_word' id='word_1_750' title='bbox 3083 5023 3388 5094; x_wconf 83' lang='grc' dir='ltr'>πρόσθεσιν)</span> <span class='ocrx_word' id='word_1_751' title='bbox 3425 5015 3505 5071; x_wconf 86' lang='grc' dir='ltr'><strong>τοῦ</strong></span> <span class='ocrx_word' id='word_1_752' title='bbox 3541 5011 3576 5075; x_wconf 76' lang='grc' dir='ltr'><strong>ξ’</strong></span> 
     </span>
    </p>
   </div>
   <div class='ocr_carea' id='block_1_119' title="bbox 2054 5109 3578 5189">
    <p class='ocr_par' dir='ltr' id='par_1_119' title="bbox 2054 5109 3578 5189">
     <span class='ocr_line' id='line_1_119' title="bbox 2054 5109 3578 5189; baseline 0 -23"><span class='ocrx_word' id='word_1_753' title='bbox 2054 5113 2256 5166; x_wconf 81' lang='grc' dir='ltr'>κνὰκον</span> <span class='ocrx_word' id='word_1_754' title='bbox 2287 5114 2394 5185; x_wconf 81' lang='grc' dir='ltr'><strong>γὰρ</strong></span> <span class='ocrx_word' id='word_1_755' title='bbox 2425 5113 2694 5180; x_wconf 83' lang='grc' dir='ltr'>καλεῖται,</span> <span class='ocrx_word' id='word_1_756' title='bbox 2723 5115 2798 5178; x_wconf 85' lang='grc' dir='ltr'>ὡς</span> <span class='ocrx_word' id='word_1_757' title='bbox 2825 5117 2920 5169; x_wconf 78' lang='grc' dir='ltr'><strong>καὶ</strong></span> <span class='ocrx_word' id='word_1_758' title='bbox 2947 5117 3238 5189; x_wconf 81' lang='grc' dir='ltr'><strong>Θεόκριτος</strong></span> <span class='ocrx_word' id='word_1_759' title='bbox 3263 5119 3320 5171; x_wconf 86' lang='grc' dir='ltr'>ὲν</span> <span class='ocrx_word' id='word_1_760' title='bbox 3349 5109 3578 5185; x_wconf 75' lang='grc' dir='ltr'>βουκόλοις</span> 
     </span>
    </p>
   </div>
   <div class='ocr_carea' id='block_1_120' title="bbox 2052 5195 3574 5279">
    <p class='ocr_par' dir='ltr' id='par_1_120' title="bbox 2052 5195 3574 5279">
     <span class='ocr_line' id='line_1_120' title="bbox 2052 5195 3574 5279; baseline 0.006 -22"><span class='ocrx_word' id='word_1_761' title='bbox 2052 5204 2220 5272; x_wconf 74' lang='grc' dir='ltr'><strong>λέγει·</strong></span> <span class='ocrx_word' id='word_1_762' title='bbox 2249 5200 2360 5258; x_wconf 74' lang='grc' dir='ltr'>οἷον</span> <span class='ocrx_word' id='word_1_763' title='bbox 2381 5205 2582 5275; x_wconf 75' lang='grc' dir='ltr'>τράγος</span> <span class='ocrx_word' id='word_1_764' title='bbox 2616 5205 2709 5259; x_wconf 80' lang='grc' dir='ltr'><strong>καὶ</strong></span> <span class='ocrx_word' id='word_1_765' title='bbox 2741 5206 2912 5276; x_wconf 73' lang='grc' dir='ltr'><strong>ἰχθὺς,</strong></span> <span class='ocrx_word' id='word_1_766' title='bbox 2941 5208 2970 5261; x_wconf 94' lang='grc' dir='ltr'><strong>ό</strong></span> <span class='ocrx_word' id='word_1_767' title='bbox 3009 5209 3110 5279; x_wconf 82' lang='grc' dir='ltr'><strong>μὲν</strong></span> <span class='ocrx_word' id='word_1_768' title='bbox 3143 5209 3469 5278; x_wconf 67' lang='grc' dir='ltr'><strong>φλεγόμενος,</strong></span> <span class='ocrx_word' id='word_1_769' title='bbox 3496 5195 3574 5250; x_wconf 63' lang='grc' dir='ltr'><strong>ὖδδ</strong></span> 
     </span>
    </p>
   </div>
   <div class='ocr_carea' id='block_1_121' title="bbox 2052 5294 3573 5370">
    <p class='ocr_par' dir='ltr' id='par_1_121' title="bbox 2052 5294 3573 5370">
     <span class='ocr_line' id='line_1_121' title="bbox 2052 5294 3573 5370; baseline -0.003 -20"><span class='ocrx_word' id='word_1_770' title='bbox 2052 5298 2185 5369; x_wconf 73' lang='grc' dir='ltr'>δρὺψ</span> <span class='ocrx_word' id='word_1_771' title='bbox 2215 5298 2364 5366; x_wconf 56' lang='grc' dir='ltr'>ὄψον.</span> <span class='ocrx_word' id='word_1_772' title='bbox 2424 5297 2586 5364; x_wconf 66' lang='grc' dir='ltr'><strong>Λέγει</strong></span> <span class='ocrx_word' id='word_1_773' title='bbox 2621 5299 2674 5350; x_wconf 82' lang='grc' dir='ltr'>δὲ</span> <span class='ocrx_word' id='word_1_774' title='bbox 2709 5300 2789 5352; x_wconf 85' lang='grc' dir='ltr'><strong>ὃτι</strong></span> <span class='ocrx_word' id='word_1_775' title='bbox 2822 5301 2849 5351; x_wconf 90' lang='grc' dir='ltr'><strong>ό</strong></span> <span class='ocrx_word' id='word_1_776' title='bbox 2874 5300 3078 5370; x_wconf 79' lang='grc' dir='ltr'>τράγος</span> <span class='ocrx_word' id='word_1_777' title='bbox 3125 5296 3438 5370; x_wconf 83' lang='grc' dir='ltr'>φλεγόμενός</span> <span class='ocrx_word' id='word_1_778' title='bbox 3483 5294 3573 5344; x_wconf 72' lang='grc' dir='ltr'><strong>ἔστι</strong></span> 
     </span>
    </p>
   </div>
   <div class='ocr_carea' id='block_1_122' title="bbox 2055 5374 3569 5459">
    <p class='ocr_par' dir='ltr' id='par_1_122' title="bbox 2055 5374 3569 5459">
     <span class='ocr_line' id='line_1_122' title="bbox 2055 5374 3569 5459; baseline -0.003 -21"><span class='ocrx_word' id='word_1_779' title='bbox 2055 5389 2287 5440; x_wconf 80' lang='grc' dir='ltr'><strong>πάντοτε</strong></span> <span class='ocrx_word' id='word_1_780' title='bbox 2325 5386 2431 5440; x_wconf 80' lang='grc' dir='ltr'>ὑπὸ</span> <span class='ocrx_word' id='word_1_781' title='bbox 2461 5386 2710 5455; x_wconf 80' lang='grc' dir='ltr'>λαγνίας,</span> <span class='ocrx_word' id='word_1_782' title='bbox 2745 5389 2826 5441; x_wconf 84' lang='grc' dir='ltr'><strong>ὅτι</strong></span> <span class='ocrx_word' id='word_1_783' title='bbox 2853 5389 2946 5442; x_wconf 84' lang='grc' dir='ltr'><strong>ὲάν</strong></span> <span class='ocrx_word' id='word_1_784' title='bbox 2999 5407 3084 5452; x_wconf 86' lang='grc' dir='ltr'>τις</span> <span class='ocrx_word' id='word_1_785' title='bbox 3113 5389 3210 5454; x_wconf 81' lang='grc' dir='ltr'><strong>τὰς</strong></span> <span class='ocrx_word' id='word_1_786' title='bbox 3259 5392 3398 5459; x_wconf 77' lang='grc' dir='ltr'>ῥῖνας</span> <span class='ocrx_word' id='word_1_787' title='bbox 3440 5374 3569 5434; x_wconf 66' lang='grc' dir='ltr'><strong>αὑτοῦ</strong></span> 
     </span>
    </p>
   </div>
   <div class='ocr_carea' id='block_1_123' title="bbox 2053 5472 3570 5553">
    <p class='ocr_par' dir='ltr' id='par_1_123' title="bbox 2053 5472 3570 5553">
     <span class='ocr_line' id='line_1_123' title="bbox 2053 5472 3570 5553; baseline 0.003 -24"><span class='ocrx_word' id='word_1_788' title='bbox 2053 5474 2414 5542; x_wconf 67' lang='grc' dir='ltr'>ἀποσφαλίσει</span> <span class='ocrx_word' id='word_1_789' title='bbox 2477 5477 2602 5547; x_wconf 75' lang='lat' dir='ltr'><strong>(leg.</strong></span> <span class='ocrx_word' id='word_1_790' title='bbox 2659 5478 3058 5553; x_wconf 77' lang='grc' dir='ltr'><strong>ἀπασφαλίσῃ),</strong></span> <span class='ocrx_word' id='word_1_791' title='bbox 3105 5481 3190 5534; x_wconf 81' lang='grc' dir='ltr'><strong>διὰ</strong></span> <span class='ocrx_word' id='word_1_792' title='bbox 3227 5479 3330 5531; x_wconf 65' lang='grc' dir='ltr'>τῶν</span> <span class='ocrx_word' id='word_1_793' title='bbox 3373 5472 3570 5542; x_wconf 59' lang='grc' dir='ltr'>κεράτων</span> 
     </span>
    </p>
   </div>
   <div class='ocr_carea' id='block_1_124' title="bbox 2052 5563 3565 5642">
    <p class='ocr_par' dir='ltr' id='par_1_124' title="bbox 2052 5563 3565 5642">
     <span class='ocr_line' id='line_1_124' title="bbox 2052 5563 3565 5642; baseline -0.003 -22"><span class='ocrx_word' id='word_1_794' title='bbox 2052 5569 2300 5621; x_wconf 69' lang='grc' dir='ltr'><strong>ἀναπνεῖ.</strong></span> <span class='ocrx_word' id='word_1_795' title='bbox 2357 5568 2509 5638; x_wconf 78' lang='grc' dir='ltr'><strong>Ἔχει</strong></span> <span class='ocrx_word' id='word_1_796' title='bbox 2564 5567 2618 5621; x_wconf 79' lang='grc' dir='ltr'>δὲ</span> <span class='ocrx_word' id='word_1_797' title='bbox 2680 5569 2773 5623; x_wconf 70' lang='grc' dir='ltr'><strong>καὶ</strong></span> <span class='ocrx_word' id='word_1_798' title='bbox 2821 5570 3016 5641; x_wconf 79' lang='grc' dir='ltr'><strong>ἑτέραν</strong></span> <span class='ocrx_word' id='word_1_799' title='bbox 3077 5573 3363 5642; x_wconf 74' lang='grc' dir='ltr'>ἑρμηνείαν</span> <span class='ocrx_word' id='word_1_800' title='bbox 3413 5563 3565 5616; x_wconf 62' lang='grc' dir='ltr'><strong>οὕτως·</strong></span> 
     </span>
    </p>
   </div>
   <div class='ocr_carea' id='block_1_125' title="bbox 2054 5646 3565 5740">
    <p class='ocr_par' dir='ltr' id='par_1_125' title="bbox 2054 5646 3565 5740">
     <span class='ocr_line' id='line_1_125' title="bbox 2054 5646 3565 5740; baseline -0.012 -16"><span class='ocrx_word' id='word_1_801' title='bbox 2054 5661 2125 5724; x_wconf 64' lang='grc' dir='ltr'><strong>Τὸ</strong></span> <span class='ocrx_word' id='word_1_802' title='bbox 2159 5656 2382 5723; x_wconf 68' lang='grc' dir='ltr'><strong>κναξῗδὶ</strong></span> <span class='ocrx_word' id='word_1_803' title='bbox 2422 5659 2561 5728; x_wconf 74' lang='grc' dir='ltr'><strong>γάλα</strong></span> <span class='ocrx_word' id='word_1_804' title='bbox 2604 5662 2771 5726; x_wconf 72' lang='grc' dir='ltr'><strong>ἐστὶν,</strong></span> <span class='ocrx_word' id='word_1_805' title='bbox 2806 5662 2866 5715; x_wconf 74' lang='grc' dir='ltr'><strong>τὸ</strong></span> <span class='ocrx_word' id='word_1_806' title='bbox 2902 5661 2956 5714; x_wconf 76' lang='grc' dir='ltr'><strong>δὲ</strong></span> <span class='ocrx_word' id='word_1_807' title='bbox 2995 5662 3238 5734; x_wconf 78' lang='grc' dir='ltr'><strong>χθύπτης</strong></span> <span class='ocrx_word' id='word_1_808' title='bbox 3277 5659 3434 5740; x_wconf 38' lang='lat' dir='ltr'><strong>cepa,</strong></span> <span class='ocrx_word' id='word_1_809' title='bbox 3465 5646 3565 5715; x_wconf 52' lang='lat'><strong>633.?</strong></span> 
     </span>
    </p>
   </div>
  </div>
