3760 6202
182 402 261 468 753

180 619 302 687 ittps
315 616 361 669 δὲ
380 616 583 672 πλεῖστα
601 617 822 671 τοιαῦτα
850 620 939 674 διὰ
960 619 1071 673 τῶν
1090 620 1167 674 κδ’
1187 620 1469 689 στοιχείων
1492 611 1672 689 dirup-

176 709 338 773 τίζοντα
365 708 478 761 ἴδιον
508 709 696 763 σκοπὸν
730 708 989 782 εὖρομεν,
1009 705 1143 765 οἷονο
1169 710 1322 775 Βέδυ,
1365 709 1499 779 (eo,
1529 708 1669 779 χθὼ,

177 797 411 866 πλῆκτρον,
445 799 615 867 σφὶγξ,
656 800 683 853 δ
713 802 860 853 ἐστιν
889 801 1084 865 οὕτως·
1121 802 1255 855 Βέδυ
1279 803 1429 854 ἐστὶν
1458 802 1491 870 ἡ
1528 799 1673 868 ὑγρὰ

174 889 308 950 stiria,
328 887 467 956 ζᾶψή
495 888 741 960 πυρώδης
773 890 951 953 οὐσία,
983 891 1098 962 χΘὼ
1121 894 1154 962 ή
1184 893 1277 961 γῆ,
1311 889 1590 960 πλῆκτρον
1617 889 1674 942 δὲ

174 980 316 1049 ibim,
343 979 487 1048 σφὶγξ
520 982 550 1049 ἡ
583 981 784 1035 τούτων
811 984 963 1051 φιλία
1005 984 1095 1038 διὰ
1138 984 1199 1036 τὸ
1255 980 1673 1051 συνεσφὶγχθαι.

173 1070 364 1133 Κλώδιος
383 1071 432 1124 δὲ
462 1075 488 1124 ὁ
513 1072 851 1143 Νεαπολίτης
882 1074 1056 1138 οὕτως
1102 1074 1419 1146 ἡρμήνευσε
1446 1073 1505 1125 τὸ
1538 1088 1677 1142 προς

175 1161 384 1230 κείμενον·
412 1164 533 1233 ἀὴρ,
560 1163 828 1228 θάλασσα,
857 1166 953 1235 γῆ,
985 1165 1159 1236 ἥλιος.
1197 1166 1309 1219 Καὶ
1336 1164 1512 1234 ἕτεροι
1532 1179 1678 1226 τινες

175 1253 397 1323 φιλόσοφοί
423 1271 475 1307 τε
512 1256 604 1310 καὶ
638 1258 860 1318 ποιηταὶ
889 1256 1080 1311 τοῦτον
1120 1257 1212 1310 τὸν
1246 1257 1447 1311 σκοπὸν
1495 1255 1679 1326 ἡρμή-

176 1359 341 1396 νευσαν.

228 1432 320 1488 Non
355 1436 499 1504 longe
543 1451 572 1491 a
608 1438 881 1508 principio
912 1438 993 1494 sic
1036 1438 1219 1494 scribe
1252 1456 1265 1492 :
1297 1438 1531 1491 Κνὰκων
1570 1436 1680 1509 γὰρ

176 1527 381 1590 καλεῖται,
421 1528 488 1591 ὡς
524 1531 552 1583 ὀ
583 1529 877 1601 θεόκριτος
903 1532 963 1585 ὲν
989 1531 1338 1594 Βουκολικοϊς
1374 1528 1545 1599 λέγει.
1573 1526 1682 1582 Lo-

176 1637 249 1678 cus
269 1632 335 1677 est
362 1621 541 1695 ldyllio
572 1616 741 1680 tertio
777 1640 792 1676 :

229 1775 241 1789 .
299 1775 313 1790 .
376 1778 390 1791 .
459 1778 474 1793 .
549 1778 623 1793 ..
712 1782 726 1796 .
806 1779 821 1795 .
899 1780 915 1797 .
994 1781 1008 1795 .
1091 1779 1105 1795 .
1183 1738 1684 1806 καῑτύνένόρχαν

181 1808 498 1862 ΤὸνΛιϐυκὸν
518 1808 803 1864 κνιὶκωνα
823 1810 1168 1879 φυλάσσεο,
1194 1809 1279 1879 μὴ
1311 1809 1384 1863 τὺ
1420 1810 1679 1879 scaptium.

177 1897 274 1950 lllud
313 1907 468 1953 autem
506 1901 673 1955 nimis
720 1875 977 1956 lesiirum
1028 1910 1139 1967 est,
1185 1875 1332 1972 quod
1396 1875 1682 1967 aliquanto
1716 1875 1756 1932 Β

179 1996 269 2055 post
305 1992 571 2060 sequitur:
613 1990 832 2062 Capras
884 1993 1122 2057 scilicet,
1166 1994 1212 2048 si
1249 1994 1375 2064 quis
1421 1993 1491 2048 iis
1522 2007 1686 2047 nares

180 2081 356 2145 obturet,
383 2085 640 2140 cornibus
667 2086 910 2155 spirare.
938 2084 1046 2140 Sed
1079 2100 1178 2156 pro
1205 2085 1458 2156 κεράτων
1489 2083 1686 2139 certis-

187 2170 280 2224 sime
302 2174 681 2228 emendandum
715 2184 803 2231 est
832 2176 1043 2230 οὐάτων
1066 2176 1149 2230 vel
1187 2174 1360 2229 ὤτων.
1395 2171 1590 2236 Varro,
1617 2172 1690 2227 De

194 2266 429 2319 remstica:
455 2265 529 2320 De
558 2267 754 2338 quibus
780 2267 1159 2322 admirandum
1178 2267 1336 2330 illud,
1369 2268 1508 2336 quod
1528 2267 1690 2319 etiam

198 2354 406 2409 Anicius
436 2358 657 2422 scribit;
693 2373 884 2426 capras
919 2375 1046 2424 non,
1079 2367 1136 2412 ut
1170 2358 1374 2429 reliqua
1405 2357 1690 2421 animalia,

191 2444 363 2507 scribus,
386 2449 471 2500 sed
522 2448 756 2503 auribus
786 2449 1036 2517 spiritum
1071 2449 1262 2504 ducere
1292 2450 1481 2503 solere.
1548 2447 1691 2501 Idem

187 2548 355 2589 narrant
376 2538 579 2596 Plinius
614 2548 678 2595 et
720 2539 996 2596 IElianus.
1028 2538 1254 2595 Clodius
1288 2540 1395 2596 iste
1435 2538 1694 2608 Neapoli»

181 2631 297 2682 unus
324 2628 504 2686 librum
552 2633 872 2701 composuit
913 2633 1177 2686 adversus
1219 2646 1316 2687 eos
1372 2632 1467 2702 qui
1530 2646 1698 2686 carne

179 2716 484 2787 abstinerent;
536 2732 599 2778 ut
650 2724 816 2779 testis
875 2731 961 2779 est
1015 2724 1135 2794 ipse
1190 2722 1526 2794 Porphyrius
1563 2724 1700 2796 Περὶ

176 2808 337 2882 ἀποχῆς
358 2814 645 2886 ὲμψύχωνς
688 2831 868 2884 neque
890 2816 1037 2872 alius
1072 2817 1366 2887 quisquam
1398 2816 1548 2872 illius
1582 2833 1700 2871 mc-

175 2902 315 2967 Ininit,
344 2907 476 2976 quod
507 2909 716 2965 sciam.
753 2908 940 2964 Fidem
976 2910 1027 2964 id
1061 2909 1214 2974 facit,
1249 2910 1475 2964 minime
1505 2908 1701 2979 ψευδε-

174 2992 376 3066 πίγριφα
418 2998 529 3055 haec
578 3015 738 3068 esse,
796 3000 893 3056 sed
940 3017 1005 3057 ex
1052 2999 1357 3073 Porphyrio
1392 3001 1536 3057 bona
1596 3000 1703 3056 fide

172 3097 398 3157 excerpta.

1172 404 1535 471 EPISTOLA
1567 405 1770 468 RICH.

178 524 703 597 Μιθριδπος·δρῶπες
729 526 837 600 γὰρ
866 527 916 581 oi
948 527 1228 599 ἄνθρωποι
1256 529 1531 598 λέγονται.
1553 526 1664 582 Καὶ
1694 578 1698 587 ,

1808 529 1835 583 ii
1868 538 1923 584 et
1968 530 2202 601 Menagii

1800 409 2187 474 BENTLEII.
2455 432 2469 444 '
3250 408 3359 475 7M

2244 551 2257 587 :
2316 548 2440 603 quae
2498 534 2542 589 si
2591 548 2716 590 vera
2768 542 2853 589 est
2908 532 3204 594 sententia,
3242 549 3354 587 non

1772 637 1912 690 Opus
1960 632 2047 680 est
2077 634 2135 679 ut
2159 626 2330 680 multa
2362 625 2634 683 dicamus.
2667 626 2868 681 Statim
2902 627 3046 682 enim
3075 626 3355 680 constabit
3384 604 3397 625 ’

1775 711 1957 769 Ionem
2000 714 2269 788 Eschylo
2309 716 2483 772 fuisse
2516 724 2646 770 natu
2668 704 2959 771 minorem.
3002 717 3218 786 Quippe
3252 715 3355 768 So-

1774 816 1956 860 crates
1997 815 2159 862 natus
2187 806 2420 879 ‘Olymp.
2448 824 2628 863 Lxxvu
2686 823 2832 862 anno
2866 825 2941 874 tv,
2974 807 3357 862 tantummodo

1775 912 1875 951 ιιιι
1906 898 2087 953 aetatis
2134 915 2339 953 annum
2389 899 2606 970 agebat.
2651 914 2778 953 cum
2816 898 3118 970 Eschylus
3148 914 3211 952 ex
3244 901 3356 950 vita

1775 989 2315 1054 excessitgvidelicet
2344 990 2560 1063 Olymp.
2588 1006 2759 1045 unt
2805 1007 2898 1045 an.
2922 1006 2963 1055 ι,
2995 991 3166 1046 Callia
3191 990 3375 1045 Athe-'

1779 1082 1865 1136 nis
1886 1083 2171 1137 archonte.
2217 1083 2323 1139 Sed
2361 1084 2426 1138 de
2468 1082 2710 1153 Ephesio
2739 1082 2846 1137 iste
2881 1089 3126 1152 pugnant
3160 1081 3363 1134 adver-

1779 1188 1876 1228 sus
1909 1172 2213 1244 Gyraldum
2254 1185 2306 1229 et
2339 1173 2683 1244 Scaligerum
2711 1173 3074 1228 eruditissimi
3134 1172 3360 1241 quidem
3406 1202 3413 1207 ο

1780 1265 2032 1320 homines
2064 1265 2174 1320 Leo
2198 1266 2436 1321 Allatius
2463 1275 2517 1320 et
2538 1264 2778 1321 Joannes
2809 1264 3037 1320 Jonsius
3060 1281 3083 1316 τ
3113 1264 3206 1318 ille.
3235 1278 3366 1317 con-

1780 1360 2024 1413 tumeliis
2062 1359 2255 1422 h-etus,
2291 1367 2346 1413 et
2393 1374 2459 1414 eo
2509 1358 2658 1428 quod
2701 1357 2853 1412 nullo
2886 1365 3115 1411 auctore
3154 1355 3366 1425 primus

1782 1450 1832 1503 id
1864 1447 2067 1501 dixerit
2099 1446 2395 1518 Gyraldus,
2437 1447 2695 1517 quodque
2736 1446 3009 1516 Ephesius
3050 1444 3366 1514 rbapsodus

1784 1540 1966 1603 fuerit;
2007 1554 2117 1592 non
2150 1538 2432 1608 tragicus;
2476 1539 2564 1597 hic
2595 1548 2776 1592 autem
2828 1537 3104 1592 acerrimo
3137 1536 3245 1591 telo
3274 1552 3368 1588 ar-

1783 1641 1985 1693 matus,
2043 1631 2173 1699 quia
2234 1632 2377 1685 ratio
2417 1638 2733 1699 temporum
2781 1630 3050 1683 reclamat
3103 1628 3368 1682 :Scilicet

1783 1720 2192 1786 lonem‘Chium
2228 1717 2439 1791 Olymp.
2473 1735 2623 1774 Lxxu
2657 1719 2956 1790 tragmdias
2984 1718 3238 1773 docuisse
3260 1732 3369 1771 non

1786 1817 2192 1871 minusannos
2230 1810 2422 1881 viginti
2462 1812 2783 1884 priusquam
2810 1808 3075 1864 Socrates
3108 1824 3371 1863 nascere.

1786 1916 1897 1966 tui,
1931 1900 2410 1974 0|ymp..demum
2455 1917 2658 1966 LXXVII,
2694 1916 2767 1954 tv.
2803 1898 2931 1953 Mihi
2967 1898 3192 1971 quidem
3223 1897 3369 1951 idem

1787 2002 1871 2049 est
1902 1995 2139 2061 animus,
2173 2010 2282 2048 non
2315 2009 2486 2049 unum
2521 2001 2573 2047 et
2601 1992 2853 2048 eumdem
2881 1991 3053 2048 fuisse
3087 1989 3284 2045 Chium
3318 1999 3372 2043 ct

1789 2086 2112 2157 Ephesium;
2164 2086 2337 2142 Chius
2375 2085 2521 2141 enim
2568 2093 2623 2139 et
2660 2100 2861 2156 genere
2908 2090 2965 2138 et
3010 2081 3209 2153 opibus
3266 2079 3373 2135 fuit

1789 2184 2007 2234 clarus:
2045 2181 2139 2249 qui
2175 2194 2301 2233 cum
2340 2177 2567 2233 Athenis
2618 2174 2731 2249 [5|]
2777 2175 3055 2246 quondam
3099 2171 3370 2245 tragoedia

1790 2271 1952 2325 simul
1979 2278 2033 2324 et
2062 2270 2408 2342 dithyrambo
2442 2270 2686 2336 vicisset,
2716 2268 2841 2323 Chii
2876 2268 3210 2323 vinicadum
3243 2268 3372 2319 viri-

1793 2362 1887 2417 tim
1921 2362 2119 2428 cuique
2152 2362 2353 2417 civium
2390 2362 2574 2429 dedit;
2618 2371 2677 2417 ut
2730 2368 3039 2417 memorant
3074 2359 3369 2415 Athenaeus

1792 2461 1840 2506 et
1864 2449 2074 2505 Comici
2101 2462 2390 2505 enarrator
2423 2449 2490 2504 ad
2517 2451 2741 2506 Pacem.
2774 2447 3093 2503 Luculentie
3126 2461 3256 2500 vero
3284 2444 3371 2497 di-

1794 2541 1962 2605 vitiae,
1992 2558 2115 2612 qua:
2145 2550 2253 2596 tam
2290 2542 2507 2597 eximiae
2549 2541 2868 2597 liberalitati
2899 2540 3148 2596 suiﬁcere
3177 2546 3374 2607 patue-

1796 2643 1945 2687 runt.
1979 2632 2251 2703 Ephesius
2280 2632 2444 2687 homo
2491 2619 2776 2687 mendicus
2804 2640 2859 2687 et
2903 2626 3379 2685 circumforaneum

1797 2723 2118 2781 cantitanda
2168 2734 2223 2777 et
2273 2722 2657 2795 gesticulaudo
2688 2724 2889 2778 victum
2921 2722 3136 2791 inopem
3180 2719 3381 2790 quarri-

1799 2822 1945 2876 tans.
1979 2821 2039 2869 ut
2071 2829 2189 2870 mos
2218 2819 2336 2869 erat
2381 2811 2706 2883 rhapsodis;
2755 2827 2897 2882 quos
2928 2811 3202 2866 Homerus
3244 2823 3381 2863 suus

1799 2906 2010 2963 misella
2046 2906 2188 2976 stipe
2215 2913 2272 2959 et
2301 2905 2602 2961 esuritione
2636 2904 2916 2976 pascebat.
2947 2901 3071 2973 Ipse
3110 2901 3177 2956 de
3204 2916 3263 2955 se
3297 2898 3382 2952 lo-

1802 2997 1985 3068 quitur
2023 2995 2166 3067 apud
2204 2995 2482 3052 Platonem
2524 3015 2536 3050 :
2569 2999 2660 3051 Δεῐ
2703 2996 2814 3069 γάρ
2840 3013 2908 3067 με
2940 2996 3037 3050 καὶ
3064 2993 3254 3066 σφόδρ’
3285 2992 3385 3047 αὖ·
3480 3057 3493 3078 κ

1801 3093 1913 3153 τοῖς
1942 3090 2074 3158 (τοῖς
2103 3088 2344 3157 θεαταῖς)
2396 3088 2487 3141 τὸν
2523 3087 2645 3141 νοῦν
2683 3087 2998 3157 προσέχειν,
3037 3086 3114 3149 ὡς
3153 3083 3250 3138 ἐὰν
3284 3082 3383 3153 μὲν

222 3173 273 3272 i’.
299 3178 404 3233 181.
434 3183 540 3236 Καὶ
572 3183 723 3254 μετὰ
748 3181 908 3236 τοῦτο
937 3182 1145 3247 Μίνως,
1185 3184 1283 3238 καὶ
1331 3185 1469 3255 μετὰ
1506 3175 1779 3272 Μίνωας.
1804 3180 2088 3242 κλαίοντας
2121 3178 2323 3243 αὐτοὺς
2364 3177 2598 3244 καθίζω.
2641 3177 2807 3241 αὐτὸς
2848 3176 3156 3246 γελάσομαι
3208 3171 3384 3244 ἀργύ-

169 3268 350 3334 Δὺλέις.
380 3272 490 3328 Dixi
521 3291 706 3329 meam
739 3275 1067 3330 sententiam
1101 3293 1113 3330 :
1148 3277 1406 3331 nimirum
1435 3286 1531 3331 aut
1566 3278 1701 3331 vitio

170 3359 340 3416 codicis
368 3373 458 3418 aut
480 3366 770 3421 memoria:
797 3368 993 3421 falsum
1017 3382 1142 3422 csse
1174 3367 1441 3423 Joannem
1465 3384 1481 3433 ;
1531 3375 1585 3421 ct
1632 3368 1700 3420 ad

170 3451 281 3508 hunc
309 3458 517 3512 modum
555 3476 583 3513 π
621 3460 800 3529 prima
848 3476 1011 3514 manu
1045 3460 1311 3528 scriptum
1343 3459 1537 3520 videri.
1592 3459 1705 3512 Καὶ

170 3545 278 3608 μετᾶ
298 3546 473 3602 τοῦτον
511 3552 666 3616 Ἴων,
701 3552 796 3603 καὶ
837 3550 975 3620 μετὰ
1008 3552 1174 3604 Ἴωνα
1207 3550 1489 3619 Αἰσχύλος.
1530 3549 1705 3604 Porro

169 3636 250 3689 iste
271 3637 377 3711 [50]
408 3643 502 3696 ion
531 3652 699 3712 poeta
731 3643 835 3697 fuit
863 3643 1137 3711 tragicus,
1151 3641 1375 3697 natione
1393 3640 1568 3696 Chius
1600 3640 1704 3697 :de

169 3744 253 3792 ‘ltlo
282 3731 397 3787 ideo
412 3735 568 3802 plura
607 3733 886 3799 dicemus,
917 3734 1044 3803 quia
1079 3732 1357 3798 Theseide
1385 3741 1439 3788 et
1468 3731 1705 3804 Eschy-

168 3820 209 3872 In
245 3824 516 3894 aliquanto
560 3836 653 3883 est
692 3828 973 3897 ignotior;
1018 3835 1132 3881 tum
1194 3836 1374 3881 autem
1425 3834 1484 3881 ut
1540 3827 1702 3897 quasi

168 3914 403 3975 specimen
418 3918 623 3971 densius
658 3916 821 3972 istius
854 3916 1062 3987 operis,
1083 3912 1249 3986 cujus
1282 3924 1442 3971 antea
1471 3915 1706 3972 iecimus

168 4004 478 4071 ιιιριιιίοοοω,
511 4023 626 4077 ιιιιο
654 4005 922 4079 Reliquias
975 4007 1150 4060 omnis
1204 4006 1403 4061 Graecae
1460 4021 1702 4075 posseos,

169 4094 767 4167 philosophicaepicae.
809 4099 1087 4165 elegiacm,
1121 4097 1459 4166 dramatico),
1500 4100 1710 4175 lyrica:-

166 4200 251 4252 que
285 4189 545 4260 colligere
592 4189 893 4245 voluimus.
936 4188 1044 4244 Sed
1097 4188 1211 4243 haec
1253 4188 1495 4245 fuerunt.
1550 4189 1705 4245 Prin-

168 4277 285 4344 ripio
329 4289 507 4336 autem
565 4296 677 4336 non
724 4280 925 4352 injuria
978 4279 1151 4336 Chius
1191 4291 1383 4337 noster
1431 4297 1540 4337 una
1582 4297 1709 4338 cum

169 4364 395 4442 Eschylo
426 4381 792 4438 memoratur,
832 4373 921 4428 cui
953 4372 1086 4428 olim
1114 4372 1357 4428 amicitia
1391 4385 1444 4429 et
1470 4371 1711 4429 ianitilia-

170 4459 305 4518 ritate
325 4466 660 4536 coniunctus
693 4464 827 4524 fuit:
865 4474 925 4519 ut
967 4481 1032 4522 ex
1067 4466 1365 4522 Plutarcho
1408 4474 1627 4521 constat
1653 4467 1710 4521 in

1804 3290 1919 3343 ριον
1961 3270 2276 3342 λαμϐάνωνο
2319 3272 2415 3325 ἐὰν
2445 3270 2502 3322 δὲ
2533 3268 2833 3338 γελῶντας,
2879 3268 3040 3331 αὐτὸς
3073 3266 3385 3336 κλαύσομαι

1802 3361 2067 3434 ἀργύριον
2089 3360 2347 3424 ἀπολλύς.
2371 3361 2546 3416 Chius
2579 3362 2632 3414 in
2673 3360 2822 3414 omni
2858 3360 3162 3413 litterarum
3187 3372 3387 3427 genere

1802 3470 2061 3525 magnum
2096 3470 2291 3507 nomen
2332 3463 2415 3507 est
2461 3462 2794 3507 consecutus
2827 3470 2841 3506 :
2872 3450 3141 3520 Ephesius
3184 3458 3386 3517 praeter

1804 3545 2100 3600 Homerum
2151 3544 2289 3599 nihil
2327 3543 2531 3599 doctus
2563 3553 2791 3598 cantare
2824 3558 2838 3595 :
2878 3542 3022 3595 sicut
3052 3539 3118 3593 de
3153 3553 3212 3593 se
3247 3536 3386 3590 litte-

1804 3647 1930 3704 tur;
1962 3652 2089 3692 cum
2121 3651 2150 3690 ι
2189 3634 2421 3690 Socrate
2457 3634 2829 3703 interrogatus
2874 3640 3059 3685 utrum
3087 3629 3385 3685 Homerum

1804 3731 1985 3789 solum
2018 3731 2264 3794 calleret,
2289 3745 2360 3784 an
2385 3728 2549 3784 etiam
2570 3723 2865 3781 Hesiodum
2888 3724 3386 3801 etArchilochum;

1803 3824 2110 3896 respondit,
2136 3823 2359 3878 minime
2381 3820 2601 3893 quidem
2630 3819 2793 3878 iSIos.
2824 3817 2918 3873 sed
2956 3814 3253 3871 Homerum
3291 3830 3388 3868 so-

1806 3919 1918 3973 lum
1942 3925 2140 3987 :atque
2170 3916 2274 3972 hoc
2308 3915 2444 3971 satis
2473 3930 2618 3970 esse.
2641 3911 2705 3966 Et
2730 3912 3013 3982 aliquanto
3046 3917 3196 3980 post:
3217 3908 3389 3962 Ὅταν

1812 4009 1912 4081 μέν
1932 4026 2036 4074 τις,
2072 4007 2166 4073 ait,
2192 4008 2319 4078 περὶ
2341 4006 2437 4060 τοῦ
2470 4004 2630 4060 ἄλλον)
2653 4001 2882 4073 ποιητοῦ
2910 3997 3389 4070 διαλέ·ίηται,οὑδὲ

1808 4100 2065 4174 προσέχω
2096 4098 2245 4164 νοῦν,
2289 4097 2545 4153 ἀδυνατῶ
2563 4114 2621 4151 τε
2668 4094 2973 4158 aediﬁcton
3015 4091 3388 4164 συμδαλὲσθαι

1809 4190 1967 4262 λόγου
1998 4190 2168 4258 ἄξιον,
2197 4188 2312 4243 ἀλλ’
2358 4189 2600 4260 ἀτεχνῶς
2641 4186 2910 4254 νυστάζω,
2946 4195 3000 4243 et
3050 4186 3156 4239 alia
3211 4184 3386 4254 pluria

1810 4284 1866 4340 in
1931 4284 2076 4339 hanc
2136 4282 2484 4339 sententiam.
2533 4282 2627 4335 Sic
2688 4281 2856 4350 igitur
2904 4292 3225 4349 persuasum
3287 4275 3388 4329 ha-

1810 4364 1935 4444 beo,
1958 4376 2096 4432 Chio
2128 4375 2205 4430 illi
2233 4381 2289 4430 et
2320 4373 2562 4444 Ephesio
2592 4373 2851 4443 patriam,
2884 4386 3078 4441 genus,
3112 4367 3384 4427 fortunas,

1813 4469 2113 4541 ingenium,
2163 4467 2370 4531 studia,
2402 4481 2603 4531 mores,
2661 4465 2847 4521 omnia
2893 4462 3132 4531 denique
3190 4467 3389 4529 praeter

170 4546 286 4601 libro
320 4554 410 4621 qui
466 4554 799 4609 inscribitur
830 4551 954 4617 Πῶς
1010 4553 1076 4608 ἄν
1112 4570 1197 4617 τις
1242 4552 1482 4607 αἴσθοιτο
1513 4552 1698 4606 ἑαυτοῦ

1814 4577 2010 4617 nomen
2026 4567 2081 4614 et
2102 4569 2317 4615 aetatem
2345 4557 2588 4628 disparia
2620 4556 2808 4611 fuisse.
2828 4555 2889 4609 Et
2927 4562 3141 4609 atatem
3163 4551 3390 4622 quidem

168 4644 532 4709 προκόπτοντος
558 4645 647 4700 ἐπ’
680 4647 873 4717 ἀρετῇ.
904 4645 1192 4716 Αἰσχύλος,
1225 4646 1325 4708 ait,
1351 4643 1559 4716 Ἰσθμοῖ
1579 4645 1716 4700 θεώ-

170 4748 301 4798 μενος
327 4737 512 4804 ἀγῶνα
541 4737 785 4802 πυκτῶν,
816 4738 939 4792 ἐπεὶ
964 4737 1263 4808 πληγέντος
1289 4736 1479 4806 ἑτέρου
1498 4739 1557 4792 τὸ
1588 4738 1716 4794 θέα-

167 4838 273 4890 τρον
317 4826 605 4898 ἐξέκραγε,
636 4826 801 4894 νύξας
829 4830 991 4883 Ἴωνα
1030 4828 1123 4882 τὸν
1165 4829 1317 4893 Χῖον,
1352 4829 1535 4900 Ὁρᾷς.
1585 4829 1711 4900 ἔφη,

168 4909 259 4963 οἷον
287 4917 317 4985 ἡ
343 4917 577 4988 ἄσκησίς
602 4921 768 4974 ἐστιν·
804 4922 833 4974 ὁ
870 4919 1165 4991 πεπληγὼς
1188 4921 1390 4991 σιωπᾷ,
1421 4921 1470 4973 οἱ
1490 4919 1549 4973 δὲ
1580 4919 1717 4974 θεώ-

172 5021 271 5070 μενι
299 5007 481 5077 Met.
514 5008 743 5068 iuvenis
773 5020 959 5067 tamen
992 5028 1118 5068 cum
1144 5027 1279 5068 sene
1307 5021 1563 5067 versatus
1593 5021 1677 5067 est
1698 5029 1723 5081 ;~

170 5104 217 5149 et
237 5098 285 5153 in
311 5116 379 5156 eo
405 5104 628 5171 quidem
659 5120 769 5160 non
816 5105 1017 5161 leviter
1050 5120 1335 5176 peccatum
1363 5113 1451 5161 est
1484 5121 1514 5158 a
1544 5104 1717 5161 Joan-

172 5202 246 5251 ne,
264 5194 398 5259 quod
418 5195 607 5249 Ionem
624 5194 890 5266 Eschylo
913 5196 1272 5251 vetustiorem
1291 5196 1477 5253 iaciat.
1497 5196 1715 5253 Utinam

172 5290 283 5333 Vero
328 5294 643 5353 superesset
672 5285 833 5342 hodie
883 5285 1112 5342 Batonis
1147 5286 1480 5356 Sinopensis
1539 5288 1716 5344 liber!

173 5362 312 5424 Plura
349 5372 419 5428 de
467 5373 618 5431 Ionis
672 5384 839 5432 aetate
864 5387 919 5433 et
944 5376 1292 5433 evidentiora
1322 5377 1436 5434 dici
1467 5390 1715 5449 possent,

175 5472 301 5518 nunc
346 5467 451 5520 soli
501 5467 563 5521 in
618 5469 864 5526 obscuro
910 5468 1238 5538 lubricaque
1269 5470 1493 5526 tramite
1544 5472 1719 5542 magis

171 5562 451 5622 reptamus,
480 5571 644 5627 quam
690 5560 1024 5630 pedetentim
1064 5561 1425 5632 ingredimur.
1470 5563 1718 5619 Platonis

172 5646 246 5691 est
264 5640 542 5716 Dialogus.
560 5666 667 5719 quo
695 5651 956 5707 Socrates
978 5666 1289 5708 sermonem
1319 5653 1560 5719 instituit
1591 5672 1717 5709 cum

178 5721 288 5786 Ione
315 5738 555 5803 quodam
592 5739 865 5812 Ephesio;
895 5759 1057 5814 quem
1084 5758 1112 5797 a
1146 5743 1284 5798 Chio
1316 5758 1428 5798 non
1461 5759 1586 5801 esse
1640 5746 1720 5800 di-

158 5832 374 5879 vtrrsum
408 5830 593 5898 opinio
612 5841 697 5890 est
722 5833 840 5890 Lilii
864 5835 1107 5907 Gyraldi.
1129 5834 1256 5890 Julii
1290 5835 1579 5905 Scaligeri,
1601 5836 1719 5897 Dei-

1817 4667 1942 4707 cmn
1987 4651 2134 4715 dico,
2178 4665 2310 4705 cave
2334 4665 2458 4704 cum
2500 4647 2691 4703 Jonsio
2729 4660 2782 4702 et
2829 4644 3072 4702 σοῖσι-(1ο
3106 4644 3301 4698 Vossio
3336 4652 3393 4698 et

1817 4744 2066 4816 Menagio
2094 4743 2164 4798 ad
2201 4742 2422 4815 Olymp.
2472 4757 2620 4797 essu
2668 4741 2851 4796 Ionem
2885 4738 3089 4794 Chium
3141 4737 3391 4808 rejicias.

1816 4836 1909 4907 qui
1943 4836 1996 4890 in
2022 4829 2458 4891 erubescendum
2481 4847 2725 4887 errorem
2755 4830 3069 4886 inciderunt
3103 4829 3291 4893 inscii,

1924 4927 1991 4981 Et
2021 4929 2255 4999 graviter
2277 4927 2456 4997 magni
2490 4942 2681 4997 magno
2710 4924 2945 4983 cecidere
2975 4926 3045 4979 ibi
3077 4940 3207 4979 casu
3241 4937 3261 4977 :

1818 5021 1888 5076 ab
1925 5020 2210 5074 hominum
2242 5019 2563 5075 {utilissimo
2587 5017 2814 5074 Emilio
2844 5017 3012 5074 Porto
3041 5016 3275 5085 decepti,
3297 5015 3393 5084 qui

1820 5111 2004 5167 Suidm
2029 5111 2221 5177 verba,
2247 5105 2492 5181 Ἤρξατο
2534 5109 2635 5173 τὰς
2659 5108 2970 5181 τραγῳδΐας
2997 5108 3270 5160 διδάσκειν
3298 5104 3394 5156 ἐπὶ

1816 5201 1916 5271 τῆς
1940 5200 2029 5270 πβ⁰
2074 5200 2461 5273 Ὀλυμπιάδος,
2509 5201 2584 5255 ita
2629 5199 2822 5254 Latina
2859 5198 3008 5274 fecit,
3049 5204 3312 5268 tanquam
3342 5196 3394 5250 si

1818 5290 1911 5345 lou
1946 5290 2161 5363 Olymp.
2194 5308 2340 5347 Lxxu
2365 5292 2608 5347 scribere
2635 5290 2917 5359 cmpissot.
2952 5286 3137 5357 Atqui,
3165 5302 3198 5340 ο
3225 5284 3392 5348 bone.

1820 5380 1910 5452 πβ⁹
1940 5390 2070 5436 sunt
2095 5397 2283 5437 uult
2323 5399 2335 5435 :
2378 5394 2430 5436 et
2461 5380 2798 5437 scholiastes
2828 5376 3025 5432 comici
3058 5392 3168 5431 non
3199 5391 3395 5431 nume-

1818 5490 2005 5529 rorum
2059 5483 2244 5538 notas,
2274 5489 2462 5529 verum
2517 5474 2728 5542 integra
2784 5471 2950 5524 verba
3010 5468 3248 5535 exhibet,
3302 5468 3399 5523 ἐπὶ

1817 5565 2184 5638 ὀγδοηκοστῆς
2213 5565 2309 5620 καὶ
2331 5564 2589 5636 δευτέρας
2604 5562 2989 5633 Ὀλυμπιάδος.
3019 5558 3200 5618 Facile
3230 5561 3398 5633 igitur

1820 5673 1919 5728 per
1948 5667 2165 5729 aetatem
2200 5658 2411 5713 licitum
2468 5664 2575 5723 est,
2624 5670 2785 5711 usum
2839 5664 2894 5709 et
2937 5655 3396 5711 consuetudinem

1821 5748 1937 5803 loni
1973 5751 2113 5806 Chio
2141 5765 2268 5805 cum
2322 5747 2549 5805 Socrate
2593 5747 2785 5804 fuisse.
2816 5745 2961 5814 Quin
3006 5750 3125 5816 ipse
3156 5746 3211 5799 in
3276 5745 3400 5799 suis

1823 5842 2046 5912 scriptis
2080 5840 2332 5898 Socratis
2364 5842 2696 5898 mentionem
2737 5841 2885 5896 fecit.
2915 5838 3186 5910 Diogenes
3210 5836 3398 5890 Laert.
