3776 6204
483 406 589 469 767

1389 404 1488 503 ΠΕ
1522 403 1846 467 JOANNIS
1882 405 2026 465 MAI

2148 403 2215 464 Β·
2236 401 2916 465 CHRONOGRAPHIA.
3588 410 3663 473 illi

486 522 625 578 Volis
649 562 666 589 ,
708 518 1023 591 Χαιρεφῶν,
1045 516 1346 590 Κυρηϐίων
1368 560 1382 585 ,
1419 519 1535 589 jam
1566 536 1673 575 non
1701 518 2026 591 Chaerephor

2148 571 2151 580 _
2183 527 2272 574 tur
2298 516 2510 583 Αὐλέας
2568 521 2599 573 6
2644 518 2958 589 σοφώτατος
2993 516 3062 574 de
3112 516 3444 591 Endymione.
3476 538 3603 592 quem
3625 530 3663 581 iu

486 617 556 669 tis
614 612 779 669 verba
835 610 1038 687 forent,
1066 625 1191 682 quae
1228 610 1477 666 Athenaei
1510 612 1784 667 sententia
1808 621 1931 679 est;
1972 611 2069 668 sed

483 703 831 775 Cyrebionis.
866 702 1006 758 lllud
1037 710 1222 757 autem
1272 702 1568 758 exordium
1614 702 2068 774 Τριαγμοῦιιοη-

482 798 611 849 dum
637 810 666 848 a
694 794 833 849 viris
860 794 1041 849 doctis
1073 793 1429 849 emendatum
1483 809 1608 850 esse
1639 795 1912 860 demiror;
1946 794 2063 865 qui,

470 884 584 939 etsi
617 883 970 940 dissimulant
1016 890 1072 937 et
1126 890 1401 947 mussant,
1444 882 1603 952 juxta
1632 881 1686 937 id
1727 882 2064 954 intelligunt,

481 992 546 1030 ac
578 977 625 1032 si
655 977 707 1030 in
740 975 919 1031 Ovidii
982 973 1172 1029 Getica
1223 973 1569 1030 incidissent.
1601 973 1686 1029 Me
1725 986 1954 1030 auctore
1981 975 2065 1028 sic

482 1070 602 1138 lege
638 1085 651 1122 :
680 1065 852 1139 Ἀρχὴ
881 1067 938 1120 δέ
968 1083 1060 1137 μοι
1092 1065 1188 1120 τοῦ
1218 1066 1380 1135 λόγου
1423 1067 1609 1121 Πάντα
1632 1071 1782 1137 τρία,
1820 1068 1910 1122 καὶ
1940 1066 2064 1122 οὔτε

426 1184 435 1191 ·
481 1160 643 1214 πλέον
669 1159 792 1214 οὒτε
856 1158 1085 1214 ἔλασσον
1148 1158 1361 1214 τούτων
1409 1160 1578 1231 τριῶν
1633 1160 1781 1225 Ἐνὸς
1830 1162 2061 1237 ἑκάστου

477 1251 668 1324 ἀρετὴ,
697 1251 892 1323 τριάς*
939 1250 1176 1316 σύνεσις,
1212 1251 1438 1323 κράτος,
1488 1253 1585 1305 καὶ
1621 1250 1783 1323 τύχη.
1820 1250 1922 1307 Ubi
1949 1254 2065 1307 sin-

476 1345 603 1415 gula
642 1342 863 1413 quidem
896 1344 1062 1399 verba
1109 1351 1240 1398 sunt
1257 1344 1575 1399 communia
1606 1360 1620 1397 :
1650 1344 1743 1414 qui
1778 1353 1961 1400 tamen
1994 1360 2062 1400 ex

477 1439 597 1507 ipso
642 1436 967 1490 charactere
998 1444 1053 1490 et
1093 1432 1270 1489 forma
1312 1435 1529 1491 dicendi
1569 1449 1678 1491 non
1716 1436 1884 1492 sentit
1911 1435 2055 1491 Ioui-

473 1540 674 1588 smum,
709 1525 1058 1580 nihilsentit.
1116 1523 1193 1580 De
1213 1524 1449 1596 Epigeue
1489 1541 1641 1590 vero,
1674 1541 1783 1596 quo
1813 1541 1900 1581 me
1937 1541 2060 1581 ver-

2174 617 2362 665 monte
2385 609 2566 665 Cariae
2614 611 2741 664 luna
2777 610 3112 681 consopivit,
3144 619 3203 665 ut
3230 626 3346 667 eum
3381 613 3664 674 dormientem

2171 701 2541 773 oscularetur.
2601 698 2867 772 Suspicor
2919 711 2974 757 et
3033 702 3125 758 hic
3179 717 3385 775 quoque
3435 696 3682 777 signiﬁcari.

2171 789 2519 862 Eschylum,
2569 792 2663 862 qui
2719 792 2775 847 in
2822 791 3007 847 fabula
3072 792 3297 848 Curibus
3348 794 3450 850 sive
3509 796 3667 869 Europa

2170 897 2279 937 non
2303 883 2482 953 potuit
2506 898 2616 939 non
2637 898 2756 939 eam
2784 884 3069 940 historiam
3102 884 3518 956 attingereJllud
3535 902 3666 947 autem

2147 992 2339 1048 'quam
2370 977 2532 1049 longe
2563 977 2721 1033 abest
2752 991 2785 1031 a
2832 991 2984 1044 vero,
3013 975 3160 1047 quod
3200 976 3495 1049 Aiscliylmu
3528 993 3667 1038 narrat

2167 1071 2408 1139 primum
2480 1070 2794 1126 instituisse
2850 1069 3056 1124 choros
3102 1069 3376 1139 tragicos?
3429 1070 3466 1125 E
3506 1073 3666 1129 diverso

2166 1170 2355 1233 partes
2387 1161 2567 1225 chori,
2601 1169 2765 1216 antea
2808 1175 2975 1231 quam
3003 1158 3295 1232 [Escbylus
3339 1163 3590 1232 tragoalias
3612 1164 3668 1219 iac

2164 1261 2338 1317 ceret,
2381 1261 2542 1307 erant
2592 1253 2767 1308 altero
2821 1259 2981 1306 tanto
3039 1251 3334 1323 longiores.
3381 1268 3523 1324 quam
3559 1264 3661 1324 post.

2166 1343 2273 1398 Sed
2307 1358 2371 1399 ea
2392 1357 2479 1399 res
2504 1343 2612 1398 nisi
2643 1326 2900 1412 pluribus
2924 1341 3110 1397 verbis
3131 1342 3382 1412 explicari
3410 1359 3502 1397 nou
3517 1353 3660 1413 potest:

2163 1444 2276 1492 tota
2314 1435 2427 1493 fere
2479 1452 2661 1492 scenae
2691 1436 2834 1491 ratio
2890 1443 2947 1491 et
2992 1435 3220 1490 historia
3253 1445 3334 1491 est
3362 1436 3661 1492 illustranda:

2161 1528 2476 1597 complures
2514 1535 2808 1582 auctorum
2842 1526 2948 1582 loci
2980 1540 3091 1596 qua
3122 1525 3437 1595 corrigendi,
3458 1540 3546 1595 qua
3565 1542 3663 1581 noro

472 1627 584 1672 tam
617 1617 830 1683 nescio,
862 1617 933 1671 ita
970 1632 1059 1672 res
1083 1624 1138 1672 et
1180 1617 1309 1673 hinc
1334 1626 1388 1671 et
1420 1619 1547 1673 inde
1580 1634 1835 1689 magnam
1895 1618 2058 1673 habet
2160 1616 2324 1673 modo
2364 1617 2762 1688 interpretandi
2792 1634 2807 1671 :
2843 1617 3005 1672 multi
3056 1630 3273 1671 errores
3301 1617 3568 1681 amovendi,
3584 1618 3661 1686 jam

471 1709 867 1768 difﬁcultatem.
895 1707 1030 1763 Nam
1062 1723 1193 1763 ecce
1227 1707 1327 1761 tibi
1367 1707 1571 1763 Suidas
1609 1727 1623 1763 :
1662 1709 1754 1779 qui
1783 1724 1894 1764 non
1926 1709 2055 1780 Epi-
2158 1710 2278 1780 ipsa
2312 1719 2591 1765 vetustate
2620 1710 2813 1766 caniet
2835 1709 3203 1766 venerabiles.
3232 1707 3391 1764 Nemo
3418 1708 3538 1764 enim
3561 1724 3660 1762 unus

468 1818 687 1872 genem,
722 1801 817 1858 sed
844 1799 1124 1870 Orpheum
1186 1807 1465 1855 auctorem
1522 1798 1689 1856 faciat
1730 1801 2053 1873 Τριαγμῶν.
2087 1857 2128 1873 _
2157 1814 2221 1854 ex
2256 1799 2485 1855 cohorte
2513 1800 2887 1867 eruditorum,
2923 1798 3021 1869 qui
3065 1798 3120 1852 in
3157 1814 3224 1855 eo
3257 1805 3547 1870 argumento
3573 1809 3659 1852 tan-

468 1857 727 1966 :JOpcpsb'm
762 1857 965 1962 inquii,
986 1890 1193 1964 ἔγραψε
1224 1892 1567 1963 Τριαγμοὺς,
1591 1857 1811 1961 λέγεται
1832 1857 1897 1946 δὲ.
1913 1857 2026 1947 sive

2158 1901 2344 1961 topere
2375 1891 2716 1958 laborarunt,
2743 1857 2891 1947 scire
2909 1857 3093 1947 adhuc
3116 1857 3450 1963 potuit,quid
3470 1888 3659 1960 Thespis,

471 1987 659 2050 Ἴωνος
707 1984 802 2040 τοῦ
856 1983 1161 2058 Τραγικοῢ.
1235 1983 1485 2053 Cumque
1539 1983 1835 2056 Epigenem
1895 1985 2026 2040 vider

2155 1983 2286 2054 quid
2330 1982 2631 2055 Eschylus
2663 1991 2720 2039 et
2752 1983 3065 2053 Sophocles
3117 1984 3350 2039 inventis
3387 1981 3659 2038 addiderunt.

467 2076 876 2133 enarrationem
912 2075 1114 2146 Orphei
1157 2074 1377 2139 fecisse,
1400 2075 1672 2132 Clementi
1694 2086 2052 2131 memoratam

469 2171 687 2240 Στρωμ.
749 2186 790 2226 ι.
855 2169 1150 2240 Ἐπιγένης
1189 2171 1247 2221 ἐν
1301 2170 1419 2234 τοῖς
1446 2168 1577 2239 περὶ
1609 2168 1709 2237 τῆς
1739 2170 1821 2232 είς
1849 2167 2053 2237 Ὀρφέα

468 2263 743 2332 ποιήσεως
765 2260 1074 2334 Κέρκωπος
1095 2256 1240 2328 ,εἶναι
1255 2260 1405 2330 λέγει
1432 2260 1528 2314 τοῦ
1551 2259 1921 2331 Πυθαγορείου
1951 2259 2053 2329 τὴν

463 2355 544 2415 είς
572 2351 736 2425 ’ᾼδου
772 2351 1097 2406 Κατάὸασιν
1122 2351 1216 2407 καὶ
1248 2353 1341 2405 τὸν
1382 2352 1550 2424 Ἱερὸν
1593 2352 1772 2421 λόγον.
1800 2350 2050 2419 (Proelus

465 2451 647 2496 tamen
674 2442 728 2498 in
764 2442 1018 2498 Tima'um
1054 2443 1148 2499 lib.
1180 2459 1233 2507 v,
1265 2444 1445 2514 ipsum
1487 2443 1852 2515 Pythagoram
1884 2443 2049 2513 hujus

464 2541 746 2589 auctorem
776 2535 983 2591 laudat.
1031 2537 1102 2590 Ἀ
1129 2536 1261 2607 γὰρ,
1295 2536 1394 2600 ait,
1440 2534 1674 2608 Ὀρφεὺς
1707 2536 1774 2588 δι’
1807 2536 2050 2608 ἀπορῤή’

376 2688 381 2693 ,
462 2642 571 2678 των
589 2625 765 2694 λόγων
803 2626 1083 2696 μυστικῶς
1112 2627 1486 2699 παραδέδωκε,
1516 2627 1688 2682 ταῦτα
1724 2627 2048 2699 Πυθαγόρας

461 2715 749 2787 ἐξέμαθεν.
806 2718 1122 2789 όργιασθεὶς
1183 2722 1242 2773 ὲν
1285 2719 1610 2790 Δειόἡθροις
1637 2721 1748 2782 τοῖς
1787 2720 2046 2791 Θρᾳκίοις

461 2809 829 2880 Ἀγλαοφάμω
896 2811 1125 2866 τελεστὰ
1185 2811 1581 2883 μεταδιδόντος,
1629 2810 1697 2883 ῆν
1737 2812 1866 2880 περὶ
1894 2810 2046 2887 Θειῆγ

462 2900 695 2970 Ὀρφεὺς
728 2899 924 2969 σοφίαν
954 2900 1108 2970 παρὰ
1137 2901 1454 2972 Καλλιόπης
1474 2900 1574 2969 τῆς
1603 2900 1839 2974 μητέρος
1859 2900 2046 2958 ὲπινύς

459 2986 595 3056 σθηο
627 2986 813 3040 Ταῦτα
856 2988 965 3057 γάρ
1022 3005 1190 3059 φησιν
1218 2991 1247 3043 6
1289 2989 1618 3062 Πυθαγόρας
1661 2992 1719 3044 ὲν
1756 2989 1833 3061 τῷ
1874 2989 2040 3063 λόγῳ.

461 3075 617 3134 Unde
642 3087 860 3134 constat
934 3079 1123 3152 Ἰερδν,
1157 3089 1218 3136 ut
1272 3081 1377 3136 alia
1413 3083 1617 3153 scripta
1655 3081 2038 3155 Pythagorica,

459 3170 695 3226 dialecto
720 3169 918 3227 Dorica
954 3170 1129 3229 fuisse
1166 3174 1561 3242 compositura)
1585 3183 1714 3230 etv.
1748 3176 2041 3249 Ἐπιγένης
2066 3207 2111 3267 ο

457 3263 516 3315 ἐν
552 3260 631 3331 τῷ
666 3260 912 3334 περὶτῆς
931 3263 1176 3332 Ὀρφέως
1200 3265 1473 3335 ποιήσεως
1512 3264 1581 3319 τὰ
1611 3265 1881 3331 ἰδιάζοντα
1908 3268 2041 3338 παρ’

366 3417 378 3431 .
430 3351 651 3422 η’(ὶρφεῖ
698 3352 1049 3424 ἐκτιθέμενός
1098 3371 1253 3425 φησι,
1300 3355 1537 3428 Κερκίσι
1583 3355 2036 3429 καμπυλόχρωσι,

455 3445 571 3507 τοῖς
632 3445 885 3515 ἀρότροις
930 3446 1255 3517 μηνύεσθαι,
1287 3456 1395 3502 etc.
1431 3446 1566 3503 Cum
1612 3449 1747 3513 hare,
1789 3448 2033 3518 inquam,

459 3536 596 3607 lego,
629 3537 1027 3607 propemodum
1079 3538 1325 3595 adducor
1370 3539 1423 3595 in
1454 3555 1575 3595 eam
1610 3540 1944 3610 Opinionem.
1979 3547 2038 3594 ut

458 3626 855 3698 llarpocration
889 3630 994 3683 hoc
1013 3630 1265 3701 exemplo
1313 3631 1599 3701 scripserit
1636 3632 1805 3703 εὸπερ
1833 3631 2039 3686 Καλλί-

459 3739 629 3795 μαχος
652 3722 1028 3791 ἀντιλέγεσθαί
1053 3739 1241 3795 φησιν,
1268 3723 1344 3786 ὡς
1383 3729 1479 3777 καὶ
1510 3724 1820 3797 Ἐπιγένης.
1849 3723 1961 3797 [69]
1995 3724 2036 3779 Ε

454 3815 678 3870 diverso
727 3814 821 3870 ubi
875 3814 1010 3869 illud
1046 3816 1195 3869 venit
1237 3815 1293 3869 in
1343 3824 1606 3880 mentem,
1637 3814 1837 3887 Orphei
1862 3816 2035 3887 ipsius

454 3914 509 3959 ct
544 3904 867 3976 Pythagorae
917 3921 1138 3976 quoque
1201 3906 1537 3961 mentionem
1588 3904 1787 3961 factam
1819 3922 1944 3963 esse
1976 3907 2033 3963 in

455 3996 565 4053 illis
586 3997 911 4067 Τριαγμοῖς,
944 3997 1204 4052 continuo
1227 3995 1555 4051 sententiam
1581 4012 1701 4051 eam
1726 3998 1949 4068 abjicio,
1978 4006 2034 4054 et

456 4087 731 4141 manifesti
783 4088 991 4143 erroris
1056 4088 1283 4143 Suidam
1315 4102 1507 4159 arguo.
1546 4089 1796 4145 Clemens
1826 4091 1956 4163 Στρ.
1991 4108 2030 4147 ι.

459 4176 584 4229 Ἴων
614 4176 670 4229 δὲ
689 4178 718 4229 6
750 4178 881 4240 Χῖος
913 4180 972 4231 ὲν
1000 4181 1115 4243 τοῖς
1149 4179 1458 4250 Τριαγμοῖς
1480 4182 1575 4235 καὶ
1603 4181 1925 4256 Πυθαγόραν
1950 4186 2031 4250 είς

452 4267 656 4338 Ὀρφέα
676 4269 990 4337 ἀνενεγκεῖν
1017 4287 1139 4324 τινα
1202 4269 1426 4344 ἱστορεῖ.
1460 4280 1514 4328 et
1544 4274 1811 4345 Diogenes
1845 4274 2027 4334 Laert.

458 4360 583 4413 Ἴων
605 4360 662 4415 δὲ
686 4362 714 4415 6
729 4362 858 4427 Χῖος
881 4364 938 4416 ὲν
966 4364 1079 4428 τοῖς
1095 4363 1398 4437 Τριαγμοῖς
1414 4384 1580 4438 φησιν
1605 4369 1769 4422 αὐτὸν
1790 4369 1904 4440 (τὸν
1921 4372 2035 4426 Πυ-

453 4449 712 4523 θαγόραν)
733 4451 850 4506 ἔνια
884 4454 1189 4527 ποιήσαντα
1213 4457 1525 4528 ἀνενεγκεῖν
1564 4460 1644 4524 είς
1673 4459 1898 4534 Ὀρφέα.
1931 4462 2031 4517 Ita-

2154 2075 2348 2145 Itaque
2376 2087 2482 2130 tam
2538 2075 2731 2132 odiosa
2786 2074 3197 2147 disceptatione
3242 2076 3494 2147 patienter
3527 2088 3659 2129 carere

2153 2167 2339 2236 pdSsis
2365 2166 2421 2221 in
2447 2168 2739 2237 praesentia
2777 2183 2792 2221 :
2826 2168 2947 2223 imo
2981 2182 3181 2224 vereor
3209 2175 3266 2220 ut
3293 2165 3422 2221 citra
3450 2165 3657 2221 fastidium

2151 2256 2441 2327 epistolam
2475 2259 2747 2329 perlegas,
2774 2257 2892 2331 [70]
2945 2259 3113 2315 etiam
3146 2258 3348 2328 absque
3374 2259 3470 2313 ista
3490 2272 3652 2312 concer-

2151 2349 2362 2404 tatione
2384 2349 2615 2404 nimium
2646 2350 2961 2421 loquacem.
2987 2351 3074 2408 Me
3105 2352 3322 2424 quidem
3347 2358 3397 2407 et
3422 2365 3559 2406 mora:
3576 2364 3657 2421 per.

2152 2446 2344 2495 laesum
2377 2448 2462 2496 est
2484 2448 2538 2496 et
2568 2442 2925 2511 ineptiarum.

2219 2531 2350 2603 Pag.
2387 2532 2515 2587 214.
2547 2534 2883 2605 Στησίχορος
2907 2535 3011 2589 καὶ
3042 2535 3392 2607 Βακχυλίδης,
3411 2530 3653 2606 οἳῆσανόρσ

2149 2625 2363 2697 χήσεως
2392 2627 2618 2697 εὑρεταὶ
2652 2627 2746 2682 καὶ
2770 2629 3024 2701 ποιηταί.
3057 2630 3199 2697 Quid
3216 2629 3438 2685 narras?
3464 2628 3652 2683 nimirum

2149 2726 2341 2773 nostra
2374 2732 2476 2773 nos
2506 2718 2695 2789 opinio
2731 2719 2949 2785 fefellit,
2970 2720 3070 2793 qui
3094 2719 3419 2777 credidimus
3447 2728 3493 2774 te
3519 2717 3653 2771 Antio-

2147 2807 2287 2863 chia:
2338 2822 2463 2863 esse
2511 2816 2726 2862 natum.
2767 2803 3059 2880 Siquidem
3104 2818 3296 2865 auctor
3334 2793 3411 2866 est
3448 2806 3650 2862 Luciauus

2116 2896 2117 2899 “
2146 2899 2549 2955 Antiochenses
2575 2898 2645 2956 de
2674 2901 3039 2959 saltatoribus
3069 2903 3275 2974 optime
3316 2903 3528 2958 omnium
3545 2895 3651 2969 judi-

2145 3003 2272 3045 care
2296 2989 2582 3060 potnisse:
2619 2999 2673 3047 te
2698 3000 2879 3047 autem
2908 3007 3040 3049 cum
3068 2993 3299 3048 aliarum
3327 2992 3553 3057 omnium,
3570 2995 3650 3043 tum

2145 3080 2312 3152 hujus
2340 3080 2475 3138 artis
2494 3080 2972 3153 imperitissimum
3001 3084 3281 3141 videmus.
3298 3083 3439 3155 Rogo
3454 3093 3516 3146 te,
3534 3082 3650 3136 homo

2143 3170 2426 3226 hominum
2456 3171 2835 3242 ignavissime,
2872 3188 3238 3245 nunquamne
3260 3188 3436 3229 sacras
3465 3169 3650 3240 Scriptu-

2147 3276 2241 3316 ras
2267 3262 2572 3318 lectitasti?
2606 3277 2793 3320 nonne
2828 3264 2903 3330 ibi
2931 3264 3207 3337 frequens
3236 3263 3516 3323 saltationis
3543 3273 3650 3314 men-

2148 3353 2224 3408 tio
2249 3353 2342 3407 diu
2367 3352 2598 3423 diuque,
2637 3361 2940 3425 antequam
2980 3354 3340 3412 Stesichorus
3360 3342 3649 3409 nasceretur?

2145 3442 2323 3513 quid?
2358 3459 2426 3500 ne
2457 3442 2757 3501 Homerum
2780 3446 3003 3516 quidem
3042 3463 3145 3519 per
3174 3448 3501 3505 transennam
3534 3453 3646 3508 8599‘

2144 3534 2276 3590 xisti
2296 3534 2449 3604 ‘ljam
2472 3548 2606 3605 ergo
2631 3549 2754 3590 eum
2789 3535 2983 3593 audias
3017 3538 3147 3594 licet
3171 3555 3189 3594 :

2156 3626 2513 3696 Ὀρχηστὺς,
2540 3626 2749 3698 μολπή
2773 3644 2858 3694 τε,
2915 3628 3109 3701 τάπερ
3138 3628 3189 3685 τ’
3226 3620 3647 3769 (ir-adiutaadiu-

2146 3766 2351 3842 ζΛμφ
2371 3766 2491 3842 μὲν
2512 3766 2622 3835 γὰρ
2644 3766 2830 3842 ἕᾷωκξ
2857 3769 2992 3842 θεὸς
3015 3770 3317 3842 πολεμήϊα
3335 3771 3481 3842 ἔργαι

2145 3836 2348 3901 Ἀλλῳ
2371 3836 2425 3889 δ’
2447 3838 2774 3906 ὀρχηστὺν,
2792 3837 2973 3908 ἑτέρῳ
3001 3836 3249 3912 adadp-cf
3271 3836 3571 3904 xaidowijr.

2143 3927 2269 3984 Scio
2298 3935 2480 3984 tamen
2519 3927 2652 4000 quid
2710 3930 2768 3985 in
2827 3930 3079 3988 fraudem
3123 3942 3178 3991 te
3236 3932 3459 4003 impulit,
3503 3938 3644 3995 nempo

2138 4034 2340 4076 nomen
2390 4018 2719 4087 Stesichori,
2764 4029 3029 4093 tanquam
3080 4026 3126 4082 si
3189 4025 3394 4097 primus
3443 4020 3643 4090 ἐστήσατο

2138 4108 2368 4181 χορούς·
2416 4116 2472 4164 et
2533 4121 2785 4180 poemata
2840 4114 3096 4184 quaedam
3150 4113 3505 4187 Bacchylidis,
3556 4121 3641 4178 qua

2154 4200 2395 4272 Ὑπορχὴ
2405 4217 2551 4272 ματα
2578 4201 2843 4274 inscripta
2867 4214 3021 4269 sunt,
3063 4212 3120 4262 et
3151 4222 3183 4262 a
3212 4204 3416 4262 Stobteo
3439 4204 3638 4260 citantur.

2135 4298 2193 4347 et
2244 4291 2509 4347 Athenaeo
2558 4291 2655 4349 lib.
2696 4309 2809 4348 XIV.
2853 4294 2919 4348 Ἦ
2956 4296 3014 4349 δὲ
3067 4294 3472 4369 ὑπορχηματική
3517 4293 3636 4348 ἐστιν,

2136 4382 2195 4435 ὲν
2242 4374 2277 4457 ᾗ
2334 4380 2476 4454 ᾅδων
2516 4383 2545 4435 6
2606 4382 2764 4455 χορὸς
2802 4384 3078 4456 ὀρχεῖται·
3114 4387 3253 4458 φησῖ
3270 4385 3394 4455 γοῦν
3428 4382 3637 4447 680.110-

2134 4469 2315 4544 λίδης·
2347 4470 2458 4542 οὐχ
2486 4472 2642 4544 ἕδρος
2700 4474 2863 4545 ἔργον
2927 4476 3037 4529 οὐδ’
3080 4476 3344 4549 ἀμϐολᾶς.
3388 4473 3540 4529 Locus
3569 4466 3637 4520 ali-

449 4559 557 4641 que
590 4553 802 4601 constat
822 4546 1057 4641 Suidami
1079 4548 1398 4606 alterutrius
1434 4551 1598 4607 verba
1618 4567 1901 4625 perperam
1931 4571 2026 4613 ce-
2060 4570 2105 4626 υ
2134 4570 2344 4632 quanto
2374 4562 2641 4634 integrior
2671 4572 2756 4620 est
2788 4565 2933 4636 apud
2991 4546 3313 4641 Dionysium
3351 4564 3633 4620 Halicarnar

450 4637 599 4705 pisse
630 4655 644 4693 :
680 4645 734 4693 et
764 4640 1134 4709 prazstabilius
1164 4649 1247 4697 est
1276 4650 1549 4712 receptam
1575 4643 2030 4716 liarpocratiouis

451 4727 738 4782 lectionem
767 4738 972 4785 sartam
1002 4739 1056 4787 et
1089 4740 1289 4788 tectam
1313 4734 1478 4789 tueri.
1521 4733 1726 4808 Nempe
1755 4749 1812 4792 ut
1850 4743 2032 4810 suspi-

449 4831 547 4868 cor
570 4816 691 4870 libri
740 4816 1001 4889 Epigenis
1031 4838 1155 4877 cum
1187 4822 1334 4881 Ionis
1378 4826 1603 4897 scriptis
1630 4828 1911 4898 conjuncti
1952 4832 2030 4889 fe-

454 4907 718 4962 rebantur
749 4910 837 4966 :is
869 4913 1013 4966 enim
1059 4917 1517 4973 commentarium
1551 4919 1755 4977 fecerat
1784 4924 1837 4978 in
1877 4924 2028 4981 lonis

454 4992 803 5067 Tragoedias;
835 5001 977 5070 quod
1010 5004 1158 5061 scias
1190 5006 1245 5060 in
1300 5009 1562 5065 Athenaeo
1602 5013 1697 5066 lib.
1721 5030 1797 5079 si,
1824 5030 1944 5086 cap.
1970 5018 2024 5084 5,

448 5098 508 5146 ut
529 5090 663 5146 nihil
706 5091 826 5147 miri
857 5094 952 5158 sit,
974 5093 1019 5150 si
1049 5095 1422 5165 librariorum,
1456 5103 1550 5172 qui
1581 5106 1767 5159 omnia
1805 5117 2027 5177 pertur-

449 5185 581 5241 bant
612 5192 666 5240 et
686 5186 948 5255 miscent,
980 5188 1073 5242 alii
1100 5196 1363 5261 tanquam
1397 5192 1550 5251 Ionis
1599 5196 1916 5269 Τριαγμοὺς
1951 5201 2029 5256 in-

447 5278 800 5351 scripserint,
838 5280 932 5337 alii
964 5288 1024 5339 ut
1053 5280 1338 5355 Epigenis.

515 5372 646 5445 Pag.
688 5374 809 5431 181.
877 5378 989 5431 Καὶ
1029 5377 1171 5446 μετὰ
1233 5379 1428 5436 Μίνωα
1481 5383 1690 5451 Λύλέας
1725 5376 2026 5459 τραγικοὺς

444 5465 645 5534 χοροὺς
676 5465 971 5538 δραμάτων
1008 5471 1407 5544 συνεγράψατο.
1448 5473 1756 5534 Permirum
1790 5480 2026 5539 fortasse

444 5546 719 5621 videatur,
753 5556 884 5614 Milli
930 5559 1273 5628 doctissime,
1307 5566 1682 5623 tenebrionem
1717 5569 1870 5626 illum
1911 5572 2025 5626 Au-

448 5643 585 5695 lcam
627 5648 726 5711 pro
753 5648 1020 5723 Eschylo
1046 5669 1076 5708 a
1099 5653 1317 5713 Joanne
1350 5658 1479 5715 dici.
1518 5660 1659 5728 Quid
1703 5670 1884 5717 autem
1926 5662 2023 5717 ad-

447 5733 758 5823 mirationis
801 5740 983 5809 habet,
1014 5759 1137 5799 cum
1177 5747 1229 5801 in
1276 5749 1534 5805 memoria
1581 5754 1703 5823 quis
1736 5760 2024 5808 tcneatltzt

450 5822 589 5883 alias
623 5823 1081 5889 hallucinatioucs
1132 5834 1409 5894 hominis?
1445 5822 1620 5895 Etiam
1679 5857 1732 5913 ιν.
1763 5841 1848 5910 73,
1889 5845 2024 5899 c’ta-

2132 4670 2349 4711 sensem
2376 4673 2391 4710 :
2417 4654 2719 4737 Οὐχβδρας
2742 4659 2923 4731 ἔργον,
2955 4660 3067 4715 οὐδ’
3089 4661 3353 4737 ἀμϐολᾶς,
3374 4657 3491 4714 ἀλλὰ
3509 4666 3634 4725 χρυσο

2131 4747 2340 4819 αἱγιδος
2400 4749 2638 4816 Ἰτωνίας
2681 4752 2786 4824 χρὴ
2821 4755 2953 4826 παρ’
2973 4755 3288 4809 εὐδαίδαλον
3305 4753 3422 4807 ναὸν
3442 4746 3636 4803 ἐλθόντας

2130 4838 2301 4912 ἁδρόν
2331 4858 2384 4894 τι
2412 4839 2603 4906 δεῖξαι.
2630 4840 2838 4899 Omnes
2866 4845 3070 4901 Cretici
3090 4854 3287 4917 praater
3312 4856 3464 4898 unum
3491 4834 3631 4908 pedem

2130 4931 2223 5000 qui
2284 4931 2338 4986 in
2395 4946 2637 5004 paeonem
2697 4936 2917 4991 solutus
2946 4945 3066 5004 est;
3104 4937 3239 4992 adeo
3280 4942 3358 4997 ut,
3387 4944 3493 4988 cum
3525 4926 3630 4979 hunc

2130 5024 2314 5079 locum
2354 5026 2496 5096 lego,
2533 5041 2721 5082 coram
2752 5030 2933 5086 oculis
2963 5031 3152 5087 videre
3193 5030 3372 5086 videar
3421 5026 3606 5091 ὑπορκου

2131 5117 2326 5190 μένους
2354 5127 2410 5174 et
2446 5120 2847 5199 subsultantes.
2899 5122 3012 5179 Nec
3053 5134 3235 5179 tamen
3260 5121 3491 5193 princeps
3515 5108 3628 5166 ϐίη·

2126 5219 2323 5265 ventor
2348 5198 2842 5283 hyporchematum
2907 5215 3298 5289 Bacchylides;
3337 5211 3444 5273 sed,
3473 5198 3625 5270 αιτιιιί·

2128 5302 2358 5359 busdam
2421 5305 2664 5371 videtur,
2709 5305 3017 5374 Pindarus;
3052 5318 3112 5365 ut
3157 5308 3249 5365 alii
3280 5306 3470 5369 volunt,
3491 5297 3624 5353 Xeno.

2126 5394 2344 5451 damus.
2365 5395 2504 5452 Vide
2525 5398 2891 5466 Clementem,
2914 5399 3251 5466 Athenarum,
3272 5406 3324 5456 et
3337 5389 3618 5452 Plutarchum

2126 5501 2194 5537 πε
2204 5485 2256 5551 pl.
2287 5486 2592 5559 Μουσικῆς.

2196 5573 2326 5645 I‘ag.
2387 5576 2508 5630 1⁸55.
2578 5578 2840 5646 Γλαῦκος,
2899 5580 3147 5653 ίσχυρδς,
3200 5576 3458 5649 φρόνιμος,
3502 5566 3615 5620 εὐσε-

2126 5663 2245 5735 ϐής.
2278 5667 2475 5738 Atqui,
2527 5686 2561 5725 ο
2607 5670 2820 5740 Malala,
2888 5683 3101 5729 tantum
3158 5673 3326 5733 abest,
3373 5673 3425 5721 ut
3457 5660 3617 5727 sapit!“

2128 5756 2294 5813 fuerit
2346 5759 2447 5815 iste
2501 5760 2762 5830 Giaucus,
2801 5774 2860 5819 ut
2912 5765 3035 5836 ejus
3096 5779 3285 5819 nomen
3324 5759 3372 5813 in
3403 5743 3613 5825 ριόνθῐυίί

2126 5850 2581 5908 consuetudinem
2646 5856 2876 5922 venerit,
2932 5856 2997 5911 dc
3054 5855 3267 5910 homine
3311 5847 3611 5919 qualiiwest
3718 5902 3721 5905 λ
