3776 6204
79 275 152 340 760
1124 234 1492 329 EPISTDLA
1521 265 1729 325 men.
1767 262 2151 325 BENTLEII.

3185 263 3292 330 7⁸ἶο

82 395 148 465 qui
189 392 352 447 nescit
411 380 545 457 quid
597 385 671 439 sit
709 383 764 437 in
802 398 914 438 rem
941 399 1134 442 suam;
1178 385 1272 455 qui
1332 389 1610 454 permutat
1639 389 1680 443 Α
1717 381 1966 452 ποιητὴς,
1999 382 2140 449 ούχὸ
2175 383 2358 451 ῥήτωρ
2447 389 2501 435 et
2554 373 2919 451 Hieronymus
2950 398 2963 434 :
2993 379 3292 437 Dinarchus

129 482 337 552 Χρυσέα
358 478 678 550 χαλκείων,
703 476 1031 545 ἑκατόμϐοι’
1048 477 1429 532 ἐννεαϐοίων.

1707 486 2030 542 poeta,-non
2080 472 2278 526 rltetor.
2319 471 2393 527 De
2438 486 2547 542 quo
2603 472 2657 526 in
2717 472 2963 527 diversas
2993 482 3294 529 sententias

86 574 249 630 Sedest
300 570 418 645 |7Ij
465 570 652 640 potius
710 576 772 622 ut
823 568 1032 622 librarii
1088 568 1194 623 hoc
1236 582 1361 623 esse
1392 566 1607 622 facinus
1708 565 1891 619 ierunt
1918 565 2020 618 viri
2047 562 2215 618 docti.
2249 561 2423 617 Verba
2474 562 2730 619 Demetrii
2760 563 3022 633 Magnetis
3049 566 3102 619 in
3132 581 3296 635 opere

86 667 343 722 existimem
406 661 754 731 (praesertim
813 659 860 714 si
896 675 1004 714 non
1066 659 1209 714 idem
1257 658 1406 713 istud
1455 658 1608 725 ισχυ-

88 761 150 833 ρὶς
176 755 471 827 iterasses),
501 763 557 808 et
585 754 889 809 orationem
923 767 1046 807 esse
1089 752 1517 833 continuandam
1545 748 1610 803 ad

1708 655 1849 725 Περὶ
1867 654 1973 708 τῶν
2014 652 2349 723 Ὀμωνύμων
2377 653 2519 722 apud
2553 652 2871 725 Dionysium
2907 653 3080 708 IIalic.
3109 673 3121 708 :
3148 658 3295 709 Δειν-

1719 747 1910 817 άρχοις
1954 743 2378 812 δὲ.ὲνετύχομεν
2406 744 2717 814 τέτταρσιν,
2768 737 2842 797 ὧν
2869 747 3014 797 ἐστιν
3040 747 3070 800 6
3102 748 3199 813 μὲν
3230 751 3298 799 ἐκ

85 824 157 905 ioc
174 824 472 916 exemplum
508 862 520 897 :
552 844 766 906 Αἰνείας
787 841 1076 911 εύπὼγων,
1108 831 1344 910 ⁸ξλιὶιυκὸς
1372 838 1613 910 (caesius)

1815 853 1820 878 ν
1855 834 2102 908 ρητόρων
2152 824 2259 886 τῶν
2294 832 2556 885 ’Δττικῶν
2579 849 2592 862 ·
2634 833 2663 884 6
2696 830 2753 885 δὲ
2793 833 2891 894 τὰς
2916 835 3044 904 περὶ
3070 836 3293 905 Κρήτην

85 944 326 1013 φρόνιμος,
358 938 616 1010 εὐσεϐής.
649 939 905 1008 Agnosco
958 941 1103 1006 piunt
1148 937 1410 1002 Enr-am;
1455 946 1507 989 et
1541 934 1613 986 ita

1817 928 2022 997 αγήοχε
2048 923 2373 996 μυθολογίας
2390 940 2404 955 ο
2426 925 2454 976 ὁ
2478 923 2535 975 δὲ
2569 923 2937 994 πρεσϐύτερος
2970 925 3066 993 μὲν
3091 926 3297 995 ἀμφοῖν

82 1031 207 1101 plane
242 1025 483 1083 lsaacius
504 1024 946 1096 Porphyrogenet
960 1040 1045 1079 us.

126 1120 247 1175 Illud
281 1134 334 1189 p.
367 1117 495 1183 329,
516 1118 629 1170 Kal.
653 1117 963 1189 κατηνέχθη
985 1119 1012 1171 6
1037 1117 1222 1187 Σίμων
1244 1115 1334 1167 ἐπὶ
1357 1113 1456 1185 τὴν
1482 1113 1619 1166 πλα-

79 1213 196 1266 τείαν
250 1212 344 1265 καὶ
398 1210 666 1280 ἐψόφησε,
717 1209 857 1265 satis
889 1209 1110 1279 quidem
1149 1216 1515 1277 congruenter
1552 1205 1619 1258 ad

81 1303 434 1358 Hellenismum
476 1300 643 1355 vertit
669 1299 965 1368 interpres,
992 1298 1091 1354 sed
1142 1314 1247 1353 non
1280 1298 1529 1368 apposite
1554 1293 1621 1348 ad

79 1396 398 1452 sententiam.
432 1392 576 1459 Quid
615 1392 664 1447 si
690 1393 1120 1462 interpretemur
1151 1391 1214 1445 τὸ
1244 1390 1507 1461 ἑψόφησε,
1540 1395 1620 1452 ιιι,

79 1488 275 1558 quodin
310 1485 472 1554 ΝηΤ.
506 1485 577 1539 de
624 1483 764 1538 Juda
816 1483 1076 1539 lscariota
1115 1481 1320 1536 dictum
1352 1488 1458 1541 est,
1502 1477 1627 1531 ὲλά-

80 1596 187 1649 ιησε
225 1581 406 1649 μέσος,
443 1577 651 1646 crepuit
693 1575 941 1631 medius?
968 1572 1275 1644 Hesychius
1310 1588 1322 1624 :
1369 1571 1625 1629 Ἕλακεν,

1714 1017 1948 1083 τούτοιν,
1970 1018 2159 1087 Δήλιος
2179 1014 2236 1069 δὲ
2259 1014 2515 1083 τδ’γένος,
2543 1014 3111 1085 πεπραγματευμένος
3137 1016 3299 1070 τοῦτο

1720 1110 1819 1179 μὲν
1849 1108 1999 1173 ἔπος,
2027 1106 2185 1160 τοῦτο
2212 1106 2269 1159 δὲ
2297 1107 2557 1175 πρᾶγμα·
2592 1105 2848 1174 τέταρτος
2866 1104 2964 1157 δὲὸ
2984 1105 3297 1177 περὶὈμή-

1724 1215 1817 1269 ρου
1850 1197 2008 1265 λόγον
2065 1193 2448 1256 συντεθεικώς.
2486 1193 2551 1246 Et
2583 1194 2862 1250 Gcrardus
2917 1193 3299 1263 qttitlethos«

1722 1290 1916 1345 siusin
1948 1287 2210 1357 praeclaro
2266 1301 2432 1356 opere
2484 1284 2557 1340 De
2614 1284 2940 1341 Historicis:
2970 1285 3295 1351 Dinarchus,

1725 1380 1824 1443 ait,
1862 1377 2047 1432 Delius
2079 1376 2350 1431 Cretenses
2399 1376 2617 1444 fabulas
2671 1378 2901 1447 collegit,
2932 1387 2989 1430 ut
3026 1379 3299 1448 cognosci-

1726 1485 1842 1521 mus
1872 1482 1937 1522 ex
1967 1467 2224 1538 Dionysio
2248 1465 2377 1521 Hal.
2427 1465 2640 1520 Videtur
2691 1468 2826 1520 idem
2867 1468 3068 1536 signari
3091 1468 3158 1521 ab
3184 1466 3299 1520 Eu-

1726 1559 1893 1622 sebio,
1962 1558 2052 1612 ubi
2080 1557 2145 1612 de
2174 1558 2370 1612 Bacchi
2394 1559 2554 1627 gestis
2592 1558 2828 1628 loquens,
2886 1560 2987 1619 ait.
3024 1559 3122 1621 Ὣς
3166 1576 3302 1628 φησι

79 1672 354 1742 ἱψόφησεν·
395 1676 452 1724 et
496 1670 719 1733 Λακετν,
770 1667 1039 1739 ψοφῆσαι.
1083 1666 1285 1736 Pagina
1337 1673 1520 1717 autem
1563 1659 1629 1714 I6

1815 1651 2021 1720 ῐναρχος
2036 1650 2064 1702 6
2092 1649 2346 1721 ποιητὴς,
2368 1651 2466 1719 οὐχ
2486 1651 2514 1702 ὁ
2539 1651 2740 1719 ῥήτωρ.
2759 1650 3150 1704 Contionamus
3183 1651 3303 1718 qni-

80 1734 187 1817 tane
213 1734 535 1814 dormitavit
570 1734 869 1829 interpres,
895 1734 955 1813 ut
986 1758 1041 1812 in
1075 1734 1240 1827 opere
1264 1756 1428 1824 longo
1451 1761 1504 1807 et
1542 1751 1622 1805 in-

1819 1757 1849 1794 n
1884 1742 1935 1796 ei
1965 1740 2270 1812 ἁμάρτημα
2327 1740 2694 1810 μνημονικόν
2732 1757 2907 1809 neque
2937 1742 3080 1796 enim
3116 1740 3301 1795 Delius

78 1860 209 1920 grato
227 1851 381 1905 facile
399 1857 569 1921 queat
593 1855 834 1906 somnus
855 1848 1136 1918 obrepere.
1153 1847 1366 1917 Ἀχαΐα,
1385 1842 1621 1913 ΙῙεληνὴ,

79 1946 110 2013 ἢ
134 1942 427 2013 καλουμένη
476 1941 885 2012 Πελοπόννησος
906 1957 923 1973 ο
944 1939 1156 2003 ΑεΙιανα,
1198 1938 1417 1998 Pclena.
1440 1951 1557 2006 quae
1573 1942 1622 1988 et

93 2032 441 2103 Peloponnesus
468 2032 615 2085 dicta
638 2043 737 2086 est.
761 2033 1006 2088 Obsecro
1023 2033 1146 2103 quis
1162 2032 1306 2086 istud
1345 2031 1428 2084 vel
1461 2029 1625 2082 fando

94 2123 308 2176 audivit?
345 2122 536 2177 Scribe
587 2123 800 2192 Ἀχαΐα,
859 2123 1102 2194 Πελλήνη
1133 2131 1185 2177 et
1209 2130 1357 2176 verte
1408 2119 1622 2185 Achaca,

99 2212 289 2279 Pellene,
311 2225 362 2268 et
386 2230 504 2284 qua
544 2212 938 2284 Peloponnesus
971 2226 1210 2270 vocatur.
1267 2212 1508 2283 Πελλήνη
1541 2222 1626 2267 est

104 2304 270 2357 Adin
324 2305 477 2359 urbs.
542 2301 682 2359 Vide
743 2304 1107 2375 geographos.
1156 2301 1627 2374 Apolloniusﬁr-

110 2407 209 2462 gon.
231 2411 245 2447 ι
266 2413 280 2449 :

171 2484 435 2551 Ἀστέριος
453 2483 524 2537 δὲ
546 2485 647 2538 καὶ
691 2483 951 2555 Ἀμφίων
977 2485 1336 2554 Ὑπερασίου
1361 2482 1507 2554 υἷες,

153 2554 441 2621 Πελλήνης
470 2556 775 2623 ἀφίκανον
817 2555 1133 2624 Ἀχαιίδος.

100 2638 268 2698 Vereor
305 2660 373 2701 ne
393 2646 640 2715 putidum
668 2646 740 2703 sit
768 2645 1052 2711 adnotare,
1083 2646 1359 2711 Βούττιος,
1409 2646 1627 2711 Βόττιος

88 2742 131 2788 et
151 2735 374 2801 Βώττιος
394 2738 589 2793 vitiose
611 2738 719 2793 dici
747 2738 890 2807 apud
923 2737 1172 2793 Malalam
1205 2755 1302 2810 pro
1319 2739 1629 2811 Βρούττιος,

80 2828 177 2882 sive
212 2830 478 2900 Βρέττιος.
522 2818 638 2884 Hoc
686 2829 906 2900 quidem
949 2830 1291 2899 esploratum
1335 2838 1454 2898 est;
1504 2848 1628 2887 cum

77 2920 299 2974 eamdem
325 2921 483 2989 plane
509 2920 879 2977 narrationem
905 2935 969 2975 ex
993 2920 1184 2976 Brutio
1216 2921 1633 2981 allerantGeor-

96 3011 189 3078 gius
212 3012 669 3082 ctﬂieronymus.
700 3011 777 3065 Ita
819 3026 873 3081 p.
901 3011 1031 3077 200,
1057 3012 1233 3083 Θάλης
1261 3014 1357 3067 καὶ
1395 3015 1631 3086 Κάστωρ

99 3102 432 3168 semanimo;
462 3103 762 3173 depravata
792 3119 892 3173 pro
926 3103 1154 3168 Θάλλος.
1202 3103 1466 3160 Similiter
1486 3108 1631 3161 enim

99 3192 360 3261 Castorem,
389 3196 650 3250 Thallum
687 3201 745 3250 et
776 3195 1064 3267 Polybium
1084 3195 1152 3252 de
1182 3198 1346 3253 rebus
1372 3199 1631 3270 Assyria-

104 3284 156 3338 tis
177 3301 278 3340 una
305 3288 442 3343 citat
469 3278 778 3358 Sincellus.
813 3285 878 3340 Et
924 3286 1106 3342 adhuc
1136 3304 1192 3358 p.
1221 3288 1317 3344 I21
1375 3289 1634 3347 Callima-

103 3374 197 3433 chus
221 3380 278 3431 ὲν
298 3378 594 3448 Ἐτησίοις,
626 3392 726 3448 pro
753 3377 976 3441 Αἰτίοις.
1031 3377 1221 3449 Neque
1276 3380 1422 3434 enim
1452 3380 1634 3434 Αἰτίαι

106 3464 460 3535 inscribuntur,
500 3485 571 3523 ne
596 3469 722 3539 quis
752 3478 921 3535 crret',
954 3470 1048 3525 sed
1107 3471 1267 3525 Δῐτια
1313 3479 1375 3525 ιιι
1411 3473 1466 3526 in
1511 3471 1637 3542 Epi-

106 3568 358 3622 tmnmate
387 3563 484 3616 lib.
519 3559 805 3626 tAnthol.,
833 3576 954 3631 cap.
988 3561 1097 3616 67:

169 3654 553 3737 WIMZOC
580 3651 648 3706 τὸ
668 3650 958 3723 κάθαρμα,
988 3652 1057 3708 τὸ
1093 3654 1388 3737 παίγνιον,
1417 3657 1451 3709 ό
1477 3654 1638 3736 ξύλ-

260 3728 269 3737 ’
1203 3725 1350 3795 [ιγ-ος
1392 3725 1562 3792 νοῦς,

165 3793 353 3858 Αἷτιος
370 3795 406 3848 ό
430 3791 670 3862 γράψας
697 3791 868 3846 Alcm
891 3792 1302 3864 Καλλιμάχου.

104 3875 288 3951 Αρμείιο
324 3885 393 3938 ad
426 3884 825 3953 elegantiorum
866 3884 1150 3939 hominum
1187 3885 1416 3954 judicia,
1452 3899 1634 3939 annon

100 3977 252 4030 melior
300 3977 588 4047 aliquanto
624 3975 696 4030 sit
727 3975 890 4030 lectio
927 3991 995 4031 ex
1039 3975 1361 4046 conjectura
1402 3986 1629 4032 nostra:

162 4067 376 4134 Δῑτιος,
412 4070 446 4120 ό
474 4065 714 4135 γράψας
733 4067 920 4132 Διτια,
950 4069 1354 4139 Καλλίμαχος.

92 4144 330 4212 Ceterum
374 4154 493 4229 [72]
533 4156 697 4211 homo
749 4157 956 4213 Malalie
1010 4160 1460 4237 germanissimus
1506 4157 1636 4212 Ful-

90 4250 283 4304 tentius
336 4247 689 4314 Planciades,
725 4245 1101 4310 lentaculum.
1154 4250 1352 4319 inquit,
1405 4251 1636 4320 gustatio

87 4329 288 4394 dicitur.
321 4337 687 4395 Callimachus
739 4336 1349 4395 Intesia:Jentaculum
1400 4341 1637 4411 proferre

89 4419 213 4484 Juri.
270 4430 490 4486 Diceres
545 4430 691 4486 hunc
736 4445 769 4486 a
816 4429 1027 4486 Joanne
1067 4432 1289 4504 Ἐτήσια
1327 4432 1418 4486 illa
1448 4444 1637 4487 mutua

92 4523 314 4577 Detiisse.
335 4522 471 4577 Illud
509 4537 637 4577 vero
666 4522 990 4578 incredibile
1024 4523 1293 4587 videatur,
1317 4523 1636 4596 Cyrenarum
1696 4561 1702 4567 -

97 4598 236 4664 illum
260 4610 454 4667 Latine
479 4612 633 4683 loqui
660 4624 716 4668 et
745 4613 966 4683 quidem
996 4628 1160 4669 versu
1192 4628 1206 4666 :
1243 4627 1368 4667 nam
1392 4615 1473 4669 sic
1496 4614 1637 4682 lego.

102 4687 370 4755 lunulam
415 4699 654 4771 proferre
708 4700 946 4757 «Μυῖα...
997 4700 1103 4756 Sed
1153 4703 1351 4757 minuit
1404 4705 1642 4759 admira-

105 4784 303 4853 lioaem,
333 4793 478 4862 quod
513 4786 836 4863 Fulgentius
863 4803 918 4849 et
956 4793 1191 4849 Mnasea?
1222 4794 1557 4864 Εὑρωπιακὰ
1587 4804 1641 4850 et

114 4870 451 4938 bultosxhenis
507 4882 815 4953 Philippica
875 4882 1070 4938 viderit
1134 4883 1331 4939 Latino
1387 4898 1643 4939 sermone

112 4973 408 5042 conscripta.
462 4974 622 5030 Sicut
664 4974 947 5032 Ovidianm
977 4975 1145 5031 Ibidis
1172 4985 1333 5032 vetus
1355 4987 1644 5033 enarrator

114 5062 458 5136 validissimos
506 5081 704 5122 versus
754 5082 960 5136 eosque
1008 5066 1231 5122 Latinos
1293 5066 1545 5136 Eupolidi
1593 5079 1644 5122 et

101 5132 397 5290 gutturem
475 5156 719 5210 hominis
797 5132 1255 5225 conﬁdentiam!)
1335 5132 1645 5212 Detnocrito

203 5244 308 5290 nuit-

203 5244 308 5309 agit.

187 5348 295 5409 Illud
348 5366 605 5426 prieterea
661 5374 786 5429 pag.
820 5360 910 5425 52,
947 5360 1142 5426 Καθὼς
1173 5363 1460 5435 Δήμαρχος
1489 5366 1517 5418 ὁ
1556 5384 1645 5419 σο-

85 5436 329 5510 toneo;
356 5449 728 5520 συνεγράψατο
756 5453 883 5521 περὶ
913 5452 1007 5505 τοῦ
1028 5453 1191 5508 animi;
1220 5455 1495 5521 Διονύσου,
1526 5474 1647 5511 cor-

78 5524 259 5601 διψιο
298 5541 572 5595 exhibetur
621 5544 743 5596 loco
802 5543 1105 5615 Δείναρχος.
1176 5544 1309 5599 Nam
1384 5548 1648 5619 Georgius

74 5619 331 5686 §aradent
374 5635 651 5692 historiam
719 5652 1065 5700 memorans,
1117 5638 1427 5710 Δείναρχος,
1486 5643 1578 5707 ait,
1621 5646 1647 5696 6

1727 1829 1832 1885 l'uit
1868 1830 2213 1898 Cretensium
2270 1830 2577 1884 fabularum
2643 1831 2924 1893 collector,
2974 1829 3069 1886 sed
3100 1845 3303 1884 sccun~

1726 1922 1830 1978 dus
1860 1922 1965 1977 iste
2004 1923 2190 1977 nescio
2241 1923 2400 1992 quis;
2433 1937 2591 1991 quem
2635 1921 2721 1975 vix
2781 1931 2864 1975 est
2900 1930 2952 1975 ut
2993 1922 3298 1976 existimem

1725 2026 1818 2065 eas
1846 2010 2099 2066 versibus
2127 2010 2391 2072 edidisse.
2447 2012 2639 2065 saltem
2687 2010 2790 2064 hoc
2818 2025 2925 2064 non
2954 2012 3297 2079 exploratum

1725 2112 1831 2156 est.
1865 2100 2107 2171 Scaliger
2130 2101 2184 2155 in
2215 2100 2404 2155 Graeca
2442 2100 2660 2154 Eusebii
2696 2118 2749 2170 p.
2772 2103 2861 2154 3i.
2913 2100 3170 2163 Viderint,
3202 2102 3298 2162 ait,

1727 2193 1941 2257 eruJiti,
1999 2209 2067 2246 an
2126 2193 2309 2246 tertius
2369 2191 2761 2245 Dinarcltorum
2788 2193 2978 2261 Δήλιος
3018 2192 3082 2245 τὸ
3123 2192 3299 2260 γένος,

1728 2283 2300 2354 πεπραγματευμένος
2385 2282 2546 2335 τοῦτο
2630 2284 2729 2353 μὲν
2798 2284 2967 2350 ἔπος,
3035 2283 3192 2336 τοῦτο
3244 2282 3302 2335 δὲ

1729 2374 1983 2443 πρᾶγμα,
2015 2373 2087 2426 sit
2114 2376 2210 2426 iste
2246 2380 2425 2442 poeta,
2452 2388 2601 2442 quem
2641 2373 2813 2426 innuit
2848 2371 3129 2427 Eusebius.
3157 2370 3300 2425 Nam

1730 2482 1858 2519 sane
1877 2465 2007 2518 mihi
2031 2466 2243 2535 ignotus
2275 2475 2374 2520 est.
2408 2464 2682 2521 Hactenus
2704 2466 2937 2536 quidem
2987 2467 3209 2529 accedo,
3244 2472 3321 2541 ut,

1731 2565 1825 2611 aut
1849 2556 1951 2611 iste
1979 2556 2050 2611 sit
2084 2564 2266 2626 poeta,
2300 2558 2364 2612 de
2391 2572 2500 2627 quo
2556 2557 2850 2619 Eusebius,
2891 2565 2984 2611 aut
3020 2558 3206 2612 nullus
3235 2572 3302 2610 ex

1729 2657 1987 2718 quatuor.
2020 2648 2125 2702 Sed
2157 2649 2375 2710 amabo,
2400 2649 2529 2719 quid
2571 2650 2677 2704 sibi
2714 2651 2830 2703 vult
2867 2649 2998 2703 illud
3031 2649 3305 2720 πρᾶγμαῖ

1732 2756 1882 2804 nam,
1916 2749 2185 2811 quantum
2221 2755 2322 2812 ego
2362 2741 2539 2805 video,
2579 2742 2725 2795 nulla
2763 2742 2813 2797 ei
2854 2745 3045 2797 subest
3091 2754 3307 2798 sentcn-

1732 2834 1805 2886 tia
1835 2848 2013 2902 neque
2068 2832 2320 2887 scientia.
2372 2832 2563 2886 Latine
2620 2833 2701 2889 sic
2743 2843 2973 2888 vertas:
3004 2833 3305 2888 Dinarchus

1732 2939 1916 2994 genere
1946 2922 2147 2986 Delius,
2172 2924 2262 2993 qui
2280 2922 2483 2991 aliquid
2501 2924 2661 2986 dixit,
2694 2934 2743 2978 et
2775 2924 2982 2994 aliquid
3013 2925 3136 2995 fecit
3168 2923 3303 2998 [73];

1735 3012 1870 3077 sive,
1907 3013 1998 3082 qui
2048 3011 2253 3082 aliquid
2299 3029 2449 3066 versu
2480 3015 2640 3079 dixit,
2682 3015 2885 3084 aliquid
2912 3032 2965 3069 re
2990 3016 3127 3085 ipsa.
3169 3015 3307 3071 Pro-

1737 3100 1881 3155 fecto
1908 3118 2015 3156 non
2040 3103 2270 3156 multum
2304 3103 2357 3156 in
2383 3101 2587 3157 Demctt
2605 3105 2656 3157 io
2675 3106 3034 3174 perdidimus,
3053 3108 3097 3161 si
3124 3110 3306 3161 omnia

1734 3194 1819 3249 sic
1850 3194 2005 3248 dixit.
2030 3194 2134 3250 Sed
2159 3195 2354 3264 Opinor
2379 3197 2650 3250 neminem
2682 3197 2894 3251 inﬁcias
2917 3199 3146 3263 iturum,
3172 3201 3305 3268 quin

1735 3285 2035 3339 n‘mtatione
2070 3285 2359 3339 commoda
2384 3294 2437 3338 et
2476 3286 2554 3339 illi
2587 3300 2719 3340 suns
2749 3286 2944 3351 honos,
2977 3296 3029 3341 et
3075 3290 3306 3344 orationi

1734 3390 1834 3429 sua
1848 3376 2115 3429 sententia
2137 3375 2348 3428 restitui
2374 3377 2567 3444 possit,
2590 3377 2634 3430 si
2656 3376 2893 3444 legamus
2932 3394 2944 3430 :
2974 3394 3309 3449 πεπραγμα-

1734 3464 1994 3531 τευμένος
2043 3464 2199 3516 τοῦτο
2248 3465 2345 3533 μὲν
2401 3465 2565 3529 ἔπος,
2619 3464 2775 3518 τοῦτο
2816 3467 2875 3519 δὲ
2944 3468 3199 3537 γράμμα,
3255 3470 3306 3520 id

1733 3565 1839 3615 est,
1880 3555 1971 3624 qui
1999 3553 2244 3622 quietiam
2294 3553 2503 3606 heroico
2542 3554 2775 3605 carmine
2822 3558 3159 3624 conscripsit,
3199 3557 3308 3608 alia

1735 3645 1973 3699 oratione
2047 3659 2206 3713 prosa
2258 3659 2277 3697 :
2332 3645 2413 3698 vel
2464 3645 2625 3713 (quia
2672 3644 2733 3697 τὸ
2780 3646 3015 3714 γράμμα
3078 3649 3311 3715 quodvis

1737 3735 1926 3805 scripti
1985 3750 2159 3804 genus
2212 3750 2606 3805 nonnunquam
2664 3737 2991 3807 signiﬁcat),
3039 3739 3196 3792 τοῦτο
3254 3739 3311 3791 δὲ

1735 3826 1942 3896 δρᾶμα,
1973 3825 2063 3895 qui
2091 3833 2140 3879 et
2168 3833 2411 3894 poemata
2449 3826 2662 3880 Iter-nica
2719 3836 2769 3880 et
2830 3827 3081 3882 dramata
3120 3829 3306 3883 edidit.

1808 3915 2113 3970 Domninus
2144 3917 2243 3971 iste
2275 3918 2646 3989 χρονογράφος
2679 3934 2787 3973 non
2818 3920 3038 3976 aliunde
3079 3938 3243 3992 quam
3280 3939 3309 3974 a

1740 4008 1929 4061 Ilalala
1959 4009 2215 4078 cognosci
2251 4016 2451 4077 potest,
2489 4024 2518 4063 a
2550 4027 2663 4079 quo
2687 4012 2993 4081 saepissime
3025 4019 3091 4067 ad
3129 4024 3312 4086 partes

1738 4109 1986 4155 vocatur.
2039 4100 2468 4155 Antiochensem
2498 4122 2503 4127 ·
2533 4102 2706 4158 fuisse
2755 4105 3087 4161 certissimis
3138 4108 3313 4179 signis

1737 4188 2135 4258 deprehendes,
2181 4188 2272 4243 ubi
2327 4205 2425 4258 per
2480 4192 2656 4246 otium
2720 4193 2908 4248 licebit
2968 4196 3119 4250 locos
3178 4198 3313 4251 istos

1738 4279 2072 4334 Consulere:
2115 4280 2478 4348 probabiliter
2503 4284 2671 4335 etiam
2725 4282 2963 4348 dixeris,
3019 4285 3315 4342 deduxisse

1671 4389 1713 4443 ι)
1742 4388 1865 4425 cum
1898 4372 2184 4425 historiam
2219 4373 2287 4424 ab
2320 4372 2551 4426 exordio
2592 4375 2778 4428 mundi
2825 4391 3001 4446 usque
3041 4378 3106 4432 ad
3138 4377 3314 4433 Justi-

1742 4461 1893 4515 niani
1922 4468 2192 4529 tempora.
2244 4461 2431 4530 Itaque
2476 4462 2705 4516 inclinat
2758 4464 2997 4529 animus,
3059 4475 3117 4521 ut
3169 4468 3314 4523 hunc

1743 4552 1913 4608 fuisse
1965 4551 2294 4606 Domninnm
2348 4554 2500 4606 illum
2551 4553 2887 4618 existimem,
2929 4556 3020 4625 qui
3064 4571 3126 4611 ea
3177 4566 3314 4611 tem-

1745 4651 1954 4712 pestate
1988 4641 2086 4696 luit
2120 4641 2381 4697 Ecclesia:
2404 4642 2800 4699 Antiochensis
2833 4646 3150 4716 episcopus.
3178 4647 3312 4702 Nam

1744 4748 1880 4788 sane
1905 4733 2050 4787 sicut
2076 4733 2165 4787 hic
2190 4748 2219 4787 a
2242 4733 2457 4788 Joanne
2488 4751 2540 4804 p.
2584 4735 2692 4789 265
2748 4735 2992 4792 Domnns
3035 4749 3266 4794 vocatur
3299 4760 3312 4795 :

1744 4825 1818 4877 ita
1851 4824 2017 4878 istum
2047 4825 2417 4894 patriarcham
2443 4826 2494 4879 hi
2527 4824 2820 4894 Domuum,
2851 4829 2928 4882 illi
2959 4828 3314 4898 Dotnninum,

1745 4916 2043 4985 appellant.
2074 4914 2303 4971 Accedit
2336 4917 2464 4982 huc,
2490 4919 2643 4989 quod
2680 4919 2928 4991 plerique
2973 4937 3190 4986 omnes,
3220 4926 3314 4994 qni

1746 5007 1991 5077 aggressi
2046 5016 2174 5061 sunt
2216 5018 2460 5078 tempora
2509 5011 2862 5079 describere,
2933 5012 3156 5068 fuerunt
3198 5017 3318 5084 epi—

1747 5099 1944 5168 St‘Opi;
1987 5098 2190 5162 Victor,
2244 5100 2499 5171 Prosper,
2535 5102 2893 5171 Theophilus,
2935 5106 3316 5170 Eusebius,.et

1747 5190 2016 5260 Georgius
2038 5193 2332 5262 episcopus
2364 5194 2710 5265 designatus.

1822 5281 2085 5350 Equidem
2136 5283 2346 5348 nescio,
2393 5296 2512 5340 utra
2564 5302 2653 5342 res
2688 5286 2951 5356 majorem
2989 5286 3317 5344 admiratio-

1750 5388 1871 5425 nem
1910 5372 2203 5437 attulerit,
2263 5382 2342 5427 tot
2402 5376 2624 5430 nomina
2683 5376 2969 5431 hominum
3018 5382 3238 5449 propria
3289 5397 3318 5436 a

1748 5464 1958 5516 Joanne
1991 5470 2251 5533 corrupta
2293 5480 2440 5531 esse,
2487 5481 2555 5521 an
2594 5483 2655 5521 ea
2705 5469 2902 5523 menda
2930 5484 2959 5523 a
2997 5470 3320 5528 doctissimo

1754 5558 2050 5625 interprete
2101 5557 2439 5613 dissimulata
2482 5561 2655 5616 fuisse
2701 5570 2755 5618 et
2807 5565 3030 5620 silentio
3090 5577 3321 5636 practer-

1752 5647 1955 5706 missa:
2008 5648 2156 5705 verbi
2195 5650 2370 5720 gratia
2406 5667 2458 5722 p.
2502 5651 2599 5707 101
2646 5663 2698 5710 et
2743 5656 2834 5711 l7l
2891 5658 3186 5731 Τυνδάρης
3223 5677 3321 5732 pro
