3776 6204
100 234 251 332 at

106 378 266 447 planas
293 382 357 423 ex
384 365 729 437 conjectura,
748 368 1017 433 quantum
1041 375 1145 431 ego
1171 375 1236 415 ex
1266 376 1325 415 re
1356 360 1474 430 ipsa
1498 374 1630 414 con-
1665 370 1705 426 Α

102 470 309 535 iacturam
336 458 504 513 facio.
529 455 758 512 Veteres
786 454 1062 510 editiones
1081 473 1084 477 ’
1102 459 1501 521 repraesentant
1533 452 1628 503 καὶ

104 552 282 625 ἁρμονίη
307 568 371 619 γε
408 548 682 621 μερῶπις.
727 546 918 616 itaque
959 544 1050 599 hic
1088 558 1308 614 quoque
1339 543 1627 612 legendum

104 658 158 705 es;
216 644 439 716 ἁρμονίη
516 640 856 711 θεμερῶπις.
942 637 1180 709 Πεεγριι.
1261 637 1626 708 Θεμερῶπιςι

105 738 309 809 ὲρασμία,
339 734 574 806 ἀγχόνη.
614 732 758 802 Lege
786 731 1031 802 ὲρασμία
1076 729 1310 801 ἁρμονίη
1332 771 1346 796 ,
1383 729 1631 784 auctori-

105 841 180 885 tate
211 826 546 896 Empedoclis
582 841 597 878 :
647 823 755 899 nisi
800 822 846 879 si
887 821 1062 876 mavis
1106 820 1346 892 ὲρασμία
1399 819 1630 890 αἰσχύνη

106 918 385 989 rtEschyli
414 916 784 972 Prometheo:
818 914 914 968 Ἐκ
931 913 975 967 δ’
993 912 1193 983 ἔπληξέ
1224 930 1321 983 μου
1349 913 1445 981 τὴν
1470 913 1632 981 θεμε-

110 1010 240 1081 ρῶπιν
276 1006 425 1060 αἰδῶ.
480 1004 656 1069 Αἰδὼς
708 1013 794 1062 est
846 1004 1101 1075 αἰσχύνη.
1158 1003 1450 1071 Perperam
1505 1001 1632 1057 huic

109 1101 276 1157 lectioni
315 1097 667 1162 scholiastes,
712 1108 766 1153 et
801 1095 1163 1167 Etymologici
1206 1103 1400 1149 auctor
1438 1093 1633 1163 θερμε-

109 1193 239 1263 ρῶπιν
288 1206 477 1246 vocem
529 1189 689 1244 nihili
749 1196 1120 1259 anteponant,
1180 1197 1440 1256 tanquam
1507 1184 1634 1255 Θερ-

110 1283 357 1354 μαὶνσνσαν
384 1280 483 1351 τὴν
516 1273 668 1334 ὦπα.
698 1280 866 1350 Atqui
899 1294 965 1335 co
988 1287 1147 1349 pacto
1178 1272 1461 1348 θερμῶπις
1490 1286 1637 1333 eSsct

109 1374 350 1427 dicendum
377 1389 391 1426 :
423 1386 603 1442 neque
624 1372 770 1426 enim
798 1371 879 1425 vel
924 1369 1090 1424 fando
1127 1371 1374 1425 auditum
1405 1377 1490 1424 est
1516 1371 1638 1443 Θέρ-

112 1481 256 1534 papa;
279 1462 466 1517 Pollux
497 1471 685 1517 tamen
726 1462 825 1516 lib.
851 1478 924 1528 vt,
957 1476 1006 1516 c.
1037 1460 1107 1514 40
1141 1477 1155 1515 :
1185 1461 1258 1513 Τὸ
1283 1461 1338 1515 δὲ
1367 1460 1637 1532 θερμερύ-

109 1553 254 1607 νεσοαι
279 1553 369 1606 καὶ
408 1552 680 1623 κιχλιδιᾷν
720 1553 978 1622 κωμικά’
1031 1567 1135 1606 ms.
1181 1552 1389 1622 χλιδιᾷν
1420 1553 1502 1607 vel
1536 1570 1635 1604 xu-

110 1645 325 1713 χλσιδιᾷν,
355 1644 472 1710 lege
504 1632 903 1714 θεμερύνεσθαι
935 1643 1027 1696 καὶ
1057 1643 1261 1715 χλιδᾷν,
1285 1644 1367 1699 vel
1396 1644 1634 1715 χλοιδᾷν,

1142 248 1507 312 EPISTOLA
1538 249 1747 309 RICH.
1790 193 2178 310 BENTLIiII.

3202 198 3311 308 τη

1803 357 2208 415 Coustitueram
2241 357 2330 412 hic
2366 352 2628 427 Epistolze
2659 353 2822 408 tinent
2851 351 3131 425 imponere
3163 371 3181 409 τ
3214 353 3313 409 sed

1736 451 2032 508 intervenit
2057 451 2271 506 amicus
2304 465 2480 515 nteus,
2511 449 2730 502 aurium
2759 447 3012 501 convicio
3042 448 3315 522 rationem

1734 544 2062 614 efﬂagitans,
2096 557 2195 597 cur
2229 540 2471 597 Joannes
2510 539 2740 595 Malelas
2783 540 2918 593 mihi
2949 540 3190 605 dicatur,
3222 543 3316 612 qui

1737 650 1767 689 ι
1805 636 2132 690 Vossiorum
2183 644 2440 705 utroque,
2478 633 2727 699 Usserio,
2771 631 3009 702 aliisque
3059 633 3320 688 omnibus

1736 727 1829 796 qui
1863 726 1919 781 in
1952 727 2097 781 hunc
2124 741 2302 795 usque
2332 726 2477 779 diem
2517 724 2635 793 ejus
2679 724 3015 778 mentionem
3045 721 3332 797 fecerunt,

1738 816 1940 872 Malela
1981 818 2323 872 nominatur.
2361 815 2473 886 Ego
2510 831 2664 879 vero,
2696 815 2944 885 inquam,
2979 830 3048 869 ne
3078 816 3131 869 in
3163 816 3314 871 viro.

1741 926 1858 964 runt
1902 909 2120 979 quidem
2178 909 2544 962 maximorum
2595 904 2707 979 [78]
2745 908 2910 962 verba
2958 894 3310 977 juraverim:

1738 1000 1835 1055 sed
1866 1001 1923 1054 in
1950 1000 2112 1053 aliam
2147 998 2495 1061 sententiam,
2525 998 2614 1052 ubi
2638 999 2986 1051 commodum
3014 1007 3120 1062 est,
3144 1009 3323 1069 quan-

1741 1106 1905 1162 quam
1966 1091 2217 1157 invitus,
2275 1105 2397 1143 meo
2445 1089 2571 1159 jure
2629 1088 2877 1145 discedo.
2937 1089 3110 1161 Roget
3157 1091 3325 1159 igitur

1740 1185 2039 1254 quispiam,
2094 1199 2192 1237 cur
2233 1179 2441 1235 Malela
2472 1181 2655 1250 potius
2706 1181 2781 1236 sit
2811 1180 3189 1236 vocitandus?
3223 1181 3327 1234 ltoc

1743 1272 1957 1327 scilicet
1983 1272 2051 1326 ab
2091 1271 2158 1325 iis
2186 1286 2519 1338 responsum
2565 1269 2772 1335 ferret;
2824 1270 2966 1339 apud
3007 1270 3327 1324 Constanti-

1743 1380 1875 1419 num
1910 1364 1991 1418 sic
2040 1363 2324 1432 appellari,
2359 1361 2609 1415 Ἰωάννου
2660 1360 2754 1414 τοῦ
2810 1362 3038 1433 ἐπίκλην
3078 1361 3324 1425 Μαλέλα,

1744 1463 1799 1510 et
1838 1455 1980 1524 apud
2029 1454 2454 1521 Damascenum,
2488 1454 2733 1507 Ἰωάννου
2768 1453 2863 1506 τοῦ
2916 1456 3009 1506 καὶ
3056 1453 3323 1507 Μαλάλαο

1747 1562 2016 1617 nusquam
2073 1546 2200 1600 alibi
2256 1546 2717 1608 commemorari,
2772 1553 3135 1614 praeterquam
3182 1543 3325 1613 apud

1748 1635 1996 1692 Tzetzem
2034 1637 2287 1706 Ἰωάννης
2318 1652 2402 1697 τις
2436 1634 2702 1703 Μελέλης.
2736 1635 2922 1705 Atqui,
2960 1635 3003 1688 si
3038 1635 3111 1687 ita
3148 1648 3236 1688 res
3269 1648 3329 1687 se

113 1737 172 1788 vel
199 1734 473 1805 κυλοιδιᾷν.
513 1731 829 1805 llesychins
860 1751 873 1786 :
903 1722 1169 1804 Θὲμερον,
1205 1735 1423 1805 σεμνὸν,
1460 1735 1553 1804 ἀφ’
1580 1728 1640 1788 οὗ

1803 1731 1926 1793 ibet,
1968 1727 2131 1797 vulgo
2174 1734 2228 1781 et
2277 1726 2481 1797 passim
2530 1726 2771 1794 reperias
2817 1726 2911 1778 τοῦ
2959 1725 3182 1789 Σσυίδα,
3232 1724 3325 1777 τοῦ

112 1829 181 1880 καὶ
204 1827 258 1878 re
285 1825 659 1895 σεμνύνεσθαι,
693 1825 1111 1897 θεμερύνεσθαι..
1154 1826 1395 1899 Θεμέρη,
1428 1826 1638 1897 βεϐαία,

112 1917 250 1988 σεμνὴ
273 1958 286 1981 ,
321 1914 605 1987 εὐσταθὴς.
638 1916 1082 1988 Θεμερόφρσνας,
1125 1919 1401 1982 συνετοὺς,
1431 1917 1644 1990 σώφρο-

113 2023 202 2069 νας.
217 2006 309 2061 Sed
329 2015 385 2060 ut
409 2005 735 2076 planissime
751 2015 1007 2073 constet,
1034 2022 1174 2077 opus
1191 2014 1274 2063 est
1295 2016 1351 2062 ul
1380 2010 1642 2079 strOphen

114 2097 525 2165 stantistrophen
557 2096 705 2151 inter
743 2110 803 2165 se
829 2095 1185 2154 conferamus
1219 2116 1232 2154 :
1268 2098 1322 2153 in
1354 2098 1558 2170 quibus
1588 2100 1640 2154 hi

115 2201 274 2242 versus
301 2185 630 2256 respondent
668 2201 732 2241 ex
765 2186 998 2241 adverso

187 2299 271 2350 Ὶιῖκ
289 2300 329 2351 δ’
351 2295 581 2368 ἔπληξέ
598 2315 719 2367 μου
747 2296 858 2351 τὰν
882 2296 1215 2368 θεμερῶπιν
1232 2299 1397 2356 αἰδῶ.

189 2368 420 2438 Μοχμοῖς
442 2367 512 2421 δὲ
532 2369 742 2437 νόμοις
758 2368 912 2435 Ζεὺς
934 2367 1205 2435 ἀθέσμως
1227 2371 1505 2438 κρατύνει

136 2474 210 2531 Ubi
230 2494 310 2549 pro
333 2477 443 2551 [Π]
476 2478 736 2549 eoseum;
772 2494 838 2534 ex
871 2480 1205 2535 necessitate
1235 2481 1394 2536 metri
1436 2483 1644 2552 conieci

126 2570 356 2640 legendum
388 2587 512 2627 esse
551 2570 781 2634 ἀθετῶς.
820 2570 999 2638 Quam
1047 2573 1421 2642 conjecturam
1472 2576 1649 2629 firma-

124 2662 177 2713 rit
222 2660 528 2734 Hesychius.
584 2663 845 2729 ’Δθετῶς,
887 2664 1167 2734 ἁθέσμως,
1214 2664 1245 2735 ἢ
1304 2682 1644 2734 συγκατατε-

120 2749 353 2821 θειμένως.
400 2754 689 2823 Αἰσχύλος.
742 2753 1025 2827 Προμηθεῖ
1062 2756 1351 2827 δεσμώτῃ*
1398 2758 1536 2827 lege,
1583 2758 1643 2811 οὐ

120 2855 238 2908 σατις.
290 2843 401 2896 sine
452 2849 710 2898 consensu
769 2854 820 2898 et
882 2843 1264 2914 approbatione
1320 2846 1644 2916 reliquorum

110 2930 308 2986 deorum.
347 2927 611 3005 ReSpexit
668 2935 736 2989 ad
784 2936 931 2992 hunc
978 2938 1156 2992 locum
1200 2955 1215 2991 :
1268 2953 1446 3008 neque
1497 2941 1643 2995 enim

101 3024 208 3078 alibi
235 3028 287 3079 in
333 3042 395 3080 ea
433 3026 625 3107 fabula
667 3029 934 3083 occurrit.
988 3027 1155 3085 Plane
1196 3029 1308 3099 jam
1358 3031 1717 3119 impcritusc

105 3114 163 3167 sit
181 3125 400 3186 oportet,
429 3126 524 3171 aut
551 3119 619 3174 ab
657 3118 964 3175 invidentia
1003 3121 1234 3187 laboret,
1266 3122 1356 3192 qui
1384 3125 1450 3178 de
1478 3122 1644 3194 θεμε-

115 3202 250 3272 ριὶπιν
270 3215 462 3262 contra
502 3196 703 3262 veniat.
737 3207 1125 3279 Experiamur,
1148 3210 1282 3280 quid
1322 3211 1377 3266 in
1418 3212 1645 3266 alteram

120 3304 284 3358 partem
322 3296 497 3367 possit
546 3295 663 3353 haec
691 3297 1031 3353 observatio.
1079 3297 1390 3371 llcsychitts
1435 3318 1449 3354 :
1482 3299 1649 3354 Ἕνα-

119 3399 268 3457 apag,
313 3392 331 3410 ‘
357 3387 698 3458 ὡστεμένας,
739 3388 955 3459 ’Δχαιδς
993 3389 1365 3459 Ἀλφεσίὸοιαι
1398 3390 1522 3445 ἀντὶ
1552 3390 1648 3444 τοῦ

118 3474 276 3541 iam;
297 3478 408 3551 γὰρ
445 3480 656 3550 βάκχας
679 3481 846 3545 ὑάδας
873 3482 1081 3550 ἔλεγον.
1126 3481 1447 3553 Prodigiosa
1490 3483 1650 3553 plane

117 3571 270 3623 oratio.
310 3568 468 3624 Nune
508 3570 756 3626 vicissim
786 3588 813 3625 ε
841 3582 994 3627 muta
1019 3573 1074 3626 in
1106 3590 1184 3635 αι,
1215 3580 1270 3627 et
1302 3572 1419 3643 lege
1443 3592 1456 3629 :
1482 3574 1649 3628 Ἔνα-

118 3672 233 3729 apo;
259 3659 399 3714 ὥστε
440 3662 659 3723 Mawch
678 3678 692 3693 ο
718 3661 939 3732 Ἀχαιὸς
973 3661 1341 3734 Ἀλφεσιϐοίᾳ.
1364 3663 1512 3717 Ἀντὶ
1554 3662 1648 3717 τοῦ

124 3746 237 3814 ἰ’άς.
268 3752 381 3815 Τὰς
416 3751 529 3822 γὰρ
578 3752 799 3823 Βάκχας
848 3752 1044 3816 Ὑάδας
1103 3751 1308 3821 ἔλεγον.
1360 3752 1649 3823 Agnoscis,

117 3842 286 3909 opinor,
312 3843 645 3912 principium
677 3842 882 3898 senarii
917 3860 982 3898 ex
1014 3843 1199 3899 Achaei
1234 3844 1419 3898 fabula
1447 3845 1651 3915 Alphe-

116 3931 269 3989 sibrea.
302 3936 576 3990 Similiter
598 3952 648 3988 οι
685 3937 891 4005 passim
914 3936 1036 3992 loco
1061 3954 1112 3990 υ.
1145 3936 1381 4008 Hesych.
1408 3938 1648 4007 Κοίημα,

115 4021 307 4095 γέννημα,
338 4041 441 4095 pro
471 4025 697 4097 Κύημα,
731 4034 784 4080 et
821 4026 943 4081 vice
982 4041 1140 4082 versa
1173 4026 1492 4097 Στυχιοῦσι,
1538 4029 1653 4081 δια-

114 4115 335 4183 τδποῦσι,
371 4131 475 4186 pro
509 4114 867 4187 Στοιχειοῦσι.
900 4116 1050 4171 Idem
1080 4135 1093 4171 :
1132 4117 1502 4188 Etetxelwatg,
1532 4117 1650 4170 δια-

114 4208 339 4275 τύπωσις,
368 4213 405 4281 ἡ
434 4211 631 4281 πρώτη
659 4210 915 4283 μάθησις.
946 4211 1134 4282 Itaque
1155 4212 1355 4269 Suidas
1374 4214 1430 4268 in
1452 4212 1654 4269 Lexico

115 4298 443 4373 diphthongos
469 4319 528 4357 αι
549 4313 605 4359 et
627 4320 678 4356 οι
709 4304 889 4358 alieno
908 4304 1043 4365 loco
1069 4305 1319 4374 proxime
1346 4315 1476 4360 ante
1499 4322 1527 4357 ε
1550 4314 1653 4360 ctu

117 4392 383 4447 collocavit.
411 4391 601 4446 Exstat
621 4393 676 4447 in
695 4393 1043 4449 Bibliotheca
1066 4394 1284 4464 publica
1299 4393 1496 4450 Oxonii
1520 4396 1657 4451 liber
1688 4410 1733 4465 ι)

118 4483 296 4551 antiqua
334 4496 500 4537 manu
537 4491 778 4550 notatus,
809 4485 1102 4539 continens
1145 4484 1294 4540 mille
1336 4487 1554 4557 regulas
1591 4485 1659 4541 de

120 4581 233 4623 recta
253 4571 527 4626 scribendi
559 4575 776 4631 ratione
806 4592 819 4629 :
856 4591 1094 4645 quarum
1127 4591 1195 4629 si.
1220 4575 1419 4632 docent
1441 4581 1659 4648 quando

122 4664 419 4733 adscribere
454 4672 732 4734 oporteat,
788 4675 842 4722 et
897 4667 1126 4736 quando
1178 4685 1205 4720 ε
1255 4686 1270 4722 :
1329 4668 1661 4740 totidemque

124 4752 191 4803 Ibi
222 4770 289 4817 οι,
322 4763 375 4810 et
415 4755 505 4811 ubi
537 4775 593 4811 υ.
629 4758 766 4812 Eum
822 4758 1072 4814 codicem
1096 4801 1112 4827 ,
1164 4774 1288 4815 cum
1334 4772 1461 4816 ante
1518 4761 1662 4817 inter

127 4842 411 4913 ἀδεσπότους
444 4851 704 4918 ferretur,
754 4852 1092 4923 deprehendi
1124 4870 1192 4908 es
1235 4839 1500 4924 prooemio
1535 4869 1660 4908 ver-

130 4936 251 4992 sibus
293 4943 525 4998 senariis
570 4944 785 5014 scripto
832 4945 1031 5000 litteris
1065 4961 1177 5016 pra
1222 4955 1494 5002 vetustate
1526 4962 1663 5017 pene

131 5024 472 5097 eli‘ugientibus
517 5033 771 5089 obtutum
824 5037 1143 5099 oculorum,
1188 5037 1495 5108 'l‘heognoti
1542 5054 1664 5094 esse

129 5122 424 5182 grammatici
480 5140 645 5194 quem
702 5125 886 5180 laudat
959 5127 1260 5197 aliquoties
1312 5127 1665 5200 Etymologici

130 5204 377 5278 scriptor.’
400 5212 467 5268 Et
518 5215 742 5285 quidem
796 5217 980 5271 omnia
1032 5217 1110 5273 ibi
1149 5221 1352 5288 reperi,
1393 5237 1513 5289 quae
1560 5222 1665 5276 iste

130 5293 407 5374 Tltcognoto
475 5316 702 5377 accepta
773 5309 986 5363 retulit.
1057 5307 1132 5363 De
1204 5320 1364 5365 aetate
1419 5312 1663 5367 hominis

129 5393 353 5451 rescisces
382 5414 447 5453 ex
496 5398 841 5469 prmfatione,
884 5401 1042 5469 cujus
1076 5400 1291 5455 initium
1326 5412 1431 5467 est,

212 5506 574 5600 Tih§€d3dfn
598 5531 740 5583 μου,
754 5516 864 5594 3m!
898 5491 1070 5600 σορσῷ
1098 5518 1455 5600 στςφηςξὸρῳ

210 5577 420 5654 ῥέφτι,
454 5577 877 5649 trp-Vadomarii”;
907 5577 1151 5654 πᾶνὲων
1167 5577 1236 5638 ἐῶ·
1261 5577 1484 5654 foret-4‘,
1524 5636 1527 5639 η

214 5648 533 5720 Θεύγνωτος
554 5648 853 5725 εὖγιτωτός
879 5672 968 5720 τίς
1001 5656 1081 5720 ὡς
1103 5653 1188 5707 ὢν
1210 5648 1464 5723 οδλέθηςζ

1744 1818 1949 1890 Θωμᾶ,
1994 1819 2087 1873 τοῦ
2131 1818 2408 1890 Ἀριστέα,
2444 1817 2539 1871 τοῦ
2579 1818 2807 1887 Φιλητᾶ,
2839 1817 2932 1870 τοῦ
2969 1816 3201 1888 Τριόπα,
3229 1816 3324 1868 τοῦ

1744 1911 1956 1975 Σκόπα,
2011 1911 2107 1965 τοῦ
2153 1911 2454 1981 Κρατεύα·
2503 1926 2604 1966 nec
2658 1919 2840 1963 tamen
2892 1918 3181 1979 propterea
3239 1908 3323 1961 vel

1746 2002 1914 2057 Snida
1947 2003 2344 2073 grammaticus
2376 2002 2598 2064 dicitur,
2636 2001 2723 2055 vel
2773 1999 2976 2054 Titania
3017 1998 3323 2069 apostolus.

1746 2097 1829 2150 vel
1866 2095 2076 2149 Aristea
2118 2095 2182 2149 de
2217 2095 2405 2150 LXXII
2443 2093 2839 2164 interpretibus.
2871 2092 3043 2162 .thtio
3078 2093 3327 2147 videlicet

1746 2188 1947 2256 lingua:
1972 2185 2175 2241 Graecae
2211 2187 2303 2241 vix
2337 2197 2433 2241 aut
2468 2187 2621 2241 nullo
2664 2185 2829 2241 modo
2863 2184 3120 2252 patiatur,
3164 2194 3223 2237 ut
3267 2185 3327 2237 in

1744 2278 1787 2331 Δ
1819 2278 2054 2332 litteram
2091 2278 2269 2332 virilia
2301 2279 2523 2333 nomina
2553 2294 2686 2333 casu
2736 2289 2886 2333 recto
2939 2277 3322 2332 terminentur.

1745 2368 1924 2435 Atque
1947 2381 2010 2422 ea
2043 2382 2209 2422 causa
2238 2375 2346 2434 est,
2375 2383 2477 2421 cur
2501 2368 2785 2438 peregrina
2813 2367 3055 2420 virorum
3080 2365 3327 2426 nomina,

1747 2474 1868 2527 quae
1920 2459 1975 2513 in
2023 2461 2067 2512 Α
2117 2468 2337 2523 exeunt,
2387 2474 2418 2513 a
2449 2458 2685 2529 .Graecis
2738 2459 3092 2514 inflectuntur
3142 2457 3195 2511 in
3237 2473 3326 2520 ας,

1746 2550 1977 2616 Γάλὸας,
2000 2544 2227 2613 Σύλῖας,
2256 2550 2502 2620 Νουμᾶς,
2529 2549 2786 2615 Σενέκας,
2819 2549 3150 2620 Ἀγρίππας.
3174 2546 3327 2613 Quod

1748 2641 1794 2697 si
1820 2641 1956 2696 adeo
1983 2642 2095 2711 jam
2121 2641 2464 2713 exploratum
2502 2650 2607 2707 est,
2645 2641 3049 2696 nominativum
3078 2637 3330 2693 Graecum

1747 2747 1868 2786 esse
1895 2731 2151 2794 Μαλέλας
2170 2747 2185 2763 ο
2214 2732 2383 2785 nolim
2411 2747 2509 2800 ego
2533 2730 2726 2786 Latine
2747 2740 2964 2787 vertens
2992 2739 3327 2800 postremam

1749 2819 1986 2873 litteram
2025 2819 2265 2889 abjicere
2298 2828 2496 2890 praeter
2535 2835 2742 2875 morem
2783 2828 2837 2875 et
2867 2817 3327 2875 consuetudinem

1746 2926 1938 2965 eorum
1981 2918 2314 2981 temporum,
2350 2911 2555 2982 quibus
2595 2912 2829 2966 maxime
2867 2911 3040 2981 viguit
3071 2910 3244 2964 honos
3273 2920 3331 2963 et

1749 3002 1925 3072 gratia
1981 3001 2164 3058 Latini
2217 3004 2515 3061 sermonis.
2570 3002 2916 3060 Vctustiores
2973 3002 3230 3073 quidem,
3272 3011 3331 3054 ut

1751 3105 1943 3148 auctor
1978 3103 2062 3150 est
2084 3094 2461 3161 Quintilianus
2492 3097 2586 3151 lib.
2624 3113 2664 3162 ι,
2710 3110 2761 3150 c.
2800 3096 2856 3164 5,
2894 3112 2995 3151 non
3030 3084 3082 3149 in
3120 3113 3153 3149 a
3209 3105 3258 3148 et
3302 3111 3328 3149 s

1752 3184 1958 3240 litteras
1991 3186 2136 3240 exire
2172 3196 2363 3241 temere
2389 3187 2689 3242 masculina
2718 3185 2907 3242 Grazcu
2930 3193 3151 3241 nomina
3188 3197 3330 3241 recto

1753 3293 1883 3331 casu
1915 3278 2277 3346 patiebantur.
2314 3277 2540 3349 Ideoque
2561 3291 2609 3333 et
2649 3280 2791 3348 apud
2823 3279 3046 3335 Ca'lium
3086 3280 3331 3350 legimus,

1753 3367 1901 3423 Pelia
1939 3369 2339 3435 Cincinnatus;
2393 3381 2443 3424 et
2487 3370 2628 3438 apud
2673 3370 3019 3437 Messallam,
3054 3370 3331 3426 Benefccit

1754 3458 1989 3526 Euthia;
2030 3467 2079 3513 et
2118 3459 2257 3529 apud
2287 3458 2626 3527 Ciceronem,
2668 3460 3044 3532 Hermagora;
3079 3478 3141 3515 ne
3172 3462 3332 3514 mire-

1757 3568 1897 3614 mur,
1914 3552 2051 3621 quod
2079 3553 2142 3607 ab
2171 3553 2508 3622 antiquorum
2534 3552 2794 3622 plerisque
2814 3534 2988 3608 Enen
3013 3563 3061 3607 et
3088 3554 3330 3607 Anchisa

1755 3645 1825 3699 sit
1865 3643 2062 3698 dictus.
2104 3644 2428 3699 Priscianus
2460 3645 2556 3698 lib.
2586 3661 2617 3699 ν
2650 3662 2663 3698 :
2709 3644 2857 3713 Apud
2896 3645 3106 3699 (ἔνατος
3150 3646 3208 3699 in
3264 3663 3331 3709 ας

1756 3737 2073 3810 desinentia,
2107 3737 2246 3806 apud
2274 3754 2368 3792 nos
2402 3739 2456 3792 in
2479 3755 2511 3792 a
2536 3737 2929 3803 terminantur;
2953 3746 3012 3792 ut
3037 3737 3328 3809 Μαρσύας,

1757 3827 2000 3894 Σωσίας,
2058 3826 2297 3899 Βυρῤίας
2356 3829 2636 3899 Χαιρέας,
2690 3829 2955 3900 Τουρίας,
3009 3828 3328 3898 Βαγράδας;

1757 3918 2002 3990 Marsya,
2032 3919 2214 3984 Sosia,
2248 3919 2502 3990 Byrrhia.
2542 3919 2782 3987 Cltwrea,
2830 3920 3014 3987 Turia,
3052 3919 3328 3991 Bagrada.

1757 4010 1905 4066 Libri
1949 4021 2130 4067 autem
2180 4027 2264 4077 vt,
2310 4027 2363 4081 p.
2394 4012 2492 4067 68I
2539 4020 2594 4068 et
2645 4012 2768 4077 70!,
2821 4012 3126 4082 plerumque
3163 4015 3240 4067 ait
3275 4023 3331 4067 et

1758 4103 2054 4173 frequenter
2079 4103 2182 4157 hoc
2211 4102 2327 4158 ﬁeri
2366 4103 2567 4159 solere.
2610 4102 2676 4159 Et
2717 4102 2804 4157 his
2842 4101 3101 4158 fortassis
3134 4109 3331 4157 auctu-

1760 4195 1912 4250 ribus
1969 4195 2111 4249 tueri
2157 4209 2220 4249 se
2251 4209 2415 4264 posse
2464 4194 2826 4260 arbitrentur,
2853 4194 2949 4264 qui
2982 4209 3014 4250 e
3047 4195 3330 4250 contraria

1759 4293 1916 4355 parte
1943 4285 2156 4340 dicunt.
2194 4285 2324 4339 Mihi
2367 4302 2497 4339 vero
2534 4286 2694 4357 longe
2726 4287 2944 4340 videtur
2990 4301 3152 4342 secus
3187 4303 3201 4341 :
3234 4287 3331 4341 sed

1759 4380 1976 4448 oportet
2011 4378 2155 4432 haud
2198 4377 2388 4447 jejuno
2426 4377 2494 4432 de
2521 4378 2621 4432 hac
2669 4392 2856 4442 causa,
2898 4386 2951 4432 et
2982 4385 3239 4446 tanquam
3276 4378 3330 4429 iu

1761 4469 2016 4535 transitu,
2042 4469 2135 4524 sed
2164 4470 2322 4538 plene
2350 4468 2680 4538 cotiioseque
2715 4469 3018 4538 disputare.
3053 4466 3332 4536 Principio

1761 4563 1912 4618 nulla
1969 4561 2347 4617 controversia
2383 4569 2491 4623 est,
2535 4561 2666 4629 quin
2714 4560 2969 4630 indigena
3012 4559 3332 4615 Latinorum

1761 4668 1944 4707 sermo
1993 4653 2202 4706 nullum
2253 4652 2513 4707 habuerit
2570 4651 2967 4705 nominativum
3012 4650 3064 4703 in
3113 4668 3172 4704 as
3207 4669 3334 4705 cum

1762 4744 2005 4812 genitivo
2060 4742 2423 4813 ισοσυ).λά6ῳ.
2476 4742 2826 4813 Quapropter
2855 4742 3183 4813 antiquitus.
3220 4743 3338 4797 sive

1762 4837 1987 4891 Graecus
2023 4836 2296 4905 quispiam
2351 4836 2408 4889 in
2459 4833 2656 4899 Latina
2695 4835 2922 4890 civitate
2954 4834 3187 4899 viveret,
3219 4836 3341 4891 sive
3411 4902 3417 4908 ,

1763 4925 1951 4981 Graeca
1976 4926 2181 4994 scripta
2214 4924 2267 4979 in
2302 4923 2561 4979 Latinum
2598 4932 3078 4989 converterentur,
3118 4926 3336 4994 ejusce-

1765 5017 1912 5073 modi
1946 5019 2164 5072 nomina
2200 5032 2301 5087 per
2327 5034 2360 5070 a
2383 5018 2706 5088 plerumque
2731 5017 2977 5073 scribere
3011 5027 3064 5072 et
3093 5032 3337 5088 pronun-

1766 5111 1907 5164 tiare
1936 5110 2142 5180 placuit
2174 5107 2315 5181 [79i.
2347 5110 2524 5179 Atque
2559 5110 2662 5164 hoc
2687 5109 2908 5179 quidem
2940 5124 3006 5164 ex
3041 5108 3260 5178 ingenio
3282 5116 3338 5189 et

1766 5200 2172 5258 consuetudine
2213 5201 2415 5270 linguae
2447 5202 2756 5257 vernacula:
2793 5202 2864 5254 ab
2898 5200 2967 5254 iis
3004 5207 3089 5253 est
3120 5198 3338 5251 factita-

1767 5285 2144 5362 tumJGomici
2185 5294 2353 5364 igitur
2396 5295 2449 5348 in
2486 5293 2692 5349 Grmcis
2748 5291 3177 5361 interpretandis
3215 5307 3337 5345 eam

1767 5387 2032 5441 rationein
2104 5393 2436 5451 tenuerunt;
2498 5384 2752 5448 (Πρωτέα,
2833 5383 3020 5447 Sosia,
3084 5367 3338 5452 Byrrhia,
3436 5419 3443 5425 ι

1768 5476 1987 5543 Plania,
2034 5474 2233 5538 Clinia,
2278 5475 2497 5539 Demea,
2543 5474 2818 5539 Phredria,
2847 5472 3214 5543 proferentcs.
3249 5475 3343 5530 Μ-

1769 5569 1968 5621 ιιιίι·ιιιιι
2022 5566 2248 5621 auribus
2301 5566 2466 5635 vnlgi-
2507 5566 2610 5619 ista
2666 5563 2958 5618 dabantur.
3010 5562 3120 5620 Nec
3161 5574 3339 5626 tamen
3409 5563 3420 5574 ’

1768 5659 1994 5715 deerant
2030 5659 2136 5713 ctia
2161 5673 2192 5712 ιι
2243 5661 2464 5728 antiqua
2504 5657 2598 5712 illa
2650 5656 2915 5712 memoria
2960 5656 3129 5728 (pace
3168 5659 3336 5726 Quiu-
