3776 6204
210 337 288 414 777
1259 348 1627 412 EPISTOLA
1648 342 1869 413 ntcn.
1900 346 2307 416 usuusu:

3299 352 3407 418 7'78

202 462 350 536 Nepoti
375 460 677 527 Perdiccas,
726 460 918 547 Curtio
963 472 1017 518 et
1048 458 1266 518 Justino
1304 471 1358 519 et
1397 464 1722 533 quibusdam

1903 467 2023 536 πνᾶς
2054 482 2085 521 a
2120 464 2467 537 Μηνόδωρος.
2522 463 2587 519 D.
2628 462 2834 518 Lollius
2881 458 3059 554 .llena.
3107 465 3336 538 Μητρᾶς
3375 482 3406 522 a

201 556 292 612 aliis
317 554 556 610 Perdicca
583 555 917 610 nominetur.
947 553 1226 625 Siquidem
1254 555 1400 626 apud
1429 563 1723 626 utrumque

1903 557 2206 628 ιτρόδωρος.
2236 555 2299 611 C.
2327 553 2576 627 Fyrmius
2611 553 2836 611 Metras.
2866 555 3082 619 Νικίας.
3108 554 3186 610 Μ.
3205 557 3407 613 Annius

201 654 352 701 cetera
379 646 563 701 omnia
601 645 789 701 Graeco
838 660 989 701 more
1030 644 1410 715 proferuntur,
1439 649 1720 717 Amyntas,

200 737 383 811 Bagoas,
412 735 677 804 Philotas,
713 737 985 806 Ophellas,
1009 736 1211 801 Jollas,
1228 736 1491 808 Gobryas,
1513 741 1724 792 Alcetas

199 831 332 886 inter
376 830 671 885 Perdiccan
731 828 846 902 [82]
900 827 1098 884 Nullus
1155 830 1377 884 memini
1432 826 1726 885 Perdiccas

196 924 303 978 inter
317 922 569 978 Italorum
592 936 783 976 servos
808 928 902 974 aut
933 921 1195 976 libertos:
1218 936 1395 990 neque
1424 921 1724 991 quidquam

194 1015 307 1071 aliud
346 1029 522 1070 causae
572 1014 821 1069 invenire
877 1028 1126 1085 possum.
1177 1013 1319 1067 Nam
1360 1024 1728 1084 cognomenta

191 1109 551 1163 Libertinorum
584 1109 672 1176 (ea
702 1106 839 1176 ipsis
880 1103 1103 1160 nomina
1129 1103 1373 1165 fuerunt.
1405 1105 1726 1174 priusquam

190 1215 321 1254 manu
345 1200 741 1264 mitterentur),
770 1198 815 1253 si
842 1196 1028 1251 Graece
1058 1196 1112 1250 in
1138 1195 1225 1262 Ag
1249 1191 1543 1262 caderent,
1576 1194 1728 1248 Lati-

189 1307 288 1347 nam
339 1291 781 1346 terminationem
855 1290 1182 1360 plerumque
1255 1294 1544 1358 ceperunt.
1607 1285 1729 1342 Non

189 1384 338 1436 tamen
369 1393 765 1450 usquequaque
800 1378 1148 1434 increbnisse
1191 1391 1311 1433 eam
1365 1375 1730 1432 consuetudi-

190 1488 287 1528 nem
313 1487 375 1527 ει
403 1472 649 1541 antiquis
682 1466 1145 1539 inscriptionibus
1171 1468 1560 1523 animadverti.
1593 1467 1729 1522 Nam

191 1580 291 1620 ecce
324 1565 412 1620 tibi
448 1566 563 1618 hac
594 1564 821 1619 nomina
856 1577 921 1616 ex
959 1560 1219 1628 Grutero,
1273 1560 1552 1624 Reinesio,
1587 1559 1731 1631 Spo-

193 1657 560 1726 maxumae.
612 1653 691 1709 Μ.
737 1653 1015 1709 Cornelius
1071 1652 1338 1708 Achillas.
1386 1652 1446 1707 L.
1501 1652 1727 1707 Pontius

192 1749 387 1802 Achilas.
438 1747 700 1814 ’Δλεξᾶς,
773 1745 1194 1816 ὑποκοριστικὸν
1248 1745 1318 1799 ab
1356 1743 1724 1813 Ἀλέξανδρος.

1828 645 2011 701 Nicia.
2063 647 2281 703 Cluvius
2341 648 2406 703 A.
2455 646 2521 704 L.
2572 644 2754 705 Nicia.
2804 645 2867 702 A.
2922 648 3173 702 Plautius
3222 646 3404 703 Nicia.

1825 734 2092 810 Νικῆτας.
2151 739 2283 796 Aur.
2341 734 2550 794 Niceta.
2613 740 2843 810 Ὀνησᾶς
2897 742 2967 794 ab
3026 740 3405 812 Ὀνησίφορος.

1829 829 1895 894 ρ.
1926 829 2103 885 Vit-ius
2133 829 2357 887 Onesas.
2388 830 2623 895 Παπίας.
2659 829 2720 884 C.
2747 823 2986 884 Marcius
3018 829 3080 885 C.
3112 827 3178 884 F.
3212 827 3405 899 Papia.

1829 912 2107 976 Munatius
2137 921 2288 991 Papa
2338 924 2432 990 (an
2473 921 2829 993 depravatam
2862 923 2984 975 loco
3025 921 3220 990 Papia,
3264 936 3331 975 an
3377 935 3406 975 a

1829 1013 2079 1082 Πάπας).
2126 1009 2205 1070 Η.
2242 1013 2448 1068 Plutius
2477 1012 2552 1067 Μ.
2588 1013 2651 1067 L.
2682 1004 2875 1082 Papia.
2916 1010 2978 1068 C.
3004 1013 3272 1067 Purellt'us
3305 1012 3410 1067 Pa-

1828 1105 1937 1172 pia.
1975 1102 2036 1161 L.
2087 1105 2330 1160 Valerius
2364 1103 2557 1175 Papia.
2588 1105 2851 1167 Φιλώτας.
2886 1106 2951 1158 Α.
2981 1106 3182 1158 Annius
3222 1104 3408 1158 Philo-

1832 1205 1937 1249 tas.
1965 1197 2128 1259 Φιλᾶς
2158 1212 2187 1249 a
2224 1196 2545 1266 Φιλόδημος.
2587 1194 2665 1249 Μ.
2712 1195 2948 1258 llirrius,
2981 1192 3160 1247 Phila.
3192 1191 3406 1255 Φιλέας.

1829 1286 1893 1341 L.
1920 1285 2129 1357 Magius
2151 1286 2389 1342 Phileas.
2417 1287 2637 1350 Φανίας.
2674 1285 2884 1339 Phania
2918 1286 3060 1354 apud
3092 1284 3407 1339 Terentium

1829 1386 1885 1433 et
1899 1379 2219 1434 Ciceronem
2243 1396 2256 1433 :
2278 1377 2366 1433 Fl.
2386 1377 2737 1433 Plioneale.
2762 1370 2951 1431 Tillius
2967 1375 3020 1429 Μ
3033 1416 3046 1429 .
3062 1375 3125 1429 L.
3150 1375 3406 1430 Phaniae.

1829 1470 2037 1536 Θευδᾶς
2067 1473 2146 1527 vel
2173 1470 2372 1536 Θεοδᾶς
2399 1487 2429 1526 a
2455 1471 2754 1541 Θεόδωρος.
2782 1465 2847 1524 Α.
2882 1466 3159 1525 Fresonius
3198 1462 3407 1524 Tltuda.

1830 1563 1899 1630 Ω.
1956 1562 2202 1619 Veianius
2261 1562 2462 1617 Teuda.
2495 1563 2734 1626 Θεωνᾶς.
2790 1562 3142 1617 Alexandriae
3190 1564 3412 1632 episco-

1828 1671 1975 1726 pus,
2037 1654 2281 1709 Theonas
2343 1656 2487 1724 apud
2553 1655 2612 1709 S.
2676 1653 2900 1708 llieron.
2966 1653 3146 1707 Livius
3202 1654 3409 1709 Theona

1832 1747 1964 1818 Aug.
1985 1746 2048 1801 L.
2073 1757 2127 1802 et
2150 1747 2327 1802 Livius
2362 1746 2575 1801 Theano
2597 1745 2660 1799 ab
2694 1744 2952 1815 Epistulis
2981 1742 3150 1801 Crazc.
3177 1747 3407 1811 Ζάὗδας.

194 1836 247 1902 ρ.
270 1836 582 1891 Hortensius.
730 1834 793 1888 L.
828 1835 1018 1888 Alexa.
1056 1832 1358 1888 Suarettius
1391 1832 1581 1888 Alexa.
1612 1833 1731 1885 Ἀν-
1763 1833 1802 1888 li
1833 1835 2106 1892 llierosol.
2142 1839 2461 1915 episcopus,
2503 1835 2717 1889 Zabtlas
2756 1834 2812 1888 S.
2843 1834 3068 1889 Hieron.
3119 1847 3171 1889 et
3211 1834 3410 1891 Zabdic-

192 1925 342 1995 δρέας.
384 1923 444 1980 C.
491 1924 772 1989 Quinctius
827 1921 1059 1975 Andrea.
1102 1921 1372 1983 ’Λπελλᾶς
1425 1919 1727 1991 (Ἄπολλᾶς

194 2019 307 2085 apud
360 2016 719 2080 Athenaeum)
781 2013 850 2067 ab
937 2011 1360 2082 Ἀπολλόδωρος.
1427 2010 1490 2067 Τ.
1559 2010 1726 2063 Clau-

194 2106 288 2157 dius
314 2104 503 2169 Apella.
520 2103 831 2173 ’Δρποκρᾶς
881 2102 949 2155 ab
988 2102 1369 2173 Ἀρποκρέιτης
1420 2102 1503 2155 vel
1531 2101 1728 2172 Ἀρπο-

193 2193 410 2260 spatietur.
443 2191 517 2244 ll.
550 2186 756 2243 Lollius
796 2187 1112 2257 Arphocrus.
1152 2188 1214 2243 C.
1246 2188 1545 2243 Herennius
1587 2193 1729 2242 [Iar-

194 2281 632 2352 pocra.‘Ap‘:=.p.5.;
672 2281 739 2334 ab
765 2279 1185 2350 Ἀρτεμίδωρος.
1233 2279 1295 2334 C.
1343 2278 1593 2334 Carcilius
1632 2279 1729 2332 Ar-

204 2385 342 2427 tenm.
369 2373 594 2428 Cecilius
643 2371 835 2425 Dexter
857 2381 906 2425 et
933 2371 1168 2425 Artimos
1223 2372 1439 2441 fratres.
1481 2369 1575 2424 Αἰ.
1633 2367 1724 2423 ιεί.

195 2468 392 2521 Artena.
412 2466 471 2521 L.
513 2464 771 2518 Laberius
795 2464 1054 2517 Artemas.
1084 2462 1478 2532 ’ΔΘηναγὸρας.
1518 2462 1726 2515 Vireius

186 2559 532 2627 Athenagoras.
569 2557 841 2619 Κλεόπας.
871 2558 930 2611 in
978 2554 1113 2610 Nov.
1160 2555 1312 2609 Test.
1353 2556 1435 2609 vel
1491 2554 1728 2610 fortasse

184 2651 403 2715 Κλεοπᾶς
420 2666 448 2704 a
471 2649 845 2718 K136na:po;~,
873 2650 956 2703 vel
986 2647 1303 2716 Κλεὸφιλος.
1334 2647 1417 2700 Ti.
1441 2646 1726 2715 Cleuphas.

178 2740 405 2804 Κλεινίας
435 2740 517 2794 vel
546 2740 793 2803 Κλινίας.
838 2739 975 2794 Juli.
1028 2738 1255 2793 Clinias.
1284 2738 1349 2803 Q.
1383 2738 1569 2809 Pomp.
1615 2740 1728 2796 Cli-

176 2834 303 2886 nias.
339 2832 597 2902 Κτησίας.
642 2829 721 2885 Μ.
754 2831 885 2883 Aur.
938 2831 1165 2887 Ctesias.
1222 2828 1314 2883 Sic
1354 2828 1529 2884 Dama
1579 2831 1725 2900 apud

175 2918 424 2982 Persium,
459 2922 504 2975 si
533 2919 781 2975 Graecum
824 2928 910 2974 est
948 2933 977 2973 a
1006 2921 1193 2989 Δαμᾶς
1226 2919 1311 2974 vel
1343 2920 1533 2990 Δημᾶς
1579 2919 1727 2988 quod

173 3024 245 3065 est
305 3014 688 3067 diminutivum
750 3028 781 3066 a
832 3013 1169 3082 Δημήτριος.
1227 3010 1444 3066 Mettius
1497 3011 1720 3067 Damus.

181 3103 447 3172 Ἐπαφρᾶς
496 3106 566 3159 ab
620 3105 1028 3175 Ἐπαφρόδιτος.
1070 3103 1134 3158 G.
1172 3105 1399 3160 Avillius
1452 3104 1721 3175 Epapltra.

168 3194 241 3249 ll.
267 3197 535 3252 Cornelius
578 3197 844 3266 Epaphra.
878 3195 938 3252 C.
968 3195 1183 3250 Curtius
1225 3197 1499 3265 Epaphra.
1533 3197 1594 3253 C.
1626 3192 1727 3251 Ju-

169 3287 263 3340 lius
295 3288 562 3359 Epapltra.
592 3289 654 3343 Ρ.
681 3287 884 3343 Nonius
915 3287 1184 3356 Epaphra.
1214 3287 1273 3344 C.
1306 3284 1561 3343 Pricilius
1598 3287 1731 3356 Epa-

176 3380 308 3440 phra.
364 3378 420 3433 S.
478 3376 787 3447 Propertius
826 3376 1098 3445 Epaphra.
1144 3375 1203 3431 C.
1259 3375 1498 3431 Veiacus.
1549 3377 1612 3432 C.
1661 3377 1726 3432 L.

183 3466 424 3538 Epapltra.
461 3471 526 3525 Et
555 3487 587 3526 e
611 3471 852 3535 diverso,
900 3467 1176 3536 Epaphras
1220 3478 1544 3535 postremum
1591 3484 1731 3537 pra:-

180 3565 289 3616 stitit
337 3564 579 3632 ofﬁciunt.
638 3561 933 3635 Γλαυκίας.
1006 3559 1258 3614 Glaucias
1311 3558 1429 3613 Lib.
1477 3560 1729 3631 Γοργίας.

182 3646 381 3724 Gorgias
416 3654 528 3708 Lib.
562 3651 627 3707 L.
657 3652 915 3705 Abuccius
942 3650 1155 3723 Gorgia.
1196 3651 1371 3720 Spon.
1394 3650 1521 3705 288.
1562 3653 1626 3704 Ἦ
1635 3653 1732 3723 ρᾶς

180 3745 229 3797 ab
259 3746 581 3816 Ἡρόδωρος.
641 3742 705 3797 L.
766 3744 1027 3797 Abuccius
1081 3741 1244 3797 Hera.
1310 3740 1388 3795 Μ.
1447 3741 1731 3798 Petronius

182 3832 351 3891 lleras.
382 3837 443 3891 Ρ.
470 3836 740 3904 Sulpicius
778 3834 939 3888 llera.
971 3834 1035 3888 P.
1077 3830 1321 3889 Valerius
1363 3839 1528 3890 Hera.
1568 3838 1735 3907 Ἥρα-

179 3928 291 3992 xii;
319 3931 388 3982 ab
414 3926 858 3997 Ἱίρακλεόδωρος
886 3926 1059 3980 Clem.
1091 3926 1349 3983 Stromat.
1383 3944 1432 3981 ν.
1464 3927 1525 3983 L.
1550 3928 1733 3983 Emi-

178 4018 260 4074 lius
298 4021 547 4075 Heracla.
583 4015 895 4073 C.'Annius
925 4016 1176 4071 Heracla.
1218 4018 1279 4073 C.
1317 4018 1587 4073 Comelius
1622 4020 1731 4075 He-

179 4114 327 4169 racla.
356 4112 414 4167 L.
446 4110 667 4168 Clodius
714 4107 969 4164 Heracla.
1020 4107 1083 4162 L.
1113 4106 1430 4179 Corniﬁcius
1474 4101 1728 4167 Heracla.

180 4202 230 4267 Q.
259 4203 533 4257 Cornelius
567 4201 820 4255 Heracla.
852 4199 914 4255 L.
943 4198 1219 4268 Crepcrius
1253 4201 1505 4255 Heracla.
1547 4201 1604 4255 L.
1644 4201 1733 4255 Li-

179 4295 331 4349 cinius
365 4294 620 4348 Herocla.
653 4284 720 4347 Γ.
753 4291 1024 4363 Longinus
1062 4290 1313 4346 Heracla.
1349 4290 1410 4347 C.
1449 4292 1730 4346 Stiminius

179 4380 401 4441 Heracla.
434 4386 502 4451 ρ.
550 4384 811 4439 Petinius.
863 4381 930 4447 ρ.
976 4379 1038 4436 L.
1084 4374 1365 4436 Heraclos.
1407 4382 1616 4453 Ἑρμᾶς
1663 4385 1732 4439 ab

1832 1928 1886 1982 in
1922 1938 2280 1982 monumento
2329 1928 2390 1982 L.
2417 1926 2622 1980 Valerii
2661 1945 2675 1979 :
2710 1926 2957 1994 Saufeius
2995 1922 3197 1980 Saluio.
3231 1928 3410 1995 Ζηνᾶς

1831 2034 1859 2072 a
1895 2019 2228 2089 Ζηνόδωρος.
2263 2018 2329 2072 L.
2367 2016 2690 2086 Calpurnius
2737 2012 2903 2070 Zeno.
2959 2017 3251 2071 Enimvero
3294 2019 3408 2085 jam

1830 2112 2143 2181 percontari
2170 2125 2267 2165 eos
2303 2111 2502 2176 Velim,
2557 2108 2652 2180 qui
2700 2110 2819 2163 sine
2870 2108 2930 2163 S.
2983 2109 3162 2162 littera
3209 2102 3411 2163 Malela

1831 2200 2215 2268 pronuntiant.
2249 2214 2358 2269 quo
2382 2206 2606 2253 auctore
2638 2196 2939 2252 didicerint
2971 2192 3236 2252 Joannem
3264 2197 3412 2251 hunc

1828 2283 2261 2355 Antiochensem
2298 2286 2578 2356 captivum
2615 2286 2667 2340 in
2710 2283 2921 2339 Italiam
2962 2280 3262 2340 abductum
3293 2302 3413 2342 ser-

1831 2374 2059 2428 vitutem
2086 2375 2161 2428 ibi
2193 2376 2487 2442 serviisse;
2522 2374 2739 2430 tandem
2768 2384 2975 2440 autem,
3020 2382 3211 2447 postea
3244 2388 3409 2446 quam

1830 2465 2138 2521 libertatem
2187 2475 2491 2537 receperat,
2525 2466 2592 2521 ad
2639 2467 2929 2523 hiStoriam
2975 2465 3326 2524 scribendam
3351 2485 3414 2526 se

1829 2555 2169 2611 contulisse?
2215 2555 2311 2611 Sin
2348 2565 2564 2622 autem;
2599 2572 2700 2611 cur
2730 2557 2979 2623 obsecro,
3017 2573 3141 2612 cum
3170 2552 3410 2615 Evandri

1830 2655 2008 2701 matre
2037 2654 2092 2702 et
2132 2649 2313 2703 cascis
2364 2647 2473 2703 illis
2515 2647 2706 2703 allium
2736 2649 3121 2717 obolentibus,
3164 2662 3256 2707 ant
3282 2669 3409 2708 cum

1830 2739 1962 2796 faece
2002 2739 2220 2796 Romuli
2264 2741 2414 2809 loqui
2464 2741 2710 2808 malunt;
2759 2757 2921 2811 quam
2960 2751 3085 2797 cum
3119 2745 3407 2812 Cicerone,

1827 2840 1881 2886 et
1915 2833 2075 2888 bonis
2113 2834 2432 2889 auctoribus
2463 2834 2832 2891 Latinitatis?
2870 2834 3001 2889 Mihi
3041 2838 3260 2905 quidem
3300 2855 3409 2895 non

1830 2921 1988 2992 longa
2016 2916 2338 2979 deliberatio
2373 2934 2478 2987 est,
2504 2935 2659 2982 utros
2687 2925 2895 2980 imitari
2930 2927 3114 2983 velim.
3152 2928 3259 2984 Sed
3294 2930 3410 2985 haec

1832 3014 2058 3068 nimium
2092 3008 2327 3071 fortasse
2365 3016 2612 3072 studiose
2648 3026 2812 3087 atque
2860 3021 3024 3073 anxie
3069 3037 3082 3073 :
3125 3021 3233 3075 nisi
3266 3023 3410 3091 quod

1832 3104 2058 3160 omnino
2090 3106 2534 3176 respondendum
2566 3106 2673 3161 iuit
2703 3108 2793 3170 iis,
2828 3124 2858 3161 a
2886 3109 3089 3178 quibus
3124 3126 3246 3165 sum
3283 3127 3412 3178 pro-

1833 3205 2083 3250 vocatus.
2135 3195 2422 3267 Siquidem
2481 3196 2760 3252 Gerardus
2798 3184 3049 3262 Vossius,
3078 3201 3173 3269 qui
3222 3204 3413 3258 nescio

1832 3303 1901 3343 an
1944 3289 2013 3343 ab
2067 3290 2364 3358 interprete
2407 3290 2727 3345 Damasceni
2780 3289 2835 3343 in
2890 3305 3136 3344 errorem
3179 3292 3297 3361 ipse
3330 3295 3415 3348 in—

1832 3379 2030 3433 ductus
2060 3379 2130 3432 sit
2154 3418 2168 3440 ,
2221 3388 2372 3432 certe
2408 3380 2531 3434 aliis
2562 3378 2816 3445 exemplo
2860 3393 2961 3431 suo
2992 3385 3046 3431 et
3090 3382 3419 3439 auctoritate

1832 3472 1977 3524 viam
2015 3470 2081 3523 ad
2118 3469 2453 3522 errationem
2506 3468 2763 3527 munivit,
2818 3482 2927 3519 non
2983 3476 3136 3520 certe
3175 3470 3414 3537 judicio,
3508 3540 3515 3543 η

1835 3560 1931 3614 sed
1965 3558 2373 3614 inconsiderate
2405 3567 2712 3626 praeterque
2734 3572 2945 3610 morem
2970 3556 3189 3612 videtur
3212 3562 3412 3631 egisse.

1835 3642 2045 3720 Quippe
2070 3651 2164 3720 qui
2195 3664 2476 3717 nunquam
2507 3649 2643 3701 alias
2664 3647 2777 3719 [Si]
2805 3648 3065 3714 abjecerit
3090 3649 3165 3704 S:
3201 3669 3271 3706 ne
3298 3662 3414 3709 tum

1834 3746 2059 3815 quidem
2091 3759 2214 3799 cum
2253 3750 2514 3796 auctores
2544 3731 2795 3804 haberet,
2821 3754 2960 3807 quos
2994 3741 3097 3795 etsi
3134 3758 3414 3811 perverse,

1836 3837 2030 3890 saltem
2062 3833 2414 3902 aliquatenus
2440 3830 2775 3885 imitaretur.
2803 3830 2955 3900 Apud
2979 3847 3140 3900 quem
3166 3832 3416 3893 Chaereas

1835 3935 2059 3981 vocatur
2088 3916 2400 3980 Historicus
2421 3931 2474 3978 et
2506 3923 2738 3987 Clinias,
2757 3916 3007 3994 Marsyas
3027 3924 3419 3986 Macedonica-
3508 3972 3511 3973 ν

1835 4034 1957 4073 rum
1992 4033 2175 4096 rerum
2225 4016 2465 4086 scriptor
2494 4023 2547 4070 et
2585 4006 2973 4085 Delphicarum
3014 4017 3231 4087 Apelles
3261 4037 3280 4075 :
3316 4037 3418 4078 nec

1836 4117 2014 4164 tamen
2042 4107 2259 4164 Chaerea
2297 4117 2354 4161 et
2383 4105 2559 4160 Clinia
2584 4107 2642 4160 in
2672 4100 2980 4175 Comwdia,
3006 4125 3185 4181 neque
3210 4110 3419 4171 lloratii

1836 4199 2055 4269 Marsya
2105 4207 2160 4255 et
2204 4187 2394 4268 Apella
2448 4197 2860 4254 tenacisSimam
2908 4201 3030 4270 ejus
3095 4206 3416 4261 memoriam
3472 4236 3483 4243 -

1834 4294 2023 4363 fugere
2055 4298 2374 4362 potuerunt.

1903 4383 2146 4438 Tantum
2171 4373 2336 4452 jquod
2380 4378 2496 4435 haec
2548 4374 2910 4450 scripseram,
2943 4376 3075 4437 Milli
3121 4382 3416 4453 jucundis-

187 4474 527 4549 Ἑρμόδωρος.
589 4474 788 4529 Hcrma
848 4472 1293 4527 accommodatur.
1341 4468 1406 4526 L.
1472 4470 1729 4529 (Emilius
1763 4487 1808 4542 ι)
1835 4477 2021 4532 sime:
2065 4490 2189 4530 cum
2220 4476 2357 4530 eoae
2390 4472 2529 4526 mihi
2587 4482 2729 4526 nova
2763 4489 2852 4529 res
2901 4482 3068 4543 atque
3118 4476 3417 4546 improvisa

182 4567 411 4628 Hermas.
468 4570 537 4625 P.
591 4568 798 4624 Annius
847 4566 1063 4621 Herma.
1117 4563 1178 4619 Ο.
1234 4556 1453 4620 Cassius
1513 4565 1731 4619 Henna.

180 4660 432 4719 Cornelius
467 4664 670 4718 llernia
711 4661 934 4731 (vitiose
968 4673 1067 4728 pro
1126 4656 1369 4728 Ilerma).
1406 4656 1485 4712 Μ.
1534 4658 1733 4714 Junius

179 4747 364 4810 Hcrnia
409 4756 552 4825 (lege
585 4752 828 4818 Herma).
865 4748 933 4817 ρ.
974 4746 1177 4804 Lollius
1218 4751 1439 4803 Hermo.
1478 4744 1553 4805 Μ.
1588 4748 1731 4820 Mog.

175 4834 379 4897 ﬂerma.
437 4842 687 4898 Octavius
765 4837 985 4892 Herma.
1047 4837 1105 4892 C.
1166 4836 1446 4904 Quinctius
1509 4837 1731 4899 Herma.

176 4929 242 4987 Ρ.
269 4935 464 4990 Statius
500 4933 726 4989 Herma.
750 4931 816 4985 P.
848 4930 1153 4985 Turannius
1184 4926 1405 4986 Herma.
1450 4931 1518 4996 Ω.
1556 4931 1734 4988 Vibius

162 5023 377 5081 limae.
400 5026 476 5082 Μ.
502 5026 691 5096 Ulpius
710 5024 848 5096 Aug.
872 5021 988 5079 Bib.
1010 5018 1229 5078 Herma.
1255 5022 1368 5096 [85]
1387 5023 1737 5097 Ἑρμαγόρας

160 5110 239 5168 1..
260 5114 488 5173 Hirtius.
528 5114 591 5170 L.
635 5114 701 5169 F.
738 5118 1114 5183 Hermagoras.
1155 5108 1436 5183 Ἑρμείας.
1491 5110 1735 5171 Aurelius

152 5204 409 5264 chrtnias
440 5207 578 5277 Aug.
612 5205 727 5261 Lib.
763 5200 827 5260 T.
870 5205 1055 5258 Didius
1093 5203 1364 5258 llermios.
1401 5203 1480 5258 Μ.
1516 5204 1735 5261 Helvius

196 5293 430 5352 Bermias.
457 5297 520 5352 (Ζ.
551 5295 735 5349 Julius
774 5292 1011 5347 Hermia.
1064 5291 1193 5347 Sex.
1258 5291 1561 5359 Pompeius.
1610 5291 1735 5350 Sex.

186 5386 397 5445 Jlmnia.
438 5388 612 5461 Spon.
671 5380 812 5450 22!,
864 5385 969 5455 leg.
1017 5383 1142 5441 Sex.
1199 5378 1263 5439 L.
1317 5384 1449 5440 Her.
1503 5387 1739 5450 Λεοντᾶς

206 5466 397 5536 l(litasse
421 5475 846 5550 ὑποκοριστικὸν
873 5488 905 5528 a
938 5473 1209 5538 Λεόντιος.
1250 5472 1312 5528 ι.
1344 5472 1533 5529 Arcius
1570 5473 1739 5528 Leon-

211 5568 279 5622 lat.
299 5570 357 5633 ϐ.
382 5570 563 5627 Iulius
588 5568 841 5624 Leontas.
869 5558 1299 5621 IL'Herennius.
1329 5564 1410 5621 ll.
1430 5562 1493 5619 L.
1513 5562 1737 5621 Leonta.

210 5650 399 5729 Αιωνὶς.
430 5662 817 5720 Artemidorus
851 5674 904 5730 p.
950 5658 1078 5714 269.
1119 5657 1341 5723 Λεωνᾶς
1373 5659 1401 5711 6
1435 5654 1607 5730 Σύρος
1638 5677 1742 5714 παι

208 5740 405 5830 λανθτής.
443 5756 650 5809 Fabius
680 5752 909 5808 Leonas.
939 5750 1003 5808 C.
1037 5752 1261 5823 Oppius.
1308 5750 1370 5809 C.
1418 5746 1480 5809 L.
1511 5751 1736 5810 Leonas.

416 5932 423 5939 ο
497 5849 767 5911 ΡΑτιιοι..
806 5847 922 5908 Gn.
965 5847 1199 5912 XCVII.

1837 4571 2144 4636 nuntiatur,
2177 4583 2302 4639 quae
2329 4568 2395 4622 de
2419 4567 2712 4622 sententim
2740 4582 2831 4622 me
2864 4576 3007 4621 mea:
3029 4575 3177 4622 statu
3216 4584 3417 4640 prope-

1836 4662 2059 4716 modum
2111 4652 2334 4729 deiecit.
2380 4649 2682 4722 Enimvero,
2702 4657 2842 4727 quod
2882 4658 2935 4713 in
2957 4660 3228 4728 superiore
3250 4677 3419 4717 causa

1835 4753 2107 4822 probanda
2147 4760 2414 4821 tantopere
2465 4741 2799 4826 desultorem,
2839 4748 2973 4804 nihil
3010 4751 3206 4820 fuisse;
3239 4770 3418 4825 meque

1837 4847 1895 4899 in
1933 4862 1997 4899 ea
2048 4844 2430 4914 disceptatione
2474 4858 2694 4912 prorsus
2742 4843 2959 4896 ἄσκοπα
3020 4845 3415 4909 τετοξευκέναι.

1842 4938 1987 4992 Nam
2024 4940 2181 5005 apud'
2208 4937 2617 4993 Constantinum
2644 4944 2694 4991 et
2726 4934 3116 4991 Damascenum
3170 4937 3267 4991 τοῦ
3300 4940 3420 4992 Μα-

1837 5027 1966 5082 λέλα
1989 5044 2141 5098 posse
2168 5044 2355 5081 nomen
2387 5024 2759 5080 indeclinabile
2781 5042 2893 5080 esse
2915 5040 2933 5079 :
2955 5043 3116 5096 neque
3139 5027 3421 5081 abhorrere

1841 5119 1905 5174 ab
1936 5136 2037 5174 usu
2081 5116 2423 5180 Grecorum,
2464 5127 2521 5171 ut
2558 5120 2774 5171 nomina
2824 5117 3055 5171 barbara
3089 5118 3201 5187 sine
3245 5119 3423 5170 varia-

1842 5198 1982 5265 tione
2011 5226 2232 5264 casuum
2255 5210 2616 5279 proferantur,
2651 5207 2748 5263 τοῦ
2779 5207 3052 5278 Ἀμμοῦν,
3078 5207 3169 5259 τὸν
3201 5206 3418 5270 Ἀνοὺϐ,

1839 5288 1918 5371 τῷ
1950 5301 2213 5370 Ἀσκοὺμ.
2267 5301 2362 5353 τοῦ
2418 5300 2586 5370 Βλὰχ,
2619 5299 2715 5353 τοῦ
2745 5297 2984 5367 ’Λψκαλ,
3015 5305 3150 5361 etc.,
3174 5307 3422 5351 sexcenta

1841 5379 1961 5446 dari
1995 5391 2295 5446 masculina
2334 5392 2392 5445 in
2422 5390 2488 5453 A,
2506 5400 2564 5443 ut
2596 5392 2624 5444 6
2654 5390 2884 5458 Σισάρα,
2903 5391 2932 5442 6
2954 5388 3123 5450 Σαλα,
3151 5388 3181 5440 6
3204 5390 3369 5452 Φουὰ,
3393 5392 3422 5441 ὁ

1841 5476 1976 5531 mea
2004 5478 2060 5531 in
2102 5476 2218 5532 Vel.
2255 5472 2401 5534 Test.
2429 5477 2459 5530 6
2495 5478 2666 5547 Ζαρὰ,
2702 5478 2730 5531 6
2758 5475 2919 5532 ‘A6la.
2942 5478 2996 5530 in
3032 5474 3225 5532 Nora:
3256 5474 3424 5547 Syro-

1842 5589 1961 5647 rum
1993 5570 2261 5626 nationsm
2296 5568 2533 5643 (Syrum
2563 5579 2741 5624 autem
2783 5586 2898 5625 esse
2942 5570 3079 5625 hunc
3118 5570 3423 5636 Malalam)

1843 5677 2025 5717 amare
2051 5661 2269 5716 nomina
2297 5661 2350 5714 in
2379 5658 2423 5714 A
2455 5659 2689 5733 litteram
2710 5662 2981 5727 exeuntia,
3008 5659 3250 5728 Marum,
3284 5663 3427 5718 Rar-
3526 5706 3529 5709 ς

1844 5773 2015 5823 senta,
2072 5764 2122 5809 et
2160 5754 2412 5825 pleraque
2460 5755 2639 5808 omnia
2677 5770 2695 5808 :
2747 5755 2824 5809 sic
2874 5763 2924 5810 et
2968 5753 3175 5809 Arabas
3227 5768 3427 5826 quoque

3031 5846 3110 5908 25
