3776 6204
454 298 561 363 779

1313 293 1411 354 DE
1451 293 1773 354 JOANNIS
1813 293 2135 353 MALALIE
2167 292 2825 358 CHRONOGRAPHIA
3535 310 3616 373 tm

452 404 707 468 Abdalr’a,
755 401 1043 461 Mus/ralia.
1102 398 1366 466 Top/mla,
1395 409 1445 453 et
1478 398 1526 453 si
1572 417 1677 470 qua
1712 408 1836 455 sunt
1874 400 1943 453 ali

2134 398 2511 471 στρατηλάτου
2569 399 2856 469 Ῥωμαίων
2879 416 2893 431 ⁸
2924 410 2979 456 et
3008 398 3132 466 2‘03,
3161 399 3290 460 κατὰ
3323 408 3522 468 Σουνίιια
3547 421 3616 477 καὶ

454 512 729 552 occurrere
766 493 987 554 denique
1019 491 1159 560 apud
1181 489 1609 547 Cantacuzenum
1642 493 1899 559 Ἰωάννης
1928 492 2033 544 112‘-

457 590 645 661 ράλτα,
700 597 746 640 et
802 583 944 653 apud
1001 583 1367 650 Theophanem
1419 584 1675 654 Ἰωάννης
1730 586 1757 636 6
1806 583 2034 654 ἐπίκλην

462 676 728 748 ⁸Ημοῦλα,
760 674 1024 727 Joannem
1078 684 1421 744 cognomento
1454 675 1704 738 Ilemula,
1748 676 2036 729 secundant

461 767 722 823 Victorem
759 768 1145 821 Tununensem.
1186 766 1301 837 Ego
1347 782 1504 830 vero,
1552 782 1871 836 quanquam
1918 766 2036 822 lor-

452 872 602 917 tasse
638 860 1011 929 praestabilius
1052 869 1225 922 esset,
1258 867 1317 913 ut
1354 875 1417 913 ex
1452 860 1762 912 amicorum
1799 857 2038 914 consilio

452 950 877 1022 supersederem
914 950 1103 1004 labore
1132 950 1533 1019 respondendi,
1570 951 1749 1004 libera
1791 964 1913 1003 esse
1946 948 2039 1017 ju-

450 1044 603 1099 dicia
630 1043 868 1096 sinerem
902 1060 914 1094 :
950 1042 1216 1095 constitui
1254 1050 1436 1095 tamen
1462 1042 1731 1105 devorare
1759 1055 1881 1094 eam
1916 1053 2040 1091 mo-

452 1136 712 1199 lestiam;
747 1142 802 1190 et
837 1149 903 1188 eo
929 1134 1148 1204 quidem
1182 1135 1391 1199 animo,
1425 1134 1637 1187 nullum
1674 1140 1733 1186 ιιι
1754 1141 2037 1186 certamen

455 1225 765 1284 instituam.
809 1239 988 1292 neque
1018 1225 1165 1277 enim
1193 1230 1498 1293 temperato
1536 1223 1750 1277 calamo
1776 1237 1867 1275 res
1906 1234 2039 1291 age-

454 1325 576 1381 tur;
635 1316 731 1369 sed
786 1325 847 1367 ut
886 1314 1055 1367 semel
1100 1311 1391 1381 defungar,
1447 1327 1551 1367 nec
1604 1310 1839 1365 tacendo
1889 1325 2042 1364 com-

456 1408 709 1469 mittam',
767 1411 825 1459 ut
878 1404 1088 1459 odiosas
1137 1404 1274 1457 milii
1330 1403 1397 1458 de
1458 1404 1586 1457 lana
1628 1403 1856 1473 caprina
1914 1402 2041 1456 lites

458 1508 819 1555 succrescant
854 1496 909 1550 in
939 1507 1249 1565 posterum.
1292 1493 1426 1548 Dico
1458 1496 1645 1562 itaque
1691 1510 1868 1564 neque
1917 1508 2041 1548 esse

468 1590 628 1654 illud,
660 1590 728 1643 de
757 1604 867 1659 quo
916 1588 1020 1641 viri
1089 1587 1234 1641 docti
1271 1596 1614 1648 asseverant,
1646 1602 1823 1655 neque
1856 1599 2039 1655 posse.

456 1681 595 1736 Nam
633 1695 761 1735 ecce
829 1679 930 1734 tibi
972 1677 1216 1733 Joannes
1265 1676 1493 1732 Tzelzes
1555 1679 1648 1747 qui
1696 1693 1819 1731 eum
1871 1677 2041 1728 Ἰωνιο

2136 490 2323 562 Σίμμα
2343 506 2357 521 ⁸
2390 499 2446 546 et
2488 492 2606 558 lll,
2639 492 2776 561 μετά
2801 491 2895 545 τοῦ
2918 494 3129 564 ἡνιόχου
3162 497 3443 554 Καλλιόπα·
3464 516 3507 559 et
3527 507 3621 577 165,

2138 584 2280 654 μετὰ
2330 582 2428 637 τοῦ
2472 582 2751 654 φυλάρχου
2798 584 3031 654 Ἀρέθα’
3079 589 3233 652 plane
3259 600 3314 643 ut
3354 596 3475 662 apud
3511 598 3626 656 Con.

2137 677 2445 732 stantinum
2477 684 2561 730 est
2593 676 2689 728 τοῦ
2732 677 2958 746 ἐπίκλην
2993 678 3230 734 Μαλέλα.
3265 680 3485 742 Placetne
3520 691 3627 761 jam.

2138 773 2200 819 ut
2260 764 2530 819 Joannem
2602 767 2779 836 ipsum
2842 770 3001 823 nobis
3057 771 3314 826 arbitrum
3372 780 3630 846 capiamus?

2136 870 2312 923 aequa,
2345 858 2564 925 opinor,
2600 867 2652 910 et
2704 857 2933 912 honesta
2974 861 3268 928 postulatio
3309 873 3404 919 est.
3441 867 3629 925 Senten-

2137 945 2268 998 tiam
2304 960 2436 998 vero
2471 946 2517 999 is
2544 961 2700 1000 suam
2733 948 2970 999 ostendit
3002 965 3052 1018 p.
3085 948 3190 1003 204
3217 967 3229 1002 :
3253 951 3425 1017 Ὅστις
3446 956 3629 1025 King-

2140 1033 2269 1095 203,
2306 1034 2569 1097 Σουνίκας
2601 1034 2658 1087 δὲ
2696 1036 2791 1088 καί
2825 1037 3044 1105 Σίμμας
3065 1057 3077 1069 ·
3115 1037 3231 1103 “0,
3276 1040 3547 1110 Καλλιόπας
3573 1066 3632 1114 τις

2138 1124 2387 1194 ἡνίοχος’
2432 1123 2554 1190 166,
2591 1126 2823 1197 Ἀρέοας
2871 1143 2959 1189 τις
3007 1130 3035 1180 6
3079 1128 3339 1201 φύλαρχος
3386 1137 3468 1188 καὶ
3510 1136 3634 1190 Γνού.

2140 1233 2267 1285 φας.
2300 1217 2362 1269 Ει
2395 1218 2577 1270 adlmc
2607 1217 2880 1283 dubitent,
2932 1220 2977 1273 si
3010 1234 3258 1289 possunt,
3310 1233 3533 1282 utrumne
3568 1232 3635 1298 qui

2141 1306 2257 1360 lucc
2295 1304 2409 1378 [86]
2458 1308 2765 1376 scripserit.
2828 1309 2941 1361 ullo
2978 1311 3138 1363 modo
3182 1324 3259 1367 est
3300 1325 3353 1367 ut
3398 1316 3425 1366 6
3465 1316 3637 1373 Μαλέλα

2142 1412 2377 1452 vocatus
2405 1398 2589 1452 fuerit.
2624 1396 2744 1451 Jam
2776 1399 2989 1471 Σισὰρα
3017 1411 3069 1453 et
3111 1403 3249 1456 Φουὰ
3271 1419 3420 1473 quam
3447 1406 3574 1461 inviti
3598 1419 3637 1464 et

2141 1501 2467 1545 recusantes
2513 1494 2569 1545 in
2619 1503 3006 1561 argumentum
3048 1495 3349 1550 ducuntur!
3383 1497 3525 1554 Recte
3544 1504 3639 1570 qui-

2143 1579 2265 1633 dem
2301 1579 2503 1634 factum
2538 1596 2567 1634 a
2600 1579 2786 1635 LXXII
2822 1583 2991 1647 viris;
3030 1586 3178 1654 quod
3204 1600 3323 1639 eum
3355 1599 3540 1643 vetusta
3573 1593 3638 1646 illa

2144 1679 2198 1725 et
2248 1671 2454 1742 Ogygia
2515 1676 2738 1726 nomina
2807 1675 3015 1730 litteris
3091 1675 3291 1735 Grmcis
3341 1683 3636 1747 mandarent,

458 1770 731 1839 κωτέρως
787 1785 904 1830 πως
974 1768 1265 1836 protulerit
1314 1766 1587 1836 Μελέλης,
1633 1774 1781 1820 certe
1839 1780 1949 1818 seet

2145 1765 2210 1817 ad
2264 1765 2534 1834 syllabam
2590 1765 2659 1819 de
2700 1781 2962 1821 sermone
3010 1767 3247 1823 barbaro
3298 1781 3636 1841 expresserunt.

460 1861 592 1915 dum
657 1874 744 1913 me
803 1858 1089 1927 iudicasse
1147 1857 1424 1911 videatur.
1476 1857 1686 1911 Crebro
1746 1855 1894 1909 enim
1966 1868 2042 1907 ea:

462 1950 686 2021 syllabae
727 1959 1113 2018 permutantur
1148 1949 1295 2002 inter
1325 1962 1403 2010 se.
1440 1945 1707 2009 Λεωνίδας
1741 1945 2038 2013 Λεωνίδης.

474 2042 681 2111 Ἑρμᾶς
720 2041 951 2111 Ἑρμῆς,
988 2039 1258 2103 ’Λπελλᾶς
1300 2038 1587 2109 ’Δπελλῆς,
1622 2036 1873 2098 Μαλέλας
1919 2036 2042 2088 Μα-

459 2132 643 2203 λέλης,
699 2131 900 2185 Eodem
966 2130 1202 2190 accedit.
1242 2129 1388 2199 quod
1442 2128 1498 2182 in
1540 2128 1748 2197 syllaba
1796 2125 2040 2181 secunda

463 2223 733 2278 statuitur
772 2233 1054 2284 aet-emus,
1088 2220 1184 2274 τοῦ
1209 2221 1435 2274 Μαλέλα
1467 2228 1726 2290 tanquam
1760 2221 1828 2273 ab
1866 2221 1893 2271 6
1922 2221 2042 2271 Μα-

462 2313 623 2375 λέλας
664 2329 774 2368 non
804 2311 1024 2366 Μάλελα
1067 2327 1245 2380 neqtte
1299 2310 1549 2378 Μαλελὰ,
1596 2318 1656 2365 ut
1714 2311 2039 2381 plerumque

464 2405 669 2460 assolet
704 2404 761 2457 in
814 2401 1100 2456 vocabulis
1144 2401 1457 2469 peregrinis
1488 2397 1623 2472 [85].
1660 2397 1865 2453 Verum
1904 2397 2039 2452 illud

465 2498 519 2550 in
564 2495 759 2566 primis
811 2501 898 2547 est
958 2492 1323 2545 admiratione
1368 2492 1632 2561 dignum,
1670 2491 1817 2560 quod
1869 2498 1930 2543 ut
1973 2489 2042 2543 de

466 2585 657 2641 Graeco
705 2585 929 2637 nomine
961 2584 1207 2652 cognitio
1254 2582 1546 2645 habeatur,
1598 2581 1684 2632 ἐπ’
1718 2579 2043 2650 ἀλλοθρόους

465 2675 787 2747 ἀνθρώπους
842 2681 895 2728 et
953 2676 1017 2725 ad
1078 2672 1352 2725 Barbarus
1407 2672 1660 2725 nationes
1715 2678 2039 2741 provocant.

466 2765 750 2834 Siquidem
802 2779 867 2816 ex
924 2762 1247 2816 llunnorum
1305 2770 1466 2830 gente
1519 2770 1651 2815 sunt
1700 2761 1946 2829 Ἀσκοὺμ
1990 2770 2045 2814 et

442 2855 635 2923 Βλάχ,
661 2854 727 2907 de
754 2853 957 2920 quibus
984 2852 1106 2906 vide
1136 2853 1314 2921 ipsum
1346 2850 1593 2904 Malalam
1623 2866 1677 2918 p.
1706 2850 1808 2903 159
1838 2858 1890 2902 et
1920 2849 2039 2902 170.

466 2947 673 3003 Verum
706 2960 803 3013 age
826 2944 1271 3012 quandoquidem
1300 2943 1381 2996 sic
1406 2943 1490 3011 agi
1525 2944 1722 3009 placet,
1746 2942 1883 2995 cedo
1906 2957 2043 3007 quos

2143 1854 2277 1909 Nam
2325 1856 2420 1924 qui
2461 1856 2625 1912 annis
2658 1866 2786 1911 ante
2807 1860 3100 1927 permultis
3130 1873 3465 1919 excesstarant
3491 1881 3518 1919 e
3540 1867 3635 1931 vita,

2145 1947 2314 2008 nulla,
2342 1945 2527 2011 credo,
2563 1947 2632 2001 iis
2660 1949 2863 2003 l‘utnra'
2884 1961 3006 2005 erat
3035 1954 3373 2008 consuetudo
3399 1969 3504 2009 cum
3529 1955 3635 2012 Grai-

2142 2034 2246 2089 cis.
2276 2036 2433 2100 Quod
2465 2036 2509 2090 si
2552 2038 2646 2091 alii
2676 2038 2955 2107 juniorcs,
3007 2041 3207 2108 quibus
3246 2041 3423 2096 eadem
3455 2060 3553 2111 qua
3576 2060 3637 2099 re-

2144 2126 2349 2180 teribus
2403 2127 2513 2182 illis
2571 2129 2821 2193 n0mina,
2857 2145 3021 2185 usum
3053 2141 3107 2185 et
3153 2136 3513 2187 commercium
3550 2149 3636 2189 cum

2143 2215 2347 2271 Graecis
2381 2218 2713 2282 habuerunt,
2768 2222 2893 2276 sine
2938 2223 3108 2277 dubio
3147 2238 3331 2279 eorum
3370 2226 3552 2280 nomina
3574 2226 3637 2281 de-

2142 2311 2345 2363 clinata
2402 2319 2530 2363 sunt
2587 2312 2652 2365 ad
2719 2328 2980 2367 normam
3053 2315 3224 2371 Graeci
3283 2317 3543 2371 sermonis.
3577 2315 3637 2371 Sic

2143 2400 2162 2454 l
2198 2400 2433 2471 Paralip.
2463 2418 2585 2471 cap.
2619 2420 2739 2463 vin.
2759 2416 2845 2459 est
2878 2408 3109 2475 quidam
3135 2408 3366 2473 Ἀνανία,
3396 2418 3447 2464 et
3470 2425 3564 2479 cap.
3589 2425 3635 2462 xu

2144 2493 2367 2562 Βερχία,
2403 2496 2507 2561 vel,
2541 2503 2598 2548 ut
2647 2496 2701 2549 in
2735 2512 2841 2552 ms.
2877 2500 3058 2569 liegio
3091 2509 3195 2563 est,
3225 2501 3470 2570 Βαραχία.
3492 2502 3634 2555 Eadem

2144 2594 2445 2639 occurrunt
2509 2588 2734 2640 nomina
2789 2589 2841 2641 in
2895 2588 3051 2645 Test.
3108 2590 3260 2645 Novo
3320 2592 3493 2662 (Syrus
3537 2592 3634 2646 enim

2145 2675 2417 2745 interpres
2444 2685 2498 2731 et
2535 2679 2624 2731 hic
2668 2686 2723 2731 et
2760 2678 2874 2732 illic
2908 2679 3223 2748 Ilhananio,
3269 2683 3491 2752 Brachia)
3514 2700 3524 2735 :
3551 2697 3634 2735 cum

2145 2767 2333 2840 Graeca
2388 2775 2569 2820 tamen
2623 2770 3042 2835 terminatione,
3095 2772 3368 2836 ’Δνανίας,
3413 2772 3633 2843 Βαραχίας.

2146 2858 2414 2911 Similiter
2448 2860 2660 2928 antiqui
2703 2861 2780 2913 illi
2832 2862 3066 2928 Ἰακὼϐ,
3119 2865 3333 2936 Ἰι›.ισὴφ,
3372 2867 3516 2918 Σαοὺλ
3550 2879 3635 2932 per-
3722 2912 3723 2915 η

2147 2958 2314 3017 petuo
2344 2949 2705 3002 nominantur
2730 2968 2742 3002 :
2768 2950 3031 3017 juniores
3061 2970 3211 3016 vero,
3243 2971 3330 3022 qui
3356 2970 3463 3007 cum
3492 2951 3636 3006 Grecis
3722 2988 3723 2997 η

465 3039 652 3093 volent
691 3037 954 3088 arbitros.
996 3033 1280 3087 Stabimus
1318 3033 1483 3085 etiam
1526 3032 1853 3085 llunnorum
1889 3032 1947 3098 ju

2231 3056 2261 3092 ιι
2299 3042 2627 3105 habuerunt,
2679 3042 2960 3106 Ἰάκωϐος,
2998 3044 3292 3114 Ἰώσηπος,
3344 3045 3531 3107 Σαῦλος.
3555 3044 3638 3106 Quo

464 3128 595 3181 cio:
637 3139 815 3193 neque
854 3122 1102 3176 homines
1141 3123 1360 3191 plebeii,
1395 3122 1490 3175 sed
1529 3137 1687 3190 reges
1738 3130 1791 3197 et
1820 3122 2043 3189 regibus

468 3214 704 3286 proximi
735 3212 1201 3281 pronuntiabunt.
1235 3209 1414 3265 Verba
1449 3222 1582 3265 sunt
1618 3210 1824 3264 Malalie
1850 3225 1903 3278 p.
1932 3209 2000 3262 59
2028 3227 2041 3264 :

469 3308 579 3361 Καὶ
608 3307 837 3377 ἦνεγκεν
865 3302 980 3373 ἃμα
1008 3301 1175 3355 αὐτοῦ
1223 3302 1365 3355 κατὰ
1400 3302 1639 3355 ’Λττιλᾶ.
1677 3300 1913 3355 Maxime
1958 3314 2047 3354 re-

470 3415 619 3470 gum,
655 3398 796 3451 bona
830 3404 921 3449 tua
946 3396 1101 3449 venia
1125 3394 1360 3448 libenter
1392 3396 1722 3465 rogaverim,
1745 3393 2046 3463 qniGrzece

466 3490 688 3547 vocaris
718 3503 851 3543 casu
896 3495 1075 3541 recto.
1116 3485 1229 3540 Cur
1282 3494 1463 3539 autem
1522 3498 1792 3555 occupato
1824 3484 2044 3540 molesti

470 3582 705 3641 sumus?
751 3580 1126 3647 Respondebit
1158 3594 1255 3649 pro
1282 3593 1347 3632 eo
1375 3578 1601 3632 Malalas
1630 3579 1830 3633 ibidem
1860 3596 1873 3631 :
1921 3578 2045 3630 Ὠσ-

468 3678 650 3739 αύτως
685 3673 742 3727 δὲ
777 3673 871 3726 καὶ
898 3671 1147 3733 ’Δττιλᾶς
1194 3667 1540 3739 ἐτελεύτησε.
1577 3669 1667 3723 Sic
1705 3685 1898 3724 omnes
1935 3683 2046 3723 uno

470 3756 590 3821 ore.
624 3764 778 3834 Apud
812 3764 1059 3816 Priscum
1089 3760 1360 3816 Thracem
1393 3763 1446 3815 in
1483 3761 1853 3815 Collect‘aneis
1904 3761 2046 3814 Con-

471 3858 706 3917 stantini
745 3856 1248 3925 Porphyrogeuiti;
1299 3852 1662 3923 corrigendos
1694 3852 1871 3907 obiter
1923 3852 2047 3905 Sui-

470 3951 595 4011 das,
648 3949 743 4017 qui
806 3948 1045 4015 Πρίσκος
1094 3946 1171 3997 ait
1218 3945 1456 4015 Πανίτης
1508 3944 1749 4015 ἔγραψεν
1804 3945 2045 4013 ἱστορίαν

469 4038 813 4108 Βυζαντικὴν
847 4038 941 4090 καὶ
968 4036 1113 4091 κατὰ
1143 4037 1427 4098 Ἀτταλον,
1451 4037 1572 4107 lege
1600 4037 1743 4090 haud
1776 4044 2044 4107 cunctan-

472 4141 574 4195 ter,
608 4128 985 4198 Βυζαντιακὴν
1018 4129 1112 4181 καὶ
1162 4128 1303 4181 κατὰ
1333 4127 1599 4198 Ἀττήλαν
1644 4128 1727 4181 vel
1771 4127 2040 4196 Ἀττήλαο

472 4222 613 4292 apud
663 4220 935 4283 Priscum,
978 4220 1225 4288 inquam,
1264 4220 1557 4289 aliquoties
1594 4221 1745 4289 legas
1777 4218 2043 4288 Ἀττήλας

470 4318 559 4369 καὶ
597 4314 824 4385 Βλήδας.
858 4312 907 4368 ls
930 4314 1111 4366 Attilae
1140 4312 1312 4366 frater
1346 4319 1487 4375 erat,
1516 4327 1544 4365 a
1570 4310 1856 4364 Jornande
1886 4310 2041 4363 Bleta

2145 3133 2397 3200 exemplo
2428 3133 2590 3186 etiam
2636 3132 2875 3203 Σισάρῖις
2904 3144 2963 3187 et
3014 3137 3194 3200 Σάλας
3243 3148 3295 3191 et
3323 3136 3477 3198 Φούας
3504 3140 3637 3189 essent

2146 3222 2315 3289 dicti;
2367 3224 2413 3277 si
2468 3224 2774 3278 Antiochia:
2819 3227 3094 3281 vixissent
3137 3231 3217 3282 vel
3265 3229 3314 3282 in
3356 3230 3450 3282 alia
3499 3227 3636 3296 quavis

2146 3312 2371 3365 civitate
2399 3310 2612 3375 Gra‘ea,
2648 3321 2703 3365 et
2752 3317 3079 3368 memoriam
3124 3333 3300 3371 rerum
3331 3326 3561 3385 gestarum
3580 3314 3630 3366 lit-

2146 3406 2280 3460 teris
2306 3405 2755 3474 consignassent.
2800 3406 2993 3474 Neque
3020 3424 3154 3463 vero
3195 3408 3397 3463 inlieior
3424 3407 3636 3476 Syrorum,

2105 3518 2111 3524 '
2147 3506 2313 3566 atque
2339 3497 2579 3552 Arabum
2610 3499 2829 3553 nomina
2865 3501 3190 3571 frequenter
3220 3504 3270 3554 in
3300 3502 3341 3554 A
3379 3502 3531 3552 littera
3560 3503 3637 3548 tero

2146 3590 2346 3643 minari
2380 3605 2395 3643 :
2440 3599 2715 3643 servatam
2745 3605 2866 3645 esse
2899 3608 2927 3644 a
2981 3593 3192 3648 Graecis
3226 3608 3340 3646 eam
3374 3584 3635 3644 terminatio-

2147 3695 2272 3734 nem
2301 3695 2559 3748 pernego.
2602 3681 2851 3741 Abdalla.
2883 3682 3150 3745 Masalla,
3186 3682 3428 3751 Tapltala.
3463 3678 3524 3732 Ita
3545 3672 3632 3743 qni-

2146 3771 2271 3826 dem
2306 3772 2539 3826 Arabes.
2563 3770 2852 3837 Quomodo
2878 3782 3067 3826 autem
3099 3774 3310 3827 Grzeei?
3334 3771 3635 3837 Theophanes.
3718 3758 3719 3823 ἓ

2146 3878 2203 3932 p.
2233 3863 2339 3917 294
2366 3882 2380 3916 :
2423 3863 2742 3931 Μουαμὲδο
2781 3862 2876 3915 τοῦ
2907 3862 3160 3917 ’Μεδελῶ
3197 3863 3335 3916 Perii
3364 3860 3583 3930 equidem.
3601 3855 3637 3904 in

2144 3954 2189 4008 A
2240 3955 2341 4008 Ιιοο
2366 3956 2501 4018 exit,
2553 3963 2609 4007 et
2663 3964 2857 4007 contra
2900 3970 2986 4008 me
3025 3956 3178 4008 facit.
3228 3953 3330 4008 Sed
3367 3954 3474 4005 nolo
3511 3961 3580 3999 eos
3600 3946 3636 3995 in

2156 4043 2406 4097 lmtitiam
2462 4041 2670 4096 frustra
2711 4043 3006 4110 conjicere.
3043 4043 3180 4097 Illud
3221 4044 3357 4097 enim
3404 4040 3637 4109 periment-

2149 4134 2310 4188 mode
2351 4134 2647 4187 intervenit
2704 4134 2907 4188 ibidem
2961 4136 2990 4187 6
3025 4135 3284 4200 ’Λὸὁελᾶς
3327 4136 3447 4201 υἱός,
3466 4142 3509 4187 et
3535 4126 3633 4199 apII-l

2145 4220 2415 4279 Zonaram
2456 4225 2763 4294 Μασάλμας
2791 4227 2819 4279 6
2845 4226 2953 4279 τῶν
2983 4224 3237 4299 ’Δρὰὁων
3280 4225 3511 4299 ἀρχηγός,
3534 4217 3633 4289 apud

2148 4313 2401 4369 Malalam
2459 4316 2723 4383 Ταφαρᾶς
2776 4318 2805 4370 6
2859 4316 3158 4389 φύλαρχος.
3206 4317 3397 4372 Eadem
3447 4314 3550 4369 mihi
3590 4309 3634 4362 de

468 4405 673 4471 dictus,
707 4418 737 4457 ιι
773 4402 1045 4473 Prospero
1078 4403 1373 4472 depravate
1405 4404 1591 4467 Bleba,
1629 4417 1659 4455 a
1702 4401 2040 4471 Tlie0pbaue
2070 4399 2114 4453 D
2145 4402 2390 4475 Syriacis
2416 4406 2729 4461 nominibus
2760 4410 3034 4461 sententia
3066 4417 3174 4464 est.
3206 4407 3510 4478 Porphyrius
3534 4397 3632 4470 apud

470 4497 666 4560 Βδέλας
687 4511 700 4525 ·
735 4494 1004 4557 Ἀττιλᾶς,
1029 4495 1230 4564 inquit,
1267 4493 1579 4563 Ὀμνουδίου
1606 4495 1735 4556 παῖς
1760 4488 2048 4545 ἀποϐαλὼν

468 4591 671 4645 Βδέλαν
698 4588 791 4642 τὸν
819 4586 1192 4658 πρεσϐύτερον
1219 4585 1472 4654 ἀδελφόν.
1502 4585 1741 4641 Verbum
1785 4585 1920 4640 illud
1961 4585 2045 4640 di-

468 4682 691 4736 viduum
728 4680 914 4742 l'acito,
948 4690 1005 4735 et
1034 4679 1219 4734 scribe
1246 4681 1273 4731 6
1328 4679 1598 4731 Μνουόίου
1646 4678 1774 4742 παῖς
1802 4677 1887 4731 vel
1928 4675 2042 4730 fore

467 4780 617 4825 tasse
676 4768 1000 4834 Μουνδζίου.
1057 4766 1368 4833 Jornandes
1428 4768 1576 4823 enim
1643 4767 2040 4822 Mundzuccum

468 4861 740 4923 nominat,
778 4870 834 4915 et
859 4860 1182 4931 Sigebertus
1220 4859 1555 4923 Mundzucli,
1582 4873 1871 4930 perperam
1912 4873 2043 4914 vero

468 4948 810 5019 Nicephorns
856 4948 1121 5006 Callistus
1176 4950 1498 5020 Νουμίδιον.
1538 4949 1682 5015 Quid
1732 4948 1915 5003 Attilae
1944 4964 2043 5019 pa-

467 5052 651 5109 truus,
697 5040 860 5096 Ῥοὺα
907 5057 979 5097 ne
1033 5041 1363 5097 deelinabile
1410 5057 1480 5097 an
1519 5040 1747 5105 Ῥούαςῖ
1801 5039 1878 5095 De
1938 5041 2043 5096 hoc

467 5139 674 5187 statuet
706 5130 850 5187 idem
891 5129 982 5186 ille
1019 5130 1285 5195 Priscus;
1311 5131 1468 5201 cujus
1492 5131 1661 5186 verba
1691 5139 1842 5195 sunt,
1880 5129 2042 5184 Ῥούα

467 5223 844 5293 βασιλεύοντος
874 5222 982 5276 τῶν
1012 5220 1233 5276 Οὓννων
1266 5228 1321 5275 et
1367 5220 1519 5293 παρὰ
1547 5221 1639 5274 τὸν
1696 5219 1893 5274 Ῥούαν
1931 5220 2041 5289 ἅφ-

465 5315 753 5369 ικνεῖσθαι.
786 5315 867 5369 lta
902 5314 1083 5378 Βάλας
1126 5312 1234 5368 dux
1272 5310 1599 5367 llunnorum
1652 5312 1796 5381 apud
1840 5309 2042 5365 Procoo

463 5404 638 5473 pium,
672 5404 1043 5461 Vaudalorum
1080 5406 1388 5476 ’Λμμάτας,
1421 5393 2042 5473 ϐοιιιιοτυιιιΤρίππας

463 5502 518 5546 et
572 5495 798 5563 Βέσσας,
852 5507 907 5552 et
943 5498 1170 5570 Μὸρῤας
1199 5505 1252 5551 et
1288 5494 1562 5567 Μαρκίας,
1604 5503 1661 5549 et
1702 5492 1953 5553 Ἀλσίλας
1986 5499 2040 5545 et

463 5583 784 5654 Οὐσδρίλας.
820 5586 963 5642 Eant
1015 5605 1164 5644 nunc
1194 5599 1247 5644 et
1307 5588 1377 5643 ab
1421 5585 1636 5640 lluunis
1684 5584 1889 5644 malum
1933 5581 2038 5636 sibi

464 5675 995 5759 mendicantaApud
1026 5678 1279 5769 Malalam
1310 5679 1522 5751 reperio
1561 5694 1615 5748 p.
1647 5674 1789 5730 2l0:
1832 5672 2037 5764 Τζίττα

2144 4495 2441 4549 Eusebium
2485 4495 2747 4565 Scaligeri
2779 4515 2791 4550 :
2829 4499 3171 4568 Πτολεμαῖος
3200 4502 3258 4554 δὲ
3308 4496 3630 4567 ἀγανακτήσας,

2143 4588 2226 4640 ὅτι
2256 4584 2332 4657 τῷ
2358 4586 2646 4658 Πηλουσίῳ
2679 4590 3015 4660 προσέϐαλεν
3048 4593 3078 4644 6
3122 4594 3433 4663 Δημήτριος,
3461 4588 3537 4642 ἅτε
3559 4581 3631 4635 τῶν

2146 4680 2272 4731 κατ’
2303 4677 2581 4745 Αἴγυπτον
2620 4682 2967 4750 πραγμάτων
2984 4683 3280 4754 ἐχόμενος,
3313 4682 3496 4750 πέμπει
3526 4675 3631 4745 βασι·

2142 4769 2242 4822 λέα
2270 4770 2369 4839 τῆς
2396 4768 2584 4832 Ἀσίας
2606 4770 2981 4841 Ἀλέξανδρον,
3014 4774 3092 4838 ὡς
3120 4775 3233 4827 υἱὸν
3265 4760 3630 4839 Ἀλεξάνδρουνά

2142 4859 2230 4912 διὰ
2259 4860 2320 4913 τὸ
2354 4860 2431 4924 ὡς
2458 4860 2767 4930 ἀγοραστὸς
2797 4857 2938 4914 εἶναι
2981 4862 3078 4915 τοῦ
3120 4862 3437 4933 Πτολεμαίου
3460 4849 3631 4910 Σασινᾶς

2142 4950 2422 5020 ἐπεκλήθη
2461 4951 2599 5020 πρὸς
2625 4950 2735 5003 τῶν
2778 4949 2987 5021 Σύρων,
3019 4959 3073 5007 et
3112 4952 3413 5023 Iosephus:
3447 4943 3630 5007 Ἀλέξαν-

2141 5042 2265 5114 δρον
2294 5044 2385 5096 τδν
2430 5042 2657 5097 Ζεόινᾶν
2701 5042 3112 5113 ἐπιλεγόμενον.
3135 5044 3203 5100 Ει
3252 5043 3428 5098 eodem
3467 5033 3627 5090 nomine

2142 5133 2540 5197 Antiochensis
2570 5137 2867 5203 episcopus
2901 5135 3124 5200 Ζεϐῑνος
3161 5134 3465 5204 Nicephoro,
3492 5120 3625 5180 Ζέόεν·

2142 5238 2233 5285 νος
2258 5219 2528 5277 Ζεῡεηηιη
2554 5222 2792 5279 Eusebio
2822 5232 2877 5278 et
2900 5224 3239 5296 Hieronymo
3268 5231 3486 5276 vocatur.
3507 5204 3623 5278 Atqui

2143 5312 2463 5381 ἀγοραπός,
2483 5322 2710 5382 emptus,
2744 5312 2969 5384 Syriace
2990 5324 3075 5371 est
3093 5314 3260 5369 Zbino
3284 5313 3360 5367 vel
3384 5306 3540 5363 Ibin.
3571 5296 3621 5384 ll?

2141 5402 2334 5459 Graece
2365 5407 2575 5460 dixeris
2617 5404 2756 5479 [87],
2788 5382 3055 5478 V’lmévirqq
3083 5409 3111 5461 6
3159 5403 3458 5475 ’Δντιοχεὺςν
3492 5395 3537 5455 ὃς

2140 5495 2202 5548 τὸ
2239 5496 2525 5566 φιλολόγος
2550 5475 2689 5551 εἶναι
2716 5475 2973 5562 Μαλέλας
3007 5475 3277 5570 ἐπεκλήθη
3304 5491 3425 5559 πρὸς
3449 5484 3532 5539 τῶν
3554 5475 3618 5530 Σῦ·

2146 5601 2270 5653 ρων,
2326 5586 2429 5653 νει.
2473 5594 2532 5641 ut
2592 5587 2824 5657 propius
2881 5585 3147 5658 Syrorum
3186 5576 3614 5663 pronuntiationem

2143 5678 2499 5749 subsequitur
2561 5677 2934 5737 Damascenus
2991 5678 3131 5754 ipse,
3166 5658 3360 5745 Svrus,
3405 5658 3615 5724 Μαλάλαςι
