3776 6204
202 324 257 405 731
1180 314 1546 387 EPISTOLA
1574 322 1693 381 RIC

1848 310 2197 380 tENTLEII.
3229 311 3339 378 73?.

199 443 461 506 κωισιοιο
495 442 585 497 vel
637 440 844 497 Halala
883 444 967 496 est
1011 444 1223 501 orator,
1266 437 1551 505 eloquens,
1592 434 1668 487 lo-
1695 439 1741 495 Α
1766 431 1876 501 ψας
1901 440 1956 486 et
2002 430 2222 501 Βάρκας
2256 433 2385 482 sunt
2426 425 2583 492 dicti,
2615 424 2767 489 quia
2798 423 3012 480 Latinis
3035 423 3198 490 Juba,
3244 426 3344 483 Mi-

199 537 413 612 mnm
456 532 676 593 dimcne
702 539 787 587 εει
830 530 1151 599 conicum;
1199 526 1442 597 assequi,
1486 535 1663 579 utram
1773 521 1950 590 cipsa,
1981 519 2174 573 Barca.
2206 517 2314 573 Nec
2355 527 2539 572 tamen
2588 518 2700 581 htec
2728 534 2851 589 qua
2884 522 3132 590 proxime
3161 526 3343 580 nomi-

196 608 423 688 abnusam
450 631 820 696 cognomento
856 623 950 675 illo
980 628 1179 676 auctus
1206 619 1371 674 fuerit
1398 615 1663 682 Joannes,
1775 611 1925 672 navi,
1961 609 2029 664 de
2075 608 2283 663 Gracia
2314 609 2483 699 petita
2521 617 2685 674 sunt;
2733 610 2827 665 8θά
2869 626 2932 665 8!
2979 612 3165 673 Africa
3192 624 3345 670 recto

197 720 560 788 Διλεῖνᾶριστθς,
597 712 1006 777 ἀδυνατώτατος
1034 712 1236 779 λέγειν.
1274 709 1396 781 Ipse
1426 709 1686 788 Porphy-_

1851 716 1972 755 nere
1997 701 2281 771 deportata
2322 707 2450 753 sunt
2479 701 2534 753 in
2575 699 2808 755 Italiam.
2836 701 2978 767 Quid
3010 704 3183 770 enim,
3218 719 3342 759 cum

194 784 658 879 riusapopularihus
701 806 819 859 suis
859 804 1013 873 Syris
1045 802 1261 856 Malcho
1307 801 1421 854 sive
1452 784 1685 855 Huic/ia-

1897 790 2189 860 Ἀμίλκας,
2223 790 2473 852 Ἀννίϐας
2507 790 2816 859 proferunt,
2858 791 2911 845 hi
2972 793 3249 848 Hamilcar
3292 802 3348 850 et

195 895 659 956 iocabatur:Grace
688 909 818 948 vero
864 910 972 948 non
1011 894 1231 962 Μὰλχα,
1279 891 1377 945 sed
1424 889 1667 958 Μάλχος.
1779 880 2089 945 Hannibal;
2121 896 2232 935 non
2277 881 2419 949 signi
2464 880 2570 935 hoc
2613 881 2749 936 satis
2777 891 2884 945 est,
2939 880 3082 938 unde
3114 893 3351 954 utraque

1779 982 1908 1030 sunt
1941 972 2483 1043 accersita?Nempe
2510 974 2568 1027 hi
2602 974 2907 1028 masculina
2946 976 3166 1031 nomina
3198 979 3355 1033 Afri~

1778 1081 1916 1120 cana
1969 1066 2022 1120 in
2072 1067 2117 1119 Α
2157 1066 2390 1120 libenter
2443 1066 2791 1133 retinebant;
2839 1066 3154 1121 Graecorum
3189 1084 3352 1125 aures

1781 1166 2043 1229 tanquam
2090 1158 2301 1213 absona
2334 1166 2389 1213 et
2438 1158 2771 1212 inconcinna
2818 1159 3211 1229 repudiabant.
3242 1158 3353 1215 Sed

1782 1259 1842 1304 ut
1870 1250 2172 1305 concedam
2196 1250 2331 1304 illud
2356 1249 2603 1320 Ἠμοῢλα
2633 1264 2661 1302 a
2685 1249 3017 1319 Theophane
3049 1250 3353 1319 profectum

1780 1357 1945 1396 esse:
1983 1356 2091 1395 non
2123 1355 2225 1412 ego
2272 1341 2602 1396 monachum
2641 1342 2881 1411 aliquem
2928 1344 3195 1401 adversus
3238 1360 3356 1400 om-

1782 1432 1933 1485 nium
1966 1432 2317 1486 autoritatem
2350 1432 2668 1502 magistrum
2690 1432 2909 1488 dicendi
2933 1448 3128 1504 capere
3155 1436 3354 1501 velim;

1782 1524 1878 1580 sed
1935 1525 2092 1579 illum
2161 1524 2345 1595 ipsum
2406 1525 2473 1579 ad
2537 1525 2780 1582 nationis
2847 1541 2962 1581 sua:
3023 1528 3355 1596 exemplum,

184 1642 335 1697 quaque
402 1624 632 1697 Syriaca
693 1627 920 1679 nomina
977 1623 1181 1677 imitari
1246 1629 1300 1676 ct
1365 1621 1676 1689 exprimere
1782 1615 1928 1669 addo
1981 1614 2148 1670 etiam
2223 1629 2408 1679 suum,
2479 1629 2827 1684 componere.
2892 1613 2989 1670 Vir
3067 1617 3355 1686 multiplici

179 1717 406 1779 debemus,
465 1731 587 1779 cur,
633 1715 909 1779 obsecro,
969 1712 1225 1781 Ἰωάννης
1273 1710 1513 1772 dicitur,
1566 1722 1676 1763 non
1784 1708 2052 1760 doctrinae
2103 1705 2261 1772 copia
2298 1704 2562 1773 praeditus
2616 1704 2941 1761 Eustathius
2998 1706 3359 1762 Thessalonio

186 1808 349 1860 Ἰωανάν
398 1804 668 1860 Μαλὰλαῖ
709 1820 835 1859 nam
884 1802 1040 1875 Syris
1092 1811 1178 1857 est
1238 1798 1569 1861 Julilianon,
1626 1808 1682 1852 ut
1713 1796 1969 1852 Bccnsis
2031 1796 2208 1866 episc.
2266 1803 2528 1850 accurate
2581 1796 2872 1865 disputans
2931 1797 3000 1852 de
3042 1799 3360 1854 Homericis

176 1895 311 1950 LXXII
340 1897 469 1950 viris
495 1896 748 1948 Ἰωανάν.
788 1893 895 1948 Sed
940 1910 1068 1949 ecce
1106 1893 1202 1946 tibi
1236 1892 1667 1954 Cantat-uzenus,

1868 1901 1895 1940 s
1947 1886 2229 1956 ῑππήλατα
2261 1885 2573 1955 Πη).εὺς’θῑ
2614 1885 2875 1957 Ἑρμείας
2916 1888 3192 1959 ἀκάκητα,
3227 1897 3358 1954 etc.,

176 1990 238 2057 qui
274 2003 317 2056 p.
352 1985 474 2040 874.
531 1987 781 2039 Λατίνων
825 2001 942 2047 τις,
978 1984 1087 2044 ait,
1137 1981 1391 2049 Ἰωάννης
1432 1979 1667 2050 Περὰλτα

1865 1994 1896 2032 ιι
1925 1977 2131 2049 Σισάρα
2154 1985 2207 2033 et
2238 1978 2405 2041 Σάλα,
2434 1993 2544 2033 non
2575 1979 2820 2049 Ἦμοῦλα
2854 1981 2919 2034 ad
2952 1990 3139 2050 partes
3165 1990 3356 2049 vocat;

176 2077 675 2147 προσαγορευόμενος.
735 2075 893 2129 Scias
930 2082 1111 2126 autem
1142 2072 1196 2126 in
1245 2084 1481 2141 quantas
1513 2087 1667 2141 angu‘

1871 2086 1911 2123 tn
1950 2068 2205 2123 Giovanni
2238 2070 2457 2139 Peralta
2485 2071 2577 2140 qui
2616 2072 2814 2139 potuit.
2839 2073 3159 2143 priusquam
3190 2074 3239 2129 is
3265 2090 3362 2129 na-

175 2170 269 2223 σύες
286 2169 490 2222 adducti
526 2175 682 2231 sunt,
730 2181 855 2220 cum
910 2164 1163 2225 homines
1195 2162 1319 2231 χθὲς
1362 2162 1459 2216 καὶ
1493 2162 1685 2233 πρώην
1787 2161 2076 2216 sceretur?
2106 2164 2255 2230 quod
2281 2173 2474 2218 contra
2511 2179 2576 2218 ex
2601 2164 2747 2217 omni
2780 2166 3045 2220 memoria
3075 2167 3184 2221 duo
3222 2167 3363 2222 dun-

175 2260 403 2327 γεγονότας
431 2260 639 2313 εωευιο
660 2259 878 2311 demum
907 2271 1019 2319 XIV,
1052 2263 1173 2322 post
1194 2253 1472 2308 Christum
1495 2261 1683 2306 natum
1788 2256 1942 2302 taxat
1974 2258 2241 2304 memorat
2292 2252 2599 2307 masculina
2644 2252 2834 2308 Graeca
2866 2255 2918 2308 in
2954 2256 3018 2319 A,
3053 2272 3229 2325 eaque
3261 2258 3363 2311 mi-

179 2349 419 2401 inreterata
483 2348 598 2416 jam
667 2346 956 2409 barbaria,
1008 2358 1189 2398 causa
1245 2359 1359 2399 sua:
1427 2350 1687 2413 patronos
1788 2341 1940 2395 nime
1971 2355 1999 2393 a
2048 2356 2106 2395 se
2140 2342 2302 2408 lecta,
2358 2343 2453 2398 sed
2496 2342 2848 2400 Eudremonis
2896 2347 2998 2401 title
3033 2347 3361 2413 Pelusiotae;

174 2437 401 2509 adoptant.
428 2438 567 2493 Item
609 2453 742 2493 sane
770 2438 1006 2507 lepidam
1048 2444 1104 2490 et
1150 2437 1423 2506 iocosam.
1449 2432 1688 2489 Joannes
1789 2432 1910 2502 ejus
1938 2432 2153 2501 opinor,
2179 2434 2571 2505 cujusplibrum
2599 2436 2666 2491 de
2693 2435 3098 2511 Ortiiograpliia
3130 2440 3363 2510 Stepha-

164 2528 235 2583 Itic
266 2531 641 2586 Antiochensis
670 2531 808 2584 bene
848 2529 1037 2584 Gi-zece
1067 2527 1287 2582 Μαλέλα
1345 2525 1453 2580 dici
1489 2533 1685 2595 potest,
1791 2538 1897 2576 nus
1926 2522 2251 2595 Byzantius,
2282 2533 2342 2580 et
2388 2525 2588 2581 Suidas
2619 2536 2674 2582 et
2713 2527 3070 2601 Etymologici
3123 2533 3366 2602 scriptor

159 2622 266 2690 quia
293 2621 416 2677 Italo
453 2622 675 2675 cuidam
717 2636 916 2675 nomen
952 2628 1075 2673 erat
1139 2616 1404 2671 Giovanni
1439 2616 1686 2670 Peraltat
1793 2616 2195 2670 eitant.Horum
2224 2630 2394 2672 unum
2426 2618 2701 2689 Illyricum
2734 2636 2859 2675 esse
2891 2637 3112 2686 nomen,
3137 2641 3204 2679 ex
3252 2627 3369 2695 epi*

154 2709 227 2764 Sic
244 2714 375 2766 enim
398 2713 818 2767 Cantacuzeuns
846 2728 898 2780 p.
927 2711 1046 2767 ΓΗ,
1075 2711 1322 2763 Μάλιστα
1338 2710 1395 2762 δὲ
1421 2707 1691 2772 Ντζιουὰν

146 2799 373 2872 Περάλτα
398 2806 428 2856 ὁ
463 2802 673 2856 τούτων
705 2802 949 2873 ἡγεμὼν.
984 2800 1209 2856 Graecus
1249 2802 1355 2856 iste
1393 2808 1478 2854 est
1507 2815 1637 2853 seru

1876 2814 1914 2849 π
1980 2798 2300 2867 Κοπαίνης·
2369 2798 2781 2870 Syracusanum
2835 2803 3067 2856 alterum
3124 2818 3191 2858 cx
3262 2804 3367 2858 So-

142 2891 455 2948 hodiernus:
491 2895 567 2948 ita
588 2896 796 2964 giostra
827 2878 1121 2964 τζοῦστρα,
1143 2895 1359 2963 gingiva
1390 2890 1632 2956 τζιντζίϐ

1880 2904 2032 2953 rone,
2064 2891 2092 2942 ὁ
2146 2890 2419 2962 Μύριλλα.
2467 2890 2834 2961 Democopum
2868 2892 3124 2947 videlicet
3181 2896 3368 2949 archi-

129 2982 272 3050 jemr
300 2981 648 3056 ντξηγάριον,
685 2986 835 3040 vah!
866 3001 1031 3056 quam
1064 2986 1223 3039 velim
1269 2984 1695 3054 progrediamur
1798 2984 2023 3043 tectum,
2077 2995 2201 3033 cum
2262 2981 2545 3035 theatrum
2607 2981 3006 3037 evrediiieasset
3051 2981 3365 3053 Syracusis,

132 3073 357 3147 longius.
393 3090 562 3148 atque
605 3093 714 3131 una
771 3093 938 3147 opera
995 3078 1228 3147 probent
1260 3075 1534 3139 Ντξιουὰν
1568 3076 1694 3129 Μα-
1721 3121 1763 3148 η
1798 3072 2000 3142 populo
2031 3071 2236 3125 viritim
2276 3080 2618 3143 unguentum
2649 3071 3022 3138 distribuisse,
3047 3080 3100 3127 et
3126 3090 3191 3129 ex
3222 3091 3282 3128 ea
3311 3091 3371 3129 rc

136 3164 243 3227 Mla
271 3171 570 3225 dicendum
596 3184 723 3225 esse
753 3187 766 3221 :
806 3167 1025 3223 facinus
1075 3169 1163 3239 pol
1204 3184 1461 3239 magnum
1493 3175 1547 3222 et
1579 3182 1694 3221 me-
1722 3160 1764 3179 “
1798 3172 2165 3233 cognomento
2219 3172 2471 3216 vocatum
2511 3178 2633 3218 esse
2662 3160 2932 3233 Myrillam
2965 3182 2976 3217 :
3031 3181 3225 3234 nempe
3264 3165 3373 3219 ἀπὸ

143 3263 388 3317 morabile
442 3262 715 3317 fecerint.
750 3260 885 3315 Illud
925 3277 1055 3314 vero
1098 3263 1318 3323 durum,
1370 3260 1516 3329 quod
1551 3256 1694 3328 apud
1794 3254 1887 3307 τοῦ
1922 3254 2094 3325 μύρου
2124 3254 2430 3324 Μύριλλαν.
2466 3252 2578 3323 Ego
2616 3269 2742 3308 vero
2794 3253 3178 3310 Eudzemoncm
3219 3258 3371 3311 illum

193 989 238 1045 Ita
256 989 373 1057 Ciplia
403 1003 597 1043 saxum
631 988 850 1058 Κηφᾶς,
895 985 1095 1041 Thema
1133 983 1403 1053 gemellus
1446 982 1667 1057 Emptis,

191 1084 264 1138 etsi
280 1097 357 1151 qua
383 1089 512 1136 sunt
541 1081 673 1133 alia.
694 1078 822 1133 Mal.
846 1095 899 1146 p.
927 1078 1017 1131 41.
1042 1076 1314 1146 Ἀντίοχον
1330 1075 1420 1128 τὸν
1444 1072 1672 1143 ἐπίκλην

189 1172 379 1239 Χώξωνα.
410 1171 605 1226 Hiram
655 1173 710 1224 ni
762 1186 826 1224 ex
880 1170 1095 1223 illorum
1138 1168 1409 1222 sententia
1463 1178 1672 1233 cogno-

189 1278 349 1320 uentum
401 1264 654 1319 Antiochi
706 1261 812 1315 fuit
871 1260 1129 1315 Chuzona
1179 1273 1311 1313 casu
1370 1268 1559 1318 recto,
1616 1263 1676 1308 ut

188 1353 360 1411 lunia:
396 1370 522 1410 cum
572 1354 738 1407 ambo
765 1354 877 1407 sint
908 1351 1329 1406 Antiochenses.
1357 1347 1497 1413 Quid
1544 1360 1675 1416 ergo

186 1448 253 1501 tibi
273 1447 430 1500 volunt
460 1448 567 1501 ista
598 1461 654 1514 p.
703 1443 1112 1513 63..’Δντίοχον
1150 1442 1242 1495 τὸν
1270 1441 1533 1502 Χούζωνα
1584 1436 1675 1491 τὸν

185 1538 349 1607 ἔγγονον,
375 1537 653 1606 Ἀντιόχου
688 1535 781 1597 τοῦ
818 1534 1144 1600 Χοὺζωνοςῖ
1172 1532 1326 1600 Quod
1371 1532 1415 1586 si
1467 1543 1675 1598 usque-

1794 2716 2099 2775 grammale
2122 2710 2383 2778 quodam,
2406 2709 2596 2782 Πατὴρ
2611 2711 2654 2763 δ’
2673 2710 2761 2781 ἔμ’
2786 2711 2902 2783 [89]
2918 2713 3083 2782 ἔφυσε
3107 2715 3366 2778 κόπαινα.
3443 2726 3455 2737 ⁸

141 3347 511 3423 Theophanem
544 3367 630 3409 est
661 3353 917 3423 Ἰωάννης
953 3354 980 3405 ὁ
1010 3352 1239 3421 ἐπίκλην
1281 3351 1544 3419 Ἠμοῦλα.
1587 3348 1697 3402 Nec

137 3454 159 3492 I
187 3443 418 3501 Victore
468 3446 647 3501 solum
683 3454 913 3499 vocatur
978 3442 1227 3504 Henmla,
1263 3442 1359 3497 sed
1402 3439 1699 3495 Anastasio

133 3534 325 3601 etiam,
389 3535 488 3604 qui
557 3533 944 3603 Theophanem
1012 3532 1065 3586 in
1135 3532 1393 3584 Latinum
1468 3541 1700 3583 conver-

133 3621 239 3679 tit:
303 3641 337 3679 ι
399 3624 659 3681 Liberato
735 3624 977 3677 Diacono
1046 3621 1287 3675 Joannes
1353 3619 1533 3684 Mela;
1593 3619 1700 3674 nisi

132 3710 367 3772 fortasse
416 3715 704 3785 depravati
730 3750 735 3751 ν
761 3722 893 3769 sunt
928 3714 1174 3769 codices.
1215 3711 1297 3766 Ex
1334 3708 1541 3765 Graecis
1571 3721 1701 3763 verr

132 3806 498 3875 scriptoribus
534 3807 690 3861 solus
731 3802 1097 3874 Theophanes
1138 3812 1191 3857 et
1236 3802 1403 3858 semel
1440 3797 1705 3855 «luntaXat

131 3898 476 3967 togiiomiuis
503 3897 631 3964 ejus
660 3896 995 3951 mentionem
1030 3893 1164 3948 facit
1203 3912 1217 3947 :
1254 3893 1470 3947 cazteris
1495 3890 1707 3960 simpli-

1792 3344 1963 3413 jubeo
1988 3344 2231 3414 κρόμμυ’
2256 3344 2484 3409 ἐσθίειν,
2514 3351 2573 3397 ut
2601 3345 2877 3398 hominem
2921 3345 3225 3402 infortunio
3259 3363 3377 3403 ma-

1798 3444 1939 3490 ctem
1991 3452 2004 3488 :
2071 3434 2348 3504 siquidem
2403 3436 2601 3505 religio
2667 3443 2787 3491 erat
2850 3438 3146 3493 Pelusiotis
3209 3455 3375 3510 cepas

1798 3538 2045 3599 gustare.
2080 3527 2217 3582 Nam
2259 3526 2628 3597 profectode
2674 3528 3096 3599 Syracusiorum
3142 3530 3377 3587 dialecto

1802 3637 1927 3676 cras
1956 3621 2145 3683 credo,
2188 3619 2353 3674 hodie
2400 3619 2558 3673 nihil.
2593 3618 2922 3676 Theocritus
2970 3621 3376 3693 Syracusanus,

1804 3713 1894 3783 qui
1930 3713 2189 3768 idiomate
2218 3712 2515 3765 vernaculo
2550 3720 2816 3782 perpetuo
2855 3721 2939 3767 est
2978 3729 3110 3769 usus
3136 3713 3379 3781 (Μοῦσαν

1804 3801 1849 3856 δ’
1876 3801 2092 3871 devequ
2124 3799 2309 3854 οὖποτ’
2351 3800 2787 3871 ὲφειλκυσάμην)
2816 3817 3001 3858 annon
3053 3805 3093 3856 Σ
3136 3805 3377 3860 litteram

1805 3893 2015 3963 ubique
2038 3901 2245 3959 servat,
2274 3892 2571 3963 Δαμοιτας,
2601 3893 2914 3959 Μενάλκας,
2944 3895 3236 3966 Ἀμύντας,
3263 3897 3383 3951 Διο-

132 3986 261 4042 citer
290 3989 545 4043 Joannes
567 3997 821 4051 vocatur,
856 3985 1168 4056 Nicephoro
1195 3982 1308 4055 [88]
1350 3981 1702 4046 Patriarchae,
1806 3982 2060 4047 κλείδαςτ
2108 3982 2225 4038 Non
2268 3984 2467 4055 Apollo
2504 3985 2774 4055 Δσφνίτας
2826 3985 3118 4057 Syracusis
3161 3988 3381 4045 coleba-

132 4066 439 4144 Nicephoro
498 4075 764 4140 Callisto;
818 4075 962 4128 sicut
1015 4082 1069 4127 et
1125 4070 1354 4126 Leontio
1416 4071 1623 4142 Byzant

1886 4076 1936 4129 r?
1966 4073 2084 4130 Non
2139 4072 2359 4131 Hicetas
2389 4076 2723 4148 Syracusius
2746 4077 3111 4147 philosophus
3141 4094 3172 4133 a
3217 4079 3377 4136 Cice-

132 4160 526 4235 Chrouicoque
581 4165 871 4220 Orientali.
923 4163 1044 4230 Quo
1086 4164 1260 4232 magis
1318 4161 1605 4225 adducor.
1646 4168 1707 4216 ιιι
1808 4183 1941 4222 rone
1967 4168 2231 4223 laudatur
2263 4169 2319 4223 in
2364 4168 2739 4225 Academicis?
2767 4186 2872 4226 non
2903 4187 3094 4226 eorum
3127 4188 3381 4229 sermone

135 4254 388 4311 vitiosum
417 4271 546 4312 esse
598 4254 733 4309 illud
784 4255 1015 4310 verbum
1054 4253 1397 4319 existimem;
1445 4262 1500 4308 et
1540 4254 1706 4307 istum
1808 4259 2065 4326 γαφάγας
2098 4258 2386 4314 lumbricus
2421 4261 2563 4330 apud
2594 4259 3041 4331 Etymologicon?
3074 4279 3184 4317 non
3215 4263 3381 4320 dissic

132 4343 365 4411 apicem,
407 4347 506 4416 qui
543 4347 601 4401 in
642 4346 803 4401 libris
854 4360 999 4401 mss.
1039 4344 1485 4400 terminationem
1520 4360 1585 4407 ας

1887 4353 1960 4407 ilo
2017 4351 2161 4423 apud
2232 4352 2565 4424 Hesychium
2625 4353 2894 4422 scriptum
2954 4369 3079 4408 esse
3129 4356 3378 4425 Γαφάτα.

132 4446 301 4501 gnaro
333 4440 500 4505 solet,
547 4439 620 4495 ab
649 4438 959 4508 indiligenti
1008 4436 1238 4492 librario
1264 4444 1535 4490 mutatum
1584 4450 1623 4489 e:

1891 4438 2064 4513 ὠληξ’
2118 4443 2214 4498 sed
2247 4459 2375 4498 vero
2418 4443 2623 4514 duplici
2664 4456 2876 4497 errore.
2926 4440 3060 4495 Nam
3106 4446 3311 4500 excidit
3344 4448 3382 4500 Σ

131 4528 215 4581 vel
239 4531 693 4596 pratermissum.
720 4528 1031 4583 Prtesertim
1062 4542 1187 4583 cum
1216 4536 1421 4582 cuncta
1452 4525 1506 4580 id
1530 4540 1622 4596 gen

1881 4545 2017 4599 tera,
2059 4542 2119 4588 ut
2149 4550 2252 4589 usu
2296 4534 2484 4589 venire
2519 4535 2680 4600 solet,
2723 4550 2848 4590 cum
2904 4536 3150 4604 proxime
3184 4538 3372 4594 subsc-

132 4620 353 4676 Itolnina
380 4623 580 4693 praeter
603 4622 707 4677 hoc
733 4634 900 4676 unum
929 4620 997 4673 ab
1019 4619 1140 4688 ipso
1164 4616 1495 4687 Theophane
1523 4630 1620 4687 per

1895 4634 2016 4679 atur
2043 4625 2216 4679 altera
2244 4644 2256 4678 :
2291 4626 2336 4678 T
2372 4633 2553 4681 autem
2588 4624 2849 4680 facillime
2876 4634 3121 4682 mutatur
3146 4628 3199 4683 in
3235 4629 3296 4691 Γ.
3328 4640 3386 4686 ut

129 4713 296 4767 scribi
322 4714 572 4782 videam;
594 4713 846 4785 'Apian,
868 4711 1138 4777 Ἀττίλας,
1161 4710 1493 4780 Μασάλμας,
1516 4707 1620 4761 ’Λᾶ

1896 4716 1947 4771 bi
1983 4709 2305 4788 Στένυτρον,
2342 4715 2839 4790 εὐρνπωδέστερον,
2881 4720 3239 4793 συριγγῶδεςν
3286 4737 3387 4793 pro

127 4796 325 4869 λωας,
369 4806 695 4871 Romam,
743 4805 851 4861 alia
882 4802 1312 4872 quamplurima.
1360 4800 1551 4870 Itaque
1605 4798 1711 4854 hoc
1816 4807 2139 4877 Στενυγρδν,
2169 4807 2497 4879 εὑριπῶδες,
2535 4806 2742 4873 στενὸν,
2778 4811 3135 4883 συριγγῶδες.
3171 4812 3245 4869 Ne
3274 4813 3390 4886 ipse

122 4888 185 4945 ia
220 4893 363 4961 loco,
390 4908 452 4951 ut
505 4911 630 4951 mea
680 4893 790 4951 fert
835 4895 1049 4965 opinio,
1077 4892 1226 4948 facta
1262 4900 1348 4949 est
1386 4891 1612 4963 'I‘heoph

1897 4900 2036 4953 idem
2100 4899 2354 4969 Sophron
2426 4901 2586 4957 aliter
2642 4900 2859 4957 locutus
2932 4913 3037 4959 est.
3092 4906 3388 4962 Athenaeus

108 4978 359 5054 injuria.
414 4989 549 5053 Nec,
587 4990 735 5059 quod
780 4988 1115 5043 Anastasius
1149 4993 1206 5041 et
1237 4984 1432 5041 Victor
1481 4984 1599 5039 Han

1902 5033 1915 5045 .
1940 5006 2015 5045 vlt
2043 5007 2057 5043 :
2094 4990 2207 5044 Καὶ
2255 4992 2408 5063 παρὰ
2440 4990 2685 5065 Σώφρονι
2719 4995 2747 5048 ὁ
2779 4993 3134 5067 Θυννοθήρας,
3165 5007 3220 5052 et
3250 5015 3390 5069 καρ-

102 5068 329 5135 IAtine
362 5086 716 5149 nuncupant,
743 5094 858 5134 non
899 5077 1201 5143 Remulus;
1229 5078 1405 5148 magis
1439 5078 1493 5131 id
1524 5092 1593 5146 qu

1900 5080 2018 5154 ριας
2052 5081 2339 5151 aliquanto
2375 5082 2631 5150 inferius,
2662 5100 2716 5157 p.
2752 5084 2880 5152 sos,
2912 5070 3174 5156 Σώφρων,
3209 5068 3391 5139 Θυννο-

130 5177 302 5232 ﬂuam
330 5185 560 5229 movere
586 5169 954 5245 debet,quam
989 5170 1137 5240 quod
1163 5168 1373 5223 Attilae
1399 5166 1611 5222 Latinis

1900 5160 2024 5241 ραῐα
2051 5170 2109 5225 δὲ
2131 5172 2346 5243 γαστὴρ
2375 5174 2680 5245 καρχαρίας
2704 5172 2733 5225 ὁ
2755 5175 2970 5238 κὰτινος
2989 5173 3176 5245 δῆσθε.
3197 5173 3391 5229 Priora

150 5254 301 5325 citur,
331 5262 432 5333 qui
454 5262 1064 5325 Graeisest’Asvﬂac.
1088 5259 1224 5315 Nam
1262 5260 1546 5330 peregrina
1568 5258 1714 5328 ejus-
1820 5262 1986 5316 verba
2046 5277 2168 5331 quae
2221 5261 2553 5325 Casaubono
2604 5263 2911 5320 molestiam
2964 5265 3263 5332 creabant,
3310 5267 3393 5321 sic

154 5352 350 5439 modi
385 5352 610 5407 nemina
641 5351 816 5408 ϐεετί
842 5350 1138 5422 Latinique
1182 5349 1367 5406 neutri
1405 5348 1478 5405 ab
1508 5349 1645 5404 alter

1899 5366 1941 5420 πο
1983 5368 1996 5406 :
2042 5352 2282 5424 Σώφρων
2312 5353 2676 5425 Θυννοθήραι.
2712 5353 2772 5407 Ἀ
2806 5355 2862 5411 δὲ
2909 5354 3143 5428 γαστὴρ,
3197 5355 3249 5410 id
3283 5368 3390 5422 est,

155 5437 234 5493 κει
259 5445 335 5499 ab
356 5445 499 5515 ipsis
520 5444 788 5499 Barbaris
812 5445 1030 5516 utrique
1057 5448 1408 5512 acceperunt.
1450 5440 1592 5496 Toto
1616 5440 1646 5508 il

1903 5444 2149 5516 ννοϐήρᾳ.
2196 5442 2465 5498 Nimirum
2494 5445 2599 5501 iste
2629 5445 2769 5505 liber
2815 5445 3166 5518 Θυ,ννοθήρας
3195 5447 3394 5502 ἱηεοτὶ-

154 5531 229 5583 ίαν
254 5538 407 5593 colo
422 5539 637 5594 erravit
672 5538 1017 5604 Priscianus,
1045 5553 1172 5594 cum
1202 5537 1370 5593 Turio
1388 5544 1444 5593 et
1469 5536 1645 5607 Bagra

1903 5551 1950 5591 is
1976 5535 2337 5607 esI.-Etgmol.
2362 5537 2420 5590 in
2442 5534 2595 5592 'Il'iat.
2622 5538 2721 5601 Ὠς
2747 5555 2881 5611 φησι
2907 5536 3149 5613 Σώφρων
3170 5539 3229 5591 ὲν
3255 5539 3394 5593 Θυν-

152 5616 368 5684 (M'rica
401 5637 540 5687 sunt
574 5630 684 5684 ista
728 5628 979 5699 numina)
1016 5629 1284 5685 declinari
1310 5635 1470 5699 putat
1515 5642 1547 5682 a
1581 5627 1643 5681 Τε

1902 5627 2048 5699 θήρᾳ.
2088 5626 2225 5683 Male
2256 5627 2385 5682 alibi
2419 5627 2478 5682 ὲν
2509 5628 2897 5702 Θυννοθήραις.
2934 5629 3089 5701 Quod
3116 5632 3163 5686 si
3206 5646 3393 5687 verum

155 5706 261 5778 θίας
289 5727 353 5774 et
393 5717 709 5790 Ba‘rpbﬁac.
742 5719 790 5772 Α
835 5716 1044 5776 Gracia
1064 5718 1289 5790 quidem
1330 5716 1525 5785 Ἰόϐας,
1557 5717 1646 5771 Mt:

1899 5728 1927 5808 ξ
1940 5717 2073 5808 illud
2099 5716 2541 5803 deponiocopo,
2571 5722 2717 5792 vulgi
2745 5722 2869 5793 joco
2897 5734 3203 5794 cognomen
3232 5735 3390 5779 suum
