3776 6204
370 305 394 330 “
430 314 561 378 ~783

1331 309 1431 368 DE
1464 304 1785 367 JOANNIS
1821 304 2012 363 MALA

2123 302 2143 360 Ξ
2174 304 2270 364 CI]
2280 302 2379 362 ΒΟ
2389 308 2528 367 NOG
2540 303 2831 365 RAPHIA
3489 316 3574 381 ’281

444 427 673 495 adeptus
700 436 822 479 esse
843 418 1122 481 videatur,
1145 417 1275 487 quia
1314 417 1570 471 fortassis
1597 429 1660 469 ea
1687 420 2016 482 tempestate
2044 418 2090 473 Α
2115 418 2395 484 tanquam‘
2412 414 2458 468 si
2505 416 2534 466 ὁ
2581 414 2735 467 Κάτο
2779 411 2962 469 dicens
3010 421 3062 468 et
3088 414 3115 466 ὀ
3144 415 3345 486 Κίκερο,
3388 432 3438 475 se
3458 436 3580 491 egre.

448 514 745 587 Syracusis
793 518 983 567 scorto
1056 510 1300 580 cuipiam
1365 521 1474 561 non
1532 505 1760 575 ignobili
1819 518 2020 557 nomen

448 609 617 661 fuerit
668 604 903 674 Myrilla.
962 605 1096 657 Nam
1151 600 1398 655 mulieris
1450 599 1505 651 id
1544 597 1769 667 quidem
1816 610 2022 650 nomen

447 712 571 753 esse
614 696 919 765 .proprium
977 694 1245 747 certiores
1283 678 1387 744 nos
1445 688 1575 741 facit
1624 694 1781 755 poeta
1830 686 2022 739 nescio

448 788 574 856 quis
605 789 750 841 inter
786 786 1015 856 Lyricos
1053 783 1117 837 Η.
1155 781 1436 850 Stephani.
1483 778 1836 849 Στρατὸκλεις
1870 776 2023 843 φίλος

447 876 744 946 Κυθήρης,
804 874 1166 946 Στρατόκλεις
1205 872 1357 940 φίλος
1404 870 1705 938 Μυρίλλης.
1768 868 1874 920 Ἴδε
1923 867 2022 937 τὴν

448 966 609 1036 φίλην
651 968 911 1034 γυναῖκα,
978 963 1226 1032 Κομάει,
1282 960 1512 1030 τέθηλε,
1559 960 1787 1029 λάμπει.
1844 956 2022 1010 Ῥόδον

446 1058 656 1111 ἀνθέων
708 1056 958 1120 ἀνάσσει,
1002 1055 1183 1107 Ῥόδον
1227 1056 1284 1105 ἐν
1323 1053 1517 1122 κόραις
1557 1052 1828 1121 Μυρίλλα.
1862 1050 2022 1115 Quod

448 1146 514 1200 ad
552 1146 804 1199 Κόπαινα
834 1146 1051 1207 attinet.
1081 1145 1186 1201 etsi
1223 1160 1331 1199 non
1366 1144 1531 1199 facile
1575 1145 1735 1197 lidetn
1768 1143 2021 1203 habeam,

446 1235 649 1290 viderit
679 1236 745 1290 de
777 1251 842 1291 eo
873 1237 1041 1290 verbo
1081 1236 1497 1305 epigrammatis
1526 1246 1755 1298 auctor;
1788 1233 1881 1303 qui
1913 1232 2025 1284 for-

448 1335 615 1389 tasse,
643 1341 769 1379 cum
798 1326 1095 1380 barbarum
1137 1325 1380 1397 Illyrium
1425 1325 1827 1396 βαρϐαρίζοντα
1862 1324 2025 1389 indu-

447 1417 630 1481 xerit,
685 1417 824 1471 bene
880 1427 1154 1472 moratum
1210 1432 1434 1472 carmen
1494 1417 1690 1470 fecisse
1743 1414 2020 1467 videatur.

446 1506 604 1572 Quod
641 1509 685 1574 si
722 1509 844 1581 quis
874 1508 987 1581 [90]
1020 1510 1332 1580 lllyriorum
1384 1509 1636 1577 exemplo
1686 1505 1942 1575 Ἰωάννης
1993 1505 2022 1557 ὁ

446 1596 672 1651 Μαλέλα
719 1578 1172 1669 pr'oferre'velit;
1229 1600 1283 1655 id
1340 1597 1559 1669 quidem
1605 1597 1830 1668 perinde
1891 1604 2018 1659 est,

2124 504 2212 573 gie
2268 505 2421 573 loqui
2470 504 2660 558 Graece
2715 504 3037 569 contendat;
3073 507 3194 574 quia
3247 510 3369 576 apud
3419 511 3582 565 Aristo.

2122 596 2362 664 phanem
2391 597 2549 650 Caris
2595 595 2883 651 Cantilena
2917 605 3019 657 est,
3051 597 3350 666 Θρεττανελὸ
3389 600 3462 654 τὸν
3501 602 3585 655 Klio

2125 686 2350 740 κλωπαο
2385 696 2439 742 ει
2472 688 2689 758 Scytha:
2722 689 2879 742 istius
2907 689 3080 742 Attica
3117 691 3394 756 elegantia:

2240 802 2333 869 ξΩς
2349 801 2612 868 ἐλαπρός
2629 801 2828 869 ὥσπερ
2851 802 3050 869 ψύλλο
3077 802 3219 854 κατὰ
3241 803 3300 854 τὸ
3319 802 3482 857 κώδιο.

2228 866 2303 923 Ὦ
2329 866 2514 938 γρᾴδῧ
2539 872 2617 934 ὡς
2642 866 2913 937 καρίἑνίό
2939 887 3033 924 σοι
3058 872 3122 923 τὸ
3151 873 3419 939 τυγάτριο,

2227 943 2349 993 Κοὺ
2373 940 2627 994 δύσκολ’
2651 942 2811 995 ἀλλὰ
2839 938 2989 1009 πρᾶο
3007 957 3019 970 ·
3056 940 3167 993 ποῦ
3197 938 3259 993 τὸ
3280 941 3469 1008 γρᾴδιο.

2126 1050 2232 1105 Sed
2269 1054 2499 1105 nimium
2532 1054 2648 1119 ditt,
2689 1056 2762 1107 mi
2807 1054 2959 1119 Milli,
2997 1055 3049 1106 in
3078 1054 3298 1124 litigiosa
3340 1054 3427 1109 hac
3452 1056 3591 1128 dispu-

2124 1145 2333 1196 tatione
2371 1154 2423 1196 te
2472 1144 2793 1198 demoratus
2853 1161 2994 1198 sutn.
3048 1144 3200 1198 Dabis
3244 1152 3401 1197 autem
3431 1151 3592 1202 veniam

2124 1234 2481 1301 necessitati;
2509 1250 2634 1288 nam
2665 1249 2875 1305 postea,
2901 1251 2995 1305 per
3016 1250 3095 1287 me
3126 1236 3262 1299 licet,
3283 1237 3364 1288 alii
3393 1245 3441 1289 ut
3461 1237 3613 1295 volent.

2126 1325 2445 1395 loquentur,
2481 1343 2587 1381 non
2619 1326 2877 1396 equidem
2910 1328 3139 1392 invideo,
3165 1342 3329 1394 neque
3358 1327 3591 1382 interccdo.

2119 1417 2231 1472 ltno
2254 1418 2536 1471 enimvero
2572 1418 2939 1473 invitissimus
2965 1419 3079 1472 hate
3109 1417 3314 1487 scripsi,

2242 1529 2337 1594 Ὣς
2359 1531 2471 1598 οὐχ
2504 1529 2814 1598 ὑπάρχων,
2842 1530 3002 1585 me.
3028 1532 3439 1601 τιμωρούμενος.
3461 1515 3472 1526 ’

1754 1974 2360 2062 ADDENDA.

511 2321 655 2376 Ecce
678 2320 876 2376 iterum
900 2319 1210 2390 Crispinus.
1232 2318 1367 2373 Cum
1397 2318 1540 2372 enim
1565 2316 1745 2372 adhuc
1770 2316 2009 2387 supersit
2041 2323 2081 2378 Β
2111 2330 2230 2370 ιιιοι·
2255 2316 2523 2370 Arundel.
2555 2314 2800 2385 (Edipus
2830 2329 2965 2370 vero
2988 2326 3245 2385 tyrannus
3272 2311 3504 2367 secundas
3523 2317 3605 2363 tan.

446 2411 653 2466 chartae
692 2412 1118 2480 aliquantulum,
1157 2418 1216 2464 ut
1260 2420 1453 2463 narrat
1487 2408 1905 2479 typographus;
1941 2407 2018 2461 nio

448 2503 648 2555 mirum
679 2502 726 2555 ei
758 2516 982 2571 parcere
1006 2501 1197 2565 stulta,
1228 2508 1289 2554 ut
1309 2500 1384 2553 ait
1407 2499 1518 2563 ille,
1539 2498 1680 2553 foret
1702 2498 2013 2552 clementia.

449 2592 776 2647 Percurram
827 2592 994 2659 igitur
1050 2589 1347 2660 Epistulam
1401 2597 1594 2653 totam,
1647 2589 2016 2642 adnotaturus

448 2682 769 2744 identidem,
793 2682 838 2735 si
865 2696 974 2751 qua
997 2680 1081 2735 vel
1112 2679 1398 2735 retractari
1427 2678 1748 2749 diligentius
1777 2679 1862 2731 vel
1892 2691 2017 2731 eor-

448 2775 547 2843 rigi
584 2773 843 2826 debeant.

516 2863 816 2931 Principio,
849 2862 988 2917 bene
1011 2861 1230 2931 quidem
1264 2861 1464 2914 factum
1496 2858 1642 2929 quod
1672 2858 1818 2929 (pag.
1857 2858 1913 2926 ι)
1949 2857 2017 2912 de

446 2954 775 3025 etymologia
820 2953 914 3005 τοῦ
954 2951 1309 3022 Ἦρικεπαίου
1363 2951 1653 3020 supersedi
1708 2950 2013 3018 inquirere.

446 3044 708 3110 Quamvis
748 3043 893 3096 enim
940 3042 1062 3111 Ἢρι
1100 3042 1151 3094 in
1181 3042 1495 3097 Graacorum
1539 3040 1834 3094 verborum
1867 3054 2016 3093 com-

445 3134 724 3202 positione
758 3146 868 3184 non
899 3126 1218 3199 infrequens
1248 3130 1343 3195 sit,
1394 3128 1681 3199 Ἠριπόλη,
1713 3128 2012 3197 ἠριγένεια,

445 3224 743 3294 ἡριγέρων,
802 3221 1095 3290 ἡριθαλές·
1158 3220 1334 3273 nihilo
1390 3228 1571 3273 tamen
1628 3220 1808 3275 minus
1869 3234 2015 3287 pere-

446 3315 661 3383 grinam
693 3328 817 3367 esse
846 3327 1036 3368 vocem
1078 3311 1210 3364 mihi
1245 3310 1434 3364 videor
1465 3318 1618 3363 certo
1654 3309 2012 3377 comperisse.

448 3402 732 3474 Siquidem
782 3419 888 3454 κεπ
932 3401 1166 3471 syllaba,
1211 3400 1356 3469 quod
1403 3399 1528 3469 jure
1578 3399 1817 3461 tnireris,
1858 3399 2016 3466 plane

446 3497 621 3550 aliena
650 3506 735 3549 est
758 3504 921 3565 atque
944 3496 1151 3549 absmia
1192 3508 1221 3546 a
1248 3491 1650 3547 consuetudine
1681 3505 1806 3544 cum
1840 3489 2012 3543 Graeci

445 3596 562 3642 tum
610 3586 789 3640 Latini
843 3587 1138 3641 sermonis.
1193 3586 1363 3639 Σκεπ.
1411 3583 1631 3653 quidem
1691 3584 1744 3635 in
1798 3581 2010 3646 σκέπω,

447 3680 811 3751 περισκεπὴς,
851 3679 1182 3748 σκέπαρνον,
1217 3685 1348 3743 etc.,
1377 3695 1504 3729 κεπ.
1539 3687 1719 3729 autem
1754 3688 2017 3743 nusquam
2046 3660 2087 3717 (οἶ

447 3772 720 3832 occurrit',
747 3771 892 3839 quod
926 3772 1118 3832 sciam,
1152 3776 1508 3836 prmterquam
1540 3769 1593 3820 in
1619 3768 1860 3833 Κέπιρος.
1888 3766 2017 3819 Eam

446 3876 549 3930 ego
594 3875 805 3922 vocem,
867 3874 993 3912 cum
1049 3858 1297 3911 solitaria
1346 3858 1419 3910 sit
1465 3864 1626 3924 atque
1666 3856 1866 3920 unica,
1925 3856 2015 3908 vix

446 3950 659 4013 dubito,
698 3950 831 4017 quin
865 3948 994 4000 olim
1029 3946 1507 4015 pronuntiaverint
1535 3943 1715 4013 Ke/fos
1752 3961 1857 3998 non
1885 3943 2019 4013 Κερ-

446 4042 529 4111 fas
551 4057 570 4093 :
599 4048 762 4109 prout
794 4038 960 4091 hodie
987 4035 1192 4103 Σαπφὼ
1220 4034 1369 4104 εαῙῙο
1404 4035 1657 4098 dicimus,
1696 4051 1800 4089 non
1829 4035 2013 4104 Sapfo.

444 4133 601 4202 Apud
634 4130 863 4184 Latinos
892 4136 1076 4196 autem
1112 4143 1222 4179 κεπ
1256 4127 1519 4197 syllabam
1554 4127 1771 4180 brevem
1809 4126 2014 4182 frustra

444 4224 789 4293 quiesiveris.
853 4220 1165 4289 Conceptio,
1202 4218 1459 4287 perceptio
1511 4226 1565 4272 et
1613 4218 1849 4281 similia,
1900 4236 2016 4289 κηπ

444 4316 649 4371 habent
705 4312 1027 4383 productam
1083 4325 1112 4363 a
1151 4310 1381 4379 percepi,
1436 4308 1757 4377 concepi.-
1789 4313 2010 4377 Anceps,

442 4421 652 4476 auceps,
691 4406 932 4475 princeps
979 4401 1085 4471 κεψ
1120 4401 1175 4455 in
1233 4402 1509 4471 scriptura
1561 4399 1858 4464 exhibent,
1903 4415 2015 4454 non

442 4515 551 4555 κεπ
584 4514 597 4551 :
635 4512 811 4566 neque
846 4509 975 4549 vero
1009 4491 1237 4548 casibus
1273 4491 1514 4561 obliquis
1561 4489 1771 4546 faciunt
1805 4493 2013 4561 aucept’s

440 4596 536 4644 aut
565 4587 855 4657 princepir.

510 4678 609 4748 Ep.
642 4695 696 4748 p.
732 4680 815 4731 l2.
850 4673 967 4746 [9t]
1010 4672 1081 4728 Ut
1114 4679 1333 4744 egomet
1377 4674 1558 4728 vineta
1620 4688 1739 4728 mea
1785 4672 2011 4737 credam,

442 4771 582 4825 falso
632 4769 842 4824 credidi
890 4779 1002 4822 tres
1038 4766 1176 4820 istas
1218 4755 1513 4835 Sephbclis
1562 4766 1778 4822 fabulas
1804 4781 1868 4820 ex
1907 4783 2014 4819 una

439 4858 727 4928 tetralogia
786 4855 977 4919 fuisse,
1033 4856 1462 4909 continuatione
1528 4856 1780 4924 serieque
1837 4855 2014 4911 histo-

438 4950 537 5005 riae
574 4948 632 5002 in
694 4960 816 5001 eam
871 4944 1188 5014 opiniOnem
1245 4944 1536 5000 adductus.
1571 4946 1711 5000 Ἀλλ’
1735 4947 1795 5000 οὐ
1832 4946 2014 5001 πεσών
2043 4980 2087 5039 c

436 5057 502 5112 γε
528 5036 779 5108 ἐκείμην.
816 5032 988 5103 Culpa
1017 5033 1163 5088 enim
1198 5034 1464 5102 postridie
1487 5036 1827 5106 deprehensa
1854 5038 2015 5092 etiam

437 5130 679 5186 amoveri
706 5126 868 5182 facile
885 5124 1081 5195 potuit,
1097 5125 1142 5179 si
1162 5127 1608 5195 pertypothetam
1631 5128 2020 5184 licuisset.’A).-

435 5225 501 5277 λὰ
520 5222 579 5275 τὸ
615 5221 713 5293 μὲν
741 5214 1108 5289 προτετύχθαι
1140 5215 1375 5286 ἐάσομεν
1412 5217 1704 5288 ἀχνύμενοί
1732 5236 1858 5290 περ,
1888 5218 2018 5275 ρετ-

437 5324 554 5367 ιιιιιι
588 5321 671 5367 est
724 5327 818 5367 eas
847 5308 1145 5380 tragtedias
1194 5307 1355 5379 longo
1406 5309 1694 5379 interjeeto
1727 5313 2015 5369 intervallo

440 5403 608 5458 fuisse
632 5403 829 5458 editas.
867 5403 1180 5473 Antigonen
1215 5401 1289 5455 ita
1316 5402 1588 5471 placuisse
1625 5404 1829 5469 ferunt,
1859 5413 1917 5459 ut
1951 5419 2014 5460 ea

437 5494 613 5561 gratia
642 5503 877 5565 prtetura
919 5494 1183 5565 Sophocli
1223 5493 1614 5551 decerneretur
1648 5497 1701 5551 in
1734 5498 1877 5553 bello
1918 5499 2014 5552 ad-

438 5597 628 5638 versus
663 5584 902 5641 Samios.
960 5585 1100 5657 Ergo
1149 5594 1273 5641 acta
1304 5602 1446 5643 esse
1500 5586 1717 5641 videtur
1745 5603 1891 5642 anno
1924 5605 2008 5654 nt,

440 5671 647 5746 'lemp.
689 5677 1122 5767 LXXXIV,.&laliS
1158 5677 1326 5750 Soph.
1358 5694 1470 5748 LVI,
1519 5681 1824 5736 secundum
1865 5679 2012 5735 alar.

2126 2416 2236 2460 tum
2273 2407 2533 2470 obtinuit,
2568 2416 2623 2462 et
2649 2409 2828 2461 victus
2855 2414 2944 2461 est
2966 2423 2995 2461 a
3019 2405 3254 2460 Philocle
3285 2422 3297 2457 :
3325 2404 3439 2472 quin
3464 2411 3507 2456 et
3534 2402 3606 2453 αἱ·

2123 2497 2313 2568 diputn
2351 2498 2677 2565 Coloneum,
2720 2514 2879 2567 quem
2940 2506 3183 2552 extrema
3239 2504 3487 2550 senectute
3518 2491 3606 2544 fecit

2123 2590 2366 2643 omnium
2406 2590 2791 2654 novissimam,
2817 2588 3081 2642 editionis
3103 2596 3333 2653 tempore
3363 2582 3604 2637 antecessit.

2122 2679 2517 2748 Argumentum
2545 2678 2682 2733 OEd.
2714 2679 2846 2748 Tyr.
2883 2680 3009 2732 Εἰσὶ
3030 2679 3085 2731 δὲ
3117 2680 3206 2730 καὶ
3224 2679 3269 2729 οἱ
3300 2676 3525 2744 Πρότερον
3546 2671 3606 2723 ai-

2121 2769 2235 2832 τὸν,
2278 2771 2338 2821 οὗ
2388 2769 2662 2840 Τύραννον
2709 2770 3132 2838 ἐπιγράφοντες,
3179 2768 3264 2819 διὰ
3301 2767 3411 2827 τοὺς
3447 2762 3608 2833 χρόνους

2121 2863 2230 2915 τῶν
2255 2863 2613 2916 διδασκαλιῶν
2646 2865 2740 2916 καὶ
2768 2863 2857 2917 διὰ
2882 2864 2957 2916 τὰ
2984 2864 3301 2934 ,πράγματα
3330 2860 3401 2912 ita
3426 2857 3608 2911 scribeno

2123 2952 2227 3006 dus
2261 2966 2347 3006 est
2382 2954 2486 3007 iste
2516 2954 2693 3016 locus,
2738 2968 2899 3021 quem
2941 2953 3124 3006 minus
3153 2949 3401 3003 intellexit
3444 2957 3609 3012 magnus

2121 3040 2495 3098 Camerarius.
2569 3044 2709 3097 Sunt
2766 3044 2862 3113 qui
2922 3043 3067 3097 hanc
3137 3042 3360 3095 fabulam
3408 3036 3608 3103 llidipum

2123 3133 2366 3188 Priorem
2424 3135 2753 3198 inscribunt,
2809 3149 2920 3187 non
2971 3132 3108 3187 οιῖςι.
3165 3131 3483 3202 Tyrannum:
3522 3126 3610 3195 quia

2120 3223 2281 3291 prior;
2302 3230 2420 3275 erat
2459 3239 2582 3277 cum
2618 3232 2862 3289 tempore
2895 3223 3156 3283 actionis,
3189 3231 3297 3275 tum
3330 3221 3457 3276 serie
3484 3232 3609 3272 rerum

2124 3322 2423 3382 gestarum.
2462 3312 2532 3365 Ea
2561 3313 2724 3381 hujus
2754 3314 2856 3366 loci
2892 3315 3166 3366 sententia
3208 3322 3307 3367 est.

2192 3402 2292 3471 Ep.
2316 3419 2367 3472 p.
2393 3405 2483 3469 14,
2502 3421 2646 3458 vers.
2671 3405 2723 3457 5.
2743 3405 2917 3471 Auget
2949 3406 3297 3458 vehementer
3326 3402 3615 3471 suspicionem

2121 3504 2365 3548 nostram
2420 3496 2534 3561 ipse
2575 3494 2831 3547 Clemens
2873 3495 2926 3547 in
2967 3494 3328 3563 Protreptit-o,
3356 3494 3433 3561 qui
3460 3500 3615 3559 postca-

2122 3599 2282 3652 qnam
2318 3600 2509 3639 versus
2553 3600 2649 3638 eos
2682 3595 2940 3653 tanquam
2974 3584 3307 3654 Sophocleos
3326 3580 3618 3654 protulit.Ob-

2120 3677 2240 3730 τοσὶ
2281 3677 2401 3745 μὲν,
2443 3678 2541 3740 ait,
2579 3678 2677 3746 ἤδη
2705 3677 2799 3729 καὶ
2826 3677 3443 3745 παρακεκινδυνευμένος
3460 3670 3616 3736 Eximi:

2121 3768 2327 3837 σκηνῆς
2382 3769 2483 3839 τὴν
2537 3769 2794 3839 ἀλήθειαν
2848 3772 2963 3832 τοῖς
3017 3769 3235 3831 θεαταῖς
3269 3766 3616 3835 παρεισήγαγεν.

2119 3859 2264 3931 Ergo
2294 3870 2347 3914 et
2375 3861 2673 3915 Clementis
2706 3862 2916 3930 judicio
2965 3860 3025 3914 in
3057 3861 3255 3930 capitis
3305 3860 3512 3913 venisset
3534 3853 3616 3905 dis-

2118 3952 2344 4017 crimen,
2374 3953 2695 4022 quicunque
2729 3969 2824 4007 eos
2858 3953 2990 4007 olim
3033 3953 3090 4005 in
3131 3966 3343 4007 scenam
3379 3947 3618 4005 detulisset.

2117 4038 2154 4093 li
2191 4041 2319 4095 alibi
2353 4042 2593 4096 citantur
2617 4042 2721 4098 hoc
2752 4043 3002 4112 exemplo
3038 4063 3053 4098 :

2258 4175 2469 4248 ᾃνςητοι
2499 4176 2569 4248 δε
2604 4180 3043 4245 πουλυκερδείᾳ
3067 4179 3428 4248 πλανώμενοι

2270 4244 2706 4323 ζιδξυίξάμξςνθα
2728 4244 3021 4323 credre?
3042 4244 3420 4323 «0901993197.!-

2258 4314 2420 4366 Θεῶν
2449 4314 2740 4382 ἀγάλματ’
2771 4318 2840 4369 ἐκ
2873 4319 3061 4371 λίθων
3087 4314 3152 4371 τὲ
3181 4314 3275 4374 καὶ
3296 4314 3486 4380 ξύλων

2261 4385 2337 4437 ’Ἠ
2360 4386 2821 4451 χρυσοτεύκτων
2846 4386 2884 4454 ἢ
2920 4388 3312 4457 ’λεφαντίνων
3336 4387 3545 4443 τύπους·

2115 4493 2504 4560 Quamobrem.
2534 4497 2660 4564 quia
2685 4498 2866 4550 nullus
2885 4498 2999 4563 jam
3036 4499 3189 4553 locus
3214 4505 3295 4552 est
3321 4504 3533 4550 censura:
3551 4499 3618 4540 no-

2115 4594 2241 4640 sttte
2275 4587 2327 4638 in
2353 4586 2552 4639 πολλὸν
2589 4595 2645 4641 et
2680 4587 2949 4657 χαλκέων,
2978 4590 3085 4644 alia
3119 4590 3336 4646 afferam
3367 4584 3616 4655 argumenll

2114 4686 2355 4745 oportet,
2391 4692 2493 4731 cur
2521 4679 2793 4732 subdititii
2836 4681 2972 4734 sint.
3004 4680 3190 4735 Multis
3220 4695 3345 4733 sane
3372 4670 3616 4730 nominibus
3708 4710 3709 4715 η

2118 4782 2225 4820 ηοιι
2256 4768 2435 4836 placet
2473 4767 2605 4821 illud
2641 4769 3057 4841 πουλυκερδείᾳ.
3088 4770 3223 4823 Nam
3249 4766 3390 4837 quid,
3421 4763 3615 4817 obsecro.
3708 4802 3709 4841 ξ

2118 4856 2248 4911 facit
2278 4857 2449 4911 πουλὺ
2478 4859 2533 4912 in
2560 4860 2842 4929 tragoadia:
2875 4860 3127 4916 diverhio
3147 4861 3171 4914 ?
3191 4868 3272 4914 est
3301 4856 3430 4912 enim
3457 4866 3512 4906 ex
3534 4846 3617 4898 dia-

2119 4948 2259 5005 lecto
2308 4949 2511 5005 Ionica.
2560 4950 2741 5020 Neque
2793 4966 2923 5005 vero
2966 4952 3085 5006 δεια
3137 4951 3416 5020 spondeus
3452 4943 3496 4997 iu
3527 4934 3618 4990 εεάε

2124 5040 2240 5113 [92]
2271 5050 2467 5111 quarta
2500 5042 2635 5115 ferri.
2670 5051 2849 5113 potest
2873 5053 3062 5099 contra
3099 5058 3305 5099 morem
3333 5025 3616 5094 consuetudi-

2125 5149 2357 5202 nemque
2383 5132 2764 5203 Tragicorum.
2820 5136 3181 5190 Theocritus:
3214 5133 3323 5188 Καὶ
3348 5114 3617 5199 φιλοκερδιίῐι

2124 5224 2501 5296 βεϐλαμμένον
2542 5226 2714 5297 ἄνδρα
2764 5226 3075 5296 παρελθεῖν.
3100 5225 3288 5295 Neque
3301 5235 3449 5292 porro
3472 5209 3616 5265 πουλυ·

2121 5315 2343 5385 κερδεια
2377 5317 2443 5371 de
2494 5317 2729 5371 avaritia
2762 5318 2942 5388 possis
2960 5318 3213 5387 accipere
3236 5327 3354 5369 cum
3388 5301 3615 5371 interprete

2120 5405 2422 5462 Clementis
2459 5426 2472 5461 :
2503 5422 2694 5462 verum
2740 5423 2803 5463 ea
2859 5408 3129 5464 sententia
3192 5404 3418 5467 nimiunn
3448 5388 3614 5484 quidetn

2118 5502 2298 5568 inepta
2332 5509 2498 5569 atque
2519 5501 2755 5567 inllceta,
2786 5502 2959 5572 quasi.
2972 5501 3018 5556 si
3045 5497 3322 5571 prudentia
3337 5491 3443 5547 sive
3462 5483 3613 5575 uult!

2118 5590 2366 5645 homines
2398 5591 2457 5645 in
2498 5606 2742 5647 errorem
2776 5590 3094 5647 inciderint.
3142 5581 3481 5653 Πολυκέρδεια
3507 5575 3613 5625 ea"

2114 5692 2198 5740 est
2232 5682 2562 5765 πολυϊδρεια·
2596 5695 2654 5740 ιιι
2680 5684 2902 5757 L‘lysses
2940 5683 3257 5741 Homericus
3286 5698 3301 5734 :
