3776 6204
459 369 566 432 737

1389 374 1486 433 DE
1517 376 1837 436 JOANNIS
1870 377 2190 438 MALALE
2231 375 2880 445 CHRONOGRAPHIA

3526 387 3608 453 788

461 488 633 559 Lycas
684 487 896 585 faciunt
942 486 1152 585 liuere,
1188 488 1531 559 Pythagorae,
1571 490 1749 562 Lycie.
1807 494 2042 558 Quando
2077 531 2113 585 Α
2148 505 2302 550 tuum
2333 495 2768 564 Testamentum,
2796 498 2904 567 iam
2938 496 3048 555 fere
3075 492 3141 554 ad
3177 499 3459 557 umbilicum
3480 518 3613 570 usque

461 589 652 633 nostra
684 577 899 631 ratione
931 578 1179 641 nomina,
1209 593 1331 647 qua:
1378 581 1621 649 genitivo
1659 585 1710 636 in
1740 582 1785 635 E
1815 594 2040 647 exeunt,

2149 587 2472 655 perductum
2512 607 2526 641 :
2578 604 2687 657 quo
2718 589 2770 643 in
2808 603 2993 657 Opere,
3018 591 3121 645 nisi
3165 596 3545 655 ver‘erer;coram
3570 596 3613 651 in

463 667 802 749 nominativo
833 668 877 719 Α
915 668 1220 735 liniuntur;
1254 678 1310 722 ut
1344 670 1599 724 Catilina!
1623 671 1887 728 Catilina.
1936 671 2045 727 Sed
2145 690 2207 729 os
2238 685 2292 731 te
2327 676 2573 744 laudare,
2599 677 2833 733 dicerem
2862 694 3021 748 quam
3061 678 3223 750 longo
3251 684 3496 738 intervallo
3514 684 3617 739 alio.

463 760 580 814 hinc
611 757 798 813 Graeca
827 766 977 825 sunt,
1002 758 1123 815 ideo
1148 759 1202 813 in
1238 761 1586 814 nominativo
1618 758 1658 814 S
1690 761 1926 817 litteram
1960 778 2046 817 re-

463 853 663 908 tinent.
703 849 961 921 Quadam
999 858 1182 905 tamen
1235 850 1475 921 perdunt
1513 849 1552 905 S
1578 851 1815 906 litteram
1859 853 1915 907 in
1948 866 2049 908 no-

465 942 754 1005 minativo,
797 950 855 994 ut
893 938 1102 1003 Νίσαια,
1145 939 1373 1001 Medica.
1408 939 1556 1011 Ergo
1592 943 1646 996 in
1678 943 1766 999 his
1795 944 2049 999 nomina-

464 1035 593 1087 tlvis
628 1034 971 1087 consuetudo
1002 1031 1271 1086 servanda
1303 1041 1407 1091 est.
1456 1033 1557 1089 Ubi
1602 1034 1892 1107 legendum
1938 1043 2045 1102 est,

467 1122 630 1177 Nicia
661 1136 715 1177 et
739 1123 955 1177 Demea.
979 1121 1114 1177 Vide
1144 1121 1321 1193 Epist.
1351 1138 1475 1195 pag.
1506 1125 1594 1180 83.

539 1214 635 1284 Ep.
668 1231 723 1285 p.
751 1215 839 1281 75,
872 1232 923 1269 v.
949 1214 1039 1269 55.
1067 1212 1173 1269 Sed
1194 1230 1468 1285 nusquam
1489 1216 1617 1271 alibi
1658 1225 1767 1272 tam
1793 1215 2051 1289 frequens

468 1321 659 1362 earum
687 1307 960 1361 vocalium
992 1305 1104 1379 [95]
1135 1309 1280 1362 inter
1307 1323 1366 1362 se
1391 1309 1723 1376 permutatio
1751 1317 1856 1374 est,
1886 1324 2049 1380 quam

470 1399 525 1452 in
565 1396 601 1450 9
624 1398 789 1453 codd.
825 1413 960 1454 mss.
996 1400 1159 1469 longe
1202 1400 1635 1470 antiquissimis,
1680 1401 2052 1458 Alexandrino

470 1502 583 1546 uno
611 1491 666 1545 in
700 1491 1034 1546 bibliotheca
1066 1494 1255 1562 Regia,
1274 1493 1367 1562 qui
1397 1492 1607 1563 integra
1632 1493 1855 1549 exhibet
1882 1492 2054 1550 Biblia

470 1591 527 1636 et
558 1581 833 1651 Epistolas
863 1579 929 1637 S.
952 1581 1254 1638 Clementis
1304 1582 1373 1636 ad
1427 1583 1756 1640 Corinthios
1793 1600 1806 1638 :
1852 1583 2056 1639 Canta-

472 1671 735 1741 brigiensi
785 1679 970 1727 autem
1027 1673 1223 1738 altero,
1279 1673 1473 1728 mutilo
1507 1673 1731 1743 quidem
1774 1680 1828 1729 et
1860 1672 2057 1729 decur-

473 1773 620 1828 tato;
662 1766 865 1834 quippe
903 1766 995 1835 qui
1030 1767 1168 1819 Acta
1210 1764 1479 1819 duntaxat
1500 1751 1702 1820 habeat
1738 1772 1792 1820 et
1820 1780 2057 1835 evange-

2148 782 2266 820 rum
2295 767 2542 822 omnium
2579 770 2634 824 in
2668 783 2735 823 eo
2755 782 2948 840 genere
2981 768 3194 826 labores
3218 780 3332 842 post
3355 780 3403 827 te
3436 773 3619 843 relique-

2148 859 2244 913 ris.
2283 856 2357 912 Ea
2393 867 2650 929 typorum
2678 861 2941 932 elegantia
2970 869 3052 916 est
3075 868 3127 916 et
3172 861 3553 931 magniﬁcentia;
3575 876 3620 918 ea

2150 946 2204 1001 in
2230 947 2685 1005 adnatatiOnibus
2701 950 2936 1005 eruditio
2963 948 3157 1013 elucet,
3182 950 3236 1004 in
3263 951 3413 1004 variis
3430 944 3622 1004 lectioni-

2149 1039 2254 1093 bus
2292 1038 2571 1095 industria
2604 1057 2619 1093 :
2647 1040 2845 1110 quippe
2867 1041 3063 1097 etenim
3086 1041 3151 1096 ad
3174 1053 3288 1094 eam
3312 1041 3495 1110 copiam
3516 1052 3625 1095 com-

2150 1129 2453 1197 parandam
2484 1132 2669 1187 omnia
2725 1124 2787 1185 8.
2819 1121 3039 1184 Patrum
3083 1132 3299 1199 scripta,
3337 1139 3501 1185 omnes
3519 1127 3625 1186 ami-

2150 1230 2294 1290 quas
2343 1221 2649 1290 versiones,
2697 1226 2753 1277 et
2798 1221 3065 1277 inilnitam
3106 1221 3210 1275 vim
3240 1219 3384 1276 codd.
3424 1234 3533 1274 mss.
3563 1233 3628 1273 cu-

2152 1312 2302 1366 riose
2335 1314 2656 1368 excussisti.
2696 1311 2990 1368 Enimvero
3035 1313 3162 1366 mihi
3199 1310 3500 1366 stomachum
3534 1309 3628 1363 sub-

2155 1401 2281 1456 inde
2308 1410 2529 1457 movent
2555 1403 2793 1473 imperiti
2829 1401 3048 1472 quidam
3080 1400 3314 1455 homines
3341 1409 3387 1453 et
3406 1399 3532 1453 nullo
3557 1412 3629 1453 usu

2154 1494 2421 1552 bonarum
2459 1493 2770 1548 litterarum
2823 1493 3057 1563 praediti,
3091 1490 3184 1560 qui
3212 1501 3406 1545 omnem
3444 1500 3629 1557 operam.

2156 1600 2281 1655 quas
2310 1584 2364 1639 in
2400 1585 2571 1640 variis
2617 1585 2958 1639 lectionibus
3001 1582 3309 1651 colligendis
3353 1578 3630 1648 impenditur,

2157 1686 2251 1729 ant
2288 1676 2538 1730 inutilem
2565 1688 2688 1730 esse
2713 1675 3035 1729 existimant
3056 1682 3146 1726 aut
3172 1669 3412 1725 Ecclesiae
3433 1667 3634 1738 periculo-

2159 1780 2298 1820 sam.
2334 1764 2537 1821 Eorum
2568 1776 2669 1836 ego
2696 1780 3006 1826 sermones,
3030 1776 3325 1834 quanquam
3358 1759 3529 1830 indigni
3545 1768 3636 1814 sunt

474 1855 671 1921 listas;
716 1869 907 1910 verum
940 1856 1083 1911 idem
1125 1871 1154 1911 e
1196 1857 1420 1926 regione
1448 1861 1692 1909 ostentat
1726 1855 2059 1925 interpreta-
2094 1856 2134 1910 Β
2163 1871 2398 1926 quorum
2453 1859 2565 1911 ulla
2617 1858 2760 1915 ratio
2814 1855 3106 1917 habeatur,
3162 1868 3266 1907 uno
3314 1853 3364 1909 in
3418 1850 3635 1920 praesentia

475 1947 683 2001 tionem
725 1954 970 2002 Veterem
1009 1945 1260 2001 Latinam
1288 1933 1356 2001 ad
1391 1949 1617 2002 verbum
1649 1947 1717 2002 de
1740 1945 1933 2002 Graeco
1959 1963 2058 2003 ex-

477 2048 750 2108 pressam,
782 2038 1168 2109 dignissimam
1192 2052 1329 2094 sane
1352 2054 1474 2109 qua:
1503 2054 1568 2095 ex
1596 2040 1874 2095 oblivione
1894 2047 2062 2109 atque

478 2132 724 2187 tenebris
755 2130 978 2187 tandem
1029 2130 1330 2200 aliquando
1363 2132 1416 2185 in
1446 2132 1624 2186 lucem
1657 2131 1877 2187 edatur.
1925 2132 2067 2187 Ser-

478 2231 681 2278 vantur
730 2224 896 2277 etiam
933 2222 1130 2283 Oxonii
1173 2223 1314 2276 Acta
1352 2224 1747 2292 apostolorum,
1781 2230 2063 2279 vetustate

480 2317 705 2385 quidem
750 2316 888 2385 pari,
925 2315 1019 2369 sed
1060 2315 1316 2370 versione
1357 2315 1590 2368 multum
1622 2315 1880 2382 diversa;
1909 2324 1963 2369 et
2006 2316 2060 2369 in

480 2405 659 2460 Gallia
690 2404 929 2475 denique
956 2402 1212 2473 Epistolze
1236 2406 1419 2457 sancti
1454 2402 1635 2469 Pauli,
1667 2405 1760 2473 qui
1807 2404 1980 2459 codex
2008 2413 2062 2459 et

481 2497 814 2566 antiquitate
844 2504 900 2550 et
928 2484 1125 2550 Latina
1156 2495 1410 2550 versione
1452 2502 1617 2563 atque
1638 2495 1776 2549 adeo
1808 2495 2061 2564 Scriptu-

485 2606 556 2643 ra:
587 2597 640 2643 et
663 2589 962 2644 voluminis
987 2588 1159 2643 forma
1192 2586 1636 2656 Cantabrigiensi
1669 2597 1859 2643 nostro
1884 2590 2063 2643 simil-

483 2682 651 2734 limus
710 2688 794 2735 est
851 2688 906 2734 et
951 2680 1434 2748 germanissimus.
1466 2680 1646 2748 Atque
1694 2679 1811 2733 haec
1840 2682 2061 2750 quidem

484 2772 612 2824 talia
641 2771 1137 2840 exemplaria,cum
1165 2771 1286 2825 aliis
1313 2771 1570 2831 omnibus
1595 2772 1774 2827 ubivis
1796 2772 2061 2840 gentium,

483 2861 630 2931 quod
663 2861 935 2925 sciamus,
972 2862 1133 2929 longe
1168 2863 1434 2931 longeque
1468 2870 1521 2917 et
1547 2862 1819 2931 dignitate
1848 2871 1901 2915 et
1929 2870 2067 2916 tem-

482 2970 617 3025 pore
653 2954 1008 3017 antecedant,
1054 2968 1232 3020 neque
1267 2951 1571 3022 quidquam
1608 2953 1771 3007 hodie
1821 2953 2066 3022 supersit

482 3044 666 3099 simile
690 3052 786 3097 aut
804 3042 1141 3121 secundum,
1158 3059 1283 3097 cum
1305 3043 1471 3098 tineis
1492 3045 1817 3114 (prohdolor
1840 3047 1880 3115 i)
1900 3055 2066 3115 atque

483 3138 741 3195 muribus
768 3136 1071 3200 luctantur,
1098 3144 1154 3191 et
1170 3144 1293 3190 utut
1323 3136 1392 3191 iis
1414 3136 1667 3192 incendia
1699 3137 2063 3207 pepercerim,

485 3231 609 3301 ipso
634 3230 790 3286 senio
829 3233 976 3285 intra
1008 3244 1188 3286 annos
1232 3244 1443 3301 paucos
1472 3244 1583 3287 non
1616 3231 1780 3287 dubie
1820 3232 2065 3302 peritura

486 3328 637 3377 sunt.
662 3320 744 3376 Tu
776 3336 929 3388 vero,
955 3321 1088 3385 Milli
1129 3320 1478 3387 doctissime,
1512 3323 1606 3393 qui
1635 3325 1879 3381 omnium
1917 3337 2065 3380 mor-
2094 3332 2097 3341 ‘

485 3412 681 3468 talium
718 3413 957 3467 maxime
989 3413 1044 3468 in
1074 3427 1142 3469 eo
1196 3413 1385 3469 studio
1428 3423 1681 3469 versatus
1717 3430 1800 3480 es,
1831 3430 1937 3469 non
1976 3431 2069 3485 pa-

484 3506 644 3565 tieris
681 3505 826 3561 hanc
856 3505 1077 3559 laudem
1106 3506 1204 3561 tibi
1236 3506 1478 3577 praeripi,
1513 3506 1608 3561 sed
1642 3508 1947 3566 maturabis
1975 3522 2068 3562 ve-

486 3597 734 3652 neranda
788 3598 882 3652 illa
923 3599 1159 3669 pignora
1201 3606 1255 3653 et
1287 3609 1649 3654 monumenta
1692 3599 1987 3655 vetustatis
2038 3613 2070 3655 tt

487 3687 599 3743 situ
629 3699 681 3743 et
724 3689 955 3744 interitu
1009 3688 1317 3743 vindicare.
1346 3687 1566 3745 Scimus
1609 3691 1754 3745 enim
1797 3698 1849 3745 te
1874 3691 2071 3747 horum

486 3777 735 3832 ninnium
771 3777 1068 3833 editionem
1106 3778 1444 3845 instituere,l
1477 3794 1600 3850 qum
1623 3795 1729 3833 una
1772 3780 1971 3850 pagina
2018 3787 2073 3839 et

488 3868 544 3923 in
574 3883 686 3922 uno
713 3877 1018 3938 conspectu
1054 3868 1304 3922 codicem
1344 3867 1502 3923 Alex.
1549 3870 1647 3938 qui
1678 3868 1940 3924 familiam
1968 3871 2074 3925 du-

489 3966 598 4023 cet,
639 3965 694 4014 et
731 3956 1252 4026 Cantabrigiensem
1298 3971 1424 4011 cum
1462 3960 1722 4013 versione
1750 3973 1872 4023 sua,
1910 3967 2075 4029 atque

490 4047 584 4102 ubi
615 4048 702 4102 hic
731 4046 943 4113 deﬁcit,
975 4046 1348 4105 Oxonieusem
1389 4048 1651 4118 deinceps
1696 4057 1865 4118 atque
1904 4048 2076 4103 Galli-

471 4154 619 4207 ,cum
654 4146 1057 4208 repraesentet:
1088 4156 1212 4210 qua:
1239 4139 1487 4210 singulas
1518 4140 1733 4195 litteras
1764 4149 1928 4210 atque
1960 4142 2076 4211 api-

490 4248 586 4290 ces
616 4232 1037 4303 exemplarium,
1070 4233 1239 4289 etiam
1289 4231 1380 4287 ubi
1424 4247 1455 4286 a
1500 4230 1744 4287 librariis
1786 4241 2074 4301 peccatum

490 4337 595 4395 est,
622 4342 754 4383 accn
767 4335 882 4382 rate
902 4338 955 4382 et
977 4327 1235 4398 religiose
1258 4327 1654 4396 subsequatur.
1676 4322 1824 4378 Nihil
1852 4324 1926 4377 illi
1948 4339 2079 4394 pur-~

490 4436 643 4491 pura:
675 4428 933 4481 assuetur
962 4418 1204 4478 discolor
1243 4427 1341 4475 aut
1363 4418 1677 4483 diversum;
1707 4416 1870 4470 nulla:
1902 4416 2076 4470 inter-

493 4513 847 4584 punctiones,
880 4513 1044 4567 nullae
1070 4519 1215 4567 notae
1240 4516 1597 4571 accentuum,
1630 4522 1864 4577 quorum
1895 4506 2076 4561 omnis
2110 4526 2152 4581 ι)

494 4606 658 4661 hodie
681 4604 826 4659 ratio
858 4611 1195 4673 praepostera
1220 4608 1304 4656 cst
1333 4608 1499 4671 atque
1527 4612 1785 4668 perversa
1817 4615 1831 4651 :
1856 4596 1992 4651 adeo
2021 4604 2082 4650 ut

494 4696 590 4766 qui
639 4707 788 4751 tuam
821 4694 1122 4751 editionem
1175 4693 1283 4749 sibi
1333 4689 1760 4761 comparaverit,
1817 4688 1935 4757 ipsa
1990 4687 2083 4741 illa

496 4785 901 4853 propemodum
954 4785 1253 4855 archetypa
1324 4774 1551 4837 versare
1603 4780 1867 4835 manibus
1921 4786 2089 4848 atque

498 4876 679 4931 oculis
709 4889 978 4944 usurpare
1010 4873 1286 4929 videatur.
1321 4873 1395 4928 Ea
1448 4887 1536 4930 res
1587 4872 1742 4935 olim,
1785 4881 1845 4924 ut
1874 4881 2083 4926 certum

495 4972 584 5023 est
616 4965 939 5035 augurium,
970 4974 1024 5018 et
1052 4963 1349 5019 Britanniae
1382 4971 1585 5017 nostra
1620 4958 1901 5031 splendori
1959 4959 2086 5019 erit.

498 5065 555 5117 et
591 5059 852 5115 Ecclesia:
907 5055 1170 5127 praesidio
1210 5073 1223 5108 :
1275 5063 1399 5109 tuos
1451 5068 1583 5109 vero
1623 5053 1820 5122 utique
1868 5049 2090 5104 labores

500 5150 865 5224 amplissimis
921 5147 1163 5219 praemiis
1204 5143 1318 5220 [96]
1357 5152 1524 5217 atque
1570 5143 1873 5200 immortali
1917 5141 2092 5213 gloria

501 5244 907 5319 compensabit.
941 5239 1118 5297 Macte
1160 5238 1264 5293 ista
1306 5238 1509 5308 pietate
1530 5243 1585 5291 et
1611 5234 1894 5305 diligentia
1946 5240 2088 5289 esto.

502 5339 561 5394 In
596 5351 646 5395 te
660 5352 854 5395 omnes
872 5350 970 5392 ora
1004 5341 1173 5405 atque
1198 5329 1393 5387 oculos
1414 5328 1818 5390 convertimus,
1847 5335 1902 5381 te
1923 5340 2090 5378 unum

506 5433 561 5485 in
594 5431 699 5487 hoc
739 5427 1083 5486 curriculum
1124 5436 1387 5479 vocamus
1419 5436 1433 5474 :
1470 5420 1573 5491 ipsi
1606 5417 1827 5474 codices
1854 5415 2091 5471 celerem

507 5529 659 5576 tuam
694 5535 855 5592 opem
889 5517 1185 5587 implorant
1212 5520 1269 5569 et
1294 5510 1542 5581 ﬂagitant
1572 5529 1586 5561 :
1614 5506 1747 5577 quid
1770 5518 1962 5561 cessas
2000 5518 2098 5573 per

511 5612 722 5669 medias
788 5611 987 5667 laudes
1049 5617 1104 5663 et
1173 5605 1477 5661 faventium
1553 5600 1785 5670 plausus
1848 5595 2096 5653 secundo

515 5712 736 5756 rumore
789 5698 1037 5769 ingredi?
1074 5696 1158 5750 Tu
1194 5709 1348 5757 vero,
1404 5700 1463 5747 ut
1504 5688 1755 5761 polliceri
1790 5689 1859 5742 de
1892 5694 1947 5743 te
1970 5699 2095 5756 pos-

516 5805 659 5861 sum,
698 5791 869 5851 iacies
907 5792 957 5857 id
1016 5788 1244 5855 sedulo;
1281 5787 1447 5844 simul
1482 5793 1648 5867 atque
1695 5781 1863 5841 exibit
1889 5780 2097 5836 Novum

2160 1951 2409 2019 exemplo
2442 1950 2728 2005 rotundam
2762 1966 2776 2004 :
2833 1952 2951 2019 q‘no
2994 1947 3326 2016 perspicuum
3364 1945 3451 1999 erit
3487 1943 3637 1997 minuta

2160 2041 2410 2111 quaedam
2459 2051 2511 2096 et
2559 2041 2739 2111 prima
2789 2041 2985 2111 utique
3025 2039 3204 2108 specie
3238 2036 3484 2091 levissima
3525 2046 3638 2102 posse

2163 2145 2389 2202 magnas
2417 2130 2772 2187 diﬂicultates
2815 2131 3097 2198 expedire.
3123 2128 3292 2183 Locus
3320 2136 3511 2193 estcap.
3540 2138 3578 2178 tv
3601 2123 3638 2175 in

2162 2222 2337 2293 EpiSI.
2370 2223 2436 2277 ad
2476 2223 2726 2286 Galatas,
2756 2223 2856 2293 qui
2884 2224 2952 2276 ab
2985 2228 3201 2276 ineunte
3236 2219 3343 2273 fere
3384 2213 3637 2270 Christiani-

2163 2328 2282 2369 smo
2310 2330 2486 2384 usque
2534 2314 2602 2368 ad
2654 2314 2797 2369 hanc
2830 2314 3148 2369 memoriam
3199 2310 3512 2364 doctissimos
3541 2305 3640 2357 vim

2163 2404 2411 2460 exercuit
2441 2422 2454 2459 :
2478 2403 2572 2458 2'2.
2605 2405 2926 2472 Γέγραπται
2953 2403 3062 2474 γὰρ
3085 2405 3164 2457 ὅτι
3183 2400 3416 2471 Ἀϐραὰμ
3444 2394 3520 2450 δύο
3542 2394 3639 2456 υἱοὺς

2164 2491 2341 2562 ἔσχενο
2374 2490 2469 2544 ἕνα
2501 2494 2564 2545 ἐκ
2593 2494 2693 2562 τῆς
2732 2493 3051 2559 παιδίσκης,
3077 2492 3169 2544 καὶ
3193 2491 3287 2543 ἕνα
3314 2490 3371 2540 ὲκ
3395 2488 3477 2556 τῆς
3493 2481 3640 2536 ἐλευθέ-

2166 2600 2286 2654 ρας.
2333 2582 2425 2636 25.
2457 2581 2599 2634 Ἀλλ’
2630 2585 2658 2636 ὁ
2687 2584 2783 2651 μὲν
2818 2584 2885 2636 ὲκ
2918 2585 3016 2652 τῆς
3048 2582 3348 2648 παιδίσκης,
3378 2576 3499 2630 κατὰ
3521 2574 3640 2642 σάρκα

2163 2672 2505 2742 γεγέννηται’
2535 2675 2562 2725 ὁ
2593 2673 2653 2725 δὲ
2680 2674 2745 2725 ὲκ
2778 2673 2880 2743 τῆς
2926 2671 3234 2742 ἐλευθέρας,
3262 2670 3343 2722 διὰ
3368 2666 3454 2736 τῆς
3477 2667 3644 2732 ἑπαγτε-
3712 2732 3713 2739 γ

2163 2762 2305 2825 λίας.
2357 2762 2447 2815 24.
2492 2760 2689 2815 Ἀτινά
2720 2764 2871 2814 ἐστιν
2933 2760 3381 2831 ὰλληγοροὺμενα’
3413 2750 3541 2810 αὗται
3574 2751 3646 2821 γάρ

2166 2854 2301 2906 εἰσιν
2330 2855 2386 2905 αἱ
2415 2851 2507 2905 δύο
2539 2851 2819 2922 διαθῆκαι·
2857 2850 2961 2923 μία
3013 2852 3112 2922 μὲν
3142 2851 3249 2905 ἀπὸ
3293 2850 3435 2918 ὅρους
3462 2844 3574 2904 Σινᾶ,
3594 2840 3645 2903 εις

2165 2944 2408 2997 δουλείαν
2430 2918 2699 3013 γεννῶσαζ
2717 2944 2839 3015 ἥτις
2857 2918 3216 3015 ἔστὶνῂἈγαρ.
3241 2942 3325 2997 25.
3348 2940 3413 2993 Τδ
3437 2938 3646 3006 γὰρ’Δταρ

2167 3035 2297 3088 Σινᾶ
2324 3035 2449 3106 ὅρος
2476 3035 2624 3089 ἐστὶν
2654 3037 2713 3087 ὲν
2741 3012 2820 3105 *τῆ
2858 3032 3112 3106 Ἀραϐίᾳ,
3161 3012 3419 3103 ἁυστοιχεῖ
3441 3022 3487 3083 δὲ
3513 3030 3565 3098 τῇ
3586 3020 3647 3076 νῦν

2182 3125 2557 3198 Ἰερουσαλὴμ,
2602 3125 2844 3181 δουλεύει
2878 3127 2940 3181 δὲ
2992 3128 3132 3198 μετὰ
3175 3125 3280 3179 τῶν
3306 3126 3484 3179 τέκνων
3517 3115 3647 3185 αὐτῆς·
3712 3114 3713 3179 Ϊ

2093 3179 2136 3240 ο
2170 3179 2267 3285 scf
2296 3179 2583 3272 asas
2612 3179 3262 3290 λιέρᾴυσαλιιμὲλευθέρα
3285 3218 3435 3277 ἐστὶν,
3463 3214 3557 3282 ἥτις
3575 3179 3650 3259 te
3712 3204 3713 3289 ς

2178 3310 2362 3381 μήτηρ
2407 3308 2627 3364 πάντων
2670 3306 2852 3380 ἡμῶν.
2886 3306 3116 3364 Memini
3166 3308 3425 3378 equidem,
3454 3295 3650 3358 Millime
3712 3306 3713 3343 1

2174 3418 2283 3457 non
2325 3402 2400 3456 ita
2423 3401 2632 3470 pridem
2670 3415 2701 3455 ιι
2732 3408 2786 3456 te
2815 3412 3099 3471 rogatum,
3126 3408 3185 3455 ut
3221 3403 3286 3453 de
3315 3388 3568 3467 perdifﬁcili
3588 3389 3653 3440 hoc
3712 3400 3713 3405 ‘

2177 3489 2299 3546 loco
2342 3484 2612 3562 judicium
2666 3507 2848 3544 meum
2924 3494 3347 3561 interponerem.
3392 3486 3654 3539 vehementer
3712 3532 3713 3535 η

2177 3587 2523 3653 ερριοὶιιιεεθ
2542 3583 2875 3639 sententiam
2908 3588 3086 3648 tuam,
3125 3596 3283 3652 quam
3316 3581 3367 3634 in
3392 3577 3558 3633 illatua
3577 3568 3655 3625 edi-
3712 3626 3713 3649 η

2178 3677 2329 3732 tione
2376 3676 2636 3749 posuisti.
2700 3674 2892 3745 Neque
2924 3675 3073 3729 enim
3125 3674 3368 3728 eumdem
3403 3677 3590 3722 montem
3622 3665 3657 3711 et
3712 3662 3713 3725 ζ

2178 3767 2412 3837 Agarem
2448 3775 2700 3828 vocatum
2726 3781 2848 3821 esse
2876 3775 2932 3819 et
2966 3765 3179 3827 Sinam,
3203 3778 3372 3834 neque
3397 3774 3502 3815 vero
3543 3750 3657 3808 ullum

2180 3868 2415 3926 usquam
2462 3856 2710 3926 gentium
2751 3870 2817 3910 eo
2851 3856 3078 3911 nomine
3111 3849 3348 3910 notatum
3379 3864 3500 3906 esse.
3540 3854 3660 3931 neque
3712 3922 3713 3931 χ

2181 3960 2349 4017 porro
2374 3947 2609 4016 Agerent
2635 3958 2849 4000 servam
2879 3945 2947 4015 (si
2980 3944 3231 3999 de'serva
3263 3942 3405 3997 malit
3431 3933 3525 4010 [οη
3560 3929 3660 4001 quis-

2183 4040 2353 4109 piam,
2382 4053 2547 4108 quam
2574 4038 2849 4093 demente
2884 4036 3161 4106 accipere)
3196 4036 3250 4092 in
3283 4035 3452 4089 eadem
3479 4021 3659 4092 allegoria
3712 4028 3713 4073 1

2181 4137 2236 4185 et
2268 4129 2439 4185 monti
2482 4130 2822 4200 respondere
2865 4144 3053 4198 posse.
3083 4135 3137 4182 et
3181 4128 3281 4196 legi
3310 4138 3421 4195 quia:
3452 4133 3505 4174 ex
3537 4122 3660 4167 ιιιοιιιο

2184 4223 2526 4293 promulgata
2551 4229 2635 4276 est
2664 4239 2677 4275 :
2712 4232 2881 4290 atque
2908 4220 2995 4276 his
3016 4221 3087 4275 de
3110 4220 3290 4273 causis
3311 4220 3361 4272 in
3383 4215 3557 4267 diversa
3574 4217 3660 4293 conf
3712 4248 3713 4293 ἰ

2185 4290 2308 4371 silia
2339 4290 2476 4370 itum
2511 4328 2636 4369 esse
2677 4312 2747 4366 ab
2794 4312 3062 4380 antiquis,
3090 4294 3319 4380 quorum
3350 4306 3430 4358 alii
3463 4297 3577 4373 Σινᾷ.
3599 4290 3658 4346 sci
3712 4290 3713 4335 ἶ

2185 4406 2369 4475 plures
2429 4404 2504 4456 Τὸ
2528 4403 2637 4474 γὰρ
2669 4404 2846 4472 Ἀγαρ
2869 4418 2900 4458 e
2927 4402 3086 4457 libris
3111 4399 3436 4456 sustulerunt
3461 4410 3474 4445 :
3499 4396 3658 4456 ιιεπη·
3712 4452 3713 4459 η

2185 4503 2296 4550 tem
2314 4503 2506 4549 nostra
2529 4505 2583 4547 et
2610 4490 2834 4546 Patrum
2867 4491 3134 4546 memoria
3160 4490 3257 4543 viri
3287 4482 3447 4552 magni
3470 4482 3659 4532 commen-

2185 4588 2283 4641 tati
2319 4595 2468 4652 sunt,
2498 4592 2711 4639 tantum
2747 4589 2943 4639 abesse
2982 4592 3042 4637 ιιι
3072 4583 3252 4635 locum
3284 4576 3467 4633 faciant
3497 4565 3657 4634 explica-
3712 4574 3713 4585 π

2187 4679 2407 4744 liorem,
2452 4686 2512 4731 ut
2545 4675 2705 4730 novis
2752 4676 2920 4729 etiam
2978 4668 3408 4728 obscuritatibus
3446 4654 3659 4714 iniolvaut.
3712 4704 3713 4709 η

2187 4770 2306 4837 Qua
2350 4770 2571 4839 quidem
2604 4766 2916 4827 occasione,
2944 4778 3017 4819 ne
3063 4762 3289 4819 omnino
3328 4746 3581 4823 ἀσύμϐολος
3609 4752 3664 4839 εξ·

2189 4879 2328 4930 sem,
2362 4836 2765 4929 coniecturam,
2804 4865 2864 4912 ut
2902 4856 3038 4919 scis,
3077 4848 3482 4921 extemporalem
3520 4840 3561 4892 in
3593 4836 3663 4883 “’5’

2189 4955 2340 5010 dium
2375 4952 2557 5015 attuli,
2587 4965 2710 5021 qua:
2748 4949 2915 5004 etiam
2964 4956 3081 5001 tum
3106 4947 3223 5000 visa
3266 4950 3344 4998 est
3378 4936 3438 4992 ad
3459 4930 3662 5026 'e-rllil'lfi':

2194 5041 2445 5113 proxime
2493 5004 2782 5093 accedere.
2840 5033 3065 5089 Scilicet
3103 5044 3134 5086 e
3180 5029 3395 5100 regione
3428 5004 3663 5113 verbi

2194 5098 2494 5186 adnotasse
2520 5130 2652 5184 olim
2688 5127 3004 5198 quempiam
3030 5098 3387 5176 circinationis
3406 5098 3662 5198 causai"?

2194 5224 2318 5291 ὅρος
2351 5221 2498 5275 ἐστὶν
2521 5221 2579 5273 ὲν
2625 5189 2984 5289 τῇ”’Δραδίᾳς
3004 5212 3137 5268 δίκα
3165 5212 3284 5273 ἰδίου
3323 5218 3457 5277 quem
3479 5189 3661 5291 "3""?

2197 5285 2507 5385 Apostolus,
2537 5285 2688 5364 mons
2718 5308 2934 5362 Arabiae
2963 5315 3079 5369 est;
3108 5317 3173 5356 ea
3214 5310 3390 5355 autem
3416 5287 3551 5347 verba

2199 5374 2375 5461 multo
2434 5374 2580 5471 post,
2611 5408 2671 5455 ut
2718 5413 2864 5469 saepe
2916 5413 3017 5451 usu
3054 5394 3222 5459 venit,
3246 5392 3311 5447 de
3346 5384 3458 5442 libri
3490 5374 3662 5471 marg-il:

2200 5498 2253 5550 in
2318 5450 2622 5551 orationem
2677 5450 2851 5561 ipsein
2920 5486 3213 5557 irrepsisse
3271 5499 3285 5536 :
3340 5491 3453 5533 nam
3489 5450 3660 5561 Δροιιιξιξ

2198 5591 2417 5658 quidem
2448 5600 2511 5643 ea
2541 5596 2651 5640 non
2688 5553 2833 5657 esse,
2875 5579 2970 5636 sed
3006 5553 3563 5658 τξαρεμσεδλημέν⁵’θξ
3584 5553 3661 5658 in)

2200 5633 2383 5736 alii.
2412 5633 2567 5733 νῖιιιιι
2596 5684 2651 5731 et
2681 5633 2867 5729 caui.
2897 5633 3175 5742 totiusque
3216 5666 3347 5721 adeo
3374 5633 3662 5742 ἀστροάἱξῬ

2203 5772 2459 5846 cognosci
2506 5778 2668 5856 posse
2698 5784 2711 5821 ε
2740 5774 2795 5823 et
2837 5766 3066 5837 proinde
3080 5724 3177 5820 ‘me
3210 5762 3434 5833 paratum
3462 5748 3558 5803 esse
3578 5724 3662 5786 ὅδε·
