3776 6204
229 387 296 452 Βῖι
1084 440 1093 447 .
1182 393 1262 458 IN
1292 394 1775 459 NATIVITATEI

1891 403 1927 461 ι.
1963 398 2244 460 ΜΑΒΙΛΞ.
2276 399 2324 461 Ῐ.

3333 400 3447 464 822’
3470 444 3479 457 .

227 500 381 566 ﬁgam:
428 496 662 568 ἔχουσιν.
705 499 989 555 Ἐντεῦθεν
1012 502 1121 572 ἑγὼ
1157 506 1251 558 τοῦ
1283 507 1444 574 λόγου
1480 508 1577 569 τὰς
1599 508 1756 577 ἡνίας

1891 512 1953 579 lui
1989 510 2229 580 priorem
2266 522 2592 564 consessum
2650 508 2820 564 alium
2871 509 3145 564 orationls
3205 511 3439 581 hujusce

229 593 296 645 ιπὶ
314 591 399 662 τὴν
424 590 628 645 νύσσαν
658 594 971 662 ἐπανάγων,
1021 599 1257 668 ἐχόμενα
1286 599 1396 650 τῶν
1424 599 1658 669 πρόσθεν
1688 601 1766 652 εί-

232 686 432 755 ρημένων
459 684 714 755 διέξειμι,
759 686 910 759 φόϐῳ
946 690 1043 758 μὲν
1096 690 1192 742 τοῦ
1229 690 1304 760 μὴ
1341 691 1469 761 παρ’
1502 689 1658 754 ἀξίαν
1683 695 1766 744 εἰ-

233 780 314 828 πεῖν
336 776 518 831 τούτου
549 780 912 849 προκειμένου
960 781 1164 833 σκοποῦ
1196 782 1632 862 συστελλόμενος,
1665 784 1765 837 πό-

228 871 283 941 θῳ
303 870 350 925 δὲ
372 872 460 925 τοῦ
482 874 563 938 είς
592 873 823 944 δύναμιν
861 878 981 930 κατ’
1016 878 1173 943 ἀξίαν
1203 881 1522 948 εἰσαγαγεῖν
1556 878 1761 950 προθυ-

230 961 474 1032 μοῦμενος.
515 961 662 1035 Πλὴν
708 965 833 1019 ὅποι
859 966 918 1019 δ’
950 967 1016 1021 ἂν
1062 970 1158 1021 καὶ
1205 970 1568 1041 τετράψομαι,
1628 968 1765 1041 θαρο

231 1053 420 1125 ῥοῦντως
448 1056 715 1127 ἐπαφήσω
740 1057 834 1111 τὸν
859 1057 1037 1125 λόγον,
1071 1060 1241 1131 καλὴν
1282 1061 1618 1130 ἑπαγόμενος
1664 1061 1766 1129 τῆς

231 1144 334 1213 ἐμῆς
353 1143 584 1207 δειλίας,
624 1145 658 1215 ἦ
691 1148 1009 1219 παρρησίας
1050 1149 1343 1216 ἐπίκουρον
1391 1150 1489 1221 τὴν
1526 1150 1762 1221 ἡμέραν.

214 1233 342 1317 ,Ἤδη
371 1234 463 1302 μὲν
487 1230 580 1288 οὖν
608 1238 669 1288 ἐν
693 1237 771 1307 τῷ
801 1237 1127 1308 προλαϐόντι
1157 1238 1302 1311 λόγῳ
1328 1243 1395 1312 τῇ
1424 1241 1635 1317 γενέσει
1669 1242 1767 1309 τῆς

237 1320 455 1374 Θεοτόκου
506 1322 574 1376 τὰ
609 1324 797 1377 εἰκότα
845 1328 1306 1399 συνεωρτάσαμεν
1325 1371 1340 1393 ,
1389 1328 1500 1399 ἐγώ
1527 1316 1585 1382 τε
1614 1333 1642 1383 6
1667 1332 1767 1400 τῆς

235 1412 389 1482 ἑορτῆς
408 1414 648 1485 ἔξαρχος,
673 1416 769 1470 καὶ
789 1418 968 1487 ὑμεῖς,
997 1420 1091 1473 καὶ
1118 1422 1227 1473 πᾶν
1256 1421 1379 1475 ὅσον
1412 1416 1687 1491 ἐγκώμιον
1708 1421 1767 1475 τὸ

236 1504 574 1577 ὕκερκόσμιον.
628 1507 785 1561 Μετά
824 1509 1082 1581 Ἰωακεὶμ
1117 1511 1569 1582 ὑπεσκέφθημεν,
1629 1511 1767 1581 μετά

234 1595 316 1646 τῶν
336 1595 612 1665 παρθένων
635 1597 967 1668 ὲδράμομεν,
1008 1600 1148 1671 μετά
1172 1600 1335 1654 Δαυῖδ
1361 1600 1770 1671 συνελλάμφθη-

237 1701 340 1754 μιν,
360 1686 447 1740 τοῦ
486 1689 828 1758 πατριάρχου
853 1689 1017 1757 λέγω,
1050 1692 1146 1745 καὶ
1179 1692 1466 1762 βασιλέως,
1520 1694 1615 1746 καὶ
1647 1694 1767 1746 κατ’

234 1775 395 1844 ἀμφοῖν
409 1774 756 1846 θεοπάτορος,
773 1780 869 1831 καὶ
896 1780 1036 1849 μετά
1050 1782 1272 1852 Μαρίας
1297 1783 1397 1851 τῆς
1423 1781 1768 1853 Θεομήτορος

235 1864 293 1932 τῷ
311 1865 409 1934 ναῷ
444 1867 895 1938 προσηνέχθημεν
913 1884 929 1899 ·
955 1870 1049 1923 καὶ
1080 1874 1192 1933 τοῖς
1218 1871 1429 1935 ἀδύτοις
1458 1872 1564 1925 τῶν
1599 1871 1768 1939 ἁγίων

237 1954 694 2027 ιπιχωριάσαντες,
747 1959 859 2012 τῶν
906 1960 1358 2032 αὑτομυστηρίων
1410 1962 1766 2032 μετέσχομεν.

238 2046 321 2099 Καὶ
340 2049 479 2119 χάρις
517 2049 598 2120 τῷ
647 2053 773 2114 τοὺς
799 2052 963 2116 ἰδίους
993 2052 1295 2118 δοξάσαντι,
1343 2056 1433 2111 ἵνα
1463 2058 1590 2121 τοῦς
1638 2077 1768 2112 ποτε

251 2138 376 2203 ιντας
422 2144 641 2212 μακράν
670 2144 953 2215 συναγάγῃ
988 2145 1125 2215 πρὸς
1155 2146 1366 2202 ἑαυτόν.
1403 2148 1517 2203 Νῦν
1539 2150 1596 2203 δὲ
1618 2152 1768 2204 οὐδὲν
1812 2172 1817 2177 λ

247 2229 450 2302 ἀπᾷδονῆ
480 2234 760 2303 παρέλκον
785 2235 1060 2306 ἠγοῦμαι,
1115 2238 1323 2308 μικρὸν.
1342 2240 1398 2291 ὲν
1431 2240 1768 2309 παρεκϐάσει

254 2323 469 2389 γινομενον
492 2326 583 2377 ἐπ’
606 2325 777 2394 αὐτὴν
804 2326 897 2379 τοῦ
917 2329 1105 2395 γένους
1140 2329 1453 2400 εὐκληρίαν,
1483 2326 1548 2402 ἦς
1577 2333 1772 2403 113mg-

253 2408 359 2474 θένος
380 2416 697 2483 κατάγεται,
766 2418 1128 2484 μεταϐιϐάσαι
1180 2420 1274 2473 τὸν
1297 2398 1519 2488 λόγον,⁷
1544 2398 1774 2477 κάκεῖνα

241 2498 498 2571 διεξιλθείν,
524 2505 563 2559 ἃ
591 2511 687 2558 καὶ
720 2505 897 2572 λέγειν
931 2509 1099 2573 εἰκὸς,
1132 2512 1227 2563 κα)⁵
1260 2504 1341 2574 οἷς
1368 2510 1492 2583 ἀνή
1526 2504 1777 2585 παροῦσα

235 2595 495 2666 πανήγυρις
532 2599 745 2666 ἥδεται.
805 2602 1028 2657 Ἤδεται
1059 2604 1117 2657 δὲ
1144 2608 1279 2668 τοῖς.
1308 2606 1377 2658 δι’
1397 2598 1472 2659 ὧν
1503 2606 1536 2675 ἠ
1569 2606 1777 2676 παρθέο

229 2697 319 2745 νος.
363 2688 415 2759 ἐξ
433 2685 500 2762 ἧς
530 2691 869 2761 ὕπερουσίως
896 2691 1031 2766 ἧκεν
1061 2698 1140 2759 είς
1190 2696 1423 2768 ὓπαρξιν
1455 2699 1711 2771 χρονικὴν
1740 2702 1768 2753 ὁ

226 2771 472 2845 ὒτέρθεος,
519 2780 585 2833 ἐκ
636 2783 954 2853 σπέρματος
983 2781 1118 2840 οὖσα
1174 2786 1334 2841 Δαυτδ
1388 2790 1765 2858 ἀναφαίνεται,

224 2861 309 2915 ὃσα
334 2883 385 2919 τε
412 2869 501 2921 καὶ
529 2864 616 2924 οἶα
644 2875 773 2943 περὶ
811 2875 980 2943 αὐτῆς
1004 2877 1035 2929 ὁ
1076 2876 1165 2930 διὰ
1205 2879 1373 2949 νόμου
1425 2882 1521 2934 καὶ
1549 2899 1767 2953 προφη-

224 2956 317 3009 τῶν
336 2962 456 3029 ἡμῖν
474 2963 716 3035 λαλήσας
741 2966 893 3034 Θεὸς,
923 2967 1012 3021 διὰ
1037 2969 1215 3041 πάσης
1245 2968 1380 3040 ὁμοῦ
1411 2970 1511 3042 τῆς
1545 2972 1585 3025 Γ
1591 2973 1769 3044 pavi};

223 3047 462 3121 ἀριδήλως
495 3056 934 3129 προαναπεφὼνη
943 3076 1056 3116 κεν.

1868 602 2032 657 veluti
2072 609 2284 670 patrem
2321 602 2592 671 agnoscit.
2646 598 2803 657 Unde
2848 600 3018 670 igitur
3052 602 3284 671 spiritus
3320 618 3441 658 om-

1866 693 2028 747 nibus
2066 691 2309 750 advenit.
2356 689 2788 760 facultatemque
2830 691 3051 746 dicendi
3080 691 3260 745 oratio
3293 693 3440 747 acci-

1867 785 1966 853 pit,
2009 781 2135 836 inde
2164 796 2267 852 ego
2311 782 2582 837 orationis
2627 780 2859 837 habenis
2890 782 3059 837 veluti
3091 783 3158 836 ad
3204 798 3439 853 repagu-

1867 874 1976 928 lum
2015 874 2282 938 reductis,
2324 888 2387 928 ea
2422 888 2543 943 qua!
2578 887 2703 927 cum
2734 872 2804 929 iis
2835 888 2958 941 quae
3005 882 3167 929 antea
3196 875 3440 929 diximus

1867 966 2319 1034 coniunctionem
2354 964 2582 1027 habent,
2615 965 2775 1019 vobis
2814 978 3108 1032 exponam.
3136 964 3191 1019 In
3225 982 3335 1035 quo
3370 966 3440 1019 ti-

1868 1071 1991 1108 mor
2038 1070 2174 1110 sane
2230 1064 2429 1126 praeter
2475 1052 2800 1123 dignitatem
2852 1053 3059 1119 dicam,
3115 1054 3437 1124 hujusmodi

1867 1147 2174 1218 praesertim
2229 1160 2401 1215 scopo
2456 1143 2736 1220 praedam.
2793 1144 3037 1200 animum
3119 1144 3437 1211 contrahit;

1871 1241 2121 1294 voluntas
2150 1254 2281 1294 vero
2317 1253 2417 1308 pro
2459 1238 2671 1292 viribus
2718 1235 2941 1307 dignam
2973 1236 3282 1291 orationem
3307 1235 3439 1291 alie-

1810 1380 1817 1384 .
1869 1332 2048 1397 rendi,
2101 1332 2338 1386 alacrem
2374 1329 2531 1385 facit.
2560 1328 2951 1385 Verumtamen
2989 1344 3325 1399 quocunque
3355 1344 3441 1383 me

1868 1432 2115 1487 vertam,
2171 1422 2536 1478 fidentissime
2585 1422 2893 1477 orationem
2959 1421 3249 1484 tractabo,
3314 1436 3440 1475 cum

1872 1515 2052 1571 bonus
2088 1514 2223 1569 mihi
2266 1514 2412 1569 adsit
2445 1514 2549 1568 mei
2577 1514 2695 1570 sive
2722 1514 2946 1569 timoris
2971 1515 3087 1569 sive
3130 1513 3443 1569 alacritatis

1869 1615 2141 1676 patronus
2181 1620 2426 1677 praesens
2467 1604 2557 1660 hic
2607 1604 2746 1659 dies.
2795 1602 2915 1658 1am
2957 1619 3091 1659 vero
3138 1604 3245 1657 alia
3277 1616 3443 1673 quam

1871 1694 2166 1750 habuimus
2203 1694 2455 1749 oratione
2497 1699 2678 1747 ortum
2726 1691 2991 1760 Deiparze,
3047 1698 3106 1745 ut
3154 1706 3254 1761 par
3298 1696 3447 1755 erat,

1870 1786 2293 1849 celebravimus,
2327 1792 2492 1853 atque
2520 1798 2623 1854 ego
2670 1782 2782 1837 dux
2831 1782 3175 1839 celebritatis
3219 1782 3443 1845 exstiti,

1871 1877 2069 1957 deinde
2098 1891 2229 1930 vero
2258 1890 2380 1941 vos,
2422 1882 2478 1930 et
2507 1886 2850 1944 quaecunque
2903 1873 2969 1928 ad
3016 1874 3218 1928 caelum
3268 1886 3446 1941 usque
3522 1913 3539 1925 .

1840 1960 2072 2025 'evectar.
2112 1966 2484 2022 laudationes.
2537 1964 2658 2021 Una
2685 1980 2810 2021 cum
2866 1963 3157 2020 Joachimo
3200 1970 3446 2019 contem-

1869 2060 2110 2131 platores
2160 2058 2391 2124 fuimus;
2421 2072 2546 2112 cum
2577 2058 2888 2128 virginibus
2917 2056 3289 2118 cucurrimus,
3318 2069 3444 2108 cum

1869 2151 2069 2206 Davide
2086 2151 2430 2214 emicnimus,
2455 2149 2831 2219 illo,inquam,
2854 2146 3182 2218 Davide,qui
3206 2145 3445 2216 patriar-

1870 2247 1973 2299 cha
2021 2252 2184 2314 atque
2218 2258 2315 2297 rex
2355 2242 2497 2308 fuit,
2535 2242 2742 2314 quique
2793 2250 3030 2312 utroque
3076 2239 3302 2294 nomine
3347 2235 3444 2290 Dei

1871 2346 2067 2391 atavus
2088 2346 2208 2397 est;
2244 2333 2485 2403 denique
2513 2348 2637 2388 eum
2679 2331 2854 2387 Maria
2894 2331 2992 2387 Dei
3033 2338 3214 2386 matre
3243 2329 3449 2399 templo

1872 2426 2085 2496 excepti
2124 2425 2371 2488 fuimus;
2404 2432 2459 2480 et
2492 2431 2814 2478 sanctorum
2848 2421 3226 2493 penetralibus
3256 2421 3452 2475 immo-

1873 2517 2004 2581 rati,
2034 2531 2224 2571 eorum
2262 2531 2386 2586 qua:
2421 2514 2622 2570 ibidem
2660 2522 2819 2579 sunt,
2849 2513 3239 2585 mysteriorum
3277 2511 3451 2581 parti-

1876 2608 2026 2677 cipes
2074 2606 2408 2660 exstitimus.
2458 2604 2571 2658 Deo
2600 2604 2789 2675 itaque
2823 2610 3063 2674 agantur
3109 2602 3320 2672 gratim,
3352 2602 3449 2670 qui

1876 2713 2011 2753 suos
2044 2697 2321 2767 gloriosos
2368 2680 2572 2762 eﬂeéit,
2613 2703 2677 2750 ut
2710 2710 2807 2750 eos
2837 2694 2934 2764 qui
2973 2695 3105 2749 olim
3154 2693 3379 2747 fuerunt
3420 2706 3452 2745 e

1876 2787 2402 2856 longe,'adduceret
2440 2787 2504 2842 ad
2541 2788 2810 2857 seipsum.
2853 2784 3241 2841 Nunctautem
3274 2798 3453 2853 neque

1874 2878 2181 2942 dis-sonam,
2209 2891 2390 2946 neque
2426 2891 2455 2928 a
2499 2876 2780 2947 proposito
2806 2874 3165 2931 dissidentem
3191 2888 3304 2928 rem
3334 2871 3453 2926 fac-

1873 2978 2061 3023 turum
2087 2981 2173 3022 me
2198 2982 2322 3021 esse
2344 2966 2604 3031 arbitror,
2636 2967 2706 3028 si,
2731 2980 2899 3035 parva
2930 2965 3215 3032 interiecta
3243 2962 3454 3048 digres-

1876 3063 2052 3125 sione,
2079 3058 2148 3112 ad
2181 3058 2356 3128 ipsam
2392 3056 2628 3112 faustam
2659 3057 2881 3127 generis
2903 3056 3199 3125 originem,
3236 3070 3307 3110 cx
3344 3068 3452 3123 qua

223 3141 370 3217 Virgo
390 3149 705 3220 deducitur,
734 3168 1042 3209 sermonem
1073 3172 1346 3224 revocem,
1384 3168 1549 3229 atque
1574 3159 1666 3214 illa
1690 3159 1979 3226 explanem
2011 3171 2134 3225 qua:
2163 3161 2221 3208 ct
2239 3154 2423 3207 dicere
2446 3153 2722 3214 convenit,
2754 3154 3066 3223 quibusque
3105 3159 3287 3206 vester
3318 3165 3454 3204 con-

221 3251 391 3293 sessus
421 3241 659 3296 maxime
708 3243 929 3313 gaudet.
973 3242 1187 3299 Gaudet
1228 3262 1361 3303 vero
1396 3247 1466 3303 iis
1510 3246 1958 3316 quibnsNirgo,
2008 3259 2072 3298 ex
2102 3258 2215 3312 qua
2245 3240 2631 3297 divinissimus
2679 3241 2856 3298 Filius
2906 3251 3161 3297 naturam
3197 3245 3457 3297 vincente

221 3331 369 3388 modo
392 3333 455 3388 ad
487 3336 631 3392 hanc
663 3337 1050 3408 temporariam
1080 3340 1245 3396 vitam
1294 3343 1521 3412 prodiit,
1560 3342 1824 3396 Davidico
1857 3349 2050 3395 exorta
2081 3352 2205 3392 esse
2232 3334 2444 3391 semine
2473 3336 2924 3400 demonstratur;
2965 3342 3132 3403 atque
3159 3334 3225 3388 iis
3275 3335 3455 3387 omni-

222 3422 332 3488 bus,
364 3432 765 3501 qualiacunque
796 3434 930 3499 sint,
955 3450 1077 3503 qua:
1116 3435 1208 3501 qui
1248 3435 1406 3489 nobis
1448 3450 1547 3504 per
1580 3436 1751 3505 legem
1793 3442 1848 3490 et
1876 3430 2177 3503 prophetas
2212 3428 2436 3483 locutus
2481 3435 2566 3482 est
2596 3427 2762 3492 Deus,
2802 3425 2869 3481 de
2916 3427 3034 3498 ipsa
3082 3436 3198 3482 toto
3257 3426 3456 3481 divinae

222 3511 501 3587 Scriptura:
539 3521 780 3577 decursu
820 3524 1111 3581 manifeste
1149 3525 1562 3595 praenuntiavit.

281 3655 474 3710 Αὐτίκα
491 3657 623 3725 γοῦν
646 3659 721 3719 ὡς
746 3653 855 3714 οἷόν
886 3678 944 3714 τε
963 3661 1407 3734 διασκεψάμενοι,
1463 3666 1553 3719 ὑπ’
1581 3666 1775 3730 αὐτοὺς

1919 3733 1924 3738 _
1956 3661 2154 3717 Statim
2182 3658 2351 3729 igitur
2386 3655 2565 3726 quoad
2600 3655 2716 3711 lieri
2751 3661 2929 3725 potest
2956 3652 3323 3724 nosmetipsos
3358 3653 3461 3708 ob—

217 3741 372 3811 ἴωμεν
394 3749 515 3808 τοὺς
544 3747 784 3815 ἀγῶνας,
815 3750 911 3802 καὶ
938 3753 1059 3813 ταῖς
1086 3752 1481 3821 ὲπιφυομέναις
1505 3752 1783 3821 γλώσσαις

215 3834 317 3885 τῶν
330 3837 485 3890 πάλαι
515 3839 613 3891 καὶ
643 3838 737 3890 νῦν
772 3841 1243 3910 ἐκπαροινούντων
1266 3844 1347 3906 είς
1377 3842 1613 3912 Χριστὸν
1653 3844 1781 3895 Ἰου-

223 3919 385 3990 δαίων,
425 3929 799 3999 προθέλυμνον
826 3929 922 4001 τὴν
954 3932 1127 4001 τομὴν
1184 3934 1672 4003 συνεπαγάιγωμεν,
1709 3933 1784 3996 ὡς

238 4009 286 4063 ἦν
309 4021 494 4088 μηκέτι
523 4021 649 4091 ῥίζα
693 4022 919 4090 πικρίας
948 4023 1267 4091 ἀναφύουσα
1299 4025 1488 4095 ἐνοχλῇ
1518 4025 1616 4095 τῆς
1659 4024 1783 4077 Ἐκ-

239 4104 428 4177 κλησίας
455 4114 567 4174 τοῖς
590 4113 896 4182 θρέμμασι.
922 4113 1096 4167 Τοῦτο
1119 4114 1178 4167 δὲ
1212 4114 1330 4179 πῶς
1360 4115 1426 4169 ἂν
1455 4118 1629 4187 ῥᾷστα
1650 4117 1784 4185 ἡμῖν

237 4202 592 4274 κατορθωθείη,
629 4203 770 4274 πλὴν
798 4203 1059 4274 ἀκριϐοῦς
1105 4204 1427 4273 ἐξετάσεως,
1485 4206 1783 4277 ῆσυζητή-

239 4299 378 4357 σεως;
427 4297 517 4348 Δεῖ
542 4294 676 4365 γὰρ,
709 4291 884 4365 οἶμαι,
914 4296 1185 4367 πρότερον
1237 4298 1301 4349 ὲκ
1330 4296 1437 4351 τῶν
1471 4296 1786 4351 Μωσαῖκῶν

237 4373 477 4450 ἀποδεῖξαι
512 4386 738 4455 βιϐλίων
783 4387 874 4440 τὸν
906 4388 1143 4458 Χριστὺν
1186 4387 1282 4441 τοῦ
1314 4388 1449 4441 Θεοῦ
1494 4389 1642 4455 Υἰδν,
1692 4390 1787 4443 καὶ

236 4469 369 4526 αὑτὸν
411 4476 579 4541 Θεὸν,
641 4477 700 4544 ἐξ
744 4478 915 4532 Ἰούδα
953 4477 1056 4549 μὲν
1090 4479 1472 4544 ἀνατετάλθαι,
1509 4480 1653 4536 κατά
1694 4481 1786 4535 τὸν

243 4556 556 4635 Ἀπόστολον,
577 4573 706 4625 Υἱὸν
735 4573 793 4625 δὲ
823 4574 922 4644 τῆς
955 4572 1234 4644 Παρθένου
1250 4574 1788 4643 πεφηνέναικατάτὺ

235 4646 533 4731 εὐαγγέλιον
556 4682 570 4696 θ
602 4665 701 4728 τάς
732 4682 792 4718 τε
826 4665 1174 4737 προφητικάκ
1199 4668 1279 4729 είς
1314 4668 1480 4737 μέσον
1510 4667 1789 4737 ἀγαγόντα

234 4754 410 4817 φωνὰς,
438 4752 536 4809 εἶθ’
566 4757 711 4810 οὕτω
742 4758 854 4810 τῶν
888 4758 1098 4829 ἄκρων»,
1147 4759 1241 4812 καὶ
1270 4758 1376 4811 τῶν
1414 4758 1644 4829 καιρίων
1692 4761 1791 4828 ἐφ-

229 4835 467 4908 άψασθαι.
499 4850 690 4922 Ταύτῃ
716 4851 826 4920 γὰρ
844 4851 914 4904 δι’
932 4851 1222 4922 ἀκριϐείας
1255 4854 1385 4921 ἡμῖν
1404 4854 1431 4904 ὁ
1453 4853 1626 4921 Λόγος
1650 4854 1789 4908 πάν·

227 4935 366 4989 ταθεν
392 4940 449 4992 τὸ
480 4941 870 5009 ἀνεξέλεγκτον
898 4942 1011 5008 ἔξει
1033 4942 1129 4995 καὶ
1156 4943 1352 5011 πάγιον
1370 4983 1385 5004 ,
1420 4943 1515 4995 καὶ
1556 4944 1665 5015 μὴν
1694 4944 1790 4998 καὶ

1884 3759 2173 3811 servantes
2212 3750 2267 3805 in
2316 3763 2542 3804 arenam
2594 3748 2660 3801 ad
2694 3758 2974 3802 certamen
3028 3747 3455 3813 descendamns,

1882 3845 2195 3900 Judaaorum
2240 3841 2565 3896 invadentes
2598 3841 2834 3910 linguas,
2881 3840 2975 3908 qui
3010 3844 3121 3893 tum
3157 3840 3286 3893 olim
3343 3851 3457 3895 tum

1884 3935 2050 3990 modo
2082 3932 2435 3988 contumeliis
2475 3931 2530 3985 in
2580 3931 2865 3985 Christqu
2895 3929 3329 3994 debacchantur,
3368 3928 3462 3983 ab-

1885 4026 2156 4082 scissione
2195 4023 2390 4079 crebra
2431 4039 2523 4077 eas
2546 4021 2907 4092 amputanda,
2938 4037 3007 4076 ne
3035 4022 3272 4091 amplius
3303 4020 3462 4075 radix

1884 4131 2069 4173 amara
2097 4129 2396 4171 renascens
2424 4114 2685 4169 Ecclesia:
2703 4113 2902 4168 ovibus
2920 4112 3229 4167 molestiam
3262 4112 3459 4182 pariat.

1885 4208 2000 4263 Hoc
2035 4214 2218 4262 autem
2258 4219 2497 4276 quonam
2534 4204 2698 4259 modo
2742 4204 3162 4274 expeditissime
3212 4203 3469 4274 praestari

1886 4299 2061 4369 possit
2096 4310 2447 4368 nequaquam
2482 4294 2663 4359 video,
2694 4294 2802 4349 nisi
2840 4294 3211 4363 diligentioris
3256 4294 3468 4348 exami-

1885 4392 1995 4446 nis
2032 4396 2198 4459 atque
2228 4386 2656 4456 conquisitiouis
2682 4384 2952 4439 subsidio.
2981 4384 3120 4439 Puto
3142 4382 3288 4437 enim
3321 4397 3465 4451 opus

1886 4497 2012 4537 esse
2067 4489 2126 4535 ut
2160 4482 2320 4550 prius
2350 4495 2417 4533 ex
2460 4476 2629 4531 Mosis
2670 4476 2830 4530 libris
2868 4473 3253 4537 ostendamus,
3303 4472 3465 4526 Chri-

1889 4583 2036 4628 stum
2069 4571 2164 4624 Dei
2197 4569 2418 4629 Filium,
2457 4568 2550 4637 qui
2611 4575 2666 4621 et
2703 4566 2821 4636 ipse
2879 4564 3024 4619 Deus
3063 4571 3170 4628 est,
3210 4578 3275 4617 ex
3321 4560 3469 4616 Juda

1889 4663 2376 4735 quidem,testante
2397 4659 2669 4728 apostolo,
2684 4657 3013 4721 emeruisse,
3038 4655 3236 4709 Filium
3278 4665 3463 4709 autem

1891 4756 2164 4828 prodiisse
2216 4752 2498 4823 Virginis,
2559 4759 2801 4806 testante
2855 4748 3192 4819 Evangelio;
3244 4747 3455 4813 \deinde

1891 4860 2025 4900 vero
2076 4843 2467 4914 prephetarum
2525 4841 2756 4895 voc-ibus
2810 4839 2864 4893 in
2919 4840 3157 4893 medium
3213 4836 3467 4892 adductis

1895 4937 2194 5006 longinqua
2240 4933 2405 4989 simul
2454 4941 2509 4987 et
2541 4927 2875 5002 proximiora
2926 4929 3062 5001 (15)
3110 4935 3210 4984 hac
3256 4930 3470 4984 ratione

223 5022 316 5094 τῆς
340 5037 560 5105 νομικῆς
592 5005 955 5106 ἀρχαιότητος
1000 5037 1030 5089 ό
1057 5005 1343 5106 χαρακτὴρ
1381 5005 1690 5100 διασὼξοιτῗ
1718 5038 1775 5090 ἂν

1891 5005 2298 5097 contingamus.
2344 5023 2669 5093 linjusmodi
2697 5025 2843 5078 enim
2891 5023 3151 5077 cautione
3191 5032 3357 5090 atque
3386 5020 3479 5073 die.

215 5109 531 5197 ἀκραιφνὴς.
578 5126 823 5195 ’Λγέσθω
863 5128 1042 5181 τοίνυν
1100 5130 1180 5190 είς
1222 5128 1386 5193 μέσον
1417 5128 1547 5198 ἡμῖν
1589 5128 1785 5182 Ἰακὼϐ

208 5198 246 5249 δ
278 5213 366 5281 τῆς
391 5217 598 5288 ὑψηλῆς
630 5218 899 5287 κλίμακος
926 5217 1379 5288 διορατικὼτατος
1436 5215 1654 5287 θεατὴς,
1695 5220 1789 5273 καὶ

203 5301 327 5380 fdi
350 5307 530 5362 τούτου
572 5308 829 5379 ’Δϐραάμ
860 5310 889 5362 ὁ
935 5308 1300 5377 πατριάρχης,
1332 5308 1412 5369 εἰς
1437 5307 1495 5361 ὃν
1526 5312 1622 5361 καὶ
1654 5298 1790 5380 πρὶς

194 5375 286 5437 δν
310 5396 358 5446 ἀί
374 5375 713 5467 ἐπαγγελίαι.
741 5398 942 5473 Τοῦτον
970 5398 1078 5469 γὰρ
1122 5375 1217 5450 καὶ
1236 5375 1524 5472 Ματθαῖος
1546 5398 1646 5467 τῆς
1671 5375 1792 5453 κάτ’

188 5478 382 5559 ςξιτον
410 5487 770 5559 εῦαγγελικῆς
803 5488 1126 5559 συγγραφῆς
1174 5486 1544 5556 ἐναρχόμενος
1578 5492 1791 5558 προῦπ-

182 5556 424 5644 έῖαξεν,
454 5556 739 5635 τδννΔαυῖῦ
772 5556 1094 5652 προαναθεὶς
1123 5577 1199 5649 τῷ
1230 5556 1646 5650 συγγράμματι.
1681 5580 1795 5648 Ἐφ’

1884 5118 2109 5191 ligentia
2140 5116 2276 5172 illud
2322 5114 2688 5183 undecunque
2733 5113 3007 5168 obtinebit
3046 5110 3227 5165 oratio
3258 5116 3469 5173 nostra,

1885 5222 1945 5264 ut
1975 5217 2032 5264 et
2056 5209 2368 5263 ﬁrmitatem
2398 5207 2621 5269 habeat,
2661 5214 2715 5260 et
2748 5207 3016 5259 anemine
3053 5200 3231 5255 refelli
3265 5199 3468 5269 possit,

1889 5316 2109 5355 necnon
2155 5298 2470 5361 vetustatis,
2505 5313 2631 5367 quae
2671 5298 2724 5350 iu
2761 5297 2876 5364 lege
2909 5305 3017 5357 est,
3068 5294 3253 5363 ﬁgura:
3303 5301 3471 5360 atque

1893 5394 2052 5463 signa
2101 5400 2393 5447 serventur
2435 5394 2667 5457 integra.
2705 5389 2817 5457 Age
2874 5390 3078 5453 itaque,
3131 5390 3187 5440 in
3225 5384 3471 5440 medium

1899 5485 2063 5540 nobis
2095 5482 2359 5539 aﬂ‘eratur
2388 5482 2631 5537 Jacobus
2661 5481 2898 5536 excelsae
2938 5480 3087 5535 illius
3122 5480 3284 5535 scalae
3315 5493 3474 5534 accr-

1906 5579 2084 5631 rimus
2127 5576 2557 5647 contemplator;
2611 5574 2720 5628 imo
2754 5582 2881 5630 ante
2927 5574 3078 5628 illum
3122 5572 3479 5631 Ahralnuuus

322 5792 406 5870 ('5)
453 5800 663 5876 Potius,
710 5826 834 5882 qius
885 5811 1173 5882 potissima
1227 5821 1377 5875 sunt,
1430 5816 1482 5862 et
1538 5808 1790 5878 nrgnrtia
1826 5806 2023 5877 magis.
2059 5804 2195 5860 GM...
