  <div class='ocr_page' id='page_1' title='image "/cluster/home/n/w/nwhite01/storage/ocr_20150623/97/hvd.32044073502130/456.png"; bbox 0 0 3776 6204; ppageno 0'>
   <div class='ocr_carea' id='block_1_1' title="bbox 157 316 1633 445">
    <p class='ocr_par' dir='ltr' id='par_1_1' title="bbox 157 373 1633 445">
     <span class='ocr_line' id='line_1_1' title="bbox 157 373 1633 445; baseline -0.005 0"><span class='ocrx_word' id='word_1_1' title='bbox 157 375 214 445; x_wconf 64' lang='lat' dir='ltr'><strong>ill</strong></span> <span class='ocrx_word' id='word_1_2' title='bbox 1143 373 1223 441; x_wconf 75' lang='grc' dir='ltr'>ΙΝ</span> <span class='ocrx_word' id='word_1_3' title='bbox 1254 376 1633 440; x_wconf 78' lang='lat' dir='ltr'><strong>NATIV&#39;ITA&#39;]</strong></span> 
     </span>
    </p>
   </div>
   <div class='ocr_carea' id='block_1_2' title="bbox 1755 316 2314 445">
    <p class='ocr_par' dir='ltr' id='par_1_2' title="bbox 1755 369 2314 443">
     <span class='ocr_line' id='line_1_2' title="bbox 1755 369 2314 443; baseline 0.005 -3"><span class='ocrx_word' id='word_1_4' title='bbox 1755 371 1862 440; x_wconf 71' lang='lat' dir='ltr'><strong>is.</strong></span> <span class='ocrx_word' id='word_1_5' title='bbox 1902 369 2186 441; x_wconf 58' lang='lat' dir='ltr'><strong>Manta.</strong></span> <span class='ocrx_word' id='word_1_6' title='bbox 2230 373 2314 443; x_wconf 86' lang='lat' dir='ltr'><strong>II.</strong></span> 
     </span>
    </p>
   </div>
   <div class='ocr_carea' id='block_1_3' title="bbox 3206 385 3310 450">
    <p class='ocr_par' dir='ltr' id='par_1_3' title="bbox 3206 385 3310 450">
     <span class='ocr_line' id='line_1_3' title="bbox 3206 385 3310 450; baseline -0.048 1"><span class='ocrx_word' id='word_1_7' title='bbox 3206 385 3310 450; x_wconf 67' lang='grc'><strong>849</strong></span> 
     </span>
    </p>
   </div>
   <div class='ocr_carea' id='block_1_4' title="bbox 152 484 1633 558">
    <p class='ocr_par' dir='ltr' id='par_1_4' title="bbox 152 485 1633 558">
     <span class='ocr_line' id='line_1_4' title="bbox 152 485 1633 558; baseline -0.004 -12"><span class='ocrx_word' id='word_1_8' title='bbox 152 493 228 546; x_wconf 70' lang='grc' dir='ltr'><strong>στὸν</strong></span> <span class='ocrx_word' id='word_1_9' title='bbox 245 491 290 544; x_wconf 72' lang='lat' dir='ltr'><strong>tat</strong></span> <span class='ocrx_word' id='word_1_10' title='bbox 315 487 499 556; x_wconf 80' lang='grc' dir='ltr'><strong>γένους</strong></span> <span class='ocrx_word' id='word_1_11' title='bbox 519 487 648 542; x_wconf 73' lang='grc' dir='ltr'><strong>ὄντα</strong></span> <span class='ocrx_word' id='word_1_12' title='bbox 678 485 857 542; x_wconf 77' lang='grc' dir='ltr'><strong>Δαυτδ.</strong></span> <span class='ocrx_word' id='word_1_13' title='bbox 888 487 1192 558; x_wconf 75' lang='grc' dir='ltr'><strong>Προσέσται</strong></span> <span class='ocrx_word' id='word_1_14' title='bbox 1223 490 1332 556; x_wconf 87' lang='grc' dir='ltr'><strong>γάρ</strong></span> <span class='ocrx_word' id='word_1_15' title='bbox 1366 505 1448 542; x_wconf 90' lang='grc' dir='ltr'><strong>σοι</strong></span> <span class='ocrx_word' id='word_1_16' title='bbox 1474 487 1633 557; x_wconf 79' lang='grc' dir='ltr'><strong>δῆλον</strong></span> 
     </span>
    </p>
   </div>
   <div class='ocr_carea' id='block_1_5' title="bbox 1755 484 3311 558">
    <p class='ocr_par' dir='ltr' id='par_1_5' title="bbox 1755 484 3311 558">
     <span class='ocr_line' id='line_1_5' title="bbox 1755 484 3311 558; baseline 0.004 -17"><span class='ocrx_word' id='word_1_17' title='bbox 1755 487 2002 558; x_wconf 85' lang='lat' dir='ltr'><strong>iulloque</strong></span> <span class='ocrx_word' id='word_1_18' title='bbox 2033 487 2411 549; x_wconf 62' lang='lat' dir='ltr'><strong>intercedente</strong></span> <span class='ocrx_word' id='word_1_19' title='bbox 2445 484 2686 548; x_wconf 84' lang='lat' dir='ltr'><strong>dissidio</strong></span> <span class='ocrx_word' id='word_1_20' title='bbox 2719 492 2774 546; x_wconf 92' lang='lat' dir='ltr'><strong>in</strong></span> <span class='ocrx_word' id='word_1_21' title='bbox 2827 505 2995 549; x_wconf 85' lang='lat' dir='ltr'><strong>unam</strong></span> <span class='ocrx_word' id='word_1_22' title='bbox 3027 495 3311 551; x_wconf 80' lang='lat' dir='ltr'><strong>eamdem-</strong></span> 
     </span>
    </p>
   </div>
   <div class='ocr_carea' id='block_1_6' title="bbox 147 575 1630 652">
    <p class='ocr_par' dir='ltr' id='par_1_6' title="bbox 147 575 1630 652">
     <span class='ocr_line' id='line_1_6' title="bbox 147 575 1630 652; baseline -0.003 -16"><span class='ocrx_word' id='word_1_23' title='bbox 147 581 443 643; x_wconf 75' lang='grc' dir='ltr'><strong>ίντιῦθεν,καὶ</strong></span> <span class='ocrx_word' id='word_1_24' title='bbox 486 580 658 652; x_wconf 73' lang='grc' dir='ltr'><strong>αὐτὴν</strong></span> <span class='ocrx_word' id='word_1_25' title='bbox 704 579 1112 651; x_wconf 74' lang='grc' dir='ltr'><strong>ὑπολαμϐάνειν</strong></span> <span class='ocrx_word' id='word_1_26' title='bbox 1135 582 1199 638; x_wconf 80' lang='grc' dir='ltr'><strong>ἐκ</strong></span> <span class='ocrx_word' id='word_1_27' title='bbox 1235 581 1424 648; x_wconf 83' lang='grc' dir='ltr'>γένους</span> <span class='ocrx_word' id='word_1_28' title='bbox 1465 575 1630 640; x_wconf 79' lang='grc' dir='ltr'><strong>οὖσαν</strong></span> 
     </span>
    </p>
   </div>
   <div class='ocr_carea' id='block_1_7' title="bbox 144 672 1631 746">
    <p class='ocr_par' dir='ltr' id='par_1_7' title="bbox 144 672 1631 746">
     <span class='ocr_line' id='line_1_7' title="bbox 144 672 1631 746; baseline -0.002 -17"><span class='ocrx_word' id='word_1_29' title='bbox 144 673 342 744; x_wconf 70' lang='grc' dir='ltr'><strong>Δαυτδτὴν</strong></span> <span class='ocrx_word' id='word_1_30' title='bbox 362 674 590 746; x_wconf 76' lang='grc' dir='ltr'><strong>ἀρρήτῳ</strong></span> <span class='ocrx_word' id='word_1_31' title='bbox 644 672 910 744; x_wconf 64' lang='grc' dir='ltr'><strong>κυοφορίᾳ</strong></span> <span class='ocrx_word' id='word_1_32' title='bbox 955 673 1258 743; x_wconf 73' lang='grc' dir='ltr'><strong>γενομένην</strong></span> <span class='ocrx_word' id='word_1_33' title='bbox 1292 672 1457 726; x_wconf 87' lang='grc' dir='ltr'><strong>αὐτοῦ</strong></span> <span class='ocrx_word' id='word_1_34' title='bbox 1489 672 1631 726; x_wconf 74' lang='grc' dir='ltr'><strong>κατὰ</strong></span> 
     </span>
    </p>
   </div>
   <div class='ocr_carea' id='block_1_8' title="bbox 140 763 1633 838">
    <p class='ocr_par' dir='ltr' id='par_1_8' title="bbox 140 763 1633 838">
     <span class='ocr_line' id='line_1_8' title="bbox 140 763 1633 838; baseline -0.003 -18"><span class='ocrx_word' id='word_1_35' title='bbox 140 770 256 837; x_wconf 63' lang='lat' dir='ltr'><strong>ripas</strong></span> <span class='ocrx_word' id='word_1_36' title='bbox 293 767 517 838; x_wconf 84' lang='grc' dir='ltr'><strong>μητέρα.</strong></span> <span class='ocrx_word' id='word_1_37' title='bbox 553 765 619 819; x_wconf 83' lang='grc' dir='ltr'><strong>Εί</strong></span> <span class='ocrx_word' id='word_1_38' title='bbox 635 783 714 836; x_wconf 84' lang='grc' dir='ltr'><strong>τῳ</strong></span> <span class='ocrx_word' id='word_1_39' title='bbox 741 766 816 838; x_wconf 81' lang='grc' dir='ltr'><strong>μὴ</strong></span> <span class='ocrx_word' id='word_1_40' title='bbox 856 768 1144 837; x_wconf 74' lang='grc' dir='ltr'><strong>παρέργως</strong></span> <span class='ocrx_word' id='word_1_41' title='bbox 1189 769 1390 819; x_wconf 84' lang='grc' dir='ltr'><strong>νοεῖται</strong></span> <span class='ocrx_word' id='word_1_42' title='bbox 1412 764 1495 830; x_wconf 82' lang='grc' dir='ltr'><strong>τὸ,</strong></span> <span class='ocrx_word' id='word_1_43' title='bbox 1538 763 1633 816; x_wconf 81' lang='grc' dir='ltr'><strong>Ἐκ</strong></span> 
     </span>
    </p>
   </div>
   <div class='ocr_carea' id='block_1_9' title="bbox 137 855 1220 930">
    <p class='ocr_par' dir='ltr' id='par_1_9' title="bbox 137 855 1220 930">
     <span class='ocr_line' id='line_1_9' title="bbox 137 855 1220 930; baseline 0.002 -20"><span class='ocrx_word' id='word_1_44' title='bbox 137 859 195 911; x_wconf 75' lang='grc' dir='ltr'><strong>τοῦ</strong></span> <span class='ocrx_word' id='word_1_45' title='bbox 215 858 395 929; x_wconf 78' lang='grc' dir='ltr'><strong>καρποῦ</strong></span> <span class='ocrx_word' id='word_1_46' title='bbox 422 859 484 911; x_wconf 89' lang='grc' dir='ltr'><strong>τὸ</strong></span> <span class='ocrx_word' id='word_1_47' title='bbox 516 858 732 930; x_wconf 72' lang='grc' dir='ltr'><strong>δένδρον</strong></span> <span class='ocrx_word' id='word_1_48' title='bbox 754 855 1220 925; x_wconf 59' lang='grc' dir='ltr'><strong>ἐπιγινώσκεται(</strong></span> 
     </span>
    </p>
   </div>
   <div class='ocr_carea' id='block_1_10' title="bbox 1737 578 3312 659">
    <p class='ocr_par' dir='ltr' id='par_1_10' title="bbox 1737 578 3312 659">
     <span class='ocr_line' id='line_1_10' title="bbox 1737 578 3312 659; baseline 0.008 -29"><span class='ocrx_word' id='word_1_49' title='bbox 1737 592 1845 646; x_wconf 89' lang='lat' dir='ltr'><strong>que</strong></span> <span class='ocrx_word' id='word_1_50' title='bbox 1877 584 2116 636; x_wconf 90' lang='lat' dir='ltr'><strong>mentem</strong></span> <span class='ocrx_word' id='word_1_51' title='bbox 2145 578 2630 650; x_wconf 63' lang='lat' dir='ltr'><strong>censpirantibus,’</strong></span> <span class='ocrx_word' id='word_1_52' title='bbox 2676 581 2968 641; x_wconf 87' lang='lat' dir='ltr'><strong>Christum</strong></span> <span class='ocrx_word' id='word_1_53' title='bbox 3011 601 3076 642; x_wconf 78' lang='lat' dir='ltr'><strong>ex</strong></span> <span class='ocrx_word' id='word_1_54' title='bbox 3109 603 3312 659; x_wconf 79' lang='lat' dir='ltr'><strong>genere</strong></span> 
     </span>
    </p>
   </div>
   <div class='ocr_carea' id='block_1_11' title="bbox 1740 667 3312 739">
    <p class='ocr_par' dir='ltr' id='par_1_11' title="bbox 1740 667 3312 739">
     <span class='ocr_line' id='line_1_11' title="bbox 1740 667 3312 739; baseline 0.009 -17"><span class='ocrx_word' id='word_1_55' title='bbox 1740 667 1964 724; x_wconf 85' lang='lat' dir='ltr'><strong>Davidis</strong></span> <span class='ocrx_word' id='word_1_56' title='bbox 2005 669 2282 739; x_wconf 87' lang='lat' dir='ltr'><strong>prodiisse</strong></span> <span class='ocrx_word' id='word_1_57' title='bbox 2314 671 2622 729; x_wconf 78' lang='lat' dir='ltr'><strong>fateamini.</strong></span> <span class='ocrx_word' id='word_1_58' title='bbox 2693 675 2837 732; x_wconf 86' lang='lat' dir='ltr'><strong>Hine</strong></span> <span class='ocrx_word' id='word_1_59' title='bbox 2887 679 3034 734; x_wconf 90' lang='lat' dir='ltr'><strong>enim</strong></span> <span class='ocrx_word' id='word_1_60' title='bbox 3076 679 3312 736; x_wconf 83' lang='lat' dir='ltr'><strong>manife-</strong></span> 
     </span>
    </p>
   </div>
   <div class='ocr_carea' id='block_1_12' title="bbox 1738 760 3310 843">
    <p class='ocr_par' dir='ltr' id='par_1_12' title="bbox 1738 760 3310 843">
     <span class='ocr_line' id='line_1_12' title="bbox 1738 760 3310 843; baseline 0.008 -29"><span class='ocrx_word' id='word_1_61' title='bbox 1738 760 1985 816; x_wconf 88' lang='lat' dir='ltr'><strong>stissimo</strong></span> <span class='ocrx_word' id='word_1_62' title='bbox 2043 763 2236 818; x_wconf 86' lang='lat' dir='ltr'><strong>licebit</strong></span> <span class='ocrx_word' id='word_1_63' title='bbox 2285 776 2616 836; x_wconf 90' lang='lat' dir='ltr'><strong>argumento</strong></span> <span class='ocrx_word' id='word_1_64' title='bbox 2677 769 2978 837; x_wconf 88' lang='lat' dir='ltr'><strong>deducere,</strong></span> <span class='ocrx_word' id='word_1_65' title='bbox 3023 788 3145 829; x_wconf 86' lang='lat' dir='ltr'><strong>eam</strong></span> <span class='ocrx_word' id='word_1_66' title='bbox 3174 789 3310 843; x_wconf 81' lang='lat' dir='ltr'><strong>quo-</strong></span> 
     </span>
    </p>
   </div>
   <div class='ocr_carea' id='block_1_13' title="bbox 1737 854 3308 934">
    <p class='ocr_par' dir='ltr' id='par_1_13' title="bbox 1737 854 3308 934">
     <span class='ocr_line' id='line_1_13' title="bbox 1737 854 3308 934; baseline 0.007 -28"><span class='ocrx_word' id='word_1_67' title='bbox 1737 867 1846 918; x_wconf 82' lang='lat' dir='ltr'><strong>que</strong></span> <span class='ocrx_word' id='word_1_68' title='bbox 1879 868 1947 908; x_wconf 80' lang='lat' dir='ltr'><strong>ex</strong></span> <span class='ocrx_word' id='word_1_69' title='bbox 2001 869 2204 924; x_wconf 88' lang='lat' dir='ltr'><strong>genere</strong></span> <span class='ocrx_word' id='word_1_70' title='bbox 2255 854 2478 912; x_wconf 89' lang='lat' dir='ltr'><strong>Davidis</strong></span> <span class='ocrx_word' id='word_1_71' title='bbox 2533 858 2836 924; x_wconf 76' lang='lat' dir='ltr'><strong>ellluxisse,</strong></span> <span class='ocrx_word' id='word_1_72' title='bbox 2887 880 3012 934; x_wconf 78' lang='lat' dir='ltr'><strong>qua:</strong></span> <span class='ocrx_word' id='word_1_73' title='bbox 3042 861 3308 920; x_wconf 72' lang='lat' dir='ltr'><strong>ineffabili</strong></span> 
     </span>
    </p>
   </div>
   <div class='ocr_carea' id='block_1_14' title="bbox 133 943 3309 1025">
    <p class='ocr_par' dir='ltr' id='par_1_14' title="bbox 133 943 3309 1025">
     <span class='ocr_line' id='line_1_14' title="bbox 133 943 3309 1025; baseline 0.002 -22"><span class='ocrx_word' id='word_1_74' title='bbox 133 950 438 1020; x_wconf 71' lang='lat' dir='ltr'><strong>gnridatione</strong></span> <span class='ocrx_word' id='word_1_75' title='bbox 493 949 673 1020; x_wconf 86' lang='lat' dir='ltr'><strong>ipsius</strong></span> <span class='ocrx_word' id='word_1_76' title='bbox 701 947 1007 1004; x_wconf 89' lang='lat' dir='ltr'><strong>secundum</strong></span> <span class='ocrx_word' id='word_1_77' title='bbox 1063 962 1283 1008; x_wconf 86' lang='lat' dir='ltr'><strong>carnem</strong></span> <span class='ocrx_word' id='word_1_78' title='bbox 1349 952 1528 999; x_wconf 81' lang='lat' dir='ltr'><strong>mater</strong></span> <span class='ocrx_word' id='word_1_79' title='bbox 1589 943 1830 1000; x_wconf 77' lang='lat' dir='ltr'><strong>exstitit.</strong></span> <span class='ocrx_word' id='word_1_80' title='bbox 1918 943 2056 1009; x_wconf 83' lang='lat' dir='ltr'><strong>Quis</strong></span> <span class='ocrx_word' id='word_1_81' title='bbox 2121 947 2268 1000; x_wconf 90' lang='lat' dir='ltr'><strong>enim</strong></span> <span class='ocrx_word' id='word_1_82' title='bbox 2353 948 2586 1004; x_wconf 82' lang='lat' dir='ltr'><strong>inliciari</strong></span> <span class='ocrx_word' id='word_1_83' title='bbox 2646 967 2893 1021; x_wconf 83' lang='lat' dir='ltr'><strong>unquam</strong></span> <span class='ocrx_word' id='word_1_84' title='bbox 2969 958 3167 1025; x_wconf 89' lang='lat' dir='ltr'><strong>possit,</strong></span> <span class='ocrx_word' id='word_1_85' title='bbox 3255 953 3309 1010; x_wconf 89' lang='lat' dir='ltr'><strong>id</strong></span> 
     </span>
    </p>
   </div>
   <div class='ocr_carea' id='block_1_15' title="bbox 130 1031 2076 1104">
    <p class='ocr_par' dir='ltr' id='par_1_15' title="bbox 130 1031 2076 1104">
     <span class='ocr_line' id='line_1_15' title="bbox 130 1031 2076 1104; baseline -0.006 -8"><span class='ocrx_word' id='word_1_86' title='bbox 130 1042 374 1096; x_wconf 78' lang='lat' dir='ltr'><strong>certissime</strong></span> <span class='ocrx_word' id='word_1_87' title='bbox 425 1040 616 1096; x_wconf 89' lang='lat' dir='ltr'><strong>evinci</strong></span> <span class='ocrx_word' id='word_1_88' title='bbox 699 1053 825 1094; x_wconf 92' lang='lat' dir='ltr'><strong>cum</strong></span> <span class='ocrx_word' id='word_1_89' title='bbox 874 1039 1040 1092; x_wconf 90' lang='lat' dir='ltr'><strong>arbor</strong></span> <span class='ocrx_word' id='word_1_90' title='bbox 1089 1053 1157 1092; x_wconf 74' lang='lat' dir='ltr'><strong>es</strong></span> <span class='ocrx_word' id='word_1_91' title='bbox 1193 1035 1377 1091; x_wconf 91' lang='lat' dir='ltr'><strong>fructu</strong></span> <span class='ocrx_word' id='word_1_92' title='bbox 1419 1035 1628 1104; x_wconf 89' lang='lat' dir='ltr'><strong>optime</strong></span> <span class='ocrx_word' id='word_1_93' title='bbox 1665 1031 2076 1099; x_wconf 72' lang='lat' dir='ltr'><strong>dignoscatur&quot;</strong></span> 
     </span>
    </p>
   </div>
   <div class='ocr_carea' id='block_1_16' title="bbox 172 1183 1634 1261">
    <p class='ocr_par' dir='ltr' id='par_1_16' title="bbox 172 1183 1634 1261">
     <span class='ocr_line' id='line_1_16' title="bbox 172 1183 1634 1261; baseline -0.008 -15"><span class='ocrx_word' id='word_1_94' title='bbox 172 1193 280 1246; x_wconf 81' lang='grc' dir='ltr'><strong>Ἀλλ’</strong></span> <span class='ocrx_word' id='word_1_95' title='bbox 297 1192 382 1244; x_wconf 73' lang='grc' dir='ltr'><strong>ἐπὶ</strong></span> <span class='ocrx_word' id='word_1_96' title='bbox 409 1188 509 1261; x_wconf 74' lang='grc' dir='ltr'><strong>τὴν</strong></span> <span class='ocrx_word' id='word_1_97' title='bbox 542 1188 819 1257; x_wconf 85' lang='grc' dir='ltr'><strong>γενέθλιον</strong></span> <span class='ocrx_word' id='word_1_98' title='bbox 866 1183 1022 1250; x_wconf 83' lang='grc' dir='ltr'><strong>αὖθις</strong></span> <span class='ocrx_word' id='word_1_99' title='bbox 1063 1186 1468 1258; x_wconf 84' lang='grc' dir='ltr'><strong>ἀναδράμωμεν</strong></span> <span class='ocrx_word' id='word_1_100' title='bbox 1509 1183 1634 1251; x_wconf 84' lang='grc' dir='ltr'><strong>ἐορ-</strong></span> 
     </span>
    </p>
   </div>
   <div class='ocr_carea' id='block_1_17' title="bbox 122 1275 1636 1355">
    <p class='ocr_par' dir='ltr' id='par_1_17' title="bbox 122 1275 1636 1355">
     <span class='ocr_line' id='line_1_17' title="bbox 122 1275 1636 1355; baseline -0.009 -19"><span class='ocrx_word' id='word_1_101' title='bbox 122 1285 204 1355; x_wconf 63' lang='lat' dir='ltr'><strong>rip.</strong></span> <span class='ocrx_word' id='word_1_102' title='bbox 228 1280 306 1335; x_wconf 83' lang='grc' dir='ltr'><strong>καὶ</strong></span> <span class='ocrx_word' id='word_1_103' title='bbox 324 1284 386 1351; x_wconf 74' lang='grc' dir='ltr'><strong>τῇ</strong></span> <span class='ocrx_word' id='word_1_104' title='bbox 423 1281 594 1350; x_wconf 79' lang='grc' dir='ltr'><strong>’Δννῃ</strong></span> <span class='ocrx_word' id='word_1_105' title='bbox 634 1279 828 1349; x_wconf 82' lang='grc' dir='ltr'><strong>μικρὸν</strong></span> <span class='ocrx_word' id='word_1_106' title='bbox 869 1277 1058 1347; x_wconf 82' lang='grc' dir='ltr'><strong>ὥσπερ</strong></span> <span class='ocrx_word' id='word_1_107' title='bbox 1107 1276 1465 1344; x_wconf 79' lang='grc' dir='ltr'><strong>ἐπιθαλάμιον</strong></span> <span class='ocrx_word' id='word_1_108' title='bbox 1505 1275 1636 1326; x_wconf 87' lang='grc' dir='ltr'><strong>ἀνα-</strong></span> 
     </span>
    </p>
   </div>
   <div class='ocr_carea' id='block_1_18' title="bbox 119 1364 1637 1444">
    <p class='ocr_par' dir='ltr' id='par_1_18' title="bbox 119 1364 1637 1444">
     <span class='ocr_line' id='line_1_18' title="bbox 119 1364 1637 1444; baseline -0.007 -16"><span class='ocrx_word' id='word_1_109' title='bbox 119 1373 419 1444; x_wconf 70' lang='grc' dir='ltr'><strong>κρονσὼμεθα</strong></span> <span class='ocrx_word' id='word_1_110' title='bbox 467 1370 650 1443; x_wconf 87' lang='grc' dir='ltr'><strong>μέλος.</strong></span> <span class='ocrx_word' id='word_1_111' title='bbox 723 1370 838 1424; x_wconf 84' lang='grc' dir='ltr'><strong>Νῦν</strong></span> <span class='ocrx_word' id='word_1_112' title='bbox 913 1369 1010 1440; x_wconf 71' lang='grc' dir='ltr'><strong>μὲν</strong></span> <span class='ocrx_word' id='word_1_113' title='bbox 1079 1367 1426 1438; x_wconf 80' lang='grc' dir='ltr'><strong>κυοφορούσῃ</strong></span> <span class='ocrx_word' id='word_1_114' title='bbox 1469 1364 1637 1418; x_wconf 83' lang='grc' dir='ltr'><strong>παῖδα</strong></span> 
     </span>
    </p>
   </div>
   <div class='ocr_carea' id='block_1_19' title="bbox 118 1457 1635 1534">
    <p class='ocr_par' dir='ltr' id='par_1_19' title="bbox 118 1457 1635 1534">
     <span class='ocr_line' id='line_1_19' title="bbox 118 1457 1635 1534; baseline -0.006 -15"><span class='ocrx_word' id='word_1_115' title='bbox 118 1467 359 1530; x_wconf 78' lang='grc' dir='ltr'><strong>θεόσδοτον,</strong></span> <span class='ocrx_word' id='word_1_116' title='bbox 409 1462 746 1531; x_wconf 68' lang='grc' dir='ltr'><strong>ἐπαγγελίας</strong></span> <span class='ocrx_word' id='word_1_117' title='bbox 794 1461 1071 1534; x_wconf 79' lang='grc' dir='ltr'><strong>ἐνέχυρον,</strong></span> <span class='ocrx_word' id='word_1_118' title='bbox 1128 1460 1225 1514; x_wconf 87' lang='grc' dir='ltr'><strong>νῦν</strong></span> <span class='ocrx_word' id='word_1_119' title='bbox 1261 1460 1318 1514; x_wconf 77' lang='grc' dir='ltr'><strong>δὲ</strong></span> <span class='ocrx_word' id='word_1_120' title='bbox 1373 1457 1635 1530; x_wconf 79' lang='grc' dir='ltr'><strong>τικτούσῃ</strong></span> 
     </span>
    </p>
   </div>
   <div class='ocr_carea' id='block_1_20' title="bbox 115 1550 1629 1627">
    <p class='ocr_par' dir='ltr' id='par_1_20' title="bbox 115 1550 1629 1627">
     <span class='ocr_line' id='line_1_20' title="bbox 115 1550 1629 1627; baseline -0.007 -16"><span class='ocrx_word' id='word_1_121' title='bbox 115 1560 290 1627; x_wconf 77' lang='grc' dir='ltr'><strong>γόνιμον</strong></span> <span class='ocrx_word' id='word_1_122' title='bbox 308 1555 465 1626; x_wconf 75' lang='grc' dir='ltr'><strong>εὐχὴν</strong></span> <span class='ocrx_word' id='word_1_123' title='bbox 495 1554 632 1624; x_wconf 85' lang='grc' dir='ltr'><strong>μετὰ</strong></span> <span class='ocrx_word' id='word_1_124' title='bbox 666 1553 952 1626; x_wconf 88' lang='grc' dir='ltr'><strong>στείρωσιν</strong></span> <span class='ocrx_word' id='word_1_125' title='bbox 991 1553 1092 1623; x_wconf 78' lang='grc' dir='ltr'><strong>τῆς</strong></span> <span class='ocrx_word' id='word_1_126' title='bbox 1122 1552 1264 1624; x_wconf 77' lang='grc' dir='ltr'><strong>ὑπὲρ</strong></span> <span class='ocrx_word' id='word_1_127' title='bbox 1297 1550 1423 1605; x_wconf 90' lang='grc' dir='ltr'><strong>νοῦν</strong></span> <span class='ocrx_word' id='word_1_128' title='bbox 1450 1552 1629 1617; x_wconf 65' lang='grc' dir='ltr'><strong>ἐκφαι-</strong></span> 
     </span>
    </p>
   </div>
   <div class='ocr_carea' id='block_1_21' title="bbox 111 1641 1631 1716">
    <p class='ocr_par' dir='ltr' id='par_1_21' title="bbox 111 1641 1631 1716">
     <span class='ocr_line' id='line_1_21' title="bbox 111 1641 1631 1716; baseline -0.005 -16"><span class='ocrx_word' id='word_1_129' title='bbox 111 1649 326 1716; x_wconf 81' lang='grc' dir='ltr'><strong>νεστάτης</strong></span> <span class='ocrx_word' id='word_1_130' title='bbox 365 1644 495 1699; x_wconf 85' lang='grc' dir='ltr'><strong>Θεοῦ</strong></span> <span class='ocrx_word' id='word_1_131' title='bbox 555 1645 694 1713; x_wconf 86' lang='grc' dir='ltr'><strong>πρὸς</strong></span> <span class='ocrx_word' id='word_1_132' title='bbox 738 1643 1057 1716; x_wconf 81' lang='grc' dir='ltr'><strong>ἀνθρώπους</strong></span> <span class='ocrx_word' id='word_1_133' title='bbox 1096 1641 1411 1711; x_wconf 76' lang='grc' dir='ltr'><strong>ἐπιδημίας.</strong></span> <span class='ocrx_word' id='word_1_134' title='bbox 1449 1641 1631 1705; x_wconf 77' lang='grc' dir='ltr'><strong>Ἀξιον</strong></span> 
     </span>
    </p>
   </div>
   <div class='ocr_carea' id='block_1_22' title="bbox 112 1733 1627 1808">
    <p class='ocr_par' dir='ltr' id='par_1_22' title="bbox 112 1733 1627 1808">
     <span class='ocr_line' id='line_1_22' title="bbox 112 1733 1627 1808; baseline -0.003 -18"><span class='ocrx_word' id='word_1_135' title='bbox 112 1740 193 1808; x_wconf 75' lang='grc' dir='ltr'><strong>γὰρ</strong></span> <span class='ocrx_word' id='word_1_136' title='bbox 209 1738 428 1794; x_wconf 85' lang='grc' dir='ltr'><strong>τοιοῦτον</strong></span> <span class='ocrx_word' id='word_1_137' title='bbox 445 1734 748 1790; x_wconf 83' lang='grc' dir='ltr'><strong>ἀποτεκνοῦ</strong></span> <span class='ocrx_word' id='word_1_138' title='bbox 758 1752 858 1788; x_wconf 90' lang='grc' dir='ltr'><strong>σαν</strong></span> <span class='ocrx_word' id='word_1_139' title='bbox 899 1733 1128 1804; x_wconf 75' lang='grc' dir='ltr'><strong>βλαστὸν</strong></span> <span class='ocrx_word' id='word_1_140' title='bbox 1171 1734 1377 1803; x_wconf 80' lang='grc' dir='ltr'><strong>ἀνευφη</strong></span> <span class='ocrx_word' id='word_1_141' title='bbox 1388 1733 1627 1804; x_wconf 75' lang='grc' dir='ltr'><strong>μεῖσθαι,</strong></span> 
     </span>
    </p>
   </div>
   <div class='ocr_carea' id='block_1_23' title="bbox 108 1823 1630 1896">
    <p class='ocr_par' dir='ltr' id='par_1_23' title="bbox 108 1823 1630 1896">
     <span class='ocr_line' id='line_1_23' title="bbox 108 1823 1630 1896; baseline -0.006 -12"><span class='ocrx_word' id='word_1_142' title='bbox 108 1832 180 1884; x_wconf 80' lang='grc' dir='ltr'><strong>καὶ</strong></span> <span class='ocrx_word' id='word_1_143' title='bbox 200 1829 329 1891; x_wconf 84' lang='grc' dir='ltr'><strong>θείας</strong></span> <span class='ocrx_word' id='word_1_144' title='bbox 347 1828 514 1890; x_wconf 74' lang='grc' dir='ltr'><strong>ὅντως</strong></span> <span class='ocrx_word' id='word_1_145' title='bbox 544 1828 940 1896; x_wconf 81' lang='grc' dir='ltr'><strong>ἐπιφωνήσεως</strong></span> <span class='ocrx_word' id='word_1_146' title='bbox 993 1825 1294 1892; x_wconf 77' lang='grc' dir='ltr'><strong>ἀξιοῦσθαι.</strong></span> <span class='ocrx_word' id='word_1_147' title='bbox 1339 1823 1630 1896; x_wconf 83' lang='grc' dir='ltr'><strong>Πρόκειται</strong></span> 
     </span>
    </p>
   </div>
   <div class='ocr_carea' id='block_1_24' title="bbox 105 1916 1632 1998">
    <p class='ocr_par' dir='ltr' id='par_1_24' title="bbox 105 1916 1632 1998">
     <span class='ocr_line' id='line_1_24' title="bbox 105 1916 1632 1998; baseline -0.004 -24"><span class='ocrx_word' id='word_1_148' title='bbox 105 1922 206 1989; x_wconf 83' lang='grc' dir='ltr'><strong>γοῦν</strong></span> <span class='ocrx_word' id='word_1_149' title='bbox 231 1916 331 1974; x_wconf 74' lang='grc' dir='ltr'><strong>οἷόν</strong></span> <span class='ocrx_word' id='word_1_150' title='bbox 377 1938 460 1984; x_wconf 87' lang='grc' dir='ltr'><strong>τις</strong></span> <span class='ocrx_word' id='word_1_151' title='bbox 490 1919 715 1998; x_wconf 81' lang='grc' dir='ltr'><strong>νυμφὼν</strong></span> <span class='ocrx_word' id='word_1_152' title='bbox 740 1920 768 1971; x_wconf 90' lang='lat'><strong>6</strong></span> <span class='ocrx_word' id='word_1_153' title='bbox 792 1919 893 1988; x_wconf 81' lang='grc' dir='ltr'><strong>τῆς</strong></span> <span class='ocrx_word' id='word_1_154' title='bbox 928 1919 1128 1989; x_wconf 82' lang='grc' dir='ltr'><strong>Ἀννης</strong></span> <span class='ocrx_word' id='word_1_155' title='bbox 1166 1916 1361 1971; x_wconf 78' lang='grc' dir='ltr'><strong>κοιτὼν</strong></span> <span class='ocrx_word' id='word_1_156' title='bbox 1387 1934 1399 1946; x_wconf 89' lang='grc'><strong>·</strong></span> <span class='ocrx_word' id='word_1_157' title='bbox 1445 1917 1632 1970; x_wconf 78' lang='grc' dir='ltr'><strong>παιδο-</strong></span> 
     </span>
    </p>
   </div>
   <div class='ocr_carea' id='block_1_25' title="bbox 105 2007 1633 2082">
    <p class='ocr_par' dir='ltr' id='par_1_25' title="bbox 105 2007 1633 2082">
     <span class='ocr_line' id='line_1_25' title="bbox 105 2007 1633 2082; baseline -0.005 -15"><span class='ocrx_word' id='word_1_158' title='bbox 105 2015 249 2076; x_wconf 68' lang='grc' dir='ltr'><strong>ποιίας</strong></span> <span class='ocrx_word' id='word_1_159' title='bbox 294 2013 384 2066; x_wconf 77' lang='grc' dir='ltr'><strong>καὶ</strong></span> <span class='ocrx_word' id='word_1_160' title='bbox 413 2012 714 2082; x_wconf 78' lang='grc' dir='ltr'><strong>παρθενίας</strong></span> <span class='ocrx_word' id='word_1_161' title='bbox 747 2011 1200 2082; x_wconf 84' lang='grc' dir='ltr'><strong>ὐπογραφόμενος</strong></span> <span class='ocrx_word' id='word_1_162' title='bbox 1226 2010 1542 2080; x_wconf 86' lang='grc' dir='ltr'><strong>πρόσωπον,</strong></span> <span class='ocrx_word' id='word_1_163' title='bbox 1573 2007 1633 2060; x_wconf 87' lang='grc' dir='ltr'><strong>τὸ</strong></span> 
     </span>
    </p>
   </div>
   <div class='ocr_carea' id='block_1_26' title="bbox 112 2094 1633 2172">
    <p class='ocr_par' dir='ltr' id='par_1_26' title="bbox 112 2094 1633 2172">
     <span class='ocr_line' id='line_1_26' title="bbox 112 2094 1633 2172; baseline -0.003 -17"><span class='ocrx_word' id='word_1_164' title='bbox 112 2107 180 2171; x_wconf 76' lang='grc' dir='ltr'><strong>μὲν</strong></span> <span class='ocrx_word' id='word_1_165' title='bbox 201 2105 284 2172; x_wconf 83' lang='grc' dir='ltr'><strong>τῆς</strong></span> <span class='ocrx_word' id='word_1_166' title='bbox 302 2104 590 2170; x_wconf 82' lang='grc' dir='ltr'><strong>τεκούσης,</strong></span> <span class='ocrx_word' id='word_1_167' title='bbox 612 2103 672 2155; x_wconf 90' lang='grc' dir='ltr'><strong>τὸ</strong></span> <span class='ocrx_word' id='word_1_168' title='bbox 699 2101 756 2155; x_wconf 80' lang='grc' dir='ltr'><strong>δέ</strong></span> <span class='ocrx_word' id='word_1_169' title='bbox 788 2102 886 2164; x_wconf 81' lang='grc' dir='ltr'><strong>τῆς</strong></span> <span class='ocrx_word' id='word_1_170' title='bbox 909 2101 1190 2172; x_wconf 83' lang='grc' dir='ltr'><strong>τεχθείσης</strong></span> <span class='ocrx_word' id='word_1_171' title='bbox 1212 2115 1225 2129; x_wconf 82' lang='lat'>&#39;</span> <span class='ocrx_word' id='word_1_172' title='bbox 1254 2094 1373 2171; x_wconf 76' lang='grc' dir='ltr'><strong>ὦνὴ</strong></span> <span class='ocrx_word' id='word_1_173' title='bbox 1399 2099 1496 2168; x_wconf 85' lang='grc' dir='ltr'><strong>μὲν</strong></span> <span class='ocrx_word' id='word_1_174' title='bbox 1508 2100 1633 2169; x_wconf 79' lang='grc' dir='ltr'><strong>ἄρτι</strong></span> 
     </span>
    </p>
   </div>
   <div class='ocr_carea' id='block_1_27' title="bbox 115 2189 1630 2266">
    <p class='ocr_par' dir='ltr' id='par_1_27' title="bbox 115 2189 1630 2266">
     <span class='ocr_line' id='line_1_27' title="bbox 115 2189 1630 2266; baseline -0.003 -20"><span class='ocrx_word' id='word_1_175' title='bbox 115 2196 320 2263; x_wconf 66' lang='grc' dir='ltr'><strong>ιὴνλύσιν</strong></span> <span class='ocrx_word' id='word_1_176' title='bbox 344 2197 446 2266; x_wconf 80' lang='grc' dir='ltr'><strong>τῆς</strong></span> <span class='ocrx_word' id='word_1_177' title='bbox 470 2193 724 2256; x_wconf 79' lang='grc' dir='ltr'><strong>ἀπαιδίας</strong></span> <span class='ocrx_word' id='word_1_178' title='bbox 750 2193 986 2258; x_wconf 66' lang='grc' dir='ltr'><strong>ἐδέξατο,</strong></span> <span class='ocrx_word' id='word_1_179' title='bbox 1017 2194 1051 2264; x_wconf 74' lang='grc' dir='ltr'><strong>ἡ</strong></span> <span class='ocrx_word' id='word_1_180' title='bbox 1079 2192 1137 2245; x_wconf 86' lang='grc' dir='ltr'><strong>δέ</strong></span> <span class='ocrx_word' id='word_1_181' title='bbox 1167 2194 1363 2263; x_wconf 85' lang='grc' dir='ltr'><strong>μικρὸν</strong></span> <span class='ocrx_word' id='word_1_182' title='bbox 1385 2189 1630 2261; x_wconf 77' lang='grc' dir='ltr'><strong>ὕστερον,</strong></span> 
     </span>
    </p>
   </div>
   <div class='ocr_carea' id='block_1_28' title="bbox 121 2285 1634 2358">
    <p class='ocr_par' dir='ltr' id='par_1_28' title="bbox 121 2285 1634 2358">
     <span class='ocr_line' id='line_1_28' title="bbox 121 2285 1634 2358; baseline -0.011 -7"><span class='ocrx_word' id='word_1_183' title='bbox 121 2292 186 2357; x_wconf 70' lang='grc' dir='ltr'><strong>τῆς</strong></span> <span class='ocrx_word' id='word_1_184' title='bbox 210 2288 305 2341; x_wconf 70' lang='grc' dir='ltr'><strong>καθ’</strong></span> <span class='ocrx_word' id='word_1_185' title='bbox 324 2289 474 2358; x_wconf 73' lang='grc' dir='ltr'><strong>ἡμᾶς</strong></span> <span class='ocrx_word' id='word_1_186' title='bbox 513 2285 690 2356; x_wconf 80' lang='grc' dir='ltr'><strong>Ἰησοῦ</strong></span> <span class='ocrx_word' id='word_1_187' title='bbox 719 2287 1074 2350; x_wconf 84' lang='grc' dir='ltr'><strong>θεοπλαστίας</strong></span> <span class='ocrx_word' id='word_1_188' title='bbox 1103 2285 1192 2339; x_wconf 80' lang='grc' dir='ltr'><strong>τὸν</strong></span> <span class='ocrx_word' id='word_1_189' title='bbox 1213 2286 1433 2340; x_wconf 87' lang='grc' dir='ltr'><strong>τοκετὸν</strong></span> <span class='ocrx_word' id='word_1_190' title='bbox 1467 2285 1634 2354; x_wconf 77' lang='grc' dir='ltr'><strong>ὐπερ-</strong></span> 
     </span>
    </p>
   </div>
   <div class='ocr_carea' id='block_1_29' title="bbox 119 2377 1632 2449">
    <p class='ocr_par' dir='ltr' id='par_1_29' title="bbox 119 2377 1632 2449">
     <span class='ocr_line' id='line_1_29' title="bbox 119 2377 1632 2449; baseline -0.002 -19"><span class='ocrx_word' id='word_1_191' title='bbox 119 2379 228 2444; x_wconf 67' lang='grc' dir='ltr'><strong>φυῶς</strong></span> <span class='ocrx_word' id='word_1_192' title='bbox 251 2381 631 2449; x_wconf 78' lang='grc' dir='ltr'><strong>ύποστήσεται.</strong></span> <span class='ocrx_word' id='word_1_193' title='bbox 682 2378 924 2440; x_wconf 75' lang='grc' dir='ltr'><strong>Εἰκότως</strong></span> <span class='ocrx_word' id='word_1_194' title='bbox 962 2377 1054 2431; x_wconf 74' lang='grc' dir='ltr'><strong>οῦν</strong></span> <span class='ocrx_word' id='word_1_195' title='bbox 1085 2379 1118 2447; x_wconf 81' lang='grc' dir='ltr'><strong>ἡ</strong></span> <span class='ocrx_word' id='word_1_196' title='bbox 1147 2377 1443 2447; x_wconf 81' lang='grc' dir='ltr'><strong>θεόληπτος</strong></span> <span class='ocrx_word' id='word_1_197' title='bbox 1464 2377 1632 2428; x_wconf 80' lang='grc' dir='ltr'><strong>Ἀννα</strong></span> 
     </span>
    </p>
   </div>
   <div class='ocr_carea' id='block_1_30' title="bbox 109 2468 1633 2542">
    <p class='ocr_par' dir='ltr' id='par_1_30' title="bbox 109 2468 1633 2542">
     <span class='ocr_line' id='line_1_30' title="bbox 109 2468 1633 2542; baseline -0.001 -20"><span class='ocrx_word' id='word_1_198' title='bbox 109 2471 277 2542; x_wconf 68' lang='grc' dir='ltr'><strong>φαιδρὰ,</strong></span> <span class='ocrx_word' id='word_1_199' title='bbox 307 2472 404 2525; x_wconf 79' lang='grc' dir='ltr'><strong>καὶ</strong></span> <span class='ocrx_word' id='word_1_200' title='bbox 430 2468 810 2539; x_wconf 83' lang='grc' dir='ltr'><strong>γεγαννυμένη</strong></span> <span class='ocrx_word' id='word_1_201' title='bbox 856 2471 922 2540; x_wconf 76' lang='grc' dir='ltr'><strong>τῇ</strong></span> <span class='ocrx_word' id='word_1_202' title='bbox 953 2469 1056 2538; x_wconf 78' lang='grc' dir='ltr'><strong>τῆς</strong></span> <span class='ocrx_word' id='word_1_203' title='bbox 1081 2468 1258 2539; x_wconf 78' lang='grc' dir='ltr'><strong>ψυχῆς</strong></span> <span class='ocrx_word' id='word_1_204' title='bbox 1301 2469 1633 2522; x_wconf 76' lang='grc' dir='ltr'><strong>καταστάσει</strong></span> 
     </span>
    </p>
   </div>
   <div class='ocr_carea' id='block_1_31' title="bbox 97 2559 1632 2634">
    <p class='ocr_par' dir='ltr' id='par_1_31' title="bbox 97 2559 1632 2634">
     <span class='ocr_line' id='line_1_31' title="bbox 97 2559 1632 2634; baseline 0 -20"><span class='ocrx_word' id='word_1_205' title='bbox 97 2563 389 2632; x_wconf 71' lang='grc' dir='ltr'><strong>ὄιαπρυσίως</strong></span> <span class='ocrx_word' id='word_1_206' title='bbox 420 2562 525 2633; x_wconf 80' lang='grc' dir='ltr'><strong>βοᾷ</strong></span> <span class='ocrx_word' id='word_1_207' title='bbox 545 2578 561 2594; x_wconf 80' lang='grc' dir='ltr'><strong><em>ο</em></strong></span> <span class='ocrx_word' id='word_1_208' title='bbox 595 2561 915 2634; x_wconf 83' lang='grc' dir='ltr'><strong>Συγχάρητέ</strong></span> <span class='ocrx_word' id='word_1_209' title='bbox 971 2578 1080 2630; x_wconf 88' lang='grc' dir='ltr'><strong>μοι,</strong></span> <span class='ocrx_word' id='word_1_210' title='bbox 1111 2561 1365 2629; x_wconf 83' lang='grc' dir='ltr'><strong>λέγουσα,</strong></span> <span class='ocrx_word' id='word_1_211' title='bbox 1406 2559 1632 2630; x_wconf 80' lang='grc' dir='ltr'><strong>βλαστὸν</strong></span> 
     </span>
    </p>
   </div>
   <div class='ocr_carea' id='block_1_32' title="bbox 90 2648 1632 2723">
    <p class='ocr_par' dir='ltr' id='par_1_32' title="bbox 90 2648 1632 2723">
     <span class='ocr_line' id='line_1_32' title="bbox 90 2648 1632 2723; baseline -0.001 -20"><span class='ocrx_word' id='word_1_212' title='bbox 90 2653 386 2721; x_wconf 68' lang='grc' dir='ltr'><strong>ἐπαγγελίας</strong></span> <span class='ocrx_word' id='word_1_213' title='bbox 406 2652 466 2718; x_wconf 77' lang='grc' dir='ltr'><strong>ἐξ</strong></span> <span class='ocrx_word' id='word_1_214' title='bbox 480 2651 732 2723; x_wconf 83' lang='grc' dir='ltr'><strong>ἀκάρπου</strong></span> <span class='ocrx_word' id='word_1_215' title='bbox 758 2651 994 2722; x_wconf 81' lang='grc' dir='ltr'><strong>τεκούσῃ</strong></span> <span class='ocrx_word' id='word_1_216' title='bbox 1017 2650 1275 2720; x_wconf 79' lang='grc' dir='ltr'><strong>γαστρὸς,</strong></span> <span class='ocrx_word' id='word_1_217' title='bbox 1309 2651 1405 2702; x_wconf 78' lang='grc' dir='ltr'><strong>καὶ</strong></span> <span class='ocrx_word' id='word_1_218' title='bbox 1422 2648 1632 2718; x_wconf 84' lang='grc' dir='ltr'><strong>καρπὸν</strong></span> 
     </span>
    </p>
   </div>
   <div class='ocr_carea' id='block_1_33' title="bbox 87 2739 1632 2814">
    <p class='ocr_par' dir='ltr' id='par_1_33' title="bbox 87 2739 1632 2814">
     <span class='ocr_line' id='line_1_33' title="bbox 87 2739 1632 2814; baseline 0.001 -19"><span class='ocrx_word' id='word_1_219' title='bbox 87 2745 302 2812; x_wconf 73' lang='grc' dir='ltr'><strong>εὐλογίας</strong></span> <span class='ocrx_word' id='word_1_220' title='bbox 327 2744 450 2797; x_wconf 85' lang='grc' dir='ltr'><strong>κατ’</strong></span> <span class='ocrx_word' id='word_1_221' title='bbox 482 2743 647 2812; x_wconf 81' lang='grc' dir='ltr'><strong>εὐχὰς</strong></span> <span class='ocrx_word' id='word_1_222' title='bbox 671 2741 1012 2814; x_wconf 78' lang='grc' dir='ltr'><strong>ἐκτρεφούσῃ</strong></span> <span class='ocrx_word' id='word_1_223' title='bbox 1045 2741 1221 2812; x_wconf 75' lang='grc' dir='ltr'><strong>μαζῷ.</strong></span> <span class='ocrx_word' id='word_1_224' title='bbox 1268 2739 1632 2812; x_wconf 76' lang='grc' dir='ltr'><strong>Ἐξεδυσάμην</strong></span> 
     </span>
    </p>
   </div>
   <div class='ocr_carea' id='block_1_34' title="bbox 82 2832 1631 2905">
    <p class='ocr_par' dir='ltr' id='par_1_34' title="bbox 82 2832 1631 2905">
     <span class='ocr_line' id='line_1_34' title="bbox 82 2832 1631 2905; baseline 0.001 -20"><span class='ocrx_word' id='word_1_225' title='bbox 82 2835 121 2885; x_wconf 68' lang='grc' dir='ltr'><strong>τὸ</strong></span> <span class='ocrx_word' id='word_1_226' title='bbox 143 2833 505 2905; x_wconf 79' lang='grc' dir='ltr'><strong>στειρὼσεως,</strong></span> <span class='ocrx_word' id='word_1_227' title='bbox 550 2833 644 2886; x_wconf 70' lang='grc' dir='ltr'><strong>καὶ</strong></span> <span class='ocrx_word' id='word_1_228' title='bbox 701 2834 798 2904; x_wconf 74' lang='grc' dir='ltr'><strong>τῆς</strong></span> <span class='ocrx_word' id='word_1_229' title='bbox 864 2833 1145 2894; x_wconf 85' lang='grc' dir='ltr'><strong>εὐτεκνίας</strong></span> <span class='ocrx_word' id='word_1_230' title='bbox 1179 2832 1239 2885; x_wconf 88' lang='grc' dir='ltr'><strong>τὸ</strong></span> <span class='ocrx_word' id='word_1_231' title='bbox 1276 2834 1499 2904; x_wconf 71' lang='grc' dir='ltr'><strong>φαιδρὸν</strong></span> <span class='ocrx_word' id='word_1_232' title='bbox 1523 2837 1631 2903; x_wconf 79' lang='grc' dir='ltr'><strong>ὴμ-</strong></span> 
     </span>
    </p>
   </div>
   <div class='ocr_carea' id='block_1_35' title="bbox 80 2923 1628 2996">
    <p class='ocr_par' dir='ltr' id='par_1_35' title="bbox 80 2923 1628 2996">
     <span class='ocr_line' id='line_1_35' title="bbox 80 2923 1628 2996; baseline -0.001 -18"><span class='ocrx_word' id='word_1_233' title='bbox 80 2928 339 2996; x_wconf 66' lang='grc' dir='ltr'><strong>ιξιασάμην</strong></span> <span class='ocrx_word' id='word_1_234' title='bbox 371 2924 772 2995; x_wconf 84' lang='grc' dir='ltr'><strong>προκάλυμμα.</strong></span> <span class='ocrx_word' id='word_1_235' title='bbox 807 2923 1154 2994; x_wconf 81' lang='grc' dir='ltr'><strong>Συγχαιρέτω</strong></span> <span class='ocrx_word' id='word_1_236' title='bbox 1197 2942 1286 2995; x_wconf 91' lang='grc' dir='ltr'><strong>μοι</strong></span> <span class='ocrx_word' id='word_1_237' title='bbox 1328 2927 1568 2995; x_wconf 85' lang='grc' dir='ltr'><strong>σήμερον</strong></span> <span class='ocrx_word' id='word_1_238' title='bbox 1596 2926 1628 2994; x_wconf 76' lang='grc' dir='ltr'><strong>ἡ</strong></span> 
     </span>
    </p>
   </div>
   <div class='ocr_carea' id='block_1_36' title="bbox 79 3015 1632 3087">
    <p class='ocr_par' dir='ltr' id='par_1_36' title="bbox 79 3015 1632 3087">
     <span class='ocr_line' id='line_1_36' title="bbox 79 3015 1632 3087; baseline -0.001 -18"><span class='ocrx_word' id='word_1_239' title='bbox 79 3019 384 3082; x_wconf 78' lang='grc' dir='ltr'><strong>ίξάκουστος</strong></span> <span class='ocrx_word' id='word_1_240' title='bbox 417 3019 610 3080; x_wconf 82' lang='grc' dir='ltr'><strong>Ἀννα,</strong></span> <span class='ocrx_word' id='word_1_241' title='bbox 639 3019 672 3086; x_wconf 82' lang='grc' dir='ltr'><strong>ἡ</strong></span> <span class='ocrx_word' id='word_1_242' title='bbox 701 3016 802 3085; x_wconf 79' lang='grc' dir='ltr'><strong>τῆς</strong></span> <span class='ocrx_word' id='word_1_243' title='bbox 833 3016 1065 3078; x_wconf 80' lang='grc' dir='ltr'><strong>Φενένας</strong></span> <span class='ocrx_word' id='word_1_244' title='bbox 1094 3015 1390 3077; x_wconf 75' lang='grc' dir='ltr'><strong>ἀντίθετος,</strong></span> <span class='ocrx_word' id='word_1_245' title='bbox 1436 3015 1532 3069; x_wconf 71' lang='grc' dir='ltr'><strong>καὶ</strong></span> <span class='ocrx_word' id='word_1_246' title='bbox 1555 3016 1632 3087; x_wconf 81' lang='grc' dir='ltr'><strong>τῷ</strong></span> 
     </span>
    </p>
   </div>
   <div class='ocr_carea' id='block_1_37' title="bbox 77 3106 1637 3181">
    <p class='ocr_par' dir='ltr' id='par_1_37' title="bbox 77 3106 1637 3181">
     <span class='ocr_line' id='line_1_37' title="bbox 77 3106 1637 3181; baseline -0.003 -18"><span class='ocrx_word' id='word_1_247' title='bbox 77 3115 175 3164; x_wconf 72' lang='grc' dir='ltr'><strong>κατ’</strong></span> <span class='ocrx_word' id='word_1_248' title='bbox 202 3111 379 3181; x_wconf 78' lang='grc' dir='ltr'><strong>αὐτὴν</strong></span> <span class='ocrx_word' id='word_1_249' title='bbox 407 3109 768 3177; x_wconf 84' lang='grc' dir='ltr'><strong>ὑποδείγματι</strong></span> <span class='ocrx_word' id='word_1_250' title='bbox 791 3107 850 3160; x_wconf 81' lang='grc' dir='ltr'><strong>τὸ</strong></span> <span class='ocrx_word' id='word_1_251' title='bbox 870 3108 999 3177; x_wconf 72' lang='grc' dir='ltr'><strong>περὶ</strong></span> <span class='ocrx_word' id='word_1_252' title='bbox 1032 3107 1129 3176; x_wconf 80' lang='grc' dir='ltr'><strong>ἐμὲ</strong></span> <span class='ocrx_word' id='word_1_253' title='bbox 1177 3106 1478 3176; x_wconf 83' lang='grc' dir='ltr'><strong>παράδοξον</strong></span> <span class='ocrx_word' id='word_1_254' title='bbox 1509 3109 1637 3159; x_wconf 80' lang='grc' dir='ltr'><strong>ἐπι-“</strong></span> 
     </span>
    </p>
   </div>
   <div class='ocr_carea' id='block_1_38' title="bbox 74 3197 1632 3270">
    <p class='ocr_par' dir='ltr' id='par_1_38' title="bbox 74 3197 1632 3270">
     <span class='ocr_line' id='line_1_38' title="bbox 74 3197 1632 3270; baseline -0.002 -18"><span class='ocrx_word' id='word_1_255' title='bbox 74 3202 312 3270; x_wconf 74' lang='grc' dir='ltr'><strong>ιροτείτω</strong></span> <span class='ocrx_word' id='word_1_256' title='bbox 341 3200 549 3270; x_wconf 83' lang='grc' dir='ltr'><strong>θαῦμα.</strong></span> <span class='ocrx_word' id='word_1_257' title='bbox 584 3197 873 3265; x_wconf 83' lang='grc' dir='ltr'><strong>Χορευέτω</strong></span> <span class='ocrx_word' id='word_1_258' title='bbox 898 3197 992 3249; x_wconf 78' lang='grc' dir='ltr'><strong>καὶ</strong></span> <span class='ocrx_word' id='word_1_259' title='bbox 1035 3197 1221 3268; x_wconf 71' lang='grc' dir='ltr'><strong>Σάρρα</strong></span> <span class='ocrx_word' id='word_1_260' title='bbox 1250 3197 1632 3266; x_wconf 79' lang='grc' dir='ltr'><strong>πρεσϐυτικῶς</strong></span> 
     </span>
    </p>
   </div>
   <div class='ocr_carea' id='block_1_39' title="bbox 1798 1183 3306 1256">
    <p class='ocr_par' dir='ltr' id='par_1_39' title="bbox 1798 1183 3306 1256">
     <span class='ocr_line' id='line_1_39' title="bbox 1798 1183 3306 1256; baseline 0.011 -16"><span class='ocrx_word' id='word_1_261' title='bbox 1798 1183 1916 1240; x_wconf 79' lang='lat' dir='ltr'><strong>Jam</strong></span> <span class='ocrx_word' id='word_1_262' title='bbox 1953 1202 2085 1241; x_wconf 89' lang='lat' dir='ltr'><strong>vero</strong></span> <span class='ocrx_word' id='word_1_263' title='bbox 2110 1185 2179 1242; x_wconf 87' lang='lat' dir='ltr'><strong>ad</strong></span> <span class='ocrx_word' id='word_1_264' title='bbox 2209 1191 2524 1246; x_wconf 87' lang='lat' dir='ltr'><strong>natalitiam</strong></span> <span class='ocrx_word' id='word_1_265' title='bbox 2554 1192 2661 1248; x_wconf 90' lang='lat' dir='ltr'><strong>diei</strong></span> <span class='ocrx_word' id='word_1_266' title='bbox 2691 1196 3078 1252; x_wconf 81' lang='lat' dir='ltr'><strong>celebritatem</strong></span> <span class='ocrx_word' id='word_1_267' title='bbox 3113 1215 3306 1256; x_wconf 80' lang='lat' dir='ltr'><strong>rever-</strong></span> 
     </span>
    </p>
   </div>
   <div class='ocr_carea' id='block_1_40' title="bbox 1733 1280 3310 1365">
    <p class='ocr_par' dir='ltr' id='par_1_40' title="bbox 1733 1280 3310 1365">
     <span class='ocr_line' id='line_1_40' title="bbox 1733 1280 3310 1365; baseline 0.013 -36"><span class='ocrx_word' id='word_1_268' title='bbox 1733 1287 1956 1344; x_wconf 88' lang='lat' dir='ltr'><strong>tamur;</strong></span> <span class='ocrx_word' id='word_1_269' title='bbox 1993 1287 2047 1334; x_wconf 88' lang='lat' dir='ltr'><strong>et</strong></span> <span class='ocrx_word' id='word_1_270' title='bbox 2078 1280 2295 1336; x_wconf 83' lang='lat' dir='ltr'><strong>Annam</strong></span> <span class='ocrx_word' id='word_1_271' title='bbox 2349 1285 2754 1358; x_wconf 76' lang='lat' dir='ltr'><strong>aliquantisper</strong></span> <span class='ocrx_word' id='word_1_272' title='bbox 2785 1297 3046 1359; x_wconf 88' lang='lat' dir='ltr'><strong>tanquam</strong></span> <span class='ocrx_word' id='word_1_273' title='bbox 3075 1296 3310 1365; x_wconf 76' lang='lat' dir='ltr'><strong>nuptiali</strong></span> 
     </span>
    </p>
   </div>
   <div class='ocr_carea' id='block_1_41' title="bbox 1731 1371 3308 1444">
    <p class='ocr_par' dir='ltr' id='par_1_41' title="bbox 1731 1371 3308 1444">
     <span class='ocr_line' id='line_1_41' title="bbox 1731 1371 3308 1444; baseline 0.01 -20"><span class='ocrx_word' id='word_1_274' title='bbox 1731 1371 1981 1428; x_wconf 85' lang='lat' dir='ltr'><strong>carmine</strong></span> <span class='ocrx_word' id='word_1_275' title='bbox 2035 1375 2398 1444; x_wconf 86' lang='lat' dir='ltr'><strong>proludenles</strong></span> <span class='ocrx_word' id='word_1_276' title='bbox 2428 1378 2840 1436; x_wconf 83' lang='lat' dir='ltr'><strong>collaudemtts.</strong></span> <span class='ocrx_word' id='word_1_277' title='bbox 2895 1381 3032 1436; x_wconf 81' lang='lat' dir='ltr'><strong>Nam</strong></span> <span class='ocrx_word' id='word_1_278' title='bbox 3064 1394 3117 1439; x_wconf 88' lang='lat' dir='ltr'><strong>et</strong></span> <span class='ocrx_word' id='word_1_279' title='bbox 3142 1386 3308 1440; x_wconf 79' lang='lat' dir='ltr'><strong>lilium</strong></span> 
     </span>
    </p>
   </div>
   <div class='ocr_carea' id='block_1_42' title="bbox 1733 1459 3310 1536">
    <p class='ocr_par' dir='ltr' id='par_1_42' title="bbox 1733 1459 3310 1536">
     <span class='ocr_line' id='line_1_42' title="bbox 1733 1459 3310 1536; baseline 0.013 -24"><span class='ocrx_word' id='word_1_280' title='bbox 1733 1474 1762 1512; x_wconf 89' lang='lat' dir='ltr'><strong>a</strong></span> <span class='ocrx_word' id='word_1_281' title='bbox 1798 1459 1904 1516; x_wconf 83' lang='lat' dir='ltr'><strong>lleo</strong></span> <span class='ocrx_word' id='word_1_282' title='bbox 1989 1462 2195 1530; x_wconf 80' lang='lat' dir='ltr'><strong>datam,</strong></span> <span class='ocrx_word' id='word_1_283' title='bbox 2253 1469 2650 1536; x_wconf 80' lang='lat' dir='ltr'><strong>promissionis</strong></span> <span class='ocrx_word' id='word_1_284' title='bbox 2731 1474 3096 1530; x_wconf 86' lang='lat' dir='ltr'><strong>arrhabonem</strong></span> <span class='ocrx_word' id='word_1_285' title='bbox 3152 1489 3310 1531; x_wconf 78' lang='lat' dir='ltr'><strong>utero</strong></span> 
     </span>
    </p>
   </div>
   <div class='ocr_carea' id='block_1_43' title="bbox 1734 1555 3310 1636">
    <p class='ocr_par' dir='ltr' id='par_1_43' title="bbox 1734 1555 3310 1636">
     <span class='ocr_line' id='line_1_43' title="bbox 1734 1555 3310 1636; baseline 0.013 -31"><span class='ocrx_word' id='word_1_286' title='bbox 1734 1555 1990 1621; x_wconf 75' lang='lat' dir='ltr'><strong>gestavit,</strong></span> <span class='ocrx_word' id='word_1_287' title='bbox 2040 1571 2274 1626; x_wconf 85' lang='lat' dir='ltr'><strong>eamque</strong></span> <span class='ocrx_word' id='word_1_288' title='bbox 2304 1561 2590 1615; x_wconf 88' lang='lat' dir='ltr'><strong>obtentam</strong></span> <span class='ocrx_word' id='word_1_289' title='bbox 2628 1566 2896 1632; x_wconf 85' lang='lat' dir='ltr'><strong>precibus</strong></span> <span class='ocrx_word' id='word_1_290' title='bbox 2939 1576 3065 1636; x_wconf 88' lang='lat' dir='ltr'><strong>post</strong></span> <span class='ocrx_word' id='word_1_291' title='bbox 3095 1573 3310 1624; x_wconf 88' lang='lat' dir='ltr'><strong>sterili-</strong></span> 
     </span>
    </p>
   </div>
   <div class='ocr_carea' id='block_1_44' title="bbox 1733 1649 3308 1724">
    <p class='ocr_par' dir='ltr' id='par_1_44' title="bbox 1733 1649 3308 1724">
     <span class='ocr_line' id='line_1_44' title="bbox 1733 1649 3308 1724; baseline 0.011 -28"><span class='ocrx_word' id='word_1_292' title='bbox 1733 1650 1900 1698; x_wconf 83' lang='lat' dir='ltr'><strong>tatem</strong></span> <span class='ocrx_word' id='word_1_293' title='bbox 1947 1649 2182 1717; x_wconf 82' lang='lat' dir='ltr'><strong>peperit,</strong></span> <span class='ocrx_word' id='word_1_294' title='bbox 2217 1665 2340 1720; x_wconf 79' lang='lat' dir='ltr'><strong>qme</strong></span> <span class='ocrx_word' id='word_1_295' title='bbox 2393 1649 2568 1707; x_wconf 88' lang='lat' dir='ltr'><strong>Deum</strong></span> <span class='ocrx_word' id='word_1_296' title='bbox 2607 1669 2776 1724; x_wconf 88' lang='lat' dir='ltr'><strong>supra</strong></span> <span class='ocrx_word' id='word_1_297' title='bbox 2808 1657 3064 1713; x_wconf 73' lang='lat' dir='ltr'><strong>humanae</strong></span> <span class='ocrx_word' id='word_1_298' title='bbox 3101 1663 3308 1714; x_wconf 76' lang='lat' dir='ltr'><strong>mentis</strong></span> 
     </span>
    </p>
   </div>
   <div class='ocr_carea' id='block_1_45' title="bbox 1733 1740 3312 1811">
    <p class='ocr_par' dir='ltr' id='par_1_45' title="bbox 1733 1740 3312 1811">
     <span class='ocr_line' id='line_1_45' title="bbox 1733 1740 3312 1811; baseline 0.009 -21"><span class='ocrx_word' id='word_1_299' title='bbox 1733 1745 1954 1807; x_wconf 86' lang='lat' dir='ltr'><strong>captum</strong></span> <span class='ocrx_word' id='word_1_300' title='bbox 1995 1740 2513 1798; x_wconf 83' lang='lat' dir='ltr'><strong>manifestissimum</strong></span> <span class='ocrx_word' id='word_1_301' title='bbox 2552 1746 2866 1802; x_wconf 87' lang='lat' dir='ltr'><strong>hominibus</strong></span> <span class='ocrx_word' id='word_1_302' title='bbox 2896 1749 3126 1811; x_wconf 81' lang='lat' dir='ltr'><strong>factum,</strong></span> <span class='ocrx_word' id='word_1_303' title='bbox 3154 1766 3312 1805; x_wconf 82' lang='lat' dir='ltr'><strong>cuui-</strong></span> 
     </span>
    </p>
   </div>
   <div class='ocr_carea' id='block_1_46' title="bbox 1731 1829 3311 1909">
    <p class='ocr_par' dir='ltr' id='par_1_46' title="bbox 1731 1829 3311 1909">
     <span class='ocr_line' id='line_1_46' title="bbox 1731 1829 3311 1909; baseline 0.009 -29"><span class='ocrx_word' id='word_1_304' title='bbox 1731 1843 1842 1897; x_wconf 90' lang='lat' dir='ltr'><strong>que</strong></span> <span class='ocrx_word' id='word_1_305' title='bbox 1871 1829 1984 1884; x_wconf 88' lang='lat' dir='ltr'><strong>illis</strong></span> <span class='ocrx_word' id='word_1_306' title='bbox 2017 1843 2440 1888; x_wconf 85' lang='lat' dir='ltr'><strong>conversantem</strong></span> <span class='ocrx_word' id='word_1_307' title='bbox 2476 1837 2709 1905; x_wconf 84' lang='lat' dir='ltr'><strong>gignere</strong></span> <span class='ocrx_word' id='word_1_308' title='bbox 2741 1839 2934 1892; x_wconf 88' lang='lat' dir='ltr'><strong>valuit.</strong></span> <span class='ocrx_word' id='word_1_309' title='bbox 2995 1837 3101 1892; x_wconf 86' lang='lat' dir='ltr'><strong>Par</strong></span> <span class='ocrx_word' id='word_1_310' title='bbox 3129 1840 3311 1909; x_wconf 84' lang='lat' dir='ltr'><strong>siqui-</strong></span> 
     </span>
    </p>
   </div>
   <div class='ocr_carea' id='block_1_47' title="bbox 1735 1920 3310 1998">
    <p class='ocr_par' dir='ltr' id='par_1_47' title="bbox 1735 1920 3310 1998">
     <span class='ocr_line' id='line_1_47' title="bbox 1735 1920 3310 1998; baseline 0.008 -24"><span class='ocrx_word' id='word_1_311' title='bbox 1735 1920 1858 1974; x_wconf 89' lang='lat' dir='ltr'><strong>dem</strong></span> <span class='ocrx_word' id='word_1_312' title='bbox 1886 1930 1971 1976; x_wconf 90' lang='lat' dir='ltr'><strong>est</strong></span> <span class='ocrx_word' id='word_1_313' title='bbox 2025 1939 2173 1989; x_wconf 88' lang='lat' dir='ltr'><strong>eam,</strong></span> <span class='ocrx_word' id='word_1_314' title='bbox 2235 1940 2359 1994; x_wconf 75' lang='lat' dir='ltr'><strong>qua:</strong></span> <span class='ocrx_word' id='word_1_315' title='bbox 2416 1927 2527 1982; x_wconf 84' lang='lat' dir='ltr'><strong>tale</strong></span> <span class='ocrx_word' id='word_1_316' title='bbox 2556 1928 2730 1982; x_wconf 84' lang='lat' dir='ltr'><strong>edidit</strong></span> <span class='ocrx_word' id='word_1_317' title='bbox 2782 1945 3030 1998; x_wconf 80' lang='lat' dir='ltr'><strong>germen,</strong></span> <span class='ocrx_word' id='word_1_318' title='bbox 3075 1934 3310 1986; x_wconf 78' lang='lat' dir='ltr'><strong>summis</strong></span> 
     </span>
    </p>
   </div>
   <div class='ocr_carea' id='block_1_48' title="bbox 1739 2011 3304 2091">
    <p class='ocr_par' dir='ltr' id='par_1_48' title="bbox 1739 2011 3304 2091">
     <span class='ocr_line' id='line_1_48' title="bbox 1739 2011 3304 2091; baseline 0.01 -29"><span class='ocrx_word' id='word_1_319' title='bbox 1739 2011 1992 2067; x_wconf 90' lang='lat' dir='ltr'><strong>laudibus</strong></span> <span class='ocrx_word' id='word_1_320' title='bbox 2020 2015 2178 2068; x_wconf 87' lang='lat' dir='ltr'><strong>evehi</strong></span> <span class='ocrx_word' id='word_1_321' title='bbox 2203 2015 2522 2087; x_wconf 83' lang='lat' dir='ltr'><strong>divinisque</strong></span> <span class='ocrx_word' id='word_1_322' title='bbox 2560 2019 2740 2091; x_wconf 79' lang='lat' dir='ltr'><strong>excipi</strong></span> <span class='ocrx_word' id='word_1_323' title='bbox 2774 2021 3304 2077; x_wconf 71' lang='lat' dir='ltr'><strong>acclamationibus.</strong></span> 
     </span>
    </p>
   </div>
   <div class='ocr_carea' id='block_1_49' title="bbox 1736 2099 3308 2170">
    <p class='ocr_par' dir='ltr' id='par_1_49' title="bbox 1736 2099 3308 2170">
     <span class='ocr_line' id='line_1_49' title="bbox 1736 2099 3308 2170; baseline 0.006 -16"><span class='ocrx_word' id='word_1_324' title='bbox 1736 2099 1966 2155; x_wconf 81' lang='lat' dir='ltr'><strong>Videtur</strong></span> <span class='ocrx_word' id='word_1_325' title='bbox 2007 2103 2176 2170; x_wconf 79' lang='lat' dir='ltr'><strong>igitur</strong></span> <span class='ocrx_word' id='word_1_326' title='bbox 2225 2105 2392 2159; x_wconf 90' lang='lat' dir='ltr'><strong>veluti</strong></span> <span class='ocrx_word' id='word_1_327' title='bbox 2445 2106 2723 2160; x_wconf 85' lang='lat' dir='ltr'><strong>thalamus</strong></span> <span class='ocrx_word' id='word_1_328' title='bbox 2758 2122 2886 2162; x_wconf 87' lang='lat' dir='ltr'><strong>esse</strong></span> <span class='ocrx_word' id='word_1_329' title='bbox 2938 2111 3110 2163; x_wconf 74' lang='lat' dir='ltr'><strong>Anna:</strong></span> <span class='ocrx_word' id='word_1_330' title='bbox 3149 2111 3308 2165; x_wconf 76' lang='lat' dir='ltr'><strong>Cubi-</strong></span> 
     </span>
    </p>
   </div>
   <div class='ocr_carea' id='block_1_50' title="bbox 1733 2192 3309 2267">
    <p class='ocr_par' dir='ltr' id='par_1_50' title="bbox 1733 2192 3309 2267">
     <span class='ocr_line' id='line_1_50' title="bbox 1733 2192 3309 2267; baseline 0.006 -20"><span class='ocrx_word' id='word_1_331' title='bbox 1733 2195 1919 2247; x_wconf 92' lang='lat' dir='ltr'><strong>culum</strong></span> <span class='ocrx_word' id='word_1_332' title='bbox 1949 2192 2188 2248; x_wconf 86' lang='lat' dir='ltr'><strong>duarum</strong></span> <span class='ocrx_word' id='word_1_333' title='bbox 2254 2195 2558 2267; x_wconf 81' lang='lat' dir='ltr'><strong>insignium</strong></span> <span class='ocrx_word' id='word_1_334' title='bbox 2619 2196 2953 2253; x_wconf 82' lang='lat' dir='ltr'><strong>feminarum</strong></span> <span class='ocrx_word' id='word_1_335' title='bbox 2987 2201 3309 2258; x_wconf 85' lang='lat' dir='ltr'><strong>nominibus</strong></span> 
     </span>
    </p>
   </div>
   <div class='ocr_carea' id='block_1_51' title="bbox 1736 2283 3310 2362">
    <p class='ocr_par' dir='ltr' id='par_1_51' title="bbox 1736 2283 3310 2362">
     <span class='ocr_line' id='line_1_51' title="bbox 1736 2283 3310 2362; baseline 0.006 -26"><span class='ocrx_word' id='word_1_336' title='bbox 1736 2283 2090 2353; x_wconf 89' lang='lat' dir='ltr'><strong>inscriptum,</strong></span> <span class='ocrx_word' id='word_1_337' title='bbox 2152 2286 2405 2341; x_wconf 73' lang='lat' dir='ltr'><strong>videlicet</strong></span> <span class='ocrx_word' id='word_1_338' title='bbox 2457 2286 2744 2356; x_wconf 78' lang='lat' dir='ltr'><strong>genitricis</strong></span> <span class='ocrx_word' id='word_1_339' title='bbox 2803 2288 2857 2343; x_wconf 85' lang='lat' dir='ltr'><strong>et</strong></span> <span class='ocrx_word' id='word_1_340' title='bbox 2889 2291 3123 2360; x_wconf 58' lang='lat' dir='ltr'><strong>genitis,</strong></span> <span class='ocrx_word' id='word_1_341' title='bbox 3171 2308 3310 2362; x_wconf 78' lang='lat' dir='ltr'><strong>qua-</strong></span> 
     </span>
    </p>
   </div>
   <div class='ocr_carea' id='block_1_52' title="bbox 1735 2377 3300 2449">
    <p class='ocr_par' dir='ltr' id='par_1_52' title="bbox 1735 2377 3300 2449">
     <span class='ocr_line' id='line_1_52' title="bbox 1735 2377 3300 2449; baseline 0.006 -22"><span class='ocrx_word' id='word_1_342' title='bbox 1735 2389 1856 2427; x_wconf 90' lang='lat' dir='ltr'><strong>rum</strong></span> <span class='ocrx_word' id='word_1_343' title='bbox 1886 2377 2058 2430; x_wconf 88' lang='lat' dir='ltr'><strong>altera</strong></span> <span class='ocrx_word' id='word_1_344' title='bbox 2089 2378 2405 2434; x_wconf 81' lang='lat' dir='ltr'><strong>sterilitatis</strong></span> <span class='ocrx_word' id='word_1_345' title='bbox 2437 2378 2712 2434; x_wconf 84' lang='lat' dir='ltr'><strong>dedecore</strong></span> <span class='ocrx_word' id='word_1_346' title='bbox 2746 2381 2911 2435; x_wconf 89' lang='lat' dir='ltr'><strong>modo</strong></span> <span class='ocrx_word' id='word_1_347' title='bbox 2937 2377 3167 2438; x_wconf 71' lang='lat' dir='ltr'><strong>liberata</strong></span> <span class='ocrx_word' id='word_1_348' title='bbox 3195 2390 3300 2449; x_wconf 86' lang='lat' dir='ltr'><strong>est,</strong></span> 
     </span>
    </p>
   </div>
   <div class='ocr_carea' id='block_1_53' title="bbox 1735 2465 3309 2538">
    <p class='ocr_par' dir='ltr' id='par_1_53' title="bbox 1735 2465 3309 2538">
     <span class='ocr_line' id='line_1_53' title="bbox 1735 2465 3309 2538; baseline 0.007 -19"><span class='ocrx_word' id='word_1_349' title='bbox 1735 2465 1907 2520; x_wconf 90' lang='lat' dir='ltr'><strong>altera</strong></span> <span class='ocrx_word' id='word_1_350' title='bbox 1937 2481 2070 2521; x_wconf 86' lang='lat' dir='ltr'><strong>vero</strong></span> <span class='ocrx_word' id='word_1_351' title='bbox 2121 2470 2287 2537; x_wconf 88' lang='lat' dir='ltr'><strong>paulo</strong></span> <span class='ocrx_word' id='word_1_352' title='bbox 2312 2479 2435 2538; x_wconf 89' lang='lat' dir='ltr'><strong>post</strong></span> <span class='ocrx_word' id='word_1_353' title='bbox 2462 2468 2648 2526; x_wconf 87' lang='lat' dir='ltr'><strong>Jesum</strong></span> <span class='ocrx_word' id='word_1_354' title='bbox 2686 2471 2923 2526; x_wconf 85' lang='lat' dir='ltr'><strong>similem</strong></span> <span class='ocrx_word' id='word_1_355' title='bbox 2971 2473 3130 2529; x_wconf 85' lang='lat' dir='ltr'><strong>nobis</strong></span> <span class='ocrx_word' id='word_1_356' title='bbox 3176 2474 3309 2529; x_wconf 81' lang='lat' dir='ltr'><strong>divi-</strong></span> 
     </span>
    </p>
   </div>
   <div class='ocr_carea' id='block_1_54' title="bbox 1735 2556 3307 2634">
    <p class='ocr_par' dir='ltr' id='par_1_54' title="bbox 1735 2556 3307 2634">
     <span class='ocr_line' id='line_1_54' title="bbox 1735 2556 3307 2634; baseline 0.005 -23"><span class='ocrx_word' id='word_1_357' title='bbox 1735 2557 1888 2613; x_wconf 88' lang='lat' dir='ltr'><strong>nitus</strong></span> <span class='ocrx_word' id='word_1_358' title='bbox 1952 2556 2158 2612; x_wconf 87' lang='lat' dir='ltr'><strong>factum</strong></span> <span class='ocrx_word' id='word_1_359' title='bbox 2232 2559 2590 2614; x_wconf 87' lang='lat' dir='ltr'><strong>inenarrabili</strong></span> <span class='ocrx_word' id='word_1_360' title='bbox 2649 2563 2867 2618; x_wconf 92' lang='lat' dir='ltr'><strong>ratione</strong></span> <span class='ocrx_word' id='word_1_361' title='bbox 2924 2567 3125 2634; x_wconf 88' lang='lat' dir='ltr'><strong>pariet.</strong></span> <span class='ocrx_word' id='word_1_362' title='bbox 3175 2563 3307 2619; x_wconf 84' lang='lat' dir='ltr'><strong>Jure</strong></span> 
     </span>
    </p>
   </div>
   <div class='ocr_carea' id='block_1_55' title="bbox 1736 2648 3303 2722">
    <p class='ocr_par' dir='ltr' id='par_1_55' title="bbox 1736 2648 3303 2722">
     <span class='ocr_line' id='line_1_55' title="bbox 1736 2648 3303 2722; baseline 0.006 -21"><span class='ocrx_word' id='word_1_363' title='bbox 1736 2648 1922 2717; x_wconf 84' lang='lat' dir='ltr'><strong>itaque</strong></span> <span class='ocrx_word' id='word_1_364' title='bbox 2011 2648 2201 2703; x_wconf 89' lang='lat' dir='ltr'><strong>divino</strong></span> <span class='ocrx_word' id='word_1_365' title='bbox 2276 2661 2506 2720; x_wconf 83' lang='lat' dir='ltr'><strong>accepto</strong></span> <span class='ocrx_word' id='word_1_366' title='bbox 2569 2668 2797 2708; x_wconf 88' lang='lat' dir='ltr'><strong>munere</strong></span> <span class='ocrx_word' id='word_1_367' title='bbox 2870 2656 3076 2722; x_wconf 88' lang='lat' dir='ltr'><strong>Anna,</strong></span> <span class='ocrx_word' id='word_1_368' title='bbox 3164 2659 3303 2712; x_wconf 67' lang='lat' dir='ltr'><strong>lanio</strong></span> 
     </span>
    </p>
   </div>
   <div class='ocr_carea' id='block_1_56' title="bbox 1732 2735 3302 2807">
    <p class='ocr_par' dir='ltr' id='par_1_56' title="bbox 1732 2735 3302 2807">
     <span class='ocr_line' id='line_1_56' title="bbox 1732 2735 3302 2807; baseline 0.008 -19"><span class='ocrx_word' id='word_1_369' title='bbox 1732 2736 1808 2789; x_wconf 88' lang='lat' dir='ltr'><strong>tia</strong></span> <span class='ocrx_word' id='word_1_370' title='bbox 1839 2735 2110 2803; x_wconf 72' lang='lat' dir='ltr'><strong>gestiente</strong></span> <span class='ocrx_word' id='word_1_371' title='bbox 2148 2736 2355 2802; x_wconf 88' lang='lat' dir='ltr'><strong>animo,</strong></span> <span class='ocrx_word' id='word_1_372' title='bbox 2395 2740 2610 2806; x_wconf 81' lang='lat' dir='ltr'><strong>magnis</strong></span> <span class='ocrx_word' id='word_1_373' title='bbox 2645 2742 2895 2807; x_wconf 84' lang='lat' dir='ltr'><strong>vocibus,</strong></span> <span class='ocrx_word' id='word_1_374' title='bbox 2931 2751 2992 2796; x_wconf 88' lang='lat' dir='ltr'><strong>ut</strong></span> <span class='ocrx_word' id='word_1_375' title='bbox 3027 2745 3098 2798; x_wconf 89' lang='lat' dir='ltr'><strong>ab</strong></span> <span class='ocrx_word' id='word_1_376' title='bbox 3127 2747 3302 2800; x_wconf 49' lang='lat' dir='ltr'><strong>omni.</strong></span> 
     </span>
    </p>
   </div>
   <div class='ocr_carea' id='block_1_57' title="bbox 1734 2825 3305 2902">
    <p class='ocr_par' dir='ltr' id='par_1_57' title="bbox 1734 2825 3305 2902">
     <span class='ocr_line' id='line_1_57' title="bbox 1734 2825 3305 2902; baseline 0.007 -23"><span class='ocrx_word' id='word_1_377' title='bbox 1734 2826 1837 2880; x_wconf 90' lang='lat' dir='ltr'><strong>bus</strong></span> <span class='ocrx_word' id='word_1_378' title='bbox 1892 2825 2173 2889; x_wconf 87' lang='lat' dir='ltr'><strong>audiatur,</strong></span> <span class='ocrx_word' id='word_1_379' title='bbox 2234 2829 2530 2892; x_wconf 85' lang='lat' dir='ltr'><strong>exclamat,</strong></span> <span class='ocrx_word' id='word_1_380' title='bbox 2575 2847 2587 2885; x_wconf 91' lang='lat'><strong>:</strong></span> <span class='ocrx_word' id='word_1_381' title='bbox 2629 2831 3102 2902; x_wconf 81' lang='lat' dir='ltr'><strong>Congratulamini</strong></span> <span class='ocrx_word' id='word_1_382' title='bbox 3148 2835 3305 2901; x_wconf 87' lang='lat' dir='ltr'><strong>mihi,</strong></span> 
     </span>
    </p>
   </div>
   <div class='ocr_carea' id='block_1_58' title="bbox 1733 2918 3305 2991">
    <p class='ocr_par' dir='ltr' id='par_1_58' title="bbox 1733 2918 3305 2991">
     <span class='ocr_line' id='line_1_58' title="bbox 1733 2918 3305 2991; baseline 0.006 -20"><span class='ocrx_word' id='word_1_383' title='bbox 1733 2918 2016 2987; x_wconf 89' lang='lat' dir='ltr'><strong>inquiens,</strong></span> <span class='ocrx_word' id='word_1_384' title='bbox 2041 2933 2164 2988; x_wconf 77' lang='lat' dir='ltr'><strong>qua:</strong></span> <span class='ocrx_word' id='word_1_385' title='bbox 2197 2920 2592 2988; x_wconf 86' lang='lat' dir='ltr'><strong>promissionis</strong></span> <span class='ocrx_word' id='word_1_386' title='bbox 2620 2938 2844 2991; x_wconf 80' lang='lat' dir='ltr'><strong>germen</strong></span> <span class='ocrx_word' id='word_1_387' title='bbox 2877 2940 2942 2980; x_wconf 76' lang='lat' dir='ltr'><strong>es</strong></span> <span class='ocrx_word' id='word_1_388' title='bbox 2977 2927 3102 2980; x_wconf 87' lang='lat' dir='ltr'><strong>alvo</strong></span> <span class='ocrx_word' id='word_1_389' title='bbox 3127 2928 3305 2983; x_wconf 91' lang='lat' dir='ltr'><strong>sterili</strong></span> 
     </span>
    </p>
   </div>
   <div class='ocr_carea' id='block_1_59' title="bbox 1732 3010 3308 3078">
    <p class='ocr_par' dir='ltr' id='par_1_59' title="bbox 1732 3010 3308 3078">
     <span class='ocr_line' id='line_1_59' title="bbox 1732 3010 3308 3078; baseline 0.011 -21"><span class='ocrx_word' id='word_1_390' title='bbox 1732 3010 2040 3078; x_wconf 76' lang='lat' dir='ltr'><strong>procreavi,</strong></span> <span class='ocrx_word' id='word_1_391' title='bbox 2089 3019 2143 3064; x_wconf 88' lang='lat' dir='ltr'><strong>et</strong></span> <span class='ocrx_word' id='word_1_392' title='bbox 2192 3010 2596 3069; x_wconf 85' lang='lat' dir='ltr'><strong>benedictionis</strong></span> <span class='ocrx_word' id='word_1_393' title='bbox 2653 3013 2916 3078; x_wconf 88' lang='lat' dir='ltr'><strong>fructum,</strong></span> <span class='ocrx_word' id='word_1_394' title='bbox 2963 3018 3102 3073; x_wconf 89' lang='lat' dir='ltr'><strong>utin</strong></span> <span class='ocrx_word' id='word_1_395' title='bbox 3166 3023 3308 3076; x_wconf 82' lang='lat' dir='ltr'><strong>votis</strong></span> 
     </span>
    </p>
   </div>
   <div class='ocr_carea' id='block_1_60' title="bbox 1731 3099 3306 3170">
    <p class='ocr_par' dir='ltr' id='par_1_60' title="bbox 1731 3099 3306 3170">
     <span class='ocr_line' id='line_1_60' title="bbox 1731 3099 3306 3170; baseline 0.007 -16"><span class='ocrx_word' id='word_1_396' title='bbox 1731 3109 1872 3164; x_wconf 88' lang='lat' dir='ltr'><strong>erat,</strong></span> <span class='ocrx_word' id='word_1_397' title='bbox 1910 3099 2134 3170; x_wconf 85' lang='lat' dir='ltr'><strong>papillis</strong></span> <span class='ocrx_word' id='word_1_398' title='bbox 2190 3102 2328 3156; x_wconf 87' lang='lat' dir='ltr'><strong>meis</strong></span> <span class='ocrx_word' id='word_1_399' title='bbox 2355 3103 2620 3157; x_wconf 89' lang='lat' dir='ltr'><strong>enutrivi.</strong></span> <span class='ocrx_word' id='word_1_400' title='bbox 2679 3103 2914 3160; x_wconf 84' lang='lat' dir='ltr'><strong>Tristem</strong></span> <span class='ocrx_word' id='word_1_401' title='bbox 2946 3109 3070 3162; x_wconf 86' lang='lat' dir='ltr'><strong>exui</strong></span> <span class='ocrx_word' id='word_1_402' title='bbox 3103 3109 3306 3164; x_wconf 64' lang='lat' dir='ltr'><strong>sterilio</strong></span> 
     </span>
    </p>
   </div>
   <div class='ocr_carea' id='block_1_61' title="bbox 1733 3193 3309 3264">
    <p class='ocr_par' dir='ltr' id='par_1_61' title="bbox 1733 3193 3309 3264">
     <span class='ocr_line' id='line_1_61' title="bbox 1733 3193 3309 3264; baseline 0.007 -19"><span class='ocrx_word' id='word_1_403' title='bbox 1733 3193 1864 3247; x_wconf 88' lang='lat' dir='ltr'><strong>tatis</strong></span> <span class='ocrx_word' id='word_1_404' title='bbox 1891 3200 2124 3254; x_wconf 86' lang='lat' dir='ltr'><strong>vestem.</strong></span> <span class='ocrx_word' id='word_1_405' title='bbox 2183 3193 2483 3262; x_wconf 82' lang='lat' dir='ltr'><strong>laetumque</strong></span> <span class='ocrx_word' id='word_1_406' title='bbox 2508 3195 2692 3264; x_wconf 86' lang='lat' dir='ltr'><strong>accepi</strong></span> <span class='ocrx_word' id='word_1_407' title='bbox 2729 3194 3090 3254; x_wconf 87' lang='lat' dir='ltr'><strong>fecunditatis</strong></span> <span class='ocrx_word' id='word_1_408' title='bbox 3143 3201 3309 3256; x_wconf 82' lang='lat' dir='ltr'><strong>indu-</strong></span> 
     </span>
    </p>
   </div>
   <div class='ocr_carea' id='block_1_62' title="bbox 72 3283 1633 3363">
    <p class='ocr_par' dir='ltr' id='par_1_62' title="bbox 72 3288 1632 3363">
     <span class='ocr_line' id='line_1_62' title="bbox 72 3288 1632 3363; baseline -0.002 -20"><span class='ocrx_word' id='word_1_409' title='bbox 72 3291 467 3363; x_wconf 70' lang='grc' dir='ltr'><strong>ἁνασκιρτῶσα,</strong></span> <span class='ocrx_word' id='word_1_410' title='bbox 526 3289 621 3343; x_wconf 77' lang='grc' dir='ltr'><strong>καὶ</strong></span> <span class='ocrx_word' id='word_1_411' title='bbox 680 3291 781 3359; x_wconf 75' lang='grc' dir='ltr'><strong>τὴν</strong></span> <span class='ocrx_word' id='word_1_412' title='bbox 844 3288 983 3358; x_wconf 81' lang='grc' dir='ltr'><strong>ἐμὴν</strong></span> <span class='ocrx_word' id='word_1_413' title='bbox 1045 3288 1440 3358; x_wconf 78' lang='grc' dir='ltr'><strong>ὐπογράφουσα</strong></span> <span class='ocrx_word' id='word_1_414' title='bbox 1496 3288 1632 3356; x_wconf 81' lang='grc' dir='ltr'><strong>μετὰ</strong></span> 
     </span>
    </p>
   </div>
   <div class='ocr_carea' id='block_1_63' title="bbox 1755 3283 3309 3363">
    <p class='ocr_par' dir='ltr' id='par_1_63' title="bbox 1755 3283 3309 3353">
     <span class='ocr_line' id='line_1_63' title="bbox 1755 3283 3309 3353; baseline 0.006 -15"><span class='ocrx_word' id='word_1_415' title='bbox 1755 3291 2002 3338; x_wconf 88' lang='lat' dir='ltr'><strong>nentum.</strong></span> <span class='ocrx_word' id='word_1_416' title='bbox 2058 3283 2486 3353; x_wconf 82' lang='lat' dir='ltr'><strong>Congratuletur</strong></span> <span class='ocrx_word' id='word_1_417' title='bbox 2538 3285 2673 3338; x_wconf 89' lang='lat' dir='ltr'><strong>mihi</strong></span> <span class='ocrx_word' id='word_1_418' title='bbox 2725 3287 2887 3344; x_wconf 88' lang='lat' dir='ltr'><strong>hodie</strong></span> <span class='ocrx_word' id='word_1_419' title='bbox 2933 3291 3171 3346; x_wconf 87' lang='lat' dir='ltr'><strong>celebris</strong></span> <span class='ocrx_word' id='word_1_420' title='bbox 3217 3294 3309 3347; x_wconf 86' lang='lat' dir='ltr'><strong>illa</strong></span> 
     </span>
    </p>
   </div>
   <div class='ocr_carea' id='block_1_64' title="bbox 72 3377 1632 3450">
    <p class='ocr_par' dir='ltr' id='par_1_64' title="bbox 72 3377 1632 3450">
     <span class='ocr_line' id='line_1_64' title="bbox 72 3377 1632 3450; baseline -0.004 -14"><span class='ocrx_word' id='word_1_421' title='bbox 72 3385 344 3450; x_wconf 74' lang='grc' dir='ltr'><strong>πείρωσιν</strong></span> <span class='ocrx_word' id='word_1_422' title='bbox 385 3381 608 3450; x_wconf 83' lang='grc' dir='ltr'><strong>κύησιν.</strong></span> <span class='ocrx_word' id='word_1_423' title='bbox 685 3378 1180 3447; x_wconf 79' lang='grc' dir='ltr'><strong>Ὑποφωνείτωσαν</strong></span> <span class='ocrx_word' id='word_1_424' title='bbox 1240 3377 1356 3448; x_wconf 71' lang='grc' dir='ltr'><strong>ἅμα</strong></span> <span class='ocrx_word' id='word_1_425' title='bbox 1422 3380 1632 3447; x_wconf 80' lang='grc' dir='ltr'><strong>στεῖραι</strong></span> 
     </span>
    </p>
   </div>
   <div class='ocr_carea' id='block_1_65' title="bbox 71 3468 1636 3543">
    <p class='ocr_par' dir='ltr' id='par_1_65' title="bbox 71 3468 1636 3543">
     <span class='ocr_line' id='line_1_65' title="bbox 71 3468 1636 3543; baseline -0.004 -16"><span class='ocrx_word' id='word_1_426' title='bbox 71 3477 148 3527; x_wconf 71' lang='grc' dir='ltr'><strong>καὶ</strong></span> <span class='ocrx_word' id='word_1_427' title='bbox 166 3476 357 3543; x_wconf 71' lang='grc' dir='ltr'><strong>ἄγονοι</strong></span> <span class='ocrx_word' id='word_1_428' title='bbox 377 3474 478 3543; x_wconf 74' lang='grc' dir='ltr'><strong>τὴν</strong></span> <span class='ocrx_word' id='word_1_429' title='bbox 509 3472 596 3525; x_wconf 86' lang='grc' dir='ltr'><strong>ἐπ’</strong></span> <span class='ocrx_word' id='word_1_430' title='bbox 651 3471 776 3542; x_wconf 74' lang='grc' dir='ltr'><strong>ἐμοὶ</strong></span> <span class='ocrx_word' id='word_1_431' title='bbox 806 3469 1294 3539; x_wconf 81' lang='grc' dir='ltr'><strong>θαυμαστωθεϊσαν</strong></span> <span class='ocrx_word' id='word_1_432' title='bbox 1343 3468 1636 3537; x_wconf 77' lang='grc' dir='ltr'><strong>οὐρανόθεν</strong></span> 
     </span>
    </p>
   </div>
   <div class='ocr_carea' id='block_1_66' title="bbox 70 3558 1636 3634">
    <p class='ocr_par' dir='ltr' id='par_1_66' title="bbox 70 3558 1636 3634">
     <span class='ocr_line' id='line_1_66' title="bbox 70 3558 1636 3634; baseline -0.003 -19"><span class='ocrx_word' id='word_1_433' title='bbox 70 3565 372 3634; x_wconf 77' lang='grc' dir='ltr'><strong>ἐπίσκεψιν.</strong></span> <span class='ocrx_word' id='word_1_434' title='bbox 397 3564 622 3618; x_wconf 83' lang='grc' dir='ltr'><strong>Είπάτω</strong></span> <span class='ocrx_word' id='word_1_435' title='bbox 675 3562 740 3631; x_wconf 84' lang='grc' dir='ltr'><strong>δὴ</strong></span> <span class='ocrx_word' id='word_1_436' title='bbox 789 3562 885 3614; x_wconf 59' lang='grc' dir='ltr'><strong>καὶ⁵</strong></span> <span class='ocrx_word' id='word_1_437' title='bbox 919 3561 1073 3614; x_wconf 79' lang='grc' dir='ltr'><strong>πᾶσα</strong></span> <span class='ocrx_word' id='word_1_438' title='bbox 1126 3560 1328 3630; x_wconf 83' lang='grc' dir='ltr'><strong>μήτηρ,</strong></span> <span class='ocrx_word' id='word_1_439' title='bbox 1365 3559 1460 3612; x_wconf 66' lang='lat' dir='ltr'><strong>nati.</strong></span> <span class='ocrx_word' id='word_1_440' title='bbox 1489 3558 1636 3628; x_wconf 64' lang='grc' dir='ltr'><strong>γόνια</strong></span> 
     </span>
    </p>
   </div>
   <div class='ocr_carea' id='block_1_67' title="bbox 71 3649 1640 3727">
    <p class='ocr_par' dir='ltr' id='par_1_67' title="bbox 71 3649 1640 3727">
     <span class='ocr_line' id='line_1_67' title="bbox 71 3649 1640 3727; baseline -0.003 -20"><span class='ocrx_word' id='word_1_441' title='bbox 71 3675 176 3723; x_wconf 82' lang='grc' dir='ltr'><strong>μος,</strong></span> <span class='ocrx_word' id='word_1_442' title='bbox 208 3655 507 3727; x_wconf 77' lang='grc' dir='ltr'><strong>εὐλογητὸς</strong></span> <span class='ocrx_word' id='word_1_443' title='bbox 558 3657 588 3708; x_wconf 89' lang='lat'><strong>6</strong></span> <span class='ocrx_word' id='word_1_444' title='bbox 634 3653 758 3717; x_wconf 67' lang='grc' dir='ltr'><strong>δοὺς</strong></span> <span class='ocrx_word' id='word_1_445' title='bbox 785 3652 952 3722; x_wconf 80' lang='grc' dir='ltr'><strong>εὐχὴν</strong></span> <span class='ocrx_word' id='word_1_446' title='bbox 1009 3652 1122 3714; x_wconf 82' lang='grc' dir='ltr'><strong>τοῖς</strong></span> <span class='ocrx_word' id='word_1_447' title='bbox 1169 3649 1502 3720; x_wconf 78' lang='grc' dir='ltr'><strong>εὐχομένοις,</strong></span> <span class='ocrx_word' id='word_1_448' title='bbox 1544 3649 1640 3704; x_wconf 75' lang='grc' dir='ltr'><strong>καὶ</strong></span> 
     </span>
    </p>
   </div>
   <div class='ocr_carea' id='block_1_68' title="bbox 69 3741 1635 3818">
    <p class='ocr_par' dir='ltr' id='par_1_68' title="bbox 69 3741 1635 3818">
     <span class='ocr_line' id='line_1_68' title="bbox 69 3741 1635 3818; baseline -0.002 -21"><span class='ocrx_word' id='word_1_449' title='bbox 69 3747 328 3812; x_wconf 73' lang='grc' dir='ltr'><strong>διανοίξας</strong></span> <span class='ocrx_word' id='word_1_450' title='bbox 374 3749 575 3818; x_wconf 77' lang='grc' dir='ltr'><strong>πόρους</strong></span> <span class='ocrx_word' id='word_1_451' title='bbox 634 3745 828 3814; x_wconf 82' lang='grc' dir='ltr'><strong>ἀγόνου</strong></span> <span class='ocrx_word' id='word_1_452' title='bbox 877 3743 1112 3814; x_wconf 87' lang='grc' dir='ltr'><strong>μήτρας,</strong></span> <span class='ocrx_word' id='word_1_453' title='bbox 1167 3743 1263 3796; x_wconf 77' lang='grc' dir='ltr'><strong>καὶ</strong></span> <span class='ocrx_word' id='word_1_454' title='bbox 1312 3741 1541 3811; x_wconf 80' lang='grc' dir='ltr'><strong>βλαστὸν</strong></span> <span class='ocrx_word' id='word_1_455' title='bbox 1576 3742 1635 3808; x_wconf 83' lang='grc' dir='ltr'><strong>ἐξ</strong></span> 
     </span>
    </p>
   </div>
   <div class='ocr_carea' id='block_1_69' title="bbox 73 3831 1636 3909">
    <p class='ocr_par' dir='ltr' id='par_1_69' title="bbox 73 3831 1636 3909">
     <span class='ocr_line' id='line_1_69' title="bbox 73 3831 1636 3909; baseline -0.002 -19"><span class='ocrx_word' id='word_1_456' title='bbox 73 3841 311 3909; x_wconf 72' lang='grc' dir='ltr'><strong>ἀκάρπου</strong></span> <span class='ocrx_word' id='word_1_457' title='bbox 363 3839 531 3908; x_wconf 80' lang='grc' dir='ltr'><strong>γονῆς</strong></span> <span class='ocrx_word' id='word_1_458' title='bbox 589 3837 958 3908; x_wconf 83' lang='grc' dir='ltr'><strong>χαρισάμενος</strong></span> <span class='ocrx_word' id='word_1_459' title='bbox 1013 3835 1114 3905; x_wconf 78' lang='grc' dir='ltr'><strong>τὴν</strong></span> <span class='ocrx_word' id='word_1_460' title='bbox 1174 3831 1636 3904; x_wconf 85' lang='grc' dir='ltr'><strong>ὐπερθαύμαστον</strong></span> 
     </span>
    </p>
   </div>
   <div class='ocr_carea' id='block_1_70' title="bbox 74 3917 1634 3997">
    <p class='ocr_par' dir='ltr' id='par_1_70' title="bbox 74 3917 1634 3997">
     <span class='ocr_line' id='line_1_70' title="bbox 74 3917 1634 3997; baseline 0.006 -18"><span class='ocrx_word' id='word_1_461' title='bbox 74 3930 221 3982; x_wconf 67' lang='grc' dir='ltr'><strong>αὐτοῦ</strong></span> <span class='ocrx_word' id='word_1_462' title='bbox 247 3929 394 3982; x_wconf 78' lang='grc' dir='ltr'><strong>κατὰ</strong></span> <span class='ocrx_word' id='word_1_463' title='bbox 446 3929 627 3996; x_wconf 80' lang='grc' dir='ltr'><strong>σάρκα</strong></span> <span class='ocrx_word' id='word_1_464' title='bbox 679 3925 914 3997; x_wconf 79' lang='grc' dir='ltr'><strong>μητέρα.</strong></span> <span class='ocrx_word' id='word_1_465' title='bbox 958 3917 1067 3987; x_wconf 85' lang='grc' dir='ltr'><strong>Ἦς</strong></span> <span class='ocrx_word' id='word_1_466' title='bbox 1113 3923 1335 3994; x_wconf 75' lang='grc' dir='ltr'><strong>ἡνηδὺς</strong></span> <span class='ocrx_word' id='word_1_467' title='bbox 1384 3925 1634 3996; x_wconf 77' lang='grc' dir='ltr'><strong>οὐρανὸς,</strong></span> 
     </span>
    </p>
   </div>
   <div class='ocr_carea' id='block_1_71' title="bbox 74 4012 1156 4088">
    <p class='ocr_par' dir='ltr' id='par_1_71' title="bbox 74 4012 1156 4088">
     <span class='ocr_line' id='line_1_71' title="bbox 74 4012 1156 4088; baseline 0 -19"><span class='ocrx_word' id='word_1_468' title='bbox 74 4022 123 4069; x_wconf 79' lang='grc' dir='ltr'><strong>ἐν</strong></span> <span class='ocrx_word' id='word_1_469' title='bbox 146 4013 188 4086; x_wconf 78' lang='grc' dir='ltr'>ᾧ</span> <span class='ocrx_word' id='word_1_470' title='bbox 204 4021 522 4088; x_wconf 71' lang='grc' dir='ltr'><strong>ἐσκήνωσεν</strong></span> <span class='ocrx_word' id='word_1_471' title='bbox 548 4018 574 4068; x_wconf 76' lang='grc' dir='ltr'>ὁ</span> <span class='ocrx_word' id='word_1_472' title='bbox 606 4013 858 4085; x_wconf 75' lang='grc' dir='ltr'><strong>μηδαμοῦ</strong></span> <span class='ocrx_word' id='word_1_473' title='bbox 887 4012 1156 4084; x_wconf 80' lang='grc' dir='ltr'><strong>χωρητός.</strong></span> 
     </span>
    </p>
   </div>
   <div class='ocr_carea' id='block_1_72' title="bbox 1736 3374 3308 3442">
    <p class='ocr_par' dir='ltr' id='par_1_72' title="bbox 1736 3374 3308 3442">
     <span class='ocr_line' id='line_1_72' title="bbox 1736 3374 3308 3442; baseline 0.006 -14"><span class='ocrx_word' id='word_1_474' title='bbox 1736 3374 2244 3437; x_wconf 68' lang='grc' dir='ltr'><strong>Αιιηιι,ΡΙιθιιεηιιιε</strong></span> <span class='ocrx_word' id='word_1_475' title='bbox 2268 3376 2496 3442; x_wconf 70' lang='lat' dir='ltr'><strong>aemula;</strong></span> <span class='ocrx_word' id='word_1_476' title='bbox 2535 3385 2589 3430; x_wconf 90' lang='lat' dir='ltr'><strong>et</strong></span> <span class='ocrx_word' id='word_1_477' title='bbox 2619 3377 2946 3434; x_wconf 84' lang='lat' dir='ltr'><strong>incredibile</strong></span> <span class='ocrx_word' id='word_1_478' title='bbox 2977 3383 3308 3437; x_wconf 87' lang='lat' dir='ltr'><strong>miraculum</strong></span> 
     </span>
    </p>
   </div>
   <div class='ocr_carea' id='block_1_73' title="bbox 1736 3465 3309 3543">
    <p class='ocr_par' dir='ltr' id='par_1_73' title="bbox 1736 3465 3309 3543">
     <span class='ocr_line' id='line_1_73' title="bbox 1736 3465 3309 3543; baseline 0.006 -28"><span class='ocrx_word' id='word_1_479' title='bbox 1736 3465 1883 3532; x_wconf 91' lang='lat' dir='ltr'><strong>quod</strong></span> <span class='ocrx_word' id='word_1_480' title='bbox 1952 3465 2088 3517; x_wconf 91' lang='lat' dir='ltr'><strong>mihi</strong></span> <span class='ocrx_word' id='word_1_481' title='bbox 2137 3479 2361 3533; x_wconf 82' lang='lat' dir='ltr'><strong>queque</strong></span> <span class='ocrx_word' id='word_1_482' title='bbox 2427 3467 2682 3535; x_wconf 75' lang='lat' dir='ltr'><strong>exemplo</strong></span> <span class='ocrx_word' id='word_1_483' title='bbox 2757 3470 3037 3524; x_wconf 88' lang='lat' dir='ltr'><strong>consimili</strong></span> <span class='ocrx_word' id='word_1_484' title='bbox 3086 3474 3309 3543; x_wconf 79' lang='lat' dir='ltr'><strong>obtigit,</strong></span> 
     </span>
    </p>
   </div>
   <div class='ocr_carea' id='block_1_74' title="bbox 1737 3556 3310 3627">
    <p class='ocr_par' dir='ltr' id='par_1_74' title="bbox 1737 3556 3310 3627">
     <span class='ocr_line' id='line_1_74' title="bbox 1737 3556 3310 3627; baseline 0.008 -20"><span class='ocrx_word' id='word_1_485' title='bbox 1737 3556 2025 3627; x_wconf 82' lang='lat' dir='ltr'><strong>plausibus</strong></span> <span class='ocrx_word' id='word_1_486' title='bbox 2081 3563 2474 3624; x_wconf 83' lang='lat' dir='ltr'><strong>prosequatur.</strong></span> <span class='ocrx_word' id='word_1_487' title='bbox 2533 3557 2782 3613; x_wconf 89' lang='lat' dir='ltr'><strong>Choreas</strong></span> <span class='ocrx_word' id='word_1_488' title='bbox 2841 3561 3008 3614; x_wconf 90' lang='lat' dir='ltr'><strong>ducat</strong></span> <span class='ocrx_word' id='word_1_489' title='bbox 3080 3571 3134 3617; x_wconf 91' lang='lat' dir='ltr'><strong>et</strong></span> <span class='ocrx_word' id='word_1_490' title='bbox 3173 3564 3310 3620; x_wconf 81' lang='lat' dir='ltr'><strong>Sara</strong></span> 
     </span>
    </p>
   </div>
   <div class='ocr_carea' id='block_1_75' title="bbox 1738 3646 3312 3720">
    <p class='ocr_par' dir='ltr' id='par_1_75' title="bbox 1738 3646 3312 3720">
     <span class='ocr_line' id='line_1_75' title="bbox 1738 3646 3312 3720; baseline 0.004 -17"><span class='ocrx_word' id='word_1_491' title='bbox 1738 3647 1993 3704; x_wconf 88' lang='lat' dir='ltr'><strong>seniliter</strong></span> <span class='ocrx_word' id='word_1_492' title='bbox 2016 3646 2306 3707; x_wconf 84' lang='lat' dir='ltr'><strong>exsiliens,</strong></span> <span class='ocrx_word' id='word_1_493' title='bbox 2341 3661 2577 3715; x_wconf 90' lang='lat' dir='ltr'><strong>meoque</strong></span> <span class='ocrx_word' id='word_1_494' title='bbox 2607 3653 2904 3720; x_wconf 89' lang='lat' dir='ltr'><strong>conceptui</strong></span> <span class='ocrx_word' id='word_1_495' title='bbox 2932 3661 3115 3706; x_wconf 84' lang='lat' dir='ltr'><strong>amota</strong></span> <span class='ocrx_word' id='word_1_496' title='bbox 3150 3659 3312 3711; x_wconf 86' lang='lat' dir='ltr'><strong>steri-</strong></span> 
     </span>
    </p>
   </div>
   <div class='ocr_carea' id='block_1_76' title="bbox 1739 3736 3311 3812">
    <p class='ocr_par' dir='ltr' id='par_1_76' title="bbox 1739 3736 3311 3812">
     <span class='ocr_line' id='line_1_76' title="bbox 1739 3736 3311 3812; baseline 0.006 -21"><span class='ocrx_word' id='word_1_497' title='bbox 1739 3739 1900 3792; x_wconf 89' lang='lat' dir='ltr'><strong>litate</strong></span> <span class='ocrx_word' id='word_1_498' title='bbox 1949 3737 2288 3792; x_wconf 88' lang='lat' dir='ltr'><strong>subscribat.</strong></span> <span class='ocrx_word' id='word_1_499' title='bbox 2346 3736 2547 3791; x_wconf 81' lang='lat' dir='ltr'><strong>Adsint</strong></span> <span class='ocrx_word' id='word_1_500' title='bbox 2605 3739 2768 3793; x_wconf 88' lang='lat' dir='ltr'><strong>simul</strong></span> <span class='ocrx_word' id='word_1_501' title='bbox 2804 3749 2858 3794; x_wconf 90' lang='lat' dir='ltr'><strong>et</strong></span> <span class='ocrx_word' id='word_1_502' title='bbox 2887 3743 3113 3812; x_wconf 65' lang='lat' dir='ltr'><strong>reliquae</strong></span> <span class='ocrx_word' id='word_1_503' title='bbox 3143 3749 3311 3800; x_wconf 87' lang='lat' dir='ltr'><strong>steri-</strong></span> 
     </span>
    </p>
   </div>
   <div class='ocr_carea' id='block_1_77' title="bbox 1743 3828 3314 3904">
    <p class='ocr_par' dir='ltr' id='par_1_77' title="bbox 1743 3828 3314 3904">
     <span class='ocr_line' id='line_1_77' title="bbox 1743 3828 3314 3904; baseline 0.004 -19"><span class='ocrx_word' id='word_1_504' title='bbox 1743 3830 1821 3885; x_wconf 84' lang='lat' dir='ltr'><strong>les</strong></span> <span class='ocrx_word' id='word_1_505' title='bbox 1852 3844 1974 3897; x_wconf 74' lang='lat' dir='ltr'><strong>qua:</strong></span> <span class='ocrx_word' id='word_1_506' title='bbox 2006 3828 2208 3882; x_wconf 88' lang='lat' dir='ltr'><strong>liberos</strong></span> <span class='ocrx_word' id='word_1_507' title='bbox 2242 3842 2348 3881; x_wconf 92' lang='lat' dir='ltr'><strong>non</strong></span> <span class='ocrx_word' id='word_1_508' title='bbox 2385 3836 2744 3898; x_wconf 90' lang='lat' dir='ltr'><strong>pepererunt,</strong></span> <span class='ocrx_word' id='word_1_509' title='bbox 2798 3846 3131 3904; x_wconf 84' lang='lat' dir='ltr'><strong>mecumque</strong></span> <span class='ocrx_word' id='word_1_510' title='bbox 3170 3837 3314 3891; x_wconf 83' lang='lat' dir='ltr'><strong>divi-</strong></span> 
     </span>
    </p>
   </div>
   <div class='ocr_carea' id='block_1_78' title="bbox 1741 3921 3313 3996">
    <p class='ocr_par' dir='ltr' id='par_1_78' title="bbox 1741 3921 3313 3996">
     <span class='ocr_line' id='line_1_78' title="bbox 1741 3921 3313 3996; baseline 0.003 -17"><span class='ocrx_word' id='word_1_511' title='bbox 1741 3940 1825 3979; x_wconf 84' lang='lat' dir='ltr'><strong>me</strong></span> <span class='ocrx_word' id='word_1_512' title='bbox 1882 3921 2260 3988; x_wconf 70' lang='lat' dir='ltr'><strong>beneficentiae</strong></span> <span class='ocrx_word' id='word_1_513' title='bbox 2309 3936 2513 3977; x_wconf 90' lang='lat' dir='ltr'><strong>munus</strong></span> <span class='ocrx_word' id='word_1_514' title='bbox 2563 3924 2847 3990; x_wconf 82' lang='lat' dir='ltr'><strong>exaltent;</strong></span> <span class='ocrx_word' id='word_1_515' title='bbox 2881 3941 2992 3996; x_wconf 91' lang='lat' dir='ltr'><strong>quo</strong></span> <span class='ocrx_word' id='word_1_516' title='bbox 3026 3928 3225 3983; x_wconf 91' lang='lat' dir='ltr'><strong>mirum</strong></span> <span class='ocrx_word' id='word_1_517' title='bbox 3259 3930 3313 3984; x_wconf 94' lang='lat' dir='ltr'><strong>in</strong></span> 
     </span>
    </p>
   </div>
   <div class='ocr_carea' id='block_1_79' title="bbox 1743 4009 3316 4084">
    <p class='ocr_par' dir='ltr' id='par_1_79' title="bbox 1743 4009 3316 4084">
     <span class='ocr_line' id='line_1_79' title="bbox 1743 4009 3316 4084; baseline 0.005 -16"><span class='ocrx_word' id='word_1_518' title='bbox 1743 4013 1966 4069; x_wconf 86' lang='lat' dir='ltr'><strong>modum</strong></span> <span class='ocrx_word' id='word_1_519' title='bbox 2000 4011 2230 4066; x_wconf 76' lang='lat' dir='ltr'><strong>visitare</strong></span> <span class='ocrx_word' id='word_1_520' title='bbox 2252 4026 2338 4066; x_wconf 85' lang='lat' dir='ltr'><strong>me</strong></span> <span class='ocrx_word' id='word_1_521' title='bbox 2368 4009 2634 4068; x_wconf 90' lang='lat' dir='ltr'><strong>Dominus</strong></span> <span class='ocrx_word' id='word_1_522' title='bbox 2659 4013 2921 4084; x_wconf 80' lang='lat' dir='ltr'><strong>dignatus</strong></span> <span class='ocrx_word' id='word_1_523' title='bbox 2951 4026 3059 4072; x_wconf 86' lang='lat' dir='ltr'><strong>est.</strong></span> <span class='ocrx_word' id='word_1_524' title='bbox 3086 4019 3240 4074; x_wconf 88' lang='lat' dir='ltr'><strong>Dicat</strong></span> <span class='ocrx_word' id='word_1_525' title='bbox 3260 4029 3316 4076; x_wconf 85' lang='lat' dir='ltr'><strong>et</strong></span> 
     </span>
    </p>
   </div>
   <div class='ocr_carea' id='block_1_80' title="bbox 74 4102 3317 4184">
    <p class='ocr_par' dir='ltr' id='par_1_80' title="bbox 74 4102 3317 4184">
     <span class='ocr_line' id='line_1_80' title="bbox 74 4102 3317 4184; baseline 0.002 -25"><span class='ocrx_word' id='word_1_526' title='bbox 74 4121 235 4163; x_wconf 85' lang='lat' dir='ltr'><strong>mater</strong></span> <span class='ocrx_word' id='word_1_527' title='bbox 277 4109 464 4164; x_wconf 89' lang='lat' dir='ltr'><strong>omnis</strong></span> <span class='ocrx_word' id='word_1_528' title='bbox 490 4149 507 4176; x_wconf 97' lang='lat'><strong>,</strong></span> <span class='ocrx_word' id='word_1_529' title='bbox 539 4121 662 4176; x_wconf 73' lang='lat' dir='ltr'><strong>quae</strong></span> <span class='ocrx_word' id='word_1_530' title='bbox 710 4107 856 4161; x_wconf 82' lang='lat' dir='ltr'><strong>ﬁlios</strong></span> <span class='ocrx_word' id='word_1_531' title='bbox 888 4104 1138 4174; x_wconf 86' lang='lat' dir='ltr'><strong>peperit;</strong></span> <span class='ocrx_word' id='word_1_532' title='bbox 1191 4105 1531 4184; x_wconf 81' lang='lat' dir='ltr'><strong>benedictus,</strong></span> <span class='ocrx_word' id='word_1_533' title='bbox 1580 4109 1674 4178; x_wconf 91' lang='lat' dir='ltr'><strong>qui</strong></span> <span class='ocrx_word' id='word_1_534' title='bbox 1724 4107 1892 4176; x_wconf 84' lang='lat' dir='ltr'><strong>petita</strong></span> <span class='ocrx_word' id='word_1_535' title='bbox 1945 4103 2096 4158; x_wconf 90' lang='lat' dir='ltr'><strong>dedit</strong></span> <span class='ocrx_word' id='word_1_536' title='bbox 2127 4102 2465 4172; x_wconf 88' lang='lat' dir='ltr'><strong>petentibus,</strong></span> <span class='ocrx_word' id='word_1_537' title='bbox 2497 4105 2812 4175; x_wconf 81' lang='lat' dir='ltr'><strong>sterilisque</strong></span> <span class='ocrx_word' id='word_1_538' title='bbox 2843 4108 3054 4162; x_wconf 83' lang='lat' dir='ltr'><strong>ventris</strong></span> <span class='ocrx_word' id='word_1_539' title='bbox 3099 4114 3317 4180; x_wconf 89' lang='lat' dir='ltr'><strong>aperuit</strong></span> 
     </span>
    </p>
   </div>
   <div class='ocr_carea' id='block_1_81' title="bbox 77 4194 3318 4270">
    <p class='ocr_par' dir='ltr' id='par_1_81' title="bbox 77 4194 3318 4270">
     <span class='ocr_line' id='line_1_81' title="bbox 77 4194 3318 4270; baseline 0.002 -19"><span class='ocrx_word' id='word_1_540' title='bbox 77 4199 312 4268; x_wconf 71' lang='lat' dir='ltr'><strong>ianuam,</strong></span> <span class='ocrx_word' id='word_1_541' title='bbox 355 4202 718 4269; x_wconf 88' lang='lat' dir='ltr'><strong>fructumque</strong></span> <span class='ocrx_word' id='word_1_542' title='bbox 747 4213 812 4252; x_wconf 81' lang='lat' dir='ltr'><strong>ex</strong></span> <span class='ocrx_word' id='word_1_543' title='bbox 841 4196 1143 4252; x_wconf 87' lang='lat' dir='ltr'><strong>infecundo</strong></span> <span class='ocrx_word' id='word_1_544' title='bbox 1179 4198 1391 4254; x_wconf 88' lang='lat' dir='ltr'><strong>semine</strong></span> <span class='ocrx_word' id='word_1_545' title='bbox 1423 4199 1656 4269; x_wconf 89' lang='lat' dir='ltr'><strong>largitus</strong></span> <span class='ocrx_word' id='word_1_546' title='bbox 1685 4209 1791 4260; x_wconf 86' lang='lat' dir='ltr'><strong>est,</strong></span> <span class='ocrx_word' id='word_1_547' title='bbox 1832 4212 1988 4252; x_wconf 89' lang='lat' dir='ltr'><strong>suam</strong></span> <span class='ocrx_word' id='word_1_548' title='bbox 2016 4194 2234 4251; x_wconf 85' lang='lat' dir='ltr'><strong>scilicet</strong></span> <span class='ocrx_word' id='word_1_549' title='bbox 2275 4194 2450 4264; x_wconf 88' lang='lat' dir='ltr'><strong>ipsius</strong></span> <span class='ocrx_word' id='word_1_550' title='bbox 2480 4195 2784 4252; x_wconf 90' lang='lat' dir='ltr'><strong>secundum</strong></span> <span class='ocrx_word' id='word_1_551' title='bbox 2820 4212 3044 4254; x_wconf 90' lang='lat' dir='ltr'><strong>carnem</strong></span> <span class='ocrx_word' id='word_1_552' title='bbox 3091 4206 3318 4270; x_wconf 83' lang='lat' dir='ltr'><strong>praecel-</strong></span> 
     </span>
    </p>
   </div>
   <div class='ocr_carea' id='block_1_82' title="bbox 79 4287 3317 4362">
    <p class='ocr_par' dir='ltr' id='par_1_82' title="bbox 79 4287 3317 4362">
     <span class='ocr_line' id='line_1_82' title="bbox 79 4287 3317 4362; baseline 0.001 -16"><span class='ocrx_word' id='word_1_553' title='bbox 79 4294 430 4352; x_wconf 84' lang='lat' dir='ltr'><strong>lentissimam</strong></span> <span class='ocrx_word' id='word_1_554' title='bbox 498 4303 774 4359; x_wconf 86' lang='lat' dir='ltr'><strong>matrem,</strong></span> <span class='ocrx_word' id='word_1_555' title='bbox 825 4291 990 4362; x_wconf 83' lang='lat' dir='ltr'><strong>cujus</strong></span> <span class='ocrx_word' id='word_1_556' title='bbox 1045 4289 1295 4360; x_wconf 90' lang='lat' dir='ltr'><strong>profecto</strong></span> <span class='ocrx_word' id='word_1_557' title='bbox 1352 4302 1545 4346; x_wconf 88' lang='lat' dir='ltr'><strong>uterus</strong></span> <span class='ocrx_word' id='word_1_558' title='bbox 1611 4295 1813 4348; x_wconf 62' lang='lat' dir='ltr'><strong>malum</strong></span> <span class='ocrx_word' id='word_1_559' title='bbox 1895 4292 2078 4345; x_wconf 81' lang='lat' dir='ltr'><strong>factus</strong></span> <span class='ocrx_word' id='word_1_560' title='bbox 2127 4295 2234 4351; x_wconf 92' lang='lat' dir='ltr'><strong>est,</strong></span> <span class='ocrx_word' id='word_1_561' title='bbox 2292 4287 2744 4358; x_wconf 89' lang='lat' dir='ltr'><strong>quandoquidem</strong></span> <span class='ocrx_word' id='word_1_562' title='bbox 2805 4292 2901 4360; x_wconf 83' lang='lat' dir='ltr'><strong>qui</strong></span> <span class='ocrx_word' id='word_1_563' title='bbox 2968 4293 3125 4348; x_wconf 91' lang='lat' dir='ltr'><strong>nullo</strong></span> <span class='ocrx_word' id='word_1_564' title='bbox 3197 4297 3317 4350; x_wconf 84' lang='lat' dir='ltr'><strong>loco</strong></span> 
     </span>
    </p>
   </div>
   <div class='ocr_carea' id='block_1_83' title="bbox 80 4385 1427 4459">
    <p class='ocr_par' dir='ltr' id='par_1_83' title="bbox 80 4385 1427 4459">
     <span class='ocr_line' id='line_1_83' title="bbox 80 4385 1427 4459; baseline -0.001 -19"><span class='ocrx_word' id='word_1_565' title='bbox 80 4391 236 4458; x_wconf 76' lang='lat' dir='ltr'><strong>excipi</strong></span> <span class='ocrx_word' id='word_1_566' title='bbox 272 4397 480 4459; x_wconf 83' lang='lat' dir='ltr'><strong>potest,</strong></span> <span class='ocrx_word' id='word_1_567' title='bbox 512 4388 562 4446; x_wconf 87' lang='lat' dir='ltr'><strong>is</strong></span> <span class='ocrx_word' id='word_1_568' title='bbox 590 4389 645 4443; x_wconf 92' lang='lat' dir='ltr'><strong>in</strong></span> <span class='ocrx_word' id='word_1_569' title='bbox 669 4402 735 4443; x_wconf 90' lang='lat' dir='ltr'><strong>eo</strong></span> <span class='ocrx_word' id='word_1_570' title='bbox 759 4387 1184 4442; x_wconf 89' lang='lat' dir='ltr'><strong>contubernium</strong></span> <span class='ocrx_word' id='word_1_571' title='bbox 1220 4385 1427 4441; x_wconf 87' lang='lat' dir='ltr'><strong>habuit.</strong></span> 
     </span>
    </p>
   </div>
   <div class='ocr_carea' id='block_1_84' title="bbox 136 4523 1633 4612">
    <p class='ocr_par' dir='ltr' id='par_1_84' title="bbox 136 4533 1633 4612">
     <span class='ocr_line' id='line_1_84' title="bbox 136 4533 1633 4612; baseline -0.005 -14"><span class='ocrx_word' id='word_1_572' title='bbox 136 4544 350 4612; x_wconf 72' lang='grc' dir='ltr'><strong>Συνῳδὰ</strong></span> <span class='ocrx_word' id='word_1_573' title='bbox 368 4544 430 4598; x_wconf 80' lang='grc' dir='ltr'><strong>δὲ</strong></span> <span class='ocrx_word' id='word_1_574' title='bbox 455 4539 670 4604; x_wconf 81' lang='grc' dir='ltr'><strong>τούτοις</strong></span> <span class='ocrx_word' id='word_1_575' title='bbox 716 4539 812 4593; x_wconf 77' lang='grc' dir='ltr'><strong>καὶ</strong></span> <span class='ocrx_word' id='word_1_576' title='bbox 840 4536 1003 4610; x_wconf 79' lang='grc' dir='ltr'><strong>ἡμεῖς</strong></span> <span class='ocrx_word' id='word_1_577' title='bbox 1040 4536 1178 4608; x_wconf 85' lang='grc' dir='ltr'><strong>αὐτῇ</strong></span> <span class='ocrx_word' id='word_1_578' title='bbox 1207 4539 1273 4608; x_wconf 83' lang='grc' dir='ltr'><strong>τῇ</strong></span> <span class='ocrx_word' id='word_1_579' title='bbox 1325 4533 1633 4608; x_wconf 79' lang='grc' dir='ltr'><strong>καλουμένῃ</strong></span> 
     </span>
    </p>
   </div>
   <div class='ocr_carea' id='block_1_85' title="bbox 1755 4523 3318 4612">
    <p class='ocr_par' dir='ltr' id='par_1_85' title="bbox 1813 4523 3318 4602">
     <span class='ocr_line' id='line_1_85' title="bbox 1813 4523 3318 4602; baseline -0.001 -12"><span class='ocrx_word' id='word_1_580' title='bbox 1813 4533 2106 4590; x_wconf 86' lang='lat' dir='ltr'><strong>Consouas</strong></span> <span class='ocrx_word' id='word_1_581' title='bbox 2165 4529 2350 4598; x_wconf 88' lang='lat' dir='ltr'><strong>itaque</strong></span> <span class='ocrx_word' id='word_1_582' title='bbox 2389 4523 2539 4582; x_wconf 86' lang='lat' dir='ltr'><strong>hisce</strong></span> <span class='ocrx_word' id='word_1_583' title='bbox 2597 4526 2792 4583; x_wconf 82' lang='lat' dir='ltr'><strong>laudes</strong></span> <span class='ocrx_word' id='word_1_584' title='bbox 2822 4538 2876 4583; x_wconf 90' lang='lat' dir='ltr'><strong>et</strong></span> <span class='ocrx_word' id='word_1_585' title='bbox 2904 4545 3004 4586; x_wconf 90' lang='lat' dir='ltr'><strong>nos</strong></span> <span class='ocrx_word' id='word_1_586' title='bbox 3036 4535 3318 4602; x_wconf 56' lang='lat' dir='ltr'><strong>persolvao</strong></span> 
     </span>
    </p>
   </div>
   <div class='ocr_carea' id='block_1_86' title="bbox 83 4629 1634 4706">
    <p class='ocr_par' dir='ltr' id='par_1_86' title="bbox 83 4629 1634 4706">
     <span class='ocr_line' id='line_1_86' title="bbox 83 4629 1634 4706; baseline -0.001 -22"><span class='ocrx_word' id='word_1_587' title='bbox 83 4637 253 4706; x_wconf 65' lang='grc' dir='ltr'><strong>στείρᾳ</strong></span> <span class='ocrx_word' id='word_1_588' title='bbox 287 4636 441 4699; x_wconf 69' lang='grc' dir='ltr'><strong>ποτὲ,</strong></span> <span class='ocrx_word' id='word_1_589' title='bbox 474 4632 569 4688; x_wconf 86' lang='grc' dir='ltr'><strong>νῦν</strong></span> <span class='ocrx_word' id='word_1_590' title='bbox 591 4632 648 4685; x_wconf 81' lang='grc' dir='ltr'><strong>δέ</strong></span> <span class='ocrx_word' id='word_1_591' title='bbox 668 4633 834 4704; x_wconf 74' lang='grc' dir='ltr'><strong>μητρὶ</strong></span> <span class='ocrx_word' id='word_1_592' title='bbox 855 4630 1125 4702; x_wconf 83' lang='grc' dir='ltr'><strong>γενομένῃ</strong></span> <span class='ocrx_word' id='word_1_593' title='bbox 1173 4630 1267 4682; x_wconf 92' lang='grc' dir='ltr'><strong>τοῦ</strong></span> <span class='ocrx_word' id='word_1_594' title='bbox 1303 4629 1634 4697; x_wconf 87' lang='grc' dir='ltr'><strong>παρθενικοῦ</strong></span> 
     </span>
    </p>
   </div>
   <div class='ocr_carea' id='block_1_87' title="bbox 79 4719 1638 4795">
    <p class='ocr_par' dir='ltr' id='par_1_87' title="bbox 79 4719 1638 4795">
     <span class='ocr_line' id='line_1_87' title="bbox 79 4719 1638 4795; baseline -0.001 -18"><span class='ocrx_word' id='word_1_595' title='bbox 79 4724 452 4795; x_wconf 73' lang='grc' dir='ltr'><strong>θαλάμου,τὴν</strong></span> <span class='ocrx_word' id='word_1_596' title='bbox 474 4725 753 4794; x_wconf 77' lang='grc' dir='ltr'><strong>εὐφημίαν</strong></span> <span class='ocrx_word' id='word_1_597' title='bbox 793 4721 1172 4791; x_wconf 76' lang='grc' dir='ltr'><strong>προσάξωμεν,</strong></span> <span class='ocrx_word' id='word_1_598' title='bbox 1208 4719 1466 4790; x_wconf 78' lang='grc' dir='ltr'><strong>Εἴπωμεν</strong></span> <span class='ocrx_word' id='word_1_599' title='bbox 1499 4723 1638 4791; x_wconf 73' lang='grc' dir='ltr'><strong>μετὰ</strong></span> 
     </span>
    </p>
   </div>
   <div class='ocr_carea' id='block_1_88' title="bbox 77 4808 1638 4888">
    <p class='ocr_par' dir='ltr' id='par_1_88' title="bbox 77 4808 1638 4888">
     <span class='ocr_line' id='line_1_88' title="bbox 77 4808 1638 4888; baseline -0.003 -17"><span class='ocrx_word' id='word_1_600' title='bbox 77 4817 160 4886; x_wconf 72' lang='grc' dir='ltr'><strong>τῆς</strong></span> <span class='ocrx_word' id='word_1_601' title='bbox 192 4819 416 4888; x_wconf 61' lang='grc' dir='ltr'><strong>Γωφῆς</strong></span> <span class='ocrx_word' id='word_1_602' title='bbox 440 4817 578 4888; x_wconf 80' lang='grc' dir='ltr'><strong>πρὸς</strong></span> <span class='ocrx_word' id='word_1_603' title='bbox 603 4808 792 4885; x_wconf 71' lang='grc' dir='ltr'><strong>αὐτὴν,</strong></span> <span class='ocrx_word' id='word_1_604' title='bbox 828 4815 1073 4884; x_wconf 74' lang='grc' dir='ltr'><strong>εἴπωμεν</strong></span> <span class='ocrx_word' id='word_1_605' title='bbox 1099 4830 1111 4843; x_wconf 89' lang='grc'><strong>·</strong></span> <span class='ocrx_word' id='word_1_606' title='bbox 1171 4813 1257 4876; x_wconf 83' lang='grc' dir='ltr'><strong>Ὠς</strong></span> <span class='ocrx_word' id='word_1_607' title='bbox 1306 4812 1577 4885; x_wconf 79' lang='grc' dir='ltr'><strong>μακάριος</strong></span> <span class='ocrx_word' id='word_1_608' title='bbox 1609 4816 1638 4867; x_wconf 97' lang='lat'><strong>6</strong></span> 
     </span>
    </p>
   </div>
   <div class='ocr_carea' id='block_1_89' title="bbox 73 4902 1636 4983">
    <p class='ocr_par' dir='ltr' id='par_1_89' title="bbox 73 4902 1636 4983">
     <span class='ocr_line' id='line_1_89' title="bbox 73 4902 1636 4983; baseline 0.002 -26"><span class='ocrx_word' id='word_1_609' title='bbox 73 4903 203 4966; x_wconf 70' lang='grc' dir='ltr'><strong>οἶκος</strong></span> <span class='ocrx_word' id='word_1_610' title='bbox 233 4911 421 4972; x_wconf 74' lang='grc' dir='ltr'><strong>Δαυῖδ,</strong></span> <span class='ocrx_word' id='word_1_611' title='bbox 454 4910 514 4974; x_wconf 78' lang='grc' dir='ltr'><strong>ἐξ</strong></span> <span class='ocrx_word' id='word_1_612' title='bbox 565 4902 629 4963; x_wconf 76' lang='grc' dir='ltr'><strong>οὐ</strong></span> <span class='ocrx_word' id='word_1_613' title='bbox 663 4907 1068 4980; x_wconf 76' lang='grc' dir='ltr'><strong>προελήλυθαςί</strong></span> <span class='ocrx_word' id='word_1_614' title='bbox 1103 4907 1197 4960; x_wconf 71' lang='grc' dir='ltr'><strong>καὶ</strong></span> <span class='ocrx_word' id='word_1_615' title='bbox 1240 4907 1272 4977; x_wconf 76' lang='grc' dir='ltr'>ἡ</span> <span class='ocrx_word' id='word_1_616' title='bbox 1299 4907 1486 4975; x_wconf 82' lang='grc' dir='ltr'><strong>νηδὺς,</strong></span> <span class='ocrx_word' id='word_1_617' title='bbox 1517 4908 1575 4959; x_wconf 88' lang='grc' dir='ltr'><strong>ἐν</strong></span> 
     </span>
    </p>
   </div>
   <div class='ocr_carea' id='block_1_90' title="bbox 73 4997 1640 5070">
    <p class='ocr_par' dir='ltr' id='par_1_90' title="bbox 73 4997 1640 5070">
     <span class='ocr_line' id='line_1_90' title="bbox 73 4997 1640 5070; baseline 0 -20"><span class='ocrx_word' id='word_1_618' title='bbox 73 4999 292 5055; x_wconf 70' lang='grc' dir='ltr'><strong>κιῦωτὸν</strong></span> <span class='ocrx_word' id='word_1_619' title='bbox 337 5001 686 5070; x_wconf 77' lang='grc' dir='ltr'><strong>ἁγιάσματος</strong></span> <span class='ocrx_word' id='word_1_620' title='bbox 740 4997 1310 5062; x_wconf 68' lang='grc' dir='ltr'><strong>Θεὸςκέτεκτόνευσεῑ</strong></span> <span class='ocrx_word' id='word_1_621' title='bbox 1349 4997 1449 5068; x_wconf 81' lang='grc' dir='ltr'><strong>τὴν</strong></span> <span class='ocrx_word' id='word_1_622' title='bbox 1477 5000 1640 5052; x_wconf 83' lang='grc' dir='ltr'><strong>αὐτὸν</strong></span> 
     </span>
    </p>
   </div>
   <div class='ocr_carea' id='block_1_91' title="bbox 68 5087 1638 5163">
    <p class='ocr_par' dir='ltr' id='par_1_91' title="bbox 68 5087 1638 5163">
     <span class='ocr_line' id='line_1_91' title="bbox 68 5087 1638 5163; baseline 0.002 -24"><span class='ocrx_word' id='word_1_623' title='bbox 68 5087 315 5162; x_wconf 59' lang='lat' dir='ltr'><strong>ancipiti;</strong></span> <span class='ocrx_word' id='word_1_624' title='bbox 343 5094 652 5163; x_wconf 76' lang='grc' dir='ltr'><strong>κυήσασαν.</strong></span> <span class='ocrx_word' id='word_1_625' title='bbox 682 5089 867 5153; x_wconf 74' lang='grc' dir='ltr'><strong>Οὕτως</strong></span> <span class='ocrx_word' id='word_1_626' title='bbox 884 5090 950 5143; x_wconf 87' lang='grc' dir='ltr'><strong>σύ</strong></span> <span class='ocrx_word' id='word_1_627' title='bbox 985 5089 1253 5160; x_wconf 81' lang='grc' dir='ltr'><strong>μακαρία,</strong></span> <span class='ocrx_word' id='word_1_628' title='bbox 1277 5091 1372 5142; x_wconf 71' lang='grc' dir='ltr'><strong>καὶ</strong></span> <span class='ocrx_word' id='word_1_629' title='bbox 1401 5105 1638 5160; x_wconf 64' lang='grc' dir='ltr'><strong>τρισμαι</strong></span> 
     </span>
    </p>
   </div>
   <div class='ocr_carea' id='block_1_92' title="bbox 69 5179 1639 5253">
    <p class='ocr_par' dir='ltr' id='par_1_92' title="bbox 69 5179 1639 5253">
     <span class='ocr_line' id='line_1_92' title="bbox 69 5179 1639 5253; baseline 0.003 -23"><span class='ocrx_word' id='word_1_630' title='bbox 69 5182 246 5250; x_wconf 84' lang='grc' dir='ltr'><strong>καρία,</strong></span> <span class='ocrx_word' id='word_1_631' title='bbox 279 5186 315 5253; x_wconf 81' lang='grc' dir='ltr'>ἠ</span> <span class='ocrx_word' id='word_1_632' title='bbox 346 5182 781 5253; x_wconf 82' lang='grc' dir='ltr'><strong>θεομακάριστον</strong></span> <span class='ocrx_word' id='word_1_633' title='bbox 804 5179 1002 5251; x_wconf 82' lang='grc' dir='ltr'><strong>βρέφος</strong></span> <span class='ocrx_word' id='word_1_634' title='bbox 1037 5179 1486 5250; x_wconf 76' lang='grc' dir='ltr'><strong>ἐγκυμονήσασα,</strong></span> <span class='ocrx_word' id='word_1_635' title='bbox 1520 5182 1639 5234; x_wconf 81' lang='grc' dir='ltr'><strong>Μα-</strong></span> 
     </span>
    </p>
   </div>
   <div class='ocr_carea' id='block_1_93' title="bbox 65 5265 1636 5344">
    <p class='ocr_par' dir='ltr' id='par_1_93' title="bbox 65 5265 1636 5344">
     <span class='ocr_line' id='line_1_93' title="bbox 65 5265 1636 5344; baseline 0.003 -24"><span class='ocrx_word' id='word_1_636' title='bbox 65 5274 178 5334; x_wconf 77' lang='grc' dir='ltr'><strong>ρίαν</strong></span> <span class='ocrx_word' id='word_1_637' title='bbox 203 5274 268 5326; x_wconf 86' lang='grc' dir='ltr'><strong>τὸ</strong></span> <span class='ocrx_word' id='word_1_638' title='bbox 291 5273 667 5344; x_wconf 78' lang='grc' dir='ltr'><strong>πολυτίμητον</strong></span> <span class='ocrx_word' id='word_1_639' title='bbox 711 5271 904 5342; x_wconf 83' lang='grc' dir='ltr'><strong>δνομα,</strong></span> <span class='ocrx_word' id='word_1_640' title='bbox 938 5270 997 5336; x_wconf 81' lang='grc' dir='ltr'><strong>ἐξ</strong></span> <span class='ocrx_word' id='word_1_641' title='bbox 1045 5265 1111 5342; x_wconf 82' lang='grc' dir='ltr'><strong>ἦς</strong></span> <span class='ocrx_word' id='word_1_642' title='bbox 1136 5272 1163 5324; x_wconf 90' lang='lat'><strong>6</strong></span> <span class='ocrx_word' id='word_1_643' title='bbox 1184 5271 1420 5341; x_wconf 82' lang='grc' dir='ltr'><strong>Χριστὸς</strong></span> <span class='ocrx_word' id='word_1_644' title='bbox 1455 5274 1516 5327; x_wconf 80' lang='grc' dir='ltr'><strong>τὸ</strong></span> <span class='ocrx_word' id='word_1_645' title='bbox 1539 5275 1636 5344; x_wconf 87' lang='grc' dir='ltr'><strong>τῆς</strong></span> 
     </span>
    </p>
   </div>
   <div class='ocr_carea' id='block_1_94' title="bbox 63 5357 1635 5435">
    <p class='ocr_par' dir='ltr' id='par_1_94' title="bbox 63 5357 1635 5435">
     <span class='ocr_line' id='line_1_94' title="bbox 63 5357 1635 5435; baseline -0.002 -15"><span class='ocrx_word' id='word_1_646' title='bbox 63 5362 196 5432; x_wconf 72' lang='grc' dir='ltr'><strong>ζωῆς</strong></span> <span class='ocrx_word' id='word_1_647' title='bbox 230 5365 610 5435; x_wconf 74' lang='grc' dir='ltr'><strong>ἐχρημάτισεν</strong></span> <span class='ocrx_word' id='word_1_648' title='bbox 623 5363 804 5427; x_wconf 74' lang='grc' dir='ltr'><strong>ἄνθος.</strong></span> <span class='ocrx_word' id='word_1_649' title='bbox 837 5357 902 5433; x_wconf 79' lang='grc' dir='ltr'><strong>ἧς</strong></span> <span class='ocrx_word' id='word_1_650' title='bbox 958 5362 1054 5415; x_wconf 71' lang='grc' dir='ltr'><strong>καὶ</strong></span> <span class='ocrx_word' id='word_1_651' title='bbox 1083 5363 1115 5431; x_wconf 81' lang='grc' dir='ltr'>ἡ</span> <span class='ocrx_word' id='word_1_652' title='bbox 1159 5363 1383 5432; x_wconf 86' lang='grc' dir='ltr'><strong>πρόοδος</strong></span> <span class='ocrx_word' id='word_1_653' title='bbox 1405 5363 1635 5428; x_wconf 70' lang='grc' dir='ltr'><strong>ἔνδοξος,</strong></span> 
     </span>
    </p>
   </div>
   <div class='ocr_carea' id='block_1_95' title="bbox 61 5454 1635 5528">
    <p class='ocr_par' dir='ltr' id='par_1_95' title="bbox 61 5454 1635 5528">
     <span class='ocr_line' id='line_1_95' title="bbox 61 5454 1635 5528; baseline 0.004 -28"><span class='ocrx_word' id='word_1_654' title='bbox 61 5454 144 5503; x_wconf 77' lang='grc' dir='ltr'><strong>καί</strong></span> <span class='ocrx_word' id='word_1_655' title='bbox 174 5457 209 5526; x_wconf 64' lang='grc' dir='ltr'><strong>ἡ</strong></span> <span class='ocrx_word' id='word_1_656' title='bbox 233 5457 365 5511; x_wconf 67' lang='grc' dir='ltr'><strong>ὠδὶν</strong></span> <span class='ocrx_word' id='word_1_657' title='bbox 397 5455 791 5528; x_wconf 75' lang='grc' dir='ltr'><strong>ὑπερκόσμιος.</strong></span> <span class='ocrx_word' id='word_1_658' title='bbox 826 5454 1206 5524; x_wconf 83' lang='grc' dir='ltr'><strong>Συγχαίρομέν</strong></span> <span class='ocrx_word' id='word_1_659' title='bbox 1240 5469 1322 5507; x_wconf 87' lang='grc' dir='ltr'><strong>σοι</strong></span> <span class='ocrx_word' id='word_1_660' title='bbox 1346 5454 1437 5507; x_wconf 78' lang='grc' dir='ltr'><strong>καὶ</strong></span> <span class='ocrx_word' id='word_1_661' title='bbox 1455 5456 1635 5525; x_wconf 78' lang='grc' dir='ltr'><strong>ἡμεῖς,</strong></span> 
     </span>
    </p>
   </div>
   <div class='ocr_carea' id='block_1_96' title="bbox 56 5533 1635 5618">
    <p class='ocr_par' dir='ltr' id='par_1_96' title="bbox 56 5533 1635 5618">
     <span class='ocr_line' id='line_1_96' title="bbox 56 5533 1635 5618; baseline -0.001 -20"><span class='ocrx_word' id='word_1_662' title='bbox 56 5533 95 5591; x_wconf 70' lang='grc' dir='ltr'><strong>ὦ</strong></span> <span class='ocrx_word' id='word_1_663' title='bbox 128 5549 401 5603; x_wconf 74' lang='grc' dir='ltr'><strong>πανολεία</strong></span> <span class='ocrx_word' id='word_1_664' title='bbox 427 5565 441 5578; x_wconf 85' lang='grc'>⁶</span> <span class='ocrx_word' id='word_1_665' title='bbox 471 5550 574 5618; x_wconf 71' lang='grc' dir='ltr'><strong>τὴν</strong></span> <span class='ocrx_word' id='word_1_666' title='bbox 605 5547 714 5617; x_wconf 73' lang='grc' dir='ltr'><strong>γάρ</strong></span> <span class='ocrx_word' id='word_1_667' title='bbox 762 5545 980 5599; x_wconf 86' lang='grc' dir='ltr'><strong>πάντων</strong></span> <span class='ocrx_word' id='word_1_668' title='bbox 1015 5545 1170 5614; x_wconf 76' lang='grc' dir='ltr'><strong>ἡμῶν</strong></span> <span class='ocrx_word' id='word_1_669' title='bbox 1219 5545 1413 5613; x_wconf 78' lang='grc' dir='ltr'><strong>ἐλπίδα</strong></span> <span class='ocrx_word' id='word_1_670' title='bbox 1443 5545 1635 5599; x_wconf 81' lang='grc' dir='ltr'><strong>θεοδώ-</strong></span> 
     </span>
    </p>
   </div>
   <div class='ocr_carea' id='block_1_97' title="bbox 57 5634 1640 5708">
    <p class='ocr_par' dir='ltr' id='par_1_97' title="bbox 57 5634 1640 5708">
     <span class='ocr_line' id='line_1_97' title="bbox 57 5634 1640 5708; baseline -0.006 -9"><span class='ocrx_word' id='word_1_671' title='bbox 57 5649 213 5699; x_wconf 67' lang='grc' dir='ltr'><strong>Ρητον</strong></span> <span class='ocrx_word' id='word_1_672' title='bbox 235 5639 581 5708; x_wconf 81' lang='grc' dir='ltr'><strong>ἐπαγγελίας</strong></span> <span class='ocrx_word' id='word_1_673' title='bbox 633 5637 952 5706; x_wconf 80' lang='grc' dir='ltr'><strong>άττεκύησας</strong></span> <span class='ocrx_word' id='word_1_674' title='bbox 993 5637 1257 5706; x_wconf 84' lang='grc' dir='ltr'><strong>γέννημα.</strong></span> <span class='ocrx_word' id='word_1_675' title='bbox 1302 5637 1559 5706; x_wconf 82' lang='grc' dir='ltr'><strong>Μακαρία</strong></span> <span class='ocrx_word' id='word_1_676' title='bbox 1591 5634 1640 5690; x_wconf 76' lang='grc' dir='ltr'><strong>εἶ</strong></span> 
     </span>
    </p>
   </div>
   <div class='ocr_carea' id='block_1_98' title="bbox 68 5722 1633 5801">
    <p class='ocr_par' dir='ltr' id='par_1_98' title="bbox 68 5722 1633 5801">
     <span class='ocr_line' id='line_1_98' title="bbox 68 5722 1633 5801; baseline 0.005 -28"><span class='ocrx_word' id='word_1_677' title='bbox 68 5722 291 5795; x_wconf 69' lang='grc' dir='ltr'><strong>ἀληθῶς,</strong></span> <span class='ocrx_word' id='word_1_678' title='bbox 343 5733 439 5784; x_wconf 68' lang='grc' dir='ltr'><strong>καὶ</strong></span> <span class='ocrx_word' id='word_1_679' title='bbox 491 5731 754 5801; x_wconf 75' lang='grc' dir='ltr'><strong>μαγάριος</strong></span> <span class='ocrx_word' id='word_1_680' title='bbox 805 5730 834 5780; x_wconf 90' lang='lat'><strong>6</strong></span> <span class='ocrx_word' id='word_1_681' title='bbox 888 5727 1103 5796; x_wconf 83' lang='grc' dir='ltr'><strong>καρπὸς</strong></span> <span class='ocrx_word' id='word_1_682' title='bbox 1140 5727 1237 5797; x_wconf 83' lang='grc' dir='ltr'><strong>τῆς</strong></span> <span class='ocrx_word' id='word_1_683' title='bbox 1269 5725 1479 5790; x_wconf 84' lang='grc' dir='ltr'><strong>κοιλίας</strong></span> <span class='ocrx_word' id='word_1_684' title='bbox 1521 5741 1633 5781; x_wconf 75' lang='grc' dir='ltr'><strong>σου.</strong></span> 
     </span>
    </p>
   </div>
   <div class='ocr_carea' id='block_1_99' title="bbox 382 5842 1076 5911">
    <p class='ocr_par' dir='ltr' id='par_1_99' title="bbox 382 5842 1076 5911">
     <span class='ocr_line' id='line_1_99' title="bbox 382 5842 1076 5911; baseline -0.013 -1"><span class='ocrx_word' id='word_1_685' title='bbox 382 5853 647 5911; x_wconf 62' lang='grc' dir='ltr'><strong>Ρειτιιοι..</strong></span> <span class='ocrx_word' id='word_1_686' title='bbox 693 5851 811 5910; x_wconf 76' lang='lat' dir='ltr'><strong>Gn.</strong></span> <span class='ocrx_word' id='word_1_687' title='bbox 848 5842 1076 5906; x_wconf 85' lang='lat' dir='ltr'><strong>XCVII.</strong></span> 
     </span>
    </p>
   </div>
   <div class='ocr_carea' id='block_1_100' title="bbox 1746 4619 3316 4690">
    <p class='ocr_par' dir='ltr' id='par_1_100' title="bbox 1746 4619 3316 4690">
     <span class='ocr_line' id='line_1_100' title="bbox 1746 4619 3316 4690; baseline -0.002 -9"><span class='ocrx_word' id='word_1_688' title='bbox 1746 4643 1868 4681; x_wconf 91' lang='lat' dir='ltr'><strong>mus</strong></span> <span class='ocrx_word' id='word_1_689' title='bbox 1898 4625 1971 4688; x_wconf 88' lang='lat' dir='ltr'><strong>ei,</strong></span> <span class='ocrx_word' id='word_1_690' title='bbox 2011 4637 2132 4690; x_wconf 71' lang='lat' dir='ltr'><strong>qua:</strong></span> <span class='ocrx_word' id='word_1_691' title='bbox 2180 4619 2383 4677; x_wconf 78' lang='lat' dir='ltr'><strong>sterilis</strong></span> <span class='ocrx_word' id='word_1_692' title='bbox 2418 4621 2548 4672; x_wconf 89' lang='lat' dir='ltr'><strong>olim</strong></span> <span class='ocrx_word' id='word_1_693' title='bbox 2610 4620 2932 4688; x_wconf 87' lang='lat' dir='ltr'><strong>vocabatur,</strong></span> <span class='ocrx_word' id='word_1_694' title='bbox 2955 4638 3104 4678; x_wconf 89' lang='lat' dir='ltr'><strong>nunc</strong></span> <span class='ocrx_word' id='word_1_695' title='bbox 3134 4635 3316 4681; x_wconf 88' lang='lat' dir='ltr'><strong>autem</strong></span> 
     </span>
    </p>
   </div>
   <div class='ocr_carea' id='block_1_101' title="bbox 1744 4709 3316 4786">
    <p class='ocr_par' dir='ltr' id='par_1_101' title="bbox 1744 4709 3316 4786">
     <span class='ocr_line' id='line_1_101' title="bbox 1744 4709 3316 4786; baseline 0.001 -16"><span class='ocrx_word' id='word_1_696' title='bbox 1744 4715 1976 4786; x_wconf 86' lang='lat' dir='ltr'><strong>virginei</strong></span> <span class='ocrx_word' id='word_1_697' title='bbox 2041 4711 2268 4765; x_wconf 89' lang='lat' dir='ltr'><strong>thalami</strong></span> <span class='ocrx_word' id='word_1_698' title='bbox 2331 4718 2506 4763; x_wconf 89' lang='lat' dir='ltr'><strong>mater</strong></span> <span class='ocrx_word' id='word_1_699' title='bbox 2547 4709 2742 4765; x_wconf 76' lang='lat' dir='ltr'><strong>effecta</strong></span> <span class='ocrx_word' id='word_1_700' title='bbox 2803 4720 2913 4767; x_wconf 91' lang='lat' dir='ltr'><strong>est.</strong></span> <span class='ocrx_word' id='word_1_701' title='bbox 2953 4712 3217 4772; x_wconf 87' lang='lat' dir='ltr'><strong>Dicamus</strong></span> <span class='ocrx_word' id='word_1_702' title='bbox 3250 4719 3316 4772; x_wconf 88' lang='lat' dir='ltr'><strong>ad</strong></span> 
     </span>
    </p>
   </div>
   <div class='ocr_carea' id='block_1_102' title="bbox 1742 4801 3318 4872">
    <p class='ocr_par' dir='ltr' id='par_1_102' title="bbox 1742 4801 3318 4872">
     <span class='ocr_line' id='line_1_102' title="bbox 1742 4801 3318 4872; baseline 0 -9"><span class='ocrx_word' id='word_1_703' title='bbox 1742 4824 1864 4863; x_wconf 85' lang='lat' dir='ltr'><strong>eam</strong></span> <span class='ocrx_word' id='word_1_704' title='bbox 1899 4820 2007 4860; x_wconf 87' lang='lat' dir='ltr'><strong>una</strong></span> <span class='ocrx_word' id='word_1_705' title='bbox 2038 4819 2162 4858; x_wconf 92' lang='lat' dir='ltr'><strong>cum</strong></span> <span class='ocrx_word' id='word_1_706' title='bbox 2213 4802 2392 4856; x_wconf 83' lang='lat' dir='ltr'><strong>sacris</strong></span> <span class='ocrx_word' id='word_1_707' title='bbox 2425 4801 2667 4872; x_wconf 83' lang='lat' dir='ltr'><strong>paginis,</strong></span> <span class='ocrx_word' id='word_1_708' title='bbox 2701 4803 2956 4859; x_wconf 74' lang='lat' dir='ltr'><strong>dicamus</strong></span> <span class='ocrx_word' id='word_1_709' title='bbox 2991 4822 3002 4858; x_wconf 91' lang='lat'><strong>:</strong></span> <span class='ocrx_word' id='word_1_710' title='bbox 3032 4804 3205 4871; x_wconf 89' lang='lat' dir='ltr'><strong>Quam</strong></span> <span class='ocrx_word' id='word_1_711' title='bbox 3239 4807 3318 4864; x_wconf 82' lang='lat' dir='ltr'><strong>fe-</strong></span> 
     </span>
    </p>
   </div>
   <div class='ocr_carea' id='block_1_103' title="bbox 1747 4893 3320 4964">
    <p class='ocr_par' dir='ltr' id='par_1_103' title="bbox 1747 4893 3320 4964">
     <span class='ocr_line' id='line_1_103' title="bbox 1747 4893 3320 4964; baseline -0.008 -10"><span class='ocrx_word' id='word_1_712' title='bbox 1747 4901 1818 4954; x_wconf 75' lang='lat' dir='ltr'><strong>lix</strong></span> <span class='ocrx_word' id='word_1_713' title='bbox 1856 4901 2058 4952; x_wconf 89' lang='lat' dir='ltr'><strong>domus</strong></span> <span class='ocrx_word' id='word_1_714' title='bbox 2120 4893 2463 4957; x_wconf 74' lang='lat' dir='ltr'><strong>Davidis,ex</strong></span> <span class='ocrx_word' id='word_1_715' title='bbox 2517 4909 2622 4964; x_wconf 88' lang='lat' dir='ltr'><strong>qua</strong></span> <span class='ocrx_word' id='word_1_716' title='bbox 2656 4897 2998 4964; x_wconf 84' lang='lat' dir='ltr'><strong>provenisti!</strong></span> <span class='ocrx_word' id='word_1_717' title='bbox 3040 4897 3212 4964; x_wconf 86' lang='lat' dir='ltr'><strong>Quam</strong></span> <span class='ocrx_word' id='word_1_718' title='bbox 3245 4901 3320 4954; x_wconf 75' lang='lat' dir='ltr'><strong>fe-</strong></span> 
     </span>
    </p>
   </div>
   <div class='ocr_carea' id='block_1_104' title="bbox 1745 4985 3319 5055">
    <p class='ocr_par' dir='ltr' id='par_1_104' title="bbox 1745 4985 3319 5055">
     <span class='ocr_line' id='line_1_104' title="bbox 1745 4985 3319 5055; baseline -0.001 -10"><span class='ocrx_word' id='word_1_719' title='bbox 1745 4993 1818 5045; x_wconf 72' lang='lat' dir='ltr'><strong>lix</strong></span> <span class='ocrx_word' id='word_1_720' title='bbox 1847 4997 2038 5043; x_wconf 87' lang='lat' dir='ltr'><strong>venter</strong></span> <span class='ocrx_word' id='word_1_721' title='bbox 2102 4998 2253 5047; x_wconf 90' lang='lat' dir='ltr'><strong>tuus,</strong></span> <span class='ocrx_word' id='word_1_722' title='bbox 2281 4985 2335 5038; x_wconf 93' lang='lat' dir='ltr'><strong>in</strong></span> <span class='ocrx_word' id='word_1_723' title='bbox 2382 5000 2494 5055; x_wconf 92' lang='lat' dir='ltr'><strong>quo</strong></span> <span class='ocrx_word' id='word_1_724' title='bbox 2523 4987 2992 5044; x_wconf 87' lang='lat' dir='ltr'><strong>sanetilicationis</strong></span> <span class='ocrx_word' id='word_1_725' title='bbox 3027 5005 3209 5046; x_wconf 89' lang='lat' dir='ltr'><strong>arcam</strong></span> <span class='ocrx_word' id='word_1_726' title='bbox 3241 4995 3319 5044; x_wconf 80' lang='lat' dir='ltr'><strong>fa-</strong></span> 
     </span>
    </p>
   </div>
   <div class='ocr_carea' id='block_1_105' title="bbox 1745 5079 3320 5152">
    <p class='ocr_par' dir='ltr' id='par_1_105' title="bbox 1745 5079 3320 5152">
     <span class='ocr_line' id='line_1_105' title="bbox 1745 5079 3320 5152; baseline 0.001 -15"><span class='ocrx_word' id='word_1_727' title='bbox 1745 5083 1985 5137; x_wconf 82' lang='lat' dir='ltr'><strong>brioatus</strong></span> <span class='ocrx_word' id='word_1_728' title='bbox 2043 5088 2128 5135; x_wconf 89' lang='lat' dir='ltr'><strong>est</strong></span> <span class='ocrx_word' id='word_1_729' title='bbox 2167 5079 2310 5134; x_wconf 87' lang='lat' dir='ltr'><strong>Deus</strong></span> <span class='ocrx_word' id='word_1_730' title='bbox 2347 5081 2358 5133; x_wconf 87' lang='lat' dir='ltr'><strong>l</strong></span> <span class='ocrx_word' id='word_1_731' title='bbox 2389 5079 2535 5132; x_wconf 85' lang='lat' dir='ltr'><strong>illam</strong></span> <span class='ocrx_word' id='word_1_732' title='bbox 2591 5080 2878 5145; x_wconf 87' lang='lat' dir='ltr'><strong>videlicet,</strong></span> <span class='ocrx_word' id='word_1_733' title='bbox 2922 5099 3046 5152; x_wconf 66' lang='lat' dir='ltr'><strong>quae</strong></span> <span class='ocrx_word' id='word_1_734' title='bbox 3092 5085 3212 5139; x_wconf 88' lang='lat' dir='ltr'><strong>sine</strong></span> <span class='ocrx_word' id='word_1_735' title='bbox 3234 5099 3320 5139; x_wconf 87' lang='lat' dir='ltr'><strong>se-</strong></span> 
     </span>
    </p>
   </div>
   <div class='ocr_carea' id='block_1_106' title="bbox 1743 5169 3313 5243">
    <p class='ocr_par' dir='ltr' id='par_1_106' title="bbox 1743 5169 3313 5243">
     <span class='ocr_line' id='line_1_106' title="bbox 1743 5169 3313 5243; baseline 0.001 -17"><span class='ocrx_word' id='word_1_736' title='bbox 1743 5174 1888 5226; x_wconf 88' lang='lat' dir='ltr'><strong>mine</strong></span> <span class='ocrx_word' id='word_1_737' title='bbox 1935 5173 2116 5242; x_wconf 89' lang='lat' dir='ltr'><strong>ipsum</strong></span> <span class='ocrx_word' id='word_1_738' title='bbox 2176 5171 2519 5240; x_wconf 90' lang='lat' dir='ltr'><strong>conciperet.</strong></span> <span class='ocrx_word' id='word_1_739' title='bbox 2585 5169 2730 5227; x_wconf 84' lang='lat' dir='ltr'><strong>Vere</strong></span> <span class='ocrx_word' id='word_1_740' title='bbox 2777 5173 3002 5243; x_wconf 89' lang='lat' dir='ltr'><strong>quidem</strong></span> <span class='ocrx_word' id='word_1_741' title='bbox 3039 5175 3199 5228; x_wconf 87' lang='lat' dir='ltr'><strong>beata</strong></span> <span class='ocrx_word' id='word_1_742' title='bbox 3233 5191 3313 5236; x_wconf 79' lang='lat' dir='ltr'><strong>es.</strong></span> 
     </span>
    </p>
   </div>
   <div class='ocr_carea' id='block_1_107' title="bbox 1744 5261 3313 5332">
    <p class='ocr_par' dir='ltr' id='par_1_107' title="bbox 1744 5261 3313 5332">
     <span class='ocr_line' id='line_1_107' title="bbox 1744 5261 3313 5332; baseline 0.003 -16"><span class='ocrx_word' id='word_1_743' title='bbox 1744 5277 1805 5316; x_wconf 75' lang='lat' dir='ltr'><strong>ac</strong></span> <span class='ocrx_word' id='word_1_744' title='bbox 1836 5274 1920 5316; x_wconf 91' lang='lat' dir='ltr'><strong>ter</strong></span> <span class='ocrx_word' id='word_1_745' title='bbox 1978 5265 2154 5326; x_wconf 87' lang='lat' dir='ltr'><strong>beata,</strong></span> <span class='ocrx_word' id='word_1_746' title='bbox 2207 5279 2331 5332; x_wconf 70' lang='lat' dir='ltr'><strong>qua:</strong></span> <span class='ocrx_word' id='word_1_747' title='bbox 2390 5261 2598 5319; x_wconf 89' lang='lat' dir='ltr'><strong>divinis</strong></span> <span class='ocrx_word' id='word_1_748' title='bbox 2626 5266 2950 5320; x_wconf 87' lang='lat' dir='ltr'><strong>muneribus</strong></span> <span class='ocrx_word' id='word_1_749' title='bbox 2981 5267 3313 5321; x_wconf 86' lang='lat' dir='ltr'><strong>cumulatam</strong></span> 
     </span>
    </p>
   </div>
   <div class='ocr_carea' id='block_1_108' title="bbox 1739 5354 3312 5429">
    <p class='ocr_par' dir='ltr' id='par_1_108' title="bbox 1739 5354 3312 5429">
     <span class='ocr_line' id='line_1_108' title="bbox 1739 5354 3312 5429; baseline 0.003 -20"><span class='ocrx_word' id='word_1_750' title='bbox 1739 5357 1975 5426; x_wconf 88' lang='lat' dir='ltr'><strong>puellam</strong></span> <span class='ocrx_word' id='word_1_751' title='bbox 2010 5356 2278 5426; x_wconf 84' lang='lat' dir='ltr'><strong>genuisti,</strong></span> <span class='ocrx_word' id='word_1_752' title='bbox 2317 5354 2567 5420; x_wconf 82' lang='lat' dir='ltr'><strong>Mariam,</strong></span> <span class='ocrx_word' id='word_1_753' title='bbox 2611 5357 2868 5425; x_wconf 84' lang='lat' dir='ltr'><strong>inquam,</strong></span> <span class='ocrx_word' id='word_1_754' title='bbox 2931 5373 3190 5429; x_wconf 87' lang='lat' dir='ltr'><strong>magnum</strong></span> <span class='ocrx_word' id='word_1_755' title='bbox 3244 5362 3312 5413; x_wconf 85' lang='lat' dir='ltr'><strong>il-</strong></span> 
     </span>
    </p>
   </div>
   <div class='ocr_carea' id='block_1_109' title="bbox 1743 5447 3319 5522">
    <p class='ocr_par' dir='ltr' id='par_1_109' title="bbox 1743 5447 3319 5522">
     <span class='ocr_line' id='line_1_109' title="bbox 1743 5447 3319 5522; baseline 0.003 -21"><span class='ocrx_word' id='word_1_756' title='bbox 1743 5447 1834 5501; x_wconf 93' lang='lat' dir='ltr'><strong>lud</strong></span> <span class='ocrx_word' id='word_1_757' title='bbox 1895 5463 2119 5509; x_wconf 89' lang='lat' dir='ltr'><strong>nomen.</strong></span> <span class='ocrx_word' id='word_1_758' title='bbox 2155 5450 2302 5502; x_wconf 89' lang='lat' dir='ltr'><strong>omni</strong></span> <span class='ocrx_word' id='word_1_759' title='bbox 2358 5449 2520 5502; x_wconf 89' lang='lat' dir='ltr'><strong>laude</strong></span> <span class='ocrx_word' id='word_1_760' title='bbox 2572 5449 2834 5518; x_wconf 88' lang='lat' dir='ltr'><strong>omnique</strong></span> <span class='ocrx_word' id='word_1_761' title='bbox 2872 5449 3083 5506; x_wconf 86' lang='lat' dir='ltr'><strong>honore</strong></span> <span class='ocrx_word' id='word_1_762' title='bbox 3136 5469 3319 5522; x_wconf 62' lang='lat' dir='ltr'><strong>prose-</strong></span> 
     </span>
    </p>
   </div>
   <div class='ocr_carea' id='block_1_110' title="bbox 1742 5541 3318 5620">
    <p class='ocr_par' dir='ltr' id='par_1_110' title="bbox 1742 5541 3318 5620">
     <span class='ocr_line' id='line_1_110' title="bbox 1742 5541 3318 5620; baseline 0.008 -29"><span class='ocrx_word' id='word_1_763' title='bbox 1742 5541 2062 5611; x_wconf 85' lang='lat' dir='ltr'><strong>quendum;</strong></span> <span class='ocrx_word' id='word_1_764' title='bbox 2096 5557 2162 5596; x_wconf 80' lang='lat' dir='ltr'><strong>ex</strong></span> <span class='ocrx_word' id='word_1_765' title='bbox 2197 5556 2303 5611; x_wconf 90' lang='lat' dir='ltr'><strong>qua</strong></span> <span class='ocrx_word' id='word_1_766' title='bbox 2334 5541 2591 5596; x_wconf 82' lang='lat' dir='ltr'><strong>Christus</strong></span> <span class='ocrx_word' id='word_1_767' title='bbox 2620 5543 2740 5596; x_wconf 72' lang='lat' dir='ltr'><strong>vita:</strong></span> <span class='ocrx_word' id='word_1_768' title='bbox 2767 5543 2867 5602; x_wconf 87' lang='lat' dir='ltr'><strong>llos</strong></span> <span class='ocrx_word' id='word_1_769' title='bbox 2899 5547 3119 5616; x_wconf 87' lang='lat' dir='ltr'><strong>erupit:</strong></span> <span class='ocrx_word' id='word_1_770' title='bbox 3156 5548 3318 5620; x_wconf 76' lang='lat' dir='ltr'><strong>cujus</strong></span> 
     </span>
    </p>
   </div>
   <div class='ocr_carea' id='block_1_111' title="bbox 1743 5632 3316 5706">
    <p class='ocr_par' dir='ltr' id='par_1_111' title="bbox 1743 5632 3316 5706">
     <span class='ocr_line' id='line_1_111' title="bbox 1743 5632 3316 5706; baseline 0.004 -20"><span class='ocrx_word' id='word_1_771' title='bbox 1743 5642 1797 5686; x_wconf 90' lang='lat' dir='ltr'><strong>et</strong></span> <span class='ocrx_word' id='word_1_772' title='bbox 1853 5633 2254 5687; x_wconf 81' lang='lat' dir='ltr'><strong>incrementum</strong></span> <span class='ocrx_word' id='word_1_773' title='bbox 2301 5632 2626 5702; x_wconf 88' lang='lat' dir='ltr'><strong>gloriosum,</strong></span> <span class='ocrx_word' id='word_1_774' title='bbox 2687 5641 2740 5687; x_wconf 85' lang='lat' dir='ltr'><strong>et</strong></span> <span class='ocrx_word' id='word_1_775' title='bbox 2827 5637 3316 5706; x_wconf 73' lang='lat' dir='ltr'><strong>przeclarissimum</strong></span> 
     </span>
    </p>
   </div>
   <div class='ocr_carea' id='block_1_112' title="bbox 1748 5723 3313 5794">
    <p class='ocr_par' dir='ltr' id='par_1_112' title="bbox 1748 5723 3313 5794">
     <span class='ocr_line' id='line_1_112' title="bbox 1748 5723 3313 5794; baseline 0.008 -16"><span class='ocrx_word' id='word_1_776' title='bbox 1748 5727 2118 5794; x_wconf 83' lang='lat' dir='ltr'><strong>puerperium.</strong></span> <span class='ocrx_word' id='word_1_777' title='bbox 2154 5723 2510 5780; x_wconf 85' lang='lat' dir='ltr'><strong>Gratulamur</strong></span> <span class='ocrx_word' id='word_1_778' title='bbox 2538 5727 2633 5782; x_wconf 89' lang='lat' dir='ltr'><strong>tibi</strong></span> <span class='ocrx_word' id='word_1_779' title='bbox 2675 5737 2727 5782; x_wconf 86' lang='lat' dir='ltr'><strong>et</strong></span> <span class='ocrx_word' id='word_1_780' title='bbox 2756 5747 2874 5782; x_wconf 76' lang='lat' dir='ltr'><strong>nos.</strong></span> <span class='ocrx_word' id='word_1_781' title='bbox 2913 5745 2946 5780; x_wconf 83' lang='grc' dir='ltr'><strong>ο</strong></span> <span class='ocrx_word' id='word_1_782' title='bbox 2977 5730 3313 5790; x_wconf 73' lang='lat' dir='ltr'><strong>beatissima.</strong></span> 
     </span>
    </p>
   </div>
   <div class='ocr_carea' id='block_1_113' title="bbox 2877 5844 2944 5904">
    <p class='ocr_par' dir='ltr' id='par_1_113' title="bbox 2877 5844 2944 5904">
     <span class='ocr_line' id='line_1_113' title="bbox 2877 5844 2944 5904; baseline 0 0"><span class='ocrx_word' id='word_1_783' title='bbox 2877 5844 2944 5904; x_wconf 73' lang='lat'><strong>27</strong></span> 
     </span>
    </p>
   </div>
  </div>
