3776 6204
168 401 243 474 845
349 397 351 399 ’
1100 407 1125 467 Ι
1132 409 1180 469 Ν
1225 409 1674 470 NATIVITATE

1851 459 1854 468 .
1894 399 2179 468 MARIKE.
2212 401 2329 468 IlI.

3237 409 3342 474 846

168 519 406 592 πέμψωμεν
435 517 654 590 αὔραις,
713 518 845 590 φέρε
899 519 962 589 δὴ
1015 521 1110 573 καὶ
1135 521 1304 590 αὐτὴν
1335 521 1414 584 εἰς
1443 519 1673 590 δύναμιν

1851 520 2277 574 nlirmationem.
2317 517 2516 573 Verum
2549 529 2608 573 ut
2653 515 2996 590 pervicacem
3031 519 3342 577 Iudaeorum

161 614 228 680 τὴν
248 609 499 680 Παρθένον
523 609 586 673 ἐξ
615 603 784 679 αὗτῆς
835 607 1002 662 οὖσαν
1035 611 1134 679 τῆς
1165 611 1322 681 ῥίζης
1348 611 1512 663 Δαϐὶδ
1537 611 1671 664 ἀπο-

160 700 379 768 δείξωμεν,
415 699 656 768 μάρτυσι
678 702 788 762 τοῖς
817 700 1227 768 εὐαγγελισταῖς
1253 691 1673 769 )(ριιῖ›μ.ενοι,⁶καὶ⁹

159 790 210 858 τῷ
238 790 316 857 τῆς
342 789 562 858 Γραφῆς
609 789 883 860 ἰδιώματι.
933 792 1144 862 Χρῆναι
1173 792 1219 844 δ’
1257 787 1350 845 οῦν
1384 786 1540 862 οἶμαι
1574 793 1672 854 τὰς

157 883 230 934 ἀπὸ
263 880 346 934 τοῦ
386 883 552 935 Δαϐιδ
617 883 812 948 γενεὰς
857 883 1367 954 διαψηλαφήσαντα,
1406 883 1548 937 κατὰ
1575 883 1672 953 τὴν

155 974 218 1025 τοῦ
246 975 408 1028 Λουκᾶ
429 975 522 1026 καὶ
551 973 646 1027 τοῦ
678 975 958 1028 Ματθαίου
1016 976 1390 1044 γενεαλογίαν,
1437 975 1536 1045 τὴν
1572 974 1672 1045 μὲν

155 1066 544 1129 ἀνιπώίζουσαν,
581 1067 673 1118 τὸν
703 1067 780 1128 δὲ,
820 1067 1054 1135 καθεξῆς
1105 1068 1420 1132 ὁδεύουσαν,
1447 1066 1534 1120 διὰ
1566 1067 1673 1119 τῶν

154 1159 288 1226 ἱκρων
306 1159 623 1226 ἐπισυνάψαι
656 1158 747 1211 τὸν
765 1158 886 1212 νοῦν
903 1177 914 1190 ο
946 1158 1043 1212 εἷθ’
1067 1160 1237 1222 οὕτως
1267 1159 1364 1230 τὴν
1387 1159 1670 1228 σύγχυσιν,

151 1247 240 1299 καθ’
270 1248 326 1317 ἢν
349 1250 379 1317 ἡ
403 1251 527 1318 περὶ
549 1250 675 1320 τοῦς
700 1251 958 1312 τεκόντας
1008 1251 1100 1303 τὸν
1147 1251 1346 1319 Ἰωσὴφ
1402 1247 1674 1319 συνεχύθη

154 1342 406 1407 συγγένεια,
453 1341 573 1394 καθ’
609 1340 799 1412 εἱρμὸν
838 1342 1124 1406 ἐκθέσθαι,
1179 1342 1274 1396 καὶ
1311 1341 1404 1394 τὸν
1446 1343 1669 1408 τρόπον,

152 1431 424 1486 καθ’δνκαὶ
467 1436 500 1503 ἡ
537 1434 815 1504 Παρθένος
859 1437 919 1486 ἐκ
980 1436 1169 1501 γένους
1218 1437 1522 1502 κατάγεται
1577 1427 1671 1484 τοῦ

151 1524 276 1576 Δαϐιδ
300 1525 531 1595 ἐναργῶς
560 1525 876 1588 ἀποδεῖξαι·
912 1526 1008 1580 καὶ
1036 1527 1204 1596 μηδὲν
1233 1527 1340 1579 τῶν
1357 1527 1474 1580 κατ’
1504 1526 1674 1594 αὐτὴν

153 1615 479 1668 αδαπδδεικτον
509 1617 615 1684 εἴη.
659 1617 859 1670 Τοῦτον
879 1617 988 1688 γὰρ
1014 1607 1130 1670 οἶδα
1167 1619 1370 1680 παντὸς
1396 1616 1672 1684 ὲγκωμίου

153 1706 477 1775 λαμπρότατον
502 1707 741 1774 ἔπαινον,
772 1709 832 1762 τὸ
853 1713 970 1772 ταῖς
995 1710 1284 1779 θεομαχοις
1317 1707 1675 1776 ἀνθοπλισθῆ-

151 1814 216 1848 ναι
245 1797 514 1864 γλώσσαις,
583 1799 676 1850 καὶ
748 1801 856 1852 πᾶν
908 1800 1222 1870 ἀποφράξαι
1290 1798 1481 1866 στόμα,
1536 1795 1675 1848 κατὰ

151 1888 312 1958 ταύτης
339 1888 764 1958 φρυασσόμενον.
790 1891 1066 1962 Ἀρξομαι
1106 1890 1236 1958 γοῦν
1267 1888 1536 1941 ἐντεῦθεν.

1772 610 1987 666 veritati
2045 609 2436 664 oblatrantium
2497 611 2901 666 contentionem
2955 611 3022 665 ad
3074 615 3345 668 mendacii

1773 717 1936 758 auras
1969 703 2302 772 ablegemus,
2331 715 2428 772 age
2455 701 2625 773 ipsam
2647 703 2787 758 hanc
2816 719 3034 775 quoque
3064 703 3344 777 Virginem

1773 811 1874 866 pro
1925 794 2074 848 virili
2126 802 2313 848 nostra
2366 809 2433 848 ex
2479 793 2595 862 ipsa
2651 791 2871 850 Davidis
2927 795 3108 851 radice
3163 807 3345 853 ortum

1772 885 2000 940 duxisse
2065 882 2534 949 demonstremus,
2566 883 2934 953 evangelistas
2986 888 3138 956 ipsos
3178 897 3348 944 testes

1773 977 2118 1041 adhibentes,
2149 983 2314 1045 atque
2348 976 2519 1044 ipsam
2564 975 2866 1045 Scriptura:
2899 962 3348 1048 sacrae'peculia-

1773 1079 1886 1117 rem
1918 1061 2176 1132 loquendi
2211 1063 2497 1116 rationem.
2526 1062 2720 1130 Operae
2760 1064 2991 1132 pretium
3022 1075 3201 1120 autem
3225 1083 3346 1123 esse

1775 1153 2036 1217 arbitror,
2061 1152 2424 1207 consideratis
2465 1157 2526 1206 ac’
2555 1155 2701 1205 velut
2733 1157 3090 1210 contrectatis
3128 1155 3348 1212 Davidis

1775 1245 2242 1315 generationibus,
2292 1245 2448 1310 juxta
2501 1243 2661 1298 Lucae
2714 1260 2777 1299 ac
2819 1245 3056 1301 Matthaei
3098 1251 3350 1318 genealo-

1775 1337 1939 1403 giam,
1984 1352 2216 1406 quarunt
2261 1337 2431 1390 altera
2479 1337 2721 1400 inverso,
2760 1337 2928 1392 altera
2974 1349 3123 1394 recto
3161 1340 3353 1394 ordine

1777 1431 2151 1499 progreditur,
2187 1441 2284 1498 per
2314 1437 2555 1483 extrema
2593 1437 2832 1483 mentem
2879 1445 2942 1484 ac
2985 1448 3208 1486 sensum
3262 1448 3355 1485 ro-

1776 1521 1995 1589 pulare,
2048 1529 2213 1589 atque
2255 1520 2326 1572 ita
2374 1519 2569 1573 deinde
2621 1519 3001 1575 confusionem
3056 1538 3198 1585 eam,
3261 1537 3355 1590 per

1775 1627 1939 1681 quam
1991 1622 2278 1682 parentum
2331 1610 2552 1680 Josephi
2618 1612 2870 1681 cognatio
2922 1616 3183 1681 permista
3246 1623 3352 1672 est,

1777 1703 1918 1757 serie
1951 1703 2184 1771 quadam
2222 1717 2512 1772 exponere,
2549 1717 2609 1755 ac
2652 1705 2894 1765 modum,
2930 1720 3038 1772 quo
3065 1706 3180 1773 ipsa
3212 1721 3356 1773 quo-

1777 1809 1883 1861 que
1918 1786 2080 1862 Virgo
2106 1811 2170 1846 ex
2209 1792 2413 1846 Davide
2441 1793 2616 1855 ﬂuxit,
2651 1803 2838 1862 aperte
2871 1793 3156 1847 declarare
3186 1813 3198 1847 :
3242 1811 3353 1864 quo

1705 1864 1914 1937 Bnihil
1949 1899 2162 1949 eorum,
2213 1899 2333 1952 quae
2383 1884 2448 1936 ad
2511 1884 2684 1960 ipsam
2735 1886 2987 1946 attinent,
3031 1886 3353 1955 probatione

149 1997 225 2037 sua
257 1991 439 2037 careat.
486 1981 636 2034 Hanc
685 1981 904 2036 demum
943 1984 1087 2035 enim
1127 1981 1340 2034 laudem
1407 1977 1556 2033 omni
1604 1974 1838 2030 eacomii
1907 1989 2107 2040 genere
2153 1974 2552 2043 praeclariorem
2634 1972 3163 2046 luculentioremque
3233 1992 3356 2031 esse

153 2075 249 2128 mihi
277 2074 580 2144 persuadeo,
620 2089 812 2145 nempe
843 2075 1133 2130 adversum
1192 2074 1389 2145 impias
1450 2073 1666 2143 linguas
1702 2083 1854 2123 arma
1887 2067 2148 2133 induere,
2173 2081 2346 2138 osque
2395 2081 2557 2124 omne
2623 2067 2886 2125 adversus
2921 2084 3042 2124 eam
3117 2070 3355 2126 fremens

153 2166 376 2221 obturare.

206 2261 290 2312 Καί
312 2277 397 2331 μοι
447 2262 873 2330 συγγινωσκέτω
925 2263 1036 2318 τῶν
1081 2265 1207 2336 τῇδε
1236 2264 1541 2337 παρόντων,
1581 2263 1676 2317 καὶ

166 2349 290 2418 λόγοις
309 2353 760 2424 ὲντεθραμμένων
785 2355 1043 2422 ἕκαστος,
1088 2355 1304 2426 ἀπείρῳ
1331 2372 1392 2409 τε
1423 2353 1538 2408 ὄντι
1565 2353 1677 2406 τῶν

161 2440 303 2504 ἔξωθεν
329 2444 760 2514 γυμνασμάτων,
791 2447 887 2499 καὶ
911 2445 1007 2498 τοῦ
1034 2445 1100 2517 δὴ
1127 2448 1289 2517 χάριν
1331 2444 1672 2516 ἀσχάλλοντι,

150 2533 221 2584 ἅτε
262 2533 364 2588 ὁδὸν
395 2537 659 2605 ἐπίτομον
689 2536 764 2606 μὴ
801 2537 1114 2605 εὐρίσκοντι
1139 2537 1234 2592 τοῦ
1265 2537 1475 2600 δέοντος
1508 2538 1678 2608 πρόσ-

141 2641 290 2694 φορον.
315 2625 506 2696 Ὅμως
535 2628 614 2698 τῷ
643 2629 947 2682 διδάσκοντι
973 2623 1252 2701 Πνεῦματι
1277 2630 1454 2683 πάντα
1472 2629 1679 2699 ἄνθρωο

136 2732 214 2771 πον
246 2720 437 2787 γνῶσιν
468 2721 851 2792 τεθαρρηκὼς,
878 2721 1014 2792 πρὸς
1053 2722 1114 2774 τὸ
1155 2721 1515 2792 προκείμενον
1546 2723 1680 2775 ἀπο-

129 2808 318 2879 δύομαι.
348 2815 532 2882 Νόμος
556 2811 848 2882 τοιγαροῦν
877 2814 1102 2884 ἐκράτει
1131 2814 1193 2866 τὸ
1221 2815 1470 2877 παλαιὸν,
1505 2813 1579 2883 μὴ
1611 2813 1678 2865 ἂν

125 2902 323 2957 ἂλλοθεν
376 2907 488 2960 τῶν
540 2907 723 2976 φυλῶν
758 2906 996 2974 ἑκάστην
1043 2907 1280 2974 γυναῖκα
1317 2906 1454 2976 πρὸς
1495 2888 1678 2974 γάμον

123 2991 325 3060 ἄγεσθαι
356 2995 636 3059 δύνασθαι,
672 2997 746 3066 μὴ
775 2995 878 3064 τῆς
908 2993 1055 3065 αὐτῷ
1086 2996 1448 3048 κοινωνοῦσαν
1481 2994 1673 3064 φυλῆς.

123 3085 224 3138 Ὀτι
248 3087 302 3138 δὲ
373 3087 535 3140 τοῦτό
593 3088 738 3139 ἐστιν
784 3087 1004 3154 ἀληθὲς,
1040 3087 1216 3141 αὐτῶν
1246 3089 1408 3142 ἄκουε
1443 3087 1552 3140 τῶν
1582 3085 1674 3140 τοῦ

1850 2256 1980 2312 Mihi
2009 2271 2136 2312 vero
2165 2257 2408 2327 ignoscat
2429 2256 2588 2312 velim
2628 2257 2861 2327 quilibet
2890 2273 3106 2323 eorum,
3140 2259 3232 2328 qui
3267 2258 3360 2316 hic

1781 2349 2003 2413 adsunt,
2061 2363 2124 2403 ac
2179 2351 2483 2403 litterarum
2539 2348 2723 2404 studia
2775 2351 3087 2415 coluerunt,
3152 2360 3212 2405 ut
3263 2351 3358 2422 qui

1783 2439 2140 2510 profanorum
2206 2442 2760 2495 exercitamentorum
2832 2442 3120 2510 imperitus
3197 2443 3301 2498 sim
3339 2483 3355 2507 ,

1784 2538 2187 2601 proptereaque
2218 2547 2388 2602 angar
2421 2541 2475 2587 et
2505 2532 2832 2597 discrucier,
2869 2542 3059 2604 utpote
3091 2549 3358 2606 compen-

1777 2622 2010 2676 diariam
2060 2623 2201 2676 viam
2249 2629 2416 2692 atque
2467 2624 2727 2678 instituto
2777 2635 3103 2695 argumento
3137 2643 3357 2681 accom-

1777 2715 2053 2768 modatam
2103 2713 2328 2768 minime
2356 2715 2703 2770 nanciscens.
2738 2713 3111 2772 Nihilominus
3153 2726 3358 2783 tamen,

1779 2801 2015 2873 Spiritus
2048 2805 2245 2865 sancti,
2283 2806 2376 2874 qui
2412 2804 2570 2860 docet
2603 2821 2821 2862 omnem
2865 2810 3138 2864 hominem
3179 2811 3361 2866 scien-

1782 2894 1937 2958 tiam,
1990 2909 2093 2964 opc
2141 2902 2305 2963 atque
2334 2895 2541 2949 auxilio
2606 2897 2798 2961 fretus,
2865 2899 3202 2968 propositam
3246 2915 3363 2954 ma-

1785 2987 1976 3039 teriam
2009 2989 2317 3056 aggredior.
2353 2986 2494 3058 Ergo
2525 2987 2628 3043 hoc
2671 2991 2798 3045 olim
2835 2991 2950 3062 lege
2983 3003 3360 3064 comparatum

1783 3087 1920 3143 erat,
1950 3085 2009 3132 ut
2041 3095 2203 3134 nemo
2230 3091 2298 3133 ex
2333 3079 2440 3132 ulla
2474 3080 2618 3133 tribu
2658 3096 2881 3136 uxorem
2924 3084 3148 3138 aliunde
3197 3101 3359 3154 quam

117 3176 264 3245 νόμου
296 3178 500 3249 ῥητῶν,
529 3178 762 3247 ἐχόντων
786 3180 878 3230 ἐπὶ
907 3179 1105 3244 λέξεως
1129 3180 1273 3232 οὕτω
1295 3195 1307 3209 ⁸
1343 3182 1449 3232 Καὶ
1482 3180 1674 3233 ὲνετείο

1907 3184 2006 3222 sua
2038 3170 2288 3238 accipere
2343 3180 2545 3239 posset.
2597 3170 2752 3235 Quod
2796 3183 2975 3228 autem
3018 3176 3120 3230 hoc
3167 3193 3358 3231 verum

115 3268 228 3321 λατο
249 3271 490 3339 Μωῦσῆς
535 3273 647 3334 τοῖς
691 3273 824 3335 υἱοῖς
864 3272 1081 3343 Ἰσραὴλ
1128 3273 1217 3325 διὰ
1258 3273 1681 3342 προστάγματος

113 3360 328 3430 Κυρίου,
391 3361 598 3428 λέγων’
659 3363 734 3415 Οὐ
797 3365 1304 3434 περιστραφήσεται
1379 3365 1491 3425 τοῖς
1547 3361 1683 3422 υἱοῖς

121 3449 344 3521 Ἰσραὴλ,
394 3451 505 3504 ἀπὸ
552 3452 724 3522 φυλῆς
777 3455 854 3515 είς
880 3451 1076 3523 φυλὴν,
1115 3454 1198 3505 ὅτι
1247 3453 1478 3514 ἕκαστος
1515 3453 1572 3502 ὲν
1611 3452 1678 3520 τῇ

110 3540 436 3614 γληρονομία
469 3542 572 3612 τῆς
611 3543 784 3612 φυλῆς
833 3545 932 3614 τῆς
963 3540 1240 3613 πατρικῆς
1282 3541 1448 3594 αὑτοῦ
1507 3557 1679 3610 προσ-

111 3632 529 3703 κολληθήσονται
580 3637 628 3687 οἱ
689 3635 815 3698 υἱοὶ,
885 3633 980 3687 καὶ
1039 3635 1189 3686 πᾶσα
1243 3633 1492 3702 θυγάτηρ
1520 3634 1678 3703 ἀγχι-

113 3723 366 3778 στεύουσα
392 3725 760 3794 κληρονομίαν
811 3728 875 3778 ὲκ
909 3725 1017 3777 τῶν
1048 3724 1232 3792 φυλῶν
1260 3723 1396 3777 υίῶν
1440 3724 1678 3794 Ἰσραὴλ,

111 3810 183 3862 ἐνὶ
211 3813 320 3866 τῶν
346 3815 410 3865 ὲκ
434 3812 529 3866 τοῦ
587 3813 758 3882 δήμου
806 3815 904 3884 τῆς
936 3813 1109 3884 φυλῆς
1144 3815 1239 3866 τοῦ
1273 3813 1480 3884 πατρὸς
1508 3809 1681 3885 αὐτῆς

113 3899 314 3956 ἔσονται
353 3905 631 3970 γυναῖκες,
666 3903 752 3962 ἵνα
784 3903 1183 3974 ἀγχιστεύωσιν
1212 3905 1260 3957 οἱ
1293 3905 1398 3957 υἱοὶ
1439 3903 1678 3976 Ἰσραὴλ,

111 3989 328 4055 ἑκαστος
370 3993 470 4062 τὴν
535 3993 900 4064 κληρονομίαν
947 3993 1046 4064 τὴν
1083 3995 1357 4065 πατρικὴν
1401 3994 1588 4056 αὑτοῦ,
1622 3990 1679 4047 ὃν

109 4081 298 4147 τρόπον
329 4083 584 4149 συνέταξε
618 4083 823 4154 Κύριος
849 4084 926 4155 τῷ
961 4085 1192 4154 Μωῦσῇ.
1226 4087 1334 4139 Καὶ
1369 4086 1553 4157 μέντοι
1588 4086 1680 4138 καὶ

110 4168 430 4242 διεφυλάχθη
462 4173 619 4226 τοῦτο
655 4174 817 4243 μέχρι
867 4163 1084 4246 καιρόῦ.
1118 4176 1264 4239 Ἕως
1305 4177 1412 4248 γὰρ
1435 4176 1586 4247 ήνθει
1613 4175 1680 4228 τὰ

112 4260 391 4326 Ἰουδαίων,
433 4265 528 4316 καὶ
585 4263 652 4316 τὰ
694 4265 963 4318 Μωσαῖκὰ
1011 4267 1372 4336 διατάγματα.
1405 4266 1677 4338 ἢκμαζον,

115 4347 255 4400 οὐδὲν
278 4345 348 4420 ἦν
365 4353 473 4404 τῶν
507 4353 638 4422 παρ’
693 4355 880 4416 αὐτοῖς
919 4355 1080 4414 ὲθῶν,
1122 4355 1149 4407 δ
1191 4357 1266 4426 μὴ
1311 4357 1452 4408 κατὰ
1475 4355 1680 4424 θεσμὸν

118 4438 344 4507 ἐκράτει.
384 4444 502 4511 Ἀφ’
559 4437 624 4495 οῦ
667 4444 724 4496 δὲ
785 4445 918 4514 πρὸς
979 4447 1286 4516 ἀφανισμὸν
1333 4446 1550 4518 ἐχώρει,
1583 4447 1678 4500 καὶ

122 4531 240 4598 πρὸς
257 4535 562 4598 τούναντίον
591 4537 736 4589 ἆπαν
755 4538 1146 4608 ἁπηυτομόλει,
1173 4540 1312 4591 κατὰ
1333 4541 1498 4610 μέρος
1519 4539 1676 4592 ἐλατ-

116 4620 358 4690 τούμενα.
388 4627 574 4680 οὐκέτι
599 4627 760 4694 λόγος
802 4631 988 4692 αὐτοῖς
1021 4629 1280 4700 πατρῴας
1329 4631 1674 4700 εὐδαιμονίας

118 4717 478 4782 πεῗῷντιστο,
509 4718 866 4788 ὲθνικώτερόν
890 4738 1006 4785 πως
1022 4721 1386 4792 διακειμένοις
1417 4723 1508 4775 τὸν
1539 4722 1671 4792 βίον,

116 4804 198 4852 καὶ
219 4807 296 4868 εἰς
333 4808 493 4875 μηδὲν
523 4809 605 4861 δτι
632 4811 773 4878 μέγα
823 4810 1128 4880 τιθεμένοις
1172 4813 1232 4864 τὸ
1268 4814 1474 4885 χρῆμα,
1494 4815 1673 4867 καίτοι

119 4893 195 4944 τοῦ
223 4898 383 4964 νόμου
415 4899 786 4963 θεσπίζοντος,
842 4903 948 4952 τῶν
981 4906 1274 4972 προφητῶν
1324 4904 1670 4974 ὲμὸοώντωνν

113 4988 194 5035 καὶ
215 4986 302 5040 διὰ
327 4991 502 5057 πάσης
560 4991 747 5059 σχεδὸν
780 4993 880 5060 τῆς
905 4993 1129 5062 Γραφῆς
1156 4994 1320 5046 αὑτοῦ
1367 4995 1670 5066 διαμαρτυ-

115 5079 360 5144 ρονμένου
381 5080 477 5133 τοῦ
503 5081 660 5146 Θεοῦ,
694 5085 769 5152 μὴ
794 5083 1113 5152 διαχεῖσθαι,
1155 5084 1231 5156 μὴ
1258 5086 1566 5157 διαφθεῖραι
1605 5088 1674 5139 τὰ

121 5180 321 5239 νηιιμα.

178 5430 330 5485 ἐπεὶ
380 5430 476 5488 οὖν
533 5435 824 5506 παροινίας
853 5437 952 5507 τῆς
1006 5439 1084 5502 εἰς
1136 5441 1266 5494 Θεὸν
1297 5443 1452 5514 δίκην
1493 5447 1554 5498 οὐ
1577 5446 1674 5516 τὴν

119 5523 358 5590 τυχοῦσαν
389 5526 582 5579 ἔδοσαν
607 5528 656 5579 οι
700 5527 966 5591 Ἰουδαῖοι,
995 5524 1070 5583 ὧν
1094 5549 1154 5585 τε
1192 5534 1450 5599 πολλάκις
1481 5539 1673 5609 παροί-

117 5618 471 5685 inﬂammata!
498 5619 600 5688 τῆς
647 5619 905 5689 πατρῴας
956 5623 1307 5695 ἐξεστηκότες
1362 5628 1670 5694 θεοσεϐείας

160 5786 187 5828 ά
211 5788 374 5847 Num.
413 5811 601 5862 xx“),
637 5798 666 5848 7
695 5815 852 5867 seqq.

1784 3261 1877 3325 sit,
1923 3262 2038 3328 ipsa
2080 3263 2213 3330 legis
2249 3262 2408 3315 verba
2447 3262 2603 3325 audi,
2653 3278 2777 3331 quae
2817 3266 2882 3318 ad
2935 3267 3083 3320 hunc
3135 3284 3360 3336 prorsus

1783 3351 2002 3403 modmn
2060 3351 2261 3404 habent
2320 3369 2333 3405 :
2381 3350 2446 3402 Et
2471 3352 2751 3405 mandavit
2785 3354 2997 3424 Moyses
3039 3359 3165 3411 liliis
3194 3359 3359 3413 Israel

1783 3459 1878 3512 per
1910 3453 2242 3512 praereptum
2281 3440 2522 3505 Domini,
2551 3441 2742 3496 dicens
2769 3462 2782 3496 :
2817 3443 2934 3498 Non
2969 3451 3360 3502 convertemini

1780 3535 1848 3589 de
1905 3534 2051 3588 tribu
2111 3533 2164 3586 in
2232 3532 2436 3585 tribum
2488 3548 2500 3584 :
2554 3532 2814 3600 quoniam
2871 3536 3248 3605 unusquisque
3306 3538 3361 3593 in

1783 3625 2100 3680 haereditate
2149 3624 2323 3678 tribus
2366 3638 2479 3677 suze
2511 3632 2751 3690 paterna:
2799 3627 3250 3682 adhaerebuntd:
3309 3641 3363 3685 et

1780 3717 1960 3772 Omnis
1995 3715 2104 3770 lilia
2145 3714 2450 3784 propinqua
2489 3714 2865 3770 Inereditatem
2907 3718 3112 3772 habens
3154 3737 3216 3773 ex
3260 3722 3360 3774 tri-

1781 3807 1957 3860 bubus
1987 3807 2221 3859 liliorum
2253 3805 2440 3870 Israel,
2477 3804 2570 3858 uni
2596 3819 2786 3859 eorum
2812 3809 2902 3874 qui
2933 3816 3064 3862 sunt
3089 3825 3151 3864 ex
3197 3811 3361 3864 domo

1781 3899 1955 3952 tribus
1997 3897 2168 3967 patris
2213 3895 2323 3960 sui,
2355 3897 2458 3949 erit
2500 3911 2658 3958 uxor,
2691 3905 2744 3951 et
2779 3914 2875 3966 per
2905 3901 3190 3969 sanguinis
3234 3918 3360 3971 pro-

1782 3990 2138 4059 pinquitatem
2180 3988 2562 4056 unusquiSque
2598 4003 2663 4040 ex
2698 3989 2822 4042 liliis
2853 3989 3018 4045 Israel
3076 4003 3358 4056 paternam

1779 4095 1934 4134 Suam
1993 4079 2363 4133 luereditatcnt
2404 4079 2694 4148 percipiet,
2730 4082 3191 4147 quemadmodum
3231 4100 3361 4138 con-

1779 4169 1960 4222 stituit
2011 4168 2272 4222 Dominus
2311 4166 2505 4238 Moysi.
2537 4169 2614 4221 Ac
2656 4183 2788 4224 sane
2827 4168 2927 4222 hoc
2964 4171 3362 4242 aliquantisper

1779 4259 1997 4328 quidem
2045 4259 2397 4312 obserVatum
2426 4266 2533 4312 est.
2580 4255 2831 4321 Quandiu
2863 4260 3011 4312 enim
3045 4259 3360 4315 Judaeorum

1780 4366 1867 4405 res
1897 4349 2184 4410 ﬂorebant,
2211 4363 2276 4401 ac
2305 4346 2542 4401 Mosaica
2569 4357 2838 4417 praecepta
2875 4351 3150 4419 vigebant,
3180 4354 3362 4406 nullus

1785 4442 1928 4511 apud
1978 4455 2074 4494 eos
2129 4439 2268 4492 ritus
2329 4446 2470 4501 erat,
2519 4439 2610 4507 qui
2665 4454 2772 4492 non
2813 4439 2968 4508 juxta
3024 4441 3191 4510 legem
3253 4444 3360 4494 vim

1784 4547 1938 4587 suam
1961 4531 2256 4585 obtineret.
2289 4531 2357 4584 At
2395 4538 2749 4599 posteaquam
2781 4531 2834 4582 in
2861 4532 3088 4585 exitium
3117 4534 3360 4594 tendere,

1775 4624 2025 4693 atquein
2062 4623 2403 4675 contrarium
2458 4637 2688 4690 prorsus
2733 4622 3070 4686 desciscere,
3130 4629 3363 4679 sensim-

1773 4730 1881 4784 que
1917 4713 2087 4766 minui
2121 4720 2428 4781 cwperunt,
2464 4728 2571 4765 non
2596 4714 2707 4783 jam
2741 4715 2878 4784 ipsis
2920 4718 3094 4784 patria
3127 4719 3362 4776 felicitas

1774 4823 1919 4861 curre
1950 4806 2079 4869 fuit,
2111 4815 2170 4858 ut
2202 4805 2292 4874 qui
2323 4807 2606 4874 gentilium
2642 4808 3049 4877 quodammodo
3125 4812 3228 4866 ritu
3282 4814 3363 4867 vi-

1787 4911 1898 4954 tam
1942 4899 2325 4964 instituerent,
2362 4916 2540 4969 neque
2569 4901 2863 4956 admodum
2899 4907 3077 4976 magni
3118 4923 3227 4960 rem
3259 4908 3361 4959 htt-

1773 4993 2015 5062 jusmodi
2065 4993 2386 5062 penderent,
2424 4994 2640 5048 tametsi
2673 4995 2876 5064 alioqui
2910 4999 3024 5068 lege
3053 5001 3356 5065 Saneiente,

1782 5087 2060 5154 prophetis
2094 5086 2544 5148 iuclamantibus,
2593 5097 2756 5157 atque
2788 5089 2924 5144 adeo
2959 5093 3194 5160 ipsomct
3252 5093 3359 5145 Deo

1786 5193 1880 5246 per
1897 5185 2068 5230 totam
2098 5179 2442 5248 Scripturam
2469 5180 2797 5234 testilirante
2821 5192 2985 5250 atque
3009 5185 3358 5245 admonente,

1783 5285 1849 5321 ne
1889 5267 2088 5321 animis
2131 5267 2568 5332 elIundereutur,
2620 5284 2683 5322 ac
2730 5271 2998 5338 legitimas
3043 5273 3358 5327 sanctiones

1783 5374 1862 5411 ro:
1881 5368 2212 5426 rumperent.

1852 5447 2216 5518 Posteaquam
2256 5450 2425 5518 igitur
2444 5448 2615 5504 Jtnltei
2642 5465 2755 5503 sum
2781 5449 2834 5503 itt
2871 5447 3034 5503 Deum
3074 5464 3350 5508 contume-

1784 5541 1866 5595 liae
1905 5559 2011 5596 non
2051 5544 2325 5612 vulgarem
2370 5559 2587 5611 poenam
2635 5544 3028 5612 pependerunt,
3063 5562 3126 5601 ac
3159 5563 3258 5617 pro
3291 5565 3357 5602 eo

1778 5633 1922 5702 quod
1953 5649 2094 5704 smpe
2145 5643 2403 5701 tanquam
2449 5641 2622 5687 (esti-0
2661 5635 2897 5703 quodam
2932 5639 3144 5708 perciti,
3191 5637 3359 5712 atque
