  <div class='ocr_page' id='page_1' title='image "/cluster/home/n/w/nwhite01/storage/ocr_20150623/97/hvd.32044073502130/460.png"; bbox 0 0 3776 6204; ppageno 0'>
   <div class='ocr_carea' id='block_1_1' title="bbox 202 332 2330 398">
    <p class='ocr_par' dir='ltr' id='par_1_1' title="bbox 202 332 2330 398">
     <span class='ocr_line' id='line_1_1' title="bbox 202 332 2330 398; baseline -0.002 0"><span class='ocrx_word' id='word_1_1' title='bbox 202 332 262 398; x_wconf 67' lang='lat' dir='ltr'><strong>lii</strong></span> <span class='ocrx_word' id='word_1_2' title='bbox 1101 334 1188 396; x_wconf 84' lang='lat' dir='ltr'><strong>IN</strong></span> <span class='ocrx_word' id='word_1_3' title='bbox 1220 334 1743 397; x_wconf 79' lang='lat' dir='ltr'><strong>NATWITATEM</strong></span> <span class='ocrx_word' id='word_1_4' title='bbox 1770 334 1838 396; x_wconf 87' lang='lat' dir='ltr'><strong>B.</strong></span> <span class='ocrx_word' id='word_1_5' title='bbox 1883 333 2170 395; x_wconf 73' lang='lat' dir='ltr'><strong>MARLE.</strong></span> <span class='ocrx_word' id='word_1_6' title='bbox 2213 333 2330 394; x_wconf 87' lang='lat' dir='ltr'><strong>III.</strong></span> 
     </span>
    </p>
   </div>
   <div class='ocr_carea' id='block_1_2' title="bbox 3251 324 3361 390">
    <p class='ocr_par' dir='ltr' id='par_1_2' title="bbox 3251 324 3361 390">
     <span class='ocr_line' id='line_1_2' title="bbox 3251 324 3361 390; baseline 0 0"><span class='ocrx_word' id='word_1_7' title='bbox 3251 324 3361 390; x_wconf 82' lang='lat'><strong>850</strong></span> 
     </span>
    </p>
   </div>
   <div class='ocr_carea' id='block_1_3' title="bbox 201 437 1702 518">
    <p class='ocr_par' dir='ltr' id='par_1_3' title="bbox 201 442 1683 518">
     <span class='ocr_line' id='line_1_3' title="bbox 201 442 1683 518; baseline 0.001 -18"><span class='ocrx_word' id='word_1_8' title='bbox 201 443 337 500; x_wconf 76' lang='grc' dir='ltr'>’Δλλόὐ</span> <span class='ocrx_word' id='word_1_9' title='bbox 352 442 512 516; x_wconf 74' lang='grc' dir='ltr'>μέχρι</span> <span class='ocrx_word' id='word_1_10' title='bbox 529 442 722 497; x_wconf 81' lang='grc' dir='ltr'>τούτου</span> <span class='ocrx_word' id='word_1_11' title='bbox 736 442 885 514; x_wconf 69' lang='grc' dir='ltr'><strong>ἔστη.</strong></span> <span class='ocrx_word' id='word_1_12' title='bbox 907 445 1129 517; x_wconf 79' lang='grc' dir='ltr'>Προύδη</span> <span class='ocrx_word' id='word_1_13' title='bbox 1146 448 1256 518; x_wconf 83' lang='grc' dir='ltr'><strong>γάρ</strong></span> <span class='ocrx_word' id='word_1_14' title='bbox 1276 451 1306 503; x_wconf 79' lang='grc' dir='ltr'>ὁ</span> <span class='ocrx_word' id='word_1_15' title='bbox 1330 447 1488 517; x_wconf 82' lang='grc' dir='ltr'>λόγος</span> <span class='ocrx_word' id='word_1_16' title='bbox 1509 448 1683 518; x_wconf 82' lang='grc' dir='ltr'>αὐτῷ,</span> 
     </span>
    </p>
   </div>
   <div class='ocr_carea' id='block_1_4' title="bbox 1894 437 3369 518">
    <p class='ocr_par' dir='ltr' id='par_1_4' title="bbox 1894 437 3369 515">
     <span class='ocr_line' id='line_1_4' title="bbox 1894 437 3369 515; baseline -0.007 -13"><span class='ocrx_word' id='word_1_17' title='bbox 1894 448 2066 502; x_wconf 79' lang='lat' dir='ltr'><strong>sistit.</strong></span> <span class='ocrx_word' id='word_1_18' title='bbox 2125 445 2340 502; x_wconf 86' lang='lat' dir='ltr'><strong>Etenim</strong></span> <span class='ocrx_word' id='word_1_19' title='bbox 2395 443 2573 515; x_wconf 83' lang='lat' dir='ltr'><strong>ipsius</strong></span> <span class='ocrx_word' id='word_1_20' title='bbox 2620 455 2806 499; x_wconf 85' lang='lat' dir='ltr'><strong>sermo</strong></span> <span class='ocrx_word' id='word_1_21' title='bbox 2852 439 3022 497; x_wconf 76' lang='lat' dir='ltr'><strong>etiam</strong></span> <span class='ocrx_word' id='word_1_22' title='bbox 3065 455 3242 509; x_wconf 86' lang='lat' dir='ltr'><strong>usque</strong></span> <span class='ocrx_word' id='word_1_23' title='bbox 3301 437 3369 493; x_wconf 82' lang='lat' dir='ltr'><strong>ad</strong></span> 
     </span>
    </p>
   </div>
   <div class='ocr_carea' id='block_1_5' title="bbox 200 530 1702 611">
    <p class='ocr_par' dir='ltr' id='par_1_5' title="bbox 200 533 1693 609">
     <span class='ocr_line' id='line_1_5' title="bbox 200 533 1693 609; baseline 0.001 -19"><span class='ocrx_word' id='word_1_24' title='bbox 200 535 398 607; x_wconf 75' lang='grc' dir='ltr'><strong>καὶμέχρι</strong></span> <span class='ocrx_word' id='word_1_25' title='bbox 432 533 533 588; x_wconf 77' lang='grc' dir='ltr'><strong>τοῦ</strong></span> <span class='ocrx_word' id='word_1_26' title='bbox 561 536 664 605; x_wconf 81' lang='grc' dir='ltr'>τῆς</span> <span class='ocrx_word' id='word_1_27' title='bbox 698 534 976 607; x_wconf 77' lang='grc' dir='ltr'><strong>Παρθένου</strong></span> <span class='ocrx_word' id='word_1_28' title='bbox 1024 537 1361 609; x_wconf 80' lang='grc' dir='ltr'><strong>μνηστῆρος.</strong></span> <span class='ocrx_word' id='word_1_29' title='bbox 1395 538 1609 602; x_wconf 79' lang='grc' dir='ltr'><strong>Λουκᾶς</strong></span> <span class='ocrx_word' id='word_1_30' title='bbox 1634 538 1693 592; x_wconf 73' lang='grc' dir='ltr'>δὲ</span> 
     </span>
    </p>
   </div>
   <div class='ocr_carea' id='block_1_6' title="bbox 1894 530 3369 611">
    <p class='ocr_par' dir='ltr' id='par_1_6' title="bbox 1894 530 3369 611">
     <span class='ocr_line' id='line_1_6' title="bbox 1894 530 3369 611; baseline -0.007 -19"><span class='ocrx_word' id='word_1_31' title='bbox 1894 538 2038 611; x_wconf 89' lang='lat' dir='ltr'><strong>ginis</strong></span> <span class='ocrx_word' id='word_1_32' title='bbox 2089 550 2353 608; x_wconf 86' lang='lat' dir='ltr'><strong>sponsum</strong></span> <span class='ocrx_word' id='word_1_33' title='bbox 2402 548 2730 606; x_wconf 83' lang='lat' dir='ltr'><strong>progressus</strong></span> <span class='ocrx_word' id='word_1_34' title='bbox 2783 541 2889 587; x_wconf 85' lang='lat' dir='ltr'><strong>est.</strong></span> <span class='ocrx_word' id='word_1_35' title='bbox 2943 530 3125 587; x_wconf 73' lang='lat' dir='ltr'><strong>Lucas</strong></span> <span class='ocrx_word' id='word_1_36' title='bbox 3153 540 3369 591; x_wconf 87' lang='lat' dir='ltr'><strong>autem,</strong></span> 
     </span>
    </p>
   </div>
   <div class='ocr_carea' id='block_1_7' title="bbox 198 620 1702 702">
    <p class='ocr_par' dir='ltr' id='par_1_7' title="bbox 198 620 1693 696">
     <span class='ocr_line' id='line_1_7' title="bbox 198 620 1693 696; baseline -0.001 -18"><span class='ocrx_word' id='word_1_37' title='bbox 198 625 283 695; x_wconf 73' lang='grc' dir='ltr'>μετὰ</span> <span class='ocrx_word' id='word_1_38' title='bbox 300 625 379 695; x_wconf 69' lang='grc' dir='ltr'>τὴν</span> <span class='ocrx_word' id='word_1_39' title='bbox 400 620 549 678; x_wconf 76' lang='grc' dir='ltr'>κατὰ</span> <span class='ocrx_word' id='word_1_40' title='bbox 574 624 638 677; x_wconf 80' lang='grc' dir='ltr'>τὸ</span> <span class='ocrx_word' id='word_1_41' title='bbox 658 622 943 695; x_wconf 80' lang='grc' dir='ltr'><strong>βάπτισμα</strong></span> <span class='ocrx_word' id='word_1_42' title='bbox 987 623 1084 678; x_wconf 82' lang='grc' dir='ltr'>τοῦ</span> <span class='ocrx_word' id='word_1_43' title='bbox 1116 625 1369 696; x_wconf 78' lang='grc' dir='ltr'><strong>Σωτῆρος</strong></span> <span class='ocrx_word' id='word_1_44' title='bbox 1402 623 1693 691; x_wconf 73' lang='grc' dir='ltr'><strong>ἀνάδειξιν,</strong></span> 
     </span>
    </p>
   </div>
   <div class='ocr_carea' id='block_1_8' title="bbox 1894 620 3372 702">
    <p class='ocr_par' dir='ltr' id='par_1_8' title="bbox 1895 623 3372 698">
     <span class='ocr_line' id='line_1_8' title="bbox 1895 623 3372 698; baseline -0.005 -13"><span class='ocrx_word' id='word_1_45' title='bbox 1895 639 1916 685; x_wconf 82' lang='grc' dir='ltr'><strong>ι</strong></span> <span class='ocrx_word' id='word_1_46' title='bbox 1944 629 2251 685; x_wconf 89' lang='lat' dir='ltr'><strong>Salvatoris</strong></span> <span class='ocrx_word' id='word_1_47' title='bbox 2279 628 2335 684; x_wconf 89' lang='lat' dir='ltr'><strong>in</strong></span> <span class='ocrx_word' id='word_1_48' title='bbox 2366 626 2642 698; x_wconf 82' lang='lat' dir='ltr'><strong>baptismo</strong></span> <span class='ocrx_word' id='word_1_49' title='bbox 2668 625 3118 687; x_wconf 86' lang='lat' dir='ltr'><strong>declarationem,</strong></span> <span class='ocrx_word' id='word_1_50' title='bbox 3163 623 3372 677; x_wconf 85' lang='lat' dir='ltr'><strong>oratio-</strong></span> 
     </span>
    </p>
   </div>
   <div class='ocr_carea' id='block_1_9' title="bbox 196 713 1702 788">
    <p class='ocr_par' dir='ltr' id='par_1_9' title="bbox 196 713 1695 788">
     <span class='ocr_line' id='line_1_9' title="bbox 196 713 1695 788; baseline 0.001 -19"><span class='ocrx_word' id='word_1_51' title='bbox 196 715 320 787; x_wconf 72' lang='grc' dir='ltr'>μικρὸν</span> <span class='ocrx_word' id='word_1_52' title='bbox 362 713 527 770; x_wconf 78' lang='grc' dir='ltr'>αὑτοῦ</span> <span class='ocrx_word' id='word_1_53' title='bbox 574 733 677 770; x_wconf 85' lang='grc' dir='ltr'><strong>που</strong></span> <span class='ocrx_word' id='word_1_54' title='bbox 714 716 804 770; x_wconf 76' lang='grc' dir='ltr'>τὸν</span> <span class='ocrx_word' id='word_1_55' title='bbox 858 715 1016 783; x_wconf 84' lang='grc' dir='ltr'>λόγον</span> <span class='ocrx_word' id='word_1_56' title='bbox 1075 715 1468 788; x_wconf 83' lang='grc' dir='ltr'>μετοχετεύων,</span> <span class='ocrx_word' id='word_1_57' title='bbox 1514 716 1695 770; x_wconf 79' lang='grc' dir='ltr'><strong>τοιάδε</strong></span> 
     </span>
    </p>
   </div>
   <div class='ocr_carea' id='block_1_10' title="bbox 1894 713 3372 788">
    <p class='ocr_par' dir='ltr' id='par_1_10' title="bbox 1894 713 3372 782">
     <span class='ocr_line' id='line_1_10' title="bbox 1894 713 3372 782; baseline -0.006 -7"><span class='ocrx_word' id='word_1_58' title='bbox 1894 736 1918 775; x_wconf 85' lang='lat' dir='ltr'><strong>n</strong></span> <span class='ocrx_word' id='word_1_59' title='bbox 1974 735 2130 776; x_wconf 87' lang='lat' dir='ltr'><strong>suam</strong></span> <span class='ocrx_word' id='word_1_60' title='bbox 2186 718 2436 774; x_wconf 84' lang='lat' dir='ltr'><strong>nonnihil</strong></span> <span class='ocrx_word' id='word_1_61' title='bbox 2486 716 2788 782; x_wconf 83' lang='lat' dir='ltr'><strong>derivans,</strong></span> <span class='ocrx_word' id='word_1_62' title='bbox 2834 714 2903 769; x_wconf 89' lang='lat' dir='ltr'><strong>ad</strong></span> <span class='ocrx_word' id='word_1_63' title='bbox 2954 715 3100 768; x_wconf 87' lang='lat' dir='ltr'><strong>hunc</strong></span> <span class='ocrx_word' id='word_1_64' title='bbox 3147 713 3372 767; x_wconf 87' lang='lat' dir='ltr'><strong>modum</strong></span> 
     </span>
    </p>
   </div>
   <div class='ocr_carea' id='block_1_11' title="bbox 194 802 1702 880">
    <p class='ocr_par' dir='ltr' id='par_1_11' title="bbox 194 802 1696 878">
     <span class='ocr_line' id='line_1_11' title="bbox 194 802 1696 878; baseline -0.009 -5"><span class='ocrx_word' id='word_1_65' title='bbox 194 808 357 877; x_wconf 71' lang='grc' dir='ltr'><strong>τράφεν</strong></span> <span class='ocrx_word' id='word_1_66' title='bbox 400 807 506 862; x_wconf 75' lang='grc' dir='ltr'><strong>Ἐν</strong></span> <span class='ocrx_word' id='word_1_67' title='bbox 534 802 650 875; x_wconf 80' lang='grc' dir='ltr'>οἷς,</span> <span class='ocrx_word' id='word_1_68' title='bbox 682 809 837 878; x_wconf 71' lang='grc' dir='ltr'>φησι,</span> <span class='ocrx_word' id='word_1_69' title='bbox 870 808 968 862; x_wconf 72' lang='grc' dir='ltr'><strong>καί</strong></span> <span class='ocrx_word' id='word_1_70' title='bbox 999 807 1181 875; x_wconf 84' lang='grc' dir='ltr'>αὐτὸς</span> <span class='ocrx_word' id='word_1_71' title='bbox 1205 804 1286 878; x_wconf 77' lang='grc' dir='ltr'><strong>ἦν</strong></span> <span class='ocrx_word' id='word_1_72' title='bbox 1324 808 1579 876; x_wconf 79' lang='grc' dir='ltr'><strong>Ἰησοῦς.</strong></span> <span class='ocrx_word' id='word_1_73' title='bbox 1614 808 1696 875; x_wconf 84' lang='grc' dir='ltr'><strong>ὡς</strong></span> 
     </span>
    </p>
   </div>
   <div class='ocr_carea' id='block_1_12' title="bbox 1894 802 3374 880">
    <p class='ocr_par' dir='ltr' id='par_1_12' title="bbox 1894 802 3374 880">
     <span class='ocr_line' id='line_1_12' title="bbox 1894 802 3374 880; baseline -0.008 -12"><span class='ocrx_word' id='word_1_74' title='bbox 1894 812 1986 869; x_wconf 85' lang='lat' dir='ltr'><strong>ibit</strong></span> <span class='ocrx_word' id='word_1_75' title='bbox 2015 830 2028 867; x_wconf 90' lang='lat'>:</span> <span class='ocrx_word' id='word_1_76' title='bbox 2062 810 2208 865; x_wconf 77' lang='lat' dir='ltr'><strong>Inter</strong></span> <span class='ocrx_word' id='word_1_77' title='bbox 2235 825 2387 880; x_wconf 78' lang='lat' dir='ltr'><strong>quos,</strong></span> <span class='ocrx_word' id='word_1_78' title='bbox 2418 808 2620 880; x_wconf 86' lang='lat' dir='ltr'><strong>inquit,</strong></span> <span class='ocrx_word' id='word_1_79' title='bbox 2657 802 2819 862; x_wconf 74' lang='lat' dir='ltr'><strong>etiam</strong></span> <span class='ocrx_word' id='word_1_80' title='bbox 2848 805 3007 861; x_wconf 77' lang='lat' dir='ltr'><strong>Iesus</strong></span> <span class='ocrx_word' id='word_1_81' title='bbox 3038 816 3177 868; x_wconf 88' lang='lat' dir='ltr'><strong>erat,</strong></span> <span class='ocrx_word' id='word_1_82' title='bbox 3206 820 3374 858; x_wconf 82' lang='lat' dir='ltr'><strong>anno-</strong></span> 
     </span>
    </p>
   </div>
   <div class='ocr_carea' id='block_1_13' title="bbox 192 896 1696 970">
    <p class='ocr_par' dir='ltr' id='par_1_13' title="bbox 192 896 1696 970">
     <span class='ocr_line' id='line_1_13' title="bbox 192 896 1696 970; baseline 0.001 -19"><span class='ocrx_word' id='word_1_83' title='bbox 192 897 289 952; x_wconf 68' lang='grc' dir='ltr'><strong>ἑτῶν</strong></span> <span class='ocrx_word' id='word_1_84' title='bbox 314 896 649 966; x_wconf 75' lang='grc' dir='ltr'>τριάκοντα,</span> <span class='ocrx_word' id='word_1_85' title='bbox 696 899 1034 970; x_wconf 79' lang='grc' dir='ltr'><strong>ἀρχόμενος</strong></span> <span class='ocrx_word' id='word_1_86' title='bbox 1088 898 1194 964; x_wconf 77' lang='grc' dir='ltr'><strong>ὢν,</strong></span> <span class='ocrx_word' id='word_1_87' title='bbox 1246 898 1330 966; x_wconf 84' lang='grc' dir='ltr'>ὡς</span> <span class='ocrx_word' id='word_1_88' title='bbox 1373 898 1696 969; x_wconf 68' lang='grc' dir='ltr'>ἐνομίζετο,</span> 
     </span>
    </p>
   </div>
   <div class='ocr_carea' id='block_1_14' title="bbox 1796 896 3370 973">
    <p class='ocr_par' dir='ltr' id='par_1_14' title="bbox 1796 896 3370 973">
     <span class='ocr_line' id='line_1_14' title="bbox 1796 896 3370 973; baseline -0.007 -14"><span class='ocrx_word' id='word_1_89' title='bbox 1796 919 1915 959; x_wconf 78' lang='lat' dir='ltr'><strong>rum</strong></span> <span class='ocrx_word' id='word_1_90' title='bbox 1957 903 2111 973; x_wconf 76' lang='lat' dir='ltr'><strong>quasi</strong></span> <span class='ocrx_word' id='word_1_91' title='bbox 2165 903 2391 972; x_wconf 75' lang='lat' dir='ltr'><strong>triginta</strong></span> <span class='ocrx_word' id='word_1_92' title='bbox 2448 901 2704 967; x_wconf 74' lang='lat' dir='ltr'><strong>incipiens</strong></span> <span class='ocrx_word' id='word_1_93' title='bbox 2756 914 2893 962; x_wconf 80' lang='lat' dir='ltr'><strong>esse,</strong></span> <span class='ocrx_word' id='word_1_94' title='bbox 2947 910 3007 952; x_wconf 79' lang='lat' dir='ltr'><strong>ut</strong></span> <span class='ocrx_word' id='word_1_95' title='bbox 3055 896 3370 965; x_wconf 71' lang='lat' dir='ltr'><strong>putabatur,</strong></span> 
     </span>
    </p>
   </div>
   <div class='ocr_carea' id='block_1_15' title="bbox 190 987 1702 1068">
    <p class='ocr_par' dir='ltr' id='par_1_15' title="bbox 190 989 1694 1061">
     <span class='ocr_line' id='line_1_15' title="bbox 190 989 1694 1061; baseline 0.001 -18"><span class='ocrx_word' id='word_1_96' title='bbox 190 991 493 1061; x_wconf 74' lang='grc' dir='ltr'>υίόςἸωσὴςο</span> <span class='ocrx_word' id='word_1_97' title='bbox 519 990 628 1045; x_wconf 85' lang='grc' dir='ltr'>τοῦ</span> <span class='ocrx_word' id='word_1_98' title='bbox 679 989 856 1057; x_wconf 70' lang='grc' dir='ltr'>Ἠλεί,</span> <span class='ocrx_word' id='word_1_99' title='bbox 881 990 989 1045; x_wconf 83' lang='grc' dir='ltr'>τοῦ</span> <span class='ocrx_word' id='word_1_100' title='bbox 1026 989 1273 1047; x_wconf 80' lang='grc' dir='ltr'>Ματθάν</span> <span class='ocrx_word' id='word_1_101' title='bbox 1294 1031 1311 1058; x_wconf 96' lang='grc'><strong>,</strong></span> <span class='ocrx_word' id='word_1_102' title='bbox 1364 990 1473 1045; x_wconf 80' lang='grc' dir='ltr'>τοῦ</span> <span class='ocrx_word' id='word_1_103' title='bbox 1528 992 1694 1058; x_wconf 82' lang='grc' dir='ltr'>Λευτ,</span> 
     </span>
    </p>
   </div>
   <div class='ocr_carea' id='block_1_16' title="bbox 1894 987 3372 1068">
    <p class='ocr_par' dir='ltr' id='par_1_16' title="bbox 1894 987 3372 1065">
     <span class='ocr_line' id='line_1_16' title="bbox 1894 987 3372 1065; baseline -0.008 -14"><span class='ocrx_word' id='word_1_104' title='bbox 1894 1013 1940 1051; x_wconf 80' lang='lat' dir='ltr'><strong>ts</strong></span> <span class='ocrx_word' id='word_1_105' title='bbox 1974 994 2197 1065; x_wconf 75' lang='lat' dir='ltr'><strong>Ioseph,</strong></span> <span class='ocrx_word' id='word_1_106' title='bbox 2227 994 2317 1065; x_wconf 77' lang='lat' dir='ltr'><strong>qui</strong></span> <span class='ocrx_word' id='word_1_107' title='bbox 2353 994 2453 1064; x_wconf 78' lang='lat' dir='ltr'><strong>fuit</strong></span> <span class='ocrx_word' id='word_1_108' title='bbox 2493 992 2639 1052; x_wconf 77' lang='lat' dir='ltr'><strong>Heli.</strong></span> <span class='ocrx_word' id='word_1_109' title='bbox 2693 991 2784 1062; x_wconf 87' lang='lat' dir='ltr'><strong>qui</strong></span> <span class='ocrx_word' id='word_1_110' title='bbox 2827 989 2932 1060; x_wconf 78' lang='lat' dir='ltr'><strong>fuit</strong></span> <span class='ocrx_word' id='word_1_111' title='bbox 2980 987 3231 1059; x_wconf 74' lang='lat' dir='ltr'><strong>Mathan,</strong></span> <span class='ocrx_word' id='word_1_112' title='bbox 3283 990 3372 1057; x_wconf 85' lang='lat' dir='ltr'><strong>qui</strong></span> 
     </span>
    </p>
   </div>
   <div class='ocr_carea' id='block_1_17' title="bbox 190 1080 1697 1154">
    <p class='ocr_par' dir='ltr' id='par_1_17' title="bbox 190 1080 1697 1154">
     <span class='ocr_line' id='line_1_17' title="bbox 190 1080 1697 1154; baseline 0.001 -19"><span class='ocrx_word' id='word_1_113' title='bbox 190 1080 259 1135; x_wconf 80' lang='grc' dir='ltr'><strong>τοῦ</strong></span> <span class='ocrx_word' id='word_1_114' title='bbox 282 1080 475 1149; x_wconf 70' lang='grc' dir='ltr'><strong>Πελχὶ,</strong></span> <span class='ocrx_word' id='word_1_115' title='bbox 498 1081 596 1136; x_wconf 78' lang='grc' dir='ltr'>καὶ</span> <span class='ocrx_word' id='word_1_116' title='bbox 625 1081 756 1151; x_wconf 78' lang='grc' dir='ltr'><strong>ἑξῆς</strong></span> <span class='ocrx_word' id='word_1_117' title='bbox 781 1082 923 1136; x_wconf 84' lang='grc' dir='ltr'>κατὰ</span> <span class='ocrx_word' id='word_1_118' title='bbox 950 1081 1253 1152; x_wconf 76' lang='grc' dir='ltr'>ἀναφορὰν,</span> <span class='ocrx_word' id='word_1_119' title='bbox 1296 1081 1404 1146; x_wconf 76' lang='grc' dir='ltr'><strong>ἓως</strong></span> <span class='ocrx_word' id='word_1_120' title='bbox 1438 1082 1534 1136; x_wconf 81' lang='grc' dir='ltr'><strong>τοῦ</strong></span> <span class='ocrx_word' id='word_1_121' title='bbox 1565 1082 1697 1154; x_wconf 81' lang='grc' dir='ltr'>Σὴθ,</span> 
     </span>
    </p>
   </div>
   <div class='ocr_carea' id='block_1_18' title="bbox 185 1162 1698 1242">
    <p class='ocr_par' dir='ltr' id='par_1_18' title="bbox 185 1162 1698 1242">
     <span class='ocr_line' id='line_1_18' title="bbox 185 1162 1698 1242; baseline -0.002 -14"><span class='ocrx_word' id='word_1_122' title='bbox 185 1173 255 1228; x_wconf 79' lang='grc' dir='ltr'>τοῦ</span> <span class='ocrx_word' id='word_1_123' title='bbox 273 1171 455 1242; x_wconf 78' lang='grc' dir='ltr'>Ἀδὰμ,</span> <span class='ocrx_word' id='word_1_124' title='bbox 481 1174 592 1227; x_wconf 81' lang='grc' dir='ltr'>τοῦ</span> <span class='ocrx_word' id='word_1_125' title='bbox 626 1171 797 1227; x_wconf 84' lang='grc' dir='ltr'><strong>Θεοῦ.</strong></span> <span class='ocrx_word' id='word_1_126' title='bbox 821 1173 936 1226; x_wconf 75' lang='grc' dir='ltr'><strong>Οὐκ</strong></span> <span class='ocrx_word' id='word_1_127' title='bbox 954 1173 1140 1241; x_wconf 80' lang='grc' dir='ltr'>ἀγνοεῖ</span> <span class='ocrx_word' id='word_1_128' title='bbox 1159 1171 1204 1227; x_wconf 78' lang='grc' dir='ltr'>δ’</span> <span class='ocrx_word' id='word_1_129' title='bbox 1224 1167 1319 1226; x_wconf 81' lang='grc' dir='ltr'>οὖν</span> <span class='ocrx_word' id='word_1_130' title='bbox 1352 1172 1447 1241; x_wconf 81' lang='grc' dir='ltr'>ὅγε</span> <span class='ocrx_word' id='word_1_131' title='bbox 1469 1162 1698 1242; x_wconf 72' lang='grc' dir='ltr'>φιλόπο-</span> 
     </span>
    </p>
   </div>
   <div class='ocr_carea' id='block_1_19' title="bbox 185 1263 1699 1336">
    <p class='ocr_par' dir='ltr' id='par_1_19' title="bbox 185 1263 1699 1336">
     <span class='ocr_line' id='line_1_19' title="bbox 185 1263 1699 1336; baseline 0 -18"><span class='ocrx_word' id='word_1_132' title='bbox 185 1276 242 1327; x_wconf 74' lang='grc' dir='ltr'>νος</span> <span class='ocrx_word' id='word_1_133' title='bbox 265 1263 366 1327; x_wconf 76' lang='grc' dir='ltr'>νοῦς</span> <span class='ocrx_word' id='word_1_134' title='bbox 389 1264 498 1318; x_wconf 84' lang='grc' dir='ltr'><strong>τῶν</strong></span> <span class='ocrx_word' id='word_1_135' title='bbox 530 1263 944 1336; x_wconf 76' lang='grc' dir='ltr'>ὲξητασμένων,</span> <span class='ocrx_word' id='word_1_136' title='bbox 970 1265 1047 1329; x_wconf 81' lang='grc' dir='ltr'><strong>ὡς</strong></span> <span class='ocrx_word' id='word_1_137' title='bbox 1074 1266 1201 1328; x_wconf 77' lang='grc' dir='ltr'>τοὺς</span> <span class='ocrx_word' id='word_1_138' title='bbox 1241 1266 1341 1335; x_wconf 76' lang='grc' dir='ltr'>μὶν</span> <span class='ocrx_word' id='word_1_139' title='bbox 1369 1263 1513 1319; x_wconf 80' lang='grc' dir='ltr'>κατὰ</span> <span class='ocrx_word' id='word_1_140' title='bbox 1532 1264 1699 1336; x_wconf 86' lang='grc' dir='ltr'>νόμον</span> 
     </span>
    </p>
   </div>
   <div class='ocr_carea' id='block_1_20' title="bbox 181 1353 1701 1428">
    <p class='ocr_par' dir='ltr' id='par_1_20' title="bbox 181 1353 1701 1428">
     <span class='ocr_line' id='line_1_20' title="bbox 181 1353 1701 1428; baseline 0.001 -20"><span class='ocrx_word' id='word_1_141' title='bbox 181 1356 366 1426; x_wconf 68' lang='grc' dir='ltr'>πατέρας</span> <span class='ocrx_word' id='word_1_142' title='bbox 395 1353 643 1418; x_wconf 73' lang='grc' dir='ltr'><strong>ἐκείνους</strong></span> <span class='ocrx_word' id='word_1_143' title='bbox 675 1357 743 1426; x_wconf 85' lang='grc' dir='ltr'><strong>τῇ</strong></span> <span class='ocrx_word' id='word_1_144' title='bbox 796 1355 991 1428; x_wconf 73' lang='grc' dir='ltr'>Γραφῇ</span> <span class='ocrx_word' id='word_1_145' title='bbox 1056 1355 1243 1410; x_wconf 78' lang='grc' dir='ltr'>καλεῖν</span> <span class='ocrx_word' id='word_1_146' title='bbox 1278 1354 1529 1425; x_wconf 78' lang='grc' dir='ltr'>σύνηθες,</span> <span class='ocrx_word' id='word_1_147' title='bbox 1571 1356 1701 1419; x_wconf 77' lang='grc' dir='ltr'>τοὺς</span> 
     </span>
    </p>
   </div>
   <div class='ocr_carea' id='block_1_21' title="bbox 177 1445 1699 1518">
    <p class='ocr_par' dir='ltr' id='par_1_21' title="bbox 177 1445 1699 1518">
     <span class='ocr_line' id='line_1_21' title="bbox 177 1445 1699 1518; baseline 0 -18"><span class='ocrx_word' id='word_1_148' title='bbox 177 1447 484 1517; x_wconf 69' lang='grc' dir='ltr'>προοανόντας</span> <span class='ocrx_word' id='word_1_149' title='bbox 545 1446 646 1518; x_wconf 76' lang='grc' dir='ltr'>μὲν</span> <span class='ocrx_word' id='word_1_150' title='bbox 687 1447 952 1513; x_wconf 72' lang='grc' dir='ltr'>ἄπαιδας,</span> <span class='ocrx_word' id='word_1_151' title='bbox 993 1446 1137 1518; x_wconf 82' lang='grc' dir='ltr'>πλὴν</span> <span class='ocrx_word' id='word_1_152' title='bbox 1186 1445 1699 1517; x_wconf 85' lang='grc' dir='ltr'>παιδοθετηθέντας,</span> 
     </span>
    </p>
   </div>
   <div class='ocr_carea' id='block_1_22' title="bbox 179 1534 1702 1610">
    <p class='ocr_par' dir='ltr' id='par_1_22' title="bbox 179 1534 1702 1610">
     <span class='ocr_line' id='line_1_22' title="bbox 179 1534 1702 1610; baseline 0.001 -19"><span class='ocrx_word' id='word_1_153' title='bbox 179 1534 223 1591; x_wconf 84' lang='grc' dir='ltr'>δι’</span> <span class='ocrx_word' id='word_1_154' title='bbox 246 1539 633 1610; x_wconf 74' lang='grc' dir='ltr'>ἁδελφοσπόρου</span> <span class='ocrx_word' id='word_1_155' title='bbox 667 1538 830 1608; x_wconf 83' lang='grc' dir='ltr'>γονῆς</span> <span class='ocrx_word' id='word_1_156' title='bbox 893 1538 1031 1610; x_wconf 82' lang='grc' dir='ltr'>μετά</span> <span class='ocrx_word' id='word_1_157' title='bbox 1053 1537 1343 1610; x_wconf 74' lang='grc' dir='ltr'><strong>κοίμησιν⁸</strong></span> <span class='ocrx_word' id='word_1_158' title='bbox 1375 1540 1502 1601; x_wconf 81' lang='grc' dir='ltr'>τοὺς</span> <span class='ocrx_word' id='word_1_159' title='bbox 1528 1538 1588 1592; x_wconf 82' lang='grc' dir='ltr'><strong>δέ</strong></span> <span class='ocrx_word' id='word_1_160' title='bbox 1617 1556 1702 1594; x_wconf 89' lang='grc' dir='ltr'><strong>τοι</strong></span> 
     </span>
    </p>
   </div>
   <div class='ocr_carea' id='block_1_23' title="bbox 180 1630 1703 1703">
    <p class='ocr_par' dir='ltr' id='par_1_23' title="bbox 180 1630 1703 1703">
     <span class='ocr_line' id='line_1_23' title="bbox 180 1630 1703 1703; baseline 0.001 -19"><span class='ocrx_word' id='word_1_161' title='bbox 180 1630 278 1684; x_wconf 60' lang='lat' dir='ltr'><strong>uti</strong></span> <span class='ocrx_word' id='word_1_162' title='bbox 298 1630 473 1700; x_wconf 77' lang='grc' dir='ltr'>φύσιν,</span> <span class='ocrx_word' id='word_1_163' title='bbox 503 1630 774 1697; x_wconf 70' lang='grc' dir='ltr'>ἐκείνους,</span> <span class='ocrx_word' id='word_1_164' title='bbox 826 1630 878 1684; x_wconf 72' lang='grc' dir='ltr'>οἳ</span> <span class='ocrx_word' id='word_1_165' title='bbox 922 1632 1160 1701; x_wconf 85' lang='grc' dir='ltr'>μάλιστα</span> <span class='ocrx_word' id='word_1_166' title='bbox 1193 1632 1291 1703; x_wconf 74' lang='grc' dir='ltr'>μὲν</span> <span class='ocrx_word' id='word_1_167' title='bbox 1318 1631 1530 1695; x_wconf 70' lang='grc' dir='ltr'>ἑαυτοῖς</span> <span class='ocrx_word' id='word_1_168' title='bbox 1565 1632 1703 1702; x_wconf 79' lang='grc' dir='ltr'>πρὸς</span> 
     </span>
    </p>
   </div>
   <div class='ocr_carea' id='block_1_24' title="bbox 175 1720 1700 1797">
    <p class='ocr_par' dir='ltr' id='par_1_24' title="bbox 175 1720 1700 1797">
     <span class='ocr_line' id='line_1_24' title="bbox 175 1720 1700 1797; baseline 0.001 -21"><span class='ocrx_word' id='word_1_169' title='bbox 175 1720 371 1793; x_wconf 73' lang='grc' dir='ltr'>διαδοχὴν</span> <span class='ocrx_word' id='word_1_170' title='bbox 399 1721 497 1776; x_wconf 83' lang='grc' dir='ltr'>τοῦ</span> <span class='ocrx_word' id='word_1_171' title='bbox 534 1721 731 1793; x_wconf 85' lang='grc' dir='ltr'>γένους</span> <span class='ocrx_word' id='word_1_172' title='bbox 747 1722 935 1794; x_wconf 72' lang='grc' dir='ltr'>οἰκείῳ</span> <span class='ocrx_word' id='word_1_173' title='bbox 968 1723 1157 1797; x_wconf 82' lang='grc' dir='ltr'>σπόρῳ</span> <span class='ocrx_word' id='word_1_174' title='bbox 1189 1723 1700 1793; x_wconf 72' lang='grc' dir='ltr'>ὶπαιδοποιήσαντο,</span> 
     </span>
    </p>
   </div>
   <div class='ocr_carea' id='block_1_25' title="bbox 1797 1082 3375 1162">
    <p class='ocr_par' dir='ltr' id='par_1_25' title="bbox 1797 1082 3375 1162">
     <span class='ocr_line' id='line_1_25' title="bbox 1797 1082 3375 1162; baseline -0.008 -18"><span class='ocrx_word' id='word_1_175' title='bbox 1797 1090 1901 1162; x_wconf 78' lang='lat' dir='ltr'><strong>fuit</strong></span> <span class='ocrx_word' id='word_1_176' title='bbox 1931 1089 2074 1153; x_wconf 78' lang='lat' dir='ltr'><strong>Levi,</strong></span> <span class='ocrx_word' id='word_1_177' title='bbox 2109 1091 2200 1161; x_wconf 84' lang='lat' dir='ltr'><strong>qui</strong></span> <span class='ocrx_word' id='word_1_178' title='bbox 2233 1088 2337 1158; x_wconf 78' lang='lat' dir='ltr'><strong>fuit</strong></span> <span class='ocrx_word' id='word_1_179' title='bbox 2371 1085 2592 1146; x_wconf 62' lang='lat' dir='ltr'><strong>Metelli,</strong></span> <span class='ocrx_word' id='word_1_180' title='bbox 2630 1096 2684 1141; x_wconf 90' lang='lat' dir='ltr'><strong>et</strong></span> <span class='ocrx_word' id='word_1_181' title='bbox 2721 1085 2801 1140; x_wconf 77' lang='lat' dir='ltr'><strong>sic</strong></span> <span class='ocrx_word' id='word_1_182' title='bbox 2832 1083 3094 1150; x_wconf 85' lang='lat' dir='ltr'><strong>deinceps</strong></span> <span class='ocrx_word' id='word_1_183' title='bbox 3125 1084 3181 1136; x_wconf 91' lang='lat' dir='ltr'><strong>in</strong></span> <span class='ocrx_word' id='word_1_184' title='bbox 3208 1082 3375 1135; x_wconf 89' lang='lat' dir='ltr'><strong>altum</strong></span> 
     </span>
    </p>
   </div>
   <div class='ocr_carea' id='block_1_26' title="bbox 1798 1172 3377 1252">
    <p class='ocr_par' dir='ltr' id='par_1_26' title="bbox 1798 1172 3377 1252">
     <span class='ocr_line' id='line_1_26' title="bbox 1798 1172 3377 1252; baseline -0.009 -12"><span class='ocrx_word' id='word_1_185' title='bbox 1798 1181 2149 1240; x_wconf 80' lang='lat' dir='ltr'><strong>ascendendo</strong></span> <span class='ocrx_word' id='word_1_186' title='bbox 2197 1195 2374 1252; x_wconf 88' lang='lat' dir='ltr'><strong>usque</strong></span> <span class='ocrx_word' id='word_1_187' title='bbox 2396 1178 2484 1233; x_wconf 56' lang='lat' dir='ltr'><strong>\ad</strong></span> <span class='ocrx_word' id='word_1_188' title='bbox 2526 1178 2685 1241; x_wconf 87' lang='lat' dir='ltr'><strong>Setb,</strong></span> <span class='ocrx_word' id='word_1_189' title='bbox 2716 1176 2807 1248; x_wconf 80' lang='lat' dir='ltr'><strong>qui</strong></span> <span class='ocrx_word' id='word_1_190' title='bbox 2835 1176 2941 1245; x_wconf 77' lang='lat' dir='ltr'><strong>fuit</strong></span> <span class='ocrx_word' id='word_1_191' title='bbox 2969 1172 3117 1240; x_wconf 66' lang='lat' dir='ltr'><strong>Adae,</strong></span> <span class='ocrx_word' id='word_1_192' title='bbox 3151 1174 3242 1243; x_wconf 84' lang='lat' dir='ltr'><strong>qui</strong></span> <span class='ocrx_word' id='word_1_193' title='bbox 3277 1174 3377 1241; x_wconf 82' lang='lat' dir='ltr'><strong>fuit</strong></span> 
     </span>
    </p>
   </div>
   <div class='ocr_carea' id='block_1_27' title="bbox 1799 1266 3379 1344">
    <p class='ocr_par' dir='ltr' id='par_1_27' title="bbox 1799 1266 3379 1344">
     <span class='ocr_line' id='line_1_27' title="bbox 1799 1266 3379 1344; baseline -0.008 -13"><span class='ocrx_word' id='word_1_194' title='bbox 1799 1275 1898 1331; x_wconf 86' lang='lat' dir='ltr'><strong>Dei</strong></span> <span class='ocrx_word' id='word_1_195' title='bbox 1932 1274 1976 1328; x_wconf 69' lang='grc' dir='ltr'><strong>τ.</strong></span> <span class='ocrx_word' id='word_1_196' title='bbox 2007 1273 2147 1329; x_wconf 83' lang='lat' dir='ltr'><strong>Illud</strong></span> <span class='ocrx_word' id='word_1_197' title='bbox 2177 1288 2344 1344; x_wconf 90' lang='lat' dir='ltr'><strong>porro</strong></span> <span class='ocrx_word' id='word_1_198' title='bbox 2383 1270 2612 1326; x_wconf 90' lang='lat' dir='ltr'><strong>minime</strong></span> <span class='ocrx_word' id='word_1_199' title='bbox 2641 1271 2877 1340; x_wconf 85' lang='lat' dir='ltr'><strong>ignorat,</strong></span> <span class='ocrx_word' id='word_1_200' title='bbox 2903 1268 3158 1337; x_wconf 81' lang='lat' dir='ltr'><strong>quisquis</strong></span> <span class='ocrx_word' id='word_1_201' title='bbox 3190 1266 3379 1320; x_wconf 79' lang='lat' dir='ltr'><strong>sedula</strong></span> 
     </span>
    </p>
   </div>
   <div class='ocr_carea' id='block_1_28' title="bbox 1799 1359 3446 1437">
    <p class='ocr_par' dir='ltr' id='par_1_28' title="bbox 1799 1359 3446 1437">
     <span class='ocr_line' id='line_1_28' title="bbox 1799 1359 3446 1437; baseline -0.007 -14"><span class='ocrx_word' id='word_1_202' title='bbox 1799 1377 1853 1423; x_wconf 90' lang='lat' dir='ltr'><strong>et</strong></span> <span class='ocrx_word' id='word_1_203' title='bbox 1900 1367 2177 1437; x_wconf 77' lang='lat' dir='ltr'><strong>exquisita</strong></span> <span class='ocrx_word' id='word_1_204' title='bbox 2223 1373 2405 1420; x_wconf 86' lang='lat' dir='ltr'><strong>mente</strong></span> <span class='ocrx_word' id='word_1_205' title='bbox 2438 1365 2700 1435; x_wconf 66' lang='lat' dir='ltr'><strong>praeditus</strong></span> <span class='ocrx_word' id='word_1_206' title='bbox 2729 1372 2837 1429; x_wconf 86' lang='lat' dir='ltr'><strong>est,</strong></span> <span class='ocrx_word' id='word_1_207' title='bbox 2861 1378 2925 1418; x_wconf 77' lang='lat' dir='ltr'><strong>ex</strong></span> <span class='ocrx_word' id='word_1_208' title='bbox 2952 1377 3055 1417; x_wconf 88' lang='lat' dir='ltr'><strong>usu</strong></span> <span class='ocrx_word' id='word_1_209' title='bbox 3086 1359 3383 1429; x_wconf 77' lang='lat' dir='ltr'><strong>Scriptura:</strong></span> <span class='ocrx_word' id='word_1_210' title='bbox 3442 1368 3446 1375; x_wconf 85' lang='lat'><strong>‘</strong></span> 
     </span>
    </p>
   </div>
   <div class='ocr_carea' id='block_1_29' title="bbox 1798 1450 3379 1526">
    <p class='ocr_par' dir='ltr' id='par_1_29' title="bbox 1798 1450 3379 1526">
     <span class='ocr_line' id='line_1_29' title="bbox 1798 1450 3379 1526; baseline -0.009 -14"><span class='ocrx_word' id='word_1_211' title='bbox 1798 1470 1943 1523; x_wconf 89' lang='lat' dir='ltr'><strong>esse,</strong></span> <span class='ocrx_word' id='word_1_212' title='bbox 1993 1454 2195 1526; x_wconf 77' lang='lat' dir='ltr'><strong>legales</strong></span> <span class='ocrx_word' id='word_1_213' title='bbox 2243 1460 2428 1524; x_wconf 82' lang='lat' dir='ltr'><strong>patres</strong></span> <span class='ocrx_word' id='word_1_214' title='bbox 2473 1468 2571 1509; x_wconf 91' lang='lat' dir='ltr'><strong>eos</strong></span> <span class='ocrx_word' id='word_1_215' title='bbox 2626 1451 2847 1506; x_wconf 92' lang='lat' dir='ltr'><strong>demum</strong></span> <span class='ocrx_word' id='word_1_216' title='bbox 2908 1450 3225 1521; x_wconf 87' lang='lat' dir='ltr'><strong>appellare,</strong></span> <span class='ocrx_word' id='word_1_217' title='bbox 3263 1450 3379 1518; x_wconf 76' lang='lat' dir='ltr'><strong>qui,</strong></span> 
     </span>
    </p>
   </div>
   <div class='ocr_carea' id='block_1_30' title="bbox 1800 1542 3382 1621">
    <p class='ocr_par' dir='ltr' id='par_1_30' title="bbox 1800 1542 3382 1621">
     <span class='ocr_line' id='line_1_30' title="bbox 1800 1542 3382 1621; baseline -0.006 -19"><span class='ocrx_word' id='word_1_218' title='bbox 1800 1547 2049 1621; x_wconf 80' lang='lat' dir='ltr'><strong>quamvis</strong></span> <span class='ocrx_word' id='word_1_219' title='bbox 2073 1546 2195 1604; x_wconf 80' lang='lat' dir='ltr'><strong>sine</strong></span> <span class='ocrx_word' id='word_1_220' title='bbox 2225 1544 2418 1601; x_wconf 90' lang='lat' dir='ltr'><strong>liberis</strong></span> <span class='ocrx_word' id='word_1_221' title='bbox 2456 1559 2487 1600; x_wconf 88' lang='lat' dir='ltr'><strong>e</strong></span> <span class='ocrx_word' id='word_1_222' title='bbox 2527 1544 2639 1601; x_wconf 83' lang='lat' dir='ltr'><strong>vita</strong></span> <span class='ocrx_word' id='word_1_223' title='bbox 2667 1542 3032 1607; x_wconf 87' lang='lat' dir='ltr'><strong>decesserint,</strong></span> <span class='ocrx_word' id='word_1_224' title='bbox 3067 1551 3249 1596; x_wconf 88' lang='lat' dir='ltr'><strong>tamen</strong></span> <span class='ocrx_word' id='word_1_225' title='bbox 3287 1556 3382 1610; x_wconf 86' lang='lat' dir='ltr'><strong>per</strong></span> 
     </span>
    </p>
   </div>
   <div class='ocr_carea' id='block_1_31' title="bbox 1802 1636 3380 1705">
    <p class='ocr_par' dir='ltr' id='par_1_31' title="bbox 1802 1636 3380 1705">
     <span class='ocr_line' id='line_1_31' title="bbox 1802 1636 3380 1705; baseline -0.006 -10"><span class='ocrx_word' id='word_1_226' title='bbox 1802 1639 2066 1703; x_wconf 86' lang='lat' dir='ltr'><strong>sobolem,</strong></span> <span class='ocrx_word' id='word_1_227' title='bbox 2107 1654 2177 1695; x_wconf 80' lang='lat' dir='ltr'><strong>ex</strong></span> <span class='ocrx_word' id='word_1_228' title='bbox 2225 1636 2474 1693; x_wconf 85' lang='lat' dir='ltr'><strong>fraterno</strong></span> <span class='ocrx_word' id='word_1_229' title='bbox 2512 1636 2728 1690; x_wconf 79' lang='lat' dir='ltr'><strong>semine</strong></span> <span class='ocrx_word' id='word_1_230' title='bbox 2780 1641 2906 1705; x_wconf 77' lang='lat' dir='ltr'><strong>post</strong></span> <span class='ocrx_word' id='word_1_231' title='bbox 2951 1642 3182 1689; x_wconf 90' lang='lat' dir='ltr'><strong>mortem</strong></span> <span class='ocrx_word' id='word_1_232' title='bbox 3225 1648 3380 1688; x_wconf 87' lang='lat' dir='ltr'><strong>suam</strong></span> 
     </span>
    </p>
   </div>
   <div class='ocr_carea' id='block_1_32' title="bbox 1802 1727 3382 1796">
    <p class='ocr_par' dir='ltr' id='par_1_32' title="bbox 1802 1727 3382 1796">
     <span class='ocr_line' id='line_1_32' title="bbox 1802 1727 3382 1796; baseline -0.006 -9"><span class='ocrx_word' id='word_1_233' title='bbox 1802 1740 2006 1795; x_wconf 87' lang='lat' dir='ltr'><strong>ortam,</strong></span> <span class='ocrx_word' id='word_1_234' title='bbox 2038 1730 2183 1787; x_wconf 85' lang='lat' dir='ltr'><strong>ﬁlios</strong></span> <span class='ocrx_word' id='word_1_235' title='bbox 2203 1731 2568 1789; x_wconf 82' lang='lat' dir='ltr'><strong>habuerunt:</strong></span> <span class='ocrx_word' id='word_1_236' title='bbox 2600 1728 2880 1783; x_wconf 75' lang='lat' dir='ltr'><strong>naturales</strong></span> <span class='ocrx_word' id='word_1_237' title='bbox 2905 1736 3125 1790; x_wconf 86' lang='lat' dir='ltr'><strong>contra,</strong></span> <span class='ocrx_word' id='word_1_238' title='bbox 3158 1740 3254 1781; x_wconf 89' lang='lat' dir='ltr'><strong>eos</strong></span> <span class='ocrx_word' id='word_1_239' title='bbox 3290 1727 3382 1796; x_wconf 88' lang='lat' dir='ltr'><strong>qni</strong></span> 
     </span>
    </p>
   </div>
   <div class='ocr_carea' id='block_1_33' title="bbox 171 1811 1702 1893">
    <p class='ocr_par' dir='ltr' id='par_1_33' title="bbox 171 1811 1701 1886">
     <span class='ocr_line' id='line_1_33' title="bbox 171 1811 1701 1886; baseline 0.003 -20"><span class='ocrx_word' id='word_1_240' title='bbox 171 1811 249 1867; x_wconf 68' lang='grc' dir='ltr'><strong>ἔσθ’</strong></span> <span class='ocrx_word' id='word_1_241' title='bbox 274 1816 357 1868; x_wconf 82' lang='grc' dir='ltr'>ὅτε</span> <span class='ocrx_word' id='word_1_242' title='bbox 390 1814 448 1868; x_wconf 69' lang='grc' dir='ltr'>δὲ</span> <span class='ocrx_word' id='word_1_243' title='bbox 477 1815 577 1867; x_wconf 80' lang='grc' dir='ltr'>καὶ</span> <span class='ocrx_word' id='word_1_244' title='bbox 599 1816 648 1867; x_wconf 79' lang='grc' dir='ltr'>εἰ</span> <span class='ocrx_word' id='word_1_245' title='bbox 673 1815 927 1869; x_wconf 87' lang='grc' dir='ltr'>τεθνάσιν</span> <span class='ocrx_word' id='word_1_246' title='bbox 964 1815 1148 1879; x_wconf 75' lang='grc' dir='ltr'>αὐτοῖς</span> <span class='ocrx_word' id='word_1_247' title='bbox 1187 1815 1417 1879; x_wconf 78' lang='grc' dir='ltr'>ἄπαιδες</span> <span class='ocrx_word' id='word_1_248' title='bbox 1456 1812 1701 1886; x_wconf 71' lang='grc' dir='ltr'>άδελῲοἱ,</span> 
     </span>
    </p>
   </div>
   <div class='ocr_carea' id='block_1_34' title="bbox 1894 1811 3386 1893">
    <p class='ocr_par' dir='ltr' id='par_1_34' title="bbox 1894 1818 3386 1891">
     <span class='ocr_line' id='line_1_34' title="bbox 1894 1818 3386 1891; baseline -0.005 -14"><span class='ocrx_word' id='word_1_249' title='bbox 1894 1822 2105 1877; x_wconf 79' lang='lat' dir='ltr'><strong>esertim</strong></span> <span class='ocrx_word' id='word_1_250' title='bbox 2156 1818 2380 1891; x_wconf 87' lang='lat' dir='ltr'><strong>quidem</strong></span> <span class='ocrx_word' id='word_1_251' title='bbox 2441 1820 2550 1876; x_wconf 88' lang='lat' dir='ltr'><strong>sibi</strong></span> <span class='ocrx_word' id='word_1_252' title='bbox 2590 1820 2724 1889; x_wconf 84' lang='lat' dir='ltr'><strong>ipsis</strong></span> <span class='ocrx_word' id='word_1_253' title='bbox 2781 1819 2849 1873; x_wconf 92' lang='lat' dir='ltr'><strong>ad</strong></span> <span class='ocrx_word' id='word_1_254' title='bbox 2914 1820 3132 1887; x_wconf 84' lang='lat' dir='ltr'><strong>generis</strong></span> <span class='ocrx_word' id='word_1_255' title='bbox 3190 1832 3386 1887; x_wconf 82' lang='lat' dir='ltr'><strong>propa-</strong></span> 
     </span>
    </p>
   </div>
   <div class='ocr_carea' id='block_1_35' title="bbox 168 1904 1707 1979">
    <p class='ocr_par' dir='ltr' id='par_1_35' title="bbox 168 1904 1707 1979">
     <span class='ocr_line' id='line_1_35' title="bbox 168 1904 1707 1979; baseline 0.003 -21"><span class='ocrx_word' id='word_1_256' title='bbox 168 1904 492 1975; x_wconf 70' lang='grc' dir='ltr'>δι’ἀπιγὸνου</span> <span class='ocrx_word' id='word_1_257' title='bbox 520 1905 758 1977; x_wconf 78' lang='grc' dir='ltr'>σπορᾶς,</span> <span class='ocrx_word' id='word_1_258' title='bbox 777 1906 880 1975; x_wconf 81' lang='grc' dir='ltr'>τὴν</span> <span class='ocrx_word' id='word_1_259' title='bbox 908 1906 1207 1978; x_wconf 78' lang='grc' dir='ltr'>εὐκληρίαν</span> <span class='ocrx_word' id='word_1_260' title='bbox 1233 1906 1313 1978; x_wconf 82' lang='grc' dir='ltr'>τῷ</span> <span class='ocrx_word' id='word_1_261' title='bbox 1337 1908 1554 1979; x_wconf 78' lang='grc' dir='ltr'>ἀδελφῷ</span> <span class='ocrx_word' id='word_1_262' title='bbox 1588 1925 1707 1963; x_wconf 91' lang='grc' dir='ltr'>συν-</span> 
     </span>
    </p>
   </div>
   <div class='ocr_carea' id='block_1_36' title="bbox 165 1998 1708 2071">
    <p class='ocr_par' dir='ltr' id='par_1_36' title="bbox 165 1998 1708 2071">
     <span class='ocr_line' id='line_1_36' title="bbox 165 1998 1708 2071; baseline 0.005 -21"><span class='ocrx_word' id='word_1_263' title='bbox 165 2000 439 2070; x_wconf 78' lang='grc' dir='ltr'>ιισήγαγον.</span> <span class='ocrx_word' id='word_1_264' title='bbox 460 1998 588 2053; x_wconf 84' lang='grc' dir='ltr'>Τῶν</span> <span class='ocrx_word' id='word_1_265' title='bbox 615 2000 681 2068; x_wconf 73' lang='grc' dir='ltr'><strong>γέ</strong></span> <span class='ocrx_word' id='word_1_266' title='bbox 701 2016 785 2053; x_wconf 89' lang='grc' dir='ltr'><strong>τοι</strong></span> <span class='ocrx_word' id='word_1_267' title='bbox 810 1998 1231 2068; x_wconf 82' lang='grc' dir='ltr'>εὐαγγελιστῶν,</span> <span class='ocrx_word' id='word_1_268' title='bbox 1250 2001 1279 2053; x_wconf 82' lang='grc' dir='ltr'>ὁ</span> <span class='ocrx_word' id='word_1_269' title='bbox 1306 2001 1407 2071; x_wconf 84' lang='grc' dir='ltr'>μὲν</span> <span class='ocrx_word' id='word_1_270' title='bbox 1430 2001 1540 2056; x_wconf 84' lang='grc' dir='ltr'><strong>τῶν</strong></span> <span class='ocrx_word' id='word_1_271' title='bbox 1566 2002 1708 2058; x_wconf 77' lang='grc' dir='ltr'>κατὰ</span> 
     </span>
    </p>
   </div>
   <div class='ocr_carea' id='block_1_37' title="bbox 166 2089 1708 2162">
    <p class='ocr_par' dir='ltr' id='par_1_37' title="bbox 166 2089 1708 2162">
     <span class='ocr_line' id='line_1_37' title="bbox 166 2089 1708 2162; baseline 0.003 -20"><span class='ocrx_word' id='word_1_272' title='bbox 166 2089 289 2156; x_wconf 65' lang='grc' dir='ltr'>φύσιν</span> <span class='ocrx_word' id='word_1_273' title='bbox 317 2090 570 2162; x_wconf 76' lang='grc' dir='ltr'>πατέρων</span> <span class='ocrx_word' id='word_1_274' title='bbox 594 2089 773 2161; x_wconf 78' lang='grc' dir='ltr'>μόνων</span> <span class='ocrx_word' id='word_1_275' title='bbox 810 2090 1166 2162; x_wconf 76' lang='grc' dir='ltr'>ἐπιμνησθεὶς</span> <span class='ocrx_word' id='word_1_276' title='bbox 1210 2094 1337 2156; x_wconf 82' lang='grc' dir='ltr'>τοὺς</span> <span class='ocrx_word' id='word_1_277' title='bbox 1369 2092 1512 2146; x_wconf 82' lang='grc' dir='ltr'>κατὰ</span> <span class='ocrx_word' id='word_1_278' title='bbox 1542 2094 1708 2160; x_wconf 84' lang='grc' dir='ltr'>νόμον</span> 
     </span>
    </p>
   </div>
   <div class='ocr_carea' id='block_1_38' title="bbox 165 2181 1709 2257">
    <p class='ocr_par' dir='ltr' id='par_1_38' title="bbox 165 2181 1709 2257">
     <span class='ocr_line' id='line_1_38' title="bbox 165 2181 1709 2257; baseline 0.001 -20"><span class='ocrx_word' id='word_1_279' title='bbox 165 2182 404 2252; x_wconf 59' lang='grc' dir='ltr'>παρῆκεν</span> <span class='ocrx_word' id='word_1_280' title='bbox 442 2185 473 2236; x_wconf 83' lang='grc' dir='ltr'>ὁ</span> <span class='ocrx_word' id='word_1_281' title='bbox 498 2182 561 2237; x_wconf 76' lang='grc' dir='ltr'>δὲ</span> <span class='ocrx_word' id='word_1_282' title='bbox 602 2181 916 2254; x_wconf 79' lang='grc' dir='ltr'>τοῦμπαλιν</span> <span class='ocrx_word' id='word_1_283' title='bbox 978 2185 1108 2247; x_wconf 85' lang='grc' dir='ltr'>τοὺς</span> <span class='ocrx_word' id='word_1_284' title='bbox 1142 2183 1286 2238; x_wconf 86' lang='grc' dir='ltr'>κατὰ</span> <span class='ocrx_word' id='word_1_285' title='bbox 1313 2184 1476 2255; x_wconf 81' lang='grc' dir='ltr'>φύσιν</span> <span class='ocrx_word' id='word_1_286' title='bbox 1531 2203 1709 2257; x_wconf 86' lang='grc' dir='ltr'>παρα-</span> 
     </span>
    </p>
   </div>
   <div class='ocr_carea' id='block_1_39' title="bbox 169 2274 1708 2352">
    <p class='ocr_par' dir='ltr' id='par_1_39' title="bbox 169 2274 1708 2352">
     <span class='ocr_line' id='line_1_39' title="bbox 169 2274 1708 2352; baseline 0.001 -20"><span class='ocrx_word' id='word_1_287' title='bbox 169 2274 367 2346; x_wconf 66' lang='grc' dir='ltr'>δριμὺν,</span> <span class='ocrx_word' id='word_1_288' title='bbox 389 2279 505 2333; x_wconf 85' lang='grc' dir='ltr'><strong>τῶν</strong></span> <span class='ocrx_word' id='word_1_289' title='bbox 548 2278 696 2333; x_wconf 77' lang='grc' dir='ltr'>κατὰ</span> <span class='ocrx_word' id='word_1_290' title='bbox 734 2279 900 2350; x_wconf 84' lang='grc' dir='ltr'>νόμον</span> <span class='ocrx_word' id='word_1_291' title='bbox 957 2279 1147 2344; x_wconf 85' lang='grc' dir='ltr'>ίδικῶς</span> <span class='ocrx_word' id='word_1_292' title='bbox 1196 2280 1550 2352; x_wconf 68' lang='grc' dir='ltr'>ἐπεμνήσθη·</span> <span class='ocrx_word' id='word_1_293' title='bbox 1600 2280 1708 2334; x_wconf 81' lang='grc' dir='ltr'>οὐδ’</span> 
     </span>
    </p>
   </div>
   <div class='ocr_carea' id='block_1_40' title="bbox 169 2366 1710 2445">
    <p class='ocr_par' dir='ltr' id='par_1_40' title="bbox 169 2366 1710 2445">
     <span class='ocr_line' id='line_1_40' title="bbox 169 2366 1710 2445; baseline 0.006 -27"><span class='ocrx_word' id='word_1_294' title='bbox 169 2366 376 2437; x_wconf 69' lang='grc' dir='ltr'>ὀπὰτιρος</span> <span class='ocrx_word' id='word_1_295' title='bbox 401 2369 501 2423; x_wconf 80' lang='grc' dir='ltr'><strong>τοῦ</strong></span> <span class='ocrx_word' id='word_1_296' title='bbox 534 2370 748 2433; x_wconf 74' lang='grc' dir='ltr'>εἰκότος</span> <span class='ocrx_word' id='word_1_297' title='bbox 780 2371 1138 2440; x_wconf 87' lang='grc' dir='ltr'>ἀποσφαλείς.</span> <span class='ocrx_word' id='word_1_298' title='bbox 1157 2371 1337 2427; x_wconf 80' lang='grc' dir='ltr'>Καλὸν</span> <span class='ocrx_word' id='word_1_299' title='bbox 1367 2373 1412 2427; x_wconf 86' lang='grc' dir='ltr'>δ’</span> <span class='ocrx_word' id='word_1_300' title='bbox 1440 2368 1710 2445; x_wconf 73' lang='grc' dir='ltr'>οἶμαικαὶ</span> 
     </span>
    </p>
   </div>
   <div class='ocr_carea' id='block_1_41' title="bbox 168 2450 1710 2539">
    <p class='ocr_par' dir='ltr' id='par_1_41' title="bbox 168 2450 1710 2539">
     <span class='ocr_line' id='line_1_41' title="bbox 168 2450 1710 2539; baseline 0.006 -29"><span class='ocrx_word' id='word_1_301' title='bbox 168 2459 357 2524; x_wconf 62' lang='grc' dir='ltr'>,ταλαιᾶς</span> <span class='ocrx_word' id='word_1_302' title='bbox 371 2463 510 2534; x_wconf 78' lang='grc' dir='ltr'>πρὸς</span> <span class='ocrx_word' id='word_1_303' title='bbox 539 2462 701 2517; x_wconf 80' lang='grc' dir='ltr'>τοῦτο</span> <span class='ocrx_word' id='word_1_304' title='bbox 714 2450 1021 2535; x_wconf 76' lang='grc' dir='ltr'>μαρτυρίας</span> <span class='ocrx_word' id='word_1_305' title='bbox 1048 2466 1468 2538; x_wconf 72' lang='grc' dir='ltr'>ἐπιμνησθῆναι.</span> <span class='ocrx_word' id='word_1_306' title='bbox 1487 2469 1556 2539; x_wconf 78' lang='grc' dir='ltr'>ἢν</span> <span class='ocrx_word' id='word_1_307' title='bbox 1580 2468 1710 2537; x_wconf 82' lang='grc' dir='ltr'>παρ’</span> 
     </span>
    </p>
   </div>
   <div class='ocr_carea' id='block_1_42' title="bbox 146 2546 1711 2626">
    <p class='ocr_par' dir='ltr' id='par_1_42' title="bbox 146 2546 1711 2626">
     <span class='ocr_line' id='line_1_42' title="bbox 146 2546 1711 2626; baseline 0.008 -28"><span class='ocrx_word' id='word_1_308' title='bbox 146 2546 468 2617; x_wconf 60' lang='grc' dir='ltr'>άπῐρόςτινος</span> <span class='ocrx_word' id='word_1_309' title='bbox 491 2551 849 2623; x_wconf 78' lang='grc' dir='ltr'>πολυϊστορος</span> <span class='ocrx_word' id='word_1_310' title='bbox 884 2554 1325 2626; x_wconf 79' lang='grc' dir='ltr'>παρειλήφαμεν,</span> <span class='ocrx_word' id='word_1_311' title='bbox 1358 2554 1589 2626; x_wconf 76' lang='grc' dir='ltr'>ἔχουσαν</span> <span class='ocrx_word' id='word_1_312' title='bbox 1618 2555 1711 2610; x_wconf 76' lang='grc' dir='ltr'>επὶ</span> 
     </span>
    </p>
   </div>
   <div class='ocr_carea' id='block_1_43' title="bbox 140 2636 1713 2717">
    <p class='ocr_par' dir='ltr' id='par_1_43' title="bbox 140 2636 1713 2717">
     <span class='ocr_line' id='line_1_43' title="bbox 140 2636 1713 2717; baseline 0.007 -27"><span class='ocrx_word' id='word_1_313' title='bbox 140 2636 322 2705; x_wconf 71' lang='grc' dir='ltr'>λέξεως</span> <span class='ocrx_word' id='word_1_314' title='bbox 354 2640 825 2715; x_wconf 73' lang='grc' dir='ltr'>οὓτω;.Ἑπείπερ</span> <span class='ocrx_word' id='word_1_315' title='bbox 850 2644 901 2697; x_wconf 80' lang='lat' dir='ltr'><strong>oi</strong></span> <span class='ocrx_word' id='word_1_316' title='bbox 937 2645 1036 2715; x_wconf 83' lang='grc' dir='ltr'>τῆς</span> <span class='ocrx_word' id='word_1_317' title='bbox 1056 2646 1404 2714; x_wconf 79' lang='grc' dir='ltr'>γενεαλογίας</span> <span class='ocrx_word' id='word_1_318' title='bbox 1429 2646 1536 2700; x_wconf 85' lang='grc' dir='ltr'><strong>τῶν</strong></span> <span class='ocrx_word' id='word_1_319' title='bbox 1548 2648 1713 2717; x_wconf 78' lang='grc' dir='ltr'>εὐαγ-</span> 
     </span>
    </p>
   </div>
   <div class='ocr_carea' id='block_1_44' title="bbox 137 2730 1713 2808">
    <p class='ocr_par' dir='ltr' id='par_1_44' title="bbox 137 2730 1713 2808">
     <span class='ocr_line' id='line_1_44' title="bbox 137 2730 1713 2808; baseline 0.008 -25"><span class='ocrx_word' id='word_1_320' title='bbox 137 2730 389 2795; x_wconf 69' lang='grc' dir='ltr'>τιλιστῶν</span> <span class='ocrx_word' id='word_1_321' title='bbox 440 2736 833 2808; x_wconf 70' lang='grc' dir='ltr'>ἐμφερόμενοι,</span> <span class='ocrx_word' id='word_1_322' title='bbox 886 2739 937 2791; x_wconf 79' lang='lat' dir='ltr'><strong>oi</strong></span> <span class='ocrx_word' id='word_1_323' title='bbox 994 2739 1095 2808; x_wconf 85' lang='grc' dir='ltr'>μὲν</span> <span class='ocrx_word' id='word_1_324' title='bbox 1166 2739 1466 2806; x_wconf 78' lang='grc' dir='ltr'>διεδέξαντο</span> <span class='ocrx_word' id='word_1_325' title='bbox 1522 2741 1713 2805; x_wconf 84' lang='grc' dir='ltr'>παῖδες</span> 
     </span>
    </p>
   </div>
   <div class='ocr_carea' id='block_1_45' title="bbox 132 2821 1709 2903">
    <p class='ocr_par' dir='ltr' id='par_1_45' title="bbox 132 2821 1709 2903">
     <span class='ocr_line' id='line_1_45' title="bbox 132 2821 1709 2903; baseline 0.008 -30"><span class='ocrx_word' id='word_1_326' title='bbox 132 2821 368 2893; x_wconf 62' lang='grc' dir='ltr'>πατέρας</span> <span class='ocrx_word' id='word_1_327' title='bbox 432 2825 713 2895; x_wconf 86' lang='grc' dir='ltr'>γνησίους,</span> <span class='ocrx_word' id='word_1_328' title='bbox 767 2829 817 2881; x_wconf 80' lang='lat' dir='ltr'><strong>oi</strong></span> <span class='ocrx_word' id='word_1_329' title='bbox 842 2827 921 2894; x_wconf 79' lang='grc' dir='ltr'>δὲ,</span> <span class='ocrx_word' id='word_1_330' title='bbox 948 2828 1159 2899; x_wconf 74' lang='grc' dir='ltr'>ἑτέροις</span> <span class='ocrx_word' id='word_1_331' title='bbox 1189 2830 1289 2900; x_wconf 75' lang='grc' dir='ltr'>μὲν</span> <span class='ocrx_word' id='word_1_332' title='bbox 1316 2830 1709 2903; x_wconf 65' lang='grc' dir='ltr'>ἐγεννήθησαν,</span> 
     </span>
    </p>
   </div>
   <div class='ocr_carea' id='block_1_46' title="bbox 131 2912 1710 2997">
    <p class='ocr_par' dir='ltr' id='par_1_46' title="bbox 131 2912 1710 2997">
     <span class='ocr_line' id='line_1_46' title="bbox 131 2912 1710 2997; baseline 0.008 -32"><span class='ocrx_word' id='word_1_333' title='bbox 131 2912 329 2985; x_wconf 60' lang='lat' dir='ltr'><strong>him</strong></span> <span class='ocrx_word' id='word_1_334' title='bbox 353 2916 416 2970; x_wconf 78' lang='grc' dir='ltr'>δὲ</span> <span class='ocrx_word' id='word_1_335' title='bbox 437 2919 697 2985; x_wconf 79' lang='grc' dir='ltr'>γεγόνασι</span> <span class='ocrx_word' id='word_1_336' title='bbox 725 2919 942 2989; x_wconf 82' lang='grc' dir='ltr'>κλήσει,</span> <span class='ocrx_word' id='word_1_337' title='bbox 970 2922 1300 2994; x_wconf 79' lang='grc' dir='ltr'>ἀμφοτέρων</span> <span class='ocrx_word' id='word_1_338' title='bbox 1345 2922 1403 2976; x_wconf 76' lang='grc' dir='ltr'>δὲ</span> <span class='ocrx_word' id='word_1_339' title='bbox 1428 2925 1650 2993; x_wconf 83' lang='grc' dir='ltr'>γέγονεν</span> <span class='ocrx_word' id='word_1_340' title='bbox 1678 2926 1710 2997; x_wconf 82' lang='grc' dir='ltr'><strong>ἡ</strong></span> 
     </span>
    </p>
   </div>
   <div class='ocr_carea' id='block_1_47' title="bbox 128 3005 1711 3083">
    <p class='ocr_par' dir='ltr' id='par_1_47' title="bbox 128 3005 1711 3083">
     <span class='ocr_line' id='line_1_47' title="bbox 128 3005 1711 3083; baseline 0.006 -27"><span class='ocrx_word' id='word_1_341' title='bbox 128 3005 468 3075; x_wconf 52' lang='grc' dir='ltr'><strong>μνήμηηιῖη</strong></span> <span class='ocrx_word' id='word_1_342' title='bbox 482 3024 544 3060; x_wconf 88' lang='grc' dir='ltr'><strong>τε</strong></span> <span class='ocrx_word' id='word_1_343' title='bbox 570 3009 1007 3079; x_wconf 74' lang='grc' dir='ltr'>γεγεννηκότων,</span> <span class='ocrx_word' id='word_1_344' title='bbox 1032 3010 1128 3063; x_wconf 73' lang='grc' dir='ltr'>καὶ</span> <span class='ocrx_word' id='word_1_345' title='bbox 1154 3008 1353 3074; x_wconf 67' lang='grc' dir='ltr'><strong>τῶσὼς</strong></span> <span class='ocrx_word' id='word_1_346' title='bbox 1382 3014 1711 3083; x_wconf 78' lang='grc' dir='ltr'><strong>γεγεννηκό⁴</strong></span> 
     </span>
    </p>
   </div>
   <div class='ocr_carea' id='block_1_48' title="bbox 128 3094 1708 3171">
    <p class='ocr_par' dir='ltr' id='par_1_48' title="bbox 128 3094 1708 3171">
     <span class='ocr_line' id='line_1_48' title="bbox 128 3094 1708 3171; baseline 0.006 -25"><span class='ocrx_word' id='word_1_347' title='bbox 128 3109 252 3160; x_wconf 77' lang='grc' dir='ltr'>των,</span> <span class='ocrx_word' id='word_1_348' title='bbox 307 3094 489 3160; x_wconf 74' lang='grc' dir='ltr'>οὕτως</span> <span class='ocrx_word' id='word_1_349' title='bbox 537 3097 819 3168; x_wconf 80' lang='grc' dir='ltr'>οὐδέτερον</span> <span class='ocrx_word' id='word_1_350' title='bbox 881 3098 990 3151; x_wconf 87' lang='grc' dir='ltr'>τῶν</span> <span class='ocrx_word' id='word_1_351' title='bbox 1033 3099 1380 3170; x_wconf 77' lang='grc' dir='ltr'>Εὑαγγελίων</span> <span class='ocrx_word' id='word_1_352' title='bbox 1430 3102 1708 3171; x_wconf 80' lang='grc' dir='ltr'>ψεύδεται,</span> 
     </span>
    </p>
   </div>
   <div class='ocr_carea' id='block_1_49' title="bbox 126 3184 1710 3270">
    <p class='ocr_par' dir='ltr' id='par_1_49' title="bbox 126 3184 1710 3270">
     <span class='ocr_line' id='line_1_49' title="bbox 126 3184 1710 3270; baseline 0.006 -33"><span class='ocrx_word' id='word_1_353' title='bbox 126 3184 215 3270; x_wconf 74' lang='grc' dir='ltr'><strong>καὶ</strong></span> <span class='ocrx_word' id='word_1_354' title='bbox 248 3185 427 3255; x_wconf 72' lang='grc' dir='ltr'>φύσιν</span> <span class='ocrx_word' id='word_1_355' title='bbox 450 3187 743 3258; x_wconf 82' lang='grc' dir='ltr'>άριθμοῦν,</span> <span class='ocrx_word' id='word_1_356' title='bbox 789 3191 882 3243; x_wconf 78' lang='grc' dir='ltr'>καὶ</span> <span class='ocrx_word' id='word_1_357' title='bbox 921 3192 1116 3260; x_wconf 79' lang='grc' dir='ltr'>νόμον·</span> <span class='ocrx_word' id='word_1_358' title='bbox 1148 3191 1434 3263; x_wconf 79' lang='grc' dir='ltr'>ὲπεπλάκη</span> <span class='ocrx_word' id='word_1_359' title='bbox 1464 3194 1575 3264; x_wconf 83' lang='grc' dir='ltr'><strong>γὰρ</strong></span> <span class='ocrx_word' id='word_1_360' title='bbox 1612 3195 1710 3247; x_wconf 84' lang='grc' dir='ltr'><strong>ἀλ-</strong></span> 
     </span>
    </p>
   </div>
   <div class='ocr_carea' id='block_1_50' title="bbox 124 3272 1714 3352">
    <p class='ocr_par' dir='ltr' id='par_1_50' title="bbox 124 3272 1714 3352">
     <span class='ocr_line' id='line_1_50' title="bbox 124 3272 1714 3352; baseline 0.008 -26"><span class='ocrx_word' id='word_1_361' title='bbox 124 3272 311 3345; x_wconf 65' lang='grc' dir='ltr'>λήλοις</span> <span class='ocrx_word' id='word_1_362' title='bbox 336 3278 409 3332; x_wconf 81' lang='grc' dir='ltr'>τὰ</span> <span class='ocrx_word' id='word_1_363' title='bbox 438 3278 571 3350; x_wconf 83' lang='grc' dir='ltr'>γένη</span> <span class='ocrx_word' id='word_1_364' title='bbox 606 3281 730 3334; x_wconf 83' lang='grc' dir='ltr'>τότε</span> <span class='ocrx_word' id='word_1_365' title='bbox 754 3280 862 3334; x_wconf 79' lang='grc' dir='ltr'><strong>ἀπὸ</strong></span> <span class='ocrx_word' id='word_1_366' title='bbox 880 3283 974 3334; x_wconf 81' lang='grc' dir='ltr'><strong>τοῦ</strong></span> <span class='ocrx_word' id='word_1_367' title='bbox 1002 3281 1366 3352; x_wconf 81' lang='grc' dir='ltr'>Σολομῶντος,</span> <span class='ocrx_word' id='word_1_368' title='bbox 1398 3284 1492 3336; x_wconf 76' lang='grc' dir='ltr'>καὶ</span> <span class='ocrx_word' id='word_1_369' title='bbox 1522 3284 1583 3338; x_wconf 82' lang='grc' dir='ltr'>τὸ</span> <span class='ocrx_word' id='word_1_370' title='bbox 1605 3285 1714 3338; x_wconf 82' lang='grc' dir='ltr'><strong>ἀπὸ</strong></span> 
     </span>
    </p>
   </div>
   <div class='ocr_carea' id='block_1_51' title="bbox 120 3367 1705 3444">
    <p class='ocr_par' dir='ltr' id='par_1_51' title="bbox 120 3367 1705 3444">
     <span class='ocr_line' id='line_1_51' title="bbox 120 3367 1705 3444; baseline 0.006 -24"><span class='ocrx_word' id='word_1_371' title='bbox 120 3367 216 3420; x_wconf 76' lang='grc' dir='ltr'>τοῦ</span> <span class='ocrx_word' id='word_1_372' title='bbox 255 3368 476 3434; x_wconf 78' lang='grc' dir='ltr'>Νάθαν,</span> <span class='ocrx_word' id='word_1_373' title='bbox 492 3371 822 3425; x_wconf 82' lang='grc' dir='ltr'>άναστάσεσι</span> <span class='ocrx_word' id='word_1_374' title='bbox 857 3371 1087 3437; x_wconf 83' lang='grc' dir='ltr'>τέκνων,</span> <span class='ocrx_word' id='word_1_375' title='bbox 1108 3373 1202 3425; x_wconf 73' lang='grc' dir='ltr'>καὶ</span> <span class='ocrx_word' id='word_1_376' title='bbox 1229 3373 1705 3444; x_wconf 82' lang='grc' dir='ltr'>δευτερογαμίαις.</span> 
     </span>
    </p>
   </div>
   <div class='ocr_carea' id='block_1_52' title="bbox 130 3444 1714 3534">
    <p class='ocr_par' dir='ltr' id='par_1_52' title="bbox 130 3444 1714 3534">
     <span class='ocr_line' id='line_1_52' title="bbox 130 3444 1714 3534; baseline 0.005 -24"><span class='ocrx_word' id='word_1_377' title='bbox 130 3454 248 3517; x_wconf 78' lang='grc' dir='ltr'>Ἱνα</span> <span class='ocrx_word' id='word_1_378' title='bbox 277 3457 339 3511; x_wconf 82' lang='grc' dir='ltr'>δὲ</span> <span class='ocrx_word' id='word_1_379' title='bbox 370 3458 547 3528; x_wconf 59' lang='lat' dir='ltr'><strong>capt;</strong></span> <span class='ocrx_word' id='word_1_380' title='bbox 664 3459 726 3513; x_wconf 77' lang='grc' dir='ltr'>τὸ</span> <span class='ocrx_word' id='word_1_381' title='bbox 785 3460 1103 3533; x_wconf 83' lang='grc' dir='ltr'>λεγόμενον,</span> <span class='ocrx_word' id='word_1_382' title='bbox 1139 3460 1239 3532; x_wconf 83' lang='grc' dir='ltr'>τὴν</span> <span class='ocrx_word' id='word_1_383' title='bbox 1276 3444 1580 3534; x_wconf 74' lang='grc' dir='ltr'>ἐπιπλοκὴν</span> <span class='ocrx_word' id='word_1_384' title='bbox 1604 3464 1714 3518; x_wconf 86' lang='grc' dir='ltr'>τῶν</span> 
     </span>
    </p>
   </div>
   <div class='ocr_carea' id='block_1_53' title="bbox 130 3544 695 3621">
    <p class='ocr_par' dir='ltr' id='par_1_53' title="bbox 130 3544 695 3621">
     <span class='ocr_line' id='line_1_53' title="bbox 130 3544 695 3621; baseline 0.009 -22"><span class='ocrx_word' id='word_1_385' title='bbox 130 3544 306 3611; x_wconf 77' lang='grc' dir='ltr'>τινῶν</span> <span class='ocrx_word' id='word_1_386' title='bbox 331 3547 695 3621; x_wconf 72' lang='grc' dir='ltr'>διηγήσομαι.</span> 
     </span>
    </p>
   </div>
   <div class='ocr_carea' id='block_1_54' title="bbox 1805 1909 3382 1984">
    <p class='ocr_par' dir='ltr' id='par_1_54' title="bbox 1805 1909 3382 1984">
     <span class='ocr_line' id='line_1_54' title="bbox 1805 1909 3382 1984; baseline -0.004 -17"><span class='ocrx_word' id='word_1_387' title='bbox 1805 1912 2082 1984; x_wconf 86' lang='lat' dir='ltr'><strong>gationem</strong></span> <span class='ocrx_word' id='word_1_388' title='bbox 2113 1926 2181 1966; x_wconf 81' lang='lat' dir='ltr'><strong>ex</strong></span> <span class='ocrx_word' id='word_1_389' title='bbox 2227 1919 2443 1967; x_wconf 88' lang='lat' dir='ltr'><strong>suomet</strong></span> <span class='ocrx_word' id='word_1_390' title='bbox 2486 1910 2696 1966; x_wconf 86' lang='lat' dir='ltr'><strong>semine</strong></span> <span class='ocrx_word' id='word_1_391' title='bbox 2741 1909 2948 1965; x_wconf 84' lang='lat' dir='ltr'><strong>liberos</strong></span> <span class='ocrx_word' id='word_1_392' title='bbox 2992 1918 3382 1978; x_wconf 88' lang='lat' dir='ltr'><strong>procrearunt,</strong></span> 
     </span>
    </p>
   </div>
   <div class='ocr_carea' id='block_1_55' title="bbox 1807 1999 3386 2073">
    <p class='ocr_par' dir='ltr' id='par_1_55' title="bbox 1807 1999 3386 2073">
     <span class='ocr_line' id='line_1_55' title="bbox 1807 1999 3386 2073; baseline -0.001 -16"><span class='ocrx_word' id='word_1_393' title='bbox 1807 2003 2086 2058; x_wconf 83' lang='lat' dir='ltr'><strong>interdum</strong></span> <span class='ocrx_word' id='word_1_394' title='bbox 2142 2011 2325 2058; x_wconf 88' lang='lat' dir='ltr'><strong>autem</strong></span> <span class='ocrx_word' id='word_1_395' title='bbox 2374 1999 2541 2057; x_wconf 84' lang='lat' dir='ltr'><strong>etiam</strong></span> <span class='ocrx_word' id='word_1_396' title='bbox 2597 2000 2737 2073; x_wconf 72' lang='lat'><strong>(2‘2),</strong></span> <span class='ocrx_word' id='word_1_397' title='bbox 2795 2002 2842 2057; x_wconf 87' lang='lat' dir='ltr'><strong>si</strong></span> <span class='ocrx_word' id='word_1_398' title='bbox 2888 2002 3132 2072; x_wconf 87' lang='lat' dir='ltr'><strong>ipsorum</strong></span> <span class='ocrx_word' id='word_1_399' title='bbox 3186 2001 3386 2056; x_wconf 79' lang='lat' dir='ltr'><strong>fratres</strong></span> 
     </span>
    </p>
   </div>
   <div class='ocr_carea' id='block_1_56' title="bbox 1808 2094 3389 2151">
    <p class='ocr_par' dir='ltr' id='par_1_56' title="bbox 1808 2094 3389 2151">
     <span class='ocr_line' id='line_1_56' title="bbox 1808 2094 3389 2151; baseline -0.001 -2"><span class='ocrx_word' id='word_1_400' title='bbox 1808 2094 1974 2151; x_wconf 89' lang='lat' dir='ltr'><strong>nullis</strong></span> <span class='ocrx_word' id='word_1_401' title='bbox 2005 2094 2193 2150; x_wconf 87' lang='lat' dir='ltr'><strong>liberis</strong></span> <span class='ocrx_word' id='word_1_402' title='bbox 2232 2094 2443 2150; x_wconf 87' lang='lat' dir='ltr'><strong>relictis</strong></span> <span class='ocrx_word' id='word_1_403' title='bbox 2473 2094 2645 2148; x_wconf 81' lang='lat' dir='ltr'><strong>vitam</strong></span> <span class='ocrx_word' id='word_1_404' title='bbox 2674 2109 2797 2148; x_wconf 92' lang='lat' dir='ltr'><strong>cum</strong></span> <span class='ocrx_word' id='word_1_405' title='bbox 2845 2102 3020 2148; x_wconf 89' lang='lat' dir='ltr'><strong>morte</strong></span> <span class='ocrx_word' id='word_1_406' title='bbox 3051 2101 3389 2148; x_wconf 85' lang='lat' dir='ltr'><strong>commutas-</strong></span> 
     </span>
    </p>
   </div>
   <div class='ocr_carea' id='block_1_57' title="bbox 1809 2163 3390 2257">
    <p class='ocr_par' dir='ltr' id='par_1_57' title="bbox 1809 2163 3390 2257">
     <span class='ocr_line' id='line_1_57' title="bbox 1809 2163 3390 2257; baseline -0.002 -14"><span class='ocrx_word' id='word_1_407' title='bbox 1809 2195 1953 2249; x_wconf 86' lang='lat' dir='ltr'><strong>sent,</strong></span> <span class='ocrx_word' id='word_1_408' title='bbox 1980 2202 2078 2257; x_wconf 88' lang='lat' dir='ltr'><strong>per</strong></span> <span class='ocrx_word' id='word_1_409' title='bbox 2102 2186 2370 2241; x_wconf 77' lang='lat' dir='ltr'><strong>vicarium</strong></span> <span class='ocrx_word' id='word_1_410' title='bbox 2404 2163 2615 2242; x_wconf 65' lang='lat' dir='ltr'><strong>semen.</strong></span> <span class='ocrx_word' id='word_1_411' title='bbox 2623 2185 2996 2241; x_wconf 64' lang='lat' dir='ltr'><strong>[nereditatem</strong></span> <span class='ocrx_word' id='word_1_412' title='bbox 3041 2185 3180 2256; x_wconf 87' lang='lat' dir='ltr'><strong>ipsis</strong></span> <span class='ocrx_word' id='word_1_413' title='bbox 3217 2186 3390 2240; x_wconf 91' lang='lat' dir='ltr'><strong>colle-</strong></span> 
     </span>
    </p>
   </div>
   <div class='ocr_carea' id='block_1_58' title="bbox 1809 2278 3388 2350">
    <p class='ocr_par' dir='ltr' id='par_1_58' title="bbox 1809 2278 3388 2350">
     <span class='ocr_line' id='line_1_58' title="bbox 1809 2278 3388 2350; baseline 0.001 -17"><span class='ocrx_word' id='word_1_414' title='bbox 1809 2287 2028 2350; x_wconf 89' lang='lat' dir='ltr'><strong>gerunt.</strong></span> <span class='ocrx_word' id='word_1_415' title='bbox 2086 2279 2235 2350; x_wconf 83' lang='lat' dir='ltr'><strong>Ergo</strong></span> <span class='ocrx_word' id='word_1_416' title='bbox 2300 2279 2440 2335; x_wconf 88' lang='lat' dir='ltr'><strong>alter</strong></span> <span class='ocrx_word' id='word_1_417' title='bbox 2522 2279 3030 2350; x_wconf 74' lang='lat' dir='ltr'><strong>evangelistarum,</strong></span> <span class='ocrx_word' id='word_1_418' title='bbox 3110 2278 3388 2334; x_wconf 84' lang='lat' dir='ltr'><strong>naturales</strong></span> 
     </span>
    </p>
   </div>
   <div class='ocr_carea' id='block_1_59' title="bbox 1808 2370 3389 2442">
    <p class='ocr_par' dir='ltr' id='par_1_59' title="bbox 1808 2370 3389 2442">
     <span class='ocr_line' id='line_1_59' title="bbox 1808 2370 3389 2442; baseline -0.003 -15"><span class='ocrx_word' id='word_1_419' title='bbox 1808 2372 2075 2427; x_wconf 80' lang='lat' dir='ltr'><strong>duntaxat</strong></span> <span class='ocrx_word' id='word_1_420' title='bbox 2122 2379 2308 2440; x_wconf 88' lang='lat' dir='ltr'><strong>patres</strong></span> <span class='ocrx_word' id='word_1_421' title='bbox 2356 2384 2842 2437; x_wconf 89' lang='lat' dir='ltr'><strong>commemorans,</strong></span> <span class='ocrx_word' id='word_1_422' title='bbox 2899 2370 3105 2442; x_wconf 80' lang='lat' dir='ltr'><strong>legales</strong></span> <span class='ocrx_word' id='word_1_423' title='bbox 3166 2370 3389 2425; x_wconf 88' lang='lat' dir='ltr'><strong>silentio</strong></span> 
     </span>
    </p>
   </div>
   <div class='ocr_carea' id='block_1_60' title="bbox 1810 2460 3387 2533">
    <p class='ocr_par' dir='ltr' id='par_1_60' title="bbox 1810 2460 3387 2533">
     <span class='ocr_line' id='line_1_60' title="bbox 1810 2460 3387 2533; baseline 0.001 -16"><span class='ocrx_word' id='word_1_424' title='bbox 1810 2463 2106 2533; x_wconf 71' lang='lat' dir='ltr'><strong>praeteriit;</strong></span> <span class='ocrx_word' id='word_1_425' title='bbox 2133 2462 2287 2517; x_wconf 84' lang='lat' dir='ltr'><strong>‘alter</strong></span> <span class='ocrx_word' id='word_1_426' title='bbox 2320 2477 2542 2518; x_wconf 89' lang='lat' dir='ltr'><strong>rursum</strong></span> <span class='ocrx_word' id='word_1_427' title='bbox 2586 2462 2981 2532; x_wconf 71' lang='lat' dir='ltr'><strong>prantermissis</strong></span> <span class='ocrx_word' id='word_1_428' title='bbox 3021 2460 3387 2519; x_wconf 84' lang='lat' dir='ltr'><strong>naturalibus.</strong></span> 
     </span>
    </p>
   </div>
   <div class='ocr_carea' id='block_1_61' title="bbox 1809 2552 3391 2624">
    <p class='ocr_par' dir='ltr' id='par_1_61' title="bbox 1809 2552 3391 2624">
     <span class='ocr_line' id='line_1_61' title="bbox 1809 2552 3391 2624; baseline -0.004 -15"><span class='ocrx_word' id='word_1_429' title='bbox 1809 2553 2070 2624; x_wconf 87' lang='lat' dir='ltr'><strong>legalium</strong></span> <span class='ocrx_word' id='word_1_430' title='bbox 2104 2552 2355 2624; x_wconf 84' lang='lat' dir='ltr'><strong>privatim</strong></span> <span class='ocrx_word' id='word_1_431' title='bbox 2393 2553 2730 2608; x_wconf 88' lang='lat' dir='ltr'><strong>mentionem</strong></span> <span class='ocrx_word' id='word_1_432' title='bbox 2775 2552 2926 2608; x_wconf 80' lang='lat' dir='ltr'><strong>fecit.</strong></span> <span class='ocrx_word' id='word_1_433' title='bbox 2965 2554 3019 2607; x_wconf 91' lang='lat' dir='ltr'><strong>ln</strong></span> <span class='ocrx_word' id='word_1_434' title='bbox 3054 2567 3163 2623; x_wconf 89' lang='lat' dir='ltr'><strong>quo</strong></span> <span class='ocrx_word' id='word_1_435' title='bbox 3197 2557 3391 2605; x_wconf 88' lang='lat' dir='ltr'><strong>neuter</strong></span> 
     </span>
    </p>
   </div>
   <div class='ocr_carea' id='block_1_62' title="bbox 1811 2643 3392 2715">
    <p class='ocr_par' dir='ltr' id='par_1_62' title="bbox 1811 2643 3392 2715">
     <span class='ocr_line' id='line_1_62' title="bbox 1811 2643 3392 2715; baseline -0.002 -17"><span class='ocrx_word' id='word_1_436' title='bbox 1811 2646 1881 2701; x_wconf 88' lang='lat' dir='ltr'><strong>ab</strong></span> <span class='ocrx_word' id='word_1_437' title='bbox 1921 2659 1989 2701; x_wconf 90' lang='lat' dir='ltr'><strong>eo</strong></span> <span class='ocrx_word' id='word_1_438' title='bbox 2013 2644 2158 2715; x_wconf 88' lang='lat' dir='ltr'><strong>quod</strong></span> <span class='ocrx_word' id='word_1_439' title='bbox 2193 2659 2291 2715; x_wconf 85' lang='lat' dir='ltr'><strong>par</strong></span> <span class='ocrx_word' id='word_1_440' title='bbox 2320 2651 2440 2699; x_wconf 84' lang='lat' dir='ltr'><strong>erat</strong></span> <span class='ocrx_word' id='word_1_441' title='bbox 2469 2644 2767 2701; x_wconf 83' lang='lat' dir='ltr'><strong>aberravit.</strong></span> <span class='ocrx_word' id='word_1_442' title='bbox 2790 2643 2901 2701; x_wconf 89' lang='lat' dir='ltr'><strong>Nec</strong></span> <span class='ocrx_word' id='word_1_443' title='bbox 2935 2659 3063 2699; x_wconf 82' lang='lat' dir='ltr'><strong>vero</strong></span> <span class='ocrx_word' id='word_1_444' title='bbox 3086 2645 3392 2698; x_wconf 86' lang='lat' dir='ltr'><strong>incommu-</strong></span> 
     </span>
    </p>
   </div>
   <div class='ocr_carea' id='block_1_63' title="bbox 1810 2734 3394 2810">
    <p class='ocr_par' dir='ltr' id='par_1_63' title="bbox 1810 2734 3394 2810">
     <span class='ocr_line' id='line_1_63' title="bbox 1810 2734 3394 2810; baseline -0.005 -16"><span class='ocrx_word' id='word_1_445' title='bbox 1810 2738 1940 2794; x_wconf 91' lang='lat' dir='ltr'><strong>dum</strong></span> <span class='ocrx_word' id='word_1_446' title='bbox 1989 2738 2155 2794; x_wconf 79' lang='lat' dir='ltr'><strong>fuerit</strong></span> <span class='ocrx_word' id='word_1_447' title='bbox 2183 2738 2315 2810; x_wconf 86' lang='lat' dir='ltr'><strong>(quo</strong></span> <span class='ocrx_word' id='word_1_448' title='bbox 2364 2740 2583 2810; x_wconf 86' lang='lat' dir='ltr'><strong>planius</strong></span> <span class='ocrx_word' id='word_1_449' title='bbox 2649 2737 2796 2793; x_wconf 89' lang='lat' dir='ltr'><strong>istud</strong></span> <span class='ocrx_word' id='word_1_450' title='bbox 2866 2734 3212 2804; x_wconf 85' lang='lat' dir='ltr'><strong>ostendatur)</strong></span> <span class='ocrx_word' id='word_1_451' title='bbox 3255 2742 3394 2789; x_wconf 81' lang='lat' dir='ltr'><strong>vetc-</strong></span> 
     </span>
    </p>
   </div>
   <div class='ocr_carea' id='block_1_64' title="bbox 1811 2824 3393 2900">
    <p class='ocr_par' dir='ltr' id='par_1_64' title="bbox 1811 2824 3393 2900">
     <span class='ocr_line' id='line_1_64' title="bbox 1811 2824 3393 2900; baseline -0.004 -16"><span class='ocrx_word' id='word_1_452' title='bbox 1811 2828 1892 2884; x_wconf 90' lang='lat' dir='ltr'><strong>ris</strong></span> <span class='ocrx_word' id='word_1_453' title='bbox 1955 2843 2173 2900; x_wconf 90' lang='lat' dir='ltr'><strong>quoque</strong></span> <span class='ocrx_word' id='word_1_454' title='bbox 2239 2830 2535 2886; x_wconf 87' lang='lat' dir='ltr'><strong>testimonii</strong></span> <span class='ocrx_word' id='word_1_455' title='bbox 2589 2829 2928 2892; x_wconf 88' lang='lat' dir='ltr'><strong>meminisse,</strong></span> <span class='ocrx_word' id='word_1_456' title='bbox 2991 2825 3133 2897; x_wconf 89' lang='lat' dir='ltr'><strong>quod</strong></span> <span class='ocrx_word' id='word_1_457' title='bbox 3182 2840 3212 2878; x_wconf 68' lang='grc' dir='ltr'><strong>ι</strong></span> <span class='ocrx_word' id='word_1_458' title='bbox 3274 2824 3393 2877; x_wconf 83' lang='lat' dir='ltr'><strong>viro</strong></span> 
     </span>
    </p>
   </div>
   <div class='ocr_carea' id='block_1_65' title="bbox 1810 2917 3513 2993">
    <p class='ocr_par' dir='ltr' id='par_1_65' title="bbox 1810 2917 3513 2993">
     <span class='ocr_line' id='line_1_65' title="bbox 1810 2917 3513 2993; baseline -0.004 -17"><span class='ocrx_word' id='word_1_459' title='bbox 1810 2920 2047 2993; x_wconf 84' lang='lat' dir='ltr'><strong>quodam</strong></span> <span class='ocrx_word' id='word_1_460' title='bbox 2077 2922 2191 2993; x_wconf 74' lang='lat'><strong>(23)</strong></span> <span class='ocrx_word' id='word_1_461' title='bbox 2221 2922 2517 2977; x_wconf 88' lang='lat' dir='ltr'><strong>multarum</strong></span> <span class='ocrx_word' id='word_1_462' title='bbox 2550 2936 2732 2977; x_wconf 89' lang='lat' dir='ltr'><strong>rerum</strong></span> <span class='ocrx_word' id='word_1_463' title='bbox 2765 2919 3085 2989; x_wconf 83' lang='lat' dir='ltr'><strong>cognitione</strong></span> <span class='ocrx_word' id='word_1_464' title='bbox 3118 2917 3393 2972; x_wconf 81' lang='lat' dir='ltr'><strong>instructo</strong></span> <span class='ocrx_word' id='word_1_465' title='bbox 3510 2936 3513 2939; x_wconf 56' lang='grc' dir='ltr'><strong>λ</strong></span> 
     </span>
    </p>
   </div>
   <div class='ocr_carea' id='block_1_66' title="bbox 1812 3007 3392 3085">
    <p class='ocr_par' dir='ltr' id='par_1_66' title="bbox 1812 3007 3392 3085">
     <span class='ocr_line' id='line_1_66' title="bbox 1812 3007 3392 3085; baseline -0.005 -17"><span class='ocrx_word' id='word_1_466' title='bbox 1812 3014 2144 3085; x_wconf 86' lang='lat' dir='ltr'><strong>accepimus.</strong></span> <span class='ocrx_word' id='word_1_467' title='bbox 2192 3014 2251 3069; x_wconf 74' lang='grc' dir='ltr'><strong>ιιι</strong></span> <span class='ocrx_word' id='word_1_468' title='bbox 2283 3023 2466 3079; x_wconf 81' lang='lat' dir='ltr'><strong>autem</strong></span> <span class='ocrx_word' id='word_1_469' title='bbox 2512 3015 2593 3071; x_wconf 89' lang='lat' dir='ltr'><strong>sic</strong></span> <span class='ocrx_word' id='word_1_470' title='bbox 2622 3014 2689 3070; x_wconf 89' lang='lat' dir='ltr'><strong>ad</strong></span> <span class='ocrx_word' id='word_1_471' title='bbox 2724 3014 2949 3068; x_wconf 80' lang='lat' dir='ltr'><strong>verbum</strong></span> <span class='ocrx_word' id='word_1_472' title='bbox 2987 3012 3170 3065; x_wconf 76' lang='lat' dir='ltr'><strong>habet.</strong></span> <span class='ocrx_word' id='word_1_473' title='bbox 3203 3007 3392 3075; x_wconf 83' lang='lat' dir='ltr'><strong>Quan-</strong></span> 
     </span>
    </p>
   </div>
   <div class='ocr_carea' id='block_1_67' title="bbox 1812 3100 3396 3177">
    <p class='ocr_par' dir='ltr' id='par_1_67' title="bbox 1812 3100 3396 3177">
     <span class='ocr_line' id='line_1_67' title="bbox 1812 3100 3396 3177; baseline -0.004 -17"><span class='ocrx_word' id='word_1_474' title='bbox 1812 3105 2107 3175; x_wconf 86' lang='lat' dir='ltr'><strong>doquidem</strong></span> <span class='ocrx_word' id='word_1_475' title='bbox 2136 3108 2234 3177; x_wconf 90' lang='lat' dir='ltr'><strong>qui</strong></span> <span class='ocrx_word' id='word_1_476' title='bbox 2263 3109 2320 3162; x_wconf 88' lang='lat' dir='ltr'><strong>in</strong></span> <span class='ocrx_word' id='word_1_477' title='bbox 2349 3106 2557 3163; x_wconf 84' lang='lat' dir='ltr'><strong>Christi</strong></span> <span class='ocrx_word' id='word_1_478' title='bbox 2585 3105 2909 3177; x_wconf 84' lang='lat' dir='ltr'><strong>genealogia</strong></span> <span class='ocrx_word' id='word_1_479' title='bbox 2939 3106 3010 3159; x_wconf 88' lang='lat' dir='ltr'><strong>ab</strong></span> <span class='ocrx_word' id='word_1_480' title='bbox 3038 3100 3396 3171; x_wconf 79' lang='lat' dir='ltr'><strong>evangelistis</strong></span> 
     </span>
    </p>
   </div>
   <div class='ocr_carea' id='block_1_68' title="bbox 1813 3196 3392 3268">
    <p class='ocr_par' dir='ltr' id='par_1_68' title="bbox 1813 3196 3392 3268">
     <span class='ocr_line' id='line_1_68' title="bbox 1813 3196 3392 3268; baseline -0.004 -17"><span class='ocrx_word' id='word_1_481' title='bbox 1813 3197 2149 3261; x_wconf 79' lang='lat' dir='ltr'><strong>referuntur,</strong></span> <span class='ocrx_word' id='word_1_482' title='bbox 2180 3198 2379 3268; x_wconf 86' lang='lat' dir='ltr'><strong>partim</strong></span> <span class='ocrx_word' id='word_1_483' title='bbox 2412 3197 2507 3253; x_wconf 86' lang='lat' dir='ltr'><strong>lilii</strong></span> <span class='ocrx_word' id='word_1_484' title='bbox 2532 3196 2679 3252; x_wconf 78' lang='lat' dir='ltr'><strong>veris</strong></span> <span class='ocrx_word' id='word_1_485' title='bbox 2702 3196 2957 3264; x_wconf 89' lang='lat' dir='ltr'><strong>patribus</strong></span> <span class='ocrx_word' id='word_1_486' title='bbox 2984 3202 3392 3254; x_wconf 83' lang='lat' dir='ltr'><strong>successerunt,</strong></span> 
     </span>
    </p>
   </div>
   <div class='ocr_carea' id='block_1_69' title="bbox 1817 3287 3391 3359">
    <p class='ocr_par' dir='ltr' id='par_1_69' title="bbox 1817 3287 3391 3359">
     <span class='ocr_line' id='line_1_69' title="bbox 1817 3287 3391 3359; baseline -0.005 -15"><span class='ocrx_word' id='word_1_487' title='bbox 1817 3292 2012 3359; x_wconf 88' lang='lat' dir='ltr'><strong>partim</strong></span> <span class='ocrx_word' id='word_1_488' title='bbox 2044 3304 2170 3344; x_wconf 89' lang='lat' dir='ltr'><strong>cum</strong></span> <span class='ocrx_word' id='word_1_489' title='bbox 2202 3290 2273 3345; x_wconf 90' lang='lat' dir='ltr'><strong>ab</strong></span> <span class='ocrx_word' id='word_1_490' title='bbox 2299 3290 2422 3344; x_wconf 87' lang='lat' dir='ltr'><strong>aliis</strong></span> <span class='ocrx_word' id='word_1_491' title='bbox 2454 3289 2626 3359; x_wconf 89' lang='lat' dir='ltr'><strong>geniti</strong></span> <span class='ocrx_word' id='word_1_492' title='bbox 2655 3296 2866 3353; x_wconf 90' lang='lat' dir='ltr'><strong>essent,</strong></span> <span class='ocrx_word' id='word_1_493' title='bbox 2920 3287 3155 3341; x_wconf 84' lang='lat' dir='ltr'><strong>aliorum</strong></span> <span class='ocrx_word' id='word_1_494' title='bbox 3207 3292 3391 3337; x_wconf 87' lang='lat' dir='ltr'><strong>tamen</strong></span> 
     </span>
    </p>
   </div>
   <div class='ocr_carea' id='block_1_70' title="bbox 1815 3372 3394 3449">
    <p class='ocr_par' dir='ltr' id='par_1_70' title="bbox 1815 3372 3394 3449">
     <span class='ocr_line' id='line_1_70' title="bbox 1815 3372 3394 3449; baseline -0.003 -17"><span class='ocrx_word' id='word_1_495' title='bbox 1815 3377 1912 3433; x_wconf 78' lang='lat' dir='ltr'><strong>(iiii</strong></span> <span class='ocrx_word' id='word_1_496' title='bbox 1944 3378 2074 3434; x_wconf 89' lang='lat' dir='ltr'><strong>dicti</strong></span> <span class='ocrx_word' id='word_1_497' title='bbox 2096 3386 2251 3445; x_wconf 88' lang='lat' dir='ltr'><strong>sunt,</strong></span> <span class='ocrx_word' id='word_1_498' title='bbox 2278 3388 2444 3449; x_wconf 89' lang='lat' dir='ltr'><strong>atque</strong></span> <span class='ocrx_word' id='word_1_499' title='bbox 2474 3388 2842 3447; x_wconf 86' lang='lat' dir='ltr'><strong>utrorumque</strong></span> <span class='ocrx_word' id='word_1_500' title='bbox 2886 3375 3093 3430; x_wconf 89' lang='lat' dir='ltr'><strong>mentio</strong></span> <span class='ocrx_word' id='word_1_501' title='bbox 3120 3372 3261 3428; x_wconf 81' lang='lat' dir='ltr'><strong>facta</strong></span> <span class='ocrx_word' id='word_1_502' title='bbox 3287 3382 3394 3435; x_wconf 89' lang='lat' dir='ltr'><strong>est,</strong></span> 
     </span>
    </p>
   </div>
   <div class='ocr_carea' id='block_1_71' title="bbox 1818 3468 3395 3541">
    <p class='ocr_par' dir='ltr' id='par_1_71' title="bbox 1818 3468 3395 3541">
     <span class='ocr_line' id='line_1_71' title="bbox 1818 3468 3395 3541; baseline -0.006 -16"><span class='ocrx_word' id='word_1_503' title='bbox 1818 3471 1923 3528; x_wconf 87' lang='lat' dir='ltr'><strong>hoc</strong></span> <span class='ocrx_word' id='word_1_504' title='bbox 1964 3482 2052 3540; x_wconf 59' lang='lat' dir='ltr'><strong>est</strong></span> <span class='ocrx_word' id='word_1_505' title='bbox 2104 3480 2159 3528; x_wconf 92' lang='lat' dir='ltr'><strong>et</strong></span> <span class='ocrx_word' id='word_1_506' title='bbox 2198 3485 2390 3527; x_wconf 90' lang='lat' dir='ltr'><strong>eorum</strong></span> <span class='ocrx_word' id='word_1_507' title='bbox 2424 3470 2518 3540; x_wconf 89' lang='lat' dir='ltr'><strong>qui</strong></span> <span class='ocrx_word' id='word_1_508' title='bbox 2564 3476 2900 3541; x_wconf 89' lang='lat' dir='ltr'><strong>genuerunt,</strong></span> <span class='ocrx_word' id='word_1_509' title='bbox 2954 3473 3009 3522; x_wconf 88' lang='lat' dir='ltr'><strong>et</strong></span> <span class='ocrx_word' id='word_1_510' title='bbox 3051 3480 3245 3521; x_wconf 90' lang='lat' dir='ltr'><strong>eorum</strong></span> <span class='ocrx_word' id='word_1_511' title='bbox 3302 3468 3395 3534; x_wconf 86' lang='lat' dir='ltr'><strong>qui</strong></span> 
     </span>
    </p>
   </div>
   <div class='ocr_carea' id='block_1_72' title="bbox 1817 3553 3395 3633">
    <p class='ocr_par' dir='ltr' id='par_1_72' title="bbox 1817 3553 3395 3633">
     <span class='ocr_line' id='line_1_72' title="bbox 1817 3553 3395 3633; baseline -0.006 -17"><span class='ocrx_word' id='word_1_512' title='bbox 1817 3562 1966 3618; x_wconf 84' lang='lat' dir='ltr'><strong>velut</strong></span> <span class='ocrx_word' id='word_1_513' title='bbox 2015 3570 2349 3633; x_wconf 85' lang='lat' dir='ltr'><strong>genuerunt,</strong></span> <span class='ocrx_word' id='word_1_514' title='bbox 2397 3560 2609 3616; x_wconf 86' lang='lat' dir='ltr'><strong>idcirco</strong></span> <span class='ocrx_word' id='word_1_515' title='bbox 2657 3566 2918 3614; x_wconf 91' lang='lat' dir='ltr'><strong>neutrum</strong></span> <span class='ocrx_word' id='word_1_516' title='bbox 2973 3553 3395 3621; x_wconf 83' lang='lat' dir='ltr'><strong>Evangeliorum</strong></span> 
     </span>
    </p>
   </div>
   <div class='ocr_carea' id='block_1_73' title="bbox 141 3644 3401 3719">
    <p class='ocr_par' dir='ltr' id='par_1_73' title="bbox 141 3644 3401 3719">
     <span class='ocr_line' id='line_1_73' title="bbox 141 3644 3401 3719; baseline 0.002 -21"><span class='ocrx_word' id='word_1_517' title='bbox 141 3647 444 3711; x_wconf 76' lang='lat' dir='ltr'><strong>mentitur,</strong></span> <span class='ocrx_word' id='word_1_518' title='bbox 512 3644 644 3701; x_wconf 88' lang='lat' dir='ltr'><strong>dum</strong></span> <span class='ocrx_word' id='word_1_519' title='bbox 710 3648 768 3702; x_wconf 88' lang='lat' dir='ltr'><strong>et</strong></span> <span class='ocrx_word' id='word_1_520' title='bbox 811 3655 1064 3702; x_wconf 88' lang='lat' dir='ltr'><strong>naturam</strong></span> <span class='ocrx_word' id='word_1_521' title='bbox 1130 3657 1185 3703; x_wconf 89' lang='lat' dir='ltr'><strong>et</strong></span> <span class='ocrx_word' id='word_1_522' title='bbox 1252 3647 1426 3719; x_wconf 76' lang='lat' dir='ltr'><strong>legem</strong></span> <span class='ocrx_word' id='word_1_523' title='bbox 1492 3661 1766 3711; x_wconf 84' lang='lat' dir='ltr'><strong>numerat.</strong></span> <span class='ocrx_word' id='word_1_524' title='bbox 1823 3654 1960 3711; x_wconf 85' lang='lat' dir='ltr'><strong>Nam</strong></span> <span class='ocrx_word' id='word_1_525' title='bbox 2023 3666 2155 3713; x_wconf 90' lang='lat' dir='ltr'><strong>tum</strong></span> <span class='ocrx_word' id='word_1_526' title='bbox 2210 3654 2438 3710; x_wconf 67' lang='lat' dir='ltr'><strong>familia</strong></span> <span class='ocrx_word' id='word_1_527' title='bbox 2502 3652 2855 3718; x_wconf 88' lang='lat' dir='ltr'><strong>Salomonis,</strong></span> <span class='ocrx_word' id='word_1_528' title='bbox 2897 3658 2953 3707; x_wconf 87' lang='lat' dir='ltr'><strong>et</strong></span> <span class='ocrx_word' id='word_1_529' title='bbox 2992 3648 3242 3715; x_wconf 81' lang='lat' dir='ltr'><strong>Natban,</strong></span> <span class='ocrx_word' id='word_1_530' title='bbox 3304 3665 3401 3718; x_wconf 88' lang='lat' dir='ltr'><strong>per</strong></span> 
     </span>
    </p>
   </div>
   <div class='ocr_carea' id='block_1_74' title="bbox 142 3728 3397 3812">
    <p class='ocr_par' dir='ltr' id='par_1_74' title="bbox 142 3728 3397 3812">
     <span class='ocr_line' id='line_1_74' title="bbox 142 3728 3397 3812; baseline 0.002 -24"><span class='ocrx_word' id='word_1_531' title='bbox 142 3728 441 3789; x_wconf 81' lang='lat' dir='ltr'><strong>liberorum</strong></span> <span class='ocrx_word' id='word_1_532' title='bbox 486 3734 905 3791; x_wconf 87' lang='lat' dir='ltr'><strong>suscitationem</strong></span> <span class='ocrx_word' id='word_1_533' title='bbox 988 3752 1055 3793; x_wconf 89' lang='lat' dir='ltr'><strong>ac</strong></span> <span class='ocrx_word' id='word_1_534' title='bbox 1108 3739 1341 3809; x_wconf 87' lang='lat' dir='ltr'><strong>repetita</strong></span> <span class='ocrx_word' id='word_1_535' title='bbox 1406 3742 1757 3800; x_wconf 87' lang='lat' dir='ltr'><strong>matrimonia</strong></span> <span class='ocrx_word' id='word_1_536' title='bbox 1828 3746 1975 3804; x_wconf 89' lang='lat' dir='ltr'><strong>inter</strong></span> <span class='ocrx_word' id='word_1_537' title='bbox 2040 3763 2099 3805; x_wconf 87' lang='lat' dir='ltr'><strong>se</strong></span> <span class='ocrx_word' id='word_1_538' title='bbox 2155 3761 2420 3804; x_wconf 73' lang='lat' dir='ltr'><strong>connexa:</strong></span> <span class='ocrx_word' id='word_1_539' title='bbox 2470 3753 2649 3803; x_wconf 87' lang='lat' dir='ltr'><strong>erant.</strong></span> <span class='ocrx_word' id='word_1_540' title='bbox 2681 3741 2751 3800; x_wconf 90' lang='lat' dir='ltr'><strong>Ut</strong></span> <span class='ocrx_word' id='word_1_541' title='bbox 2813 3752 2994 3799; x_wconf 89' lang='lat' dir='ltr'><strong>autem</strong></span> <span class='ocrx_word' id='word_1_542' title='bbox 3046 3740 3397 3812; x_wconf 88' lang='lat' dir='ltr'><strong>perspicuum</strong></span> 
     </span>
    </p>
   </div>
   <div class='ocr_carea' id='block_1_75' title="bbox 142 3821 1645 3902">
    <p class='ocr_par' dir='ltr' id='par_1_75' title="bbox 142 3821 1645 3902">
     <span class='ocr_line' id='line_1_75' title="bbox 142 3821 1645 3902; baseline 0.011 -28"><span class='ocrx_word' id='word_1_543' title='bbox 142 3821 208 3875; x_wconf 80' lang='lat' dir='ltr'><strong>sit</strong></span> <span class='ocrx_word' id='word_1_544' title='bbox 231 3824 378 3894; x_wconf 91' lang='lat' dir='ltr'><strong>quod</strong></span> <span class='ocrx_word' id='word_1_545' title='bbox 412 3825 563 3888; x_wconf 90' lang='lat' dir='ltr'><strong>dico,</strong></span> <span class='ocrx_word' id='word_1_546' title='bbox 602 3841 861 3897; x_wconf 89' lang='lat' dir='ltr'><strong>generum</strong></span> <span class='ocrx_word' id='word_1_547' title='bbox 896 3828 1310 3897; x_wconf 86' lang='lat' dir='ltr'><strong>permistionem</strong></span> <span class='ocrx_word' id='word_1_548' title='bbox 1348 3846 1645 3902; x_wconf 80' lang='lat' dir='ltr'><strong>exponam.</strong></span> 
     </span>
    </p>
   </div>
   <div class='ocr_carea' id='block_1_76' title="bbox 216 3915 1719 3990">
    <p class='ocr_par' dir='ltr' id='par_1_76' title="bbox 216 3915 1719 3990">
     <span class='ocr_line' id='line_1_76' title="bbox 216 3915 1719 3990; baseline 0.008 -22"><span class='ocrx_word' id='word_1_549' title='bbox 216 3916 358 3970; x_wconf 66' lang='lat' dir='ltr'><strong>‘A&#39;nb</strong></span> <span class='ocrx_word' id='word_1_550' title='bbox 390 3915 487 3971; x_wconf 79' lang='grc' dir='ltr'><strong>τοῦ</strong></span> <span class='ocrx_word' id='word_1_551' title='bbox 515 3916 685 3971; x_wconf 74' lang='grc' dir='ltr'>Δασὶδ</span> <span class='ocrx_word' id='word_1_552' title='bbox 703 3916 792 3972; x_wconf 78' lang='grc' dir='ltr'>διὰ</span> <span class='ocrx_word' id='word_1_553' title='bbox 826 3918 1178 3988; x_wconf 78' lang='grc' dir='ltr'>Σολομῶντος</span> <span class='ocrx_word' id='word_1_554' title='bbox 1200 3920 1300 3986; x_wconf 81' lang='grc' dir='ltr'><strong>τάς</strong></span> <span class='ocrx_word' id='word_1_555' title='bbox 1343 3923 1536 3990; x_wconf 83' lang='grc' dir='ltr'>γενεάς</span> <span class='ocrx_word' id='word_1_556' title='bbox 1585 3942 1719 3980; x_wconf 88' lang='grc' dir='ltr'>κατ-</span> 
     </span>
    </p>
   </div>
   <div class='ocr_carea' id='block_1_77' title="bbox 140 4007 1717 4085">
    <p class='ocr_par' dir='ltr' id='par_1_77' title="bbox 140 4007 1717 4085">
     <span class='ocr_line' id='line_1_77' title="bbox 140 4007 1717 4085; baseline 0.008 -26"><span class='ocrx_word' id='word_1_557' title='bbox 140 4007 588 4080; x_wconf 73' lang='grc' dir='ltr'>αριθμουμένοις,</span> <span class='ocrx_word' id='word_1_558' title='bbox 599 4009 781 4081; x_wconf 86' lang='grc' dir='ltr'>τρίτος</span> <span class='ocrx_word' id='word_1_559' title='bbox 800 4010 911 4063; x_wconf 81' lang='grc' dir='ltr'><strong>ἀπὸ</strong></span> <span class='ocrx_word' id='word_1_560' title='bbox 934 4010 1121 4075; x_wconf 83' lang='grc' dir='ltr'>τέλους</span> <span class='ocrx_word' id='word_1_561' title='bbox 1139 4012 1455 4085; x_wconf 80' lang='grc' dir='ltr'>εὑρίσκεται</span> <span class='ocrx_word' id='word_1_562' title='bbox 1469 4016 1717 4084; x_wconf 83' lang='grc' dir='ltr'>Ματθάν,</span> 
     </span>
    </p>
   </div>
   <div class='ocr_carea' id='block_1_78' title="bbox 140 4098 1718 4180">
    <p class='ocr_par' dir='ltr' id='par_1_78' title="bbox 140 4098 1718 4180">
     <span class='ocr_line' id='line_1_78' title="bbox 140 4098 1718 4180; baseline 0.008 -29"><span class='ocrx_word' id='word_1_563' title='bbox 140 4098 481 4171; x_wconf 75' lang='grc' dir='ltr'>δςὲγέννησε</span> <span class='ocrx_word' id='word_1_564' title='bbox 539 4103 634 4157; x_wconf 76' lang='grc' dir='ltr'>τὸν</span> <span class='ocrx_word' id='word_1_565' title='bbox 684 4101 904 4166; x_wconf 74' lang='grc' dir='ltr'>Ἰακὼϐ,</span> <span class='ocrx_word' id='word_1_566' title='bbox 932 4101 1027 4156; x_wconf 82' lang='grc' dir='ltr'><strong>τοῦ</strong></span> <span class='ocrx_word' id='word_1_567' title='bbox 1094 4103 1292 4174; x_wconf 79' lang='grc' dir='ltr'><strong>Ἰωσὴφ</strong></span> <span class='ocrx_word' id='word_1_568' title='bbox 1347 4104 1441 4159; x_wconf 81' lang='grc' dir='ltr'>τὸν</span> <span class='ocrx_word' id='word_1_569' title='bbox 1485 4108 1718 4180; x_wconf 84' lang='grc' dir='ltr'>πατέρα.</span> 
     </span>
    </p>
   </div>
   <div class='ocr_carea' id='block_1_79' title="bbox 1894 3918 3402 3996">
    <p class='ocr_par' dir='ltr' id='par_1_79' title="bbox 1894 3918 3402 3996">
     <span class='ocr_line' id='line_1_79' title="bbox 1894 3918 3402 3996; baseline -0.009 -15"><span class='ocrx_word' id='word_1_570' title='bbox 1894 3928 1940 3981; x_wconf 77' lang='grc' dir='ltr'><strong>Δ</strong></span> <span class='ocrx_word' id='word_1_571' title='bbox 1969 3925 2174 3981; x_wconf 84' lang='lat' dir='ltr'><strong>Davide</strong></span> <span class='ocrx_word' id='word_1_572' title='bbox 2202 3939 2299 3996; x_wconf 87' lang='lat' dir='ltr'><strong>per</strong></span> <span class='ocrx_word' id='word_1_573' title='bbox 2317 3923 2666 3979; x_wconf 85' lang='lat' dir='ltr'><strong>Salomoncm</strong></span> <span class='ocrx_word' id='word_1_574' title='bbox 2683 3918 3068 3993; x_wconf 85' lang='lat' dir='ltr'><strong>generationes</strong></span> <span class='ocrx_word' id='word_1_575' title='bbox 3106 3930 3402 3969; x_wconf 85' lang='lat' dir='ltr'><strong>recensen-</strong></span> 
     </span>
    </p>
   </div>
   <div class='ocr_carea' id='block_1_80' title="bbox 1827 4003 3400 4080">
    <p class='ocr_par' dir='ltr' id='par_1_80' title="bbox 1827 4003 3400 4080">
     <span class='ocr_line' id='line_1_80' title="bbox 1827 4003 3400 4080; baseline -0.008 -11"><span class='ocrx_word' id='word_1_576' title='bbox 1827 4014 1997 4080; x_wconf 86' lang='lat' dir='ltr'><strong>tibus,</strong></span> <span class='ocrx_word' id='word_1_577' title='bbox 2030 4013 2230 4070; x_wconf 90' lang='lat' dir='ltr'><strong>tertius</strong></span> <span class='ocrx_word' id='word_1_578' title='bbox 2272 4027 2302 4066; x_wconf 91' lang='lat' dir='ltr'><strong>a</strong></span> <span class='ocrx_word' id='word_1_579' title='bbox 2330 4011 2440 4067; x_wconf 83' lang='lat' dir='ltr'><strong>ﬁne</strong></span> <span class='ocrx_word' id='word_1_580' title='bbox 2464 4009 2682 4065; x_wconf 77' lang='lat' dir='ltr'><strong>Matlian</strong></span> <span class='ocrx_word' id='word_1_581' title='bbox 2713 4008 3007 4078; x_wconf 89' lang='lat' dir='ltr'><strong>reperitur,</strong></span> <span class='ocrx_word' id='word_1_582' title='bbox 3028 4007 3119 4078; x_wconf 91' lang='lat' dir='ltr'><strong>qui</strong></span> <span class='ocrx_word' id='word_1_583' title='bbox 3135 4003 3400 4059; x_wconf 82' lang='lat' dir='ltr'><strong>Jacobum</strong></span> 
     </span>
    </p>
   </div>
   <div class='ocr_carea' id='block_1_81' title="bbox 1825 4097 3403 4177">
    <p class='ocr_par' dir='ltr' id='par_1_81' title="bbox 1825 4097 3403 4177">
     <span class='ocr_line' id='line_1_81' title="bbox 1825 4097 3403 4177; baseline -0.007 -15"><span class='ocrx_word' id='word_1_584' title='bbox 1825 4106 2048 4177; x_wconf 81' lang='lat' dir='ltr'><strong>Josepbi</strong></span> <span class='ocrx_word' id='word_1_585' title='bbox 2090 4113 2299 4177; x_wconf 89' lang='lat' dir='ltr'><strong>patrem</strong></span> <span class='ocrx_word' id='word_1_586' title='bbox 2337 4105 2551 4174; x_wconf 85' lang='lat' dir='ltr'><strong>genuit.</strong></span> <span class='ocrx_word' id='word_1_587' title='bbox 2599 4102 2646 4157; x_wconf 87' lang='lat' dir='ltr'><strong>A</strong></span> <span class='ocrx_word' id='word_1_588' title='bbox 2691 4100 2905 4157; x_wconf 87' lang='lat' dir='ltr'><strong>Natban</strong></span> <span class='ocrx_word' id='word_1_589' title='bbox 2948 4108 3128 4154; x_wconf 86' lang='lat' dir='ltr'><strong>autem</strong></span> <span class='ocrx_word' id='word_1_590' title='bbox 3184 4097 3403 4151; x_wconf 75' lang='lat' dir='ltr'><strong>Davidis</strong></span> 
     </span>
    </p>
   </div>
   <div class='ocr_carea' id='block_1_82' title="bbox 154 4186 1702 4268">
    <p class='ocr_par' dir='ltr' id='par_1_82' title="bbox 154 4187 1702 4268">
     <span class='ocr_line' id='line_1_82' title="bbox 154 4187 1702 4268; baseline 0.006 -25"><span class='ocrx_word' id='word_1_591' title='bbox 154 4187 365 4245; x_wconf 59' lang='lat' dir='ltr'><strong>unus</strong></span> <span class='ocrx_word' id='word_1_592' title='bbox 400 4190 592 4245; x_wconf 81' lang='grc' dir='ltr'>Νάθαν</span> <span class='ocrx_word' id='word_1_593' title='bbox 646 4190 743 4244; x_wconf 81' lang='grc' dir='ltr'>τοῦ</span> <span class='ocrx_word' id='word_1_594' title='bbox 794 4191 961 4245; x_wconf 72' lang='grc' dir='ltr'><strong>Δαόὶδ</strong></span> <span class='ocrx_word' id='word_1_595' title='bbox 1026 4192 1168 4246; x_wconf 83' lang='grc' dir='ltr'>κατὰ</span> <span class='ocrx_word' id='word_1_596' title='bbox 1221 4196 1457 4264; x_wconf 80' lang='grc' dir='ltr'>Λουκᾶν,</span> <span class='ocrx_word' id='word_1_597' title='bbox 1519 4198 1702 4268; x_wconf 66' lang='grc' dir='ltr'>ὁμοίως</span> 
     </span>
    </p>
   </div>
   <div class='ocr_carea' id='block_1_83' title="bbox 1894 4186 3403 4268">
    <p class='ocr_par' dir='ltr' id='par_1_83' title="bbox 1894 4186 3403 4268">
     <span class='ocr_line' id='line_1_83' title="bbox 1894 4186 3403 4268; baseline -0.007 -18"><span class='ocrx_word' id='word_1_598' title='bbox 1894 4197 1940 4251; x_wconf 87' lang='lat' dir='ltr'><strong>io</strong></span> <span class='ocrx_word' id='word_1_599' title='bbox 1963 4196 2122 4268; x_wconf 81' lang='lat' dir='ltr'><strong>juxta</strong></span> <span class='ocrx_word' id='word_1_600' title='bbox 2154 4195 2382 4259; x_wconf 88' lang='lat' dir='ltr'><strong>Lucam,</strong></span> <span class='ocrx_word' id='word_1_601' title='bbox 2411 4194 2602 4250; x_wconf 90' lang='lat' dir='ltr'><strong>eodem</strong></span> <span class='ocrx_word' id='word_1_602' title='bbox 2639 4193 2802 4247; x_wconf 85' lang='lat' dir='ltr'><strong>modo</strong></span> <span class='ocrx_word' id='word_1_603' title='bbox 2820 4190 3047 4265; x_wconf 57' lang='lat' dir='ltr'><strong>,tertius</strong></span> <span class='ocrx_word' id='word_1_604' title='bbox 3073 4205 3101 4242; x_wconf 90' lang='lat' dir='ltr'><strong>a</strong></span> <span class='ocrx_word' id='word_1_605' title='bbox 3138 4187 3242 4243; x_wconf 85' lang='lat' dir='ltr'><strong>line</strong></span> <span class='ocrx_word' id='word_1_606' title='bbox 3268 4186 3403 4241; x_wconf 77' lang='lat' dir='ltr'><strong>Mel-</strong></span> 
     </span>
    </p>
   </div>
   <div class='ocr_carea' id='block_1_84' title="bbox 144 4279 1702 4359">
    <p class='ocr_par' dir='ltr' id='par_1_84' title="bbox 144 4279 1702 4359">
     <span class='ocr_line' id='line_1_84' title="bbox 144 4279 1702 4359; baseline 0.01 -30"><span class='ocrx_word' id='word_1_607' title='bbox 144 4279 322 4347; x_wconf 77' lang='grc' dir='ltr'>τρίτος</span> <span class='ocrx_word' id='word_1_608' title='bbox 356 4282 468 4336; x_wconf 83' lang='grc' dir='ltr'><strong>άπδ</strong></span> <span class='ocrx_word' id='word_1_609' title='bbox 497 4282 691 4346; x_wconf 78' lang='grc' dir='ltr'>τέλους</span> <span class='ocrx_word' id='word_1_610' title='bbox 739 4282 940 4353; x_wconf 74' lang='grc' dir='ltr'>Μελχί’</span> <span class='ocrx_word' id='word_1_611' title='bbox 994 4284 1208 4338; x_wconf 79' lang='grc' dir='ltr'>Σκοποῦ</span> <span class='ocrx_word' id='word_1_612' title='bbox 1233 4286 1413 4340; x_wconf 87' lang='grc' dir='ltr'>τοίνυν</span> <span class='ocrx_word' id='word_1_613' title='bbox 1441 4290 1576 4359; x_wconf 83' lang='grc' dir='ltr'>ἡμῖν</span> <span class='ocrx_word' id='word_1_614' title='bbox 1608 4308 1702 4344; x_wconf 87' lang='grc' dir='ltr'>κει·</span> 
     </span>
    </p>
   </div>
   <div class='ocr_carea' id='block_1_85' title="bbox 1894 4279 3402 4359">
    <p class='ocr_par' dir='ltr' id='par_1_85' title="bbox 1896 4280 3402 4354">
     <span class='ocr_line' id='line_1_85' title="bbox 1896 4280 3402 4354; baseline -0.008 -12"><span class='ocrx_word' id='word_1_615' title='bbox 1896 4287 1932 4341; x_wconf 92' lang='lat' dir='ltr'><strong>i.</strong></span> <span class='ocrx_word' id='word_1_616' title='bbox 1968 4286 2242 4354; x_wconf 74' lang='lat' dir='ltr'><strong>Quocirca</strong></span> <span class='ocrx_word' id='word_1_617' title='bbox 2265 4300 2391 4340; x_wconf 91' lang='lat' dir='ltr'><strong>cum</strong></span> <span class='ocrx_word' id='word_1_618' title='bbox 2419 4281 2623 4353; x_wconf 71' lang='lat' dir='ltr'><strong>Ioseph</strong></span> <span class='ocrx_word' id='word_1_619' title='bbox 2674 4280 2836 4337; x_wconf 90' lang='lat' dir='ltr'><strong>nobis</strong></span> <span class='ocrx_word' id='word_1_620' title='bbox 2876 4295 2976 4350; x_wconf 85' lang='lat' dir='ltr'><strong>pro</strong></span> <span class='ocrx_word' id='word_1_621' title='bbox 3005 4293 3174 4348; x_wconf 80' lang='lat' dir='ltr'><strong>scapo</strong></span> <span class='ocrx_word' id='word_1_622' title='bbox 3202 4292 3402 4347; x_wconf 87' lang='lat' dir='ltr'><strong>propo-</strong></span> 
     </span>
    </p>
   </div>
   <div class='ocr_carea' id='block_1_86' title="bbox 150 4369 1702 4452">
    <p class='ocr_par' dir='ltr' id='par_1_86' title="bbox 150 4369 1698 4452">
     <span class='ocr_line' id='line_1_86' title="bbox 150 4369 1698 4452; baseline 0.008 -29"><span class='ocrx_word' id='word_1_623' title='bbox 150 4369 308 4435; x_wconf 64' lang='grc' dir='ltr'>μένου</span> <span class='ocrx_word' id='word_1_624' title='bbox 367 4372 467 4428; x_wconf 80' lang='grc' dir='ltr'><strong>τοῦ</strong></span> <span class='ocrx_word' id='word_1_625' title='bbox 513 4371 736 4444; x_wconf 79' lang='grc' dir='ltr'>Ἰωσὴφ,</span> <span class='ocrx_word' id='word_1_626' title='bbox 765 4372 1141 4439; x_wconf 78' lang='grc' dir='ltr'>ἀποδεικτέον,</span> <span class='ocrx_word' id='word_1_627' title='bbox 1193 4376 1311 4441; x_wconf 82' lang='grc' dir='ltr'><strong>πῶς</strong></span> <span class='ocrx_word' id='word_1_628' title='bbox 1345 4377 1606 4452; x_wconf 78' lang='grc' dir='ltr'>ἑκάτερος</span> <span class='ocrx_word' id='word_1_629' title='bbox 1630 4380 1698 4435; x_wconf 81' lang='grc' dir='ltr'>αὑ</span> 
     </span>
    </p>
   </div>
   <div class='ocr_carea' id='block_1_87' title="bbox 1894 4369 3404 4452">
    <p class='ocr_par' dir='ltr' id='par_1_87' title="bbox 1899 4373 3404 4444">
     <span class='ocr_line' id='line_1_87' title="bbox 1899 4373 3404 4444; baseline -0.009 -13"><span class='ocrx_word' id='word_1_630' title='bbox 1899 4385 2007 4444; x_wconf 88' lang='lat' dir='ltr'><strong>tur,</strong></span> <span class='ocrx_word' id='word_1_631' title='bbox 2033 4373 2526 4432; x_wconf 89' lang='lat' dir='ltr'><strong>demonstrandum</strong></span> <span class='ocrx_word' id='word_1_632' title='bbox 2562 4382 2647 4428; x_wconf 88' lang='lat' dir='ltr'><strong>est</strong></span> <span class='ocrx_word' id='word_1_633' title='bbox 2693 4386 2930 4442; x_wconf 87' lang='lat' dir='ltr'><strong>quonam</strong></span> <span class='ocrx_word' id='word_1_634' title='bbox 2971 4380 3132 4439; x_wconf 90' lang='lat' dir='ltr'><strong>pacto</strong></span> <span class='ocrx_word' id='word_1_635' title='bbox 3171 4380 3404 4437; x_wconf 78' lang='lat' dir='ltr'><strong>uterque.</strong></span> 
     </span>
    </p>
   </div>
   <div class='ocr_carea' id='block_1_88' title="bbox 146 4460 1702 4541">
    <p class='ocr_par' dir='ltr' id='par_1_88' title="bbox 146 4460 1702 4540">
     <span class='ocr_line' id='line_1_88' title="bbox 146 4460 1702 4540; baseline 0.008 -26"><span class='ocrx_word' id='word_1_636' title='bbox 146 4460 235 4514; x_wconf 73' lang='grc' dir='ltr'><strong>τοῦ</strong></span> <span class='ocrx_word' id='word_1_637' title='bbox 258 4464 443 4536; x_wconf 73' lang='grc' dir='ltr'>πατὴρ</span> <span class='ocrx_word' id='word_1_638' title='bbox 494 4464 805 4536; x_wconf 81' lang='grc' dir='ltr'>ἱστόρηται,</span> <span class='ocrx_word' id='word_1_639' title='bbox 836 4465 866 4519; x_wconf 82' lang='grc' dir='ltr'><strong>ὃ</strong></span> <span class='ocrx_word' id='word_1_640' title='bbox 885 4482 945 4519; x_wconf 90' lang='grc' dir='ltr'><strong>τε</strong></span> <span class='ocrx_word' id='word_1_641' title='bbox 979 4464 1178 4520; x_wconf 79' lang='grc' dir='ltr'>Ἰακὼϐ</span> <span class='ocrx_word' id='word_1_642' title='bbox 1216 4468 1325 4522; x_wconf 80' lang='grc' dir='ltr'><strong>ἀπὸ</strong></span> <span class='ocrx_word' id='word_1_643' title='bbox 1354 4468 1702 4540; x_wconf 77' lang='grc' dir='ltr'>Σολομῶντος</span> 
     </span>
    </p>
   </div>
   <div class='ocr_carea' id='block_1_89' title="bbox 1894 4460 3401 4541">
    <p class='ocr_par' dir='ltr' id='par_1_89' title="bbox 1894 4460 3401 4540">
     <span class='ocr_line' id='line_1_89' title="bbox 1894 4460 3401 4540; baseline -0.009 -15"><span class='ocrx_word' id='word_1_644' title='bbox 1894 4471 1998 4526; x_wconf 75' lang='lat' dir='ltr'><strong>sius</strong></span> <span class='ocrx_word' id='word_1_645' title='bbox 2022 4478 2177 4540; x_wconf 88' lang='lat' dir='ltr'><strong>pater</strong></span> <span class='ocrx_word' id='word_1_646' title='bbox 2199 4483 2324 4524; x_wconf 86' lang='lat' dir='ltr'><strong>esse</strong></span> <span class='ocrx_word' id='word_1_647' title='bbox 2343 4466 2545 4522; x_wconf 85' lang='lat' dir='ltr'><strong>divinis</strong></span> <span class='ocrx_word' id='word_1_648' title='bbox 2566 4464 2790 4519; x_wconf 85' lang='lat' dir='ltr'><strong>Litteris</strong></span> <span class='ocrx_word' id='word_1_649' title='bbox 2821 4461 3106 4533; x_wconf 86' lang='lat' dir='ltr'><strong>prodatur,</strong></span> <span class='ocrx_word' id='word_1_650' title='bbox 3142 4460 3401 4514; x_wconf 88' lang='lat' dir='ltr'><strong>nimirum</strong></span> 
     </span>
    </p>
   </div>
   <div class='ocr_carea' id='block_1_90' title="bbox 150 4547 1702 4631">
    <p class='ocr_par' dir='ltr' id='par_1_90' title="bbox 150 4554 1702 4631">
     <span class='ocr_line' id='line_1_90' title="bbox 150 4554 1702 4631; baseline 0.007 -25"><span class='ocrx_word' id='word_1_651' title='bbox 150 4554 237 4606; x_wconf 74' lang='lat' dir='ltr'><strong>ui.</strong></span> <span class='ocrx_word' id='word_1_652' title='bbox 273 4554 426 4611; x_wconf 73' lang='grc' dir='ltr'>Ἠλεὶ</span> <span class='ocrx_word' id='word_1_653' title='bbox 453 4555 566 4609; x_wconf 76' lang='grc' dir='ltr'>άπὸ</span> <span class='ocrx_word' id='word_1_654' title='bbox 591 4555 689 4609; x_wconf 82' lang='grc' dir='ltr'>τοῦ</span> <span class='ocrx_word' id='word_1_655' title='bbox 735 4555 952 4627; x_wconf 82' lang='grc' dir='ltr'>Νάθαν,</span> <span class='ocrx_word' id='word_1_656' title='bbox 979 4557 1239 4628; x_wconf 78' lang='grc' dir='ltr'>ἑκάτερον</span> <span class='ocrx_word' id='word_1_657' title='bbox 1273 4558 1429 4626; x_wconf 85' lang='grc' dir='ltr'>γένος</span> <span class='ocrx_word' id='word_1_658' title='bbox 1453 4561 1702 4631; x_wconf 79' lang='grc' dir='ltr'>κατάγονι</span> 
     </span>
    </p>
   </div>
   <div class='ocr_carea' id='block_1_91' title="bbox 1894 4547 3401 4631">
    <p class='ocr_par' dir='ltr' id='par_1_91' title="bbox 1917 4547 3401 4631">
     <span class='ocr_line' id='line_1_91' title="bbox 1917 4547 3401 4631; baseline -0.009 -16"><span class='ocrx_word' id='word_1_659' title='bbox 1917 4559 2118 4631; x_wconf 78' lang='lat' dir='ltr'><strong>.loseph</strong></span> <span class='ocrx_word' id='word_1_660' title='bbox 2159 4560 2254 4631; x_wconf 92' lang='lat' dir='ltr'><strong>qui</strong></span> <span class='ocrx_word' id='word_1_661' title='bbox 2294 4572 2324 4612; x_wconf 87' lang='lat' dir='ltr'><strong>a</strong></span> <span class='ocrx_word' id='word_1_662' title='bbox 2373 4558 2669 4613; x_wconf 87' lang='lat' dir='ltr'><strong>Salomone</strong></span> <span class='ocrx_word' id='word_1_663' title='bbox 2717 4564 2899 4610; x_wconf 90' lang='lat' dir='ltr'><strong>ortum</strong></span> <span class='ocrx_word' id='word_1_664' title='bbox 2950 4551 3136 4618; x_wconf 78' lang='lat' dir='ltr'><strong>traxit,</strong></span> <span class='ocrx_word' id='word_1_665' title='bbox 3175 4560 3232 4606; x_wconf 86' lang='lat' dir='ltr'><strong>et</strong></span> <span class='ocrx_word' id='word_1_666' title='bbox 3284 4547 3401 4603; x_wconf 79' lang='lat' dir='ltr'><strong>Heli</strong></span> 
     </span>
    </p>
   </div>
   <div class='ocr_carea' id='block_1_92' title="bbox 149 4640 1702 4733">
    <p class='ocr_par' dir='ltr' id='par_1_92' title="bbox 149 4642 1699 4733">
     <span class='ocr_line' id='line_1_92' title="bbox 149 4642 1699 4733; baseline 0.003 -31"><span class='ocrx_word' id='word_1_667' title='bbox 149 4657 256 4709; x_wconf 72' lang='grc' dir='ltr'><strong>τις.</strong></span> <span class='ocrx_word' id='word_1_668' title='bbox 309 4647 429 4703; x_wconf 77' lang='grc' dir='ltr'><strong>Καὶ</strong></span> <span class='ocrx_word' id='word_1_669' title='bbox 453 4648 521 4719; x_wconf 81' lang='grc' dir='ltr'>δὴ</span> <span class='ocrx_word' id='word_1_670' title='bbox 551 4642 688 4703; x_wconf 77' lang='grc' dir='ltr'><strong>οὖνὸ</strong></span> <span class='ocrx_word' id='word_1_671' title='bbox 707 4664 768 4701; x_wconf 90' lang='grc' dir='ltr'><strong>τε</strong></span> <span class='ocrx_word' id='word_1_672' title='bbox 790 4648 1020 4703; x_wconf 76' lang='grc' dir='ltr'>Ματθάν</span> <span class='ocrx_word' id='word_1_673' title='bbox 1074 4648 1171 4702; x_wconf 65' lang='grc' dir='ltr'><strong>καὶ⁸</strong></span> <span class='ocrx_word' id='word_1_674' title='bbox 1194 4649 1224 4701; x_wconf 80' lang='grc' dir='ltr'><strong>ὁ</strong></span> <span class='ocrx_word' id='word_1_675' title='bbox 1244 4650 1445 4733; x_wconf 75' lang='grc' dir='ltr'>Μελχὶ,</span> <span class='ocrx_word' id='word_1_676' title='bbox 1476 4651 1535 4705; x_wconf 73' lang='grc' dir='ltr'>ἐν</span> <span class='ocrx_word' id='word_1_677' title='bbox 1564 4652 1699 4725; x_wconf 82' lang='grc' dir='ltr'>μέρε</span> 
     </span>
    </p>
   </div>
   <div class='ocr_carea' id='block_1_93' title="bbox 1894 4640 3402 4733">
    <p class='ocr_par' dir='ltr' id='par_1_93' title="bbox 1894 4640 3402 4721">
     <span class='ocr_line' id='line_1_93' title="bbox 1894 4640 3402 4721; baseline -0.009 -14"><span class='ocrx_word' id='word_1_678' title='bbox 1894 4652 1924 4707; x_wconf 83' lang='grc' dir='ltr'>ιὶ</span> <span class='ocrx_word' id='word_1_679' title='bbox 1961 4667 1992 4706; x_wconf 89' lang='lat' dir='ltr'><strong>a</strong></span> <span class='ocrx_word' id='word_1_680' title='bbox 2040 4650 2279 4706; x_wconf 87' lang='lat' dir='ltr'><strong>Natban.</strong></span> <span class='ocrx_word' id='word_1_681' title='bbox 2328 4649 2473 4721; x_wconf 85' lang='lat' dir='ltr'><strong>Ergo</strong></span> <span class='ocrx_word' id='word_1_682' title='bbox 2501 4657 2556 4703; x_wconf 90' lang='lat' dir='ltr'><strong>et</strong></span> <span class='ocrx_word' id='word_1_683' title='bbox 2584 4645 2807 4701; x_wconf 76' lang='lat' dir='ltr'><strong>Mathnn</strong></span> <span class='ocrx_word' id='word_1_684' title='bbox 2839 4652 2894 4701; x_wconf 90' lang='lat' dir='ltr'><strong>et</strong></span> <span class='ocrx_word' id='word_1_685' title='bbox 2922 4642 3116 4698; x_wconf 82' lang='lat' dir='ltr'><strong>Melchi</strong></span> <span class='ocrx_word' id='word_1_686' title='bbox 3158 4640 3402 4697; x_wconf 76' lang='lat' dir='ltr'><strong>eamdem</strong></span> 
     </span>
    </p>
   </div>
   <div class='ocr_carea' id='block_1_94' title="bbox 151 4734 1702 4816">
    <p class='ocr_par' dir='ltr' id='par_1_94' title="bbox 151 4734 1702 4816">
     <span class='ocr_line' id='line_1_94' title="bbox 151 4734 1702 4816; baseline 0.005 -27"><span class='ocrx_word' id='word_1_687' title='bbox 151 4734 242 4803; x_wconf 70' lang='grc' dir='ltr'>τὴν</span> <span class='ocrx_word' id='word_1_688' title='bbox 262 4739 438 4813; x_wconf 70' lang='grc' dir='ltr'>αὐτὴν</span> <span class='ocrx_word' id='word_1_689' title='bbox 480 4740 744 4812; x_wconf 84' lang='grc' dir='ltr'>ἀγόμενοι</span> <span class='ocrx_word' id='word_1_690' title='bbox 789 4743 1048 4810; x_wconf 82' lang='grc' dir='ltr'>γυναῖκα,</span> <span class='ocrx_word' id='word_1_691' title='bbox 1076 4743 1446 4815; x_wconf 83' lang='grc' dir='ltr'>ὁμομητρίους</span> <span class='ocrx_word' id='word_1_692' title='bbox 1462 4744 1702 4816; x_wconf 58' lang='grc' dir='ltr'>άδελφοίω</span> 
     </span>
    </p>
   </div>
   <div class='ocr_carea' id='block_1_95' title="bbox 1894 4734 3405 4816">
    <p class='ocr_par' dir='ltr' id='par_1_95' title="bbox 1894 4735 3405 4805">
     <span class='ocr_line' id='line_1_95' title="bbox 1894 4735 3405 4805; baseline -0.009 -6"><span class='ocrx_word' id='word_1_693' title='bbox 1894 4759 2060 4801; x_wconf 82' lang='lat' dir='ltr'><strong>:orem</strong></span> <span class='ocrx_word' id='word_1_694' title='bbox 2100 4744 2349 4799; x_wconf 81' lang='lat' dir='ltr'><strong>vicissim</strong></span> <span class='ocrx_word' id='word_1_695' title='bbox 2397 4741 2665 4798; x_wconf 88' lang='lat' dir='ltr'><strong>ducentes</strong></span> <span class='ocrx_word' id='word_1_696' title='bbox 2689 4778 2705 4805; x_wconf 89' lang='lat'><strong>,</strong></span> <span class='ocrx_word' id='word_1_697' title='bbox 2742 4738 2993 4794; x_wconf 88' lang='lat' dir='ltr'><strong>uterinos</strong></span> <span class='ocrx_word' id='word_1_698' title='bbox 3042 4735 3244 4790; x_wconf 81' lang='lat' dir='ltr'><strong>fratres</strong></span> <span class='ocrx_word' id='word_1_699' title='bbox 3278 4749 3405 4803; x_wconf 88' lang='lat' dir='ltr'><strong>pro-</strong></span> 
     </span>
    </p>
   </div>
   <div class='ocr_carea' id='block_1_96' title="bbox 155 4826 1702 4908">
    <p class='ocr_par' dir='ltr' id='par_1_96' title="bbox 155 4826 1702 4908">
     <span class='ocr_line' id='line_1_96' title="bbox 155 4826 1702 4908; baseline 0.008 -30"><span class='ocrx_word' id='word_1_700' title='bbox 155 4826 660 4904; x_wconf 65' lang='grc' dir='ltr'>ἱπαιδοποιήσαντο,</span> <span class='ocrx_word' id='word_1_701' title='bbox 707 4832 803 4886; x_wconf 85' lang='grc' dir='ltr'>τοῦ</span> <span class='ocrx_word' id='word_1_702' title='bbox 828 4832 996 4905; x_wconf 85' lang='grc' dir='ltr'>νόμου</span> <span class='ocrx_word' id='word_1_703' title='bbox 1026 4835 1102 4905; x_wconf 78' lang='grc' dir='ltr'>μὴ</span> <span class='ocrx_word' id='word_1_704' title='bbox 1133 4834 1437 4900; x_wconf 83' lang='grc' dir='ltr'>κωλύοντος</span> <span class='ocrx_word' id='word_1_705' title='bbox 1465 4837 1702 4908; x_wconf 60' lang='grc' dir='ltr'>χηρεύουη</span> 
     </span>
    </p>
   </div>
   <div class='ocr_carea' id='block_1_97' title="bbox 1894 4826 3408 4908">
    <p class='ocr_par' dir='ltr' id='par_1_97' title="bbox 1894 4829 3408 4904">
     <span class='ocr_line' id='line_1_97' title="bbox 1894 4829 3408 4904; baseline -0.006 -15"><span class='ocrx_word' id='word_1_706' title='bbox 1894 4842 2112 4889; x_wconf 88' lang='lat' dir='ltr'><strong>earunt.</strong></span> <span class='ocrx_word' id='word_1_707' title='bbox 2150 4832 2338 4904; x_wconf 83' lang='lat' dir='ltr'><strong>Neque</strong></span> <span class='ocrx_word' id='word_1_708' title='bbox 2365 4832 2510 4888; x_wconf 88' lang='lat' dir='ltr'><strong>enim</strong></span> <span class='ocrx_word' id='word_1_709' title='bbox 2553 4832 2641 4887; x_wconf 79' lang='lat' dir='ltr'><strong>lex</strong></span> <span class='ocrx_word' id='word_1_710' title='bbox 2680 4829 3029 4902; x_wconf 84' lang='lat' dir='ltr'><strong>prohibebat,</strong></span> <span class='ocrx_word' id='word_1_711' title='bbox 3064 4845 3135 4885; x_wconf 87' lang='lat' dir='ltr'><strong>ne</strong></span> <span class='ocrx_word' id='word_1_712' title='bbox 3163 4844 3250 4891; x_wconf 86' lang='lat' dir='ltr'><strong>ea,</strong></span> <span class='ocrx_word' id='word_1_713' title='bbox 3285 4842 3408 4897; x_wconf 75' lang='lat' dir='ltr'><strong>qua:</strong></span> 
     </span>
    </p>
   </div>
   <div class='ocr_carea' id='block_1_98' title="bbox 159 4920 1702 5000">
    <p class='ocr_par' dir='ltr' id='par_1_98' title="bbox 159 4920 1702 5000">
     <span class='ocr_line' id='line_1_98' title="bbox 159 4920 1702 5000; baseline 0.009 -33"><span class='ocrx_word' id='word_1_714' title='bbox 159 4920 320 4995; x_wconf 56' lang='grc' dir='ltr'>σανθῆ</span> <span class='ocrx_word' id='word_1_715' title='bbox 352 4923 454 4976; x_wconf 74' lang='grc' dir='ltr'>καὶ</span> <span class='ocrx_word' id='word_1_716' title='bbox 491 4922 927 4994; x_wconf 81' lang='grc' dir='ltr'>ἀπολελυμένην,</span> <span class='ocrx_word' id='word_1_717' title='bbox 975 4924 1121 4995; x_wconf 80' lang='grc' dir='ltr'>ἄλλῳ</span> <span class='ocrx_word' id='word_1_718' title='bbox 1162 4925 1481 4995; x_wconf 80' lang='grc' dir='ltr'>γαμεῖσθαι.</span> <span class='ocrx_word' id='word_1_719' title='bbox 1540 4927 1702 5000; x_wconf 72' lang='grc' dir='ltr'>Παραι</span> 
     </span>
    </p>
   </div>
   <div class='ocr_carea' id='block_1_99' title="bbox 1894 4920 3408 5000">
    <p class='ocr_par' dir='ltr' id='par_1_99' title="bbox 1894 4920 3408 4991">
     <span class='ocr_line' id='line_1_99' title="bbox 1894 4920 3408 4991; baseline -0.003 -13"><span class='ocrx_word' id='word_1_720' title='bbox 1894 4924 2090 4979; x_wconf 83' lang='lat' dir='ltr'><strong>aritum</strong></span> <span class='ocrx_word' id='word_1_721' title='bbox 2117 4932 2293 4979; x_wconf 88' lang='lat' dir='ltr'><strong>morte</strong></span> <span class='ocrx_word' id='word_1_722' title='bbox 2316 4923 2599 4989; x_wconf 86' lang='lat' dir='ltr'><strong>amiserat,</strong></span> <span class='ocrx_word' id='word_1_723' title='bbox 2635 4931 2730 4977; x_wconf 87' lang='lat' dir='ltr'><strong>aut</strong></span> <span class='ocrx_word' id='word_1_724' title='bbox 2763 4922 2832 4977; x_wconf 88' lang='lat' dir='ltr'><strong>ab</strong></span> <span class='ocrx_word' id='word_1_725' title='bbox 2869 4936 2938 4977; x_wconf 84' lang='lat' dir='ltr'><strong>eo</strong></span> <span class='ocrx_word' id='word_1_726' title='bbox 2970 4920 3257 4991; x_wconf 85' lang='lat' dir='ltr'><strong>repudiata</strong></span> <span class='ocrx_word' id='word_1_727' title='bbox 3290 4920 3408 4973; x_wconf 80' lang='lat' dir='ltr'><strong>fue-</strong></span> 
     </span>
    </p>
   </div>
   <div class='ocr_carea' id='block_1_100' title="bbox 158 5002 1702 5087">
    <p class='ocr_par' dir='ltr' id='par_1_100' title="bbox 158 5002 1702 5087">
     <span class='ocr_line' id='line_1_100' title="bbox 158 5002 1702 5087; baseline 0.005 -24"><span class='ocrx_word' id='word_1_728' title='bbox 158 5002 353 5064; x_wconf 70' lang='grc' dir='ltr'>δέδοται</span> <span class='ocrx_word' id='word_1_729' title='bbox 371 5010 580 5079; x_wconf 80' lang='grc' dir='ltr'>τοίνυν,</span> <span class='ocrx_word' id='word_1_730' title='bbox 603 5012 686 5065; x_wconf 79' lang='grc' dir='ltr'>ὅτι</span> <span class='ocrx_word' id='word_1_731' title='bbox 713 5012 930 5084; x_wconf 83' lang='grc' dir='ltr'>πρῶτος</span> <span class='ocrx_word' id='word_1_732' title='bbox 958 5014 1190 5069; x_wconf 74' lang='grc' dir='ltr'>Ματθάν</span> <span class='ocrx_word' id='word_1_733' title='bbox 1206 5014 1356 5069; x_wconf 84' lang='grc' dir='ltr'>ὀάπὸ</span> <span class='ocrx_word' id='word_1_734' title='bbox 1379 5015 1702 5087; x_wconf 63' lang='grc' dir='ltr'>Σολομῶντος</span> 
     </span>
    </p>
   </div>
   <div class='ocr_carea' id='block_1_101' title="bbox 1894 5002 3407 5087">
    <p class='ocr_par' dir='ltr' id='par_1_101' title="bbox 1897 5013 3407 5085">
     <span class='ocr_line' id='line_1_101' title="bbox 1897 5013 3407 5085; baseline -0.005 -16"><span class='ocrx_word' id='word_1_735' title='bbox 1897 5024 1939 5080; x_wconf 87' lang='grc' dir='ltr'><strong>ι,</strong></span> <span class='ocrx_word' id='word_1_736' title='bbox 1983 5016 2144 5071; x_wconf 89' lang='lat' dir='ltr'><strong>alteri</strong></span> <span class='ocrx_word' id='word_1_737' title='bbox 2182 5016 2435 5072; x_wconf 87' lang='lat' dir='ltr'><strong>nuberet.</strong></span> <span class='ocrx_word' id='word_1_738' title='bbox 2462 5014 2741 5071; x_wconf 70' lang='lat' dir='ltr'><strong>Memoria:</strong></span> <span class='ocrx_word' id='word_1_739' title='bbox 2782 5015 2964 5085; x_wconf 85' lang='lat' dir='ltr'><strong>itaque</strong></span> <span class='ocrx_word' id='word_1_740' title='bbox 3008 5013 3283 5083; x_wconf 88' lang='lat' dir='ltr'><strong>proditum</strong></span> <span class='ocrx_word' id='word_1_741' title='bbox 3325 5021 3407 5063; x_wconf 71' lang='lat' dir='ltr'><strong>est</strong></span> 
     </span>
    </p>
   </div>
   <div class='ocr_carea' id='block_1_102' title="bbox 160 5100 1702 5181">
    <p class='ocr_par' dir='ltr' id='par_1_102' title="bbox 160 5100 1702 5180">
     <span class='ocr_line' id='line_1_102' title="bbox 160 5100 1702 5180; baseline 0.008 -30"><span class='ocrx_word' id='word_1_742' title='bbox 160 5100 403 5172; x_wconf 73' lang='grc' dir='ltr'>κατάγων</span> <span class='ocrx_word' id='word_1_743' title='bbox 428 5105 494 5158; x_wconf 84' lang='grc' dir='ltr'><strong>τδ</strong></span> <span class='ocrx_word' id='word_1_744' title='bbox 518 5103 700 5172; x_wconf 85' lang='grc' dir='ltr'>γένος,</span> <span class='ocrx_word' id='word_1_745' title='bbox 756 5102 851 5158; x_wconf 83' lang='grc' dir='ltr'>τὸν</span> <span class='ocrx_word' id='word_1_746' title='bbox 885 5102 1083 5159; x_wconf 82' lang='grc' dir='ltr'>ἰακὼδ</span> <span class='ocrx_word' id='word_1_747' title='bbox 1121 5106 1316 5177; x_wconf 74' lang='grc' dir='ltr'>γεννᾷ’</span> <span class='ocrx_word' id='word_1_748' title='bbox 1342 5106 1437 5162; x_wconf 74' lang='grc' dir='ltr'>καὶ</span> <span class='ocrx_word' id='word_1_749' title='bbox 1466 5106 1702 5180; x_wconf 74' lang='grc' dir='ltr'>τελευτή</span> 
     </span>
    </p>
   </div>
   <div class='ocr_carea' id='block_1_103' title="bbox 1894 5100 3409 5181">
    <p class='ocr_par' dir='ltr' id='par_1_103' title="bbox 1894 5102 3409 5181">
     <span class='ocr_line' id='line_1_103' title="bbox 1894 5102 3409 5181; baseline -0.005 -19"><span class='ocrx_word' id='word_1_750' title='bbox 1894 5108 2058 5164; x_wconf 88' lang='lat' dir='ltr'><strong>athan</strong></span> <span class='ocrx_word' id='word_1_751' title='bbox 2090 5109 2354 5181; x_wconf 88' lang='lat' dir='ltr'><strong>primum,</strong></span> <span class='ocrx_word' id='word_1_752' title='bbox 2410 5108 2504 5178; x_wconf 88' lang='lat' dir='ltr'><strong>qui</strong></span> <span class='ocrx_word' id='word_1_753' title='bbox 2547 5122 2577 5162; x_wconf 87' lang='lat' dir='ltr'><strong>a</strong></span> <span class='ocrx_word' id='word_1_754' title='bbox 2609 5106 2904 5165; x_wconf 89' lang='lat' dir='ltr'><strong>Salomone</strong></span> <span class='ocrx_word' id='word_1_755' title='bbox 2936 5105 3202 5177; x_wconf 88' lang='lat' dir='ltr'><strong>originem</strong></span> <span class='ocrx_word' id='word_1_756' title='bbox 3225 5102 3409 5156; x_wconf 88' lang='lat' dir='ltr'><strong>duce-</strong></span> 
     </span>
    </p>
   </div>
   <div class='ocr_carea' id='block_1_104' title="bbox 227 5261 248 5302">
    <p class='ocr_par' dir='ltr' id='par_1_104' title="bbox 227 5261 248 5302">
     <span class='ocr_line' id='line_1_104' title="bbox 227 5261 248 5302; baseline 0 0"><span class='ocrx_word' id='word_1_757' title='bbox 227 5261 248 5302; x_wconf 70' lang='grc' dir='ltr'><strong>ί</strong></span> 
     </span>
    </p>
   </div>
   <div class='ocr_carea' id='block_1_105' title="bbox 286 5261 1702 5411">
    <p class='ocr_par' dir='ltr' id='par_1_105' title="bbox 286 5261 1702 5405">
     <span class='ocr_line' id='line_1_105' title="bbox 286 5261 879 5333; baseline 0.008 -15"><span class='ocrx_word' id='word_1_758' title='bbox 286 5263 429 5323; x_wconf 82' lang='lat' dir='ltr'><strong>Luc.</strong></span> <span class='ocrx_word' id='word_1_759' title='bbox 463 5278 550 5329; x_wconf 85' lang='grc' dir='ltr'>ιιι,</span> <span class='ocrx_word' id='word_1_760' title='bbox 603 5261 677 5319; x_wconf 73' lang='grc'><strong>25</strong></span> <span class='ocrx_word' id='word_1_761' title='bbox 713 5276 879 5333; x_wconf 81' lang='lat' dir='ltr'><strong>seqq.</strong></span> 
     </span>
     <span class='ocr_line' id='line_1_106' title="bbox 1500 5349 1702 5405; baseline -0.005 0"><span class='ocrx_word' id='word_1_762' title='bbox 1500 5349 1702 5405; x_wconf 84' lang='lat' dir='ltr'><strong>COMB]</strong></span> 
     </span>
    </p>
   </div>
   <div class='ocr_carea' id='block_1_106' title="bbox 1894 5261 2147 5411">
    <p class='ocr_par' dir='ltr' id='par_1_106' title="bbox 1918 5352 2147 5411">
     <span class='ocr_line' id='line_1_107' title="bbox 1918 5352 2147 5411; baseline 0.022 -5"><span class='ocrx_word' id='word_1_763' title='bbox 1918 5352 2147 5411; x_wconf 60' lang='lat' dir='ltr'><strong>NOTAE.</strong></span> 
     </span>
    </p>
   </div>
   <div class='ocr_carea' id='block_1_107' title="bbox 219 5441 3409 5525">
    <p class='ocr_par' dir='ltr' id='par_1_107' title="bbox 219 5441 3409 5525">
     <span class='ocr_line' id='line_1_108' title="bbox 219 5441 3409 5525; baseline -0.001 -24"><span class='ocrx_word' id='word_1_764' title='bbox 219 5444 333 5517; x_wconf 63' lang='grc' dir='ltr'><strong>(ΞΩ)</strong></span> <span class='ocrx_word' id='word_1_765' title='bbox 366 5445 431 5525; x_wconf 85' lang='lat' dir='ltr'><strong>S_i</strong></span> <span class='ocrx_word' id='word_1_766' title='bbox 463 5450 708 5525; x_wconf 61' lang='lat' dir='ltr'><strong>ipsorum</strong></span> <span class='ocrx_word' id='word_1_767' title='bbox 746 5446 962 5517; x_wconf 78' lang='lat' dir='ltr'><strong>fratres.</strong></span> <span class='ocrx_word' id='word_1_768' title='bbox 1014 5443 1330 5525; x_wconf 85' lang='lat' dir='ltr'><strong>Legendum</strong></span> <span class='ocrx_word' id='word_1_769' title='bbox 1362 5444 1539 5525; x_wconf 63' lang='lat' dir='ltr'><strong>liicin</strong></span> <span class='ocrx_word' id='word_1_770' title='bbox 1572 5441 1726 5499; x_wconf 65' lang='grc' dir='ltr'><strong>(ἐι-ω·</strong></span> <span class='ocrx_word' id='word_1_771' title='bbox 1835 5446 2344 5525; x_wconf 49' lang='grc' dir='ltr'>ἱρείιιειοιίοιιειη,</span> <span class='ocrx_word' id='word_1_772' title='bbox 2377 5448 2584 5525; x_wconf 77' lang='lat' dir='ltr'><strong>quibus</strong></span> <span class='ocrx_word' id='word_1_773' title='bbox 2615 5446 2957 5525; x_wconf 67' lang='lat' dir='ltr'><strong>argumentis</strong></span> <span class='ocrx_word' id='word_1_774' title='bbox 2978 5445 3291 5525; x_wconf 59' lang='lat' dir='ltr'><strong>convellere</strong></span> <span class='ocrx_word' id='word_1_775' title='bbox 3321 5444 3409 5497; x_wconf 86' lang='lat' dir='ltr'><strong>n-i-</strong></span> 
     </span>
    </p>
   </div>
   <div class='ocr_carea' id='block_1_108' title="bbox 169 5514 3407 5588">
    <p class='ocr_par' dir='ltr' id='par_1_108' title="bbox 169 5514 3407 5588">
     <span class='ocr_line' id='line_1_109' title="bbox 169 5514 3407 5588; baseline -0.001 -18"><span class='ocrx_word' id='word_1_776' title='bbox 169 5514 333 5588; x_wconf 58' lang='lat' dir='ltr'><strong>coegi</strong></span> <span class='ocrx_word' id='word_1_777' title='bbox 359 5520 408 5588; x_wconf 75' lang='grc' dir='ltr'><strong>εί</strong></span> <span class='ocrx_word' id='word_1_778' title='bbox 438 5514 720 5577; x_wconf 75' lang='grc' dir='ltr'>τεθνᾶσιν.</span> <span class='ocrx_word' id='word_1_779' title='bbox 744 5514 805 5572; x_wconf 82' lang='lat' dir='ltr'><strong>ut</strong></span> <span class='ocrx_word' id='word_1_780' title='bbox 836 5530 1039 5588; x_wconf 86' lang='lat' dir='ltr'><strong>sensus</strong></span> <span class='ocrx_word' id='word_1_781' title='bbox 1076 5514 1267 5588; x_wconf 75' lang='lat' dir='ltr'><strong>aperte</strong></span> <span class='ocrx_word' id='word_1_782' title='bbox 1289 5514 1558 5588; x_wconf 84' lang='lat' dir='ltr'><strong>ostendit.</strong></span> <span class='ocrx_word' id='word_1_783' title='bbox 1835 5514 1984 5572; x_wconf 79' lang='lat' dir='ltr'><strong>tatur</strong></span> <span class='ocrx_word' id='word_1_784' title='bbox 2028 5518 2302 5573; x_wconf 69' lang='lat' dir='ltr'><strong>Osiandcr</strong></span> <span class='ocrx_word' id='word_1_785' title='bbox 2328 5558 2343 5580; x_wconf 89' lang='lat'><strong><em>.</em></strong></span> <span class='ocrx_word' id='word_1_786' title='bbox 2394 5514 2522 5573; x_wconf 61' lang='lat' dir='ltr'><strong>&#39;vidc</strong></span> <span class='ocrx_word' id='word_1_787' title='bbox 2574 5514 2719 5588; x_wconf 80' lang='lat' dir='ltr'><strong>apud</strong></span> <span class='ocrx_word' id='word_1_788' title='bbox 2764 5516 3117 5573; x_wconf 78' lang='lat' dir='ltr'><strong>Mclcliiorem</strong></span> <span class='ocrx_word' id='word_1_789' title='bbox 3141 5514 3374 5588; x_wconf 82' lang='lat' dir='ltr'><strong>Canum</strong></span> <span class='ocrx_word' id='word_1_790' title='bbox 3393 5556 3407 5580; x_wconf 89' lang='lat'><strong>,</strong></span> 
     </span>
    </p>
   </div>
   <div class='ocr_carea' id='block_1_109' title="bbox 192 5583 3413 5666">
    <p class='ocr_par' dir='ltr' id='par_1_109' title="bbox 192 5583 3413 5666">
     <span class='ocr_line' id='line_1_110' title="bbox 192 5583 3413 5666; baseline -0 -22"><span class='ocrx_word' id='word_1_791' title='bbox 373 5586 529 5666; x_wconf 67' lang='lat' dir='ltr'><strong>Quod</strong></span> <span class='ocrx_word' id='word_1_792' title='bbox 584 5590 782 5666; x_wconf 77' lang='lat' dir='ltr'><strong>o_vi_ro</strong></span> <span class='ocrx_word' id='word_1_793' title='bbox 818 5586 1067 5666; x_wconf 63' lang='lat' dir='ltr'><strong>quodam.</strong></span> <span class='ocrx_word' id='word_1_794' title='bbox 1110 5583 1437 5666; x_wconf 59' lang='lat' dir='ltr'><strong>Africanum</strong></span> <span class='ocrx_word' id='word_1_795' title='bbox 1496 5586 1730 5666; x_wconf 62' lang='lat' dir='ltr'><strong>illiillfo</strong></span> <span class='ocrx_word' id='word_1_796' title='bbox 1834 5588 1930 5643; x_wconf 92' lang='lat' dir='ltr'><strong>lib.</strong></span> <span class='ocrx_word' id='word_1_797' title='bbox 1954 5605 1986 5666; x_wconf 84' lang='lat' dir='ltr'><strong>_t_</strong></span> <span class='ocrx_word' id='word_1_798' title='bbox 2020 5588 2114 5666; x_wconf 88' lang='lat' dir='ltr'><strong>_De_</strong></span> <span class='ocrx_word' id='word_1_799' title='bbox 2145 5589 2274 5645; x_wconf 76' lang='lat' dir='ltr'><strong>locis</strong></span> <span class='ocrx_word' id='word_1_800' title='bbox 2337 5583 2764 5666; x_wconf 59' lang='lat' dir='ltr'><strong>theolog.,&#39;cap.</strong></span> <span class='ocrx_word' id='word_1_801' title='bbox 2819 5588 2875 5656; x_wconf 83' lang='lat'><strong>5,</strong></span> <span class='ocrx_word' id='word_1_802' title='bbox 2913 5588 3007 5645; x_wconf 90' lang='lat' dir='ltr'><strong>ubi</strong></span> <span class='ocrx_word' id='word_1_803' title='bbox 3076 5587 3243 5644; x_wconf 89' lang='lat' dir='ltr'><strong>etiam</strong></span> <span class='ocrx_word' id='word_1_804' title='bbox 3276 5586 3413 5659; x_wconf 81' lang='lat' dir='ltr'><strong>ipsis</strong></span> 
     </span>
    </p>
   </div>
   <div class='ocr_carea' id='block_1_110' title="bbox 167 5653 3463 5731">
    <p class='ocr_par' dir='ltr' id='par_1_110' title="bbox 167 5653 3463 5731">
     <span class='ocr_line' id='line_1_111' title="bbox 167 5653 3463 5731; baseline 0 -19"><span class='ocrx_word' id='word_1_805' title='bbox 167 5653 585 5731; x_wconf 48' lang='lat' dir='ltr'><strong>{idetur,&#39;cujus</strong></span> <span class='ocrx_word' id='word_1_806' title='bbox 618 5653 1104 5731; x_wconf 64' lang='lat' dir='ltr'><strong>de_ha_c&#39;re_v_erba</strong></span> <span class='ocrx_word' id='word_1_807' title='bbox 1140 5655 1198 5708; x_wconf 92' lang='lat' dir='ltr'><strong>in</strong></span> <span class='ocrx_word' id='word_1_808' title='bbox 1239 5655 1482 5731; x_wconf 87' lang='lat' dir='ltr'><strong>m_edi_t_tm</strong></span> <span class='ocrx_word' id='word_1_809' title='bbox 1519 5653 1730 5725; x_wconf 76' lang='lat' dir='ltr'><strong>profert</strong></span> <span class='ocrx_word' id='word_1_810' title='bbox 1834 5659 2209 5716; x_wconf 88' lang='lat' dir='ltr'><strong>eruditissime</strong></span> <span class='ocrx_word' id='word_1_811' title='bbox 2248 5653 2583 5731; x_wconf 67' lang='lat' dir='ltr'><strong>respondet.</strong></span> <span class='ocrx_word' id='word_1_812' title='bbox 2712 5653 2726 5660; x_wconf 73' lang='grc'>⁷</span> <span class='ocrx_word' id='word_1_813' title='bbox 2860 5653 2870 5656; x_wconf 77' lang='grc'><em>’</em></span> <span class='ocrx_word' id='word_1_814' title='bbox 3298 5653 3313 5659; x_wconf 84' lang='grc'><em>’</em></span> <span class='ocrx_word' id='word_1_815' title='bbox 3455 5675 3463 5683; x_wconf 88' lang='grc'><strong>·</strong></span> 
     </span>
    </p>
   </div>
   <div class='ocr_carea' id='block_1_111' title="bbox 162 5716 1727 5797">
    <p class='ocr_par' dir='ltr' id='par_1_111' title="bbox 162 5716 1727 5797">
     <span class='ocr_line' id='line_1_112' title="bbox 162 5716 1727 5797; baseline 0 -15"><span class='ocrx_word' id='word_1_816' title='bbox 162 5716 429 5787; x_wconf 73' lang='lat' dir='ltr'><strong>Eusebius</strong></span> <span class='ocrx_word' id='word_1_817' title='bbox 473 5716 617 5786; x_wconf 77' lang='lat' dir='ltr'><strong>lib.r</strong></span> <span class='ocrx_word' id='word_1_818' title='bbox 672 5727 876 5783; x_wconf 75' lang='lat' dir='ltr'><strong>Eccles.</strong></span> <span class='ocrx_word' id='word_1_819' title='bbox 926 5726 1051 5781; x_wconf 75' lang='lat' dir='ltr'><strong>hist.</strong></span> <span class='ocrx_word' id='word_1_820' title='bbox 1097 5738 1220 5796; x_wconf 86' lang='lat' dir='ltr'><strong>cap.</strong></span> <span class='ocrx_word' id='word_1_821' title='bbox 1272 5724 1325 5780; x_wconf 87' lang='lat'><strong>7.</strong></span> <span class='ocrx_word' id='word_1_822' title='bbox 1372 5716 1535 5782; x_wconf 65' lang='grc' dir='ltr'><strong>Πειηὸ</strong></span> <span class='ocrx_word' id='word_1_823' title='bbox 1560 5739 1727 5797; x_wconf 89' lang='lat' dir='ltr'><strong>porro</strong></span> 
     </span>
    </p>
   </div>
  </div>
