3776 6204
225 337 292 401 857
1179 337 1263 397 IN
1301 335 1822 399 NATIVITATEM
1875 335 1942 394 B.
1985 334 2271 394 MARLE.
2314 334 2429 395 ΙΙΙ.

3297 332 3404 399 εδδ

222 444 360 515 ruinis
381 440 529 510 δῆλον
550 441 723 512 αὐτὴν
753 438 892 498 εἶναι
919 444 984 499 ἑκ
1011 446 1212 512 Δαδίδ;
1267 449 1342 501 Οὐ
1374 448 1486 519 γάρ
1538 448 1605 502 ἂν
1641 446 1718 518 μὴ

1895 461 1944 498 ιιι
1991 446 2198 500 editum
2246 454 2352 506 est.
2401 443 2708 500 vaticinans
2739 443 2960 499 Gabriel
2988 483 3002 505 .
3058 450 3256 514 praeter
3295 445 3402 497 alia

220 539 263 591 ix
294 532 427 588 Δασιδ
465 533 835 607 τνγχανούσῃ,
888 535 950 587 τὸ
993 536 1180 592 Δώσει
1235 537 1397 604 αὐτῷ
1455 542 1488 593 ὁ
1552 538 1718 603 Θεὸς,

219 623 384 694 εἰρήκει,
431 617 538 673 τὸν
581 622 798 690 θρόνον
833 623 1013 677 Δασίδ
1061 624 1168 680 τοῦ
1218 625 1444 694 πατρὸς
1507 625 1719 681 αὐτοῦ.

219 712 328 769 Ποίου
367 711 469 780 γὰρ
513 711 720 783 πατρὸς
761 713 829 766 ἂν
871 713 1154 786 είκότωςή
1199 716 1476 787 Παρθένος
1507 717 1718 787 ἠρώτα,

218 802 483 874 ὁμολογοῦσα
516 803 618 874 μὲν
647 803 730 857 ὅτι
762 804 935 875 ἄνδρα
964 805 1026 858 οὐ
1057 805 1348 874 γινώσκει,
1376 806 1626 877 μαθοῦσα
1662 807 1720 860 δὲ

218 894 327 948 ista:
343 891 649 962 Πνεύματος
687 891 848 961 άγίου
874 894 1226 964 συλλήψεται,
1259 897 1308 948 εί
1357 895 1432 967 μὴ
1473 896 1650 967 σαφὴς
1693 898 1722 950 ὀ

216 985 322 1053 λόγος
345 977 406 1054 ἦν
433 983 568 1054 πρὸς
600 983 878 1054 θυγατέρα
936 985 1102 1040 Δαϐὶδ
1149 985 1472 1056 λεγόμενος;
1527 987 1721 1042 Ἔνθεν

214 1075 329 1145 φησιν
361 1073 575 1137 εἰκότως
596 1075 624 1127 ό
651 1073 885 1139 Λουκᾶς·
905 1076 1108 1144 Ἀνέϐη
1141 1077 1210 1131 δὲ
1240 1077 1338 1132 καὶ
1377 1077 1599 1148 Ἰωσὴφ
1650 1080 1720 1135 ἐκ

212 1166 288 1234 τῆς
309 1164 619 1231 Γαλιλαίας
638 1164 706 1218 ἐκ
744 1163 855 1234 τῆς
902 1167 1134 1234 πόλεως
1171 1167 1432 1236 Ναζαρὲθ
1479 1172 1570 1234 εὶς
1607 1169 1722 1239 τὴν

211 1257 438 1312 Ἰουδαίαν
466 1257 932 1325 ἀπογράψασθαι
972 1261 1061 1324 είς
1107 1259 1286 1313 πόλιν
1343 1259 1540 1325 Δαϐίδ,
1593 1261 1722 1328 ἥτις

208 1351 414 1406 καλεῖται
435 1349 727 1419 Βηθλεὲμ,
755 1349 854 1405 διὰ
889 1352 956 1405 τὸ
988 1348 1140 1406 εἶναι
1188 1352 1376 1406 αὑτὸν
1436 1351 1505 1418 ἐξ
1548 1353 1721 1408 οἴκου

207 1443 276 1498 καί
301 1444 530 1512 πατριᾶς
551 1445 749 1513 Δαϐίδ,
781 1445 905 1499 σὺν
943 1445 1176 1513 Μαριὰν
1222 1445 1298 1514 τῇ
1340 1463 1720 1515 μεμνηστευ-

199 1535 313 1604 pili-9
344 1533 494 1600 αὐτῷ
520 1536 681 1603 οὔσῃ
720 1536 934 1604 ἐτκύῳ.
968 1535 1168 1589 οὐκέτι
1207 1535 1318 1606 γὰρ
1360 1537 1462 1607 τὴν
1510 1536 1720 1606 παροῦ-

201 1645 273 1679 σαν
285 1625 581 1696 ἀμφιϐόλως
605 1627 1038 1697 άναγνωσόμεθα
1065 1626 1208 1692 λέξιν
1231 1665 1250 1689 ,
1269 1627 1345 1690 ώς
1372 1627 1472 1697 τῆς
1505 1628 1720 1698 Μαρίας

194 1715 571 1787 ἀπογράψασθαι
613 1717 776 1788 μόνον
801 1709 1182 1789 συνελθούσης,
1206 1717 1322 1772 ἀλλ’
1359 1718 1435 1782 ώς
1496 1719 1589 1771 καὶ
1619 1719 1720 1774 αὐ-

1824 537 1930 591 boc
1967 552 2189 606 quoque
2223 537 2365 591 dixit
2393 556 2406 592 :
2447 534 2513 590 Et
2539 535 2688 591 dabit
2720 539 2771 592 ei
2791 535 3054 590 Dominus
3089 537 3264 590 sedem
3294 536 3404 591 Da-

1821 627 1910 682 vid
1941 627 2114 692 patris
2153 626 2268 696 ejus
2293 635 2340 682 °.
2397 627 2667 694 Quidnam
2726 629 2855 683 hinc
2909 624 3154 684 docens?
3197 627 3404 699 Nempe

1821 713 1970 784 quod
2009 711 2181 769 David
2205 715 2350 784 ejus,
2376 716 2470 785 qui
2499 732 2566 772 ex
2592 731 2657 771 ea
2689 717 3002 772 nasciturus
3027 727 3167 783 erat,
3203 733 3402 787 parens

1821 817 1989 862 esset.
2027 806 2110 872 _Et
2145 807 2240 876 qui
2297 807 2519 862 tandem
2567 809 2775 874 alioqui
2813 819 3247 866 consentaneum
3285 820 3402 866 erat

1821 898 2074 966 angelum
2104 896 2189 952 bis
2212 896 2278 950 ad
2299 894 2581 966 Virginem
2614 899 2794 951 verbis
2819 898 2916 962 uti,
2943 899 3049 952 nisi
3083 898 3210 966 quia
3238 899 3400 951 simul

1821 1001 2042 1056 quoque
2080 1001 2200 1042 eam
2251 1002 2318 1041 ex
2363 986 2568 1041 Davide
2607 997 2784 1041 ortam
2830 1004 2954 1044 esse
3003 989 3403 1044 conﬁtebatur?

1820 1077 2185 1150 Neque-enim
2220 1079 2286 1135 ad
2321 1094 2467 1142 eam,
2510 1081 2616 1136 nisi
2656 1096 2721 1136 ex
2756 1079 2958 1136 Davide
2995 1090 3398 1151 promanasset,

1821 1173 1940 1242 ipse
1978 1172 2210 1228 dixisset
2254 1191 2268 1227 :
2313 1172 2475 1227 Dabit
2528 1174 2577 1228 ei
2625 1172 2764 1228 Deus
2810 1174 2986 1227 sedem
3026 1173 3195 1227 David
3225 1174 3398 1243 patris

1820 1263 1928 1317 sui.
1987 1262 2288 1330 Cujusnam
2327 1264 2476 1318 enim
2537 1263 2734 1335 patris,
2768 1268 2962 1319 merito
3008 1264 3401 1334 interrogasset

1822 1352 2010 1426 Virgo,
2032 1370 2155 1423 qua:
2184 1354 2552 1410 conﬁtebatur
2599 1356 2818 1426 quidem
2860 1357 3003 1425 quod
3058 1357 3232 1408 virum
3291 1369 3398 1407 non

1820 1455 2182 1517 cognosceret
2227 1448 2595 1519 (intellexerat
2626 1457 2809 1503 autem
2854 1447 2969 1501 fore
3003 1455 3062 1500 ιιι
3088 1463 3152 1500 ex
3191 1444 3400 1514 Spiritu

1821 1549 2016 1594 sancto
2061 1541 2460 1610 conciperet),
2508 1539 2612 1594 nisi
2658 1539 2951 1608 perspicue
3010 1539 3127 1608 ipse
3184 1537 3247 1589 ad
3298 1535 3401 1587 Da»
3515 1527 3520 1532 ’

1823 1628 1965 1683 vidis
1995 1629 2160 1683 tiliam
2193 1629 2549 1697 loqueretur?
2586 1628 2739 1683 Unde
2761 1645 2869 1681 non
2900 1628 3176 1680 immerito
3203 1641 3229 1677 a
3257 1625 3400 1678 Luca

1822 1717 2032 1772 dictum
2062 1727 2182 1774 est:
2219 1718 2472 1773 Ascendit
2496 1728 2674 1772 autem
2707 1728 2754 1772 et
2785 1717 2986 1784 Ioseph
3015 1735 3046 1768 a
3085 1716 3315 1769 Galila’a
3339 1731 3403 1767 ex

191 1809 264 1876 τῆς
283 1807 366 1860 σὺν
383 1806 460 1878 τῷ
495 1808 698 1877 Ἰωσὴφ
721 1806 782 1873 ἐξ
810 1807 961 1861 οἴκου
992 1809 1086 1862 καὶ
1117 1810 1353 1878 πατριᾶς
1377 1808 1559 1874 Δαῦὶδ,
1613 1809 1714 1879 τῆς

1894 1812 2035 1864 vitate
2095 1809 2372 1864 Nazareth
2422 1813 2475 1864 in
2503 1808 2783 1872 Iudaeam,
2839 1819 2896 1862 stt
2947 1809 3298 1877 proﬁteretur
3348 1807 3401 1859 in

191 1897 398 1966 τοιαύτης
419 1896 718 1967 ἑρμηνείας
747 1897 873 1960 τοὺς
904 1896 1095 1964 λόγους
1125 1899 1189 1950 ὲκ
1231 1895 1342 1949 τῶν
1390 1895 1718 1966 ἀποδεδομέ-

189 2006 263 2041 νων
283 1987 505 2056 ἔχοντες.
533 1986 812 2058 Δεδεῖχθαι
869 1987 1162 2056 τοιγαροῦν
1207 1987 1395 2057 σαφῶς
1451 1987 1715 2058 ἡγοῦμαι,

184 2080 244 2130 ὅτι
289 2076 389 2147 μὴ·
435 2076 619 2145 μάτην
678 2075 875 2146 Ἰωσὴφ
949 2076 1355 2144 γενεαλογεϊται
1407 2076 1556 2147 παρὰ
1606 2079 1720 2140 τοῖς

187 2170 312 2231 θεῖοις
354 2167 795 2236 εὐαγγελισταϊς,
841 2159 887 2235 ᾧ
926 2167 1062 2238 πρὸς
1097 2166 1343 2238 ἀνάγκης
1367 2168 1463 2219 καὶ
1504 2167 1537 2236 ἡ
1570 2167 1720 2237 Παρ-

192 2259 298 2322 lli-tog
317 2259 587 2327 ἀπόγονος
607 2257 742 2312 οὖσα
772 2257 959 2321 Δαὸὶδ,
989 2257 1342 2328 ὲφεπομένως
1369 2257 1717 2328 γνωρίζεται,

198 2351 265 2402 καὶ
284 2352 306 2402 ὁ
325 2349 440 2403 καθ’
475 2349 754 2420 ὑπεροχὴν
795 2349 1069 2421 θαύματος
1097 2349 1159 2415 ἐξ
1190 2350 1362 2420 αὐτῆς
1389 2349 1724 2419 γεγεννημέ-

190 2458 258 2504 is;
291 2441 518 2512 Χριστὸς
559 2441 788 2512 Ἰησοῦς,
813 2443 842 2496 ό
886 2441 979 2496 τοῦ
1010 2442 1146 2496 Θεοῦ
1195 2442 1525 2514 προαιώνιος
1561 2443 1719 2506 Παῖς.

173 2529 551 2595 Καὶότούτοις
594 2532 900 2602 ἀντιλέγειν
953 2531 1315 2603 πειρώμενος,
1365 2530 1490 2585 καθ’
1527 2530 1719 2584 ἑαυτοῦ

167 2623 400 2692 πειρᾶται
435 2620 640 2694 μᾶλλον
671 2620 766 2676 τοῦ
790 2622 985 2676 ἑαυτοῦ
1016 2620 1264 2692 γλώττης
1299 2619 1614 2692 παραθῆξαι
1661 2619 1722 2673 τὸ

159 2716 317 2783 εἱς-νος,
349 2713 443 2768 καὶ
475 2713 640 2786 ιερῶν
677 2712 783 2780 ἔξω
810 2713 908 2785 τῆς
934 2713 1211 2785 ἡμετέρας
1260 2712 1432 2783 αὐλῆς
1480 2711 1722 2784 ὲρῥίφθω

157 2803 346 2874 θυρῶν.
393 2804 555 2874 Ἡμῖν
601 2804 659 2857 δὲ
682 2799 764 2867 οἷς
796 2806 824 2858 ό
855 2804 950 2860 τοῦ
983 2804 1120 2857 Θεοῦ
1151 2803 1324 2872 Λόγος
1353 2801 1720 2872 ἐξαπεστάλη,

155 2897 181 2963 ἡ
208 2895 364 2966 χάρις
407 2896 502 2949 καὶ
540 2896 574 2965 ἡ
607 2894 857 2966 ἀλήθεια,
887 2894 1054 2966 μηδὲν
1083 2895 1166 2948 ὅτι
1214 2895 1375 2948 πλέον
1409 2894 1518 2949 τῶν
1567 2896 1723 2966 εἰρη-

349 2988 552 3052 ὲξέστω
580 2987 980 3058 διερευνᾶσθαι,
1029 2985 1130 3056 τῆς
1158 2987 1307 3051 θείας
1340 2988 1472 3058 ἡμῖν
1499 2986 1722 3058 Γραφῆς

152 3078 597 3151 ὰποφραττούσης
612 3077 719 3136 τῶν
753 3079 1067 3151 βαθυτέρων
1092 3079 1190 3151 τὴν
1217 3079 1463 3150 ἔρευναν.
1499 3083 1564 3136 ’Ἀ
1591 3082 1718 3152 γὰρ,

1821 1902 2036 1954 civitate
2078 1900 2271 1967 David,
2307 1916 2424 1970 quae
2444 1910 2666 1954 vocatur
2708 1899 2998 1958 Bethleem,
3031 1915 3091 1952 eo
3120 1898 3256 1967 quod
3295 1898 3403 1962 ipse

1818 1999 1954 2043 esset
1976 1991 2040 2042 de
2069 1989 2226 2044 domo
2256 2001 2305 2044 et
2336 1990 2548 2058 familia
2587 1989 2779 2052 Dauid,
2816 2005 2932 2042 cum
2972 1987 3150 2041 Maria
3179 1991 3402 2055 despon-

1821 2091 1941 2136 sata
1963 2083 2084 2144 sibi,
2110 2091 2419 2152 prmgnante
2447 2091 2497 2136 ρ.
2545 2080 2666 2134 Non
2710 2080 2856 2134 enim
2893 2088 3215 2149 praesentem
3260 2079 3403 2131 hunc

1821 2173 2004 2228 locum
2034 2173 2255 2244 ancipiti
2310 2189 2480 2229 sensu
2514 2173 2780 2244 legemus,
2831 2180 3093 2240 tanquam
3139 2170 3306 2224 Maria
3338 2186 3404 2224 eo

1821 2263 2090 2318 duntaxat
2146 2264 2372 2317 nomine
2424 2277 2528 2316 una
2589 2277 2714 2317 cum
2747 2275 2812 2316 eo
2846 2260 3090 2331 profecta
3121 2269 3293 2322 esset,
3345 2267 3404 2310 ut

1823 2369 2022 2409 nomen
2044 2370 2202 2409 suum
2232 2354 2607 2424 profiteretur,
2630 2369 2819 2408 verum
2855 2362 2913 2407 ut
2941 2369 3061 2422 qme
3095 2353 3258 2407 etiam
3286 2351 3403 2419 ipsa

1823 2461 1931 2500 una
1976 2462 2101 2500 cum
2151 2444 2393 2516 Joseplio
2443 2445 2514 2500 de
2571 2445 2795 2500 Davidis
2858 2445 3022 2498 dOmO
3074 2459 3138 2498 ac
3199 2442 3402 2496 familia

1821 2546 1984 2593 esset.
2035 2537 2274 2608 Hujusce
2322 2537 2528 2606 quippe
2572 2536 3054 2606 interpretationis
3108 2531 3400 2596 rationem,

1821 2644 1890 2684 ex
1923 2629 2010 2684 his
2049 2644 2168 2700 quae
2198 2627 2251 2682 in
2284 2627 2556 2698 superiori
2593 2637 2741 2683 textu
2769 2628 3204 2696 subsequuntur,
3235 2625 3403 2677 habe-

1823 2734 1968 2775 mus.
2037 2719 2323 2775 Manil‘este
2371 2720 2540 2789 igitur
2593 2729 2880 2776 ostensum
2943 2733 3067 2772 esse
3141 2716 3404 2778 arbitror,

1822 2809 2044 2881 Josephi
2080 2826 2254 2882 genus
2284 2811 2427 2880 apud
2456 2812 2823 2881 evangelistas
2847 2825 2954 2863 non
2991 2807 3191 2862 frustra
3218 2820 3407 2859 recen-

1824 2903 1955 2967 seri,
1996 2917 2061 2957 ex
2101 2918 2210 2972 quo
2254 2903 2576 2958 necessario
2623 2901 2790 2972 Virgo
2846 2915 3067 2971 quoque
3120 2914 3149 2952 a
3207 2895 3409 2950 llavide

1824 2992 2056 3047 oriunda
2089 3007 2212 3048 esse
2236 3008 2332 3062 per
2353 2992 2804 3047 consecutionem
2845 2989 3193 3060 intelligitur,
3237 2995 3291 3040 et
3315 2985 3406 3054 qui

1825 3084 2164 3153 praecellenli
2199 3084 2469 3140 miraculo
2497 3100 2561 3139 ex
2599 3085 2714 3153 ipsa
2765 3083 2984 3153 genitus
3021 3089 3103 3135 est
3132 3079 3406 3138 Christus.

150 3145 306 3236 emat,-
328 3145 673 3238 προσεῖτ’άγη
697 3145 818 3235 σοι,
849 3145 1040 3224 ταῦ-τα
1070 3145 1340 3235 διανοοῦ,
1361 3170 1460 3223 καί
1487 3145 1720 3239 ὑψηλόέ

1894 3176 2250 3231 ιιρειιιευιιιιίε
2298 3176 2394 3230 Dei
2423 3177 2614 3230 Filius.
2640 3176 2715 3230 Ae
2740 3175 2994 3245 quisquis
3025 3174 3110 3227 liis
3130 3169 3409 3227 adversari

146 3262 280 3330 τερά
299 3278 418 3316 σου
439 3261 526 3331 μὴ
555 3259 736 3328 ζήτει.

1899 3266 2052 3329 titur,
2085 3267 2351 3320 adversus
2387 3267 2628 3334 seipsum
2666 3267 3069 3336 potiuslinguze
3090 3275 3406 3315 mucronem

147 3371 340 3412 acuere
368 3365 624 3413 conatur.
658 3358 836 3426 Atque
862 3371 892 3411 a
925 3357 1298 3413 sacrosanctis
1319 3365 1521 3412 nostra:
1547 3356 1722 3410 caulae
1756 3359 1932 3426 portis
1966 3357 2114 3412 foras
2149 3359 2498 3428 projiciatur.
2529 3359 2701 3414 Nobis
2725 3357 2930 3424 autem,
2971 3360 3038 3412 ad
3106 3372 3246 3425 quos
3314 3353 3408 3408 Dei

147 3447 381 3508 Verbum
435 3451 662 3507 missum
709 3458 814 3514 est,
861 3451 1146 3523 gratiaque
1191 3462 1247 3507 et
1289 3453 1519 3514 veritas,
1579 3451 1718 3505 nihil
1788 3451 1937 3506 ultra
2012 3467 2100 3516 ea,
2149 3468 2269 3523 qua:
2333 3468 2361 3507 a
2414 3455 2575 3508 nobis
2637 3453 2785 3508 dicta
2841 3463 3010 3516 sunt,
3071 3447 3407 3521 perscrutari

146 3551 324 3611 liceat,
359 3545 653 3617 Scriptura
693 3545 954 3601 nimirum
996 3547 1258 3601 altiorum
1322 3560 1508 3600 rerum
1556 3543 1962 3615 indagationem
1993 3547 2513 3602 nobisobstruente.
2586 3547 2719 3613 Qute
2776 3544 2924 3600 enim
2985 3543 3081 3596 tibi
3151 3550 3410 3609 pru'cepta

143 3647 298 3702 sunt,
371 3637 588 3708 inquit,
656 3653 720 3692 ea
777 3638 998 3705 cogita:
1037 3647 1089 3692 et
1152 3635 1352 3690 altiora
1385 3645 1433 3690 te
1482 3629 1566 3690 ne
1599 3636 1904 3706 quasiveris
1923 3646 1974 3690 (ι.

207 3729 282 3791 Σὺ
313 3729 433 3792 οὖν,
459 3723 505 3784 ὦ
553 3729 799 3797 Ἰουδαῖε,
838 3730 995 3792 σύνες
1025 3729 1134 3782 τῶν
1164 3727 1476 3798 εἰρημένων
1508 3725 1606 3796 τὴν
1632 3725 1723 3780 δύ-

141 3840 326 3893 ναμιν,
357 3825 452 3878 καὶ
493 3823 569 3895 μὴ
603 3821 910 3894 ζυγομάχει
936 3823 1076 3893 πρὸς
1106 3821 1206 3893 τὴν
1236 3821 1520 3892 ἀλήθειαν.
1562 3819 1725 3874 Ἀπό-

141 3915 236 3969 θου
269 3917 377 3985 τὴν
403 3915 710 3986 ἀμφίϐολον
749 3916 1000 3986 γνώμην,
1054 3917 1150 3970 καὶ
1196 3915 1464 3985 διχονοίας
1503 3912 1725 3978 ἀπάσης

140 4007 332 4078 χωρὶς.
382 4007 450 4076 τῇ
500 4006 686 4078 χάριτι
717 4004 1120 4075 στοιχειώθητι,
1155 4004 1220 4058 δι’
1278 3999 1348 4076 ἧς
1373 4003 1582 4074 λυθήσῃ
1617 4001 1727 4056 τῶν

139 4095 363 4165 δεσμῶν
414 4093 512 4149 τοῦ
565 4094 1048 4167 γραμματοκύφου
1101 4094 1293 4163 ζυγοῦ.
1350 4091 1613 4166 Περιελοῦ
1663 4091 1726 4144 τὸ

140 4184 442 4257 κάλυμμα·
502 4185 744 4258 καθαρὸν
805 4185 956 4250 δέξαι
1023 4185 1130 4238 τῶν
1194 4184 1602 4254 γεγραμμένων
1663 4181 1725 4235 τὸ

143 4274 292 4342 φῶς·
322 4277 653 4348 παράδραμε
692 4276 792 4339 τὰς
829 4275 1008 4340 σκιὰς,
1046 4275 1140 4327 καὶ
1175 4275 1300 4337 τοὺς
1318 4273 1521 4335 τύπους
1550 4273 1723 4326 κατά-

151 4366 284 4421 λιπ.
342 4370 382 4422 Γ
387 4371 562 4439 υμνὴν
615 4369 774 4440 δέχου
832 4368 932 4439 τὴν
987 4368 1168 4437 χάριν.
1232 4365 1598 4428 Ἀδιστάκτως
1652 4365 1719 4436 τῇ

152 4458 374 4532 ἀληθείᾳ
406 4459 647 4533 πρόσιθι.
685 4459 942 4526 Δόξασον,
986 4457 1231 4528 ὕμνησον
1275 4458 1367 4510 τὸν
1396 4457 1541 4510 οὕτω
1590 4455 1721 4510 ταῦ·

1894 3725 2283 3794 Quamobrem,
2303 3742 2336 3781 ο
2363 3725 2568 3791 Judaee,
2592 3740 2788 3781 eorum
2813 3740 2935 3796 qua:
2959 3723 3415 3779 commemoravi-

1826 3835 1972 3882 mus,
2006 3821 2115 3874 vim
2158 3819 2404 3888 intellige
2438 3836 2451 3871 :
2486 3833 2588 3873 nec
2621 3817 2888 3872 adversus
2919 3817 3203 3872 veritatem
3235 3823 3406 3869 certa.

1824 3911 2138 3980 Ancipitetn
2189 3919 2424 3964 mentem
2461 3909 2665 3978 abjice.
2708 3923 2773 3964 ac
2806 3910 2947 3963 citra
2985 3909 3148 3962 ullam
3189 3907 3409 3960 dubita-

1823 4002 2034 4058 tionem
2068 4003 2248 4072 gratia
2279 4002 2522 4066 ambula,
2552 4017 2652 4072 per
2675 4017 2838 4073 quam
2869 4002 2979 4065 ﬁet,
3006 4010 3062 4054 ut
3085 4001 3206 4070 jugi
3237 3999 3408 4060 illius.

1827 4107 1939 4162 quo
1989 4092 2188 4146 littera:
2217 4098 2408 4146 cortex
2454 4099 2508 4146 te
2560 4100 2792 4157 curvat,
2847 4090 3086 4145 vinculis
3124 4087 3406 4143 cximaris.

1827 4177 2040 4237 Excute
2070 4181 2318 4236 velamen
2351 4197 2364 4234 :
2399 4195 2595 4250 puram
2635 4195 2825 4236 eorum
2873 4195 2997 4250 qua:
3045 4181 3251 4246 scripta
3283 4185 3412 4231 sunt

1825 4273 2004 4348 lucem
2032 4272 2243 4341 excipe.
2277 4270 2516 4328 Umbras
2548 4273 2787 4342 praeteri,
2812 4288 2876 4327 ac
2908 4272 3111 4342 ﬁguras
3136 4271 3408 4338 relinque.

1827 4363 2036 4419 Nudam
2066 4365 2301 4434 gratiam
2327 4363 2536 4430 accipe.
2563 4363 2694 4418 Sine
2715 4363 2827 4416 ulla
2851 4363 3016 4416 animi
3053 4361 3412 4430 ambiguitate

1820 4455 1889 4509 ad
1924 4456 2212 4510 veritatem
2255 4454 2476 4508 accede.
2519 4453 2658 4506 Eum
2685 4492 2701 4516 ,
2743 4454 2837 4522 qui
2898 4453 3013 4505 haec
3060 4453 3134 4504 ita
3186 4450 3408 4511 sanxit,

149 4563 208 4601 τα
236 4550 593 4606 θεσπίσαντα.
633 4547 771 4604 Elite
801 4547 1112 4610 Μωσαῖκῶς
1143 4567 1155 4578 ·
1191 4544 1379 4614 Οὗτός
1398 4564 1518 4616 μου
1553 4545 1716 4612 Θεὸς,

1894 4546 1990 4600 uda
2031 4555 2085 4599 et
2117 4545 2372 4615 praedica.
2419 4544 2514 4596 Dic
2559 4542 2860 4598 Mosaicum
2909 4543 2962 4596 in
3009 4541 3274 4595 modum:
3309 4538 3410 4591 llic

150 4640 240 4694 mi
286 4641 531 4707 δοξάσω
571 4642 775 4706 αὑτὸν,
823 4641 968 4708 Θεὸς
1017 4640 1125 4694 τοῦ
1169 4640 1392 4707 πατρός
1431 4655 1572 4708 μου,
1624 4637 1723 4690 καί

150 4731 366 4799 ὑψιώσω
393 4735 603 4789 αὐτόν.
637 4733 730 4786 Σοὶ
759 4732 858 4803 μὲν
891 4727 986 4786 οὖν
1014 4732 1122 4795 ἀεὶ,
1166 4731 1260 4784 καὶ
1299 4731 1461 4784 παντὶ
1493 4729 1570 4799 τῷ
1598 4728 1722 4798 βου-

149 4819 376 4895 λομένῳ,
409 4825 587 4879 ταῦτα
633 4823 840 4890 ἐξέστω
882 4824 975 4877 καὶ
1025 4824 1268 4893 φρονεῖν,
1310 4821 1405 4875 καὶ
1449 4819 1725 4874 διδάσκειν

146 4913 361 4980 ὁμοίως.
404 4916 568 4988 Ἡμῖν
615 4918 694 4983 δὲ,
732 4911 813 4980 οἷς
841 4915 1052 4986 παγίως
1081 4914 1424 4985 ὲνεσημάνθη
1460 4913 1559 4985 τῆς
1593 4911 1725 4982 ἀλτΓ

147 5002 292 5069 θείας
324 5008 387 5061 τὸ
419 5009 559 5076 φῶς,
602 5009 664 5062 οὐ
693 5009 857 5079 σχολή
893 5024 958 5076 γε
995 5006 1065 5060 τά
1110 5005 1282 5059 πλείω
1313 5003 1716 5075 διερευνᾶσθαι,

149 5096 236 5149 καὶ
267 5101 406 5170 πρὸς
446 5099 677 5170 ἄπειρον
723 5099 1068 5168 διεξαγαγεῖν
1099 5097 1193 5150 τὸν
1229 5097 1410 5165 λόγον,
1453 5094 1723 5166 εὐκρινῶς

147 5187 306 5256 ἄγαν,
340 5193 438 5246 καὶ
467 5193 547 5257 ώς
577 5193 805 5256 εὐπετὲς
824 5187 892 5262 ἦν
920 5190 1022 5261 τῆς
1051 5189 1311 5259 ἀληθείας
1343 5187 1724 5258 παραδειχθεί-

147 5291 266 5348 σης.
302 5281 426 5335 Ὀτι
473 5281 548 5354 μὴ
581 5279 979 5352 πανηγυρίζειν
1011 5279 1318 5342 ἐθέλοντας,
1354 5279 1433 5340 εἰς
1483 5275 1721 5346 συζητή-

147 5382 261 5431 σεις
312 5373 656 5426 κατατείνειν
709 5373 839 5436 τοὺς
895 5372 1090 5438 λόγους
1139 5369 1307 5433 εἰκὸς,
1363 5368 1726 5422 ἀνακόλουθον

144 5458 278 5529 γάρ.
323 5463 464 5516 Ἀλλ’
496 5466 591 5517 ἐπὶ
635 5463 734 5535 τὴν
781 5463 984 5516 νύσσαν
1021 5463 1050 5514 ὀ
1075 5461 1233 5530 λόγος
1263 5461 1379 5525 ῑτω,
1412 5460 1504 5514 καὶ
1534 5461 1602 5514 τὰ
1628 5465 1726 5533 τῆς

140 5547 356 5621 ἡμέρας
390 5553 551 5620 ἐξίτω
583 5553 878 5625 μυστήρια,
905 5553 1038 5606 είσω
1072 5551 1314 5623 μάλιστα
1357 5549 1534 5624 θυρῶν
1558 5551 1726 5606 έστώο

1829 4638 1970 4692 Deus
2006 4655 2149 4692 meus
2174 4679 2189 4703 ,
2217 4646 2268 4692 et
2298 4636 2614 4708 glori/icabo
2641 4652 2779 4699 eum,
2819 4635 2959 4689 Deus
2999 4636 3168 4704 patris
3198 4634 3319 4697 mei,
3359 4640 3410 4686 et

1827 4731 2078 4784 exaltabo
2112 4729 2266 4783 illum
2309 4739 2358 4783 ι’.
2391 4728 2514 4783 Tibi
2558 4729 2724 4799 igitur
2762 4736 2817 4782 et
2857 4727 3036 4781 cuivis
3067 4727 3164 4780 alii
3202 4726 3317 4779 haec
3355 4734 3409 4778 et

1830 4820 2068 4885 sentire,
2098 4830 2150 4875 et
2187 4819 2383 4875 eodem
2416 4820 2577 4873 modo
2615 4820 2816 4874 docere
2864 4819 3051 4873 liceat.
3107 4817 3276 4871 Nobis
3308 4833 3410 4870 au-

1833 4923 1966 4978 tem,
1998 4912 2051 4966 in
2107 4911 2312 4981 quibus
2340 4911 2588 4966 veritatis
2620 4911 2803 4966 lumen
2837 4909 2992 4964 ﬁrme
3018 4910 3408 4979 consignatum

1829 5012 1936 5066 est,
1973 5005 2130 5072 plura
2165 5004 2506 5073 perscrutari
2541 5017 2652 5058 non
2682 5012 2868 5066 vacat,
2900 5017 3326 5072 sermonemque
3357 5003 3408 5054 iu

1830 5094 2104 5149 inﬁnitum
2154 5095 2489 5164 producere,
2539 5111 2604 5152 ac
2661 5097 2961 5166 praesertim
3010 5095 3317 5148 luculenter
3359 5101 3413 5144 et

1829 5200 1994 5255 quam
2035 5185 2293 5241 facillime
2322 5186 2437 5240 lieri
2470 5194 2703 5256 poterat,
2739 5186 3121 5241 demonstrata
3157 5183 3406 5236 veritate.

1829 5276 2014 5346 Neque
2042 5279 2188 5332 enim
2230 5279 2524 5344 cenvenit,
2557 5290 2616 5332 ut
2646 5279 2738 5347 qui
2774 5275 3096 5332 concionari
3152 5288 3217 5327 ac
3275 5271 3406 5326 festa

1833 5369 2112 5422 celebrare
2159 5369 2373 5434 volunt,
2421 5370 2707 5422 orationes
2770 5381 2900 5420 suas
2958 5363 3012 5417 in
3073 5360 3411 5434 quaestiones

1832 5463 2188 5531 compellant.
2228 5461 2286 5517 Id
2336 5463 2481 5518 enim
2536 5461 2763 5514 minime
2819 5468 3250 5514 consentaneum
3303 5465 3408 5510 cst.

1833 5553 2324 5610 Verumenitnvero
2385 5555 2450 5610 ad
2499 5553 2835 5608 curriculum
2877 5567 3000 5608 sese
3048 5549 3252 5606 referat
3288 5563 3408 5605 ora~

211 5739 233 5764 ο
274 5725 456 5802 Luca,
485 5729 574 5787 39..
654 5741 682 5784 ι’
713 5731 843 5787 Luc.
880 5747 941 5798 ιι,
980 5730 1034 5797 4,
1073 5731 1123 5786 5.
1202 5741 1230 5781 (ι
1269 5729 1437 5787 Eccli.
1477 5747 1560 5798 ιιι,
1600 5733 1692 5790 22.

1894 5733 2039 5791 Exod.
2075 5750 2162 5801 sv,
2196 5733 2250 5790 2.
