3776 6204
2946 234 3100 253 -,,.,,

358 309 464 374 sua
1572 307 1632 369 s.
1671 304 1999 367 Annam
2037 288 2459 365 CRETENSIS
3444 296 3529 364 ιω

360 424 461 487 tio,
488 436 555 477 ac
582 421 690 478 diei
724 420 955 490 hujusce
1001 420 1265 493 mysteria
1306 429 1741 485 commemoret,
1794 434 1851 488 pr

2043 432 2142 485 σης
2200 416 2295 468 καί
2347 433 2399 468 τι
2450 413 2586 484 πρδς
2642 412 2788 482 ἡμᾶς
2845 406 3134 480 χαροποιδν
3177 415 3534 484 πρασφωνοῠοης

359 531 437 571 se:
451 515 548 568 tim
581 514 724 568 intra
756 514 904 567 fores
934 515 1155 576 stantis,
1186 523 1350 584 atque
1384 513 1506 567 lazto
1539 512 1774 581 quodam
1815 527 1850 566 st

2044 506 2381 575 ἐπίφθεγμα.
2428 506 2652 574 Χάρητε
2699 504 2765 574 δὴ
2807 502 2906 556 καὶ
2962 500 3303 571 σκιρτήσατε⁶
3349 503 3535 572 πάρεστι

362 621 524 661 mone
553 604 622 658 ad
653 619 754 659 nos
802 604 856 658 in
885 604 1031 661 hunc
1063 604 1286 660 modum
1326 608 1552 659 utentis.
1582 602 1849 661 Gaudete.

2048 596 2151 666 γὰρ
2196 596 2257 649 τὸ
2299 593 2763 665 προσδοκώμενον.
2831 592 2946 663 Πρὸ
2993 590 3173 645 πυλῶν
3210 591 3243 663 ἠ
3281 591 3539 665 ἀνάκλησις,

361 695 670 760 exsultate;
719 696 876 750 adest
932 697 1078 751 enim
1137 696 1282 766 quod
1327 695 1779 764 exapectabatur.
1831 692 1852 747 Ι

2050 689 2182 759 πρὸς
2211 691 2333 749 ταῖς
2368 686 2562 756 θύραις
2601 686 2635 756 ἡ
2669 684 2954 755 λύτρωσις,
2981 684 3041 736 ὲν
3064 683 3244 753 χερσὶν
3268 685 3300 753 η
3328 687 3541 754 σωτηρία.

365 785 580 842 foribus
606 799 686 843 est
718 789 770 841 in
808 788 1102 857 pristinum
1155 796 1361 841 statum
1391 788 1694 851 revocatio,
1726 795 1856 858 prol

2056 779 2192 843 Πῶς,
2241 777 2337 831 καὶ⁸
2373 778 2494 830 τίνα
2533 776 2761 847 τρόπον,
2808 773 3130 844 ἀκούσωμεν
3172 771 3262 825 τοῦ
3303 773 3443 828 dum
3478 775 3547 829 λέ-

366 878 521 931 rihns
553 878 878 947 redemptio,
916 879 968 931 in
1001 878 1256 932 manibus
1287 878 1461 933 salus.
1485 878 1731 944 Quonam
1757 887 1857 931 autt

2059 886 2238 937 γοντος
2264 886 2279 900 ·
2320 869 2374 921 Ὁ
2405 867 2552 934 Θεὸς
2590 864 2867 936 ἐμφανῶς
2905 863 3060 931 ἣξει.
3108 862 3275 917 Πόθεν
3320 862 3439 932 ἥξει,
3480 868 3550 918 καὶ

367 966 554 1021 modo.
597 967 852 1021 Davidem
898 967 1172 1021 dicentem
1223 967 1556 1022 audiamus:
1596 968 1735 1020 Deus
1769 982 1856 1020 ma

2059 958 2199 1025 πῶςς
2252 957 2344 1023 Ἐξ
2366 956 2593 1029 ούρανοῦ
2622 974 2701 1020 τε,
2749 957 2844 1009 καὶ
2888 954 3013 1007 καθ’
3053 955 3218 1025 ἡμᾶς.
3260 950 3342 1016 Ἐξ
3370 953 3550 1023 ούρανοῦ

367 1058 501 1126 [εἐιε
556 1059 720 1112 veniet
753 1061 801 1113 '.
855 1056 1010 1113 Unde
1057 1058 1277 1112 tandem
1330 1059 1546 1123 veniet,
1600 1067 1656 1113 et
1707 1072 1858 1128 quon:

2061 1050 2169 1119 μὲν,
2202 1048 2532 1116 ἀσωμάτως,
2565 1045 2689 1100 καθ’
2719 1045 2870 1116 ἡμᾶς
2893 1045 2971 1105 δὲ,
3003 1045 3262 1115 σχήματι,
3297 1045 3381 1098 καὶ
3414 1044 3552 1113 φύσει,

370 1152 568 1205 modo?
600 1150 640 1203 E
671 1152 838 1213 caelo.
894 1159 951 1206 et
1003 1151 1179 1205 instar
1208 1150 1408 1205 nostri.
1446 1150 1486 1204 E
1517 1152 1659 1206 caelo
1698 1149 1861 1218 quide

2064 1140 2147 1191 ml.
2181 1136 2313 1190 εῖδει
2366 1136 2444 1207 τῷ
2473 1135 2597 1189 καθ’
2645 1136 2818 1205 ἡμᾶς.
2867 1131 3039 1187 Τοῦτο
3072 1133 3127 1186 δὶ
3154 1132 3267 1193 πῶς
3293 1132 3352 1186 ἂν
3377 1133 3555 1200 γένοιτο,

373 1245 700 1311 incorporeo
732 1243 946 1297 modo:
984 1243 1159 1297 instar
1217 1252 1401 1296 autem
1458 1243 1660 1304 nostri,
1710 1243 1816 1297 hoc
1860 1267 1864 1290 ‹

2067 1233 2131 1300 μὴ
2206 1230 2631 1301 σεσαρκωμένου
2710 1229 2907 1293 Θεοῦ;
2987 1229 3060 1281 Οὐ
3128 1226 3235 1299 γὰρ
3298 1229 3456 1297 γυμνῇ
3510 1232 3558 1297 τῇ

269 1338 276 1345 ’
373 1336 427 1388 in
464 1335 652 1387 habitu
691 1342 745 1387 et
787 1343 982 1387 natura
1016 1350 1080 1387 ac
1124 1334 1297 1388 forma
1345 1344 1546 1389 nostrae
1595 1335 1760 1389 simili

2071 1322 2280 1391 ὶεότητι⁴
2329 1321 2554 1374 δυνατὸν
2612 1319 2849 1391 ὁρᾶσθαι
2901 1318 3058 1381 Θεὸν,
3117 1319 3165 1369 εί
3218 1317 3289 1385 μὴ
3341 1315 3411 1384 τῷ
3456 1318 3562 1385 ἠμε-

374 1434 551 1477 antem
584 1424 678 1492 qui
714 1424 933 1478 tandem
968 1424 1083 1478 ﬁeri
1117 1432 1306 1494 queat.
1342 1425 1446 1479 nisi
1488 1425 1772 1479 incarnato
1805 1423 1865 1478 Dt

2071 1415 2199 1485 :éptp
2265 1414 2591 1486 φυράσματι
2666 1412 3019 1485 συμπλακεὶς
3104 1411 3287 1465 ένώσει
3349 1412 3409 1481 τῇ
3473 1410 3562 1463 καθ’

373 1514 566 1583 Neque
606 1516 751 1569 enim
784 1516 906 1571 ﬁeri
945 1525 1194 1586 poterat.
1241 1527 1299 1570 ut
1338 1516 1479 1573 Deus
1517 1533 1651 1587 pura
1696 1526 1752 1572 et
1805 1534 1864 1571 nt

2073 1508 2205 1575 ῆμᾶς
2287 1507 2583 1577 γενόμενος
2674 1503 2803 1559 καθ’
2887 1505 3036 1575 ἡμᾶς
3073 1544 3090 1569 ,
3181 1502 3271 1571 τῆς
3347 1502 3564 1571 ἁμαρτίας

374 1605 669 1661 divinitate
701 1618 1047 1669 cerneretur.
1072 1609 1179 1663 nisi
1219 1617 1424 1663 nostrae
1461 1624 1657 1663 massa:
1682 1607 1855 1662 adnex

2074 1596 2201 1667 Ξίχα.
2269 1592 2348 1649 Ἦ
2430 1596 2589 1667 δῆλον
2659 1596 2806 1667 ὑπὲρ
2899 1595 3024 1648 ὅλου
3101 1593 3194 1647 τοῦ
3268 1592 3565 1662 πλάσματος,

378 1712 476 1765 per
514 1697 872 1753 humanitatis
902 1697 1156 1753 unionem
1193 1699 1367 1752 instar
1392 1699 1563 1752 nostri
1604 1699 1779 1761 fleret,
1810 1697 1869 1751 dt:

2075 1691 2090 1742 i
2136 1688 2413 1759 Δεσπότης
2444 1686 2540 1741 τοῦ
2580 1687 2929 1758 πλάσματος,
2981 1684 3194 1738 ἑνοῦται
3225 1681 3297 1751 τῷ
3324 1682 3566 1751 πλάσματι,

378 1795 528 1842 taxat
562 1798 793 1858 excepto
842 1799 1087 1859 peccato.
1128 1791 1317 1859 itaque
1380 1789 1623 1859 ligurenti
1671 1789 1864 1843 Domin

2077 1780 2152 1834 ἵνα
2179 1779 2331 1853 σώσῃ
2358 1780 2422 1832 τὸ
2463 1778 2711 1849 πλάσμα.
2744 1778 2884 1845 Ποῦ,
2918 1776 3017 1831 καὶ
3046 1776 3217 1840 πότες
3258 1773 3339 1827 Ἑν
3376 1772 3443 1841 τῷ
3465 1788 3568 1841 παρ-

379 1878 550 1934 totius
638 1878 881 1949 figmenti
964 1896 1133 1936 causa
1211 1897 1340 1934 cum
1415 1882 1672 1951 ﬁgmento
1732 1896 1870 1952 copu

2077 1872 2262 1943 ὶενικῷ
2301 1872 2510 1944 χωρίῳ,
2543 1873 2638 1925 καὶ
2674 1870 2812 1944 πρὸς
2859 1868 2939 1940 τῷ
2981 1868 3126 1922 τέλει
3167 1869 3271 1920 τῶν
3297 1865 3490 1934 καιρῶν,
3506 1866 3568 1917 ὅτε

382 1978 492 2031 tur,
536 1977 594 2024 ut
626 1970 884 2041 ﬁgmento
919 1972 1155 2027 salutem
1207 1981 1513 2041 comparet.
1567 1970 1797 2025 Ubinam
1831 1972 1873 2024 ht

2079 1966 2210 2038 ιιξειν
2237 1965 2400 2018 αὑτὸν
2439 1966 2469 2018 ὁ
2501 1964 2669 2017 Δαϐὶδ
2702 1963 3111 2033 προηγόρευσε.
3158 1960 3263 2012 Καὶ
3289 1956 3429 2010 τοῦτό
3464 1958 3570 2008 ἐστιν

377 2069 433 2115 et
457 2076 565 2129 quo
591 2062 872 2131 tempore?
906 2060 963 2115 lu
999 2063 1241 2133 virginea
1276 2063 1499 2133 regione
1521 2105 1534 2125 ,
1578 2071 1634 2117 et
1680 2064 1747 2115 ad
1778 2073 1868 2117 ext

2171 2058 2569 2131 ανηγυρίζομεν
2611 2058 2879 2128 σήμερον,
2923 2054 2989 2107 τὸ
3032 2054 3133 2123 τῆς
3176 2050 3431 2121 Παρθένου
3460 2050 3573 2101 Γενέ-
3660 2050 3661 2067 ‘

381 2168 527 2206 tnnm
556 2164 891 2221 temporum,
922 2164 1033 2207 tum
1085 2155 1299 2208 scilicet
1349 2168 1473 2207 cum
1508 2170 1630 2208 eum
1666 2164 1872 2208 ventum

2081 2150 2230 2215 ιλιον,
2282 2151 2344 2204 τὸ
2395 2149 2504 2203 τῶν
2555 2148 2759 2217 ἑορτῶν
2815 2146 3177 2218 προεισόδιον,
3233 2140 3430 2196 καὶτοῦ
3473 2138 3572 2194 κατὰ

380 2260 501 2300 esse
532 2245 783 2313 praedixit
814 2244 1009 2300 David.
1039 2249 1218 2315 Atque
1246 2246 1348 2301 hoc
1384 2254 1487 2310 est,
1516 2246 1664 2316 quod
1697 2246 1871 2301 hodiet

2081 2242 2299 2313 (ριστὸν
2348 2240 2652 2311 μυστηρίου
2697 2240 3016 2310 προοίμιον.
3052 2237 3199 2292 Ἔδει
3240 2236 3343 2305 γὰρ
3387 2250 3572 2305 προετοι-

380 2332 470 2385 die
503 2334 641 2387 laetis
694 2334 895 2389 animis
936 2334 1304 2395 celebramus,
1338 2347 1532 2401 nempe
1589 2330 1836 2401 Virginis
1867 2350 1871 2386 ι

2081 2334 2340 2402 ιασθῆναι
2378 2334 2457 2403 τῷ
2482 2334 2693 2404 βασιλεῖ
2716 2336 2776 2388 τὸ
2815 2334 3110 2392 παλάτιον,
3156 2328 3253 2384 εἷθ’
3282 2329 3411 2383 οὓτω
3437 2330 3572 2397 παρεῖ-

381 2425 589 2488 tivitas,
624 2426 887 2482 festorum
928 2426 1302 2491 anteambulo,
1335 2424 1801 2495 mysteriiChristi
1825 2442 1872 2495 pl

2075 2443 2156 2479 ναι
2200 2426 2288 2479 τὸν
2352 2425 2594 2494 βασιλέα.
2630 2427 2778 2480 Ἔδει
2822 2423 3246 2497 προυφανθῆναι
3286 2421 3350 2475 τὰ
3392 2420 3566 2490 βασίλεια

386 2516 615 2570 ludium.
636 2517 937 2588 Oportebat
966 2517 1080 2587 (25)
1104 2518 1248 2572 enim
1275 2516 1430 2586 prius
1456 2516 1715 2586 palatium
1741 2532 1872 2585 para

2070 2518 2381 2589 σπάργανα,
2413 2514 2513 2571 εἷθ’
2555 2518 2699 2572 οὕτω
2735 2518 3079 2587 γεννηθῆναι
3122 2516 3183 2569 τὸ
3226 2513 3469 2585 βασίλειον

385 2620 547 2677 atque
580 2608 652 2663 ita
687 2625 867 2679 regem
900 2611 1116 2664 adesse.
1149 2609 1448 2677 Oportebat
1490 2610 1643 2678 prius
1686 2609 1876 2679 regiorl

2082 2626 2188 2680 ρος.
2222 2612 2332 2664 Καὶ⁸
2374 2611 2527 2675 τέλος
2574 2610 2684 2664 ἔδει
2731 2610 3159 2681 προφυραθῆναι
3201 2607 3291 2659 τὸν
3332 2602 3573 2675 «monui

387 2700 846 2753 incunabulorum
895 2699 1095 2754 fascias
1127 2702 1345 2753 contexi
1382 2717 1396 2752 :
1431 2706 1596 2766 atque
1629 2699 1704 2753 ita
1746 2699 1878 2753 demi

2085 2701 2131 2754 τό
2158 2718 2216 2754 τε
2251 2704 2506 2771 παρεῖναι
2553 2702 2645 2754 τὸν
2682 2702 2963 2772 κεραμέα.
3000 2700 3237 2761 Εἰκότως
3262 2692 3350 2750 οῦν
3388 2692 3576 2759 Ἰωακεὶμ

386 2789 593 2858 regium
625 2789 887 2844 infantem
924 2791 976 2842 in
1009 2790 1183 2844 lucem
1213 2789 1322 2843 edi.
1350 2787 1596 2857 Denique
1630 2788 1781 2856 prius
1802 2803 1872 2857 op

2087 2793 2451 2864 ίθαυμάσιος,
2490 2796 2646 2865 καὶὴ
2693 2795 2945 2857 σύνοικος
2976 2795 3169 2856 Ἀννα,
3209 2789 3370 2850 θείαις
3408 2788 3578 2853 tempo-

387 2878 536 2931 tebat
594 2880 838 2948 argillam
898 2879 1161 2933 misceri:
1200 2895 1264 2933 ac
1314 2888 1426 2932 tum
1487 2879 1709 2947 ﬁgulum
1771 2894 1878 2948 prae

2189 2903 2257 2949 ιις
2310 2885 2801 2955 θεοκλυτούμενοι,
2846 2884 3069 2955 καρπὸν
3103 2882 3267 2952 εὐχῆς
3308 2876 3580 2949 ἐπορίσαντο,

386 2984 531 3024 esse.
561 2969 753 3024 Merito
784 2968 1014 3039 proinde
1065 2970 1145 3022 vir
1169 2971 1391 3025 divinus
1419 2969 1691 3034 Joachim,
1733 2979 1787 3024 et
1812 2971 1877 3023 At

2191 2995 2277 3047 την
2324 2978 2389 3047 δὴ
2443 2977 2590 3045 λέγω
2641 2977 2739 3047 τὴν
2792 2976 3051 3047 βασιλίδα
3106 2973 3208 3043 τῆς
3263 2970 3473 3040 φύσεως,
3513 2962 3583 3033 τὴν

391 3060 569 3129 ipsius
608 3075 768 3121 uxor,
794 3059 979 3113 divina
998 3059 1350 3113 P.uvidentia
1380 3061 1557 3114 vocati
1586 3099 1601 3123 ,
1638 3060 1879 3129 precatio

2098 3067 2333 3139 ιπαρχὴν
2379 3066 2473 3119 τοῦ
2524 3066 2798 3136 ἡμετέρου
2832 3066 3188 3135 φυράματος,
3217 3056 3283 3133 ἧς
3311 3061 3367 3113 τδ
3403 3054 3589 3154 γενέσιῗν

393 3149 627 3203 fructum
682 3160 1063 3216 perceperunt,
1095 3148 1261 3212 hanc,
1288 3148 1535 3215 inquam,
1577 3158 1787 3201 natura:
1826 3165 1882 3203 re

2096 3161 2300 3228 ἱγομεν,
2358 3159 2452 3212 καὶ
2494 3158 2744 3226 τιμῶμεν
2782 3156 2853 3210 τὰ
2880 3157 3201 3226 σπάργανα,
3228 3150 3319 3206 καὶ
3342 3150 3430 3220 τὴν
3452 3141 3587 3200 ἐντεῦ-

396 3255 542 3304 nam,
588 3255 652 3292 ac
696 3248 900 3294 nostra:
936 3255 1131 3294 massa:
1178 3240 1470 3309 primitias,
1519 3239 1679 3308 cujus
1733 3241 1887 3293 natalt

2097 3256 2167 3301 μεν
2203 3246 2622 3318 προσκυνοῦμεν
2655 3247 2751 3300 τοῦ
2789 3248 2990 3314 γένους
3015 3245 3331 3314 ἀνάκλησιν.
3364 3235 3588 3310 ’Ᾱρτιγῖιρ

392 3330 536 3386 diem
577 3330 816 3400 agimus.
846 3340 1011 3400 atque
1044 3331 1378 3384 incunabula
1412 3330 1617 3385 honore
1648 3331 1883 3400 romle

2096 3338 2134 3393 πὸ
2166 3339 2293 3392 καθ’
2326 3340 2475 3409 ἡμᾶς
2523 3338 2788 3406 συγγενὲς
2835 3338 3016 3409 ἀρχὴν
3070 3336 3337 3407 λαμϐάνει
3385 3329 3587 3388 θεὼσεως·

396 3438 537 3485 tnur,
596 3438 846 3491 eamque,
906 3438 1027 3491 qua:
1084 3422 1209 3475 hinc
1274 3422 1518 3491 profecta
1578 3430 1680 3484 est.
1744 3423 1882 3476 colla

2100 3432 2239 3499 Αρτι
2273 3429 2450 3498 δεσμὰ
2498 3430 2599 3500 τῆς
2643 3429 2771 3500 πρὶν
2818 3429 3019 3497 ἀγόνου
3072 3429 3365 3500 πηρώσεως
3408 3422 3591 3476 λύονται.

396 3514 571 3569 nostri
600 3514 819 3583 generis
855 3513 1245 3568 excitationem
1291 3522 1347 3567 et
1389 3516 1444 3566 in
1477 3513 1753 3583 integrum
1810 3530 1887 3569 res

2100 3522 2171 3574 ιαί
2227 3524 2410 3597 μήτηρ
2462 3523 2495 3592 ἠ
2551 3521 2780 3586 ἄτεκνος
2842 3521 3086 3588 γίνεται,
3145 3521 3239 3575 καὶ
3292 3510 3591 3578 militaui

397 3606 661 3661 tutiouem
705 3620 1052 3661 veneramur.
1111 3603 1229 3658 Jam
1293 3606 1442 3659 enim
1506 3604 1558 3659 id
1621 3607 1765 3675 quod
1817 3620 1888 3659 no

2103 3613 2246 3677 ίπαις
2274 3613 2612 3684 εὑρίσκεται,
2635 3614 2731 3667 καὶ
2755 3613 2938 3683 χαίρει
2966 3612 3246 3686 Παρθένον
3268 3608 3448 3681 βρέφος
3467 3605 3594 3657 Ἅννα

397 3706 689 3767 cognatum
747 3706 857 3763 est,
908 3696 1275 3752 deillcationis
1329 3696 1548 3751 initium
1611 3690 1799 3752 suniit.
1857 3695 1883 3751 .l

2104 3701 2412 3773 ιηλάζουσα.
2440 3704 2602 3775 Ἀρτι
2631 3704 2791 3775 πόροι
2825 3704 3173 3775 στειρώσεως
3201 3696 3595 3770 ἁποφράττονταιν

399 3789 648 3858 pristinae
705 3788 1012 3843 sterilitatis
1061 3788 1277 3843 vincula
1328 3788 1654 3854 solvuntur;
1709 3794 1787 3852 et,
1855 3805 1888 3859 q

2105 3798 2173 3850 παὶ
2207 3796 2408 3861 φλέϐες
2431 3791 2781 3866 τεκνογονίας
2806 3794 3260 3868 ἁνασειράζουσι,
3286 3792 3377 3845 καὶ
3405 3782 3596 3857 προφθά-

402 3881 593 3938 liberis
675 3880 953 3945 carebat,
1020 3888 1193 3934 mater
1263 3878 1544 3941 efﬁcitur,
1615 3886 1671 3933 et
1736 3880 1893 3950 pulch

2105 3902 2159 3940 ἐι
2193 3886 2253 3940 τὸ
2292 3886 2392 3958 τῆς
2423 3887 2657 3940 ἀτέκνου
2684 3886 2896 3958 κύημα,
2923 3886 3030 3956 τῆς
3059 3884 3332 3956 Παρθένου
3362 3880 3418 3933 τὸ
3441 3873 3596 3942 θαῦμα.

404 3973 578 4043 prolis
614 3986 813 4042 parens
843 3986 930 4034 ea,
971 3985 1094 4038 qua:
1129 3968 1369 4023 tiliorum
1407 3984 1607 4037 expers
1650 3978 1791 4035 erat,
1824 3970 1895 4024 int

2108 3979 2143 4033 Ξί
2179 3978 2290 4049 γὰρ
2345 3978 2490 4048 μέγα
2526 3978 2586 4033 τὸ
2621 3981 2840 4049 στεῖραν
2877 3980 3099 4049 γεννᾷν,
3134 3975 3247 4039 πῶς
3286 3973 3344 4028 ού
3387 3959 3599 4042 μεῖζοντδ

403 4064 577 4126 nitur,
609 4060 922 4130 gaudetque
946 4058 1106 4113 Anna
1131 4059 1402 4128 virginem
1434 4059 1700 4115 infantem
1739 4062 1894 4119 lactat

2105 4070 2349 4142 παρθένον
2371 4071 2588 4137 τεκεῖν;
2624 4070 2719 4123 καί
2750 4087 2830 4124 τοι
2857 4072 2890 4138 ἠ
2924 4069 3025 4139 μὲν
3057 4065 3425 4136 ἀποδειχθεῖσα
3441 4060 3596 4129 μήτηρ·

402 4150 523 4207 lam
557 4148 869 4204 sterilitatis
929 4155 1142 4202 meatus
1205 4148 1612 4215 obstruuntur,
1669 4159 1724 4205 et
1786 4153 1892 4207 fert

2108 4158 2263 4211 ύκέτι
2290 4157 2476 4227 ἔμεινε
2509 4160 2700 4227 στεῖρα
2723 4174 2738 4187 ·
2769 4160 2804 4228 ἡ
2838 4157 2915 4221 δὲ,
2941 4156 3223 4228 ἀνάνδρως
3252 4151 3599 4211 τεκοῦσανπαρ·

404 4243 592 4295 ditatis
617 4255 765 4295 vena:
799 4247 1030 4305 tument,
1079 4248 1132 4295 et
1164 4239 1370 4295 sterilis
1402 4249 1591 4310 partus
1615 4242 1847 4313 virginis
1879 4260 1895 4296 ι

2110 4250 2241 4312 πένος
2279 4247 2464 4319 ἔμεινε
2513 4249 2699 4313 πάλιν,
2748 4250 2886 4319 μήτε
2919 4248 3194 4318 φθαρεῖσα
3222 4246 3316 4317 τὴν
3352 4241 3509 4312 νηδὺν.
3532 4232 3601 4286 κέι

407 4333 651 4389 raculum
702 4331 992 4386 antecedit.
1046 4329 1181 4384 Nam
1212 4331 1255 4385 si
1305 4347 1559 4402 magnum
1612 4341 1697 4388 est
1738 4335 1898 4389 sterili

2109 4339 2153 4393 ῖά
2188 4341 2440 4411 μητέρων
2466 4340 2714 4408 φυγοῦσα
2742 4356 2756 4369 ·
2800 4338 2939 4392 ἀλλὰ
2973 4340 3036 4391 τὸ
3080 4339 3182 4409 μὲν
3225 4336 3450 4404 ὕστερον,
3487 4326 3537 4379 τὺ
3560 4323 3600 4375 δέ

406 4433 646 4503 gignere,
689 4443 870 4483 annon
919 4427 1093 4481 multo
1131 4426 1311 4495 majus
1341 4427 1676 4482 censendum
1708 4439 1793 4484 cst
1817 4430 1897 4483 vir

2110 4433 2375 4504 τρότερον.
2413 4432 2753 4502 ’Υπόδειγμα
2784 4431 2894 4501 γὰρ
2925 4426 2994 4500 ἦν
3034 4430 3129 4484 τοῦ
3163 4428 3402 4497 δευτέρου
3429 4420 3480 4474 τὸ
3504 4414 3601 4504 πρός

408 4501 529 4580 netn
561 4521 787 4594 parere?
815 4520 882 4575 Et
914 4520 1137 4591 quidem
1188 4519 1301 4581 illa,
1338 4528 1397 4571 ut
1430 4528 1602 4572 mater
1633 4518 1825 4576 ell‘ecta
1878 4537 1899 4576 ε

2108 4501 2272 4595 ερον..
2298 4525 2549 4595 Ἔπρεπε
2584 4501 2693 4595 γὰρ
2733 4524 2811 4594 τῷ
2840 4523 2908 4577 δι’
2953 4518 3015 4577 οὗ
3052 4522 3121 4577 τὰ
3162 4522 3351 4580 πάντα,
3384 4512 3464 4569 καὶ
3496 4501 3599 4574 ἐνῷ

400 4602 515 4668 non
551 4613 661 4679 jam
709 4612 915 4667 sterilis
960 4611 1202 4676 mansit;
1260 4619 1315 4662 at
1371 4624 1458 4674 ea,
1509 4624 1630 4679 qua:
1686 4611 1807 4666 sine
1844 4612 1891 4665 vi

2110 4618 2152 4668 τὰ
2188 4614 2390 4678 πάντα,
2421 4615 2499 4678 ὡς
2523 4616 2622 4686 τῆς
2651 4615 2869 4684 φύσεως
2910 4614 3182 4685 Δεσπότῃ,
3218 4611 3308 4663 ἐπὶ
3335 4611 3395 4677 τῇ
3435 4600 3601 4673 προμή·

409 4720 571 4774 opera
598 4704 825 4773 peperit,
847 4701 1001 4771 virgo
1027 4717 1220 4757 rursus
1244 4701 1447 4755 mansit
1474 4718 1488 4754 :
1518 4702 1718 4772 quippe
1746 4718 1900 4772 quasi

2111 4719 2205 4773 ὀρι
2236 4703 2569 4774 νεουργῆσαι
2598 4702 2658 4756 τὸ
2694 4702 2901 4773 θαῦμα,
2946 4703 3040 4756 καὶ
3071 4704 3292 4772 στεῖραν
3318 4696 3466 4751 οὖσαν
3502 4693 3602 4745 dm.

413 4804 600 4850 ventre
630 4800 890 4862 corrupta
924 4792 1108 4859 fuerit,
1132 4802 1186 4847 et
1211 4808 1272 4846 ea
1300 4792 1492 4862 quaain
1524 4801 1729 4847 matres
1758 4794 1897 4849 cadu

2111 4794 2257 4860 ὶεῖξαι
2296 4794 2509 4865 μητέρα
2537 4810 2552 4825 ·
2585 4790 2687 4847 εἷθ’
2709 4793 2883 4857 οὕτως
2913 4792 3008 4845 ἐπὶ
3036 4792 3206 4864 μητρὶ
3226 4789 3293 4843 τὰ
3317 4786 3409 4857 τῆς
3437 4780 3602 4853 φύσεως

413 4885 685 4954 eﬂ‘ngerit.
716 4882 918 4937 Verum
955 4883 1189 4938 alterum
1221 4892 1370 4953 post,
1410 4883 1643 4937 alterum
1677 4892 1805 4939 ante
1854 4899 1904 4940 cc

2110 4864 2487 4955 ιαινοτομῆσαι
2517 4884 2717 4955 θεσμὰ,
2754 4884 2849 4937 καὶ
2878 4883 3152 4955 παρθένον
3186 4876 3446 4943 ἀποδεῖξαι
3474 4864 3601 4941 μητέ-

415 4978 557 5047 tigit.
592 4973 924 5028 Posterioris
950 4975 1096 5028 enim
1146 4974 1457 5043 exemplum
1490 4974 1641 5044 prius
1668 4984 1805 5030 erat.
1847 4974 1906 5031 Ct

2107 4991 2192 5037 σα,
2249 4975 2345 5027 καὶ
2402 4973 2702 5047 παρθενίας
2757 4974 3162 5045 ὲπισφραγίσαι
3225 4970 3292 5025 τὰ
3350 4968 3598 5047 σήμαντρςι.

420 5045 670 5125 veniebat
716 5064 860 5120 enim
910 5072 970 5117 ut
1027 5064 1075 5119 is
1135 5078 1233 5134 per
1278 5078 1439 5133 quem
1478 5064 1661 5118 omnia
1708 5065 1841 5119 etin
1888 5082 1911 5133 ι]

2110 5065 2348 5121 Γοιούτον
2371 5067 2432 5120 τὸ
2448 5045 2548 5139 τῆς
2570 5066 2849 5139 Παρθένου
2879 5065 3146 5134 γενέσιον,
3170 5062 3325 5117 τοῦτο
3342 5062 3432 5129 τῆς
3454 5045 3601 5139 ἑορῖῆς

418 5162 598 5218 omnia
649 5161 695 5224 ⁸,
756 5165 944 5229 utpote
1004 5166 1215 5211 natura:
1264 5154 1569 5221 Dominus,
1608 5156 1661 5211 in
1702 5159 1837 5219 avia
1895 5176 1909 5214 ε

2108 5156 2154 5209 τὸ
2191 5137 2512 5224 κεφάλαιον,
2560 5158 2594 5228 ἡ
2642 5137 2753 5210 τῶν
2796 5154 3075 5227 διαθηκῶν
3114 5153 3207 5229 τοῦ
3243 5148 3371 5206 Θεοῦ
3398 5142 3512 5216 πρὸς
3531 5137 3599 5229 ﬁt:

420 5268 622 5310 novum
656 5250 986 5305 miraculum
1014 5247 1348 5319 designaret,
1376 5261 1628 5317 eamque,
1651 5265 1773 5319 quae
1800 5257 1911 5306 ster

2109 5223 2349 5317 ὶρώπους
2401 5223 2735 5320 ἀνάμνησις,
2783 5249 2817 5320 ἡ
2855 5223 2968 5303 τῶν
3009 5224 3466 5319 «gemmam.»
3502 5223 3600 5285 ἀπό-

499 5427 693 5485 'l’sal.
732 5420 887 5492 xux,
940 5426 995 5482 ’5.
1108 5428 1125 5461 ι
1154 5422 1315 5478 Itoni.
1364 5439 1442 5491 XI,
1472 5421 1565 5478 36.

1742 5543 2130 5601 COMBEFISH
2178 5545 2413 5603 NOTAE.

479 5641 617 5718 ,(Ξῦ)
664 5642 952 5718 Oportebat
995 5648 1132 5713 enim
1163 5642 1749 5718 parlatinm.‘Eantdem
1778 5654 2002 5697 causam
2044 5639 2201 5698 aﬂcrt
2229 5641 2529 5714 Gregorius
2560 5640 2897 5713 Theologus,
2950 5655 3050 5696 cur
3113 5640 3223 5697 haec
3289 5628 3449 5707 omnia
3488 5616 3595 5676 infe-

444 5714 591 5765 riora
620 5721 744 5767 ante
776 5714 1048 5770 hominem
1080 5717 1297 5771 condita
1344 5715 1568 5771 fuerint.
