3776 6204
202 373 279 435 669

1159 358 1241 423 IN
1277 355 1887 431 NATIVITATEMB.
1928 352 2217 414 MARUE.
2259 352 2357 414 ιν.

3276 352 3383 415 8ῗο

202 490 313 556 γὸνα,
335 483 422 538 καὶ
440 482 542 535 ὅσα
569 475 778 550 ταύτην
808 474 859 529 oi
885 474 1090 529 κλεινοὶ
1122 474 1217 528 τοῦ
1242 474 1711 545 ῐΙνεύματοίύπα

1822 471 2054 532 hortum,
2083 467 2286 529 locum,
2327 480 2543 530 arvum,
2578 467 2829 533 fontem;
2877 479 3094 536 Ignam,
3154 474 3383 533 guttam,

200 579 339 646 «θῆται,
368 571 503 626 κατὰ
526 571 628 641 τὴν
659 571 718 621 έν
762 567 1054 638 συμϐόλοις
1106 567 1374 638 μυστικὴν
1423 563 1718 617 ἐποπτείαν

201 660 558 735 ιιρσϐλεπτικῶς
578 655 939 729 ὀνομάζουσιν
953 655 977 687 ὀ
1001 651 1137 724 οἷον,
1164 658 1324 726 βάτον
1350 656 1471 726 μὲν,
1495 655 1569 717 ὡς
1589 655 1717 706 ὅταν

198 757 292 829 λέγῃ
318 752 581 820 Μωῢσῆςο
622 768 642 802 ι
672 748 876 810 Διαϐὰς
909 748 1112 820 ὄψομαι
1139 748 1201 801 τὸ
1239 750 1425 819 ὅραμα
1471 747 1532 799 τὸ
1576 745 1719 816 μέγα

197 845 333 900 τοῦτο’
356 843 406 895 τί
426 843 510 894 ὅτι
544 839 821 909 καίεταιή
852 839 1035 908 βάτος,
1059 839 1154 893 καὶ
1177 839 1238 891 οὐ
1278 836 1664 900 κατακαίεται;
1694 854 1713 885 ι

202 934 376 989 Ῥάϐδον
400 932 479 995 δὲ,
522 933 599 993 ὡς
631 931 761 985 ὅταν
803 931 1032 993 Ἡσαΐας
1058 931 1252 1000 φησίν·
1291 948 1310 981 ι
1347 927 1717 996 Ἐξελεύσεται

199 1026 344 1095 Μ
364 1025 428 1076 ὲκ
459 1022 558 1093 τῆς
591 1019 752 1092 ῥίζης
780 1021 1003 1081 Ἰεσσαὶ,
1038 1022 1132 1074 καὶ
1160 1019 1323 1083 ἄνθος
1341 1020 1406 1072 ὲκ
1433 1018 1532 1087 τῆς
1561 1015 1718 1088 ῥίζης

196 1115 497 1185 ἀναϐήσεται.
531 1131 551 1164 ι
592 1111 752 1175 Ῥίζα
800 1111 1082 1165 καλεῖται·
1113 1131 1132 1169 ι
1175 1112 1283 1164 Καὶ
1309 1110 1539 1179 ἐσταινή
1594 1106 1720 1178 ῥίζα

192 1208 261 1261 τοῦ
296 1203 502 1270 Ἰεσσαὶ,
552 1202 649 1257 καὶ
683 1205 713 1256 6
759 1203 1123 1271 ἀνιστάμενος
1169 1202 1355 1272 ἄρχειν
1406 1199 1598 1264 ἐθνῶν,
1629 1196 1720 1251 ἐπ’

192 1298 318 1352 αὐτὸν
350 1295 517 1364 ⁹ιεθνη
551 1293 821 1348 ὲλπιοῦσι.
861 1312 880 1344 ι
911 1293 989 1362 Γῆ
1039 1292 1195 1361 ἁγία·
1234 1310 1253 1343 ι
1291 1289 1487 1358 Μωσῆ,
1521 1287 1717 1357 Μωσῆ,

195 1391 318 1444 λύσον
337 1387 394 1441 τὸ
418 1387 674 1457 ὑπόδημα
698 1387 764 1439 ἐκ
793 1384 903 1438 τῶν
936 1385 1113 1439 ποδῶν
1143 1401 1236 1437 σου
1255 1401 1270 1415 ’
1297 1385 1331 1453 ἡ
1359 1383 1467 1451 γὰρ
1501 1380 1597 1449 γῆ,
1632 1379 1718 1446 ἐφ’

82 1522 83 1525 η
194 1477 242 1553 ἧς
268 1482 322 1533 σὺ
344 1479 603 1547 ἕστηκας,
628 1477 699 1546 γῆ
719 1475 851 1544 ἁγία
873 1476 1012 1529 ὲστί.
1039 1495 1057 1527 ι
1076 1475 1157 1544 Γῆ
1181 1473 1490 1542 έπιθυμητή
1516 1487 1529 1501 ο
1568 1488 1586 1520 ι
1611 1470 1720 1523 Καὶ

60 1612 95 1637 ξ..
193 1569 504 1636 ὲξωδένωσαν
559 1567 663 1637 γῆν
724 1564 1092 1637 ἐπιθυμητήν.
1134 1583 1155 1616 ι
1215 1565 1293 1634 Γῆ
1352 1560 1720 1615 ἀνατέλλουσα

194 1657 492 1734 [ἀλήθειανγ
521 1678 540 1711 ι
580 1658 839 1728 Ἀλήθεια
863 1660 929 1711 ὲκ
966 1658 1065 1726 τῆς
1094 1659 1197 1728 γῆς
1231 1655 1492 1711 ἀνέτειλε.
1540 1673 1558 1702 ι
1590 1653 1720 1706 Θαι-

1820 570 1884 608 ac
1922 557 1965 609 si
1997 570 2106 623 qua
2159 554 2263 607 alia
2294 555 2482 626 inclyti
2537 557 2780 625 Spiritus
2819 555 3001 610 sancti
3031 554 3384 623 interpretes,

1818 660 1919 714 pro
1942 647 2185 715 mysticae
2220 646 2272 699 in
2302 647 2571 716 symbolis
2595 648 2960 717 iuspectionis
2985 644 3226 706 ratione,
3262 661 3384 699 eam

1817 737 2136 806 prophetica
2171 739 2464 791 nominant
2494 737 2689 803 :Puta,
2714 741 2937 803 rubum,
2976 746 3037 791 nt
3066 752 3192 791 cum
3231 736 3383 807 Moy-

1819 845 1910 885 ses
1934 831 2042 881 ait:
2068 846 2085 879 ι
2114 827 2341 892 Vadam,
2356 838 2414 883 et
2433 828 2633 883 videbo
2648 831 2917 884 visionem
2945 829 3086 883 hanc
3103 844 3384 898 magnam;

1821 921 2180 990 quamobrem
2239 920 2433 974 ardeat
2475 922 2687 985 rubus,"
2711 938 2815 976 nec
2865 925 3226 976 comburatur
3255 922 3282 960 δ
3309 920 3332 983 ῖ
3360 938 3379 969 ι

1820 1010 2046 1080 Virgam
2075 1021 2279 1073 autem,
2307 1021 2366 1067 ut
2395 1028 2522 1066 cum
2562 1012 2732 1067 Isaias
2780 1012 2915 1067 dicit
2955 1029 2968 1064 ;
3008 1031 3027 1064 ι
3061 1013 3387 1082 Egredietur

1818 1101 1971 1171 virga
1999 1102 2065 1156 de
2096 1101 2281 1156 radice
2304 1101 2481 1167 Iesse,
2511 1112 2567 1157 et
2586 1101 2686 1156 ﬂos
2711 1103 2778 1157 de
2807 1103 2990 1156 radice
3012 1104 3275 1156 ascendet
3294 1112 3378 1154 ο.»

1819 1192 2141 1262 Appellatnr
2170 1192 2323 1245 radix
2357 1208 2371 1243 :
2415 1211 2432 1243 ι
2464 1192 2530 1246 Et
2555 1195 2663 1248 erit
2694 1194 2845 1247 radix
2878 1191 3057 1255 Jesse,
3092 1200 3146 1246 et
3174 1191 3266 1261 qui
3292 1206 3391 1261 ex-

1821 1292 2011 1352 surget
2043 1298 2233 1352 regere
2264 1292 2482 1353 gentes,
2503 1285 2557 1338 in
2585 1300 2709 1339 eum
2745 1293 2937 1352 gentes
2968 1283 3274 1352 sperabunt
3300 1280 3384 1335 ἀ.»

1821 1373 1988 1429 Terra
2030 1384 2219 1427 sancta
2255 1391 2269 1426 :
2316 1393 2334 1424 ι
2378 1373 2579 1439 Moses,
2637 1373 2835 1438 Moses,
2869 1375 3020 1427 solve
3048 1372 3392 1426 calceamen-

1819 1473 1935 1519 tum
1967 1464 2035 1519 de
2056 1465 2288 1533 pedibus
2308 1465 2423 1520 tuis
2459 1482 2474 1517 :
2500 1475 2647 1520 terra
2675 1467 2821 1518 enim
2864 1465 2916 1517 in
2944 1478 3049 1533 qua
3079 1471 3213 1528 stas,
3245 1471 3393 1515 terra

1821 1568 2009 1611 sancta
2034 1564 2122 1610 est
2155 1566 2201 1610 ο.
2228 1574 2247 1607 ι
2271 1555 2439 1612 Terra
2470 1556 2855 1611 desiderabilis
2890 1573 2905 1609 :
2939 1575 2957 1605 ι
2996 1554 3058 1607 Et
3092 1569 3189 1624 pro
3219 1553 3395 1608 nihilo

1822 1649 2138 1704 habuerunt
2168 1657 2373 1703 terram
2423 1649 2856 1704 desiderabilem
2898 1646 2941 1699 τ.
2980 1665 3000 1700 ι
3042 1644 3217 1701 Terra
3254 1645 3396 1701 veri-

196 1730 307 1821 μάν·
344 1767 361 1803 ι
395 1750 423 1802 6
444 1730 580 1812 Θεὸς
612 1747 722 1801 ἀπὸ
758 1746 974 1817 Θαιμὰν
1002 1746 1143 1817 ἥξει.
1177 1763 1195 1796 ι
1249 1746 1412 1814 Ὄρος
1434 1761 1448 1774 ·
1500 1761 1520 1793 ι
1551 1744 1662 1797 Kal
1687 1743 1717 1794 6

1822 1747 1988 1793 tatem
2043 1740 2396 1809 producensf:
2434 1758 2451 1791 ι
2497 1730 2719 1793 Veritas
2750 1739 2817 1794 ile
2858 1750 3002 1792 terra
3026 1746 3145 1791 orta
3178 1749 3259 1791 est
3295 1739 3339 1790 5.
3367 1756 3387 1787 ι

194 1838 319 1907 αγιος
349 1836 405 1902 ἐξ
445 1837 609 1909 ὅρους
652 1827 975 1899 κατασκίου,
1029 1835 1243 1897 δασέος.
1289 1833 1531 1904 Ἐτμήθη
1570 1833 1717 1895 λίθος

1822 1832 2097 1885 Tliannam
2132 1849 2148 1885 :
2190 1850 2208 1881 ι
2235 1830 2377 1886 Deus
2429 1845 2459 1884 a
2506 1830 2782 1884 'l‘hannam
2837 1829 3018 1883 veniet
3052 1828 3101 1878 h.
3138 1848 3157 1882 ι
3195 1827 3390 1883 Mons:

193 1928 241 1993 ἐξ
273 1928 415 1999 ὅρους
448 1928 579 1983 ἄνευ
629 1926 850 1998 χειρῶν.
903 1927 1067 1998 Ὅρος
1111 1925 1141 1977 ὃ
1186 1923 1486 1996 ηὐδόκησεν
1525 1925 1554 1976 ὁ
1585 1924 1717 1988 Θεὸς

1825 1938 1844 1971 ι
1884 1921 1948 1974 Et
2000 1919 2238 1976 Sanctus
2285 1920 2354 1974 de
2398 1930 2582 1974 monte
2628 1920 2925 1979 umbroso,
2974 1933 3040 1971 ac
3086 1918 3392 1973 condenso.

190 2021 423 2073 κατοικεῖν
472 2019 534 2071 ἑν
583 2016 757 2087 αὐτῷ.
809 2034 829 2068 ι
893 2015 1083 2070 Ἐλαία
1105 2030 1119 2046 ’
1163 2032 1183 2066 ι
1235 2012 1378 2079 Ἐγὼ
1433 2013 1491 2066 δὲ
1515 2052 1531 2076 ,
1587 2013 1720 2066 ὡσεὶ

189 2108 314 2163 ἔλαια
340 2108 692 2178 κατάκαρπος
720 2106 779 2161 ἑν
814 2107 892 2179 τῷ
911 2106 1048 2178 οῐκῳ
1077 2105 1173 2160 τοῦ
1193 2106 1350 2160 Θεοῦ.
1376 2125 1394 2158 ι
1432 2105 1679 2170 Κιϐωτὰς
1701 2122 1716 2136 ·

196 2219 212 2252 ι
247 2199 520 2270 Ἀνάστηθι
545 2238 562 2265 ,
598 2198 804 2270 Κύριε,
861 2198 942 2261 είς
979 2197 1077 2266 τὴν
1124 2197 1433 2252 ἀνάπαυσιν
1467 2215 1563 2251 σου
1585 2214 1600 2229 ο
1631 2199 1720 2263 σὺ,

200 2292 314 2357 καλῆ
333 2291 559 2355 κιϐωτὸς
585 2290 681 2344 τοῦ
711 2290 1053 2362 ἀγιάσματός
1087 2287 1247 2344 σου.)
1274 2289 1473 2361 Θρόνος
1491 2308 1504 2323 ·
1529 2309 1548 2341 ι
1570 2285 1723 2344 Εἶδον

202 2383 277 2438 τὸν
290 2385 464 2455 Κύριον
494 2381 811 2452 καθήμενον
848 2383 943 2435 ἐπὶ
972 2380 1161 2451 θρόνου
1186 2381 1390 2451 ὑψηλοῦ
1430 2379 1523 2435 καὶ
1545 2384 1718 2452 ἐπηρ-

197 2470 359 2537 μένου,
406 2471 505 2525 καὶ
552 2469 771 2541 πλήρης
826 2472 855 2522 6
900 2464 1049 2532 οἶκος
1096 2471 1194 2540 τῆς
1247 2471 1404 2541 δόξης
1459 2470 1641 2525 αὐτοῦ.
1698 2491 1716 2523 ι

188 2559 341 2631 Πύλη·
374 2580 393 2612 ι
421 2562 536 2615 Kal
586 2557 708 2614 εἷπε
752 2561 956 2631 Κύριος
985 2562 1121 2630 πρός
1153 2578 1219 2632 με
1239 2578 1254 2593 ’
1292 2561 1357 2615 'H
1402 2561 1544 2633 πύλη
1585 2562 1722 2633 αὓτη

184 2653 515 2723 κεκλεισμένη
548 2652 726 2718 ἔσται,
756 2653 856 2707 οὐκ
888 2653 1301 2724 ἀνοιχθήσεταιο
1335 2655 1429 2708 καὶ
1456 2655 1630 2718 οὐδεὶς
1663 2657 1724 2707 οὐ

184 2744 249 2814 μὴ
274 2744 446 2817 διέλθῃ
475 2745 543 2799 δι’
589 2745 779 2815 αὐτῆς,
811 2745 893 2798 ὅτι
922 2746 1126 2816 Κύριος
1166 2747 1195 2798 6
1224 2746 1357 2811 Θεὸς
1377 2747 1468 2800 τοῦ
1510 2747 1727 2819 Ἰσραὴλ

182 2834 523 2889 ιισελεῦσεται
551 2836 646 2890 καὶ
669 2835 1010 2902 ἐξελεύσεται
1039 2836 1107 2889 δι’
1152 2837 1322 2907 αὐτῆς
1340 2852 1355 2868 ο
1386 2839 1478 2891 καὶ
1507 2838 1660 2894 ἔσται
1692 2840 1727 2910 ἠ

184 2921 309 2993 ⁴πύλη
332 2926 708 2997 κεκλεισμένη.
738 2945 758 2978 ι
805 2924 977 2980 Σιὼν⁶
1021 2945 1041 2979 ι
1079 2927 1237 2995 Ἥξει
1281 2932 1343 2983 ὲκ
1370 2930 1510 2984 Σιὼν
1538 2932 1566 2984 6
1601 2932 1727 3003 ῥυό-

184 3030 326 3082 μενος
343 3034 357 3047 '
385 3017 717 3088 ἀποστρέψει
742 3018 997 3081 ἀσεϐείας
1023 3019 1132 3075 ἀπὸ
1163 3020 1375 3076 Ἰακώϐ.
1420 3022 1730 3091 Ἐξελέξατο

157 3103 367 3186 ,Κύριος
413 3105 511 3177 τὴν
567 3106 738 3160 Σιών·
775 3108 1066 3179 ᾐρετίσατο
1108 3110 1278 3181 αὐτὴν
1329 3113 1408 3175 είς
1447 3115 1729 3168 κατοικίαν

178 3194 358 3267 ἑαυτῷ.
391 3216 413 3251 ι
435 3199 635 3269 Μήτηρ
662 3200 943 3252 καλεῖται’
972 3219 991 3250 ι
1023 3201 1222 3272 Μήτηρ
1250 3203 1389 3257 Σιὼν
1417 3206 1533 3276 ἐρεῖ
1552 3221 1567 3236 ⁸
1600 3208 1727 3259 Ἀν-

180 3284 378 3356 θρωπος
419 3290 516 3344 καὶ
566 3289 852 3358 ἅνθρωπος
884 3291 1117 3363 ἐγενήθη
1169 3295 1230 3346 ὲν
1258 3296 1416 3366 αὐτῇ,
1449 3297 1540 3349 καὶ
1569 3297 1730 3360 αὐτὸς

186 3373 518 3445 ὶθεμελίωσεν
564 3380 735 3449 αὐτὴν
767 3381 796 3432 ὁ
826 3381 1112 3451 ’Υψιστος.
1153 3402 1171 3433 ι
1208 3386 1339 3438 Καίο
1379 3406 1397 3437 ι
1435 3388 1605 3440 Πόθεν
1637 3405 1730 3457 μοι

193 3465 343 3532 τοῦτο,
372 3469 458 3523 ἵνα
488 3469 672 3541 έλθῃή
704 3472 903 3542 Μήτηρ
924 3471 1017 3524 τοῦ
1047 3473 1251 3544 Κυρίου
1282 3492 1382 3544 μου
1415 3477 1551 3545 πρός
1576 3494 1643 3545 με
1668 3494 1682 3539 ;
1706 3495 1724 3527 ι

192 3554 381 3628 θορεῖον
401 3576 414 3590 ·
453 3579 471 3613 ι
498 3562 719 3629 Φορεῖον
741 3560 995 3631 ἐποίησεν
1023 3563 1199 3633 ἑαυτῷ
1232 3567 1260 3618 6
1290 3565 1541 3633 βασιλεὺς
1571 3566 1733 3619 Σαλο-

195 3647 287 3715 μὼν
306 3652 410 3704 ἀπὸ
433 3650 602 3716 ξύλων
623 3649 719 3704 τοῦ
747 3651 999 3705 Λιϐάνου.
1033 3672 1051 3704 ι
1076 3652 1248 3722 Κλίνη
1264 3669 1278 3684 ·
1315 3672 1334 3704 ι
1376 3654 1504 3707 Ἰδοὺ
1528 3658 1556 3723 ἠ
1577 3654 1732 3727 κλίνη

193 3739 261 3792 m6
292 3741 670 3811 Σολομῶντος·
730 3742 995 3813 ἑξήκοντα
1046 3743 1264 3797 δυνατοὶ
1322 3743 1505 3814 κύκλῳ
1561 3746 1732 3814 αὐτῆς

191 3826 275 3882 ἀπὸ
298 3831 534 3885 δυνατῶν
592 3831 830 3903 Ἰσραήλ.
874 3850 893 3883 ›
930 3832 1205 3901 Κεφαλίς·
1238 3852 1257 3884 ι
1302 3834 1410 3887 Kal
1459 3835 1599 3897 ἴδον,
1639 3836 1733 3889 καὶ

193 3916 282 3973 ἰδοὺ
318 3924 437 3995 χεὶρ
466 3924 807 3994 ἐκτεταμένη
841 3925 976 3992 πρός
1011 3941 1099 3993 με,
1131 3925 1224 3978 καὶ
1252 3927 1310 3976 ὲν
1341 3926 1477 3996 αὐτῇ
1509 3927 1734 3993 κεφαλὶς

189 4005 388 4078 βιϐλίου,
418 4016 512 4066 καὶ
568 4014 853 4084 ἀνείλησεν
910 4013 1078 4084 αὐτὴν
1110 4012 1339 4067 ἐνώπιον
1380 4016 1536 4083 ἐμοῦ,
1558 4016 1651 4068 καὶ
1676 4018 1734 4069 ἐν

187 4100 304 4175 αΰτῇ
330 4105 690 4176 γεγραμμένα
718 4105 787 4157 τὰ
811 4104 1120 4175 ἔμπροσθεν
1143 4106 1236 4158 καὶ
1264 4106 1333 4159 τὰ
1355 4105 1575 4159 ὄπισθεν
1599 4123 1614 4136 ’
1643 4106 1735 4160 καὶ

185 4183 288 4246 εἷπε
317 4197 448 4266 πρός
479 4213 548 4267 με
570 4212 584 4226 ·
622 4195 721 4248 Υἱὲ
760 4194 1068 4266 ἀνθρώπου,
1104 4195 1389 4264 κατάφαγε
1432 4178 1532 4267 τίὴν
1575 4192 1747 4266 κεφα-⁰

187 4272 290 4335 λιδα
315 4284 530 4355 ταύτην.
566 4303 586 4335 ι
620 4283 834 4336 Βιϐλῐον
859 4300 874 4314 ο
909 4303 927 4334 ι
959 4285 1068 4337 Kal
1090 4283 1242 4337 ἔσται
1270 4287 1397 4353 ὑμῖν
1422 4286 1489 4337 τὰ
1519 4287 1735 4356 ῥήματα

1756 3160 1800 3218 (Σ

1818 2010 2117 2066 Abscissus
2162 2021 2250 2065 est
2303 2010 2445 2079 lapis
2490 2010 2560 2064 de
2621 2017 2808 2064 monte
2856 2009 2977 2062 sine
3030 2008 3293 2063 manibus
3346 2008 3394 2064 ί.

1820 2103 1978 2159 Mons
2028 2105 2085 2156 in
2148 2117 2257 2172 quo
2305 2102 2714 2173 beneplacitum
2766 2108 2851 2155 est
2885 2099 2996 2155 Deo
3038 2100 3285 2154 habitare
3338 2099 3395 2154 in

1820 2210 1887 2250 eo
1920 2193 1967 2248 i.
2007 2213 2027 2246 ι
2064 2193 2223 2249 Oliva
2257 2212 2272 2249 :
2316 2212 2335 2244 ι
2367 2193 2482 2264 Ego
2527 2203 2711 2247 autem
2766 2192 2930 2257 quasi
2995 2192 3139 2247 oliva
3197 2191 3398 2246 fructi-

1822 2287 1938 2342 fera
1975 2286 2030 2340 in
2067 2286 2233 2340 domo
2266 2284 2360 2339 Dei
2394 2284 2448 2338 ιι.
2484 2303 2504 2336 ι
2537 2284 2682 2340 Area
2714 2301 2731 2338 :
2767 2302 2787 2334 ι
2824 2282 3023 2353 Surge,
3060 2281 3311 2344 Domine,
3341 2284 3398 2338 in

1822 2378 2068 2447 requiem
2097 2386 2248 2430 tuam
2270 2416 2286 2441 ,
2316 2383 2373 2430 tu
2404 2386 2459 2430 et
2493 2391 2622 2431 arca
2657 2374 3126 2431 sanctificationis
3158 2385 3264 2430 tua:
3291 2372 3334 2430 ι.
3373 2393 3394 2427 ι

1824 2469 2130 2524 Thronus:
2174 2488 2193 2519 ι
2236 2467 2357 2521 Vidi
2392 2468 2686 2523 Dominum
2720 2467 3003 2523 sedentem
3035 2482 3204 2536 super
3248 2469 3401 2521 thro-

1823 2577 1956 2615 num
1988 2562 2266 2615 excelsum
2302 2570 2356 2615 et
2375 2560 2652 2614 elevatum
2675 2576 2689 2625 ;
2716 2568 2770 2612 et
2793 2559 2950 2628 plena
2984 2558 3165 2613 omnis
3201 2553 3404 2629 domus

1826 2654 2001 2725 gloria
2023 2653 2143 2721 ejus
2168 2660 2228 2705 ⁸³.
2263 2670 2282 2703 ι
2321 2651 2487 2705 Porta
2518 2649 2695 2709 :nJﬂt
2717 2649 2860 2703 dixit
2891 2647 3158 2703 Dominus
3183 2647 3250 2701 ad
3279 2662 3399 2703 me:

1827 2744 1989 2799 Porta
2033 2744 2146 2796 haec
2183 2743 2376 2797 clausa
2417 2740 2559 2804 erit;
2592 2756 2701 2793 non
2742 2740 3045 2809 aperietur,
3079 2746 3134 2793 et
3166 2739 3251 2792 vir
3292 2752 3403 2793 non

1826 2835 2092 2891 transibit
2127 2849 2222 2905 per
2243 2833 2417 2899 eam;'
2445 2833 2712 2900 quoniam
2760 2831 3025 2886 Dominus
3058 2828 3202 2885 Deus
3234 2829 3407 2885 Israel

1829 2929 2172 3000 ingredietur
2201 2936 2258 2982 et
2294 2925 2610 2998 egredietur
2640 2940 2735 2994 per
2769 2938 2890 2979 eam
2921 2939 2935 2975 :
2973 2922 3041 2976 Et
3080 2922 3187 2977 erit
3213 2923 3406 2978 clausa

1828 3034 1988 3094 porta
2017 3035 2065 3076 ιι.
2108 3044 2127 3076 ι
2174 3022 2352 3078 Sion:
2391 3040 2411 3074 ι
2454 3020 2654 3077 Veniet
2691 3036 2756 3076 ex
2799 3019 2931 3075 Sion
2975 3020 3070 3091 qui
3105 3019 3323 3081 liberet,
3350 3027 3409 3074 et

1831 3124 2045 3170 avertat
2101 3115 2415 3184 impietates
2462 3126 2493 3166 a
2538 3111 2746 3167 Jacobo
2808 3117 2856 3165 °.
2915 3109 3095 3180 Elegit
3144 3110 3409 3165 Dominus

1833 3205 2003 3270 Sion;
2037 3207 2201 3274 elegit
2227 3220 2346 3258 eam
2377 3205 2434 3258 in
2470 3204 2862 3257 habitationem
2898 3202 3001 3257 sibi
3038 3212 3094 3256 Ρ.
3135 3219 3154 3253 ι
3200 3201 3407 3255 Mater:

1835 3313 1853 3344 ‹
1895 3294 2069 3347 Mater
2121 3293 2254 3347 Sion
2301 3293 2493 3345 dicet:
2544 3291 2741 3357 Homo,
2788 3297 2844 3345 et
2889 3292 3063 3344 homo-
3116 3299 3281 3346 natus
3322 3296 3413 3346 est

1831 3384 1885 3436 in
1916 3399 2002 3444 ea,
2050 3393 2103 3436 et
2156 3383 2274 3450 ipse
2319 3380 2569 3434 fundavit
2609 3395 2733 3434 eam
2784 3380 3112 3435 Altissimus
3148 3389 3199 3433 ιι.
3237 3399 3256 3431 ι
3296 3379 3409 3435 Et:

1837 3492 1856 3524 ι
1898 3471 2054 3527 Unde
2085 3472 2192 3526 hoe
2220 3473 2379 3532 mihi,
2417 3480 2476 3523 ut
2506 3470 2690 3524 veniat
2732 3468 2902 3522 Mater
2932 3468 3151 3523 Domini
3186 3470 3295 3524 mei
3338 3470 3410 3524 ad

1831 3577 1919 3615 me
1954 3560 2012 3613 ’Ἰ
2053 3578 2072 3612 ι
2133 3559 2426 3613 Ferculum
2477 3575 2492 3611 :
2537 3576 2558 3608 ι
2612 3556 2765 3611 Fecit
2825 3558 2933 3612 sibi
2990 3573 3085 3610 rex
3145 3556 3411 3613 Salomon

1834 3653 2103 3708 ferculum
2129 3650 2196 3706 de
2219 3649 2387 3719 lignis
2415 3648 2607 3711 Libani
2634 3658 2680 3701 ι.
2726 3668 2744 3700 ι
2783 3648 3066 3701 Lectulum
3104 3665 3117 3699 :
3153 3666 3173 3699 ι
3206 3647 3410 3703 Lectus

1834 3740 2145 3796 Salomonis
2185 3738 2470 3807 sexaginta
2504 3738 2674 3791 fortes
2697 3736 2947 3790 ambiunt
2968 3753 3035 3791 ex
3064 3736 3303 3793 fortibus
3332 3736 3413 3792 ls-

1834 3834 1946 3887 rael
1980 3834 2023 3886 ⁸.
2078 3849 2096 3882 ι
2134 3829 2489 3900 Capitulum:
2523 3847 2541 3879 ι
2578 3828 2645 3881 Ει
2674 3828 2805 3893 vidi,
2838 3840 2892 3883 et
2920 3843 3052 3883 ecce
3081 3844 3280 3884 manus
3310 3844 3410 3884 ex-

1833 3933 1981 3977 tenta
2010 3921 2077 3973 ad
2110 3936 2220 3985 me,
2252 3927 2306 3974 et
2334 3920 2389 3973 in
2421 3934 2496 3977 ea.
2526 3920 2827 3988 capitulum
2873 3918 3036 3986 libri;
3067 3929 3135 3984 et
3150 3921 3411 3989 expandit

1836 4014 1968 4068 illud
2016 4027 2200 4066 coram
2235 4026 2342 4077 me,
2378 4017 2431 4064 et
2477 4021 2633 4066 erant
2676 4012 2879 4079 scripta
2927 4012 2982 4064 in
3030 4026 3096 4066 eo
3130 4013 3409 4067 anteriora

1834 4114 1886 4159 et
1919 4103 2251 4173 posteriora;
2279 4104 2352 4168 iet
2397 4101 2538 4155 dixit
2572 4101 2652 4155 'ad
2687 4117 2809 4156 me:
2856 4100 2957 4156 Fili
2993 4102 3259 4165 hominis,
3311 4117 3408 4157 co-

1835 4194 1991 4249 mede
2020 4194 2323 4262 capitulum
2354 4192 2506 4248 istud
2533 4195 2583 4246 ι.
2616 4211 2634 4244 ι
2664 4191 2830 4247 Liber
2856 4212 2869 4247 :
2912 4211 2930 4244 ι
2967 4192 3033 4246 Et
3059 4203 3225 4250 erunt
3252 4194 3411 4250 vobis

1837 4286 2000 4338 verba
2040 4285 2175 4347 haec,
2208 4285 2284 4338 ait
2319 4283 2485 4346 Deus,
2531 4293 2593 4337 ut
2617 4285 2782 4338 verba
2821 4284 2942 4337 libri
2975 4285 3214 4354 signati;
3246 4300 3410 4355 quem

185 4371 362 4435 ταῦτα,
397 4375 546 4443 λέγει
597 4376 626 4427 6
657 4374 811 4437 Θεὸς,
847 4375 922 4437 ὡς
972 4377 1019 4427 οἱ
1073 4374 1341 4442 λόγοιτοῦ
1392 4374 1596 4445 βιϐλίου
1641 4376 1725 4429 τοῦ

1838 4377 1882 4431 si
1920 4376 2171 4430 dederint
2198 4376 2375 4443 ipsum
2401 4374 2611 4427 homini
2643 4374 2838 4427 scienti
2870 4375 3409 4439 litteras,diceutes:

181 4457 630 4533 ἐσφραγισμένου,
659 4464 688 4518 6
718 4465 813 4517 ἐὰν
832 4463 1093 4518 δώσουσιν
1125 4464 1256 4519 αὐτὸ
1304 4464 1575 4535 ἀνθρώπῳ
1616 4467 1725 4519 ἐπι-

1845 4463 1982 4533 Lege
2012 4463 2154 4525 haec;
2180 4469 2233 4517 et
2263 4462 2430 4524 dicet,
2471 4459 2590 4514 Non
2630 4476 2853 4529 possum
2901 4462 3080 4530 legere
3111 4481 3123 4518 :
3153 4462 3411 4531 signatus

179 4554 420 4624 (πταμένῳ
448 4555 774 4625 γράμματα,
808 4552 1058 4618 λέγοντες
1081 4551 1251 4622 αὐτῷ,
1288 4551 1585 4619 Ἀνάγνωθι
1604 4550 1738 4603 ταῦ-

170 4650 274 4695 τυαο
307 4646 396 4697 καὶ
432 4647 570 4717 ὲρεῖ,
598 4645 673 4698 οὗ
720 4644 955 4714 δύναμαι
1011 4642 1344 4709 ἀναγνῶναι·
1378 4644 1740 4711 ἐσφράγισται

168 4731 300 4803 γάρ.
331 4754 349 4787 ι
382 4737 594 4807 Τόμος*
634 4754 654 4787 ι
706 4736 814 4788 Kal
843 4732 963 4787 εἷπε
1016 4735 1220 4804 Κύριος
1267 4735 1402 4804 πρός
1455 4752 1551 4805 με’
1594 4735 1740 4787 Λάϐε

160 4826 380 4896 σεαυτῷ
405 4827 571 4896 τόμον
600 4826 789 4879 καινοῦ
821 4814 1081 4895 μεγάλου,
1112 4825 1448 4895 καὶ-γράψον
1478 4826 1555 4888 είς
1578 4827 1740 4880 αὑτὸν

154 4915 390 4999 χραψίδι
416 4916 732 4999 ἀνθρώπου,
755 4915 849 4968 τοῦ
874 4913 1041 4980 ὀξέως
1058 4913 1339 4986 προνομὴν
1361 4910 1583 4987 ποιῆσαι
1610 4915 1737 4969 σκύ-

1836 4562 1922 4606 est
1954 4552 2097 4605 enim
2134 4561 2177 4606 '.
2228 4570 2247 4603 ι
2281 4551 2485 4605 Tomus
2517 4566 2531 4603 :
2573 4569 2592 4601 ‹
2633 4548 2697 4604 Et
2729 4550 2870 4603 dixit
2903 4549 3164 4603 Dominus
3189 4551 3252 4603 ad
3287 4566 3409 4604 me:

1838 4642 2005 4697 Sume
2047 4643 2145 4697 tibi
2178 4643 2434 4697 volumen
2489 4642 2614 4695 novi
2667 4640 2871 4709 magni,
2912 4646 2966 4693 et
3019 4641 3201 4693 scribe
3251 4639 3305 4692 in
3342 4654 3410 4693 eo

1836 4734 2081 4790 hominis
2128 4734 2294 4805 stylo,
2332 4742 2390 4788 ut
2433 4732 2691 4786 velociter
2725 4730 3189 4798 ill-praedationem
3220 4729 3409 4783 ‘facint
3505 4784 3509 4789 ,

1837 4824 2139 4892 spoliorum
2165 4824 2373 4893 :{prope
2394 4831 2474 4874 est
2498 4819 2649 4871 enim
2679 4831 2724 4872 ι.
2741 4836 2758 4867 ι
2784 4815 3022 4885 Forceps
3045 4834 3058 4870 :
3081 4835 3097 4867 ι
3120 4815 3183 4868 Ει
3200 4818 3408 4870 missus

1837 4924 1919 4970 est
1962 4914 2026 4968 ad
2058 4928 2147 4968 me
2176 4928 2323 4967 unus
2352 4910 2417 4966 de
2448 4909 2760 4980 Seraphim,
2806 4921 2858 4965 et
2890 4909 2943 4962 in
2974 4924 3138 4962 manu
3170 4907 3410 4962 habebat

146 4993 314 5056 δωνο
345 5008 576 5078 παρέστι
627 4993 757 5076 γ’ἀρ.
796 5024 815 5057 ι
846 5004 1038 5067 Λαϐίς.
1067 5023 1086 5055 ι
1118 5004 1227 5057 Kal
1273 5005 1552 5075 ἀπεστάλη
1599 5004 1725 5075 πρός

1841 5007 2163 5069 carbonem,
2193 5019 2356 5074 quem
2397 5001 2604 5071 forcipe
2633 5002 2866 5070 sumpsit
2895 5001 2960 5054 de
2992 4999 3175 5065 altari,
3198 5008 3252 5051 et
3289 4999 3415 5053 teti-

160 5105 251 5160 ιιι
268 5092 323 5146 ἓν
343 5096 452 5149 τῶν
482 5095 759 5168 Σεραφὶμ,
809 5093 906 5145 καὶ
928 5093 989 5145 ὲν
1026 5094 1093 5163 τῇ
1119 5093 1265 5164 χειρὶ
1297 5090 1443 5165 εἶχεν
1471 5092 1753 5165 ἄνθρακα,

1843 5098 1923 5169 git
1956 5112 2021 5152 os
2056 5111 2261 5163 meum,
2295 5103 2349 5151 et
2380 5093 2518 5150 dixit
2551 5111 2565 5147 :
2604 5091 2745 5148 Ecce
2774 5092 2950 5160 tetigit
2988 5091 3091 5145 hoc
3127 5090 3266 5143 labia
3295 5097 3409 5153 tua,

264 5257 282 5336 ξ
314 5265 481 5336 Exod.
513 5283 598 5326 ιιι.
624 5266 679 5323 5.
748 5278 776 5309 ε
807 5269 917 5325 Isa.
975 5284 1052 5333 χι,
1087 5270 1140 5323 1.
1214 5269 1244 5311 ά
1291 5269 1421 5326 ibid.
1455 5287 1533 5336 χι,
1570 5271 1658 5326 10.

1822 5269 1970 5325 Brod.
2021 5284 2106 5335 ιιι,
2139 5266 2192 5321 5.
2274 5263 2505 5336 f_Psa_l._
2529 5277 2615 5336 ev,
2651 5257 2745 5312 ΞΛ.
2825 5256 2851 5295 κ
2883 5246 3411 5336 νέειικιῆιικιῇλιξ.

208 5323 423 5403 ξριιῒηιο.
459 5354 537 5399 ιιι,
572 5320 676 5393 ϐξ
711 5340 728 5380 ί
770 5320 915 5395 υἷι-ιι.
966 5320 1051 5403 ιζ’
1084 5320 1178 5395 λδ.
1724 5364 1725 5371 η

1823 5320 2106 5393 ””ΪρςἐιῘ.’
2150 5320 2235 5402 ιι,
2265 5334 2355 5389 10.
2430 5332 2447 5365 ¹
2476 5320 2621 5403 Ρειιις.
2674 5340 2895 5403 cinter
2917 5320 2971 5375 8.

3048 5327 3085 5350 ι·
3118 5318 3224 5374 lsa.
3254 5333 3327 5379 vr,
3361 5320 3414 5372 1.

215 5394 429 5483 flii-ach.
462 5389 692 5471 suae.
770 5389 938 5483 ﬁgi.
970 5389 1205 5483 hin—2'6.
1260 5389 1704 5472 ιἰἶξέιῙῘάἷέῆ.

1822 5451 1829 5466 .
1909 5389 2113 5483 't—Psal.
2146 5389 2368 5471 ιίιὶινι,
2395 5403 2449 5474 5.
2531 5411 2553 5440 τ
2589 5399 2722 5454 Luc.
2757 5413 2797 5462 ι,
2830 5392 2920 5457 43,
3002 5397 3023 5425 ³
3059 5389 3217 5444 Cant.
3246 5402 3326 5454 ιιι,
3358 5389 3416 5444 9.

215 5472 371 5543 ‘ibid.
406 5489 463 5547 7.
540 5499 570 5527 ιι
611 5479 906 5548 ΕΖθεΙιῖιι,
964 5485 1020 5539 9.
1070 5472 1078 5483 ²
1136 5483 1287 5535 'lsa.
1332 5496 1483 5540 xxix,
1533 5483 1620 5532 lt.

1700 5488 1723 5515 κ
1743 5479 1846 5533 lsa.
1887 5494 2006 5542 vm,
2069 5475 2119 5545 1,.

1424 5634 1656 5689 VA"le
1696 5632 2111 5689 LECTlONES.

263 5737 283 5771 ³
309 5739 435 5795 idat.
476 5744 532 5795 ἐν
567 5738 744 5803 αὐτῷ.
