3776 6204
456 334 555 398 871

1639 341 1700 401 S.
1729 338 2056 401 ANDREE
2098 340 2520 408 CRETENSIS

3528 379 3610 440 8’2

452 453 508 499 et
547 449 768 514 peccata
797 449 888 498 tua
932 443 1404 519 circumpurgabit
1431 457 1479 504 γ.
1543 467 1560 500 ι
1592 451 1757 523 Virgo
1785 467 1799 506 :
1832 471 1852 504 ί
1881 451 2025 507 Ecce

2128 455 2186 508 ὃν
2205 461 2272 528 τῇ
2295 459 2472 514 λαϐίδι
2507 461 2694 516 ἐλαϐεν
2712 465 2820 518 ἀπὸ
2846 459 2942 550 τοῦ
2968 466 3355 544 θυσιαστηρίου,
3379 482 3460 533 καὶ
3477 485 3616 550 ἥψατο

451 537 610 606 virgo
646 535 699 590 in
730 543 891 590 utero
929 537 1190 608 accipiet,
1230 549 1284 594 et
1321 541 1496 610 pariet
1542 541 1740 608 lilium,
1780 553 1834 599 et
1863 559 2027 598 voca-

451 627 590 680 bunt
640 639 838 678 nomen
884 623 1007 693 ejus
1048 625 1370 682 Emmanuel
1427 639 1473 683 ι.
1531 649 1550 682 ›
1609 629 1966 703 Proplretissa
2009 652 2022 687 :

459 733 478 765 ι
519 714 583 767 Et
623 717 832 770 accessi
864 715 932 770 ad
973 719 1400 786 prophetissam,
1447 728 1502 775 et
1540 721 1595 774 in
1638 731 1798 777 utero
1821 737 2025 780 conce-

452 811 551 878 pit,
595 823 660 863 ac
703 811 915 880 peperit
960 811 1130 865 lilium
1170 829 1182 866 :
1219 824 1273 866 et
1312 813 1452 868 dixit
1492 813 1757 870 Dominus
1801 816 1867 870 ad
1900 833 2023 872 me:

454 897 596 952 Voca
634 915 833 954 nomen
878 899 1023 968 ejus,
1073 899 1195 954 Cito
1241 903 1457 970 spolia;
1509 905 1773 958 velociter
1813 904 2024 975 deprae-

451 991 624 1042 dare:
671 990 798 1057 quia
853 999 1152 1060 antequam
1206 993 1344 1046 sciat
1395 1008 1534 1060 puer
1565 1009 1763 1050 vocare
1814 1007 2023 1066 patrem

451 1093 542 1134 aut
571 1089 827 1144 matrem,
872 1084 1110 1153 accipiet
1138 1084 1399 1140 virtutem
1443 1085 1716 1150 Damasci,
1760 1095 1813 1142 et
1852 1089 2024 1156 spolia

452 1173 714 1228 Samaria:
741 1185 790 1226 ε.
844 1193 862 1224 ι
924 1177 1135 1243 Regina
1167 1191 1182 1228 :
1227 1194 1245 1227 ι
1273 1176 1462 1230 Astitit
1493 1175 1697 1246 Regina
1754 1193 1782 1231 a
1817 1177 2026 1235 dextris

448 1267 560 1319 tuis
609 1265 662 1318 in
706 1266 908 1319 vestitu
939 1265 1228 1329 deaurato,
1276 1268 1716 1333 circumamicta,
1775 1271 2024 1341 variega-

447 1351 584 1405 tab.
641 1372 657 1404 ι
718 1352 1020 1409 Proxima:
1082 1374 1100 1406 ι
1157 1355 1292 1410 Tota
1346 1359 1571 1426 pulchra
1621 1374 1718 1419 es,
1775 1361 2023 1429 proxima

448 1459 588 1505 mea,
625 1452 737 1498 tota
774 1445 1024 1522 pulchra,
1059 1457 1112 1501 et
1141 1449 1354 1501 macula
1383 1465 1489 1502 non
1524 1459 1607 1504 est
1631 1450 1683 1503 iu
1719 1458 1791 1506 te.
1826 1450 2020 1521 Surge,

447 1535 596 1597 veni,
624 1536 874 1605 proxima
925 1551 1044 1590 mea
1079 1551 1280 1606 sponsa
1312 1555 1324 1590 :
1363 1540 1483 1593 veni
1532 1539 1598 1593 de
1629 1538 1877 1594 Libano:
1919 1540 2023 1596 Ve-

447 1626 593 1690 nies,
631 1627 931 1693 veniesque
969 1643 998 1681 a
1023 1628 1298 1700 principio
1332 1628 1476 1684 ﬁdei.
1512 1629 1719 1685 Favum
1751 1631 2022 1686 distillant

446 1716 586 1769 labia
622 1726 734 1774 tua.
786 1733 1010 1786 sponsa,
1058 1719 1164 1773 mel
1212 1728 1267 1773 et
1301 1719 1388 1774 lae
1439 1721 1541 1774 sub
1586 1721 1771 1791 lingua
1803 1731 1929 1789 tua;
1966 1731 2021 1778 et

445 1807 579 1862 odor
609 1810 1064 1864 vestimentorum
1101 1820 1319 1866 tuorum
1357 1812 1502 1866 sicut
1533 1812 1670 1866 odor
1696 1813 1871 1868 thuris
1909 1825 1955 1866 ε.
1996 1833 2015 1867 ι

447 1899 657 1952 Soror:
697 1918 714 1947 ι
756 1899 932 1965 Quam
959 1902 1173 1968 pulchri
1207 1901 1332 1956 lacti
1379 1913 1511 1957 sunt
1545 1904 1688 1957 oculi
1728 1906 1830 1970 tui,
1863 1920 2022 1960 soror

444 2007 563 2044 mea
596 2005 799 2058 sponsa
829 1990 878 2042 ἀ.
913 2010 932 2041 ›
980 1990 1185 2045 Hortus
1213 2009 1227 2046 :
1265 2012 1282 2043 ‹
1325 1993 1527 2047 Hortus
1551 1995 1875 2062 conclusus,
1899 1995 2022 2051 fons

444 2081 694 2150 signatus
714 2093 758 2134 ε.
789 2101 806 2131 ι
846 2081 982 2135 Filia
1015 2101 1027 2136 :
1063 2099 1082 2135 ι
1110 2084 1274 2147 Audi,
1313 2085 1447 2147 lilia,
1484 2093 1538 2138 et
1572 2085 1712 2150 vide,
1737 2095 1789 2141 et
1816 2087 2022 2142 inclina

443 2187 632 2225 aurem
688 2182 876 2236 tuam,
932 2181 985 2226 et
1039 2173 1366 2228 obliviscere
1417 2177 1677 2244 populum
1741 2186 1893 2231 tuum
1967 2189 2023 2234 et

442 2267 664 2318 domum
709 2265 883 2332 patris
925 2264 1038 2330 tui;
1091 2273 1146 2319 et
1190 2269 1549 2334 concupiscet
1587 2284 1680 2324 rex
1714 2270 2024 2340 pulchritu-

441 2355 622 2408 dinem
653 2366 800 2409 tuam
833 2354 877 2407 τ.
922 2375 940 2406 ι
965 2386 1030 2396 -
1060 2374 1078 2407 ι
1117 2355 1296 2412 Multae
1328 2360 1450 2413 tiliae
1473 2361 1852 2429 acquisierunt
1881 2363 2022 2417 divi-

442 2448 583 2512 tias;
629 2447 812 2500 multa:
841 2447 1089 2502 fecerunt
1119 2449 1380 2505 virtutem
1410 2460 1502 2505 :tu
1540 2461 1720 2507 autem
1771 2455 2018 2524 emines;

451 2553 816 2608 supergressa
843 2554 903 2593 es
945 2541 1234 2596 universas
1271 2543 1314 2594 ε.
1345 2562 1364 2594 ι
1403 2543 1741 2614 Desponsata
1782 2565 1796 2600 :
1834 2567 1852 2598 ι
1892 2548 2022 2604 Mis-

441 2645 537 2685 sus
571 2640 654 2683 est
677 2635 907 2698 angelus
939 2628 1160 2685 Gabriel
1197 2647 1226 2684 a
1254 2631 1362 2686 Deo
1384 2633 1435 2686 in
1473 2637 1749 2691 civitatem
1781 2637 2022 2695 Galilmae

439 2720 528 2773 cui
563 2735 763 2773 nomen
810 2719 1120 2786 Nazareth,
1174 2723 1241 2776 ad
1289 2724 1558 2795 virginem
1627 2730 2017 2799 desponsatam

438 2812 559 2865 viro
591 2813 678 2866 cui
736 2828 934 2867 nomen
966 2811 1194 2883 Josepb,
1244 2815 1312 2870 de
1355 2817 1518 2872 domo
1561 2835 1625 2873 ac
1668 2821 1874 2875 familia
1913 2823 2019 2877 Da-

439 2904 526 2957 vitl
555 2925 568 2958 :
601 2916 656 2958 et
691 2919 888 2958 nomen
917 2905 1155 2975 virginis
1196 2906 1368 2962 Maria
1412 2909 1460 2960 ιι.
1499 2929 1517 2961 ι
1553 2910 1736 2967 Nubes
1769 2930 1783 2966 :
1816 2933 1834 2965 ι
1881 2917 2022 2972 Ecce

436 2993 706 3051 Dominus
743 2995 957 3050 sedebit
1007 3011 1174 3066 super
1227 2999 1432 3052 nubem
1489 3001 1698 3066 levem,
1735 3014 1791 3058 et
1839 3006 2019 3060 veniet

439 3087 512 3190 in.
554 3084 875 3193 Egypturn,
929 3087 1439 3193 tit-concutiendum
1462 3092 1775 3193 manulacta
1827 3095 2004 3193 .A'ng-
2040 3131 2081 3188 ο
2114 3140 2203 3175 νον
2237 3140 2350 3193 μεμ

438 3179 514 3248 pti
554 3181 598 3231 ι.
645 3196 663 3230 ι
701 3176 898 3232 Visio:
947 3175 1076 3233 Vidi
1118 3179 1388 3235 visionem
1427 3175 1573 3248 ignis
1606 3202 1619 3237 :
1671 3196 1725 3239 et
1759 3186 2014 3254 splendor

437 3270 558 3339 ejus
594 3270 648 3322 in
690 3268 957 3335 circuitu,
989 3269 1140 3324 velut
1179 3271 1315 3324 visio
1361 3287 1547 3338 arcus,
1588 3289 1713 3329 cum
1753 3275 1914 3330 fuerit
1957 3279 2012 3333 in

438 3362 584 3415 nube
618 3361 674 3414 in
707 3358 902 3413 diebus
941 3359 1175 3429 pluviaa;
1227 3361 1308 3415 sic
1347 3363 1514 3416 statio
1566 3366 1880 3435 splendoris
1917 3383 2013 3436 per

439 3467 654 3524 gyrum.
697 3449 823 3506 Hac
850 3451 989 3505 visio
1017 3451 1400 3508 similitudinis
1431 3455 1617 3523 gloria:
1653 3455 1867 3512 Domini
1906 3458 1952 3513 i.
1987 3479 2006 3512 ι

442 3545 760 3598 Electrum:
797 3542 907 3596 (Et
957 3541 1067 3596 vidi
1100 3544 1256 3611 quasi
1315 3547 1552 3613 speciem
1598 3548 1809 3616 electri,
1867 3552 2014 3607 velut

346 3639 349 3641 ’
437 3645 721 3704 aspectum
757 3635 925 3705 ignis,
964 3635 1303 3691 intrinsecus
1331 3638 1451 3707 ejus
1488 3654 1584 3709 per
1612 3641 1905 3696 circuitum
1935 3660 1947 3705 ;
1980 3659 2011 3696 a

438 3727 652 3781 visione
685 3727 876 3790 lumbi,
907 3737 961 3781 et
998 3744 1172 3798 usque
1213 3730 1471 3785 deorsum
1518 3732 1562 3783 ιι.
1607 3752 1625 3784 ι
1668 3733 1811 3797 Dies,
1850 3751 1956 3789 nox
1995 3752 2009 3788 :

441 3837 460 3868 ς
504 3817 629 3872 Dies
663 3817 767 3870 diei
816 3827 1029 3872 eructat
1059 3820 1307 3883 verbum,
1349 3833 1404 3875 et
1449 3838 1557 3876 nox
1609 3827 1756 3878 nocti
1807 3825 2012 3880 indicat

437 3908 1052 3965 scientiami‘.melirrri
1081 3925 1094 3961 :
1125 3929 1144 3960 ‹
1182 3909 1255 3963 De
1287 3912 1429 3964 ccelo
1457 3915 1698 3980 respexit
1721 3915 2010 3982 Dominus,

439 4002 570 4054 vidit
601 4014 796 4053 omnes
843 3998 983 4052 lilios
1038 3999 1611 4057 lmminukamlum
1654 4008 1778 4059 caeli
1830 4007 2014 4063 Domi~

435 4104 510 4144 no
537 4097 600 4141 ω.
656 4106 674 4139 ι
730 4089 969 4142 Oriens:
1029 4106 1046 4139 ι
1102 4087 1291 4160 Regna
1346 4101 1542 4159 terrae;
1594 4107 1813 4153 cantate
1869 4100 2008 4167 Deo;

437 4179 649 4250 psallite
677 4177 932 4242 Domino,
966 4179 1058 4248 qui
1111 4182 1362 4236 ascendit
1415 4199 1583 4254 super
1630 4188 1828 4241 cmlum
1885 4192 2010 4246 ραιιί

434 4271 500 4324 ad
523 4268 806 4324 Orientem
833 4279 882 4325 ιι.
911 4290 929 4322 ι
963 4270 1248 4329 Occasus:
1283 4293 1302 4325 ι
1325 4274 1435 4329 lter
1454 4274 1621 4332 facite
1637 4277 1887 4344 Domino,
1919 4284 2011 4353 qui

434 4363 682 4419 ascendit
720 4379 886 4433 super
910 4362 1179 4420 Occasum
1209 4382 1223 4419 :
1265 4364 1535 4424 Dominus
1567 4384 1766 4425 nomen
1799 4373 1872 4427 illi
1903 4381 1948 4428 ο.
1987 4394 2005 4427 ι

436 4457 566 4510 Sol:
605 4474 622 4507 ι
662 4456 716 4510 In
745 4457 862 4511 sole
898 4457 1084 4528 posuit
1121 4449 1538 4514 tabernacul'um
1593 4477 1777 4529 suum,
1818 4475 1871 4521 et
1895 4463 2012 4538 ipse

434 4558 693 4618 tanquam
730 4563 969 4618 sponsus
1021 4549 1332 4619 procedens
1380 4550 1447 4606 de
1468 4551 1708 4608 thalamo
1741 4573 1841 4611 suo
1892 4569 1938 4613 Ρ.
1983 4579 2001 4610 ι

431 4640 643 4694 Civitas
681 4655 695 4692 :
737 4658 756 4690 ι
783 4640 1039 4695 Gloriosa
1071 4640 1217 4695 dicta
1250 4651 1380 4697 sunt
1430 4643 1498 4699 de
1528 4654 1598 4711 te,
1640 4648 1835 4701 civitas
1891 4647 2010 4703 Dei.

434 4725 702 4781 Fluminis
739 4728 974 4797 impetus
1026 4728 1302 4785 laetilicant
1333 4733 1612 4788 civitatem
1665 4735 1804 4791 Dei:
1866 4737 2010 4796 Deus

434 4839 488 4890 in
517 4838 693 4891 medio
719 4839 864 4907 ejus.
902 4849 956 4894 et
1000 4855 1110 4892 non
1164 4844 1599 4899 commovebitur
1641 4855 1692 4902 τι.
1734 4867 1754 4900 ι
1802 4847 2007 4904 Later:

436 4949 455 4979 ι
495 4928 561 4982 Ει
597 4937 679 4990 ιιι,
707 4927 780 4982 ﬁli
815 4929 1075 4993 hominis,
1121 4946 1277 4986 sume
1318 4934 1419 4988 tibi
1452 4935 1675 4992 laterem
1705 4955 1720 4992 :
1761 4950 1813 4993 et
1837 4956 2011 5010 pones

430 5029 558 5070 eum
582 5023 710 5070 ante
728 5014 937 5085 faciem
968 5025 1140 5082 tuam,
1172 5028 1226 5072 et
1251 5019 1531 5078 describes
1559 5025 1611 5078 in
1638 5040 1704 5079 eo
1729 5028 2008 5083 civitatem

429 5107 770 5174 Jerusalem;
826 5116 880 5164 et
915 5108 1076 5164 dabis
1127 5126 1292 5181 super
1346 5127 1466 5167 eam
1517 5117 1861 5174 obsidionem
1907 5131 1953 5175 ι.
1986 5141 2005 5174 ι

431 5201 649 5258 Locus:
696 5220 716 5254 ι
752 5201 928 5268 Quam
975 5202 1238 5259 terribilis
1273 5211 1356 5258 est
1407 5204 1561 5262 locus
1594 5208 1698 5264 iste
1731 5229 1744 5266 :
1779 5227 1886 5268 non
1927 5220 2014 5270 est

433 5294 535 5350 hoc
565 5295 733 5360 aliud.
764 5297 870 5353 nisi
901 5295 1105 5352 domus
1137 5295 1229 5350 Dei
1252 5313 1267 5361 ;
1287 5306 1340 5352 et
1369 5297 1483 5353 haec
1511 5310 1665 5370 porta
1692 5304 1915 5359 οων.»
1943 5333 2014 5345 -

437 5400 458 5435 σ
499 5385 566 5440 Et
613 5388 914 5460 assumpsit
964 5404 1051 5446 me
1100 5387 1360 5459 spiritus;
1410 5399 1465 5448 et
1515 5393 1702 5448 audivi
1754 5407 1878 5466 post
1928 5412 2015 5454 me

2125 545 2217 599 τοῦ
2256 550 2525 619 στόματός
2550 569 2672 622 μου,
2709 555 2799 609 καὶ
2815 549 2966 610 εἶπεν
2987 574 3002 589 ⁸
3045 559 3176 614 Ἰδοὺ
3201 563 3358 633 ἦψατο
3382 545 3620 629 τοῦτο’τῶν

2125 641 2353 710 χειλέων
2385 659 2500 710 σου,
2541 645 2750 709 καὶτὰς
2780 648 3054 718 ἁμαρτίας
3106 668 3197 705 σου
3230 659 3569 733 περικαθαριει.
3602 689 3617 720 ι

2126 729 2442 804 Παρθένος·
2479 754 2499 788 t
2542 736 2671 791 Ἰδοὺ
2701 739 2734 807 ἡ
2784 741 3052 812 παρθένος
3089 745 3146 796 ὲν
3195 750 3377 818 γαστρὶ
3422 729 3621 822 λήιψεται,

2125 829 2221 881 καὶ
2251 829 2466 894 τέξεται
2489 832 2625 897 υίὸν,
2659 832 2744 886 καὶ
2779 835 3064 889 καλέσουσι
3091 835 3150 890 τὸ
3179 838 3340 909 ὄνομα
3356 843 3497 897 αὑτοῦ
3518 845 3623 915 Ἐμ-

2129 923 2397 992 μανουήλ.
2433 941 2452 975 ι
2505 924 2821 995 Προφῆτιςο
2866 945 2886 979 ι
2942 928 3052 981 Καὶ
3097 931 3385 1000 προσῆλθον
3419 934 3530 1004 πρὸς
3552 940 3625 1008 τὴν

2127 1013 2422 1083 προφῆτιν,
2453 1015 2546 1068 καὶ
2575 1017 2634 1070 ἐν
2667 1020 2866 1089 γαστρὶ
2893 1018 3071 1084 ελαϐε,
3101 1019 3193 1073 καὶ
3222 1020 3396 1076 ἔτεκεν
3413 1025 3526 1092 υἱὸν,
3557 1029 3626 1082 καί

2126 1101 2247 1158 εἷπε
2273 1105 2478 1176 Κύριος
2517 1107 2656 1178 πρός
2686 1124 2752 1178 με
2772 1125 2786 1139 ⁸
2820 1108 3062 1164 Κάλεσον
3081 1111 3140 1163 τὸ
3171 1111 3332 1182 ὄνομα
3355 1109 3516 1184 αὐτοῦ,
3551 1118 3628 1172 Τα-

2126 1198 2266 1266 χέως
2297 1201 2598 1252 σκύλευσον
2619 1216 2634 1231 ο
2687 1200 2860 1268 ὀξέως
2913 1203 3277 1272 προνόμευσον
3300 1220 3312 1234 ·
3338 1205 3458 1260 διότι
3481 1211 3583 1280 πρὶν
3606 1205 3630 1281 ἢ

2123 1290 2330 1356 γνῶναι
2351 1290 2411 1344 τὸ
2443 1290 2655 1344 παιδίον
2679 1293 2870 1346 καλεῖν
2900 1294 3113 1364 πατέρα
3137 1295 3168 1364 ἢ
3217 1298 3427 1367 μητέρα,
3440 1281 3630 1369 λήψεται

2124 1381 2357 1450 δύναμιν
2380 1382 2700 1452 Δαμασκοῦ,
2736 1383 2832 1436 καὶ
2854 1383 2927 1437 τὰ
2962 1385 3134 1456 σκύλη
3157 1384 3437 1458 Σαμαρίας.
3473 1409 3489 1440 ι
3512 1390 3629 1443 Βασί-

2123 1471 2285 1524 λισσα
2303 1488 2317 1502 θ
2357 1491 2374 1522 ι
2405 1473 2660 1542 Παρέστη
2696 1474 2728 1544 ἡ
2755 1473 3051 1544 βασίλιεισα
3074 1477 3136 1528 ἐκ
3161 1476 3340 1542 δεξιῶν
3366 1494 3447 1530 σου
3469 1480 3518 1531 ἐν
3537 1481 3632 1549 lpu-

2122 1564 2303 1634 τισμῷ
2350 1563 2626 1636 διαχρύσῳ
2684 1567 3173 1638 περιϐεϐλημένη,
3221 1569 3628 1639 πεποικιλμένη.»

2125 1655 2359 1722 Πλησίον
2383 1672 2398 1686 ’
2434 1675 2454 1707 ε
2490 1656 2627 1726 Ὄλη
2683 1658 2826 1728 καλὴ
2868 1659 2904 1730 ἡ
2960 1658 3189 1730 πλησίον
3230 1677 3354 1729 μου·
3401 1662 3484 1732 ὅλη
3510 1665 3630 1732 καλὴ,

2124 1746 2218 1797 καὶ
2247 1745 2438 1816 μῶμος
2463 1747 2562 1801 οὐκ
2593 1747 2742 1800 ἔστιν
2766 1751 2825 1802 ἐν
2850 1749 2955 1802 σοί.
2971 1749 3225 1814 Ἀνάστα,
3257 1751 3390 1813 ἐλθὲ,
3413 1753 3442 1822 ὴ
3463 1753 3634 1823 πλησίον

2127 1854 2230 1906 μου
2260 1837 2447 1909 νύμφη
2469 1854 2484 1869 ο
2507 1838 2666 1907 δεῦρο
2696 1841 2808 1894 ἀπὸ
2845 1841 3085 1895 Λιϐάνου
3111 1855 3126 1869 ⁸
3164 1841 3471 1916 ὲλεύσῃςκαὶ
3489 1845 3634 1915 ὲλεύσῃ

2121 1930 2216 1982 ἀπ’
2239 1929 2416 1998 ἀρχῆς
2447 1930 2708 1994 πίστεως.
2743 1932 2959 2002 Κηρίον
2993 1933 3356 1998 άποστάζουσι
3395 1934 3525 2003 χείλη
3550 1952 3632 1996 σου,

2121 2021 2331 2093 νύμφη,
2365 2021 2488 2093 μέλι
2527 2023 2621 2076 καὶ
2660 2023 2804 2090 γάλα
2867 2024 2976 2077 ὑπὸ
3020 2024 3120 2096 τὴν
3163 2025 3403 2094 γλῶσσάν
3445 2029 3633 2079 σου·καί

2121 2115 2264 2185 ὀσμὴ
2297 2115 2527 2185 ἱματίων
2559 2133 2679 2182 σου,
2711 2117 2786 2180 ὼς
2811 2116 2963 2188 ὀσμὴ
2997 2117 3090 2170 τοῦ
3115 2117 3363 2171 Λιϐάνου.
3393 2136 3410 2168 ι
3440 2117 3630 2186 ’Δδελφή

2129 2225 2148 2259 ε
2183 2206 2248 2260 Τί
2275 2206 2690 2279 ἐκαλλιὼθησαν
2719 2208 2994 2278 ὀφθαλμοί
3034 2226 3151 2271 σου,
3183 2210 3376 2282 ἀδελφή
3408 2228 3510 2280 μου.
3537 2211 3630 2280 nip.-

2123 2311 2219 2362 φη.
2260 2313 2279 2346 ι
2315 2295 2503 2364 Κῆπος
2526 2313 2541 2328 ·
2583 2314 2600 2346 ι
2639 2297 2834 2368 Κῆπος
2868 2299 3287 2370 κεκλεισμένος·
3312 2303 3450 2371 πηγὴ
3483 2302 3629 2370 ἐσφρα-

2121 2388 2383 2458 γισμένη.
2421 2407 2440 2440 ι
2477 2388 2771 2462 Θυγάτηρ·
2803 2409 2824 2443 ι
2868 2393 3164 2459 Ἀκουσον,
3197 2394 3442 2466 θύγατερ,
3465 2393 3538 2448 καὶ
3564 2395 3624 2454 ἴδε,

2122 2482 2217 2532 καὶ
2239 2480 2418 2532 κλῖνον
2448 2480 2508 2533 τὸ
2533 2477 2626 2546 οὖς
2658 2498 2774 2548 σου,
2809 2484 2912 2536 καὶ
2959 2485 3226 2539 ἐπιλάθου
3281 2485 3370 2538 τοῦ
3414 2483 3521 2538 λαοῦ
3553 2501 3616 2542 σοι.

2122 2572 2339 2625 καὶτοῦ
2386 2571 2552 2626 οἴκου
2568 2573 2663 2627 τοῦ
2694 2576 2910 2647 πατρός
2959 2594 3096 2642 σου,
3161 2579 3258 2632 καὶ
3303 2577 3615 2648 ὲπιθυμὴσειῢ
3708 2587 3709 2594 ‘

2123 2663 2381 2733 βασιλεὺς
2435 2665 2530 2718 τοῦ
2562 2667 2790 2731 κάλλους
2832 2686 2952 2724 σου.
2981 2689 3000 2721 ι
3025 2700 3089 2711 -—
3109 2691 3128 2721 ε
3156 2672 3358 2724 Πολλαὶ
3407 2669 3623 2739 θυγατέρες

2121 2755 2426 2822 ἐκτήσαντο
2470 2756 2738 2810 πλοῦτονο
2785 2760 2987 2813 πολλαὶ
3024 2761 3292 2833 ἐποίησαν
3341 2761 3625 2831 δύναμινοσῠ

2118 2848 2197 2910 δὲ,
2233 2849 2580 2917 ὑπέρκεισαι,
2609 2851 2702 2902 καὶ
2735 2850 3024 2922 ύπερῆξας
3057 2854 3259 2916 πάσας.
3298 2872 3316 2904 ι
3349 2855 3628 2922 Μεμνηστευ-

2123 2938 2290 3008 μένη·
2333 2959 2351 2990 ε
2400 2939 2703 3009 Ἀπεστάλη
2749 2940 2989 3008 ἄγγελος
3035 2942 3282 3011 Γαϐριὴλ
3328 2942 3428 3019 ἀπὸ
3453 2939 3556 2994 Θεοῦ
3577 2941 3630 3000 είς

2121 3028 2274 3082 πόλιν
2298 3031 2398 3100 τῆς
2434 3030 2472 3082 Γ
2474 3029 2743 3092 αλιλαίας,
2831 3032 3010 3103 ὄνομα
3037 3033 3314 3104 Ναζαρὲτ,
3343 3035 3466 3104 πρὸς
3491 3031 3632 3101 παρθέ-

2355 3139 2550 3192 νηστευ
2559 3121 2728 3193 μένην
2761 3123 2942 3193 ἀνδρὶ,
2965 3117 3010 3191 ᾧ
3033 3125 3210 3194 ὄνομα
3233 3125 3438 3196 Ἰωσὴφ,
3461 3122 3510 3188 ἐξ
3525 3121 3628 3174 οἴκου

2117 3215 2211 3268 καὶ
2239 3215 2473 3282 πατριᾶς
2505 3213 2670 3267 Δαϐίδ
2694 3233 2708 3246 ο
2733 3215 2829 3267 καὶ
2851 3215 2913 3268 τδ
2942 3216 3120 3286 ὄνομα
3141 3218 3240 3287 τῆς
3269 3217 3526 3288 παρθένου,
3546 3214 3629 3266 Ma-

2116 3303 2228 3374 ρία.
2267 3321 2285 3354 ι
2317 3303 2563 3373 Νεφέλη·
2600 3323 2620 3354 ι
2669 3303 2802 3358 Ἰδοὺ
2833 3305 3048 3378 Κύριος
3089 3307 3325 3376 κάθηται
3351 3305 3437 3358 ἐπὶ
3461 3304 3630 3371 νεφέλης

2114 3396 2344 3467 κούφης,
2367 3397 2464 3449 καὶ
2489 3396 2611 3468 ἥξει
2644 3398 2726 3460 είς
2754 3397 3060 3466 Αἴγυπτον,
3105 3400 3203 3454 καὶ
3236 3399 3566 3469 σεισθήσονται
3585 3396 3630 3448 τὰ

2113 3487 2470 3556 χειροποίητα
2514 3487 2812 3554 Αἰγύπτου.
2847 3507 2866 3540 ι
2929 3490 3170 3561 ’Ὀρασις
3195 3508 3208 3522 ·
3271 3511 3291 3543 ι
3333 3492 3456 3545 Ἰδον
3491 3491 3632 3561 ὅρασιν

2113 3575 2307 3646 πυρὸς,
2340 3577 2516 3630 καὶτὸ
2537 3578 2738 3646 φέγγος
2772 3579 2940 3633 αὑτοῦ
2966 3582 3179 3652 κύκλῳ,
3211 3583 3287 3646 ὡς
3312 3584 3484 3654 ὅρασις
3503 3580 3631 3643 τόξου.

2113 3662 2294 3738 ὅτανῇ
2320 3669 2376 3719 ἐν
2407 3669 2473 3738 τῇ
2501 3669 2698 3740 νεφέλῃ
2727 3671 2783 3722 ἐν
2810 3670 2998 3743 ἡμέρᾳ
3031 3673 3195 3726 ὑετοῦ
3214 3687 3229 3703 ’
3258 3673 3420 3736 οὕτως
3445 3676 3473 3743 ἠ
3494 3671 3632 3730 στάσις

2113 3756 2207 3809 τοῦ
2251 3758 2489 3826 φέγγους
2530 3760 2811 3815 κύκλωθεν
2835 3779 2850 3792 ·
2897 3762 3042 3834 αὕτη
3076 3765 3111 3835 ἡ
3140 3766 3328 3833 ὅρασις
3358 3745 3633 3835 ὁιῖοιὼματος

2111 3848 2271 3919 δόξης
2308 3850 2536 3920 Κυρίου.
2576 3869 2593 3901 ι
2625 3851 2927 3922 Ἦλεκτρος
2946 3870 2959 3883 ·
2993 3874 3012 3905 ι
3046 3857 3158 3909 Καὶ
3189 3857 3296 3909 ίδον
3317 3856 3388 3918 ὡς
3415 3856 3516 3925 ὄψιν
3542 3853 3634 3922 ὴλί-

2114 3956 2312 4010 κτρουο
2360 3942 2549 4012 ὅρασις
2603 3943 2796 4016 πυρὸς,
2849 3944 3060 4000 ἔσωθεν
3119 3949 3286 4002 αὐτοῦ
3343 3948 3521 4018 κύκλῳ,
3555 3943 3634 3998 ἀπὸ

2112 4030 2356 4098 ὁράσεως
2410 4031 2631 4097 ὀσφύος,
2696 4034 2792 4085 καὶ
2835 4035 2942 4100 ἕως
2993 4039 3169 4093 κάτω.
3232 4059 3252 4092 ι
3297 4040 3505 4110 Ἡμέρα,
3539 4033 3632 4096 νύξ’

2116 4135 2137 4170 ι
2186 4116 2399 4190 Ἡμέρα
2442 4122 2508 4190 τῇ
2532 4120 2716 4192 ἡμέρα
2745 4123 3037 4194 ἐρεύγεται
3073 4127 3230 4197 ῥῆμα
3251 4143 3266 4158 ·
3297 4128 3388 4181 καὶ
3413 4125 3496 4190 νὺξ
3521 4119 3635 4176 νυκτὶ

2112 4210 2438 4277 ἀναγγέλλει
2468 4213 2689 4278 γνῶσιν.
2713 4231 2730 4263 ι
2759 4213 3000 4284 Οὐρανός
3025 4233 3038 4245 ·
3065 4217 3194 4283 (Ἐξ
3219 4215 3439 4288 οὐρανοῦ
3463 4213 3633 4267 ἐπέϐλε-

2112 4300 2214 4370 ψεν
2235 4305 2263 4354 ὁ
2292 4301 2496 4372 Κύριος
2521 4317 2532 4331 ·
2558 4303 2635 4355 ἴδε
2667 4305 2874 4367 πάντας
2903 4307 3032 4371 τοὺς
3067 4310 3220 4372 υἱοὺς
3242 4309 3345 4362 τῶν
3371 4304 3632 4374 ἀνθρώπων·

2127 4391 2184 4443 Ὅ
2210 4392 2439 4462 οὐρανὸς
2459 4393 2553 4446 τοῦ
2592 4395 2824 4466 ούρανοῦ
2848 4395 2924 4464 τῷ
2957 4399 3175 4469 Κυρίῳ.
3207 4419 3225 4451 ι
3269 4398 3530 4466 Ἀνατολήο
3557 4391 3634 4444 «Αἱ

2051 4475 2089 4527 Ι)
2118 4483 2392 4552 βασιλεῖαι
2425 4485 2522 4554 τῆς
2545 4485 2672 4555 γῆς,
2703 4485 2871 4557 ᾄσατε
2902 4488 2979 4558 τῷ
3009 4490 3156 4560 Θεῷ,
3181 4490 3384 4559 ψάλατε
3411 4488 3477 4557 τῷ
3492 4481 3633 4553 Κυρίῳ

2116 4574 2195 4644 τῷ
2222 4575 2573 4646 ἐπιϐεϐηκότι
2621 4578 2715 4629 ἐπὶ
2757 4578 2849 4630 τὸν
2891 4581 3124 4650 οὐρανὸν
3163 4581 3260 4635 τοῦ
3302 4579 3509 4653 ούρανοῦ
3534 4574 3634 4629 κατὰ

2117 4668 2401 4732 ἀνατολάς.
2436 4687 2454 4718 ι
2511 4668 2710 4731 Δύσι,’
2750 4688 2768 4721 ι
2829 4671 3217 4743 Ὀὸοποιήσατε
3265 4675 3337 4744 τῷ
3386 4671 3548 4742 Κυρίῳ
3581 4666 3634 4732 τῷ

2119 4757 2476 4828 ἐπιϐεϐηκότι
2528 4761 2623 4814 ἐπὶ
2653 4762 2924 4831 Δυσμών·
2996 4765 3205 4836 Κύριος
3254 4767 3416 4836 ὄνομα
3457 4759 3628 4828 αὐτῷ.»

2121 4849 2338 4913 ’Ἦλιοςο
2374 4870 2392 4902 ι
2439 4853 2526 4904 Ἐν
2561 4852 2638 4922 τῷ
2668 4853 2804 4924 ἡλίῳ
2832 4855 2984 4908 ἔθετο
3008 4856 3070 4910 τὸ
3096 4859 3357 4928 σκήνωμα
3384 4853 3546 4914 αὐτοῦ,
3567 4849 3633 4903 καὶ

2119 4943 2282 5006 αὐτὸς
2307 4943 2382 5006 ὼς
2405 4945 2636 5012 νυμφίος
2666 4946 3100 5016 ἐκπορευόμενος
3131 4948 3419 5003 ἔχ’-παστοῦ
3443 4942 3592 5000 αὐτοῦ.
3615 4957 3626 4989 ι

2118 5033 2315 5097 Πόλις·
2358 5053 2377 5085 ε
2424 5035 2802 5106 Δεδοξασμένα
2853 5038 3086 5110 ἐλαλήθη
3140 5043 3270 5110 περὶ
3319 5040 3425 5102 σοῦ,
3463 5033 3630 5108 ἡπόλις

2117 5128 2211 5179 τοῦ
2236 5125 2392 5179 Θεοῦ.
2425 5127 2532 5179 Τοῦ
2583 5128 2834 5197 ποταμοῦ
2883 5128 2953 5182 τὰ
2997 5131 3296 5203 ὁρμήματά
3344 5127 3625 5200 εὐφραίνουσι

2117 5218 2218 5286 τὴν
2243 5218 2398 5272 πόλιν
2430 5218 2525 5273 τοῦ
2561 5219 2696 5272 Θεοῦ
2718 5235 2731 5249 °
2761 5222 2791 5273 ύ
2820 5221 2953 5286 θεὸς
2979 5223 3039 5276 ἐν
3067 5224 3220 5294 μέσῳ
3271 5223 3430 5291 αὐτῆς
3451 5261 3463 5285 ,
3491 5216 3564 5270 καὶ
3583 5211 3624 5264 οὐ

2121 5307 2537 5379 σαλευθήσεται.
2576 5327 2594 5360 ›
2632 5308 2895 5373 Πλίνθος·
2953 5329 2972 5362 ι
3001 5313 3112 5366 Καὶ
3145 5315 3232 5377 σὺ,
3263 5315 3339 5367 υἱὲ
3367 5307 3621 5384 ρνθρὼπου.

2119 5396 2248 5452 λάϐε
2284 5397 2496 5468 σεαυτῷ
2530 5386 2781 5467 πλίνθονο
2807 5403 2901 5454 καὶ
2926 5406 3174 5475 ποιήσεις
3203 5404 3366 5475 αὐτὴν
3391 5401 3481 5470 πρὸ
3501 5410 3621 5467 προσ·

511 5542 672 5640 .ynlsa;
710 5562 782 5640 νε,
816 5552 870 5603 7.
952 5562 974 5589 ι
998 5553 1104 5640 lsa.
1146 5559 1362 5640 vin-14.
1397 5631 1411 5640 μ
1441 5574 1465 5602 ι
1501 5563 1600 5616 lsa.
1637 5581 1750 5624 vm,
1784 5569 1840 5622 5.
1916 5568 1944 5609 δ
1979 5569 2025 5624 Ps

2157 5589 2305 5636 κων,
2343 5576 2428 5629 ιυ.
2503 5587 2524 5614 ο
2565 5575 2724 5630 Cant.
2757 5548 2831 5630 Iv.
2860 5577 2914 5640 7,
2949 5577 3036 5632 Η.
3109 5575 3134 5614 δ
3171 5573 3298 5630 ibid.
3336 5570 3413 5625 1οο
3454 5562 3610 5640 ubi“?

438 5623 559 5688 men
597 5621 676 5688 est
704 5617 874 5688 ubera
908 5622 1095 5688 μαῖοί.

1169 5627 1476 5709 {ibiibi}.
1517 5703 1528 5709 .
1562 5634 1580 5672 ί
1615 5633 1758 5691 Psal.
1823 5641 2025 5709 xervrl

2163 5625 2396 5698 ίέιιὼὲνξ
2417 5625 2427 5628 ﬁ
2762 5625 2831 5685 Vh‘
2857 5625 3060 5709 Lirc'fi,
3086 5625 3217 5699 ‘26."
3251 5625 3398 5696 ΞνΙεει.
3447 5625 3606 5709 mn!-

436 5675 458 5779 ξ
489 5678 696 5780 figet-
731 5675 954 5780 t._‘-2I§_.'_'
987 5675 1178 5780 *_iliid.
1195 5675 1554 5780 ιῖὲειι.
1591 5675 2112 5769 κ’νῗίίζ’5.””ἰ”ι›ἶςὲἰ.
2149 5675 2736 5777 midinis."‘Ql'rzzi.
2791 5675 2965 5780 3.7.21"
2973 5675 3069 5772 ἰὲῖ
3091 5675 3174 5752 μί’
3195 5675 3606 5768 05311361755-

433 5753 458 5779 °
487 5747 617 5802 ibid.
649 5749 702 5802 5.
775 5763 802 5802 Ρ
835 5756 978 5814 Psal.
1012 5747 1295 5828 χνιιιίϐζη
1317 5779 1342 5819 (ι

1835 5789 1852 5809 '
1885 5779 2084 5838 Etecb.
2121 5798 2195 5849 iv,
2230 5784 2281 5839 l.

2357 5789 2377 5814 '
2407 5784 2544 5841 Gen.
2578 5801 2768 5851 xxvm,
2802 5785 2886 5838 l7.
