3776 6204
206 331 286 405 81.1
1165 335 1240 395 1N
1282 297 1797 395 NATIV'ITATEM
1832 331 1898 395 B.
1940 323 2226 394 manu.
2264 331 2360 394 Iv.

3299 329 3404 398 8⁸74

205 452 323 504 clama
367 463 472 510 σου,
501 447 592 500 καὶ
620 446 852 518 γράψεις
894 448 935 479 ¹⁰
969 449 1026 500 ὲν
1065 449 1204 520 αὐτῇ
1242 449 1397 504 πόλιν
1420 449 1696 524 [Ἱερουσα

1910 461 2011 501 mm
2047 443 2439 500 eommmionis
2471 455 2682 513 magnae
2715 456 2729 494 :
2767 439 3059 496 Benedicta
3088 441 3262 512 gloria
3295 431 3401 498 Do-

206 538 327 612 λὴμ,]
353 540 438 593 καὶ
465 539 652 604 δώσεις
681 541 768 591 ἐπ’
791 541 962 613 αὐτὴν
988 542 1271 612 περιοχὴν.
1299 561 1317 593 ι
1347 543 1521 606 Τόπος
1543 559 1556 569 ·
1595 560 1614 592 ι
1639 541 1725 605 Ὠς

204 629 386 700 φοϐερὸς
431 631 459 682 ό
484 629 646 692 τόπος
669 625 828 694 οὗτος
851 646 866 661 °
903 632 1004 684 ούκ
1036 631 1149 685 ἔστι
1174 632 1351 696 τοῦτο,
1373 617 1487 687 ἀλλ’
1514 631 1547 704 ἢ
1577 628 1726 696 οἶκος

201 721 317 777 Θεοῦ.
349 721 434 774 καὶ
473 721 610 792 αῦτη
636 723 671 792 ἠ
703 720 844 792 πύλη
877 721 969 775 τοῦ
994 724 1226 794 ούρανοῦ
1248 739 1260 753 ·
1290 726 1384 778 καὶ
1407 725 1634 780 ἀνέλαϐέ
1657 741 1724 796 με

199 809 390 878 πνεῦμα,
441 810 534 863 καὶ
583 811 796 878 ηκουσα
841 811 1174 866 κατόπισθέν
1201 829 1329 884 αμου
1371 815 1554 886 φωνὴν
1610 831 1724 867 σει-

197 899 301 970 σμοῦ
333 899 561 970 μεγάλου
582 917 597 931 ·
633 901 990 974 Εὐλογημένη
1040 905 1072 973 η
1109 902 1241 968 δόξα
1275 905 1484 976 Κυρίου
1516 907 1579 957 ἐκ
1629 904 1724 957 τοῦ

193 991 322 1044 τόπου
360 989 538 1045 αὐτοῦ.
573 1010 592 1042 ι
618 1023 691 1034 --
719 1011 737 1043 ι
776 993 838 1046 Εἰ
885 981 1238 1050 δώσω’⁰ύπνον
1267 997 1378 1060 τοῖς
1427 995 1724 1066 ὀφθαλμοῖς

195 1099 291 1151 μου,
325 1082 412 1136 καὶ
457 1085 571 1144 τοῖς
600 1081 894 1153 βλεφάροις
939 1102 1040 1154 μου
1072 1086 1413 1157 νυσταγμδν,
1460 1087 1554 1141 καὶ⁸
1594 1085 1724 1141 ἀνά-

191 1189 352 1225 παυσιν
367 1175 472 1236 τοῖς
496 1173 793 1242 κροτάφοις
814 1191 938 1244 μου,
957 1173 1062 1240 ἕως
1079 1169 1141 1230 οὗ
1163 1175 1308 1248 εὕρω
1329 1175 1490 1232 τόπον
1511 1177 1589 1248 τῷ
1612 1180 1726 1232 Κυὸ

193 1262 288 1331 ρίῳ,
329 1262 584 1333 σκήνωμα
625 1262 706 1333 τῷ
745 1262 865 1334 Θεῷ
910 1264 1129 1319 Ἰακώϐ.
1162 1284 1182 1316 ι
1218 1268 1394 1330 Πόκος
1427 1281 1441 1296 ⁸
1488 1285 1507 1318 ι
1543 1269 1724 1321 Κατα-

189 1352 371 1421 σήσεται
405 1353 478 1416 ὼς
523 1352 681 1417 ὑετὸς
745 1355 839 1407 ἐπὶ
896 1355 1086 1420 πόκον,
1132 1357 1228 1410 καὶ
1258 1357 1391 1410 ὡσεὶ
1437 1357 1650 1422 σταγὼν
1687 1361 1720 1430 ἡ

195 1443 416 1506 στάζουσι
441 1444 532 1495 ἐπὶ
559 1443 660 1514 τὴν
683 1445 804 1515 γῆν.
819 1463 838 1496 ι
855 1446 1021 1516 Γυνήο
1047 1464 1067 1498 ι
1089 1447 1449 1520 Εὐλογημένη
1471 1449 1535 1502 σὺ
1551 1450 1610 1504 ὲν
1627 1467 1724 1518 γυ-

195 1531 322 1597 ναιξὶ.
349 1533 436 1585 καὶ
451 1533 816 1604 εὐλογημένος
838 1536 865 1587 ό
885 1536 1101 1606 καρπὸς
1116 1538 1214 1607 τῆς
1239 1539 1446 1603 κοιλίας
1465 1555 1581 1594 σου.
1618 1553 1725 1591 t—

198 1646 212 1678 ι
245 1629 625 1692 Ἔξαπέστειλεν
651 1632 680 1683 ό
708 1630 838 1694 Θεὸς
865 1631 957 1683 τὸν
985 1631 1115 1686 Υίδν
1131 1633 1322 1698 αὐτοῦ,
1351 1633 1642 1704 γενόμενον
1658 1637 1723 1689 ἐκ

193 1719 418 1786 γυναικὸς,
436 1720 728 1790 γενόμενον
749 1720 856 1774 ύπδ
873 1722 1059 1791 νόμον.
1087 1739 1106 1773 ι
1138 1723 1398 1794 Μακαρία
1416 1725 1723 1795 ι’Μακαρία

189 1807 215 1876 ἡ
240 1807 562 1869 πιστεύσασα,
585 1808 666 1860 ὅτι
701 1808 853 1862 ἔσται
887 1810 1169 1874 τελείωσις
1193 1814 1307 1875 τοῖς
1333 1811 1723 1884 λελαλημένοις
1756 1797 1796 1852 Β

189 1898 294 1968 αὐτῇ
320 1899 461 1968 παρὰ
486 1899 717 1970 Κυρίου.
741 1919 759 1951 ι
794 1901 924 1954 Καί·
963 1921 982 1953 ι
1009 1901 1292 1972 Μακαρία·
1314 1903 1347 1972 ἡ
1370 1901 1599 1973 κοιλίαὴ
1624 1904 1722 1974 βα-

191 1989 390 2042 στάσασά
411 2006 492 2054 σε,
523 1992 620 2043 καὶ
642 1991 943 2061 μαποὶοῦς
975 1992 1264 2064 ἐθήλασας.
1294 2011 1313 2046 ι
1343 1992 1554 2060 Μαρίαο
1583 2014 1602 2046 ι
1629 1995 1721 2066 Μὴ

191 2083 338 2152 φούοῦ,
355 2084 618 2171 Μαριάμ;
641 2079 801 2157 εὗρες
813 2086 922 2158 γὰρ
943 2087 1102 2157 χάριν
1121 2087 1274 2158 παρὰ
1291 2087 1369 2159 τῷ
1391 2087 1531 2158 eaq»
1559 2107 1576 2139 ι
1604 2089 1719 2153 καὶ,

197 2189 212 2223 ι
235 2170 338 2226 Ἰδοὺ
359 2170 674 2247 συλλήψπὲν
691 2176 913 2247 γαστρὶ,
933 2177 1028 2229 καὶ
1043 2176 1175 2250 τέξῃ
1191 2177 1338 2241 Υίδν,
1359 2178 1452 2230 καὶ
1472 2175 1727 2241 καλέσεις

199 2263 387 2334 abirem
417 2266 589 2319 αὐτοῦ
606 2266 814 2336 Ἰησοῦν
836 2284 848 2298 ·
869 2269 1031 2331 αὐτὸς
1055 2268 1164 2338 γὰρ
1188 2268 1354 2322 σώσει
1371 2269 1462 2323 τὸν
1485 2269 1614 2323 λαὸν
1626 2270 1691 2322 αύ
1707 2298 1725 2310 ο

209 2353 276 2405 τοῦ
297 2356 378 2409 tab
412 2356 524 2410 τῶν
551 2357 838 2428 ἁμαρτιῶν
861 2358 1049 2413 αὑτοῦ.
1089 2353 1260 2422 Οὗτος
1311 2360 1469 2415 ἔσται
1520 2361 1718 2432 μέγας,

205 2445 270 2494 καὶ
289 2445 385 2507 Υἱὸς
425 2445 687 2517 Ὑψίστου
717 2446 1086 2519 κληθήσεται·
1113 2451 1224 2504 Καὶ
1245 2449 1409 2504 δώσει
1432 2450 1582 2523 αύτῷ
1610 2452 1723 2507 Κύ-

198 2535 321 2599 ριοςό
345 2537 475 2601 Θεὸς
501 2537 595 2590 τὸν
617 2537 807 2606 Θρόνον
832 2540 998 2592 Δασὶδ
1024 2540 1120 2594 τοῦ
1155 2543 1363 2612 πατρὸς
1384 2543 1573 2608 αὐτοῦ,
1624 2545 1719 2598 καὶ

191 2621 454 2689 βασιλεύσει
498 2629 592 2681 ἐπὶ
637 2629 730 2681 τὸν
778 2626 930 2683 οἶκον
971 2630 1168 2683 Ἰακὼϐ
1215 2633 1296 2696 είς
1333 2635 1460 2696 τοὺς
1487 2635 1713 2701 αἰῶνας.

187 2714 260 2765 ul
277 2715 363 2785 τῆς
383 2717 662 2787 βασιλείας
689 2719 854 2774 αὐτοῦ
897 2721 999 2775 ούκ
1019 2722 1171 2774 ἔσται
1229 2723 1402 2788 τέλος.
1440 2726 1551 2779 Καὶ
1591 2721 1714 2780 εἷπε

183 2803 378 2875 Μαριάμ
441 2810 578 2880 πρὸς
621 2811 712 2864 τὸν
751 2811 1009 2879 ἄγγελονο
1035 2813 1160 2877 Πῶς
1200 2813 1352 2867 ἔσται
1396 2827 1488 2884 μοι
1532 2816 1708 2883 τοῦτοδ

1828 539 1982 602 mini,
2017 537 2080 592 de
2114 538 2236 592 loco
2299 551 2400 593 suo
2449 539 2489 588 ι.
2541 553 2560 586 ι
2594 562 2653 572 -α
2703 553 2721 585 ι
2785 533 2840 587 Si
2888 532 3090 589 dedero
3148 547 3402 589 somnum

1828 629 2003 684 oculis
2036 628 2195 694 meis,
2250 635 2304 682 et
2352 626 2636 696 palpebris
2698 623 2836 678 meis
2897 621 3402 677 dormitationem:

1826 727 1882 776 et
1911 718 2159 788 requiem
2191 717 2538 788 temporibus
2569 716 2705 771 meis
2725 751 2740 778 ,
2795 715 2969 770 donec
3011 715 3285 768 inveniam
3325 713 3403 768 lo-

1827 821 1953 866 cum
1979 810 2231 877 Domino,
2267 809 2681 865 tabernaculum
2711 807 2818 862 Deo
2844 799 3017 862 Jacob
3039 818 3090 860 ιι.
3130 821 3149 858 ι
3176 797 3401 861 Velius:
3473 806 3482 814 '

1831 918 1851 951 ε
1892 898 2205 956 Descendct
2237 900 2381 956 sicut
2411 900 2596 968 pluvia
2627 899 2684 953 in
2721 898 2917 963 vellus,
2953 908 3009 953 et
3062 898 3208 953 sicut
3251 906 3403 967 gutta

1827 991 2042 1046 stillans
2081 1006 2246 1062 super
2281 1000 2481 1045 terram
2515 999 2564 1044 ν.
2604 1008 2622 1041 ›
2661 985 2894 1044 Mulier:
2937 1008 2955 1041 ι
3006 985 3302 1044 Benedicta
3346 997 3401 1042 tu

1827 1084 1883 1138 in
1917 1083 2261 1151 mulieribus,
2287 1091 2342 1139 et
2370 1081 2701 1139 benedictus
2728 1081 2941 1137 fructus
2972 1082 3182 1136 ventris
3209 1081 3289 1135 tui
3316 1094 3396 1132 ι..

1824 1206 1895 1216 -
1938 1194 1955 1228 ι
2004 1175 2148 1230 Misit
2177 1175 2321 1231 Deus
2349 1172 2548 1228 Filium
2589 1188 2770 1239 suum,
2807 1172 3012 1228 factum
3054 1184 3119 1227 et
3151 1171 3401 1232 muliere,

1829 1266 2030 1320 factum
2062 1267 2165 1322 sub
2217 1266 2332 1336 lege
2362 1267 2412 1319 γ.
2454 1283 2472 1316 ι
2515 1264 2682 1319 Beata
2716 1281 2730 1318 :
2786 1280 2805 1316 ι
2855 1263 3020 1317 Beata
3072 1276 3194 1332 qua:
3222 1261 3405 1316 credi-

1825 1357 1975 1422 disti,
2009 1357 2136 1428 quia
2167 1358 2522 1429 perlicientur
2555 1357 2607 1411 iu
2643 1365 2718 1421 te,
2761 1369 2888 1425 quae
2917 1353 3064 1407 dicta
3113 1361 3244 1408 sunt
3299 1352 3398 1405 tibi

1825 1448 2108 1505 aDomino
2143 1458 2189 1504 ι.
2229 1467 2246 1499 ι
2285 1447 2392 1502 Et:
2450 1467 2469 1500 ι
2510 1447 2710 1502 Beatus
2742 1454 2930 1500 venter
2967 1445 3062 1514 qui
3118 1451 3168 1497 te
3217 1451 3404 1512 porta-

1824 1541 1922 1608 vit,
1947 1551 2002 1598 et
2037 1541 2202 1598 ubera
2231 1555 2353 1612 quae
2379 1541 2578 1597 suxisti
2609 1552 2657 1592 α.
2709 1556 2728 1589 ι
2769 1537 2934 1591 Maria
2963 1555 2976 1591 :
3019 1554 3036 1588 ι
3071 1534 3149 1591 Ne
3179 1535 3399 1593 timeas.

1826 1630 2025 1698 Maria;
2059 1634 2311 1689 invenisti
2342 1633 2486 1688 enim
2531 1633 2766 1702 gratiam
2818 1627 2960 1698 apud
3008 1626 3320 1680 Dominum.
3381 1644 3396 1674 ι

1826 1725 1892 1777 Ει
1924 1740 1939 1777 :
1975 1740 1994 1776 ι
2035 1725 2174 1778 Ecce
2218 1724 2502 1792 concipies
2538 1723 2590 1776 in
2625 1731 2805 1783 utero,
2851 1730 2905 1775 et
2964 1721 3148 1788 paries
3179 1717 3400 1774 Filium.

1827 1826 1882 1869 et
1911 1815 2131 1875 vocabis
2169 1831 2364 1870 nomen
2393 1815 2515 1885 ejus
2560 1813 2791 1869 Iesum:
2836 1812 2950 1882 ipse
2994 1809 3140 1864 enim
3186 1807 3398 1864 salvum

1830 1910 1992 1965 faciet
2028 1910 2288 1980 populum
2317 1920 2477 1964 suum
2514 1923 2543 1962 a
2589 1907 2832 1978 peccatis
2889 1917 3102 1961 earum.
3147 1901 3248 1976 ilic
3295 1902 3402 1956 erit

1828 2015 2078 2070 magnus,
2119 2007 2171 2054 et
2203 1999 2375 2054 Filius
2430 1996 2703 2053 Altissimi
2746 1995 3076 2051 vocabitur:
3133 2000 3192 2046 et
3247 1990 3399 2045 dabit

1828 2091 1904 2146 illi
1943 2090 2208 2147 Dominus
2239 2089 2380 2145 Deus
2413 2088 2597 2144 sedem
2636 2087 2801 2142 David
2835 2085 3012 2157 patris
3044 2085 3187 2154 ejus,
3224 2092 3279 2138 et
3319 2097 3400 2135 re-

1824 2181 2014 2253 gnabit
2047 2181 2101 2234 in
2147 2179 2314 2234 domo
2348 2179 2517 2234 Iacob
2545 2179 2600 2232 in
2654 2187 2940 2240 aeternum,
2989 2181 3046 2231 et
3097 2175 3245 2243 regni
3277 2172 3400 2241 ejus

1823 2287 1934 2326 non
1961 2273 2067 2326 erit
2093 2271 2239 2325 linis.
2271 2269 2339 2322 Et
2372 2269 2450 2324 ait
2482 2267 2653 2322 Maria
2693 2267 2759 2320 ad
2788 2266 3039 2337 angelum
3068 2283 3082 2319 :
3113 2263 3398 2329 Quomodo

1823 2364 1929 2418 erit
1957 2363 2090 2418 mihi
2126 2361 2294 2426 istud,
2331 2361 2590 2432 quoniam
2623 2361 2800 2413 virum
2835 2373 2941 2413 non
2982 2356 3303 2429 cognosco?
3335 2355 3397 2409 Et

1823 2457 1900 2509 ait
1929 2454 2156 2526 angelus
2186 2454 2254 2508 ad
2305 2467 2426 2507 eam
2463 2473 2475 2508 :
2511 2449 2753 2523 Spiritus
2785 2457 3012 2506 sanctus
3041 2446 3397 2517 superveniet

1826 2548 1880 2601 in
1912 2555 1984 2612 te,
2010 2555 2064 2602 et
2090 2546 2268 2600 virtus
2307 2544 2583 2600 Altissimi
2616 2542 2971 2599 obumbrabit
3010 2540 3108 2595 tibi
3144 2556 3158 2596 :
3189 2549 3244 2595 et
3276 2539 3398 2592 idco

1823 2637 1971 2709 quod
2001 2637 2210 2693 Orietur
2265 2635 2554 2699 Sanctum,
2591 2633 2877 2690 vocabitur
2915 2630 3088 2686 Filius
3140 2630 3256 2684 Dei.
3306 2629 3400 2681 Ait

1821 2739 2002 2783 autem
2055 2726 2265 2781 Maria:
2305 2720 2621 2796 Magniﬁcat
2657 2723 2841 2778 anima
2889 2736 3010 2776 mea
3063 2719 3396 2774 Dominum:

1819 2825 1873 2874 et
1905 2817 2199 2872 exsultavit
2230 2816 2457 2885 spiritus
2484 2828 2639 2868 meus
2670 2813 2723 2866 in
2762 2811 2870 2866 Deo
2902 2808 3142 2865 salutari’
3159 2821 3282 2862 meo
3309 2804 3393 2858 δη

184 2891 280 2946 ἐπεὶ
301 2895 457 2968 ἄνδρα
487 2900 550 2952 ού
578 2899 867 2968 γινώσκως
899 2903 1009 2955 Καὶ
1036 2897 1192 2956 εἶπεν
1228 2905 1257 2956 ό
1288 2904 1518 2973 ἄγγελος
1551 2907 1687 2978 πρὸς
1724 2908 1916 2979 αὐτήν.
1963 2906 2188 2977 Πνεῦμα
2219 2907 2374 2974 ἅγιον
2406 2903 2761 2959 ἐπελεύσεται
2805 2901 2898 2954 ἐπὶ
2936 2901 3014 2963 σὲ,
3043 2898 3140 2952 καὶ
3167 2897 3399 2964 δύναμις

193 2983 412 3052 Ὑψίστου
466 2991 782 3044 ἐπισκιάσει
850 3008 933 3045 σοι
970 3007 984 3022 °
1040 2992 1121 3046 διὸ
1188 2995 1282 3048 καὶ
1341 2997 1402 3049 τὸ
1429 2999 1720 3068 γενόμενον
1779 2999 1970 3067 Ἀγιον
2037 2997 2368 3069 κληθήσεται
2415 2995 2542 3058 Υῑδς
2585 2993 2744 3051 Θεοῦ.
2798 2995 2909 3048 Καὶ
2956 2990 3078 3045 εἷπε
3129 2991 3397 3060 Μαριάμ⁶

180 3078 449 3148 Μεγαλύνει
485 3084 519 3154 ἡ
552 3082 696 3155 ψυχή
746 3101 848 3154 μου
882 3087 976 3138 τὸν
1041 3085 1266 3156 Κύριον,
1324 3089 1419 3141 καὶ
1455 3090 1746 3159 ἡγαλλίασε
1787 3093 1848 3145 τὸ
1885 3091 2111 3159 Πνεῦμά
2145 3108 2243 3160 μου
2275 3091 2368 3142 ἐπὶ
2397 3089 2475 3159 τῷ
2501 3085 2621 3157 Θεῷ
2644 3085 2722 3157 τῷ
2752 3085 2967 3156 Σωτῆρι
3004 3100 3129 3155 μου.
3171 3099 3190 3134 ³

233 3196 331 3251 Καὶ
359 3198 437 3262 τίς
469 3199 571 3252 οὐκ
603 3200 669 3253 ἂν
712 3199 981 3268 ἀγάσαιτο
1022 3201 1122 3272 τὴν
1165 3205 1248 3268 εἰς
1287 3205 1544 3260 τοσοῦτον
1586 3205 1717 3275 ὕψος

1906 3208 2025 3275 Quis
2061 3221 2196 3264 vero
2229 3221 2337 3261 non
2400 3204 2639 3258 miretur
2688 3219 2753 3259 eo
2807 3199 3156 3257 celsitudinis
3195 3213 3397 3270 prove-

177 3286 425 3355 ἀρθεῖσαν,
449 3291 525 3354 ὼς
553 3293 647 3345 καὶ
678 3293 912 3364 Μητέρα
941 3293 1200 3362 γενέσθαι
1240 3296 1374 3350 Θεοῦ
1399 3311 1414 3324 ·
1447 3298 1511 3349 τὸ
1539 3309 1720 3368 πειρα⁶

184 3376 426 3446 δοξᾶτατον
446 3383 616 3446 ὅντως
646 3386 740 3437 καὶ
791 3386 1025 3457 πρᾶγμα
1052 3391 1148 3440 καὶ
1183 3387 1436 3458 άκουσμα
1457 3407 1472 3454 ;
1497 3390 1609 3442 Καί
1632 3405 1722 3456 μοι.

187 3472 482 3537 πεισθέντες,
529 3473 620 3526 ἐπ’
671 3474 841 3546 αὐτὴν
900 3477 1304 3548 ἀναδράμωμεν
1376 3478 1473 3548 τῆς
1528 3479 1724 3548 ἑορτῆς

184 3559 256 3629 τὴν
292 3563 648 3635 ὲξάρχουσαν,
709 3564 775 3618 ἵν’
822 3566 944 3620 ὅθεν
983 3569 1013 3621 ό
1058 3567 1216 3635 λόγος
1250 3567 1445 3638 μικρὸν
1486 3566 1721 3631 ἀποϐὰς,

183 3648 488 3726 ἑπαναζεύξῃ
551 3653 733 3708 πάλιν.
775 3656 913 3727 Φέρε
962 3656 1165 3719 τοίνυν,
1200 3641 1324 3709 ⁸τῶν
1366 3655 1468 3723 τῆς
1509 3656 1723 3727 ἡμέρας

181 3737 429 3812 ὓμνῳδιῶν
456 3743 852 3816 ἐφαπτὼμεθα,
882 3747 976 3800 καὶ
1011 3747 1184 3818 μικρὰ
1229 3749 1342 3811 τοῖς
1371 3748 1723 3818 συνειλεγμέ-

178 3847 265 3898 νοις
300 3837 833 3908 προσδιαλεχοέντες,
866 3838 966 3910 τὴν
1005 3837 1185 3909 ὁρμὴν
1211 3839 1304 3892 τοῦ
1349 3838 1510 3912 λόγου
1536 3839 1721 3894 διανατ

178 3925 464 3997 παύσωμεν.
511 3928 709 3983 Ἐδεῖτο
754 3929 1043 4000 τοιγαροῦν
1082 3931 1114 3998 ἡ
1146 3928 1255 3982 τῶν
1284 3928 1586 4002 ἀνθρώπων
1617 3931 1720 4000 φύ-

177 4028 241 4077 σις
267 4018 341 4089 τῷ
361 4019 595 4091 πατρῴῳ
621 4021 1059 4093 προολισθήματι
1087 4019 1457 4091 συντριὸεἰσα,
1489 4021 1584 4076 τοῦ
1608 4023 1720 4076 δια-

175 4108 450 4177 πλάσαντος
491 4115 526 4185 ἦ
585 4113 992 4187 ἁνορθὼσαντος
1049 4116 1087 4146 ¹¹
1117 4131 1130 4144 ’
1178 4115 1274 4168 καὶ
1323 4119 1474 4189 φωνῇ
1510 4115 1718 4189 σιγώσῃ

173 4202 297 4270 μέγα
326 4206 458 4276 πρὸς
511 4206 603 4260 τὸν
660 4205 902 4274 Κτίστην
964 4205 1132 4258 ὲΰόαο
1174 4224 1193 4258 ε
1244 4207 1362 4260 Ἵνα
1403 4208 1476 4272 τί,
1523 4208 1716 4280 Κύριε,

170 4288 461 4364 ἀφέστηκας
517 4295 828 4366 μακρόθεν;
877 4314 895 4348 ι
939 4294 1310 4368 Γεγονὼτερον
1371 4297 1428 4350 δὲ
1470 4297 1557 4351 διὰ
1607 4299 1718 4352 τῶν

168 4387 441 4457 προφητῶν
467 4387 771 4458 όδυρτικῶς
790 4388 1078 4440 ἐποτνιᾶτο
1097 4403 1111 4416 ·
1133 4407 1149 4436 ι
1176 4388 1282 4440 Ποῦ
1306 4390 1433 4454 εἰσι,
1460 4389 1714 4457 λέγουσα.

161 4475 218 4526 τὰ
237 4475 352 4550 ἑλέη
383 4495 477 4532 σου
506 4480 574 4532 τὰ
600 4478 829 4550 άρχαία,
879 4477 1073 4549 Κύριε,
1118 4477 1152 4532 ἃ
1184 4478 1409 4549 ὤμοσας
1439 4478 1515 4548 τῷ
1551 4479 1716 4532 Δαϐὶσ

159 4560 211 4616 έν
260 4571 324 4640 τῇ
376 4549 625 4642 ἀληθεία
664 4587 794 4637 σου;
856 4589 876 4623 ι
940 4571 1008 4625 Τί
1060 4565 1155 4623 οῦν
1210 4589 1229 4622 ι
1295 4569 1585 4642 ὁοελητὴς
1617 4569 1710 4623 τοῦ
1746 4549 1787 4602 θ

152 4654 362 4727 “long;
400 4681 420 4713 ι
465 4662 578 4734 Ούχ
625 4662 911 4734 ὑπερεῖδεν
936 4701 952 4727 ,
1006 4659 1108 4714 ούκ
1144 4659 1466 4714 ἀνεϐάλετο·
1492 4661 1592 4713 οὐκ
1633 4662 1712 4724 εἰς

149 4753 360 4824 μακρὰν
379 4755 448 4810 τὰ
476 4756 919 4826 παραγγέλματα
937 4753 1248 4823 παρέτεινε.
1274 4753 1408 4806 Ποῖα
1426 4752 1484 4805 δὲ
1505 4751 1676 4806 ταῦτα
1695 4769 1710 4818 ;

147 4855 176 4888 ι
209 4845 275 4896 ού
307 4849 381 4916 μή
415 4864 473 4901 σε
505 4847 643 4912 ἀνῶ,
678 4845 788 4900 οὐδ’
825 4846 886 4898 οὐ
939 4845 1014 4915 μή
1045 4859 1103 4896 σε
1145 4843 1550 4911 ἐγκαταλείποι.
1592 4863 1610 4897 ι
1648 4845 1712 4899 ’0

130 4935 237 4986 καὶ
258 4941 367 4999 τοῖς
425 4940 700 5010 μαθηταῖς
753 4937 978 5007 ὔστερον
1032 4935 1141 4989 ἀπὸ
1187 4935 1292 5002 γῆς
1335 4936 1415 4999 εις
1450 4935 1710 5006 οὐρανοὺς

119 5018 448 5102 ἀνατρέχων
473 5071 488 5097 ,
544 5031 608 5097 ἐξ
633 5022 722 5104 ξῶν
773 5031 834 5084 ού
884 5029 1186 5100 διέστηκεν,
1229 5027 1468 5097 ἔφασκεν
1495 5045 1508 5058 ο
1545 5046 1564 5078 ι
1597 5028 1711 5081 Ούκ

225 5202 452 5278 szech.
525 5225 615 5278 In,
648 5210 735 5264 i2.
809 5218 838 5247 ιι
870 5206 1012 5264 Psal.
1041 5225 1228 5274 exul,
1263 5211 1318 5274 4,
1345 5208 1398 5263 5.
1476 5213 1506 5247 ν
1537 5207 1856 5278 Psal.LxxI,
1898 5209 1952 5264 6.

1318 5289 1344 5319 ο
1373 5278 1514 5333 Psai.
1550 5295 1624 5340 Ix.
1664 5277 1754 5332 22.
1830 5276 1856 5316 ἀ
1888 5278 2034 5335 Psal.
2063 5278 2433 5344 Lxxxvm,50.
2471 5277 2669 5333 ‘Osee.
2761 5293 2834 5342 vr,
2865 5276 2920 5330 6.
3003 5274 3023 5313 τ
3055 5273 3223 5328 Josue
3249 5289 3287 5341 1,
3319 5279 3383 5336 5;

164 5274 205 5341 ξ,
222 5268 408 5341 Luem,
449 5281 547 5337 27.

649 5283 678 5321 1³
713 5280 845 5335 Luc.
905 5297 941 5343 ι,
977 5280 1045 5335 50
1065 5296 1218 5350 seqq.

173 5330 298 5402 Hebr.
319 5330 482 5418 itit,—

1824 3309 1969 3355 ctam
1995 3335 2010 3364 ,
2042 3308 2100 3354 ut
2151 3301 2314 3354 etiam
2350 3295 2447 3350 Dei
2482 3296 2652 3350 Mater
2691 3294 3040 3357 efﬁceretur;
3078 3307 3201 3363 qua:
3238 3291 3402 3360 plane

1825 3403 2041 3444 summe
2075 3387 2439 3451 admirabilis,
2478 3401 2726 3457 novaque
2779 3399 2866 3440 res
2893 3394 2996 3445 est.
3050 3400 3114 3438 ac
3144 3383 3400 3437 auditio?

1823 3480 1900 3536 Ac
1926 3479 2056 3534 milii
2083 3479 2305 3542 credite,
2337 3479 2406 3533 ad
2430 3479 2609 3548 ipsam
2680 3491 3037 3531 recurremus
3095 3475 3247 3529 festm
3291 3473 3396 3528 diei

1823 3571 2154 3634 antistitam,
2217 3579 2278 3624 ut
2310 3571 2459 3625 unde
2508 3583 2695 3625 sermo
2752 3567 3038 3639 paululum
3101 3567 3394 3628 abscessit,

1821 3662 2014 3720 eodem
2066 3663 2254 3717 denuo
2308 3668 2643 3718 revertatur.
2699 3660 2814 3730 Age
2863 3659 3057 3730 igitur,
3104 3657 3394 3728 aggredia-

1822 3771 1946 3810 mur
1993 3754 2099 3810 diei
2150 3753 2532 3824 hymnodiam,
2593 3768 2656 3808 ac
2686 3753 2781 3807 ubi
2819 3751 3099 3805 modicum
3131 3749 3262 3820 quid
3302 3751 3397 3803 ad-

1822 3847 1930 3901 huc
1982 3845 2273 3900 colfectam
2314 3845 2534 3900 turbam
2590 3844 2860 3900 fuerimus
2913 3840 3086 3903 aﬂ‘ati,
3125 3840 3396 3896 orationis

1821 3953 2046 3995 cursum
2084 3941 2370 3995 sistamus.
2423 3937 2634 4006 Egebat
2665 3938 2853 4006 itaque
2885 3942 3085 3988 natura
3130 3933 3395 4002 humana,

1822 4031 2054 4102 antiquo
2081 4030 2243 4100 primi
2293 4031 2542 4102 parentis
2590 4030 2783 4101 collisa
2827 4029 3020 4098 lapsu,
3076 4041 3143 4080 eo
3181 4026 3275 4096 qui
3311 4041 3397 4081 re-

1822 4122 2162 4178 l'ormaturus
2197 4137 2262 4176 ac
2292 4122 2639 4176 instauratus
2668 4127 2853 4184 esset;
2894 4133 2957 4172 ac
3011 4117 3214 4173 silente
3239 4131 3393 4181 voce,

1819 4217 1991 4270 altum
2007 4213 2073 4268 ad
2107 4213 2422 4268 Creatorem
2449 4211 2760 4266 clamabat:
2795 4229 2812 4261 ι
2846 4209 2913 4264 Ut
2951 4209 3104 4279 quid,
3139 4209 3393 4275 Domine,

1819 4298 2100 4358 recessisti
2153 4303 2312 4371 longe
2339 4301 2405 4353 οἳ
2441 4318 2459 4350 ι
2499 4297 2906 4353 Penetrabilins
2962 4314 3096 4351 vero
3133 4314 3231 4368 per
3267 4315 3394 4367 pro-

1818 4396 2013 4462 phetas
2071 4392 2361 4460 lugubrem
2416 4390 2470 4444 iu
2523 4389 2745 4442 modum
2778 4389 3198 4456 quiritabatur:
3237 4407 3253 4438 ι
3288 4388 3391 4442 Ulli

1817 4491 1948 4538 sunt
2007 4481 2412 4537 misericordis:
2467 4488 2574 4541 tum
2625 4481 2890 4549 antiquae,
2923 4478 3187 4541 Domine,
3247 4479 3392 4532 sicut

1809 4574 2016 4644 jurasti
2078 4573 2254 4630 David
2294 4573 2348 4628 in
2405 4573 2639 4626 veritate
2693 4582 2783 4626 tua
2822 4569 2895 4623 d?
2935 4588 2954 4620 ι
3014 4569 3156 4636 Quid
3223 4569 3393 4639 igitur

1811 4665 1902 4718 ille
1940 4683 1960 4716 ι
1993 4665 2089 4735 qui
2125 4664 2245 4719 vult
2299 4663 2747 4718 misericordiam
2782 4662 2854 4715 οἳ
2889 4681 2907 4713 ι
2969 4660 3087 4715 Non
3134 4669 3389 4715 contem-

1810 4755 1955 4826 psit,
1987 4770 2097 4810 non
2153 4754 2409 4819 distulit,
2463 4770 2572 4808 non
2617 4755 2670 4808 in
2723 4755 2946 4824 longum
2983 4751 3389 4825 pronrissioues

1809 4846 2047 4902 remisit.
2083 4843 2235 4912 Quas
2272 4846 2441 4902 illas?
2472 4863 2490 4896 ι
2527 4843 2647 4900 Non
2677 4851 2730 4904 te
2775 4844 3050 4910 deseram,
3086 4859 3266 4916 neque
3292 4843 3386 4897 des

1809 4939 2122 5007 relinquam
2168 4936 2226 4992 ί.
2287 4957 2306 4991 ι
2380 4937 2539 5004 Quod
2605 4938 2772 4993 etiam
2839 4946 3030 5008 postea
3095 4937 3390 5008 discipulis

1816 5030 1976 5094 dixit,
2005 5044 2187 5085 cuma
2223 5037 2375 5086 terra
2423 5031 2477 5084 iu
2533 5029 2737 5086 cmlum
2797 5039 3192 5094 reverteretur,
3246 5029 3389 5082 unde

2031 5218 2053 5246 ⁸
2098 5207 2232 5262 Luc.
2266 5223 2303 5272 l,
2335 5207 2423 5261 42.
2497 5215 2527 5252 Ι
2560 5206 2735 5262 Galat.
2768 5223 2840 5268 tv,
2878 5208 2932 5260 4.
3012 5217 3032 5242 τ
3065 5205 3192 5258 Luc.
3233 5221 3269 5269 ι,
3294 5205 3385 5258 iii.

1416 5528 1650 5590 VARI/l3
1679 5529 2083 5589 LECTIONES.

227 5663 257 5698 ”
283 5679 642 5756 Septuaginta
706 5683 894 5755 Θήσεις
945 5684 1285 5757 διαγράψεις.
1365 5687 1404 5718 ’⁸
1444 5685 1569 5756 Leg.
1604 5686 2006 5748 ἅναπλὰσοντος
2033 5698 2046 5712 ⁸
2081 5683 2500 5754 ἀνορθώσοντος.

411 5799 686 5862 Pareat.
725 5803 842 5863 Gn.
875 5803 1109 5866 XCVII.

2855 5797 2929 5855 εις
