3776 6204
463 270 587 337 ,επ
1643 262 1706 330 s.
1742 260 2071 326 ANDREIE
2114 256 2534 326 CRET'ENSIS
3503 280 3584 347 sm

481 399 592 441 non
624 380 964 438 discesserat
992 392 1005 432 :
1048 396 1067 431 ι
1102 377 1225 434 Non
1257 366 1570 449 relinquam
1604 390 1709 433 vos
1731 377 1972 448 nrphanc

2097 382 2124 436 Α
2154 374 2352 445 ἀφήσω
2379 374 2523 444 ὑμᾶς
2548 373 2839 445 ὀρφανούς·
2870 374 3089 447 ἔρχομαι
3117 378 3238 448 πρὸς
3266 381 3400 451 ὑμᾶς.
3426 386 3588 447 ιΤοῦτο

482 476 699 531 veniam
739 473 807 530 ad
841 488 939 528 vos
967 475 1012 525 ³.
1072 490 1091 525 ι
1123 470 1240 527 Hoc
1291 486 1514 542 quoque
1559 479 1688 526 ante
1715 468 1973 524 ineﬂ‘abilt

2154 462 2247 514 καὶ
2304 461 2412 533 πρὸ
2458 462 2562 531 τῆς
2612 463 2882 533 ἀφράστου
2915 466 3338 539 ὲνανθρωπήσεως
3362 474 3493 527 αὑτοῦ
3527 478 3592 533 διὰ

482 582 638 623 suam
665 564 1106 621 incarnationem
1139 578 1242 634 per
1277 563 1579 634 prophetas
1619 561 1911 632 pollicitus
1942 575 1971 613 e

2152 553 2448 624 προφητῶν
2506 554 2775 626 ἀριδήλως
2835 556 3104 627 ὑπέσχετο.
3174 562 3311 614 Ἐπεὶ
3373 560 3449 617 οὖν
3488 566 3595 621 οὕτω

467 658 615 712 Cum
654 656 770 711 hac
801 670 936 727 ergo
975 656 1056 711 sic
1092 654 1384 721 haberent,
1427 653 1654 724 jamque
1700 657 1958 705 vocarett

2149 646 2347 729 ταῦτα,
2374 646 2471 702 καὶ
2515 647 2618 719 ήδη
2672 650 2855 720 καιρὸς
2901 652 3077 705 ἐκάλει
3109 653 3271 724 πέρας
3294 658 3509 713 ἐπιθεῖναι
3538 663 3597 732 τῷ

366 751 381 763 ’
462 756 782 820 portunum
840 746 1060 820 tempus
1096 757 1157 803 ut
1193 746 1556 819 promissioni
1594 745 1757 800 ﬁnem
1800 744 1857 800 in

2148 734 2568 806 ἑπαγγέλματι·
2601 737 2703 807 ὅρα
2752 739 2803 791 τί
2833 743 2986 804 ποιεῖ,
3013 744 3040 795 ό
3081 742 3174 812 τὴν
3204 746 3439 816 ἡμετέραν
3466 766 3597 822 om.

479 847 588 903 ret,
622 840 749 894 vide
773 838 902 907 quid
950 845 1098 908 agat,
1135 844 1341 891 nostra:
1393 835 1513 905 ipse
1543 834 1776 899 salutis,
1827 846 1970 887 mass

2147 824 2274 895 ρίαν
2296 863 2312 892 ,
2340 826 2436 881 τοῦ
2468 826 2629 898 ἡμῶν
2660 829 2988 900 φυράματος,
3038 838 3514 914 πραγματευόμενος.
3546 844 3601 896 οὐ

476 931 726 1002 inquam,
776 920 1016 994 nostras,
1052 928 1337 998 negotium
1390 941 1582 998 agens.
1645 925 1765 982 Non
1822 925 1967 979 aliuu

2147 914 2383 1005 θύραθεν
2408 916 2813 988 εἰσκεκόμικεν·
2839 918 3084 991 ὄργανονο
3129 925 3223 977 οὐκ
3270 925 3327 990 ἐξ
3368 928 3520 996 ἑτέρας
3537 932 3603 983 οὑ-

475 1021 689 1076 invexit
734 1020 1204 1082 instrumentum;
1269 1032 1380 1072 non
1433 1032 1500 1072 ex
1565 1015 1877 1073 substantia
1939 1031 1966 1068 a

2148 1007 2272 1069 σίας
2304 1009 2665 1082 ἀνεμόρφωσε
2703 1006 2926 1075 σκεῦοςο
2951 1013 3061 1065 ἀλλ’
3092 1016 3151 1068 ὲκ
3182 1016 3268 1069 τοῦ
3298 1019 3439 1072 αὐτοῦ
3460 1022 3605 1092 πηλοῦ,

474 1128 571 1169 vas
622 1111 985 1178 reformavit;
1031 1109 1129 1165 sed
1182 1125 1248 1166 ex
1280 1110 1470 1165 eodem
1513 1110 1637 1180 ipso
1685 1109 1822 1174 luto,
1854 1112 1965 1179 atqt

2144 1098 2239 1152 καὶ
2288 1099 2392 1168 τῆς
2421 1101 2592 1171 αὐτῆς
2646 1101 2724 1166 ὡς
2748 1184 2753 1189 ἡ
2777 1104 2843 1157 ἄν
2872 1121 2956 1167 τις
2994 1106 3122 1175 φαίη
3161 1101 3324 1178 ζύμης
3356 1111 3606 1176 ὑποσπάσας

473 1212 534 1257 ut
561 1204 636 1257 ita
664 1202 870 1268 dicam,
904 1217 969 1256 ex
1006 1200 1197 1255 eadem
1242 1214 1452 1266 massa,
1483 1214 1585 1256 ceu
1616 1198 1948 1270 quisquilias

2145 1191 2397 1277 συρμάδα
2430 1193 2494 1256 ’⁸,
2517 1193 2699 1263 τίμιον
2741 1195 2940 1263 ἑαυτῷ,
2993 1196 3084 1249 καὶ
3122 1197 3213 1268 τῆς
3241 1199 3462 1271 τοιαύτης
3481 1202 3603 1267 ὅντως

471 1290 834 1365 purgamenta
896 1291 1201 1359 attrahens,
1257 1291 1563 1362 pretiosum
1615 1291 1746 1354 sibi,
1794 1292 1962 1359 adeoq

2143 1280 2528 1353 ύπεραρῤήτου
2557 1287 2911 1356 συμπήξεως,
2935 1287 3057 1342 ναὸν
3072 1291 3367 1360 ἐτεκτήνατο
3382 1309 3393 1321 ·
3421 1295 3469 1346 ὲν
3491 1286 3604 1364 ᾧπερ

398 1386 402 1390 ‘
471 1398 641 1453 supra
682 1382 903 1437 modum
953 1397 1171 1437 arcanae
1209 1397 1275 1436 ac
1320 1381 1592 1438 mirabilis
1639 1388 1889 1451 compact

2141 1372 2307 1437 αὐτὸς
2341 1375 2371 1427 ὁ
2405 1375 2627 1446 πρῶτος
2656 1377 2754 1429 καὶ
2806 1378 2966 1448 μόνος
2995 1374 3287 1450 Ἀρχιερεύς
3306 1399 3357 1435 τε
3387 1386 3464 1437 καὶ
3488 1386 3608 1440 Busta

468 1475 760 1545 templum,
794 1473 1090 1528 aediﬁcavit
1117 1490 1131 1528 :
1163 1473 1216 1527 in
1248 1486 1361 1543 quo
1391 1472 1609 1543 primus
1637 1472 1753 1544 ipse
1780 1486 1845 1527 ac
1884 1472 1959 1528 sol

2138 1462 2289 1528 λεὺς,
2322 1465 2680 1537 οἰκονομικῶς
2709 1465 2812 1538 τὴν
2845 1468 2968 1522 καθ’
3003 1470 3140 1539 ἡμᾶς
3171 1473 3484 1543 ἱερουργήσας
3513 1477 3610 1546 πρὸς

468 1564 742 1629 Pontifex,
799 1562 1044 1634 Resque,
1105 1563 1549 1633 dispensatione,
1609 1572 1861 1619 nostram
1913 1578 1959 1618 Ct

2138 1556 2229 1609 τὸν
2260 1557 2455 1611 ἑαυτοῦ
2484 1560 2705 1631 Πατέρα
2748 1562 3111 1632 καταλλαγὴν,
3143 1564 3262 1635 ὃλην
3296 1560 3429 1634 ὑμῶν
3460 1568 3539 1634 τὴν
3553 1568 3611 1618 οὔ·

466 1657 630 1711 Patre
683 1672 786 1711 suo
832 1654 1346 1710 reconciliationem
1398 1669 1499 1724 pro
1548 1667 1709 1708 more
1737 1652 1957 1708 sacerdr

2141 1648 2264 1703 σίαν
2310 1650 2672 1721 ύπερουσίωῖ,
2705 1653 2804 1705 καὶ
2830 1652 2952 1707 κατ’
2981 1654 3161 1708 ούσίαν
3189 1658 3248 1708 ὲκ
3283 1655 3371 1725 τῆς
3392 1655 3610 1726 ἀνθρώπου

465 1762 768 1819 peragens,
833 1754 1012 1800 totam
1059 1756 1321 1801 nostram
1394 1744 1789 1809 substantiam,
1851 1744 1956 1797 altit

2138 1741 2327 1804 οὐσίας
2356 1743 2639 1796 ἀνέλαϐεν.
2700 1745 2977 1817 Ἐμνήσθη
3025 1746 3297 1816 τοιγαροῦν
3339 1746 3431 1799 τῶν
3475 1746 3613 1801 ἑαυτοῦ

459 1854 632 1910 supra
677 1839 1050 1900 substantiam
1103 1837 1289 1900 modo,
1339 1835 1690 1893 substantiali
1755 1835 1950 1889 nihilm

2138 1834 2457 1902 κτισμάτων
2514 1837 2543 1888 ὁ
2599 1835 2776 1899 Θεός·
2829 1838 3039 1907 κτίσμα
3088 1839 3194 1910 γὰρ
3221 1834 3372 1892 αὐτοῦ
3406 1840 3615 1894 πάντατὰ

467 1945 590 1993 nus,
627 1943 691 1983 ex
743 1929 1031 1983 hominum
1078 1927 1398 1983 substantia
1445 1927 1680 1997 accepit.
1730 1924 1958 1995 Itaquel

2137 1922 2296 1993 ἐθνηο
2343 1942 2361 1975 ι
2424 1924 2699 1997 Ἐμνήσθη
2744 1927 2858 1979 τῶν
2912 1928 3206 1999 οἰκτιρμῶν
3263 1928 3394 1997 αύτῷ
3430 1929 3516 1981 τῶν
3550 1931 3613 1983 ἀπ’

466 2016 731 2071 cordatus
792 2024 877 2071 est
939 2015 1084 2073 Deus
1141 2023 1455 2073 creatorum
1510 2018 1581 2072 ah
1635 2017 1777 2085 ipso.
1826 2016 1957 2086 Qui;

2137 2012 2336 2076 αἰῶνος
2358 2053 2374 2078 ,
2414 2033 2434 2065 ι
2467 2015 2496 2067 ὀ
2531 2014 2643 2069 τῶν
2681 2016 2896 2072 αἰώνων
2913 2017 3112 2089 Κύριος
3139 2058 3153 2083 ,
3184 2019 3409 2089 ἐμνήσθη
3438 2020 3519 2087 τῆς
3536 2020 3615 2074 δια-

464 2119 658 2175 ιιεηιοε
687 2123 882 2164 omnes
932 2109 1058 2178 ejus
1106 2115 1237 2163 sunt
1279 2116 1540 2163 creatura
1574 2126 1588 2162 :
1632 2124 1652 2158 ι
1688 2107 1955 2161 Recordat

2138 2108 2312 2180 θήκης
2340 2104 2408 2181 ἧς
2441 2110 2579 2180 πρὸς
2622 2110 2948 2182 ἀνθρώπους
2996 2113 3216 2167 διέθετο.
3274 2112 3528 2184 Ἐμνήσθη,
3552 2114 3617 2165 καὶ

462 2211 549 2256 est
579 2202 999 2256 miserationqu
1031 2216 1282 2266 suarum,
1312 2217 1433 2270 qua:
1466 2217 1495 2255 a
1521 2201 1727 2256 saeculo
1760 2210 1887 2255 sunt
1917 2201 1943 2240 ιι

2141 2184 2401 2272 μνησθεὶς
2434 2204 2534 2274 οὐχ
2589 2205 2892 2276 ὑπερέθετο
2911 2222 2926 2237 °
2957 2206 3069 2259 ἀλλ’
3118 2205 3306 2260 αὐτίκα
3342 2206 3432 2274 τὴν
3462 2208 3615 2276 εὐεργε-

467 2294 732 2349 Dominus
770 2294 888 2362 ipse
919 2294 1251 2349 saeculorum
1305 2310 1319 2346 :
1368 2293 1696 2347 recordatus
1751 2300 1835 2347 est
1869 2299 1958 2346 tesi

2137 2291 2261 2344 σίαν
2290 2292 2563 2361 ἐπήγαγε.
2592 2293 2873 2363 Μνησθελς
2899 2294 3010 2365 γὰρ
3036 2293 3127 2347 τοῦ
3145 2293 3414 2355 Δασὶδ,καἰ
3436 2288 3498 2347 ὦν
3517 2294 3613 2361 αὐτῷ

465 2385 629 2439 menti
656 2384 802 2455 quod
843 2399 972 2439 cum
1024 2383 1344 2438 hominibus
1394 2383 1620 2452 pepigit.
1683 2380 1956 2436 Recordal

2133 2380 2399 2449 διωμόκει
2457 2385 2745 2453 πρότερον,
2798 2385 2867 2437 ὲκ
2917 2385 3014 2437 τοῦ
3066 2386 3366 2457 σπέρματος
3403 2382 3612 2437 αὑτοῦτὸν

462 2482 585 2539 est;
624 2489 725 2528 nec
754 2472 1078 2541 recordatus
1108 2471 1350 2537 distulit,
1408 2471 1504 2524 sed
1540 2486 1665 2524 mox
1706 2471 1953 2525 beneficii

2133 2472 2367 2540 Χριστὸν
2399 2473 2747 2545 ἀναστήσειν,
2781 2476 2842 2528 ὲν
2879 2470 2927 2544 ᾧ
2977 2476 3036 2530 τὺ
3093 2476 3363 2540 πεπτωκὸς
3405 2476 3487 2528 τοῦ
3526 2475 3606 2541 ἠμε-

464 2562 701 2617 ὶιιάιιπίι.
764 2562 1111 2617 Rccordatus
1166 2563 1316 2617 enim
1366 2560 1591 2616 Davidis
1626 2563 1668 2623 ί.
1726 2576 1789 2615 ac
1841 2576 1955 2615 eort

2205 2581 2297 2632 pou
2355 2566 2550 2633 γένους
2608 2568 2813 2637 σκηνῆς
2862 2568 3021 2639 δίκην
3072 2569 3432 2640 ἀνῳκοδόμησε
3454 2567 3602 2636 ποίημα.

457 2653 966 2723 qumjurejurando
987 2653 1115 2707 olim
1149 2653 1522 2721 promisisset,
1542 2651 1661 2707 fore
1693 2661 1749 2705 ut
1770 2652 1948 2706 Chrim

2139 2653 2445 2723 παράδοξον
2498 2657 2592 2710 ἐπὶ
2642 2656 2933 2729 παραδόξῳ
2969 2658 3230 2729 θαύματι,
3258 2659 3609 2728 συνεισκεκόμυα

452 2759 529 2799 ex
579 2744 712 2812 ejus
759 2743 971 2797 semine
1030 2751 1390 2813 exsurgeret,
1454 2744 1508 2796 in
1561 2758 1672 2812 quo
1724 2744 2028 2812 collapsum
2138 2742 2346 2815 θαῦμα.
3147 2800 3153 2805 ,

462 2836 640 2889 nostri
699 2833 925 2906 generis
975 2848 1139 2903 opus,
1204 2833 1551 2888 tabernaculi
1625 2833 1803 2888 instar
1867 2833 2316 2903 rcmditicarctt,
2387 2852 2590 2892 norum
2658 2839 3017 2913 insolensque
3070 2844 3403 2907 miraculum,
3446 2840 3540 2896 novi
3577 2853 3618 2891 ac

463 2926 754 2982 insolentis
786 2923 1039 2977 miraculi
1066 2938 1252 2977 comes
1279 2922 1507 2976 invexit.
1562 2950 1565 2953 η

529 3016 669 3088 Cum
725 3015 913 3086 itaque
960 3014 1150 3071 sobria
1183 3030 1245 3069 ac
1285 3023 1437 3071 casta
1477 3020 1659 3079 Anna,
1703 3015 1859 3086 gravi
1896 3029 2020 3071 mm-

2210 3014 2321 3067 Καὶ
2370 3014 2436 3083 δὴ
2476 3015 2576 3085 τῆς
2632 3015 2915 3089 σώφρονος
3002 3022 3203 3093 ’Δννης
3263 3021 3426 3091 πολλῷ
3462 3020 3523 3089 τῷ
3556 3020 3619 3088 τῆς

460 3110 605 3165 roris
633 3123 843 3180 angore
878 3115 1202 3175 teneretur;
1250 3122 1376 3161 cum
1418 3107 1615 3178 primis
1645 3115 1852 3172 autem,
1886 3123 1951 3176 qu

2208 3106 2293 3169 ίας
2317 3107 2531 3177 ¹³ἆχθει
2550 3110 2985 3182 κατησκημένης
3004 3128 3019 3145 ο
3039 3115 3182 3185 μάλα
3210 3112 3285 3179 δὲ,
3302 3114 3387 3167 καὶ
3403 3113 3528 3166 τοῦτο
3539 3128 3621 3164 συν·

460 3203 624 3258 etiam
667 3199 889 3267 coniux.
926 3200 998 3254 ob
1030 3196 1202 3270 prolis
1244 3200 1546 3254 carentiam
1583 3213 1772 3253 amare
1800 3213 1951 3253 vexat

2201 3213 2291 3271 νου
2322 3197 2536 3266 πικρῶς
2556 3198 2887 3270 πιεζομένου
2922 3202 3025 3272 τῆς
3038 3204 3291 3269 ἀτεκνίας
3313 3206 3454 3276 χάριν
3470 3219 3484 3237 ο
3504 3204 3623 3270 ἀμνο-

463 3305 553 3349 ῑιιι·
585 3313 600 3350 :
632 3295 919 3348 amborum
957 3292 1102 3348 Deus
1127 3291 1482 3347 sterilitatem
1512 3292 1700 3356 solvit,
1729 3305 1954 3361 eorumq

2131 3287 2307 3358 τέρων
2337 3287 2493 3341 ἔλυσε
2524 3287 2623 3360 τὴν
2653 3289 2913 3362 στέρησιν
2954 3294 2984 3347 ὁ
3008 3293 3142 3360 Θεός
3163 3312 3176 3327 ·
3196 3296 3361 3359 λιταῖς
3380 3310 3450 3361 τε,
3480 3293 3622 3347 τούτων

462 3382 809 3456 supplicibus
870 3376 1106 3439 inflexus
1154 3383 1320 3450 votis,
1356 3383 1539 3438 sterili
1590 3382 1810 3453 quidem
1864 3381 1953 3438 fetu

2133 3377 2531 3448 ὲπικαμφθεὶς,
2559 3380 2745 3435 δίδωσι
2777 3385 2845 3453 τῇ
2879 3384 3074 3457 στείρᾳ
3105 3386 3287 3459 γονὴν,
3314 3390 3377 3457 ἢν
3410 3388 3623 3457 προέσπει·

462 3477 680 3547 tribuit.
720 3483 882 3546 quem
927 3482 1056 3530 ante
1102 3472 1354 3545 precatio
1402 3474 1665 3541 sevisset;
1715 3473 1953 3528 marito:

2140 3483 2231 3535 ρεν
2283 3467 2418 3539 εὐχή
2446 3483 2462 3499 ·
2510 3469 2606 3523 καὶ
2635 3469 2713 3541 τῷ
2753 3472 3002 3544 συνεύνῳ
3045 3476 3275 3547 καρπὸν,
3303 3473 3357 3529 δν
3378 3472 3625 3543 ἐϐλάστησεν

463 3577 570 3624 tem
608 3566 805 3622 tribuit
857 3562 1122 3630 fructum,
1158 3581 1322 3637 quem
1374 3576 1502 3636 Spes
1533 3566 1933 3636 germinasset;

2136 3558 2313 3622 ἐλπὶς,
2346 3561 2445 3614 καὶ
2504 3559 2669 3625 ἄνθος
2715 3561 2972 3629 ἀειθαλὲς
3018 3567 3134 3630 τοῖς
3174 3563 3627 3638 ἀποξηρανθείσιτῆς

336 3666 349 3672 ⁸
462 3660 701 3721 demum,
759 3657 1181 3713 in-fecu'utlitatis
1247 3664 1385 3711 testu
1441 3655 1655 3711 exustis
1726 3656 1827 3710 arit

2135 3650 2394 3716 ἀπαιδίας
2435 3651 2517 3723 ’τῷ
2546 3653 2787 3709 καύσωνι
2811 3672 2827 3688 ο
2876 3658 2974 3710 καὶ
3015 3656 3231 3727 γίνεται
3270 3651 3626 3730 γόνιμοςήπρδ·

462 3746 785 3818 sempiterni
826 3747 1026 3801 viroris
1082 3742 1272 3799 florem
1302 3744 1599 3800 concedit:
1661 3743 1831 3814 fltque
1880 3741 1953 3796 de

2137 3758 2289 3813 τερον
2319 3744 2531 3811 ἄγονος,
2556 3746 2653 3799 καὶ
2681 3747 2956 3819 κληματὶς
2993 3750 3382 3819 ἀναθάλλουσα,
3406 3753 3434 3823 ὴ
3464 3747 3628 3821 βλαστὸν

460 3855 594 3909 ceps
648 3836 881 3894 fecunda
934 3852 1158 3907 parens,
1186 3850 1308 3907 quae
1347 3838 1506 3906 prius
1553 3844 1673 3889 erat
1695 3834 1951 3890 infecuu‘d

2137 3834 2230 3886 οὐκ
2257 3832 2560 3903 ὲκφύουσα.
2579 3837 2691 3891 Καὶ
2711 3838 2765 3892 τί
2818 3840 3031 3911 ταύτης
3060 3840 3214 3896 ἔσται
3249 3841 3345 3914 τῆς
3367 3838 3628 3899 παιδοποιίας

462 3931 701 4000 vitisque
751 3942 972 3998 semper
1015 3928 1224 3989 virens,
1255 3941 1379 3996 quae
1422 3937 1646 3995 germen
1677 3940 1788 3979 non
1830 3925 1953 3981 edid

2138 3922 2595 3998 αίδεσιμώτερον;
2630 3927 2697 3981 Τί
2749 3928 2807 3983 δὲ
2846 3931 3308 4005 παραδοξότερον,
3351 3931 3435 3987 τοῦ
3470 3927 3629 4002 βλέπειν

374 4031 379 4035 ‘
462 4028 566 4075 set.
623 4014 766 4083 Quid
810 4029 978 4086 porro
1023 4026 1087 4069 ea
1136 4014 1308 4084 prolis
1339 4014 1691 4083 susceptione
1742 4026 1865 4067 vent

2201 4016 2367 4089 ητέρα
2401 4017 2561 4085 Θεοῦ,
2596 4018 2958 4094 διανοιγεὶσης
2994 4025 3119 4095 μὲν,
3155 4026 3217 4079 οὐ
3245 4018 3630 4095 διαφθαρείσηςδὲ

461 4111 614 4165 lius?
647 4108 791 4176 Quid
821 4122 952 4163 vero
986 4107 1311 4176 ampliorem
1346 4104 1557 4162 habens
1585 4104 1952 4160 admiratione

2136 4108 2231 4179 τὴν
2266 4110 2451 4180 νηδὺν,
2473 4111 2538 4164 ὲκ
2555 4112 2858 4185 νεοσπόρου
2884 4116 2927 4147 ιδ
2956 4117 3219 4187 γαστρὸς,
3246 4115 3440 4187 καρπὸν
3467 4110 3627 4181 ἁγνείας

462 4218 623 4273 quam
666 4210 725 4258 ut
754 4201 848 4256 Dei
896 4198 1149 4263 Matrem,
1186 4199 1256 4254 ab
1305 4206 1531 4268 experte
1579 4198 1807 4254 seminis
1852 4209 1953 4253 utet

2136 4196 2464 4268 ἑκφύούσαν,
2491 4202 2586 4255 καὶ
2609 4204 2880 4275 παρθένον
2909 4206 2973 4260 ὲκ
3010 4207 3235 4279 στείρας
3262 4209 3438 4278 ἀγόνου
3460 4201 3627 4275 βλαστά-

461 4305 652 4368 apcrto
678 4294 922 4367 quidem,
973 4291 1071 4348 sed
1126 4306 1239 4346 nou
1267 4297 1556 4361 corrupto,
1601 4290 1879 4345 castitatis
1912 4290 1952 4344 fr

2137 4303 2330 4344 νουσαν
2350 4309 2369 4358 ;
2393 4292 2511 4345 Ἵνα
2536 4292 2589 4345 τί
2614 4294 2841 4365 γένηται
2862 4313 2878 4363 ;
2903 4297 3025 4351 Ἵνα
3044 4299 3124 4370 τῷ
3149 4299 3270 4353 κατ’
3293 4298 3444 4368 αὐτὴν
3462 4290 3628 4364 ὑπεραί-

459 4396 609 4442 ctnm
669 4382 915 4454 proferre
970 4380 1293 4444 videamus,
1350 4393 1415 4434 ac
1468 4379 1734 4448 virginem
1790 4380 1941 4434 exin

2136 4394 2283 4452 ροντι
2333 4382 2577 4454 θαύματι
2629 4385 2692 4439 τὸ
2745 4384 2846 4457 τῆς
2892 4368 3164 4461 τεκούσης
3220 4391 3539 4462 πιστώσηται.
3587 4382 3627 4433 Ἥ

458 4475 644 4533 cunda
684 4465 751 4530 ac
795 4471 970 4530 sterili
1024 4471 1235 4528 femina
1281 4469 1723 4542 germinantem?
1753 4466 1949 4534 Quorst

2137 4473 2255 4542 μὲν,
2282 4473 2311 4526 ὃ
2343 4473 2418 4544 μὴ
2450 4474 2712 4547 πρότερον
2731 4481 2801 4548 τῇ
2828 4479 2989 4547 φύσει
3010 4480 3123 4536 τῶν
3158 4480 3442 4553 ἀνθρώπων
3463 4472 3628 4545 ἐγνώρι-

459 4567 610 4623 haec?
648 4564 941 4630 Nimirum,
983 4570 1044 4620 ut
1091 4561 1386 4621 excellenti
1418 4560 1542 4631 ejus
1591 4559 1887 4626 miraculo,
1914 4560 1950 4614 Μ

2139 4578 2246 4626 ατο,
2277 4564 2529 4637 ἀπάτορα
2561 4563 2720 4622 τόκον
2762 4568 2822 4634 ἐξ
2856 4570 3170 4641 ἀλοχεύτων
3206 4573 3402 4627 ὠδίνων
3435 4572 3490 4640 τῇ
3517 4564 3630 4634 φύσει

458 4660 562 4714 tris
589 4658 918 4713 miraculum
950 4655 1331 4712 conﬁrmaret.
1369 4652 1559 4707 Altera
1602 4651 1848 4722 quidem,
1881 4666 1949 4721 qu

2137 4651 2284 4722 παρὰ
2313 4653 2413 4725 τὴν
2453 4653 2617 4723 φύσιν
2665 4657 2985 4727 εισήγαγεν,
3037 4660 3312 4732 ὑπερφυεῖ
3351 4648 3628 4728 δυνάμειτδν

461 4748 700 4803 necdum
736 4749 978 4802 humano
1020 4746 1211 4818 generi
1261 4745 1608 4809 innotuerat,
1656 4750 1877 4813 partum
1913 4744 1952 4798 si

2139 4743 2231 4813 τῆς
2247 4743 2464 4812 φύσεως
2487 4744 2789 4818 αὐτουργὸν
2807 4749 2865 4801 ἒν
2895 4750 3086 4823 μήτρᾳ
3110 4752 3538 4823 παιδοποιήσασαδ
3566 4737 3630 4794 καὶ

364 4864 371 4869 τ
465 4846 645 4911 patre,
677 4838 772 4891 cui
804 4836 1195 4907 nulluscoitus
1220 4835 1551 4907 prmivisset,
1583 4842 1797 4889 natura:
1832 4848 1855 4904 ι

2137 4831 2325 4901 γέγονε
2364 4835 2569 4905 μήτηρ,
2597 4835 2668 4888 τὰ
2697 4836 2954 4907 μητέρων
2997 4838 3281 4908 φυγοῦσα·
3306 4839 3393 4892 καὶ
3416 4837 3468 4889 τὸ
3486 4829 3628 4902 βρέφος

464 4934 721 4982 naturam
756 4923 1047 4987 invehens,
1078 4923 1258 4994 ipsum
1286 4930 1497 4977 natura:
1519 4921 1816 4976 Auctorem
1847 4920 1955 4973 alti:

2137 4921 2232 4977 οὐκ
2261 4921 2375 4995 εἶχε
2408 4927 2620 4998 πατέρα
2648 4927 2835 4981 καλεῖν
2872 4929 2965 4983 ἐπὶ
3011 4933 3140 5001 γῆς,
3171 4930 3253 4986 ὅτι
3275 4931 3347 5002 μὴ
3367 4922 3541 4997 σπορᾶς
3564 4933 3628 4988 με’

460 5032 630 5089 supra
655 5024 910 5071 naturam
946 5014 1160 5070 ratione
1194 5015 1250 5069 in
1309 5013 1467 5068 vulva
1512 5012 1805 5084 concepit,
1838 5023 1951 5084 estq

2136 5016 2459 5087 σιτευούσης
2491 5018 2839 5090 συνείληπτο,
2871 5020 3006 5090 μηδὲ
3033 5022 3244 5093 φθορᾶς
3287 5010 3627 5089 ὑποδραμούσης

455 5108 655 5168 eﬂ‘ecta
696 5115 893 5174 mater,
936 5119 1061 5161 cum
1108 5120 1173 5161 ea
1226 5119 1349 5176 quae
1394 5115 1527 5160 sunt
1562 5113 1803 5160 matrum
1860 5105 1946 5161 vit;

2134 5106 2166 5175 ἡ
2222 5105 2461 5160 τεκοῦσα
2499 5109 2829 5181 γεγέννηκεν
2850 5126 2865 5140 ·
2889 5110 2922 5181 ἡ
2951 5110 3028 5178 δὲ,
3058 5113 3268 5185 καίπερ
3308 5108 3461 5164 πολλὰ
3481 5103 3566 5156 τῶν
3589 5099 3625 5148 ἐν

459 5208 585 5271 set;
616 5214 719 5256 nec
756 5197 944 5254 infans
975 5195 1216 5251 habebat
1240 5204 1448 5265 patrem
1497 5208 1695 5250 vocare
1733 5207 1896 5262 super
1922 5203 1950 5247 lt

2136 5192 2423 5267 πειρώσει
2484 5197 2866 5270 προλαϐόντων
2933 5199 3137 5272 ἔχουσα
3195 5203 3265 5256 τὰ
3311 5196 3624 5263 ὑποδείγματα.

457 5305 600 5359 ram,
632 5289 726 5362 qui
772 5290 924 5345 nulla
971 5295 1216 5345 semente
1265 5281 1443 5339 media
1473 5291 1774 5354 conceptus
1805 5281 1946 5337 fuiss

2135 5286 2275 5340 κατὰ
2335 5287 2526 5342 πασῶν
2568 5289 2950 5361 ύπερνικῶσαν
2983 5288 3112 5363 ἔσχε
3133 5291 3234 5364 τὴν
3277 5287 3459 5361 ψῆφον.
3485 5277 3533 5336 El
3552 5274 3626 5346 γὰρ

532 5436 560 5475 ε
587 5426 748 5487 Joan.
802 5445 918 5497 XIV,
951 5430 1037 5487 l8.
1112 5429 1140 5469 δ
1172 5425 1325 5491 Psal.
1353 5443 1505 5496 XXIV.
1537 5425 1588 5489 6.
1676 5422 1865 5479 iPsal.
1897 5438 2088 5491 cxxxr,
2140 5424 2229 5477 il.
2308 5426 2324 5477 Ι
2362 5427 2530 5485 Amos
2580 5443 2661 5498 lx,
2695 5429 2753 5486 ll
2787 5442 2804 5496 ;
2911 5430 3039 5488 Act.
3068 5442 3163 5498 xv,
3224 5430 3280 5484 9.

1760 5562 1996 5621 VAllIIE
2026 5561 2324 5620 LEC'I‘ION
2330 5562 2434 5622 ES.

534 5647 576 5679 ¹¹
602 5650 687 5708 ἵσ.
732 5654 953 5724 σύρματ
1087 5658 1131 5692 ¹³
1156 5657 1244 5714 ed.
1275 5671 1560 5731 perperam
1588 5653 1794 5721 ἀνοίας.
1912 5656 1955 5688 ιδ
1978 5655 2067 5709 ισ.
2089 5654 2356 5726 ἀσπόρου.
