3776 6204
254 250 333 314 επ
1194 215 1278 304 iN
1315 239 1834 325 NATIVITATEM
1873 240 1938 299 B.
1968 240 2253 301 manus.
2293 236 2390 302 ιν.
3047 215 3050 219 ’
3324 242 3430 302 878

247 361 317 427 καὶ
353 357 684 439 πᾱτριᾴρχαις
733 353 1039 439 συνῴκουν.
1069 344 1145 419 ὡς
1170 416 1173 421 ν
1202 353 1466 439 σύνεννοι,
1512 352 1615 422 τῆς
1647 352 1746 424 μὲν

1953 367 2101 421 quem
2129 338 2355 420 parens,
2393 357 2453 405 ut
2493 348 2644 404 nulla
2674 347 2940 405 sobiisset
2990 339 3301 421 corruptio,
3337 371 3432 423 ge-

243 446 385 523 όμοίας
427 427 636 517 εἰκότως
682 429 1119 517 θαυματοποιίας
1162 427 1426 516 ἠξίωνται
1465 443 1625 497 λῦσαι
1655 444 1752 497 καὶ

234 540 355 595 amt
388 526 490 607 οξῷν
537 535 753 607 δεσμῶν
790 536 889 613 τῆς
933 532 1281 604 στειρώσεως
1308 548 1323 563 ο
1369 526 1458 585 ναὶ
1488 532 1618 603 γὰρ,
1652 532 1751 602 τῆς

227 628 486 702 ἱερογενοῦς
538 616 741 694 ταύτης
786 625 977 702 παιδὸς
1005 623 1403 702 προειλήχεσαν
1448 618 1588 676 εἶναι
1620 614 1753 697 πρὸ·

223 700 413 786 μήτορες
436 730 451 746 υ
479 707 594 764 ἀλλ’
631 713 689 765 ai
716 707 816 782 μὲν
853 700 1193 791 πορρωτάτω
1221 700 1324 763 που
1361 703 1454 764 ita!
1482 710 1605 764 λίαν
1628 711 1755 791 ἄπο-

223 805 289 858 θεν
327 802 410 858 τοῦ
453 800 594 856 κατὰ
643 794 744 873 τὴν
799 796 950 856 θείαν
995 788 1307 877 οἰκονομίαν
1363 798 1644 871 θαύματος
1693 788 1754 877 τὸ

227 872 710 963 σνγγενὲςέχουσῖνλ
741 892 775 963 ἠ
803 880 879 954 δὲ,
915 876 1141 961 ὕστερον
1175 876 1299 961 μὲν,
1327 892 1421 944 ἐπὶ
1451 890 1649 962 καιροῦ
1671 872 1748 955 si,

228 986 297 1040 xui
324 984 441 1054 πρὸς
460 980 605 1053 αὐτῷ
626 999 691 1052 γε
721 982 800 1051 τῷ
825 972 1023 1053 πέρατι
1055 968 1165 1034 τῶν
1188 968 1415 1051 καιρῶν,
1444 967 1530 1057 ὅτε
1563 964 1628 1051 δὴ
1657 979 1753 1034 καὶ

232 1076 377 1137 αὑταῖς
407 1073 667 1142 ἐφέστηκε
704 1072 922 1144 θύραις,
967 1073 997 1125 6
1037 1058 1413 1155 rilvrﬁpaxpiqv
1438 1071 1537 1143 τὴν
1563 1059 1765 1155 βασιλι-

1860 444 2108 507 nuisset;
2141 442 2313 496 altera
2351 449 2554 505 autem,
2600 454 2926 510 quanquam
2975 441 3106 495 olim
3154 444 3434 499 Sterilium

1859 534 2101 604 plurium
2129 534 2378 603 exempla
2440 533 2670 598 habens,
2705 534 2761 587 in
2798 547 2991 589 omnes
3026 535 3208 589 tamen
3241 534 3437 604 singu-
3483 536 3492 545 ‘

1862 625 1994 680 laris
2022 624 2401 703 prmrogativaa
2430 624 2702 689 calculum
2744 625 3070 696 reportavit.
3104 627 3436 695 Quanquam

1859 718 2006 772 enim
2055 718 2221 779 etiam
2252 731 2380 771 cum
2414 717 2748 791 patriarchis
2794 718 3037 788 conjugii
3058 717 3185 786 jure
3223 718 3433 772 habita-

1862 813 2011 870 runt,
2075 790 2632 884 similiqueetipsaa
2710 805 2985 860 miracqu
3037 807 3107 860 ab
3161 805 3436 874 eiusmodi

1859 897 2169 963 sterilitatis
2203 884 2444 961 vinculis
2480 896 2691 951 absolvi
2722 911 2834 952 non
2881 898 3189 968 incongrue
3221 912 3432 952 merue-

1856 995 2023 1042 runt:
2057 988 2264 1043 etenim
2323 987 2549 1044 fuerunt
2604 1003 2780 1043 sacra:
2834 988 2999 1057 hujus
3041 989 3235 1058 puellae
3307 989 3437 1043 olim

1857 1078 2040 1133 aviae:
2092 1078 2465 1157 remotissima
2531 1088 2738 1143 tamen,
2791 1092 2856 1132 ac
2902 1080 3059 1134 valde
3097 1081 3291 1149 procul
3348 1094 3439 1134 co-

237 1168 340 1235 zliv'
360 1165 493 1233 λέγω
511 1163 564 1217 δὲ
594 1164 697 1233 τὴν
740 1162 864 1218 καθ’
915 1156 1063 1234 ἡμᾶς
1094 1150 1375 1249 ἐπιζητῶν
1420 1161 1605 1216 εἰκόνα
1626 1179 1642 1194 ο
1675 1150 1765 1218 ἵνα

1953 1156 2121 1225 itione
2148 1169 2216 1223 ad
2254 1168 2461 1224 divina:
2491 1169 2822 1225 oeconomia:
2853 1171 3184 1225 miraculum
3231 1171 3440 1226 habue-

232 1257 305 1309 τὸν
333 1255 441 1325 χοῦν
463 1257 517 1307 ἐν
541 1248 584 1323 ᾧ
610 1255 881 1325 πρότερον
910 1240 1322 1324 ἀποκέκρυπτο,
1450 1252 1763 1323 ἀνακαθάρ-

1857 1266 1984 1313 runt
2012 1276 2025 1311 :
2055 1259 2172 1340 haec
2230 1268 2437 1343 autem,
2490 1266 2681 1328 postea
2729 1258 2978 1328 quidem,
3023 1267 3079 1314 at
3111 1272 3442 1331 opportune,

244 1347 390 1400 σειτοῦ
411 1347 681 1408 θεοτελοῦς
714 1345 1069 1418 ἐναποσμήξῃ
1118 1332 1436 1415 Πνεύματος
1458 1360 1473 1374 ⁸
1506 1329 1764 1398 κάπείθεν

1953 1364 2073 1419 ique
2130 1332 2253 1419 ipso
2337 1332 2581 1405 termino
2633 1355 2988 1420 temporum:
3052 1329 3446 1406 cunr.scilicet

245 1439 384 1509 ὥσπερ
409 1441 461 1491 ἐν
479 1438 655 1507 ἑαυτῷ
683 1436 1084 1508 φιλανθρώπως
1112 1435 1214 1506 τὴν
1244 1435 1594 1507 ἀνθρωπίνην
1627 1422 1762 1490 ἀνα·-

249 1529 535 1598 μορφὼσηται
562 1528 745 1596 φύσιν.

1870 1437 2009 1506 ipsis
2044 1452 2216 1508 prope
2238 1439 2474 1496 instaret
2489 1440 2701 1509 januis,
2752 1440 2846 1510 qui
2882 1441 3087 1511 regiam
3122 1441 3442 1497 drachmam

1862 1540 2165 1598 quaereret;
2225 1530 2490 1609 humano,
2561 1531 2813 1602 inquam,
2872 1533 3059 1603 generi
3118 1534 3442 1604 impressam

249 1620 497 1688 iungimur,
534 1629 592 1673 nt
632 1620 933 1688 pulverem,
982 1617 1036 1671 in
1065 1631 1175 1686 quo
1213 1617 1448 1686 primum
1538 1616 1633 1670 illo
1700 1602 2035 1683 delituisset,
2092 1619 2270 1676 deifici
2317 1603 2558 1690 Spiritus
2627 1602 3025 1679 emundatione
3103 1602 3439 1697 detergeret:

248 1720 366 1777 atque
391 1717 442 1762 ut
475 1709 597 1765 inde
626 1710 681 1762 in
712 1725 774 1763 se
819 1710 935 1778 ipse
967 1716 1223 1774 naturam
1257 1707 1556 1760 humanam
1590 1707 1829 1778 benigne
1857 1707 2215 1764 instauraret.

296 1849 370 1911 Τίς
399 1843 483 1902 οὖν
501 1848 527 1901 6
554 1847 686 1917 χοῦς
724 1847 783 1899 ὲν
810 1841 854 1915 ᾧ
879 1846 941 1899 τδ
981 1840 1111 1921 ’καθ’
1141 1846 1290 1916 ἡμᾶς
1315 1846 1534 1914 εὐγενὲς
1564 1845 1769 1901 ἁποκέ-

1953 1839 2205 1910 Quisnam
2241 1855 2373 1916 ergo
2418 1834 2600 1917 'pulvis
2638 1840 2730 1902 ille
2777 1846 2831 1900 in
2858 1862 2969 1917 quo
3005 1846 3318 1920 ingenuitas
3351 1868 3447 1904 uo-

252 1957 439 2009 xpumo;
466 1941 535 1993 Ἦ
562 1938 726 2010 δῆλον
748 1937 976 1991 αὐτόθεν
1003 1937 1165 2008 τάχα,
1195 1937 1300 1990 κᾶν
1321 1939 1484 2008 ἡμεῖς
1509 1938 1583 2009 μὴ
1594 1937 1766 2006 λέγω·

255 2030 509 2099 μιν,ὂτιτὺν
526 2029 653 2099 χοῦν
671 2031 877 2082 ἐκεῖνον
900 2028 957 2094 ἐξ
973 2021 1033 2081 οὗ
1051 2027 1347 2099 διεπλάσθη
1358 2039 1456 2099 μεν
1479 2029 1765 2101 πρότερον,

254 2124 317 2173 ιάὶ
364 2122 767 2192 ἀνεπλάσθημεν
799 2120 1064 2192 ιὓστερον,
1110 2122 1481 2192 ἀνερευνήσας
1507 2123 1536 2175 6
1556 2120 1769 2185 πλάσας

255 2214 371 2281 ἡμᾶς,
390 2214 446 2266 τὸ
472 2213 806 2283 ζητούμενον
836 2208 964 2285 εὗρε
990 2231 1005 2280 ;
1027 2213 1093 2266 Τί
1121 2213 1313 2278 causa;
1355 2213 1430 2266 T6
1449 2213 1548 2283 τῆς
1563 2213 1771 2274 εἰκόνος

264 2303 520 2374 ἀρχέτυπον,
543 2306 683 2376 ὅπερ
726 2304 1143 2376 συγκεχωμὲνον
1209 2304 1286 2358 ἴδε
1324 2308 1438 2368 τοῖς
1480 2304 1708 2360 πάθεσιν
1743 2300 1771 2359 '6

265 2396 339 2448 κατ’
356 2398 528 2451 οὐσίαν
548 2397 788 2469 ἀπαθής.
816 2398 920 2451 Τὸν
937 2396 1066 2467 χοῦν
1077 2392 1169 2450 τὸν
1189 2398 1246 2449 ὲν
1286 2378 1457 2467 Ἀδὰμ
1484 2398 1767 2468 ἀνερεύναζ

265 2492 304 2543 '0
327 2492 371 2546 δὲ
400 2493 525 2564 χοῦς
578 2494 638 2546 ἐν
676 2487 721 2560 ᾧ
745 2492 806 2546 τὸ
830 2491 1065 2564 ζητηθὲν
1097 2491 1318 2564 εὑρέθη,
1352 2492 1426 2562 γῆ
1458 2492 1555 2563 μὲν
1576 2488 1643 2565 ἦν
1673 2489 1768 2545 τοῦ

250 2583 483 2655 καθ’ήμᾶς
507 2586 875 2658 ὁμοιὸμορφος
911 2584 1182 2655 σώματος,
1222 2584 1422 2653 ἔχουσα
1467 2582 1648 2655 χώραν
1671 2582 1771 2653 τὴν

249 2675 533 2747 ῖπαρθενικὴν
563 2677 863 2747 ὑπεράγων
916 2675 1154 2746 μήτραν.
1194 2673 1414 2743 Ταύτην
1465 2674 1575 2742 γὰρ
1615 2665 1772 2743 εὗρεν

243 2764 440 2839 ἄρουραν
458 2771 485 2820 6
510 2766 819 2838 ζωαρχικδς
836 2765 992 2836 ὑμῶν
1018 2764 1243 2835 στάχυς,
1273 2765 1331 2817 ὲν
1356 2759 1390 2839 ᾖ
1416 2766 1623 2836 σπορᾶς
1643 2765 1771 2819 ἄνευ

238 2859 315 2910 καὶ
344 2859 608 2931 γεωργίας
659 2858 831 2928 χωρὶς
855 2897 870 2922 ,
911 2855 1159 2925 ἐκφύσας
1196 2854 1492 2925 ὑπερφυῶς
1546 2853 1776 2909 ἀνεϐλά-

235 2965 421 3020 στησεν.
480 2944 653 3014 Οὗτος
710 2952 740 3003 6
788 2947 955 3018 χοῦς·
1013 2942 1170 3011 οὗτος
1206 2949 1236 3000 6
1280 2946 1483 3016 στάχυς
1512 2962 1526 2976 ·
1554 2945 1713 2999 τοῦτο
1739 2948 1774 3016 ἡ

230 3038 362 3111 χώρα
379 3042 471 3110 τῆς
497 3041 626 3110 γῆς,
657 3041 717 3093 ὲν
741 3034 1183 3114 ᾔκαινοπρεπῶς
1210 3037 1654 3109 ἀνεπλάσθημεν,
1680 3037 1775 3091 καὶ

1869 1941 1984 1991 stra
2018 1935 2369 1992 delituisset?
2401 1938 2598 1997 Nonne
2649 1953 2713 1991 ex
2746 1938 2914 1994 dictis
2962 1940 3314 2009 perspicuum
3353 1942 3449 1996 ha-

1869 2025 2035 2091 betis,
2069 2028 2286 2083 tametsi
2313 2043 2425 2083 non
2450 2022 2706 2083 dica'm'us
2732 2028 2861 2098 ipsi,
2901 2036 2961 2083 ut
2987 2028 3196 2099 plastes
3230 2040 3447 2094 noster.
3512 2027 3520 2033 ’

1873 2118 2028 2172 illum
2061 2120 2367 2190 pulverem,
2398 2136 2463 2176 ex
2510 2116 2623 2191 quo
2656 2121 2813 2191 prius
2856 2120 3077 2175 formati
3111 2122 3340 2186 fuimus.
3382 2140 3450 2177 ac

1870 2210 2225 2276 pestmodum
2257 2208 2571 2276 reformati,
2599 2215 2881 2276 s‘crulans,
2923 2211 3069 2281 quod
3099 2213 3451 2282 quaerebatur

1872 2299 2192 2355 invenerit?
2223 2300 2367 2368 Quid
2397 2302 2574 2357 illud?
2623 2300 2828 2371 Utique
2856 2302 3113 2373 imaginis
3142 2305 3448 2375 exemplar,

1873 2392 2019 2462 quod
2056 2392 2194 2448 vidit
2249 2393 2604 2471 passionibus
2637 2394 2923 2453 obrutum.
2972 2395 3057 2451 his
3087 2397 3180 2465 qui
3229 2411 3324 2465 per
3354 2413 3451 2451 ua-

1876 2492 2051 2538 turam
2082 2485 2324 2560 abomui
2344 2487 2607 2543 immunis
2636 2488 2899 2557 passione
2929 2488 3060 2558 agit.
3087 2487 3452 2543 Scrutabatur

1874 2576 2029 2631 illum
2076 2578 2275 2633 Adami
2330 2581 2638 2648 pulverem.
2681 2576 2857 2635 Pdrro
2907 2581 3087 2650 pulvis
3111 2582 3225 2649 ille,
3254 2583 3309 2636 in
3340 2598 3449 2652 quo

1875 2664 2161 2722 inventum
2192 2675 2279 2723 est
2313 2669 2461 2738 quod
2497 2669 2879 2738 quaerebatur,
2911 2681 3061 2724 terra
3086 2671 3306 2740 quidem
3336 2686 3455 2727 erat

1875 2767 2067 2813 nostro
2126 2759 2331 2814 similis
2393 2760 2636 2829 corpori,
2687 2759 2848 2829 cujus
2911 2761 3108 2826 locus,
3165 2762 3455 2833 virginalis

1875 2850 2233 2906 sanctissima
2283 2852 2445 2905 vulva
2484 2860 2587 2907 est.
2642 2851 2801 2907 Hunc
2845 2852 2991 2908 enim
3024 2854 3235 2908 invenit
3261 2870 3451 2911 arvum

1879 2940 2091 2995 viviﬂca
2149 2950 2343 2997 uestra
2392 2943 2567 3012 spica,
2597 2943 2649 2997 in
2680 2951 2791 3014 quo
2819 2945 2935 2998 sine
2977 2956 3242 3009 semente,
3275 2946 3455 3000 ullave.

1878 3031 2121 3095 cultura,
2165 3034 2368 3088 eximia
2415 3037 2654 3104 'qu‘adam
2702 3035 2918 3090 ratione
2946 3051 3222 3093 enascens
3255 3038 3459 3108 genui-

227 3129 285 3180 δι’
311 3125 393 3201 ἧς,
420 3132 448 3184 6
476 3131 604 3203 χοῦς
639 3132 667 3184 6
699 3129 967 3201 ἡμέτερος
1005 3126 1576 3200 ἀναμορφωθεὶς,ιὲπὶ
1592 3127 1652 3179 τὸ
1683 3128 1777 3198 ἀρ-

1959 3122 2054 3176 vit.
2090 3121 2192 3178 Hic
2225 3124 2448 3192 pulvis:
2511 3126 2624 3179 haec
2653 3126 2846 3195 Spica;
2899 3125 3016 3181 lucc
3060 3134 3221 3183 terrm
3280 3129 3454 3200 regio,

213 3223 361 3289 ,χαῖον
391 3221 691 3294 ἐπανῆλθεν
719 3219 959 3290 ἀξίωμα.

288 3535 416 3601 Ἰδες
444 3526 545 3591 ὅσα
570 3518 671 3605 τῆς
690 3523 887 3605 ’Ᾱννης
914 3537 944 3589 6
969 3528 1190 3597 τοδὶετδς
1220 3528 1538 3603 ἐμπεριέχει
1571 3522 1781 3607 μυστήτ

223 3640 339 3695 pta'
367 3630 509 3693 ὅπως
544 3644 603 3681 τε
638 3623 718 3697 τῷ
747 3625 872 3680 καθ’
914 3624 1188 3697 ὑπεροχὴν
1241 3623 1504 3695 θαύματι,
1531 3614 1631 3695 τῆς
1659 3623 1781 3678 κατ’

221 3718 381 3789 αὐτὴν
441 3715 655 3784 ἐνδόξου
672 3716 1077 3780 κπαιδοποιίας,
1158 3716 1256 3778 τὰς
1299 3701 1493 3786 πρώην
1563 3712 1783 3786 στείρας

222 3808 679 3882 ὕπερηκόντισεη
728 3808 860 3873 οἵας
893 3824 951 3862 τε
983 3807 1262 3878 Παρθένος
1294 3809 1433 3878 κόρη
1472 3802 1782 3877 θεόόιλητος,

225 3901 257 3970 ἡ
300 3902 664 3974 ὓπεράμωμος
718 3902 857 3971 αὐτὴ
911 3900 1124 3971 Μαρία,
1183 3894 1480 3972 κυοφορίας
1532 3898 1783 3968 ἠξίωται.

226 3992 333 4046 Καὶ
359 3994 437 4058 τίς
476 3993 753 4063 γυναικῶν
781 3984 941 4063 ἄλλη,
964 3988 1226 4054 τοιούτοις
1256 3990 1351 4043 καὶ
1387 3988 1665 4052 τοσούτοις
1703 3989 1788 4070 ὲν-

227 4083 385 4152 δόξοις
411 4086 857 4158 ἀποθαυμάζεται
884 4084 1137 4149 mimo-rs;
1188 4082 1397 4137 Οὐκοῦν
1440 4082 1627 4151 ἐπειδὴ
1653 4080 1789 4152 πρὸς

227 4176 461 4229 τοσοῦτον
513 4172 648 4246 ὕψος
703 4164 1080 4247 ὕπεραρθῆναι
1129 4172 1418 4243 περιωπῆς
1460 4170 1489 4225 6
1523 4171 1789 4242 ἡμέτερος

144 4305 155 4317 .
231 4266 622 4337 ἀσθενεῖλόγος,
647 4268 742 4320 καὶ
760 4266 1095 4338 προσωτέρω
1112 4265 1308 4335 χωρεῖν
1332 4263 1432 4317 οὐκ
1454 4261 1593 4333 ἔχει,
1618 4260 1790 4332 μικρὰ

232 4356 362 4412 ἄττα
384 4360 446 4431 τῇ
467 4359 653 4430 Μητρὶ
671 4357 772 4429 τῆς
797 4358 972 4428 χαρᾶς
988 4352 1143 4419 αὖθις
1168 4354 1688 4425 ὲπιχαιρετίζοντες,
1716 4353 1791 4406 εί-

238 4463 433 4517 πωμιν.
448 4450 626 4503 Καλὸν
655 4448 764 4518 γὰρ
786 4448 951 4517 αὐτῇ,
969 4446 1031 4498 τὸ
1050 4445 1147 4514 τῆς
1162 4444 1341 4514 χαρᾶς
1370 4438 1791 4513 προσεπιλέγειν

232 4502 768 4611 ιπίξρθεγμαηΧαίρε,
795 4502 1211 4608 κεχᾶῥιτωμίένῆ
1237 4502 1790 4605 εχαῖρεβεδοξασμέ-
1826 4502 1867 4555 D

231 4646 296 4699 νη
311 4645 326 4659 ’
348 4635 524 4704 χαῖρε,
541 4630 835 4703 χαροποιδν
856 4630 956 4700 τῆς
972 4628 1191 4683 πάντων
1214 4643 1358 4698 σωτη
1368 4625 1488 4697 ρίας
1508 4623 1786 4696 ἀνάθημα.

236 4720 493 4795 Χαῖρε,τὺ
544 4718 780 4794 χρυσοῦν
834 4719 1052 4789 ἀληθῶς
1088 4718 1197 4774 τῶν
1226 4716 1433 4788 νοητῶν
1483 4716 1793 4787 ἀρωμάτων

240 4809 609 4885 θυμιατήριον,
656 4814 717 4865 ὲν
757 4804 804 4880 ᾧ
849 4811 912 4863 τὸ
951 4809 1136 4882 νοερὸν
1184 4808 1435 4878 θυμίαμα
1473 4804 1725 4860 συντεθὲν
1767 4808 1796 4858 6

234 4902 456 4975 Χριστὸς
486 4907 552 4960 ὲκ
572 4900 825 4976 θεότητὰς
852 4920 912 4956 τε
948 4902 1043 4956 καὶ
1090 4894 1529 4972 ἀνθρωπότητος,
1563 4899 1622 4951 ὲν
1661 4895 1796 4969 πυρὶ

235 4997 302 5068 τῇ
325 4995 549 5070 θεότητι,
576 4996 678 5068 τῆς
706 4993 1109 5067 ὲμψυχωμένης
1138 4990 1289 5061 αὐτῷ
1327 4991 1423 5044 καὶ
1457 4990 1645 5060 νοερᾶς
1662 5005 1800 5058 σαρ-

237 5085 328 5150 Ib;
352 5089 410 5144 τὺ
433 5088 655 5157 εὐῶδες,
721 5084 1082 5156 ἀσυγχύτως,
1141 5081 1474 5153 ἀμερίστως,
1514 5078 1762 5146 ὑπέδειξε
1782 5093 1796 5107 ·

238 5177 437 5250 χαίροις
477 5185 513 5253 ἡ
571 5179 991 5251 ἁχειρότευκτος
1035 5174 1236 5245 σκηνὴ,
1288 5174 1383 5226 καὶ
1433 5171 1762 5233 Θεότευκτος
1785 5208 1800 5232 ,

240 5272 316 5337 εἰς
338 5275 404 5347 ἢν
417 5274 561 5343 ἅπαξ
585 5273 681 5327 ἐπὶ
702 5261 987 5340 συντελείᾳ
1035 5266 1145 5320 τῶν
1180 5263 1394 5320 αἰώνων
1431 5264 1592 5335 μόνος
1617 5266 1645 5317 6
1668 5264 1802 5327 Θεὸς

240 5365 330 5417 καὶ
356 5367 567 5438 πρῶτος
581 5363 875 5438 ἀρχιερεὺς
904 5360 1272 5431 εἰσελήλυθεν,
1296 5355 1395 5428 τὴν
1419 5356 1561 5428 ὑπὲρ
1583 5356 1803 5410 πάντων

238 5454 294 5507 ἓν
317 5459 396 5511 σοὶ
421 5459 845 5531 κρυφιομύστως
866 5453 1244 5527 ἱερουργήσων
1269 5450 1530 5521 λατρείαν
1546 5465 1561 5480 ο
1594 5448 1656 5501 τὺ
1692 5448 1803 5502 τῶν

1879 3211 1938 3265 in
1975 3227 2085 3282 qua
2137 3224 2279 3267 nova
2332 3214 2571 3283 quadam
2629 3229 2695 3269 ac
2746 3215 2962 3269 decenti
3000 3218 3219 3271 ratione
3249 3217 3457 3273 fuimus

1882 3300 2202 3367 reformati;
2233 3317 2296 3357 ac
2324 3318 2422 3372 per
2447 3310 2611 3374 Quam
2665 3312 2857 3358 noster
2885 3304 3219 3361 reformatus
3250 3308 3453 3376 pulvis,

1882 3391 2166 3461 antiquam
2192 3391 2518 3461 dignitatem
2549 3394 2890 3461 postliminio
2920 3396 3148 3464 recepit.

1953 3516 2124 3580 Vides
2168 3541 2331 3596 quam
2372 3518 2546 3603 multa
2605 3529 2783 3584 Annae
2813 3536 3013 3598 partus
3059 3532 3459 3601 complectatur

1884 3617 2186 3686 mysteria?
2217 3627 2278 3672 ut
2334 3618 2631 3674 excellenti
2686 3619 2956 3674 miraculo
3002 3619 3166 3676 edita:
3217 3621 3287 3676 ab
3339 3622 3458 3691 ipsa

1885 3708 2143 3779 gloriosae
2196 3709 2395 3780 prolis,
2427 3711 2623 3765 Omnes
2671 3708 2804 3764 olim
2871 3711 3099 3767 steriles
3160 3728 3461 3782 superave-

1886 3800 2000 3854 rit?
2042 3799 2276 3867 Qualem
2337 3802 2466 3856 vero
2524 3803 2709 3871 puella
2768 3801 2956 3872 Virgo,
3000 3819 3028 3856 a
3058 3803 3171 3858 Deo
3204 3812 3460 3858 vocatqu

1886 3907 2111 3959 nomen,
2164 3908 2429 3964 perquam
2473 3895 2831 3949 immaculata
2865 3896 2980 3951 haec
3022 3894 3216 3959 Maria,
3252 3898 3461 3968 prolem

1887 3991 2047 4038 utero
2104 3986 2372 4039 meruerit
2431 3985 2760 4054 suscipere?
2802 3986 3064 4052 Qiizcnam
3122 3996 3305 4043 autem
3358 3990 3462 4044 alia

1890 4073 2108 4139 mulier,
2164 4067 2370 4131 talibus
2427 4083 2618 4146 totque
2680 4089 2922 4146 unquam
2968 4064 3158 4147 gloriae
3204 4079 3466 4151 insigniis

1892 4165 2319 4223 admirationem
2403 4168 2637 4223 habuit?
2695 4168 2999 4240 Postquam
3079 4186 3214 4242 ergo
3276 4184 3466 4228 nostra

1891 4259 2067 4314 oratio
2096 4258 2428 4314 imbecillior
2482 4270 2590 4326 est,
2631 4276 2795 4329 quam
2844 4270 2902 4314 ut
2929 4264 2995 4315 ad
3029 4270 3245 4318 tantum
3275 4266 3467 4319 consi—

1882 4349 2198 4405 derationis
2253 4351 2474 4405 culmen
2530 4351 2710 4405 attolli
2740 4363 2949 4422 queat,
3006 4368 3110 4407 nec
3150 4354 3314 4408 habet
3360 4371 3470 4424 quo

1895 4444 2125 4500 ulterius
2156 4443 2574 4513 progrediatur,
2618 4458 2795 4512 pauca
2846 4459 3043 4498 rursus
3077 4459 3240 4499 avere
3277 4445 3471 4513 iubens

1895 4545 1979 4590 tes
2032 4534 2218 4605 gaudii
2272 4533 2527 4597 Matrem,
2583 4549 2649 4588 ac
2695 4534 2904 4605 gaudio
2937 4535 3275 4601 salutantes,
3316 4536 3469 4593 dica-

1896 4640 2046 4681 mus.
2101 4624 2333 4680 Praestat
2393 4625 2540 4680 enim
2597 4633 2656 4678 ut
2713 4624 2898 4695 gaudii
2930 4626 2983 4681 ei
3014 4629 3471 4685 acclamationem

1896 4717 2170 4773 orationis
2223 4717 2443 4788 epilogo
2519 4716 2908 4774 adhibeamus.
2989 4718 3199 4786 Gaude,
3265 4737 3477 4794 achue

1898 4811 2145 4882 gratiosa
2175 4829 2188 4864 :
2222 4810 2423 4882 gaude,
2445 4810 2753 4881 glorificata
2778 4828 2794 4878 ;
2818 4812 3478 4881 gaude,salutisuniver-

1901 4916 2093 4960 sorum
2128 4902 2371 4975 gaudere
2426 4913 2701 4974 praestans
2751 4904 3070 4959 anathema.
3097 4903 3279 4972 Salve,
3311 4924 3477 4962 aurea

1901 5010 2030 5052 vere
2081 4994 2428 5065 spiritalium
2465 5002 2779 5049 aromatum
2830 5010 3047 5058 acerra,
3086 4996 3143 5051 in
3178 5013 3287 5066 qua
3313 4999 3479 5067 spiri-

1902 5088 2014 5143 tale
2062 5088 2369 5159 thymiama
2434 5085 2721 5152 Christus,
2782 5103 2850 5142 cx
2916 5087 3102 5142 divina
3150 5090 3359 5157 pariter
3415 5105 3480 5141 ac

1903 5181 2143 5237 humana
2205 5190 2405 5236 natura
2465 5181 2877 5252 compositum,
2952 5181 3005 5232 in
3071 5179 3222 5247 igne,
3254 5179 3478 5239 deitate.

1904 5274 2156 5344 inquam,
2188 5274 2443 5329 animatas
2464 5289 2578 5329 suae
2611 5288 2676 5328 ac
2721 5273 3006 5327 intellectu
3034 5271 3279 5341 prtedita:
3295 5273 3483 5327 carnis

1907 5361 2297 5433 fragrantiam,
2319 5362 2634 5426 inconfuse,
2654 5360 2892 5415 indivise
2909 5360 3484 5426 ostendit.Salve,uon

1911 5470 2075 5509 manu
2130 5453 2357 5519 factum,
2389 5469 2454 5510 ac
2491 5454 2695 5508 factum
2743 5467 2772 5505 a
2806 5451 2919 5507 Deo
2954 5452 3398 5515 tabernaculum,
3431 5455 3485 5508 in

240 5547 400 5616 ἀγίων
449 5552 702 5623 δεύτερον
762 5545 1191 5615 καταπέτασμα,
1250 5543 1310 5596 ἒν
1354 5534 1400 5610 ᾧ
1436 5541 1498 5594 τὸ
1541 5539 1777 5611 κοσμικὸ

1953 5547 2057 5601 uod
2111 5545 2279 5601 semel
2311 5545 2366 5599 in
2401 5543 2879 5600 consummatione
2932 5544 3287 5608 szeculorum,
3336 5545 3493 5601 solus

242 5639 565 5717 ίὶαστήριον,
618 5639 801 5698 καὶτὸ
846 5637 952 5692 τῶν
985 5634 1267 5708 Χερουϐὶμ
1312 5632 1614 5705 ὑπέρτιμον
1668 5635 1806 5688 ἁπο-

1915 5637 2059 5695 Deus
2083 5639 2144 5693 ac
2172 5638 2389 5707 primus
2440 5635 2696 5691 Pontifex
2748 5637 3041 5706 ingressus
3080 5643 3185 5701 est,
3223 5644 3280 5690 ut
3313 5638 3363 5693 in
3397 5646 3447 5694 lc
3471 5677 3487 5696 ,
