3776 6204
411 288 519 356 879

1563 289 1631 351 'S.
1671 281 2001 351 ANDREIE
2035 278 2460 350 CRETENSIS
3472 293 3554 354 880

410 415 572 459 sacra
605 412 671 455 ac
701 413 903 454 arcana
952 401 1189 467 ratione,
1242 413 1445 454 munus
1474 414 1697 454 sacrum
1739 416 1836 470 pro
1869 400 1992 455 uni-

2097 399 2364 469 σκιασμα,
2388 399 2500 468 amp
2532 396 2625 450 καὶ
2645 397 2802 451 αὑτὸν
2825 397 2913 451 τὸν
2930 397 3105 450 αὐτῶν
3133 396 3353 451 Moror"
3378 403 3558 474 mpm.

408 487 588 544 versis
610 485 828 551 obiret;
860 498 1182 542 sanctorum
1217 487 1450 542 alterum
1480 488 1757 554 velamen,
1791 490 1842 541 in
1879 502 1986 556 quo

408 576 693 632 mundiale
729 570 1208 646 plopitiatorium,
1237 592 1302 632 ac
1337 576 1600 647 praeclara
1633 578 1986 632 Cberuhinoo

407 681 531 721 rum
564 665 925 721 obumbratio
944 664 1274 736 k-1.quanlo
1287 669 1452 722 etiam
1481 668 1660 736 ipsum
1697 667 1985 738 adytorum

408 757 728 822 Dominum,
787 758 933 813 intra
973 769 1220 825 uterum,
1272 768 1498 830 gestans
1546 767 1704 814 utero
1737 758 1792 813 in
1844 758 1990 813 vela-

408 858 598 904 mento
620 849 889 919 operuisti
916 870 928 904 :
956 851 1347 905 candelabrum
1369 849 1778 922 ellychniorum
1806 863 1872 902 ac
1901 849 1989 902 lu-

409 955 708 995 cernarum
733 949 1004 1014 septem“,
1031 956 1224 1012 nempe
1241 943 1510 998 donorum
1527 949 1762 1011 septem,
1806 941 1861 996 in
1901 939 1988 994 iu-

411 1034 576 1088 soriis
617 1032 956 1087 illustratum
1011 1029 1258 1099 Spiritus
1295 1032 1506 1097 sancti;
1557 1031 1783 1085 lucerna
1831 1030 1989 1084 inex-

411 1120 773 1190 stinguibilis,
807 1118 1032 1172 luminis
1058 1119 1245 1172 omnia
1263 1119 1671 1184 collustrantis,
1694 1133 1857 1188 quam
1891 1118 1988 1172 alit

412 1211 644 1282 mystice
688 1209 872 1264 oleum
924 1210 1234 1266 unctionis.
1278 1209 1546 1278 Salvesis,
1584 1211 1763 1266 altare
1794 1212 1850 1265 in
1877 1225 1987 1282 quo

409 1305 603 1372 Agnus
663 1299 1182 1358 Cliristus.vivum
1257 1300 1600 1356 sacriﬁcium
1658 1300 1989 1371 spiritaliter

412 1392 670 1454 oll‘ertur,
700 1389 905 1445 divinae
938 1404 1132 1445 mensa
1185 1391 1550 1454 initiationis,
1597 1398 1836 1446 mentem
1867 1406 1986 1445 om-

411 1499 535 1539 nem
574 1482 893 1560 superantis
927 1476 1074 1536 sacri
1117 1482 1441 1546 ministerii,
1496 1497 1664 1552 super
1692 1497 1860 1553 quam
1896 1498 1991 1554 pa.

411 1579 498 1631 nis
549 1574 642 1629 ille
695 1573 944 1628 cmlestis
973 1572 1230 1628 Christus
1253 1611 1268 1637 ,
1329 1574 1522 1644 Agnus
1550 1574 1643 1630 ille
1673 1589 1774 1645 pro
1804 1575 1989 1630 omni-

411 1669 511 1724 bus
534 1677 803 1736 tanquam
855 1666 1039 1720 hostia
1091 1666 1432 1736 victimaque
1479 1668 1640 1721 vivus
1685 1675 1982 1732 mactatus,

2088 489 2234 541 ἔνδον
2255 489 2449 560 νηδύος
2473 489 2566 542 ἐπὶ
2631 491 3081 561 παραπετάσματι
3134 492 3476 557 συνεκάλυπτες
3496 490 3567 564 ιγ.

2086 583 2349 652 γάστριον
2402 578 2738 650 φέρουσα·ή
2795 581 3117 651 ἐπτάλυχνος
3160 582 3248 632 καὶ
3295 583 3570 648 mimum;

2086 671 2195 725 τῶν
2243 669 2383 723 ἑπτὰ
2439 672 2789 742 χαρισμάτων
2840 671 3049 741 λυχνία,
3101 671 3237 724 ἑπτὰ
3281 674 3573 745 ὲπαρυστρῖσι

2089 764 2619 832 καταστραπτομένη
2658 761 2752 814 τοῦ
2801 763 3136 831 Πνεύματος·
3166 764 3198 830 ἡ
3239 763 3576 829 ἀμτὰσὸιστος

2090 851 2349 923 θρυαλλὶς
2387 851 2480 904 τοῦ
2523 852 2702 921 φωτὸς
2733 851 2824 904 τοῦ
2853 852 3027 904 πάντα
3064 851 3395 920 φωτίσαντος,
3408 854 3463 924 ἦν
3490 858 3581 906 επι-

2088 945 2279 1015 τρέφει
2343 943 2621 1014 μυστικῶς
2680 943 2741 994 τὸ
2798 943 2895 1012 τῆς
2922 944 3146 1012 κρίσεως
3190 943 3373 996 ἔλαιον.
3406 945 3582 1015 Χαὶροις

2089 1037 2498 1107 θυσιαστήριον,
2560 1037 2618 1088 ἐν
2666 1028 2711 1105 ᾧ
2743 1036 3020 1106 μυστικῶς
3069 1036 3096 1088 ὁ
3134 1035 3315 1105 Ἀμνὸς
3341 1036 3395 1089 τὸ
3421 1035 3585 1108 ζωηρδν

2088 1127 2459 1198 όλοκάρπωμα
2484 1130 2724 1199 Χριστὸς
2755 1128 3118 1199 ἀναφέρεται·
3144 1132 3175 1198 ἠ
3205 1131 3470 1199 θεὸμυστος
3489 1133 3588 1201 τρά-

2090 1219 2233 1283 πεζα
2263 1221 2361 1288 τῆς
2395 1220 2537 1291 ὑπὲρ
2567 1220 2692 1273 νοῦν
2717 1220 3056 1291 ἱερουργίας,
3082 1222 3162 1289 ἐφ’
3186 1222 3247 1290 ἣν
3268 1220 3294 1272 ό
3325 1223 3377 1287 ἐξ
3397 1223 3592 1293 οὐρανῶν

2089 1311 2253 1380 ἄρτος
2289 1311 2546 1380 Χριστὸς,
2567 1311 2595 1363 ό
2629 1311 2772 1382 ὑπὲρ
2810 1312 3027 1365 πάντων
3041 1310 3225 1380 Ἀμνὸς
3239 1311 3305 1374 ὡς
3333 1311 3542 1379 θυμίαμα
3560 1311 3592 1340 ’⁸

2089 1399 2184 1454 καὶ
2218 1400 2414 1471 ἱερεῖον
2448 1398 2893 1470 ζωοθυτούμενον
2947 1398 3183 1464 τέθυται,
3210 1395 3473 1460 ζωοποιοῦν
3497 1397 3593 1458 τοὺς

2093 1489 2419 1559 μετέχοντας
2441 1504 2454 1518 ·
2495 1488 2556 1540 τὸ
2577 1489 2761 1558 πάσης
2790 1488 3002 1557 μύστου
3029 1487 3069 1517 ¹⁷
3091 1486 3326 1554 λατρείας
3347 1486 3593 1554 κειμήλιον,

2091 1581 2150 1634 ὲν
2181 1573 2226 1648 ᾧ
2253 1581 2386 1644 Θεὸς
2419 1581 2586 1652 σαρκὶ
2639 1581 3032 1648 σφαγιάζεται,
3068 1579 3158 1630 καὶ
3184 1578 3382 1644 ἁγιάζει
3409 1577 3470 1629 τὰ
3491 1576 3595 1646 otia-

2093 1687 2295 1735 παντα,
2344 1669 2442 1723 καὶ
2492 1669 2776 1740 μυστικῶς
2824 1667 3134 1737 ἀνθρώποις
3164 1666 3421 1736 ἐπιδημῶν
3451 1667 3596 1717 ἐνοικιι

410 1760 771 1813 immolatur:
822 1756 1115 1812 viviﬁcans
1155 1771 1352 1811 omnes
1414 1757 1513 1827 qui
1565 1758 1884 1828 percipiunt
1920 1773 1986 1813 ac

2089 1762 2264 1826 ζεται,
2304 1763 2399 1814 καὶ
2432 1736 2748 1832 μετέχεται,
2788 1762 2885 1814 καὶ
2909 1736 3160 1830 ἀνέχεται
3200 1759 3371 1828 χερσὶν
3399 1758 3611 1839 ἁμαρτωχ

408 1858 666 1912 sumunt;
719 1848 940 1918 mystici
1004 1850 1178 1903 totius
1247 1849 1433 1903 cultus
1507 1847 1810 1912 cimelium,
1873 1864 1985 1920 quo

408 1945 556 1996 Deus
617 1956 786 1995 carne
844 1947 1146 2005 mactatur,
1208 1953 1274 1994 ac
1329 1940 1586 1994 universa
1647 1941 1982 2009 sanctiﬁcat,

407 2033 756 2104 spiritalique
807 2034 1026 2088 ratione
1075 2046 1200 2086 cum
1256 2027 1574 2088 hominibus
1617 2047 1983 2097 conversaris,

409 2128 463 2180 in
492 2125 572 2180 eis
618 2125 916 2190 inhabitat,
975 2138 1040 2178 ac
1093 2124 1438 2195 percipitur,
1497 2126 1872 2196 sustinetque,
1926 2135 1986 2186 ut

406 2227 657 2273 versetur
703 2227 1060 2287 peccatorum
1123 2218 1419 2272 manibus:
1473 2225 1643 2288 atque
1697 2227 1756 2274 ut
1811 2219 1986 2276 labris

408 2309 572 2364 luteis
608 2310 998 2372 admoveatur,
1053 2314 1109 2362 et
1139 2307 1194 2361 in
1229 2314 1436 2362 nostrae
1475 2309 1664 2364 carnis
1703 2311 1984 2379 pulverem

407 2398 761 2464 refundalur,
825 2397 1188 2462 commistus,
1235 2413 1348 2454 non
1413 2403 1780 2470 vaporalione
1855 2415 1981 2456 eva-

407 2507 667 2548 nescens.
699 2490 744 2546 0
796 2491 1133 2547 ineffabilem
1165 2491 1642 2547 exiuanitionem!
1695 2494 1736 2546 0
1767 2494 1984 2547 bonita-

408 2587 543 2638 tem!
576 2583 803 2654 quando
857 2585 1020 2639 nobis
1081 2587 1198 2640 lucc
1231 2586 1377 2644 Deus
1440 2603 1538 2659 per
1587 2591 1984 2655 contribulem,

407 2689 474 2728 ac
516 2673 764 2742 ejusdem
805 2675 1025 2746 generis
1074 2675 1362 2741 feminam,
1417 2693 1585 2749 supra
1635 2692 1889 2734 naturam
1923 2695 1986 2735 ac

407 2769 639 2835 gratiam
676 2767 998 2822 concessit:
1036 2781 1135 2836 per
1192 2765 1480 2832 feminam,
1537 2771 1787 2840 inquam,
1824 2773 1986 2841 cujus

406 2859 578 2911 animi
623 2858 845 2928 quidem
895 2858 1066 2913 decor
1115 2876 1290 2930 usque
1323 2862 1463 2916 adeo
1490 2863 1822 2919 immensum
1857 2879 1986 2933 pro-

405 2950 575 3012 Vexit,
625 2957 685 3002 ut
737 2948 996 3004 Christus
1030 2950 1148 3019 ipse
1200 2952 1508 3008 immensus
1557 2954 1650 3007 ille
1702 2955 1892 3020 decor,
1930 2956 1984 3010 in

2086 1854 2192 1908 λῶν
2220 1852 2596 1907 ἀνελίττεσθαι
2614 1869 2630 1884 ⁸
2660 1852 2874 1922 χεὶλεσί
2895 1869 2957 1904 τε
3001 1850 3242 1922 πηλίνοις
3275 1848 3599 1919 προσάγεσθαι,

2087 1946 2182 2000 καὶ
2212 1945 2294 2009 εἰς
2325 1945 2418 1998 τὸν
2442 1942 2570 2014 χοῦν
2609 1946 2707 2016 τῆς
2759 1943 2970 2015 σαρκὸς
3005 1941 3161 2012 ἡμῶν
3190 1939 3492 2008 ἀνακεῖσθαι,
3513 1955 3602 2007 κιρ-

2096 2037 2362 2108 νώμενος,
2395 2037 2456 2090 ού
2511 2035 2931 2106 διαπνεόμενος.
2958 2035 3022 2088 Ὦ
3059 2034 3157 2104 τῆς
3193 2033 3447 2103 ἀφράστου
3479 2028 3602 2083 κενώ-

2087 2131 2258 2193 σεωςι
2291 2130 2356 2182 Ὦ
2388 2129 2487 2199 τῆς
2506 2129 2925 2200 χρηστότητοςῑ
2957 2131 3039 2183 ὅτι
3073 2127 3162 2181 διὰ
3179 2126 3420 2196 γυναικὸς
3445 2120 3601 2193 euecti-

2086 2225 2180 2276 λου
2202 2222 2400 2288 ταῦτα,
2422 2223 2518 2275 καὶ
2537 2221 2864 2291 συγγενοῦς,
2893 2222 3036 2293 ὑπὲρ
3061 2219 3221 2290 φύσιν
3246 2218 3336 2272 καὶ
3362 2216 3491 2270 θέσιν
3509 2213 3602 2276 Θεὸς

2085 2317 2220 2386 ἡμῖν
2275 2313 2604 2384 ἐχαρίσατοο
2674 2313 2965 2381 γυναικὸς,
3008 2307 3075 2386 ἦς
3125 2311 3189 2364 τὸ
3225 2310 3319 2380 μὲν
3355 2308 3444 2377 τῆς
3471 2305 3602 2376 ψυχῆς

2088 2406 2284 2469 κάλλος
2319 2403 2614 2475 ἁπειρᾶκις
2645 2404 2900 2475 ἀπείρως
2931 2407 3011 2468 εἰς
3044 2402 3228 2456 τοῦτον
3263 2397 3601 2470 tamenim;

2091 2498 2184 2550 καὶ
2201 2496 2435 2567 Χριστὸν
2493 2495 2658 2549 αὐτὸν
2706 2494 2770 2547 τὸ
2804 2496 3098 2566 ἀμήχανον
3141 2491 3330 2553 κάλλος
3362 2490 3433 2552 εἰς
3459 2485 3598 2538 ἐπιθυ·

2092 2592 2220 2661 μίαν
2241 2589 2336 2642 τοῦ
2372 2589 2580 2658 ταύτης
2621 2586 2858 2650 κάλλους
2913 2585 3113 2648 ἐλθεῖν,
3151 2584 3246 2637 καὶ
3286 2583 3379 2651 τὴν
3401 2579 3453 2645 ἐξ
3479 2575 3592 2642 αὐτῆς

2089 2679 2308 2734 ἑλέσθαι
2332 2679 2596 2749 δευτέραν
2627 2679 2910 2746 γέννησιν,
2959 2677 3057 2730 καὶ
3095 2672 3390 2743 ἀπατορξαν
3411 2671 3480 2700 ¹⁸ο
3505 2665 3598 2718 οὕτω

2087 2774 2260 2826 δὲκαὶ
2292 2771 2387 2825 τοῦ
2458 2771 2710 2840 σώματος
2755 2767 3048 2839 εὐπρεπὴς
3085 2769 3119 2835 ἡ
3163 2765 3497 2824 κατάστασις,
3540 2758 3602 2809 καὶ

2097 2866 2226 2936 πρὸς
2255 2863 2509 2917 τοσοῦτον
2527 2862 2906 2933 καθαρότητος
2933 2861 3235 2931 φθάνουσα,
3253 2859 3359 2927 ὅσῳ
3381 2854 3465 2908 καὶ
3482 2849 3602 2918 αὑτὴ,

2089 2956 2450 3031 χωρῆσαιτὴν
2472 2954 2764 3026 ἀσώματόν
2790 2971 2851 3006 τε
2879 2951 3358 3022 καὶὰπεριληπτον
3379 2947 3463 3018 τῆς
3485 2944 3604 3009 ὑπερ-

405 3041 529 3110 ejus
558 3039 781 3094 decoris
814 3039 1160 3095 desiderium
1217 3052 1380 3098 actus
1433 3044 1536 3108 sit,
1570 3045 1986 3116 secundamque

2089 3049 2274 3102 ουσίου
2320 3045 2536 3116 φύσεως
2595 3045 3002 3116 μεγαλειότητα
3022 3083 3038 3109 ,
3109 3044 3178 3097 δι’
3211 3042 3326 3105 ἐνὸς
3356 3039 3452 3093 τῶν
3482 3033 3604 3105 τριῶν

405 3145 471 3184 cx
505 3144 566 3183 ea
601 3131 945 3184 nativitatem
994 3133 1249 3200 elegerit,
1289 3147 1528 3204 eamque
1555 3135 1696 3190 adeo
1727 3137 1850 3192 sine
1880 3153 1985 3208 pa-t

407 3229 524 3274 tre:
558 3220 654 3276 sed
699 3231 753 3275 et
787 3229 1042 3292 corporis
1110 3226 1163 3278 in
1211 3233 1427 3278 tantum
1479 3227 1726 3284 formosa
1775 3233 2022 3300 species,

2093 3138 2265 3210 αὐτῆς
2288 3139 2658 3192 ὑποστάσεων.

2097 3242 2364 3302 tantaque
2423 3238 2694 3300 praestans
2773 3227 3049 3299 puritate,
3117 3233 3177 3280 ut
3229 3223 3397 3295 ipsam
3445 3229 3609 3288 quoque,

408 3318 814 3386 iucorpoream,
857 3331 920 3371 ac
947 3318 1577 3389 iucomprchensihilem
1614 3326 2106 3393 supercsscntialis
2177 3336 2392 3380 natura:
2442 3323 2830 3393 majestatem,
2892 3337 2996 3391 per
3037 3335 3204 3375 unam
3278 3317 3430 3372 trium
3483 3309 3605 3382 ipsius

408 3420 779 3477 personarum
813 3420 1019 3476 capere
1052 3408 1297 3464 licuerit.

477 3495 604 3550 llaec
636 3494 806 3549 Maria
842 3495 934 3552 Dei
970 3498 1221 3554 Genitrix
1251 3508 1359 3568 est,
1393 3517 1690 3558 commune
1719 3504 1992 3561 Christia-

407 3599 602 3638 norum
634 3585 883 3639 omnium
953 3587 1308 3660 perfugium;
1359 3589 1539 3662 prima
1587 3593 1750 3663 primi
1806 3595 1990 3664 lapsus

406 3677 709 3747 primorum
758 3685 1048 3745 parentum
1109 3681 1424 3750 reparatio;
1485 3683 1661 3738 vitiati
1702 3683 1990 3737 hominum

405 3767 626 3839 generis
659 3767 724 3820 ad
757 3769 1141 3839 tranquillum,
1173 3786 1237 3826 ac
1263 3773 1398 3828 vitio
1423 3783 1729 3844 expertem,
1762 3773 1989 3829 immor-

407 3860 680 3927 talemque
725 3867 929 3912 statum
963 3862 1285 3926 revocatio;
1321 3862 1554 3930 mystice
1608 3863 1740 3916 olim
1777 3863 1994 3922 ,adum-

405 3947 561 4002 brata
589 3948 708 4002 rubi
736 3948 916 4018 Moysi
951 3949 1095 4004 visio
1133 3959 1197 4017 τις
1232 3949 1513 4007 Gedeonis
1540 3953 1721 4009 vellus
1757 3960 1808 4020 °,
1843 3953 1994 4025 quod

408 4038 501 4091 ille
528 4034 778 4106 symbolo
810 4036 1184 4090 liumectatum
1220 4053 1250 4093 e
1291 4039 1432 4095 cmlo
1464 4041 1591 4096 exili
1637 4043 1820 4114 pluvia
1873 4045 1997 4100 sine

407 4127 641 4196 strepitu
675 4125 888 4193 videns,
921 4129 1068 4198 quod
1091 4131 1392 4200 gerebatur
1423 4133 1477 4188 in
1510 4135 1839 4188 miraculum
1865 4149 1993 4190 ver-

406 4227 551 4284 tens,
579 4231 645 4272 ac
667 4217 906 4287 pluviam
938 4220 1249 4292 insignum,
1273 4236 1481 4280 certam
1506 4227 1584 4282 rei
1613 4226 1986 4295 conjecturam

405 4309 679 4366 sacriﬁcio
700 4309 830 4366 fecit
863 4330 876 4366 :
907 4311 1098 4370 divino
1120 4330 1288 4386 opere
1311 4317 1459 4372 varia
1478 4317 1702 4374 Davidis
1723 4333 1987 4388 purpura,

2155 3498 2306 3569 Αὕτη
2333 3497 2482 3551 ἐστὶν
2505 3497 2538 3567 ἡ
2561 3496 2823 3558 Θεοτόκος
2844 3496 3064 3568 Μαρια,
3105 3499 3168 3552 τὺ
3192 3497 3365 3552 κοινὸν
3411 3496 3608 3550 ἁπάντων

2085 3594 2193 3648 τῶν
2214 3591 2563 3665 Χριστιανῶν
2603 3590 2976 3660 καταφύγιον·
3006 3594 3045 3663 ἡ
3099 3591 3287 3665 πρώτη
3331 3591 3414 3646 τοῦ
3442 3588 3607 3662 πρώτου

2087 3685 2382 3757 πτώματος
2443 3683 2554 3737 τῶν
2603 3683 2887 3754 προγόνων
2925 3684 3234 3756 ἀνάκλησις
3259 3703 3273 3716 ·
3311 3683 3482 3756 ήπρὸς
3504 3679 3608 3733 ἁπά-

2089 3778 2241 3832 θειαν
2255 3777 2348 3831 τοῦ
2383 3775 2716 3839 πεπονθότος
2747 3773 2942 3844 γένους
2982 3776 3366 3841 ἐπάνοδοςο,τὺ
3397 3775 3516 3828 κατὰ
3535 3771 3606 3840 τὴν

2090 3868 2256 3941 βάτον
2291 3867 2534 3933 Μωσέως
2561 3867 2847 3940 πρόπαλαι
2869 3869 3155 3938 μυστικῶς
3175 3866 3607 3938 σκιογραφούμενον

2085 3962 2268 4031 ὅραμα
2293 3977 2306 3991 ’
2346 3961 2374 4012 ό
2403 3961 2567 4024 πόκος
2603 3958 2701 4014 τοῦ
2742 3959 2975 4024 Γεδεὼν,
3000 3960 3062 4016 ὃν
3096 3963 3304 4026 ἐκεῖνος
3329 3953 3606 4031 συμϐολικῶς

2085 4050 2401 4105 νοτισθέντα
2428 4052 2551 4114 ταῖς
2594 4051 2654 4119 ἐξ
2678 4049 2915 4122 ούρανοῦ
2946 4051 3187 4123 ψεκάσιν
3214 4050 3439 4122 ἀψοφητὶ
3459 4043 3606 4100 Beasti-

2089 4161 2273 4216 μενος,
2323 4144 2405 4208 εἰς
2455 4143 2640 4215 θαῦμα
2672 4143 2882 4215 τρέψας
2916 4145 2978 4198 τὸ
3021 4145 3233 4218 δρᾶμα,
3271 4145 3356 4197 τὸν
3395 4137 3524 4194 ὑετὸν
3550 4136 3608 4194 εἰς

2085 4238 2334 4307 σημεῖον,
2371 4233 2450 4305 τῷ
2475 4235 2661 4307 ἱερείῳ
2692 4239 3182 4308 συνετεκμήρατο·
3225 4239 3257 4308 ἡ
3304 4229 3605 4290 θεοποίκιλτος

2083 4327 2178 4380 τοῦ
2201 4326 2365 4381 Δαὸὶδ
2376 4327 2505 4380 ἀλου
2515 4327 2659 4397 ργὶς,
2673 4327 2784 4398 ﬁfth
2801 4327 2898 4398 τῆς
2915 4327 3124 4400 σαρκὸς
3142 4329 3345 4399 πρόσλη
3351 4341 3474 4397 μμα,
3485 4318 3605 4374 οἱονεὶ

404 4413 746 4477 assumptam
807 4423 1032 4464 carnem
1077 4426 1342 4482 purpura:
1393 4412 1568 4467 instar
1619 4411 1732 4468 Deo
1765 4413 1982 4470 Davidis

2089 4433 2270 4489 πορφυ
2281 4418 2400 4488 ρῖδα
2419 4417 2500 4487 τῷ
2519 4417 2639 4488 Θεῷ
2658 4417 2755 4471 τοῦ
2774 4419 2941 4473 Δαὸὶδ
2965 4421 3306 4492 σαρκωθέντι
3325 4416 3602 4492 προσάεαστ

403 4500 699 4555 incarnato
739 4502 1037 4558 tribuens:
1071 4504 1313 4560 thronus
1348 4502 1719 4572 Cherubicus,
1756 4521 1986 4576 praemav

2089 4515 2109 4566 ό
2141 4510 2476 4583 Χερουϐικὺς
2509 4510 2719 4581 θρόνος,
2764 4514 2794 4566 ό
2834 4513 3259 4586 ὑπερμεγέθης,
3285 4517 3313 4569 ό
3343 4506 3601 4583 πύρινοςνδ

403 4607 546 4663 gnus
573 4593 686 4657 ille,
723 4593 937 4664 igneus,
973 4595 1253 4660 sublimis,
1282 4611 1406 4666 quae
1449 4596 1653 4668 Regem
1691 4595 1983 4652 Dominum

2089 4603 2392 4674 μετέωρος,
2440 4602 2531 4655 τον
2579 4603 2816 4658 Βασιλέα
2878 4605 3087 4677 Κύριον
3111 4606 3333 4663 Σαϐαὼθ
3373 4601 3603 4673 ὲγκόλπιον

405 4682 646 4738 Sabaoth
662 4686 782 4739 sinu
800 4695 980 4756 gestet
999 4698 1025 4737 Ρ
1047 4705 1060 4743 :
1086 4705 1150 4744 su
1158 4689 1449 4759 perlimina
1459 4688 1835 4746 rccwlestium
1853 4689 1919 4742 ad
1928 4705 1985 4760 y-

403 4783 606 4840 torum,
638 4777 729 4829 ubi
765 4779 1057 4848 Serapbim
1107 4781 1213 4837 alis
1245 4790 1415 4848 tecta,
1462 4796 1571 4853 qua
1618 4780 1838 4846 faciem,
1880 4796 1984 4850 qua

403 4865 588 4934 pedes,
615 4866 848 4935 aliisque
882 4872 1145 4936 volantia,
1174 4889 1434 4944 magnum
1469 4873 1607 4929 illud
1641 4889 1706 4928 ac
1732 4873 1978 4929 terribile

400 4956 682 5012 canticum
714 4961 912 5014 stantlo
929 4961 1193 5028 clamant,
1219 4964 1369 5032 quod
1395 4965 1763 5036 importabilis
1791 4965 1979 5035 gloria:

398 5055 684 5119 aspectum
721 5063 827 5104 nou
863 5048 1060 5105 ferant.
1117 5051 1400 5108 leorum
1440 5064 1624 5125 porta,
1681 5068 1779 5124 per
1811 5068 1976 5122 quam

398 5143 554 5198 solus
585 5142 844 5197 transivit
881 5144 1152 5199 cmlorum
1192 5143 1461 5203 Dominus
1488 5158 1516 5198 ει
1549 5187 1563 5210 ,
1592 5145 1798 5201 nemini
1847 5153 1980 5200 ante

399 5245 592 5306 postve
658 5238 905 5309 pervium
968 5239 1284 5295 concedens
1353 5240 1702 5311 ingressum.
1742 5237 1976 5304 Lzetare,

2082 4692 2360 4764 φέρουσα’
2406 4691 2469 4745 τὸ
2518 4692 2831 4766 ὑπέρθυρον
2880 4698 2990 4749 τῶν
3034 4698 3092 4750 ἐν
3148 4699 3390 4768 οὐρανοῖς
3421 4691 3600 4747 ἀδύτων.

2081 4777 2144 4838 οὗ
2168 4783 2238 4837 τὰ
2259 4785 2325 4836 Σε
2337 4785 2515 4856 ραφὶμ
2542 4786 2787 4854 εἱστήκει
2823 4789 3246 4858 συνεπτυγμένα
3267 4788 3380 4849 ταῖς
3399 4777 3597 4852 πτέρυξι·

2083 4880 2202 4942 ταῖς
2234 4879 2332 4949 μὲν
2363 4878 2463 4944 τὰς
2524 4880 2698 4948 Nam,
2751 4884 2874 4945 ταῖς
2927 4883 2985 4936 δὲ
3037 4885 3168 4947 τοὺς
3220 4883 3399 4943 πόδας,
3435 4869 3598 4936 ταῐςδι

2087 4972 2384 5042 ἱπτάμενα,
2417 4971 2562 5043 μέγα
2597 4971 2840 5044 κέκραγε
2870 4974 2961 5027 τὸν
2997 4974 3226 5045 φοϐερὸν
3244 4973 3433 5027 ἐκεῖνον
3453 4967 3597 5035 ὕμνον.

2083 5065 2183 5138 τῆς
2207 5063 2476 5118 ἀστέκτου
2511 5063 2669 5133 δόξης
2717 5064 2818 5133 τὴν
2873 5064 3003 5118 θέαν
3035 5067 3096 5118 οὐ
3131 5065 3378 5135 φέροντα.
3412 5057 3468 5110 Ἦ
3491 5050 3597 5117 πύλη

2086 5153 2195 5207 τῶν
2223 5152 2495 5224 οὐρανῶν,
2524 5153 2591 5206 δι’
2623 5149 2692 5226 ἦς
2719 5157 2882 5224 μόνος
2904 5154 2934 5206 ό
2973 5155 3083 5208 τῶν
3117 5151 3356 5225 οὐρανῶν
3377 5142 3594 5236 Δεσπότης
3635 5210 3651 5236 δ

2084 5243 2362 5310 διώδευσε,
2439 5244 2632 5316 μηδενὶ
2690 5244 2808 5315 μετ’
2859 5245 3022 5299 αὑτὸν
3061 5247 3094 5316 ἢ
3139 5245 3245 5316 πρὸ
3268 5239 3418 5299 αὐτοῦ
3467 5231 3595 5306 ﬁmi"

443 5389 706 5449 kJih-br.
750 5411 824 5463 ix,
880 5395 1090 5468 lscqq.
1191 5395 1575 5467 mZacli.w,2.
1688 5399 1912 5455 nExod.
1957 5417 2040 5468 in,
2079 5399 2134 5455 3.
2245 5408 2272 5438 ο
2308 5399 2490 5456 Judic.
2549 5415 2624 5468 γι,
2672 5401 2762 5456 58.
2879 5413 2906 5453 r
2942 5401 3048 5460 lsa.
3103 5417 3176 5468 vr,
3215 5401 3268 5458 6.
3372 5407 3396 5450 Ἰ
3429 5377 3600 5449 Bacch-3

410 5480 550 5540 XLIV,
579 5471 632 5527 2.

1191 5395 1575 5467 mZacli.w,2.
1688 5399 1912 5455 nExod.
1957 5417 2040 5468 in,
2079 5399 2134 5455 3.
2245 5408 2272 5438 ο
2308 5399 2490 5456 Judic.
2549 5415 2624 5468 γι,
2672 5401 2762 5456 58.
2879 5413 2906 5453 r
2942 5401 3048 5460 lsa.
3103 5417 3176 5471 vr,
3215 5401 3268 5458 6.

1672 5572 1905 5629 VARLE
1947 5573 2356 5636 LECTIONES.

469 5675 515 5719 υ
711 5683 892 5740 αὐτῶν
917 5685 1142 5742 ἀδύτων.
1235 5691 1278 5723 ⁸⁸
1312 5691 1444 5763 Leg.
1482 5689 1649 5761 θύμα.
1732 5692 1776 5726 ¹⁷
1797 5690 1925 5763 Leg.
1955 5694 2244 5762 μυστικοῦ.
2328 5696 2372 5729 ¹⁸
2413 5695 2553 5752 Maz.
2587 5697 2892 5770 εύπάτορα.
