3776 6204
172 319 254 382 885

1152 318 1236 378 IN
1258 318 2048 391 ANNUNTIATIONEMIB.
2088 323 2377 390 MARI/E‘.

3293 317 3399 382 886

175 427 421 500 φρόσυνον,
462 423 558 478 τοῦ
593 424 648 479 δὲ
692 425 882 494 γένους
925 425 1247 500 ἀνόρθωσις.
1285 429 1497 483 Οὐκοῦν
1543 431 1718 501 χαρᾶς

1872 449 1953 487 ua:
2007 449 2138 489 vero
2187 432 2479 502 ejusmodi
2507 445 2571 485 ac
2605 439 2812 507 quanta
2877 429 3190 484 festivitas?
3229 429 3398 486 Plane

174 518 425 588 εὐαγγέλια
454 519 696 588 σήμερον
721 534 734 549 ν
765 515 901 570 Θεοῦ
930 518 1347 590 φιλανθρωπίας
1375 521 1669 592 μηνύματα
1694 540 1708 554 ο

175 607 474 678 παγκοσμίου
511 605 792 676 σωτηρίας
820 607 1162 676 χαρμόσυνα.
1203 608 1395 674 Πόθεν,
1427 611 1523 662 καὶ
1561 609 1713 680 παρὰ

173 704 301 766 τίνος,
324 701 410 753 καὶ
433 700 574 770 πρὸς
600 699 722 752 τίνα
747 697 952 769 ἥκοντα
974 716 989 764 ;
1015 698 1076 764 ὲξ
1095 700 1354 770 οὐρανοῦ,
1387 703 1484 754 καλ⁵
1509 720 1527 754 ι
1561 702 1713 773 παρά

171 791 298 858 Θεοῦ,
325 793 413 845 καὶ
443 791 582 862 πρὸς
621 791 895 861 παρθένον
942 795 1439 865 μεμνηστευμένην
1469 795 1642 864 ἀνδρί.
1687 814 1706 847 ι

171 887 287 956 Τίςή
308 882 603 954 παρθένοςς
629 883 725 947 Τίς
745 883 774 935 ὁ
791 884 961 954 ἀνήρ;
983 884 1104 938 τίνα
1122 885 1179 937 δὲ
1204 886 1416 950 τούτοις
1435 886 1676 956 ὀνόματα
1694 905 1708 953 ;

171 975 230 1045 Τῇ
251 975 357 1045 μὲν,
377 975 571 1042 Μαρία
597 989 612 1002 ο
645 971 722 1043 τῷ
749 973 824 1034 δὲ,
873 974 1117 1044 Ἰωσήφ.
1146 974 1474 1047 Ἀμφότεροι
1494 975 1550 1028 δὲ
1572 970 1713 1046 ἦσαν

175 1069 265 1120 ιίκ
290 1065 469 1134 γένους
498 1066 689 1121 Δαϐίδ.
729 1086 746 1118 ι
794 1067 953 1130 Τίνος
982 1068 1155 1123 ταῦτα
1190 1069 1587 1136 διακονοῦντος,
1617 1074 1712 1126 καὶ

169 1159 266 1212 ὅθεν
291 1158 542 1227 ἧκοντος;
585 1158 683 1210 τοῦ
729 1159 1075 1229 ἀρχαγγέλου
1107 1161 1350 1234 Γαϐριὴλ
1392 1164 1450 1228 ἐξ
1484 1163 1710 1232 ὑψίστου

171 1249 526 1313 ἀποσταλέντος
586 1253 670 1312 είς
726 1253 1008 1306 διακονίαν
1055 1252 1150 1306 τοῦ
1209 1254 1506 1325 θαύματος.
1563 1256 1712 1309 Ἔδει

172 1342 259 1412 γὰρ
285 1340 368 1394 τοῦ
415 1339 675 1410 Ὑψίστου
719 1343 809 1394 τὸν
848 1342 1186 1415 λειτουργὸν,
1227 1349 1292 1400 ἐκ
1332 1348 1441 1402 τῶν
1472 1347 1712 1418 ὑψίστων

175 1435 247 1486 ἐπὶ
295 1433 387 1502 γῆς
444 1435 835 1499 καταπτάντα,
885 1437 1192 1507 παράδοξον
1242 1439 1334 1492 ἐπὶ
1390 1440 1712 1510 παραδόξοις

175 1527 261 1587 τοῖς
299 1525 575 1594 πράγμασι
637 1527 991 1598 διακοσμίσαι
1063 1533 1384 1602 μυστήριον.
1462 1534 1528 1586 Τί
1587 1532 1712 1586 τοῦο

176 1633 262 1684 το;
315 1618 399 1670 τοῦ
464 1616 669 1689 Κυρίου
752 1621 1200 1689 συγκατάϐασιν,
1271 1625 1382 1696 τὴν,
1472 1627 1711 1700 ἄρρητον

176 1708 254 1778 τῆς
300 1709 416 1781 περὶ
483 1711 635 1780 ἡμᾶς
680 1713 992 1784 οἰκονομίας
1047 1717 1393 1787 φανέρωσιν,
1448 1701 1547 1792 τὴν
1614 1718 1710 1770 ἀπ’

1810 525 1984 579 totius
2054 533 2328 579 creaturae
2397 523 2616 586 latitia,
2671 538 2737 577 ac
2790 521 3006 592 generis
3058 523 3396 577 emendatio.

1813 613 1955 670 S‘unt
1975 631 2110 686 ergo
2154 617 2353 672 faustae
2381 615 2544 670 hodie
2570 615 2983 682 nuntiatioues,
3011 613 3211 667 divinae
3245 616 3396 668 belli--

1811 709 2038 778 gnitatis
2065 707 2556 777 propensiorisque
2601 707 2657 760 in
2697 707 2979 760 hominum
3016 721 3193 777 genus
3226 707 3394 760 studii

1811 799 2269 868 significationes,
2308 799 2498 852 mundi
2553 798 2722 852 totius
2756 798 2954 853 salutis
2988 797 3127 851 festa
3173 799 3397 866 gaudia.

1813 888 2100 944 Undenam
2129 903 2282 952 vero,
2317 896 2428 943 et-a
2455 900 2565 956 quo
2615 885 2705 939 illa
2757 887 3008 949 veniunt,
3042 893 3097 938 et
3129 883 3196 937 ad
3238 898 3396 952 quem

1811 979 2164 1051 diriguntur?
2188 979 2461 1034 Nimirum
2492 979 2686 1035 ecmln
2735 987 2900 1048 atque
2941 995 2960 1028 ι
3000 992 3028 1030 a
3058 978 3202 1042 Deo,
3244 986 3298 1032 et
3330 978 3394 1030 ad
3436 1046 3440 1054 ί

1813 1073 2079 1143 virginem
2149 1073 2542 1141 desponsatam
2605 1071 2727 1124 viro
2759 1081 2805 1124 ⁸.
2846 1088 2863 1121 ι
2918 1069 3054 1136 Qua:
3086 1070 3178 1122 illa
3208 1069 3396 1138 virgo?

1812 1163 1951 1230 Quis
1993 1165 2085 1220 ille
2117 1165 2237 1218 vir?
2288 1163 2491 1230 Quaeve
2532 1165 2690 1218 hisce
2722 1160 2984 1216 nomina?
3021 1159 3099 1214 Illi
3149 1161 3395 1229 quidem.

1813 1255 2045 1323 Maria;
2103 1255 2232 1308 huic
2282 1270 2434 1317 vero,
2478 1252 2694 1322 Ioseph.
2745 1254 2824 1306 Ac
2867 1259 3028 1306 erant
3051 1251 3216 1304 ambo
3255 1269 3273 1300 ι
3329 1266 3395 1304 ex

1813 1349 1986 1418 stirpe
2013 1346 2206 1402 David.
2245 1365 2264 1398 ι
2298 1344 2548 1412 Quonam
2582 1344 2698 1405 haec
2743 1349 3092 1412 peraguntur
3121 1341 3395 1399 ministro.

1811 1447 1865 1493 et
1895 1438 2039 1492 unde
2071 1438 2117 1491 is
2143 1437 2332 1491 venit?
2358 1434 2658 1501 Nimirum,
2690 1434 3026 1503 archangelo
3047 1431 3304 1487 Cabriele
3339 1431 3390 1483 in

1813 1527 2104 1598 stupenda:
2137 1527 2215 1582 rei
2277 1527 2655 1580 ministerium
2717 1523 2786 1578 de
2835 1523 3126 1578 altissimis
3197 1521 3392 1575 misso.

1813 1618 2217 1674 Decebatenim
2261 1617 2575 1676 ministrum
2611 1615 2904 1678 Altissitni,
2937 1612 3007 1666 de
3027 1612 3311 1672 altiss'tnis
3343 1611 3395 1662 in

1812 1721 2016 1766 terram
2049 1711 2414 1774 devolantem,
2441 1709 2751 1764 inauditum
2800 1706 2957 1768 illud,
2989 1713 3155 1774 atque
3181 1705 3265 1758 sui
3299 1705 3393 1757 ad-

177 1798 332 1862 ιίῶνος
367 1778 794 1874 ’κεκαλυμμένην
847 1778 948 1873 τῆς
1007 1778 1158 1870 θείας
1189 1778 1201 1787 ’
1233 1778 1426 1876 βουλῆς
1455 1778 1549 1862 κάὶ
1583 1825 1711 1880 προ-

1872 1805 2108 1860 iratione
2135 1820 2225 1859 res
2256 1802 2612 1857 admirandas
2643 1809 2876 1855 cunctas
2903 1799 3067 1868 longe
3091 1811 3391 1865 superans,

176 1887 383 1953 γνώσεως
417 1888 648 1959 ἐκφασιν
693 1893 789 1946 καὶ
827 1893 1142 1962 βεϐαίωσιν.
1167 1897 1331 1949 Ἀλλᾶ
1371 1897 1474 1950 ποῦ
1508 1898 1707 1964 ταῦτα,

177 1980 249 2031 καὶ
271 1979 402 2044 πότε,
429 1981 521 2037 καὶ
553 1977 686 2043 δτου
713 1984 907 2052 χάριν;
944 2003 962 2035 ι
1005 1985 1098 2048 Εἰς
1141 1987 1392 2054 Ναζαρὲτ
1429 1988 1580 2040 πόλιν
1612 1991 1713 2058 τῆς

177 2066 435 2132 Γαλιλαίας,
460 2069 540 2140 τῷ
571 2071 703 2140 μηνὶ
732 2072 810 2142 τῷ
831 2074 995 2145 ἕκτῳ,
1027 2076 1148 2129 καθ’
1181 2077 1241 2128 ὃν
1295 2079 1552 2147 Ἰωάννης
1583 2095 1710 2131 σον-

177 2158 378 2228 ιίληπτο,
435 2179 454 2211 ι
504 2160 593 2214 ἵνα
625 2163 716 2216 τὸν
764 2165 1060 2236 ἐρχόμενον
1113 2169 1324 2239 κηρύξῃ
1365 2171 1710 2242 ἑγγάστριον.

188 2247 310 2300 Ὅθεν
347 2251 373 2302 ό
418 2250 660 2323 Γαϐριὴλ
686 2255 822 2324 πρὸς
864 2257 962 2325 τὴν
1007 2259 1248 2324 ἐπίγειον
1295 2261 1562 2323 παστάδα,
1607 2262 1715 2314 τῶν

203 2336 388 2406 αθερίων
427 2344 715 2407 καταπτὰς
755 2346 1040 2416 ὑπερῴων,
1081 2348 1283 2417 ἐπέστη
1320 2353 1386 2420 τῇ
1433 2351 1712 2422 Ναζαρὲτ,

197 2430 324 2501 ποιτῇ
367 2433 630 2505 Παρθένῳ
667 2438 1002 2506 προσελθὼν,
1038 2442 1138 2510 τῆς
1180 2443 1463 2510 ἀφράστου
1508 2447 1715 2498 οίκονο--

189 2519 282 2589 μίας
312 2524 544 2595 ἀψοφητὶ
583 2527 902 2597 διηκόνειτὸ
945 2532 1190 2602 μήνυμα.
1243 2533 1413 2587 Τοῦτο
1443 2536 1542 2606 τῆς
1581 2537 1715 2607 πρὸς

184 2612 456 2682 ἀνθρώπους
497 2619 648 2682 θείας
695 2621 1042 2691 καταλλαγῆς
1083 2626 1143 2676 τὸ
1183 2628 1502 2698 μυστήριον.
1547 2627 1719 2682 Τοῦτο

181 2711 580 2780 πανηγυρίζομεν
616 2713 878 2784 σήμερον,
917 2715 1015 2785 τὴν
1057 2717 1150 2769 τοῦ
1183 2719 1319 2772 Θεοῦ
1354 2721 1488 2790 πρὸς
1512 2720 1722 2798 ἀνθρώ-

179 2812 287 2860 πους
312 2803 622 2870 συνάφεια-ι,
655 2805 751 2875 τὴν
779 2805 872 2858 τοῦ
918 2808 1344 2880 προσλήμματος
1378 2811 1593 2878 θέωσιν,
1625 2815 1722 2886 τὴν

178 2888 253 2958 τῆς
271 2891 466 2957 εἰκόνος
501 2895 662 2966 ἡμῶν
697 2898 1086 2968 ἀναμόρςωσιν
1105 2941 1118 2962 ,
1159 2904 1257 2960 τὴν
1284 2905 1361 2966 είς
1392 2904 1452 2957 τὸ
1477 2909 1725 2973 κρεῖττον

175 2979 458 3049 ἀλλοίωσιν,
493 2986 594 3055 τὴν
623 2989 705 3050 είς
749 2990 1016 3060 οὐρανοὺς
1062 2993 1270 3061 iiii/motu
1305 2996 1396 3047 καὶ
1436 2997 1722 3052 ἀνάϐασιν.

1811 1897 2059 1972 perferre
2112 1899 2541 1949 sacramentum.
2603 1889 2894 1956 Quodnam
2951 1887 3126 1941 illud?
3177 1888 3300 1953 Quo
3335 1901 3393 1941 se

1823 1991 1984 2044 nobis
2020 1987 2290 2043 Dominus
2315 1981 2608 2038 inclinavit
2644 1999 2657 2035 :
2707 1994 2970 2034 arcanam
3003 1979 3154 2031 illam
3192 1979 3393 2032 divina:

1815 2085 1868 2143 in
1893 2099 1992 2138 nos
2021 2078 2450 2150 dispensationis
2476 2073 2980 2130 tuauil'cstationcnt
3007 2072 3026 2140 (
3049 2073 3117 2126 44
3136 2071 3153 2140 )
3171 2112 3186 2136 ,
3221 2072 3390 2124 divini

1816 2173 2028 2231 consilii
2045 2186 2108 2224 ae
2126 2166 2488 2240 prtescientim
2505 2163 2780 2219 occultam
2799 2179 2829 2216 a
2849 2161 3052 2218 szeculo
3071 2159 3395 2215 declaratio-

1815 2280 1937 2318 nem
1964 2278 2026 2316 ac
2059 2259 2549 2315 conﬁrmationem.
2571 2255 2674 2311 Ubi
2701 2265 2884 2310 autem
2905 2255 3041 2316 haec,
3065 2261 3119 2307 et
3147 2253 3389 2322 quando,

1815 2371 1878 2410 ac
1925 2355 2085 2424 cujus
2119 2351 2333 2422 gratia?
2372 2368 2390 2400 ι
2429 2348 2487 2401 ln
2525 2345 2797 2400 Nazareth
2856 2344 3080 2400 civitate
3130 2342 3389 2407 Galilazze,

1816 2461 2007 2501 mense
2065 2452 2224 2499 εοχιο
2255 2457 2283 2494 3
2315 2445 2585 2509 concepto
2642 2435 2892 2502 .Ιοοηηθ;
2933 2453 2951 2486 1
2996 2442 3056 2487 lli.
3092 2441 3391 2488 venturum

1818 2544 1870 2596 in
1922 2549 2078 2594 utero
2111 2537 2472 2592 exslstentem
2528 2532 2880 2603 praedicaret.
2925 2530 3115 2599 Itaque
3166 2527 3392 2583 Gabriel

1815 2633 1882 2686 ab
1945 2627 2264 2685 ccelestibus
2295 2624 2362 2680 ad
2411 2634 2689 2679 terrenum
2729 2621 3041 2678 cubiculum
3108 2619 3392 2682 devolans,

1815 2720 2132 2792 supervenit
2148 2717 2439 2780 Nazareth,
2461 2715 2841 2784 accedensque
2871 2714 2938 2768 ad
2961 2712 3256 2782 Virginem,
3282 2711 3396 2765 inec

1817 2813 2117 2872 narrabilis
2132 2809 2573 2882 dispensationis
2592 2808 2812 2870 nuntio,
2846 2820 2945 2875 pro
2978 2805 3062 2860 sui
3097 2802 3394 2857 ministerii

1821 2905 2067 2968 ratione,
2103 2901 2227 2957 sine
2276 2897 2510 2968 strepitu
2543 2894 2844 2951 defunctus
2872 2901 2977 2949 est.
3006 2892 3117 2948 lloc
3147 2892 3279 2946 illud
3312 2900 3398 2947 est

1821 2998 2024 3052 divinae
2052 3009 2180 3049 cum
2213 2990 2536 3048 hominibus
2572 2987 3048 3043 reconciliationis
3078 2999 3396 3040 sacramen-

174 3081 285 3128 tum.
327 3073 435 3130 Hoc
467 3077 600 3132 illud
635 3087 716 3133 est
747 3079 948 3134 divina:
973 3098 1098 3135 cum
1149 3083 1466 3139 hominibus
1502 3089 1977 3144 reconciliationis
2011 3089 2436 3141 sacramentum.
2467 3077 2581 3132 Hoc
2613 3077 2774 3140 illud,
2815 3075 2966 3146 quod
3010 3075 3172 3130 festis
3232 3074 3398 3128 hodie

178 3168 371 3234 gaudiis
397 3171 633 3227 colimus
665 3191 679 3227 :
715 3175 828 3238 Dei,
861 3177 1108 3245 inquam.
1139 3193 1261 3229 cum
1291 3179 1609 3238 horninibus
1630 3184 1973 3246 amnitatem,
2002 3187 2298 3248 assumpta:
2328 3186 2540 3230 natura:
2570 3171 2977 3227 deilicationem
3011 3169 3398 3239 (‘4‘),nostrte

173 3256 405 3329 imaginis
456 3262 938 3326 rel'ormaionem,
1010 3267 1443 3326 dentatatiouem
1491 3273 1546 3326 in
1611 3275 1827 3337 melius,
1891 3271 2282 3324 exaltationem
2319 3267 2372 3319 in
2423 3264 2596 3318 caelos
2641 3277 2702 3315 ac
2735 3260 3140 3314 ascensionem.

223 3353 316 3405 Διά
345 3353 500 3407 τοῦτο
528 3358 669 3428 χαρᾷ
706 3360 886 3428 χαίρει
927 3359 990 3413 τὰ
1025 3363 1314 3430 σύμπαντα
1339 3365 1721 3434 σήμερον,-καὶ

1899 3364 2244 3432 Quapmptcr
2283 3365 2483 3411 cuncta
2531 3353 2695 3408 hodie
2755 3343 2960 3422 pariter
2993 3351 3236 3422 gaudent
3266 3367 3400 3421 gau-

171 3445 300 3496 πᾶσα
328 3445 434 3498 τῶν
477 3447 861 3517 ὑπερκοσμίων
909 3450 1192 3520 δυνάμεων
1222 3454 1255 3521 ἡ
1295 3453 1460 3523 νοητὴ
1498 3452 1720 3506 διακόσ-

172 3551 337 3601 μησις,
392 3540 511 3599 ταῖς
540 3537 719 3613 θείαις
748 3540 872 3609 περὶ
899 3541 1044 3609 ἡμᾶς
1065 3539 1432 3608 καταλλαγαίς
1457 3542 1721 3594 ἐπισπένο

167 3625 315 3678 δεταί.
351 3627 508 3679 Φίλον
555 3627 664 3698 γὰρ
709 3630 899 3694 αὑταῖς
939 3631 1076 3700 πρὸς
1112 3631 1242 3683 Θεὸν
1290 3632 1448 3702 ἡμῶν
1487 3634 1724 3703 ἐπανόρ-

167 3711 325 3782 θωμα,
383 3718 526 3787 καὶὴ
555 3717 690 3794 πρὸς
725 3719 824 3786 τὴν
865 3722 1073 3787 ἀμείνω
1118 3721 1454 3776 κατάστασιν
1499 3725 1726 3794 πρόοδος

169 3804 249 3856 καὶ
269 3806 548 3869 ἀνάϐασις.
586 3809 696 3860 Καὶ
734 3811 839 3878 γάρ
871 3813 975 3863 εἰσι
1017 3811 1137 3863 λίαν
1173 3813 1474 3882 συμπαθεῖς
1515 3816 1608 3868 καὶ
1640 3833 1725 3884 φι-

168 3892 488 3966 λάνθρωποι,
517 3900 613 3961 ἅτε
650 3919 668 3950 ι
708 3903 786 3962 εἰς
821 3900 1096 3954 διακονίαν
1129 3904 1592 3974 ἀποστελλόμεναι
1616 3908 1726 3959 τῶν

177 3984 466 4054 μελλόντων,
480 3989 834 4060 κληρονομεῖν
866 3992 1157 4064 σωτηρίαν.
1190 4013 1208 4046 ι
1236 3994 1536 4066 Τοιγαροῦν
1560 3994 1729 4063 ἀγαλ-

178 4073 357 4133 λιάσθω
405 4082 474 4134 τὰ
507 4081 799 4152 σύμπαντα
839 4083 1113 4154 σήμερον,
1151 4087 1244 4140 καὶ
1295 4087 1328 4156 ἠ
1363 4086 1524 4155 φύσις
1568 4101 1728 4154 σκιρυ

178 4166 319 4223 τάτω.
357 4172 417 4224 '0
448 4173 682 4243 οὐρανὸς
707 4172 813 4244 γὰρ
836 4173 1192 4242 ὲξανοίγεται,
1219 4177 1252 4247 ή
1276 4178 1346 4248 γῆ
1373 4177 1464 4230 τὸν
1495 4177 1731 4246 Βασιλέα

181 4257 254 4311 τοῦ
282 4263 479 4326 παντὸς
503 4263 726 4332 ἀφανῶς
766 4265 1103 4336 ὑποδέχεται.
1146 4255 1398 4338 Ναζαρὲτ
1430 4267 1526 4338 τὴν
1569 4267 1730 4338 Ἑόὲμ

186 4355 489 4426 μιμουμένη,
511 4357 605 4409 τὸν
633 4357 734 4426 τῆς
779 4357 890 4411 Ἐδὲ
900 4377 938 4428 μ
974 4361 1279 4432 φυτουργὸν
1305 4357 1723 4430 ὲγκολπάζεται.

193 4438 240 4494 ’0
259 4445 440 4518 Πατὴρ
471 4445 579 4500 τῶν
600 4449 924 4520 οἰκτιρμῶν.
942 4451 1040 4520 τὴν
1067 4450 1416 4521 ἀνθρωπίνην
1448 4451 1728 4521 ἐσχατιὰν,

184 4532 246 4606 τῷ
279 4539 422 4609 μόνῳ
471 4540 638 4603 πόνος
683 4540 744 4605 ἐξ
775 4542 940 4596 αὐτοῦ
983 4544 1298 4614 γεννηθέντι
1328 4542 1690 4616 μνηστεύεται
1713 4560 1725 4573 ο

239 4693 258 4721 ⁸
298 4694 431 4752 Luc.
466 4694 629 4766 1,26,
658 4695 748 4751 ετ.

1823 3453 1938 3513 dio,
1975 3465 2039 3504 ac
2097 3447 2343 3502 universi
2397 3445 2708 3500 ctelestium
2771 3441 3042 3496 virtutum
3117 3441 3400 3515 spiritales

1822 3540 2064 3602 ordines,
2102 3537 2193 3589 Det
2228 3535 2294 3588 ad
2328 3548 2430 3588 nos
2466 3532 2843 3586 conciliationi
2879 3540 2932 3586 et.
2985 3530 3092 3606 ipsi
3119 3531 3398 3586 conciliati

1823 3625 2233 3697 accedunt(45).
2254 3621 2674 3678 Jucundissima
2698 3619 2841 3676 enim
2863 3621 2996 3698 ipsis
3015 3630 3099 3676 est
3123 3629 3314 3677 nostra
3333 3626 3398 3676 ,ιιΙ

1826 3723 1992 3775 Deum
2029 3732 2152 3773 cum
2213 3713 2602 3770 emendatione
2658 3713 2927 3778 reversio,
2961 3713 3400 3785 progressioqnc

1828 3813 1892 3868 ad
1937 3811 2214 3864 meliorem
2253 3813 2453 3863 statum
2480 3815 2649 3876 atque
2681 3806 2988 3885 provectio.
3006 3805 3176 3860 Valde
3200 3808 3403 3882 quippe

1832 3901 2220 3958 misericordes
2272 3908 2426 3962 sunt,
2485 3898 2951 3979 propensiorique
2981 3898 3172 3953 studio
3205 3899 3260 3951 in
3303 3900 3402 3951 lm-

1832 3995 2042 4049 miuum
2065 4009 2261 4063 genus,
2295 3993 2444 4048 velut
2472 4009 2490 4042 ι
2522 3990 2678 4046 missi
2711 3991 2764 4044 in
2789 4005 2978 4045 eorum
3009 3991 3402 4054 ministerium,

1832 4087 1926 4158 qui
1979 4095 2107 4142 sunt
2163 4084 2338 4138 futuri
2375 4083 2623 4139 hazredes
2673 4083 2894 4139 salutis.
2932 4103 2952 4136 ι
2979 4082 3178 4138 Cuncti
3216 4083 3404 4152 itaque

1831 4180 1950 4249 pari
1996 4179 2276 4232 exsultent
2317 4177 2537 4247 gaudio.
2580 4191 2644 4230 ac
2691 4176 2854 4230 saliat
2914 4185 3135 4232 natura.
3193 4175 3407 4246 Quippe

1833 4269 2032 4323 omium
2071 4275 2242 4320 totum
2276 4266 2554 4334 panditur,
2579 4273 2724 4320 terra
2753 4260 2990 4320 universi
3025 4264 3224 4336 llegctn
3251 4263 3407 4319 clan-

1833 4361 2020 4415 culum
2076 4357 2361 4426 suscipit:
2412 4355 2669 4421 Nazaret,
2732 4355 2896 4410 Edem
2949 4356 3096 4410 illam
3167 4354 3404 4418 imitata,

1836 4453 2014 4522 ipsum
2040 4451 2134 4520 qui
2166 4448 2328 4502 Edem
2351 4446 2625 4517 plantavit
2659 4447 2781 4500 sinu
2811 4445 3220 4520 complectitur.
3245 4443 3407 4498 Pater

1837 4544 1931 4600 ille
1964 4537 2492 4602 misericordiarum,
2535 4535 2834 4604 solusipse
2869 4533 2968 4588 soli
3003 4541 3130 4587 nato
3160 4547 3226 4588 ex
3262 4531 3407 4604 ipso,

1455 4828 1844 4886 COMBEFISII
1885 4827 2120 4884 NOTAE.

190 4947 444 5004 insolubili
505 4927 724 5005 vinculo
778 4948 1059 5012 devinxit,
1121 4957 1177 5003 ut
1217 4956 1390 5004 totum
1444 4951 1497 5004 in
1550 4951 1731 5017 seipso
1765 4950 2332 5020 Dfestarioneirt,ctc.

190 5029 338 5085 gestet
366 5022 670 5080 hominem,
707 5027 880 5073 totum
915 5020 1247 5081 salvaturus,
1285 5029 1344 5074 ut
1387 5020 1574 5075 Patres
1612 5020 1733 5072 ubi-

190 5104 274 5159 que
299 5090 569 5159 adversus
596 5090 1022 5156 Apollinarium,
1055 5099 1188 5153 etc.,
1227 5091 1454 5159 ipseque
1488 5091 1736 5144 Andreas

192 5157 316 5228 θεοί.
348 5161 416 5213 de
442 5158 718 5228 Transﬁg.
768 5161 1043 5225 lnterpres
1090 5159 1228 5212 cwlo
1251 5157 1389 5213 'toto
1425 5159 1690 5213 abcrrans
1721 5176 1733 5210 :

190 5223 547 5292 Plenissignam
608 5223 1054 5298 coinquinationis
1123 5236 1318 5282 nostra:
1382 5230 1739 5297 expiatiOJzem

187 5299 522 5351 concelebrat.
1169 5356 1172 5358 _
1497 5309 1504 5314 ’

245 5368 353 5435 (44)
393 5368 661 5431 Arcanam
691 5368 882 5421 divina:
908 5368 962 5421 in
997 5383 1090 5422 nos
1116 5365 1528 5435 dispensationis
1565 5369 1740 5420 mani-

187 5436 533 5499 !estationem.
576 5439 690 5506 Τὴν
741 5439 978 5508 ἄρρητον
1031 5437 1360 5508 φανέρωσις).
1409 5437 1618 5491 Scitum
1653 5453 1742 5492 sa-

186 5510 441 5563 cramenti
486 5507 882 5562 incarnatioms
917 5508 1067 5561 velut
1102 5507 1424 5576 epithetum,
1447 5515 1520 5575 _ut
1560 5514 1613 5561 et
1651 5523 1741 5562 se-

189 5591 374 5648 quens,
403 5580 505 5648 τὴν
535 5577 961 5646 κεκαλυμμένην
987 5578 1223 5648 ἔμφασιν
1240 5576 1501 5648 '__lud_cnte
1525 5576 1741 5632 Andrca

191 5645 242 5698 in
284 5644 578 5712 antithesi;
628 5644 804 5716 quare
836 5644 1030 5701 minus
1069 5644 1192 5714 apte
1249 5644 1536 5716 llopperus
1595 5648 1742 5702 velut

196 5718 483 5788 corrigens,
522 5715 670 5772 illius
736 5716 1057 5772 incredibilis
1100 5715 1511 5788 dispensationis
1565 5719 1736 5773 mani~

1906 5019 2038 5088 (μί’)
2080 5019 2421 5088 Assumpjam
2466 5025 2672 5088 natura:
2716 5015 3128 5086 dei/irationem.
3172 5016 3284 5086 Τὴν
3316 5018 3408 5069 τοῦ

1837 5084 2516 5161 προσλῆμματοςθέωσιν.
2555 5084 2738 5140 Potest
2773 5084 2885 5161 tutu
2935 5089 3107 5155 ipsam
3143 5088 3195 5137 itt
3229 5084 3408 5154 Seipsa

1838 5157 2115 5216 individue
2134 5167 2470 5226 assumptatn
2491 5164 2740 5209 naturam
2771 5157 2999 5215 referre,
3021 5164 3136 5226 tum
3157 5161 3407 5226 naturam

1840 5231 2291 5296 univcrse;qu:n
2319 5223 2377 5296 et
2421 5228 2559 5294 ipsa,
2593 5229 2648 5296 in
2681 5227 2800 5296 suis
2834 5226 2941 5277 illis
2979 5223 3266 5296 primitiis,
3307 5239 3410 5278 sun

1841 5301 2022 5354 modo,
2045 5293 2331 5367 assumpta
2362 5293 2484 5360 fuit,
2523 5310 2584 5347 ac
2621 5295 2838 5367 deitatis
2871 5296 3151 5346 consortio
3182 5293 3405 5354 donata.

1849 5369 2066 5435 Hopper
2086 5405 2100 5427 ,
2131 5363 2427 5436 adoptionis
2463 5375 2658 5436 nostra:
2691 5363 3022 5436 dignitatem.

1919 5432 2027 5507 (1:3)
2079 5436 2173 5491 Dei
2211 5432 2278 5490 (id
2330 5453 2423 5507 nos
2471 5435 2854 5507 conciliationi,
2909 5441 2958 5486 et
2995 5432 3092 5507 ipsi
3141 5435 3411 5507 conciliati

1845 5502 2122 5563 accedunt.
2157 5508 2290 5570 Ταῖς
2321 5505 2490 5566 θείαις
2525 5506 2655 5572 περὶ
2695 5503 2842 5572 ἡμᾶς
2885 5502 3254 5569 καταλλαγαῐς
3287 5505 3408 5555 ἐπι-

1847 5580 2153 5633 σπένδεται.
2190 5577 2348 5632 Velut
2393 5589 2498 5627 una
2536 5573 2726 5644 libant,
2759 5587 2824 5626 ac
2863 5589 2920 5627 se
2955 5575 3007 5626 in
3044 5574 3231 5629 eadem
3261 5577 3413 5644 pacis

1845 5649 2051 5704 Hedera
2121 5646 2414 5704 convenire
2490 5643 2820 5711 ostendunt,
2894 5644 3052 5716 plane
3119 5643 3412 5716 elegantis-

1844 5735 2003 5781 511113.
