3776 6204
176 338 254 405 989
758 339 839 404 IN
872 342 1530 405 CIRCUMCISIONEM
1560 344 1835 406 DOMINI
1872 348 1966 411 ET
2006 351 2089 412 ΙΝ
2127 352 2185 413 S.
2229 352 2621 416 BASILIUM.

3273 360 3379 425 930

235 451 370 507 Ἀλλᾶ
416 453 516 507 σὺν
552 452 731 517 αὐτοῖς
774 458 885 518 τοῖς
932 454 1097 520 θείοις
1136 457 1468 522 ἐπαινέταις,
1524 459 1694 529 πάτερ

1875 463 2191 532 Enimvero,
2239 465 2404 522 Basili
2461 477 2640 538 pater,
2686 470 2782 540 qui
2833 484 2956 526 cum
2993 470 3129 542 ipsis
3172 471 3379 532 divinis

174 544 393 608 Βασίλειε,
424 543 481 596 ἐν
503 545 863 615 πατριαρχῶν
899 546 1288 601 ωναπολαῦων
1309 552 1534 621 σκηναῖς
1567 551 1702 603 ἀπο·

171 633 333 686 στόλων
361 648 421 685 τε
463 632 564 685 καὶ
600 633 893 703 προφητῶν
935 636 1385 705 μυσταγωγίαις,
1430 638 1526 691 καὶ
1562 656 1703 709 μαρ-

168 722 310 789 alpth
334 722 751 793 στεῳηφορίαις,
792 723 886 777 καί⁹
944 724 1195 795 μοναχῶν
1235 726 1496 796 χορείαις,
1543 727 1702 782 θείων

164 831 207 868 τε
233 813 489 885 ἱεραρχῶν
520 813 613 868 καὶ
644 813 861 868 πάντων
897 813 1121 869 δικαίων
1162 817 1609 889 ἀγαθοτρυφίαις,
1633 820 1703 875 τὰ

163 906 273 975 ὑπὲρ
291 906 446 975 ημῶν
490 907 782 977 μνήσθητι,
825 909 1241 980 συνεπαγείρων
1278 911 1357 974 είς
1401 912 1702 983 πρεσσείαν

163 997 333 1061 πάντας
363 997 702 1068 ὀμοσκήνους
751 1015 869 1063 σου,
908 999 1004 1052 τιῦ
1038 999 1428 1056 καθικετεῦσαι
1470 1003 1700 1058 πάντοτε

163 1089 260 1159 μὲν,
286 1088 370 1141 καὶ
399 1088 496 1141 νῦν
526 1088 583 1142 δὲ
614 1089 707 1144 τὸν
740 1090 917 1143 κοινὸν
951 1092 1229 1161 Δεσπότην
1255 1092 1396 1163 ὑπὲρ
1428 1095 1529 1165 τῆς
1562 1097 1701 1150 πάν-

158 1194 244 1228 των
283 1177 551 1247 σωτηρίας
575 1178 955 1247 Χριστιανῶνσ
997 1180 1218 1250 βασιλέα
1256 1184 1600 1253 καταρτίζων
1641 1186 1701 1238 ὲν

161 1267 437 1339 δικαιοσύνῃ
491 1270 585 1322 καὶ
631 1269 947 1338 θεοσεῦεία,
980 1271 1046 1326 ἶν’
1090 1272 1204 1344 ἔχοι
1242 1274 1378 1328 Θεὸν
1411 1275 1701 1348 σύμμαχον

157 1360 294 1412 αὑτοῦ
327 1364 435 1424 τοίς
464 1361 701 1433 νοήμασι
723 1401 740 1427 ,
769 1361 861 1416 τὸν
893 1364 1174 1436 ἁδιάδοχον
1205 1365 1454 1436 βασιλέα,
1482 1368 1615 1440 παρ’
1639 1366 1699 1425 οὗ

158 1452 439 1517 δεσπόζεται
486 1452 733 1506 ἀνωθεν·
789 1454 1055 1526 ἄρχοντάς
1092 1473 1153 1508 τε
1193 1457 1286 1513 καὶ
1321 1458 1601 1530 ἡγεμόνας
1643 1461 1701 1515 ὲν

159 1542 375 1615 εὐσεϐείᾳ
399 1543 638 1598 διέποιτο
673 1545 969 1615 ὑπηκόους,
1003 1548 1221 1620 στρατῷ
1250 1552 1696 1623 συμμαχόμενος,

159 1633 234 1686 καὶ
256 1632 336 1687 τὸν
379 1634 565 1688 λοιπὸν
607 1637 737 1697 λαὸν
783 1639 841 1691 ὲν
872 1638 1098 1711 ὁμονοίᾳ
1136 1642 1203 1712 τῇ
1245 1641 1383 1712 πρὸς
1419 1643 1518 1713 τὴν
1547 1643 1699 1697 θείαν

158 1725 328 1791 πίστιν,
343 1727 435 1781 καὶ
454 1729 520 1798 τῇ
538 1729 675 1798 πρὸς
688 1728 949 1800 ἀλλήλους
964 1731 1152 1819 εἰρήνῃ
1171 1731 1480 1802 διακρατῶν
1497 1750 1510 1764 °
1529 1735 1698 1809 χρίων

1805 554 2151 622 praeconibus
2177 555 2617 625 patriarcharum
2669 559 2947 616 delicicris
2976 562 3374 632 tabernaculis,

1803 645 2296 716 apostolornmque
2345 659 2400 703 et
2451 651 2849 720 prophetarum
2899 654 3079 711 sacris
3110 656 3377 714 initiatio-

1802 735 1988 801 nibus,
2031 745 2449 809 martyrumque
2478 743 2725 809 coronis,
2761 754 2814 799 et
2854 745 3038 802 choris
3073 750 3374 805 monacho-

1803 841 1947 891 rum,
2005 827 2430 899 divinorumque
2504 834 2825 902 praesulum,
2899 843 3065 906 atque
3126 839 3375 895 omnium

1797 916 2076 987 jnstorum
2133 920 2540 990 voluptatibus,
2574 925 2752 979 nostri
2805 927 3135 995 recordare,
3183 944 3376 987 omnes

1803 1008 1999 1062 iisdem
2049 1017 2228 1065 tecum
2285 1012 2658 1068 tabernaculis
2708 1029 3080 1086 congregans,
3133 1028 3192 1074 ut
3227 1036 3376 1077 sem-

1784 1110 1899 1166 ,pcr
1945 1111 2011 1151 ac
2069 1098 2232 1153 modo
2277 1099 2333 1153 in
2378 1102 2598 1170 primis,
2651 1105 2933 1159 communi
2988 1106 3215 1162 Domino
3275 1124 3376 1177 pro

1802 1189 1980 1243 salute
2050 1190 2492 1245 Christianorum
2581 1193 2967 1248 universorum
3020 1198 3372 1267 supplicent:

1802 1279 2189 1347 imperatorem
2224 1282 2280 1336 in
2317 1282 2531 1350 iustitia
2562 1290 2617 1337 et
2647 1282 2907 1353 religiosa
2951 1285 3159 1353 pietate
3185 1287 3373 1357 dispo-

1802 1380 1979 1431 nens,
2034 1374 2092 1422 ut
2148 1369 2314 1424 Deum
2374 1369 2594 1437 habeat,
2671 1371 3058 1441 imperatorem
3114 1376 3267 1429 illum
3320 1386 3375 1432 et

1802 1473 2019 1529 regem,
2056 1459 2144 1515 cui
2189 1461 2375 1516 nullus
2418 1462 2687 1529 succedit,
2724 1478 2753 1516 a
2788 1478 2898 1533 quo
2953 1467 3093 1520 coelo
3141 1469 3372 1537 regitur,

1799 1548 1919 1618 ejus
1977 1550 2284 1620 adjutorem
2342 1553 2619 1617 consiliis,
2657 1554 3046 1626 principesque
3092 1573 3156 1612 ac
3201 1559 3375 1617 duces

1800 1644 1853 1692 et
1879 1637 2161 1708 subjectos
2197 1641 2398 1711 pietate
2426 1652 2623 1712 regat;
2674 1647 2940 1700 exercitui
2972 1650 3271 1714 auxilians,
3309 1666 3373 1705 ac

1798 1727 2062 1798 populum
2118 1731 2395 1802 reliquum
2449 1732 2503 1788 in
2541 1733 2729 1789 divina
2764 1739 3093 1793 concordem
3152 1742 3276 1806 lide,
3308 1760 3373 1798 ac

155 1818 398 1889 ἀρχιερεῖς
430 1820 488 1872 ὲν
522 1818 794 1891 θεολογίᾳ,
827 1820 1007 1885 καλῶς
1032 1808 1306 1895 κυϐερνᾷ-ι
1340 1823 1437 1895 τὴν
1464 1808 1537 1879 ὲκ
1560 1825 1694 1880 Θεοῦ

1801 1834 1935 1888 pace
1964 1828 2153 1877 mutua
2188 1824 2512 1881 continens:
2549 1842 2763 1897 ungens
2792 1830 3079 1898 pontiﬁces
3114 1830 3166 1885 in
3222 1833 3377 1887 llteo-

156 1909 229 1958 καὶ
252 1907 393 1976 παρά
455 1906 551 1960 σοῦ
619 1908 803 1976 σοφῶς
846 1908 1309 1981 πεπαιδευμένην,
1356 1912 1454 1966 καὶ¹
1516 1915 1700 1981 αὐτοῖς

153 1997 570 2067 ἐμπιστευθεῖσαν
634 1999 979 2071 Ἐκκλησίαν.
1051 2001 1241 2073 Ἰερείς
1315 2004 1375 2057 ὲν
1438 2004 1697 2079 εὐλαϐείᾳ

153 2087 408 2158 διατηρῶν,
439 2090 589 2153 ὅπως
614 2089 923 2161 θεαρέστως
962 2089 1227 2162 βιοῦντες,
1275 2095 1372 2149 καὶ
1406 2096 1498 2150 τὸν
1528 2096 1697 2168 ῦμνον

154 2178 353 2245 imitat;
376 2179 455 2248 τῷ
490 2197 549 2233 σε
588 2180 705 2236 νυνί
731 2197 792 2234 τε
832 2181 1261 2255 προσλαϐομένῳ
1301 2185 1398 2241 καὶ
1439 2187 1695 2257 στέψαντι

163 2274 230 2322 ταὶ
274 2271 433 2324 παντὶ
494 2271 573 2343 τῷ
624 2271 803 2344 πιστῷ
860 2273 1019 2345 δήμῳ
1083 2276 1358 2348 περιφανῆ
1413 2279 1649 2346 δείξαντι
1678 2321 1693 2349 ,

172 2363 369 2431 malva,
401 2363 495 2417 καὶ
526 2364 591 2436 δὴ
628 2364 933 2436 πλέξωμεν.
981 2368 1078 2431 Ὃς
1103 2367 1171 2421 δι’
1203 2371 1350 2441 ημᾶς
1377 2371 1696 2444 ὲπτώχευσε

166 2452 367 2519 dating
393 2453 493 2520 ὢν,
533 2458 598 2508 ἐκ
627 2456 864 2527 γαστρὸς
900 2458 1184 2528 προελθὼν
1226 2465 1590 2537 σαρκοφόρος,
1620 2467 1697 2534 ὠς

154 2538 261 2595 ὢν
288 2545 472 2608 αὑτός.
511 2545 569 2598 '0
602 2546 713 2601 ἄνω
752 2546 830 2618 τῷ
862 2549 1038 2618 Πατρὶ
1073 2552 1565 2626 συγκαθεζόμενος,
1599 2560 1696 2613 καὶ

148 2635 196 2687 ὲν
225 2636 457 2708 σπηλαίῳ
497 2654 555 2690 τε
606 2640 941 2711 τικτόμενος,
977 2643 1073 2698 καὶ
1118 2645 1179 2699 ἐν
1222 2646 1399 2720 φάτνῃ
1446 2665 1696 2721 σπαργα-

146 2725 393 2796 vetitum.
443 2730 503 2782 Ὀ
545 2731 651 2787 ὑπὸ
697 2734 945 2804 ἀγγέλων
985 2738 1411 2811 ἀνυμνούμενος,
1456 2746 1550 2797 καὶ
1591 2746 1695 2798 ὑπὸ

145 2816 388 2885 ποιμένων
414 2818 847 2892 θαυμαζόμενος.
886 2825 944 2879 '0
971 2830 1038 2899 τῇ
1058 2830 1308 2903 παρούσῃ
1330 2832 1490 2906 ὀγδόῃ
1510 2836 1694 2908 ἡμέριι

147 2910 598 2980 περιτεμνόμενος,
633 2914 730 2968 καὶ
770 2915 947 2988 Ἰησοῦ
974 2923 1350 2992 προσηγορίαν
1378 2924 1691 2996 δεχόμενος.

154 2997 200 3049 ⁸0
222 2999 487 3070 καθάρσια
512 3004 839 3078 προσφέρων
862 3046 876 3069 ,
910 3009 1003 3061 καὶ
1044 3010 1148 3064 ὑπὸ
1183 3013 1410 3084 Συμεὼν
1447 3018 1541 3070 καὶ
1569 3020 1694 3072 ’Λν-

141 3105 219 3157 vn;
238 3091 782 3165 ἀνθομολογούμενός,
809 3099 902 3150 καὶ
929 3099 1034 3156 ὑπὸ
1056 3102 1262 3171 Μάγων
1283 3104 1689 3178 δορυφορούμεο
1718 3143 1760 3201 C

141 3196 227 3243 νος,
271 3183 325 3236 '0
349 3184 568 3251 φεύγων
608 3188 689 3250 εἰς
716 3188 1009 3256 Αἴγυπτον,
1038 3193 1133 3245 καὶ
1163 3212 1185 3245 ι
1222 3193 1381 3249 σείων
1407 3197 1477 3251 τὰ
1506 3217 1689 3269 χειρο-

141 3272 308 3355 ποίητα
328 3272 629 3341 Αἰγύπτου.
687 3294 706 3326 ι
763 3276 822 3330 '0
854 3276 952 3349 τὴν
993 3280 1207 3336 τελείαν
1244 3283 1436 3355 ἀνδρὸς
1476 3286 1691 3353 ἡλικίαν

138 3349 414 3431 δεχόμενος,
472 3365 570 3422 καὶ
618 3366 725 3421 ὑπὸ
745 3368 934 3423 δούλου
1002 3349 1438 3443 βαπτιζόμενος,
1476 3349 1571 3430 καὶ
1612 3377 1692 3448 τῷ

141 3450 264 3506 55m
294 3453 529 3523 βυθίζων
554 3456 655 3528 τὴν
684 3456 779 3511 τοῦ
815 3460 1025 3531 κόσμου
1064 3463 1363 3535 ἁμαρτίαν.
1413 3466 1471 3519 ’0
1498 3467 1690 3539 κόσμῳ

142 3546 533 3616 ςανερούμενος,
587 3549 682 3606 καὶ
722 3552 827 3605 ὑπδ
886 3553 1156 3609 Ἰουδαίων
1214 3556 1564 3628 μισούμενος.
1609 3554 1692 3622 οἷς

142 3634 215 3685 καὶ
251 3637 315 3689 τά
353 3637 480 3702 ξένα
506 3639 971 3714 ἑθαυματούργει.
1013 3644 1213 3710 Τέλος,
1262 3647 1692 3719 παραδιδόμενος

142 3726 216 3779 καὶ
256 3728 696 3800 σταυροῦμενος,
747 3729 866 3787 εἶτα
913 3734 1011 3787 καὶ
1057 3735 1417 3806 ϐαπτόμενος,
1470 3738 1557 3793 ἵνα
1599 3739 1691 3793 τὸν

141 3815 245 3887 ᾅδην
270 3821 697 3891 αἰχμαλωτίσας,
728 3824 791 3876 τὸ
823 3825 921 3895 τῆς
961 3821 1316 3891 ἀναστάσεως
1340 3832 1453 3893 τοῖς
1491 3832 1551 3885 ὲν
1586 3831 1689 3904 ᾄδῃ

143 3913 488 3984 περιαπράοᾷῃ
510 3915 862 3984 ἐπάγγελμα.
895 3918 993 3980 Ὃς
1011 3918 1107 3971 καὶ⁴
1132 3918 1335 3991 ἀνέστη
1363 3922 1565 3993 τριήμε
1574 3940 1688 3994 ρος,

139 3995 236 4061 δούς
266 4019 352 4069 μοι
376 4004 479 4074 τὴν
514 4003 779 4073 δευτέραν
823 4005 1051 4074 όγδοάδα
1088 4010 1350 4078 τιμᾶσθαι
1387 4012 1486 4082 τῆς
1523 4012 1693 4076 ὅντως

140 4087 484 4159 ἀναπαύσεως,
527 4095 610 4159 είς
628 4096 729 4167 τὴν
764 4096 1065 4166 μέλλουσαν
1097 4098 1327 4168 ὀγὸοάδα
1354 4102 1453 4172 τῆς
1477 4102 1692 4167 τελείας

140 4178 214 4233 τοῦ
241 4183 436 4253 κόσμου
463 4184 894 4257 ἀπολυτρώσεως
920 4189 1179 4259 ἄγουσαν.
1198 4190 1359 4245 Ὅθεν
1387 4193 1481 4247 καὶ
1510 4193 1692 4266 μαθη-

141 4273 237 4334 ni;
260 4274 571 4344 ἐμφανίζει,
608 4279 706 4332 καὶ
754 4278 1061 4349 βλεπόντων
1092 4282 1273 4337 αὐτῶν
1312 4283 1394 4347 είς
1428 4284 1691 4353 οὐρανοὺς

140 4362 344 4430 αἴρεται,
376 4368 438 4419 τὸ
466 4368 590 4421 κατ’
629 4368 731 4440 ἐμὲ
765 4372 1024 4425 ταπεινὸν
1050 4373 1275 4443 meo»;
1294 4389 1309 4404 ·
1342 4376 1437 4429 καὶ
1466 4369 1548 4440 εἷς
1580 4377 1693 4429 K23-

1798 1910 1965 1980 logia,
1997 1921 2057 1966 ut
2091 1911 2395 1969 Ecclesiam
2428 1932 2494 1971 ex
2519 1915 2627 1972 Deo
2652 1918 2873 1989 tuisque
2910 1924 3371 1993 praeceptionibus

1798 2000 2079 2070 sapienter
2119 2001 2450 2070 institutam,
2507 2006 2700 2077 eisque
2751 2007 3041 2075 creditam,
3077 2012 3248 2080 probe
3279 2029 3372 2082 gu-

1797 2090 2050 2147 bernent.
2104 2094 2437 2152 Sacerdotes
2478 2097 2533 2152 in
2566 2100 2771 2168 pietate
2821 2113 3132 2159 rcverentes
3178 2117 3369 2160 custo-

1798 2178 1977 2246 diens,
2013 2189 2075 2236 ut
2123 2183 2324 2253 placite
2378 2183 2490 2240 Deo
2545 2187 2813 2253 viventes.
2862 2191 3024 2245 etiam
3078 2193 3126 2246 ei
3184 2193 3371 2261 quite

1798 2284 1948 2324 nunc
2002 2273 2306 2343 assumpsit
2377 2278 2801 2346 coronavitque,
2858 2294 2921 2332 ac.
2970 2283 3064 2334 toti
3125 2282 3369 2338 fidelium

1797 2360 2004 2431 populo
2053 2363 2382 2435 praeclarum
2435 2374 2714 2435 pastorem
2749 2367 3020 2432 exhibuit,
3055 2369 3218 2440 digne
3253 2385 3372 2425 om-

1801 2466 1898 2508 nes
1923 2453 2201 2508 canticum
2233 2454 2656 2519 eoneinnemus,
2692 2456 2775 2518 Ei.
2798 2460 2803 2465 “
2825 2460 3075 2529 inquam,
3118 2462 3210 2529 qui
3245 2478 3367 2518 cum

1794 2550 1944 2598 esset
2009 2542 2185 2610 dives,
2245 2554 2467 2616 propter
2521 2562 2621 2602 nos
2671 2547 2852 2604 factus
2899 2558 2982 2605 est
3023 2566 3249 2622 pauper,
3301 2569 3370 2607 ex

1797 2641 1956 2689 utero
1997 2648 2122 2691 cum
2168 2651 2334 2691 carne
2393 2651 2740 2706 progressus,
2778 2655 2886 2709 qua
2940 2641 3055 2710 ipse
3086 2643 3241 2697 novit
3275 2658 3369 2695 ra-

1799 2723 1964 2780 tione.
1996 2724 2098 2792 Qui
2132 2727 2184 2782 in
2242 2727 2401 2785 caelis
2440 2728 2691 2795 considet
2722 2729 2892 2792 Patri,
2935 2739 2989 2785 et
3021 2733 3272 2789 nascitur
3311 2735 3367 2788 in

1795 2817 2080 2886 spelunca,
2111 2828 2277 2887 atque
2317 2818 2373 2873 in
2405 2820 2636 2890 praesepi
2684 2823 2880 2889 pannis
2916 2822 3231 2878 involvitur.
3265 2826 3366 2880 Cui

1795 2910 1976 2979 angeli
2021 2910 2347 2975 concinunt,
2400 2920 2456 2965 et
2505 2927 2665 2982 quem
2718 2921 2966 2982 pastores
3000 2916 3368 2970 admiratione

1796 3009 2226 3070 prosequuntur.
2277 2984 2399 3068 Qui
2434 3001 2602 3058 haece
2652 3009 2845 3057 octava
2874 3002 2963 3068 die
2999 3005 3365 3060 circumcisus

1793 3101 1903 3157 est,
1943 3101 1994 3147 et
2022 3089 2153 3148 Jesn
2185 3093 2608 3163 appellationem
2645 3096 2875 3164 accepit.
2932 3094 3035 3161 Qui
3069 3095 3226 3154 oﬂcrt
3260 3097 3370 3166 pia-

1792 3187 2012 3241 culares
2055 3185 2291 3250 hostias,
2340 3198 2394 3242 et
2429 3186 2515 3242 cui
2573 3185 2796 3242 Simeon
2833 3195 2888 3241 et
2918 3189 3074 3242 Anna
3122 3189 3364 3243 vicissim

1789 3275 2143 3338 conﬁtentur,
2193 3291 2259 3331 ac
2297 3273 2436 3347 Magi
2493 3277 2757 3334 satellitio
2808 3277 3209 3347 obsequuntur.
3259 3277 3366 3344 Qui

1789 3366 1931 3436 fugit
1960 3367 2013 3421 in
2045 3366 2366 3437 Egyptum,
2402 3375 2457 3421 et
2492 3386 2511 3417 ι
2555 3366 2808 3420 concutit
2840 3367 3159 3422 manulacta
3195 3366 3368 3440 [Egy-

1789 3456 1892 3526 pti.
1935 3474 1954 3506 ι
1988 3454 2089 3520 Qui
2126 3463 2404 3524 assumpta
2451 3463 2613 3528 mtate
2671 3454 2941 3523 perfecta,
2996 3456 3308 3524 baptizatur
3335 3474 3367 3511 a

1789 3559 1971 3609 servo,
2018 3545 2317 3613 mundique
2364 3554 2650 3614 peccatum
2700 3545 3006 3615 submergit
3056 3561 3220 3616 aqua.
3256 3545 3364 3613 Qut

1791 3637 1996 3692 mundo
2053 3635 2461 3697 manifestatus,
2535 3634 2663 3689 odio
2724 3634 2793 3688 ab
2847 3633 3050 3690 Iudaeis
3109 3636 3364 3701 habetur,

1790 3731 1994 3803 quibus
2019 3736 2072 3784 et
2101 3744 2238 3783 nova
2278 3727 2542 3782 miracula
2593 3728 2947 3796 operabatur.
2984 3726 3198 3799 Quique
3244 3738 3368 3783 tau-

1791 3822 1913 3878 dem
1942 3819 2175 3878 traditus
2224 3825 2278 3873 et
2331 3817 2481 3872 cruci
2535 3815 2749 3882 allixns,
2799 3818 3148 3887 postmodum
3199 3818 3364 3874 etiam

1791 3913 2041 3984 sepultus
2078 3920 2185 3976 est,
2218 3920 2280 3966 ut
2331 3908 2610 3979 captivan
2667 3908 2907 3973 inferno,
2940 3910 3366 3967 resurrectionis

1790 4002 2140 4060 annnntiatio
2171 3999 2388 4056 inferno
2421 4000 2791 4054 illucesceret.
2847 3998 2951 4064 Qui
2985 4000 3150 4054 etiam
3179 4016 3362 4057 resur.

1792 4094 1934 4150 rexit
1971 4092 2062 4148 die
2087 4092 2276 4155 tertia,
2310 4089 2435 4145 data
2471 4090 2604 4144 mihi
2637 4088 2831 4153 altera,
2869 4104 2994 4144 vere
3026 4090 3118 4144 illa
3153 4092 3368 4161 requie-

1793 4182 1960 4238 tionis
1992 4188 2205 4247 octava,
2239 4195 2403 4250 quant
2455 4179 2667 4232 honore
2720 4190 3104 4247 prosequerer,
3132 4179 3373 4236 ducente

1792 4275 1858 4330 ad
1937 4273 2178 4328 futuram
2228 4277 2620 4326 consummatae
2698 4268 3092 4337 redemptionis
3177 4273 3365 4326 mundi

1792 4377 2063 4420 octavam.
2119 4360 2487 4429 Quamobrem
2522 4358 2687 4413 etiam
2740 4359 3092 4414 manifestius
3141 4370 3367 4431 apparet

142 4469 169 4520 ρ
187 4472 235 4517 ος
258 4460 309 4509 ὲν
334 4459 426 4512 δύο
453 4460 651 4529 φύσεσι
674 4464 1020 4534 γνωρίζεται,
1044 4465 1121 4536 τῷ
1144 4467 1321 4538 Πατρὶ
1348 4468 1444 4521 καὶ
1467 4467 1544 4538 τῷ
1564 4468 1694 4539 θείῳ

1801 4456 2104 4526 discipulis,
2160 4460 2215 4507 et
2265 4451 2399 4520 ipsis
2441 4449 2797 4503 cernentibus
2848 4449 2900 4502 in
2936 4449 3137 4504 caelum
3165 4452 3364 4515 elatus,

142 4543 385 4618 Πνεῦματι
429 4554 1046 4625 συμπροσκυνούμενος.
1093 4556 1154 4609 Ὀ
1191 4556 1292 4621 τὰς
1319 4557 1413 4611 δύο
1442 4557 1688 4630 θελήσεις

141 4637 312 4705 ﬁnito;
351 4643 445 4695 καὶ
478 4644 767 4715 ἐνεργείας
801 4646 1005 4718 φέρων,
1060 4648 1119 4702 '0
1159 4648 1455 4704 κάντεῦθεν
1485 4650 1690 4722 ληπτδς

142 4729 217 4781 καὶ
248 4734 619 4803 ἁπερὶληττος,
668 4736 917 4807 γραπτὺς
964 4739 1060 4792 καὶ
1102 4740 1549 4811 ἀπερίγραπτος’
1598 4741 1690 4794 τό·-

144 4833 244 4879 ποις
283 4820 325 4851 ³¹
350 4823 440 4875 καὶ
477 4823 855 4895 είκονίσμασιν
898 4829 1030 4898 ἡμῖν
1074 4830 1563 4901 προγραφόμενος,
1595 4830 1691 4884 καὶ

143 4911 392 4978 ἐναῦτοίς,
411 4916 487 4979 ὠς
506 4914 598 4969 διὰ
634 4916 800 4987 μέσου
831 4917 1031 4987 σαρκὸς
1063 4920 1157 4973 καὶ
1182 4920 1513 4991 πνεύματος,
1529 4940 1692 4995 προσ·

143 5003 460 5074 κννούμενος.
531 5007 660 5068 Τοῖς
715 5008 937 5072 οἰκείοις
1010 5008 1284 5077 θεολόγοις
1362 5013 1455 5065 καὶ
1525 5015 1692 5068 πᾶσιν

142 5089 293 5155 ἁγίοις
341 5095 770 5166 ἐκτυπούμενος.
837 5098 1128 5152 Κοινωνῶν
1176 5102 1311 5169 ἡμῖν
1348 5100 1435 5168 ἐφ’
1486 5102 1691 5156 ἅπασιν

144 5182 349 5250 ὁμοίως·
393 5188 486 5240 καὶ
514 5192 627 5258 γὰρ
658 5189 725 5257 τῇ
770 5188 1026 5244 ἐντεῦθεν
1068 5192 1440 5262 προσκυνήσει
1475 5192 1553 5261 τῷ
1593 5195 1694 5264 ἀρ-

1796 4547 2056 4603 humilem
2133 4551 2384 4597 naturam
2469 4539 2711 4593 hominis
2778 4554 3000 4594 sursum
3071 4540 3364 4604 subvehit,

1796 4650 2048 4705 unusque
2106 4634 2370 4689 Dominus
2425 4630 2480 4685 in
2544 4629 2758 4684 duabus
2812 4629 3068 4699 cognitus
3130 4633 3364 4693 naturis,

1793 4744 1919 4785 cum
1953 4727 2118 4779 Patre
2146 4732 2201 4780 et
2243 4722 2453 4791 Spiritu
2485 4727 2678 4775 sancto
2704 4720 2911 4787 pariter
2937 4719 3223 4775 adorator.
3260 4721 3365 4787 Qui

1795 4820 1931 4873 duas
1962 4830 2118 4887 atque
2171 4814 2483 4869 voluntates
2524 4820 2687 4879 atque
2734 4812 3088 4881 operationes
3146 4812 3367 4878 habeat,

1795 4925 1974 4980 eoque
2022 4904 2534 4977 comprehensibilis
2598 4903 2671 4958 sit
2718 4910 2774 4958 et
2845 4903 3366 4974 incomprehensus.

1797 5004 2011 5072 Quique
2050 5000 2194 5070 pingi
2244 5014 2307 5052 ac
2364 4997 2605 5052 describi
2643 4995 2837 5064 possit,
2889 4997 3069 5065 sitque
3094 4996 3370 5051 nihilomi-

1799 5109 1902 5149 nus
1935 5090 2480 5158 incircumscriptus:
2512 5101 2673 5156 quem
2705 5086 2894 5157 liguris
2924 5086 3368 5155 imaginibusque

1799 5182 2234 5257 proscribamus,
2283 5186 2447 5247 atque
2497 5177 2551 5232 in
2584 5176 2687 5239 cis,
2729 5184 2786 5228 ut
2818 5174 2967 5227 velut
2998 5174 3174 5228 media
3203 5187 3370 5226 carne

1386 5288 1641 5384 unus
1660 5322 2065 5384 LECTlONES.

195 5415 234 5448 ⁸⁸
253 5415 386 5489 Lege
427 5419 642 5478 τύποις.

2515 5447 2545 5461 ρ

1387 5504 1779 5562 COMBEFISII
1802 5504 2034 5561 NOTAE.

138 5598 376 5672 deinceps
406 5642 423 5663 ,
475 5604 631 5659 velut
659 5618 729 5658 ex
788 5599 969 5656 ollicio
1000 5641 1016 5664 ,
1053 5609 1106 5655 ct
1135 5601 1411 5657 secundas
1437 5617 1465 5654 a
1490 5600 1688 5671 primis

140 5667 239 5723 ills
295 5667 744 5740 prmlicatoribus
802 5681 855 5725 et
916 5672 1190 5743 episcopis
1222 5680 1419 5743 mnes
1468 5667 1687 5743 έθιῖθηδν

138 5751 429 5811 quanquam
454 5747 604 5800 nulla
636 5744 862 5813 prepria
906 5742 1154 5812 subjecta
1185 5740 1361 5813 plebe,
1391 5740 1502 5813 qua
1535 5741 1601 5798 de
1635 5759 1694 5797 re

1795 5598 1862 5654 ad
1886 5595 2358 5673 Amphilochium,
2426 5592 2797 5673 praedicaret:
2847 5606 2971 5673 nam
3007 5590 3230 5673 Basilio,
3277 5592 3369 5673 qui

1799 5664 2061 5725 assiduus
2121 5668 2382 5738 populuut
2430 5664 2681 5738 pumiles
2724 5665 2961 5738 doceret,
3017 5664 3224 5734 ubique
3256 5665 3373 5720 cla-

1801 5741 2083 5807 rissimus,
2108 5732 2295 5794 minus
2328 5732 2562 5808 quadrat
2596 5733 2909 5791 exhortatio
2937 5732 3072 5790 haec.
