3776 6204
164 335 254 403 .9“
1113 336 1194 397 IN
1224 338 2069 404 TRANSFIGURATIONEM
2109 345 2414 406 DOMINI.

3256 355 3386 419 ’942

178 447 471 521 τοῦίἰατρός
506 464 634 517 μου,
671 446 1118 517 κληρονομήσατε
1157 448 1256 520 τὴν
1292 451 1701 522 ἡτοιμασμένην

1835 455 2026 523 iliaque
2114 456 2357 513 caelestis
2442 456 2589 519 illius
2672 459 3032 517 beatitudinis
3125 474 3382 539 tanquam

173 546 272 619 όμίν
318 540 589 614 βασιλείαν
623 541 730 594 ἀπὸ
767 541 1078 611 καταϐολῆς
1134 540 1365 612 κόσμου.
1410 542 1703 595 Ἐπείνασα

172 639 270 708 γὰρ,
293 634 380 689 καὶ
402 632 641 690 ἐδώκατέ
674 651 761 704 μοι
802 637 996 703 φαγεῖν
1017 650 1029 663 ·
1083 634 1335 706 ἐδίψησα,
1392 636 1486 688 καὶ
1518 635 1703 689 ἐποτί-

172 728 270 782 σατέ
298 742 392 796 με·
424 723 575 791 ξένος
617 724 787 795 ἤμην,
821 726 915 779 καὶ
950 725 1288 796 συνηγάγετέ
1317 742 1421 797 με·
1476 726 1709 797 γυμνὸς,

168 820 242 872 καὶ
284 815 633 892 περιεϐάλετέ
691 833 759 887 με
789 832 803 844 ·
839 814 1139 887 ἠσθένησα,
1198 817 1293 870 καὶ
1324 814 1705 886 ἐπεσκέψασθέ

169 911 321 981 ιιι-ὲν
351 908 568 979 φυλακῇ
592 909 764 979 ήμην,
798 909 894 963 καὶ
938 908 1131 979 ἧλθετε
1175 909 1313 979 πρός
1356 926 1443 980 με.
1479 929 1498 961 ι
1553 906 1708 961 Ἐπεὶ

167 997 238 1055 οὖν
260 1000 484 1055 τοσαῦτα
508 1001 603 1052 καὶ
635 999 861 1053 τοιαῦτα
890 1000 987 1068 τῆς
1023 999 1245 1071 ἀγάπης
1269 1002 1336 1054 τὰ
1361 1001 1499 1069 εἴδη,
1535 1000 1709 1055 καθά-

168 1111 251 1166 περ
268 1092 684 1159 ὲνΕὐαγγελίοις
720 1090 861 1161 αὐτὴ
897 1089 996 1162 βοᾷ
1043 1090 1303 1162 καθαρῶς
1349 1094 1381 1164 ὴ
1414 1091 1704 1163 ’Λλήθεια⁸

165 1185 234 1238 διὰ
255 1184 304 1237 δὲ
324 1183 418 1253 τῆς
446 1184 525 1245 εἰς
542 1182 636 1235 τὸν
670 1182 903 1252 πλησίον
932 1182 1173 1253 ἀγάπης,
1197 1183 1229 1255 η
1260 1185 1338 1246 εἰς
1366 1181 1498 1237 Θεὸν
1519 1184 1707 1255 ἀγάπη

166 1276 453 1347 κρατύνεται
468 1291 482 1304 ⁸
507 1275 576 1328 δι’
599 1277 666 1344 ἢν
682 1275 775 1328 καὶ
796 1274 897 1344 τῆς
916 1272 1279 1345 ἐλπιζομένης
1304 1276 1710 1347 μακαριότητος

167 1370 288 1435 ἄξιος
319 1367 715 1432 ἀναδείκνυται,
741 1369 769 1419 ό
799 1367 935 1437 πρὸς
964 1367 1136 1436 αὐτὴν
1174 1368 1415 1439 γνησίως
1450 1385 1711 1421 συντετα-

170 1462 306 1530 μένην
330 1458 463 1529 ἔχων
494 1458 593 1530 τὴν
647 1458 860 1529 ὄρεξιν
916 1476 935 1510 ι
981 1457 1069 1511 Ἔν
1102 1457 1159 1510 δὲ
1184 1461 1303 1523 ταῖς
1336 1455 1456 1512 δυ’σὶ
1485 1458 1711 1523 ταύταις

167 1550 373 1612 ἐντολαῖς
399 1549 521 1611 ὅλος
566 1550 596 1602 ὁ
632 1547 797 1619 νόμος
831 1547 931 1600 καὶ
982 1549 1032 1601 οἰ
1069 1548 1369 1618 προφῆται,
1408 1568 1426 1599 ι
1458 1549 1711 1621 καθάπερ

169 1645 212 1695 ἰν
236 1641 570 1709 Εὐαγγελίοις
616 1641 645 1693 ό
676 1639 837 1707 λόγος
894 1639 1232 1705 συντίθεται,
1269 1641 1582 1711 κρέματαιο
1623 1643 1710 1693 ἐν·

168 1732 322 1786 τεῦθεν
361 1732 537 1802 δῆλον,
586 1731 725 1802 ὠςή
780 1731 968 1803 ἀγάπη
1021 1734 1255 1803 πρᾶγμά
1288 1733 1436 1785 ἐστιν
1488 1731 1711 1800 ἀγαθῶν

170 1825 385 1879 ἀπάπων
418 1823 917 1893 περιεκτικώτατον
945 1864 960 1889 ,
998 1826 1091 1877 καὶ
1124 1824 1428 1895 ἀκρότατον
1467 1824 1576 1877 τῶν
1623 1824 1711 1878 διὰ
1743 1812 1784 1867 Β

167 1917 247 1986 τῆς
270 1915 416 1983 ἁγίας
447 1915 671 1987 Γραφῆς
723 1915 1167 1986 φανερουμένων,
1227 1918 1322 1969 καὶ
1374 1916 1526 1971 οὐδέν
1567 1918 1713 1970 ἐστιν

166 2010 335 2081 ἀρετῆς
361 2003 499 2071 εἶδος
529 2047 545 2072 ,
577 2007 645 2061 δι’
678 2000 744 2078 ἦς
787 2007 1074 2080 ἅνθρωπος
1125 2008 1424 2063 οἰκειοῦται
1463 2007 1542 2080 τῷ
1594 2007 1713 2080 Θεῷ

166 2101 243 2154 καί
272 2099 628 2164 συνάπτεται,
665 2097 762 2151 καὶ
799 2097 900 2167 τῆς
950 2097 1063 2151 ἄνω
1114 2097 1273 2168 δόξης
1306 2102 1400 2152 καὶ
1436 2099 1716 2170 βασιλείας

165 2194 475 2263 κληρονομεῖ,
528 2191 558 2244 ὃ
615 2190 693 2262 μὴ
744 2190 844 2259 τῆς
872 2191 1093 2260 ἀγάπης
1128 2190 1446 2263 ἐξήρτηται,
1499 2185 1714 2244 καὶὺπ⁹

165 2286 305 2355 αὐτῆς
332 2284 733 2355 περιείληπται,
779 2283 1006 2353 ἀρρήτῳ
1033 2281 1176 2351 λόγῳ
1233 2284 1592 2354 συνεχόμενον
1621 2282 1715 2336 καὶ

165 2374 563 2446 φρουρούμενον.
602 2373 769 2426 Ὅθεν
796 2374 889 2426 καὶ
920 2374 1018 2443 τὴν
1043 2373 1240 2444 ἄκραν,
1273 2373 1351 2436 ὡς
1400 2377 1459 2427 ὲν
1503 2372 1716 2444 ἀνθρώ-

164 2481 283 2528 ποις,
313 2464 629 2535 τελειότητα
679 2480 739 2515 τε
784 2463 880 2516 καὶ
911 2463 1264 2534 καθαρότητα
1312 2464 1412 2532 τῆς
1443 2463 1583 2517 κατὰ
1613 2464 1714 2533 τὴν

164 2558 333 2624 πρᾶξιν
369 2555 713 2626 φιλοσοφίας,
744 2549 811 2627 ἧς
843 2555 996 2618 τέλος
1035 2549 1175 2608 εἷναί
1234 2572 1366 2623 φασι
1402 2554 1462 2607 τὸ
1487 2555 1711 2623 ἀγαθὸν,

161 2650 279 2720 ὅπερ
300 2651 439 2703 ἐστὶν
470 2649 633 2709 αὐτὸς
670 2648 702 2700 ό
746 2647 900 2712 Θεὸς,
946 2647 1081 2717 μόνη
1105 2646 1302 2710 τελέως
1347 2647 1380 2717 ἡ
1410 2646 1597 2719 ἀγάπη
1624 2647 1712 2701 διὰ

160 2737 245 2808 τῆς
273 2738 443 2802 ἑξάδος
476 2738 586 2791 τῶν
649 2737 865 2791 οἰκείων
922 2737 1107 2808 μερῶν
1134 2737 1539 2808 κατορθωθεῖσα
1584 2755 1713 2792 συν-

163 2828 355 2900 ίστησι⁵
389 2830 507 2901 μεθ’
537 2831 614 2902 ἢν
640 2832 734 2883 καί
756 2829 1125 2900 διαφερόντως
1155 2829 1272 2901 Θεῷ
1322 2832 1582 2884 συνάπτει
1621 2833 1712 2885 τὸν

161 2922 438 2993 ἄνθρωπον,
475 2924 575 2993 τῆς
606 2923 889 2991 θεολογίας
913 2923 972 2975 τὸ
1004 2922 1113 2994 πῦρ
1144 2923 1543 2993 ἀναφλέγουσα.

228 3188 357 3241 Ἀλλ’
390 3189 510 3242 ὅτου
529 3186 693 3258 χάριν
714 3185 931 3258 εἴρηται
954 3187 1162 3253 ταῦτα;
1192 3190 1362 3261 Φημὶ,
1391 3192 1473 3245 ὅτι
1509 3194 1555 3245 εἰ
1581 3194 1709 3264 μέλ-

156 3281 225 3335 lat
255 3300 329 3346 τις
358 3282 447 3335 ἐπὶ
484 3281 580 3334 τοῦ
608 3283 766 3352 ὅρους
791 3280 891 3350 τῆς
915 3280 1127 3351 ὑψηλῆς
1156 3280 1411 3351 θεωρίας,
1433 3282 1508 3346 ὡς
1538 3285 1712 3356 μαθη-

155 3376 238 3445 τὴς
277 3375 352 3445 τῷ
401 3373 544 3444 λόγῳ
598 3371 1130 3444 συνεπαρθήσεσθαι,
1187 3373 1287 3442 τῆς
1341 3391 1399 3426 τε
1439 3373 1713 3443 βασιλείας

153 3467 352 3537 ἐκείνης
370 3467 468 3539 τὴν
488 3464 785 3536 ἀπρόσιτον
807 3462 1035 3532 ὄψεσθαι
1066 3462 1243 3530 δόξαν,
1273 3465 1366 3516 καὶ
1391 3465 1485 3534 τῆς
1509 3465 1713 3535 ὁρατῆς

152 3557 300 3612 αὐτοῦ
333 3558 423 3611 καὶ
452 3556 649 3627 νοητῆς
680 3555 996 3623 θεοιρανείας
1024 3554 1457 3625 ἀξιωθήσεσθαι·
1491 3557 1713 3612 ἐπειδὰν

150 3651 343 3722 ἀκούσῃ
369 3649 607 3722 Χριστοῦ
640 3644 1180 3718 προαναφωνοῦντος,
1208 3646 1310 3699 οὐκ
1361 3647 1441 3709 εἰς
1497 3650 1711 3719 μακρὰν

148 3740 303 3795 αῦτοῦ
328 3741 425 3809 τὴν
451 3739 730 3811 βασιλείαν
762 3738 1082 3792 ἐλεύσεσθαι
1115 3737 1314 3809 (τοῦτο
1346 3737 1453 3808 γὰρ
1478 3741 1512 3810 ἡ
1550 3755 1707 3809 μεταο

152 3836 442 3907 μόρφωσις,
467 3834 591 3889 καθ’
634 3834 705 3905 ἣν
752 3833 781 3885 ὁ
830 3830 1211 3896 ἀναλλοίωτος,
1255 3830 1397 3901 ὑπὲρ
1428 3831 1519 3884 τὸν
1561 3830 1711 3902 ἣλιον

148 3927 344 3997 ἔλαμψε
366 3928 425 3981 τὸ
455 3926 596 3997 ὑπὲρ
629 3926 772 3996 ἡμᾶς
792 3926 886 3978 καί
905 3922 1176 3996 ἡμέτερον
1196 3921 1240 3994 ),
1272 3922 1459 3994 θρέψει
1492 3922 1589 3995 μὲν
1618 3924 1712 3977 καὶ

152 4020 350 4073 ποτίσει
379 4018 612 4090 Χριστὸν
650 4016 923 4083 πεινῶντα
945 4016 1041 4069 καὶ
1070 4013 1311 4083 διψῶντα
1354 4015 1450 4086 τὴν
1496 4016 1712 4069 πάντων

152 4114 432 4184 σωτηρίαν.
467 4114 539 4166 Ἦ
588 4115 681 4165 καὶ
734 4111 947 4173 ἄλλως*
993 4109 1082 4162 διὰ
1140 4108 1249 4160 τῶν
1286 4108 1577 4178 δεομένων,
1621 4108 1711 4161 τὸν

149 4204 300 4255 πᾶσιν
327 4201 728 4257 εἰσοικισθέντα
762 4202 873 4262 τοῖς
896 4195 1154 4251 λαϐοῦσιν
1182 4197 1347 4252 αὐτὸν
1374 4197 1463 4251 διὰ
1495 4198 1592 4269 τῆς
1624 4198 1712 4250 πί-

154 4308 341 4359 στεωςο
410 4291 706 4362 συναγάγοξ
754 4292 812 4345 δὲ
852 4292 898 4322 ³²
940 4287 1315 4355 ξενιτεύοντα,
1378 4289 1589 4343 ἑνδὺσει
1653 4290 1710 4345 δὲ

150 4387 570 4458 γυμνητεύοντα,
594 4383 924 4455 θεραπεύσει
941 4382 997 4436 δὲ
1020 4381 1374 4449 ἀσθενοῦντα,
1399 4382 1493 4435 καὶ
1524 4384 1582 4435 ὲν
1612 4401 1713 4452 φυ-

1807 546 2136 616 magniﬁcus
2189 549 2246 603 in
2290 546 2455 607 donis
2515 550 2857 611 distribuens
2913 557 2994 611 sic
3036 556 3146 625 jam
3206 559 3383 631 dignis

1810 635 2017 709 habitis
2072 636 2167 707 qui
2228 645 2439 695 starent
2491 655 2520 697 ο
2576 639 2832 710 dextris,
2894 645 2973 703 ait
3023 662 3037 701 :
3097 665 3119 700 ι
3171 647 3384 711 Venite.

1808 726 2083 783 benedicti
2132 727 2319 783 Patris
2352 729 2480 794 mei,
2513 731 2788 801 possidete
2835 744 3084 805 paratum
3110 740 3266 797 vobis
3302 758 3387 797 re-

1810 835 1975 889 gnum
2011 833 2041 873 a
2104 819 2500 877 constitutione
2562 824 2774 881 mundi.
2822 824 3044 883 Esurivi
3105 833 3276 898 cnim,
3335 845 3387 889 et

1810 911 2049 967 dedistis
2092 913 2227 967 mihi
2273 913 2647 981 manducare;
2686 918 2861 986 sitivi,
2892 932 2946 976 et
2981 922 3217 981 dedistis
3253 926 3383 980 mihi

1810 1004 2031 1071 bibere;
2082 1004 2284 1077 hospes
2318 1022 2493 1072 eram,
2529 1015 2582 1062 et
2622 1009 2922 1080 collegistis
2959 1029 3080 1080 me;
3110 1016 3311 1080 nudus,
3335 1027 3390 1071 ct

1812 1096 2182 1166 cooperuistis
2238 1113 2354 1167 me;
2385 1098 2440 1153 in
2474 1114 2698 1155 carcere
2743 1116 2916 1168 eram,
2953 1112 3007 1159 et
3052 1107 3285 1161 venistis
3324 1111 3387 1161 ad

1813 1199 1898 1240 me
1926 1195 1984 1238 ⁸³.
2018 1205 2037 1238 ι
2067 1183 2206 1241 Cum
2240 1188 2409 1256 igitur
2435 1195 2515 1243 tot
2544 1190 2655 1244 sint
2680 1205 2743 1244 ac
2768 1192 2906 1247 tales
2930 1194 3219 1250 charitatis
3245 1201 3391 1252 velut

1813 1276 2044 1345 species,
2076 1276 2539 1347 quemadmodum
2579 1280 2696 1348 ipsa
2739 1281 2793 1334 in
2828 1282 3139 1355 Evangeliis
3181 1284 3392 1341 Veritas

1815 1368 2106 1425 manifeste
2151 1370 2393 1438 clatnat,
2465 1372 2735 1430 charitatc
2774 1377 2955 1430 autem
2984 1377 3036 1431 in
3082 1379 3392 1448 proximum

1813 1461 2058 1516 charitas
2107 1462 2162 1516 in
2218 1460 2385 1518 Deum
2436 1463 2685 1519 ﬁrmetur
2721 1505 2736 1530 ,
2795 1481 2903 1536 qua
2938 1470 3099 1523 etiam
3167 1486 3292 1527 vere
3331 1488 3395 1527 ac

1813 1551 2026 1608 sincere
2104 1561 2425 1607 contentum
2475 1555 2531 1608 in
2592 1571 2711 1615 eam
2774 1556 3109 1615 desiderium
3159 1561 3391 1627 habens,

1815 1652 2049 1711 speratae
2096 1644 2458 1700 beatitudinis
2510 1644 2711 1714 dignus
2767 1649 3110 1716 ostenditur;
3157 1668 3395 1724 cumque

1821 1753 1839 1787 ι
1880 1731 1939 1788 In
1979 1735 2194 1791 duobus
2227 1735 2313 1792 his
2350 1735 2623 1791 mandatis
2658 1739 2914 1795 universa
2968 1741 3051 1796 lex
3084 1743 3314 1811 pendeat
3342 1758 3395 1800 et

1818 1827 2112 1896 prophetae,
2140 1837 2169 1863 ιι
2200 1847 2219 1881 ι
2256 1828 2717 1898 quemadmodum
2752 1832 3036 1901 Scriptura
3064 1833 3117 1888 in
3149 1834 3392 1909 Evange-

1817 1915 1909 1970 liis
1931 1918 2162 1970 statuit:
2196 1917 2322 1973 hinc
2361 1918 2539 1988 palam
2571 1920 2888 1988 coniicitur,
2922 1938 3045 1979 esse
3070 1926 3390 1987 charitatem

1816 2022 1927 2078 prm
1971 2007 2229 2065 omnibus
2259 2010 2313 2064 in
2379 2008 2663 2082 Scriptura
2713 2014 2991 2083 expressis
3043 2017 3224 2085 bouis,
3281 2036 3392 2075 rem

1818 2100 2070 2157 maximae
2108 2102 2504 2173 complexiouis
2559 2111 2724 2173 atque
2768 2120 3107 2176 supremam,
3141 2125 3241 2164 nec
3271 2125 3395 2166 esse

1818 2192 1987 2246 ullum
2019 2191 2241 2248 virtutis
2278 2208 2452 2264 genus
2475 2210 2582 2264 quo
2602 2195 2766 2251 homo
2779 2198 3105 2254 concilietur
3127 2215 3193 2256 ac
3213 2204 3393 2258 cohae-

1820 2292 1935 2338 reat
1996 2282 2126 2351 Deo,
2160 2285 2505 2356 gloriamque
2544 2287 2824 2342 cwlestem
2856 2299 2911 2343 et
2950 2306 3178 2364 regnum
3214 2297 3397 2364 possi-

1818 2375 1962 2438 deat,
2018 2375 2164 2445 quod
2224 2392 2330 2430 non
2388 2382 2620 2447 pendeat
2652 2393 2682 2431 a
2708 2379 3006 2445 charitate,
3041 2391 3207 2453 atque
3237 2385 3304 2441 ab
3331 2402 3393 2439 ea

1816 2482 2017 2521 arcana
2046 2467 2282 2537 quadam
2330 2470 2544 2524 ratione
2594 2471 3079 2539 comprehensum,
3132 2490 3197 2529 ac
3245 2477 3395 2532 velut

1818 2559 2071 2629 praesidio
2091 2561 2426 2616 custoditum
2447 2561 2732 2617 habeatur.
2754 2562 2936 2630 Quare
2958 2565 3122 2620 etiam
3150 2568 3394 2622 charitas

1819 2651 1963 2715 sola,
1991 2666 2218 2706 suarum
2252 2651 2489 2723 partium
2518 2653 2736 2708 senario
2761 2653 3003 2724 perfecte
3028 2664 3204 2725 gesta,
3238 2675 3394 2711 sunt--

1817 2757 1959 2796 mam
1999 2742 2174 2806 illam,
2204 2741 2388 2812 qualis
2421 2750 2598 2812 potest
2646 2759 2770 2798 esse
2802 2743 3065 2812 hominis,
3104 2747 3398 2816 perfectio-

1815 2849 1939 2888 nem
1971 2849 2035 2889 ac
2060 2833 2382 2888 munditiem
2411 2835 2699 2890 constituit
2725 2836 3087 2908 philosophiae
3114 2840 3306 2908 positae
3340 2840 3396 2895 in

1812 2926 2052 2993 actione,
2121 2924 2283 2994 cujus
2343 2926 2502 2981 ﬁnem
2564 2926 2754 2981 dicunt
2811 2945 2936 2984 esse
2985 2930 3212 2994 bonum,
3249 2933 3395 3003 quod

1814 3015 1955 3068 Deus
1979 3014 2096 3083 ipse
2126 3022 2209 3068 est
2251 3031 2264 3065 :
2300 3024 2420 3083 past
2447 3031 2611 3086 quam
2636 3018 2825 3083 etiam,
2860 3019 3173 3075 accendens
3200 3037 3397 3091 nempe

1815 3104 2101 3174 theologia:
2133 3105 2340 3174 ignem,
2384 3107 2597 3176 egregie
2632 3108 2914 3164 hominem
2944 3111 3234 3182 conjungit
3265 3111 3393 3168 Deo.

1884 3192 2175 3247 Enimvero
2226 3209 2490 3263 quorsum
2550 3196 2665 3250 haec
2717 3197 2867 3251 dicta
2904 3199 3391 3261 suntYNimirum,

1814 3286 1942 3354 quia
1994 3286 2041 3340 si
2094 3286 2220 3356 quis
2272 3302 2380 3341 una
2406 3303 2531 3341 cum
2566 3284 2745 3343 Verbo
2775 3298 3037 3359 tanquam
3084 3290 3391 3362 discipulus
3474 3338 3480 3344 .

1815 3376 1869 3429 in
1898 3387 2141 3431 montem
2170 3377 2427 3432 sublimis
2468 3381 2950 3450 contemplationis
3002 3383 3396 3440 subvehendns

1812 3474 1918 3532 est,
1947 3466 2211 3537 regnique
2236 3469 2385 3523 illius
2430 3470 2865 3527 inaccessibilem
2923 3483 3251 3542 aspccturus
3278 3479 3398 3548 glo-

1815 3560 1976 3624 riam,
2027 3566 2192 3628 atque
2231 3555 2451 3618 visiliili
2504 3549 2946 3632 intelligibilique
2979 3564 3396 3637 Deiapparitid-

1815 3666 1884 3706 ne
1913 3650 2324 3718 bonestandus;
2376 3660 2672 3722 postquam
2719 3654 3008 3711 Christum
3042 3660 3392 3731 prmioquen-

1814 3749 1924 3797 tem
1956 3741 2220 3807 audierit,
2257 3742 2370 3798 fore
2396 3756 2582 3799 utnon
2606 3747 2778 3803 multo
2794 3760 2919 3816 p05t
2953 3751 3134 3805 veniat
3165 3770 3391 3823 regnum

1811 3832 2024 3902 ipsius;
2076 3833 2128 3887 id
2159 3835 2304 3889 enim
2333 3844 2419 3890 est
2464 3837 2902 3908 transﬁguratio,
2951 3857 3061 3912 quo
3091 3842 3137 3898 is
3171 3846 3264 3914 qui
3307 3845 3395 3900 in-

1816 3924 2099 3981 variabilis
2121 3934 2228 3991 est,
2268 3942 2430 3996 quam
2452 3942 2549 3998 pro
2568 3931 2726 3986 nobis
2748 3941 3107 4004 nostramque
3135 3946 3391 3991 naturam

1816 4017 2035 4084 induit,
2091 4016 2371 4075 illustrius
2429 4019 2547 4075 sole
2602 4021 2934 4079 illuminavit
2992 4043 3005 4080 :
3068 4014 3391 4096 ejusmodi,

1816 4111 2059 4181 inquam,
2093 4109 2374 4166 Christum
2420 4112 2777 4181 esurientem,
2829 4116 3105 4172 sitientem
3159 4120 3389 4175 salutem

1812 4208 2081 4273 omnium,
2176 4207 2386 4277 paverit
2443 4213 2497 4261 et
2557 4212 2852 4278 potaverit.
2904 4212 3011 4268 Aut
3060 4215 3226 4269 etiam
3289 4217 3396 4270 alio

1818 4299 2121 4365 intellectu,
2175 4300 2246 4353 ita
2302 4299 2582 4355 Christum
2641 4301 2695 4355 in
2742 4304 2998 4360 omnibus
3048 4306 3389 4363 habitantem

1816 4392 1908 4460 qui
1946 4392 2125 4461 ipsum
2170 4390 2273 4446 iide
2309 4404 2697 4460 susceperunt,
2731 4411 2826 4462 per
2847 4411 3049 4464 egenos
3094 4398 3347 4453 habuerit
3376 4440 3390 4460 .

148 4475 276 4550 λακῇ
299 4477 695 4550 καθειργμένον
719 4477 778 4530 οὐ
813 4474 1141 4547 παρόψεται,
1174 4474 1325 4544 πόθῳ
1360 4475 1453 4528 τοῦ
1487 4474 1710 4545 εὐεργε-

1835 4483 2097 4554 :ollegerit
2149 4498 2281 4538 vero
2315 4483 2589 4551 hospitem
2626 4522 2641 4548 ,
2678 4484 2884 4538 nudum
2923 4486 3182 4552 induerit,
3235 4489 3389 4542 inﬁr-

149 4570 250 4621 τεῒν
294 4571 539 4642 σφοδρῶς
592 4570 982 4639 ὲπειγόμενος’
1041 4567 1134 4620 καί
1181 4566 1271 4619 διὰ
1303 4567 1400 4638 τὴν
1422 4567 1714 4637 ἐπαινετὴν

150 4660 246 4713 τῶν
292 4662 471 4717 καλῶν
522 4659 853 4730 ἀπληστίαν,
908 4660 970 4712 οὐ
1025 4660 1185 4730 μέχρι
1215 4659 1325 4712 τῶν
1372 4661 1714 4732 φαινομένων

154 4753 395 4822 στήσεται
418 4772 432 4785 ·
464 4753 585 4806 οὐδὲ
617 4756 682 4824 τῇ
715 4753 844 4824 περὶ
875 4752 944 4806 τὰ
973 4751 1078 4818 ἔξω
1138 4752 1513 4824 φιλοφροσύνῃ
1554 4771 1712 4826 περι-

153 4844 375 4911 ορίσεται
421 4845 521 4916 τὴν
550 4848 629 4908 εἰς
658 4845 749 4897 τὸν
777 4844 1162 4916 φιλάνθρωπον
1208 4844 1487 4913 Δεσπότην
1528 4846 1713 4914 φιλαν-

154 4929 384 5001 θρωπίαν
404 4951 417 4964 ·
465 4935 612 4990 οὕτω
641 4934 749 5003 γὰρ
782 4934 973 5006 θαρρῶ
1011 4934 1213 5003 λέγειν,
1246 4934 1578 4989 ἀποσκοπῶν
1629 4938 1709 4999 εἰς

155 5022 224 5087 τὸ,
249 5042 269 5076 ι
314 5027 424 5095 Ἐφ’
442 5027 569 5080 ὅσον
592 5026 675 5078 ἑνὶ
698 5024 905 5079 τούτων
933 5024 1043 5078 τῶν
1068 5024 1366 5095 ἐλαχίστων
1392 5027 1705 5097 ἐποιήσατε,

155 5111 264 5181 tuo!
292 5118 581 5188 ἐποιήσατε
603 5131 618 5145 ·
640 5132 678 5169 ἰ
724 5117 864 5171 ἀλλὰ
914 5118 1008 5170 καὶ
1039 5116 1302 5189 ἐνδοτέρω
1344 5118 1582 5189 χωρήσει
1614 5118 1708 5173 τοῦ

165 5211 490 5281 φαινομένου,
531 5211 629 5264 καὶ
669 5210 777 5262 τῶν
805 5209 1055 5280 ψυχικῶν
1090 5208 1428 5280 παθημάτων
1456 5211 1712 5281 φροντίδα

166 5304 419 5373 ποιήσεται
444 5344 461 5368 ,
496 5304 592 5358 καὶ
648 5303 888 5373 ἰατρείαν
921 5302 1200 5374 ἑπινοὴσει
1227 5305 1326 5374 τὴν
1356 5305 1667 5376 πρέπουσαν
1694 5319 1707 5333 ·

164 5392 239 5445 καὶ
269 5414 286 5447 ι
315 5394 726 5467 κατασκηνώσει
754 5394 852 5465 μὲν
881 5397 962 5458 εἰς
988 5395 1148 5448 τόπον
1169 5395 1332 5469 χλόης
1366 5417 1385 5448 ι
1420 5399 1713 5469 θρέμματα

163 5472 329 5551 λογικὰ
357 5489 450 5541 καὶ
474 5488 756 5559 ἁρτιπαγῆ
778 5486 912 5557 πρὸς
935 5486 1240 5552 εὐσέϐειαν,
1270 5507 1290 5539 ι
1317 5489 1411 5541 ἐπὶ
1439 5490 1494 5542 δὲ
1523 5490 1713 5552 ὕδατος

220 5608 251 5630 ·
277 5600 460 5657 Matth.
497 5621 621 5670 xxv,
655 5606 845 5661 34-56.
927 5616 952 5643 ιι
984 5603 1172 5659 Matth.
1202 5620 1334 5669 xxu,
1377 5604 1467 5658 40.

1815 4590 1965 4629 mum
2007 4574 2309 4640 curaverit,
2366 4573 2647 4629 detentum
2680 4574 2735 4631 in
2769 4589 2995 4632 carcere
3033 4592 3143 4632 non
3174 4595 3388 4648 spreve-

1814 4665 1900 4729 rit,
1987 4663 2369 4719 vehementius
2439 4663 2741 4734 instigante
2815 4666 3091 4722 desiderio
3154 4669 3390 4725 faciendi

1812 4757 1984 4821 bene;
2017 4768 2082 4808 ac
2107 4770 2282 4825 neque
2322 4756 2377 4809 in
2408 4754 2480 4809 iis
2511 4771 2634 4826 quae
2675 4756 3036 4828 aspectabiiia
3068 4770 3219 4827 sunt,
3252 4777 3393 4832 pro-'

1816 4852 1937 4916 pter
1990 4844 2320 4898 laudabilem
2373 4844 2639 4899 bonorum
2696 4845 3063 4903 insatietatem
3123 4852 3339 4906 steterit
3374 4894 3388 4915 .

1830 4952 2008 5019 uirtute
2036 4950 2188 4991 suam
2222 4937 2276 4989 in
2319 4936 2610 5008 benignum
2645 4935 2935 4993 Dominum
2963 4949 3185 5010 totaque
3217 4943 3394 4998 homi-

1819 5045 1951 5084 num
2000 5044 2174 5100 genus
2215 5029 2580 5099 propensione
2640 5042 2940 5097 amantem,
2994 5034 3386 5091 humanitatem

1820 5120 2158 5192 benignitate
2209 5128 2262 5175 et
2301 5121 2678 5177 benevolentia
2741 5123 2797 5177 in
2836 5125 2891 5177 id
2921 5126 3066 5193 quod
3098 5134 3383 5181 externum

1821 5219 2019 5284 paret,
2067 5212 2344 5267 ditiinierit
2393 5228 2455 5266 ac
2516 5215 2854 5270 aretaverit:
2909 5217 3069 5285 plane
3122 5219 3265 5270 enim
3309 5218 3389 5273 sie

1820 5306 2027 5361 audens
2076 5304 2221 5369 dico,
2270 5304 2334 5358 ad
2368 5303 2497 5359 illud
2526 5307 2824 5383 respiciens
2855 5306 2998 5376 quod
3027 5306 3231 5362 dictum
3266 5321 3384 5362 est:

1824 5416 1843 5449 ι
1882 5397 2132 5463 Quamdiu
2158 5397 2365 5452 fecistis
2409 5398 2501 5452 uni
2535 5414 2602 5453 ex
2657 5398 2745 5453 his
2782 5397 3060 5465 minimis,
3098 5400 3230 5455 mihi
3262 5400 3392 5455 [eiei—

1824 5489 1935 5543 °stis
1966 5495 1991 5521 ο
2030 5503 2043 5539 :
2087 5507 2105 5539 ι
2159 5487 2292 5556 quin
2350 5489 2657 5558 penetrabit
2685 5488 2749 5543 ad
2796 5488 3056 5545 interiora
3092 5489 3213 5560 ejus
3244 5492 3388 5565 quod

1589 5612 1612 5638 °
1643 5603 1835 5659 Matth.
1856 5615 1979 5668 xxv,
2016 5603 2105 5658 40.

1426 5718 1656 5776 VARUS
1692 5719 2092 5777 LECTIONES.

249 5811 289 5845 ⁸³
315 5789 484 5870 Γυῐίυ
510 5814 631 5878 μέν.
