3776 6204
429 249 527 315 951

1605 259 1668 325 s.
1715 264 2053 326 meum
2085 265 2515 329 cmsxsrs
3464 290 3551 354 95,

422 370 572 419 esset
621 363 1123 435 transﬁgurationis
1184 376 1619 437 sacramentum,
1648 372 1810 444 cujus
1839 389 1990 431 caus:

2109 373 2178 429 δι’
2206 376 2234 429 ὃ
2257 378 2349 430 καὶ
2374 377 2781 448 ἀγαλλιάσονται
2807 383 2973 455 δήπου
3000 384 3182 460 Θαθὼρ
3203 392 3479 466 καὶἚρμὼν,
3499 402 3555 467 ὡς

419 464 570 512 esset
606 455 789 511 futura
820 457 1096 528 ejusmodi
1129 459 1395 516 montium
1415 462 1734 529 exsultatio,
1755 464 1902 522 velut
1919 481 2004 521 ar-

2108 467 2346 540 ἀρρητόν
2376 486 2436 523 τε
2471 470 2564 526 καὶ
2592 472 2926 548 ἀνεπινόητον
2953 482 3075 551 σιγῇ
3107 482 3453 555 tamquamet;
3470 511 3560 547 και.

420 562 620 602 canum
686 558 744 604 et
796 548 1171 622 incogitabile‘
1199 551 1421 609 silentio
1493 554 1806 625 honoravit,
1854 560 1990 629 quod

2109 556 2206 627 ρδν
2234 561 2347 651 τοῖς
2374 560 2548 625 ἀξίοις
2573 559 2659 618 διὰ
2682 563 2775 636 τῆς
2799 569 2991 639 πείρας
3021 548 3422 647 immittit;
3438 548 3558 651 tari.

418 648 735 710 opportuno
811 649 1059 713 tempore
1091 643 1213 715 ipso
1254 646 1635 716 experimento
1658 648 1729 705 iis
1760 650 1855 720 qui
1916 650 2004 705 di-

418 729 513 797 gui
565 729 765 800 forent,
797 730 844 788 si
870 734 943 785 ita
994 731 1159 789 liceat
1218 733 1425 801 dicere,
1484 745 1632 793 esset
1661 753 2004 812 cognoscen-

415 821 570 874 dum.

494 912 798 983 [lucusque
854 929 983 969 vero
1021 926 1285 985 provecta
1336 918 1607 983 oratione,
1644 935 1828 992 operae
1882 938 2002 992 pre-

416 1005 555 1059 tium
611 1004 744 1059 duxi
787 1016 848 1061 ut
894 1017 949 1061 et
983 1005 1148 1063 Petro
1203 1008 1420 1078 prolata
1472 1010 1656 1074 verba,
1681 1028 1998 1083 quanquam

2105 648 2580 723 γνωσθησόμενον.

2187 917 2449 973 Ἐνταῦθα
2470 919 2529 974 δὲ
2558 921 2651 975 τοῦ
2693 922 2849 993 λόγου
2881 929 3181 1000 γενομένου,
3216 933 3301 986 καὶ
3325 935 3565 1007 τάλεγόμι-

2102 1026 2166 1063 να
2196 1008 2272 1081 τῷ
2319 1011 2512 1083 Πέτρῳ
2537 1011 2719 1077 καλῶς
2745 1013 2884 1084 ἔχειν
2903 1015 3043 1070 δοκεῖ
3080 1035 3165 1088 μοι
3186 1019 3567 1095 διαψηλαφήσαντι

418 1101 467 1151 is
508 1096 905 1153 abundantiori
939 1099 1141 1169 gaudio
1176 1109 1362 1156 tentus
1388 1101 1611 1172 spiritu,
1639 1120 1749 1159 non
1773 1105 1990 1163 haberet

2101 1103 2418 1174 φανερῶσαι
2442 1103 2521 1176 τῷ
2548 1104 2713 1178 λόγῳ,
2749 1106 2786 1161 ἀ.
2824 1109 2916 1163 καὶ
2965 1112 3038 1182 μὴ
3064 1111 3197 1183 ἔχων
3220 1115 3247 1167 ὃ
3270 1132 3318 1168 τι
3351 1118 3429 1170 καὶ
3452 1118 3568 1181 simi.

414 1188 549 1256 quid
587 1188 822 1255 diceret,
849 1191 994 1245 velut
1026 1193 1300 1263 palpando
1338 1196 1692 1265 explicarem.
1725 1197 1818 1253 llla
1850 1199 1996 1254 enim

414 1280 636 1336 luminis
692 1282 1043 1352 apparitione
1094 1285 1302 1357 Deique
1330 1288 1547 1344 visione
1579 1304 1747 1360 supra
1775 1288 1995 1345 modum

413 1375 637 1441 gavisus
688 1374 881 1431 Petrus
920 1392 986 1433 ac
1008 1377 1299 1443 delinitus,
1351 1387 1615 1451 totusque
1655 1383 1884 1436 numine
1912 1380 1996 1435 af-

409 1465 593 1531 ﬂatus,
634 1482 737 1523 nec
795 1468 983 1523 valens
1041 1483 1293 1527 sermone
1340 1472 1617 1542 explicare
1656 1473 1824 1528 animi
1862 1472 1993 1529 alie-

407 1561 681 1625 t-tionem,
710 1574 774 1614 ac
802 1576 981 1631 neque
1038 1576 1260 1617 rursum
1300 1572 1357 1617 ut
1385 1564 1609 1620 silentio
1654 1564 1830 1635 gratia
1885 1564 1995 1621 dif-

407 1654 602 1710 ﬂueret
647 1655 932 1711 sustinens
962 1695 977 1721 ,
1038 1674 1148 1713 non
1201 1659 1369 1714 stulta
1396 1660 1733 1732 stolidaque,
1771 1672 1833 1718 ut
1860 1664 1989 1735 quis

410 1747 553 1802 forte
604 1744 773 1801 fuerit
814 1748 1134 1818 suspicatus
1158 1789 1173 1814 ,
1204 1752 1434 1821 protulit
1457 1752 1623 1808 verba
1660 1753 1827 1825 :quin
1858 1770 1991 1810 vero

410 1839 541 1893 talia
572 1838 842 1911 loquitur,
878 1855 1001 1911 qua:
1032 1855 1252 1898 arcanae
1306 1843 1459 1899 illius
1489 1843 1822 1902 initiationis
1847 1845 1992 1901 divi-

405 1948 602 2003 meque
658 1934 996 2004 operationis
1048 1936 1230 2005 proles
1278 1946 1467 1992 essent
1508 1947 1673 2008 atque
1722 1941 1989 2010 germina.

403 2024 679 2092 Quidnam
746 2036 930 2081 autem
985 2028 1345 2098 pronuntiat?
1379 2048 1397 2081 ι
1437 2027 1665 2085 Domine
1696 2070 1711 2096 ,
1760 2032 1985 2102 inquit,

404 2119 609 2173 bonum
632 2128 715 2175 est
737 2134 838 2175 nos
870 2118 961 2173 hic
994 2136 1117 2176 esse
1136 2121 1186 2176 ιι.
1220 2140 1239 2174 ι
1271 2122 1573 2189 Quorsum,
1602 2123 1799 2182 Petre?
1822 2123 1987 2181 Nem-

403 2225 469 2277 pe
532 2217 592 2263 ut
629 2210 790 2279 plena
833 2210 1150 2266 turbatione
1199 2212 1485 2268 hominum
1544 2215 1988 2285 interpellatione

402 2303 743 2372 acgmolestia-
768 2303 1005 2367 liberati,
1040 2304 1465 2376 animumqueet
1484 2322 1732 2370 sensum.
1757 2323 1983 2378 separa-

402 2396 551 2451 tione
577 2411 607 2450 a
646 2398 842 2461 turbis,
866 2413 1333 2471 quorumcunquc
1372 2409 1623 2457 motuum
1654 2407 1984 2459 verborum—

402 2504 509 2558 que
554 2489 795 2546 colluvie
835 2491 1106 2558 mundati,
1140 2492 1406 2547 ineffabili
1440 2501 1532 2549 tua
1560 2495 1650 2549 illa
1673 2491 1858 2550 divina
1883 2510 1982 2566 ap-

402 2581 704 2649 paritione,
757 2582 850 2637 hic
895 2584 1000 2639 loci
1054 2584 1341 2640 irremisse
1385 2586 1981 2652 fruamur,oDomine.

400 2667 516 2724 Hoc
591 2678 776 2726 autem
845 2673 975 2741 quid
1023 2674 1219 2729 melius
1248 2675 1359 2729 sit?
1418 2674 1557 2741 Quid
1624 2691 1798 2740 vero,
1855 2676 1983 2731 dum

399 2762 525 2830 quis
553 2776 776 2817 sensum
812 2762 1047 2828 habeat,
1076 2765 1506 2822 desiderabilius
1532 2776 1625 2822 aut
1652 2767 1984 2822 amabilius?

399 2853 771 2921 Quamobrem
815 2872 827 2907 :
877 2873 895 2906 ι
927 2844 1255 2922 θοιιιὶηε,ἐί
1292 2858 1396 2922 vis,
1449 2858 1718 2912 faciamus
1762 2859 1849 2914 hic
1876 2858 1980 2912 tria

398 2946 778 3012 tabernacula,
830 2945 929 3001 tibi
996 2962 1185 3013 unum,
1218 2955 1274 3003 ct
1317 2946 1455 3005 Mosi
1531 2965 1724 3014 unum,
1765 2959 1819 3005 et
1851 2949 1981 3006 Elia:

2098 1192 2177 1262 τῷ
2204 1194 2479 1265 πνεύματι
2526 1197 2817 1268 γενόμενος
2863 1201 3103 1271 κάτοχος,
3153 1203 3252 1257 ὕπὸ
3297 1208 3572 1280 περιχαρείας

2100 1284 2420 1355 ἐφθέγξατο.
2479 1288 2559 1359 Τῇ
2610 1290 2721 1358 γὰρ
2780 1293 3116 1366 γεγενημένῃ
3168 1299 3468 1368 φωτοφανεὶᾳ
3512 1303 3576 1354 καὶ
3636 1322 3648 1339 ο

2100 1376 2331 1450 θεοπτίᾳ
2368 1379 2469 1450 τὴν
2515 1380 2698 1452 ψυχὴν
2731 1382 2876 1455 ὑπὲρ
2919 1384 3075 1453 φύσιν
3120 1387 3148 1439 ὁ
3176 1385 3360 1457 Πέτρος
3387 1388 3577 1459 ἡδόμενος

2097 1470 2192 1524 καὶ
2246 1468 2594 1542 θελγόμενος,
2630 1474 2727 1528 καὶ
2764 1474 2888 1538 ὅλος
2930 1475 3112 1542 ἔνθους
3154 1478 3429 1549 γενόμενος,
3459 1482 3579 1550 ἀφερ-

2098 1560 2358 1632 μηνεύειν
2380 1563 2437 1618 δὲ
2464 1564 2543 1636 τῷ
2573 1564 2721 1637 λόγῳ
2753 1566 2817 1620 τδ
2842 1567 3011 1632 πάθος
3047 1569 3326 1633 ἀδυνατῶν,
3359 1570 3438 1623 καὶ
3467 1572 3581 1625 πάλιν

2092 1652 2421 1724 διαρρυῆναι
2471 1659 2596 1727 σιγῇ
2618 1656 2717 1729 τὴν
2745 1658 2911 1728 χάριν
2939 1659 2999 1713 οὐ
3038 1661 3327 1733 καρτερῶν,
3350 1664 3435 1715 οὐκ
3459 1664 3583 1733 ἀφρο-

2098 1746 2265 1817 σύνης
2314 1747 2437 1803 οὐδὲ
2485 1749 2865 1821 ⁴ἠλιθιότητος,
2918 1750 2994 1816 ὡς
3035 1751 3098 1807 ἀν
3141 1770 3277 1816 τινες
3317 1754 3582 1820 ὑπολάϐοιεν,

2066 1826 2073 1835 ’
2097 1842 2508 1911 ἀποφθέγγεται
2535 1844 2779 1914 ῥήματα·
2815 1842 2954 1898 ἀλλά
2976 1843 3075 1914 τῆς
3103 1845 3331 1917 ἀρῤήτου
3366 1864 3581 1915 μυσταγω-

2096 1936 2221 2004 γίας
2253 1934 2471 2008 ἐκείνης
2512 1936 2611 1990 καὶ
2659 1936 2961 2009 θεουργίαςι
2983 1940 3284 2008 γεννήματα
3310 1938 3391 1991 καὶ
3417 1939 3586 2009 βλαστή-

2105 2043 2249 2097 ματα
2261 2067 2275 2089 ,
2292 2030 2524 2081 ποιεῖται
2543 2027 2613 2081 τὰ
2640 2029 2886 2099 ῥήματα.
2907 2028 2974 2082 Τί
2992 2028 3047 2083 δὲ
3064 2028 3155 2083 καὶ
3172 2028 3466 2100 φθέγγεταις
3482 2052 3496 2083 ι
3512 2032 3588 2085 Κύ-

2099 2134 2207 2188 ριε,
2241 2118 2401 2171 καλὸν
2429 2119 2598 2189 ἡμᾶς,
2622 2119 2812 2189 φησὶν,
2836 2112 2939 2173 ὦδε
2956 2116 3303 2184 εἷναι.ι⁹1”ίνος
3328 2121 3499 2184 ἕνεκεν,
3519 2122 3587 2174 Πέο

2090 2226 2218 2280 τρες
2240 2210 2357 2263 Ἵνα
2372 2211 2474 2281 τῆς
2499 2210 2884 2282 πλυταράχου
2899 2210 3214 2283 διοχλήσεως
3238 2211 3338 2265 τῶν
3357 2211 3587 2282 ἀνθρώπων
3664 2210 3703 2249 ’³

2089 2302 2523 2372 ἀπηλλαγμένοι,
2546 2303 2643 2358 καὶ
2679 2302 2860 2374 ψυχὴν
2894 2304 2989 2357 κει.)⁸
3028 2303 3273 2373 αἴσθησιν
3295 2307 3356 2373 τῇ
3382 2302 3589 2357 διαστάσει

2089 2395 2199 2448 τῶν
2236 2394 2432 2466 ὄχλων,
2457 2394 2568 2449 τῶν
2596 2395 2744 2459 ὅπως
2777 2396 2917 2449 ποτὲ
2948 2396 3330 2467 κινουμένωνῆ
3354 2397 3588 2467 λεγομένοιν
3700 2426 3703 2427 ν

2091 2485 2515 2558 κεκαθαρμένοι,
2542 2486 2643 2557 τῆς
2683 2486 2786 2557 σῆς
2824 2488 3115 2559 ἀφράστου
3158 2488 3448 2556 θεοφανείας
3483 2486 3592 2539 ἀνέν·

2088 2580 2240 2633 δοτον
2264 2578 2501 2633 ἐνταῦθα
2527 2578 2627 2649 τὴν
2651 2578 2962 2633 ἀπόλαυσιν
2985 2579 3221 2650 ἔχοιμεν,
3245 2579 3477 2634 Δέσποτα.
3500 2578 3591 2631 Τούο
3705 2585 3707 2591 “

2089 2687 2183 2724 του
2204 2670 2261 2724 δὲ
2286 2669 2340 2723 τί
2367 2669 2434 2724 ἂν
2469 2668 2677 2740 βέλτιον
2710 2668 2833 2739 εἴης
2872 2669 2929 2723 τί
2960 2670 3021 2724 δὲ
3063 2669 3417 2740 ποθεινότερον
3452 2668 3479 2737 ἢ
3504 2670 3593 2737 ipa-

2089 2763 2296 2833 σμιώτε
2306 2779 2396 2834 ρον
2418 2765 2531 2826 τοῖς
2554 2778 2615 2831 γε
2640 2760 2764 2817 νοῦν
2782 2761 3039 2832 ἔχουσινς
3066 2762 3227 2815 Ὥστε
3240 2758 3329 2815 οὖν
3344 2778 3361 2812 ι
3384 2760 3591 2822 Είθέλεις,

2092 2854 2289 2925 Κύριε,
2335 2855 2661 2924 ποιήσωμεν
2691 2846 2796 2905 ὧδε
2840 2856 2998 2924 τρεῖς
3040 2853 3262 2917 σκηνὰς,
3287 2853 3366 2906 σοὶ
3391 2852 3513 2923 μίαν,
3531 2850 3594 2902 καὶ

2084 2947 2279 3000 Μωσεῖ
2303 2946 2455 3016 μίαν,
2477 2945 2570 2997 καὶ
2607 2943 2768 3016 Ἠλίᾳ
2805 2943 2998 3015 μίαν.»
3026 2944 3204 2998 Καλὸν
3233 2943 3336 3015 γάρ
3364 2945 3444 2997 καὶ
3468 2942 3515 2996 τὸ
3535 2957 3593 2993 τι-

396 3054 567 3094 uuum
594 3049 639 3092 ε.
667 3057 685 3088 ι
722 3036 955 3094 Praestat
983 3039 1130 3093 enim
1162 3047 1223 3094 ut
1261 3048 1318 3096 et
1346 3050 1563 3095 mortua
1606 3042 1742 3111 legis
1774 3042 1978 3110 littera,

2090 3036 2359 3106 λευτῆσαν
2385 3037 2622 3107 γράμμα
2644 3035 2739 3089 τοῦ
2776 3036 2972 3106 νόμου,
3007 3035 3037 3089 ὃ
3074 3034 3164 3091 διὰ
3187 3035 3279 3091 τοῦ
3311 3036 3516 3096 Μωσέως
3530 3049 3594 3099 ση-

397 3147 520 3202 «ιιιω
541 3146 638 3202 per
663 3130 871 3187 Mosem
900 3129 1249 3201 designatur,
1296 3140 1464 3202 atque
1500 3132 1628 3187 viva
1656 3132 1740 3187 lex
1773 3143 1983 3189 natura:

2094 3129 2371 3201 μαίνεται·
2403 3130 2497 3183 καὶ
2521 3129 2613 3183 τὸν
2637 3128 2817 3193 ζῶντα
2845 3132 3018 3201 νόμον
3056 3130 3160 3200 τῆς
3187 3128 3409 3199 φύσεως,
3448 3126 3520 3180 τὸν
3538 3124 3595 3178 διὰ

395 3241 559 3294 quam
627 3226 816 3281 vivens
846 3224 1115 3295 propheta
1142 3223 1439 3296 signiﬁcat,
1467 3225 1555 3281 hic
1582 3236 1760 3281 tecum
1794 3226 1979 3282 sedem

396 3320 654 3384 habeant,
705 3319 795 3390 qui
827 3317 1072 3373 Verbum
1102 3332 1162 3375 es
1191 3316 1393 3372 factum
1443 3317 1626 3382 homo,
1654 3325 1708 3374 et
1737 3320 1882 3390 quod
1919 3320 1976 3374 in

397 3411 718 3468 hominibus
749 3410 1016 3465 habitavit
1042 3408 1071 3450 ιι
1103 3427 1117 3465 :
1152 3409 1245 3481 qui
1279 3424 1407 3465 vere
1430 3409 1683 3477 refectio,
1742 3413 1837 3482 qui
1871 3411 1977 3468 Do-

394 3507 581 3562 minus
629 3507 754 3560 vita:
785 3515 836 3561 et
863 3503 1095 3565 mortis.
1142 3504 1233 3559 cui
1285 3503 1482 3559 vivunt
1526 3505 1702 3560 sancti
1764 3519 1973 3571 omnes,

393 3614 707 3670 quanquam
731 3596 1001 3669 partibus,
1024 3594 1228 3667 quibus
1292 3595 1533 3651 humana
1575 3597 1885 3668 completur
1912 3612 1976 3652 ac

393 3691 756 3751 c'mtstituitur
784 3689 1028 3754 coalitio,
1070 3694 1322 3743 mutuum
1354 3687 1639 3753 discretis,
1666 3688 1975 3742 naturalem

392 3784 629 3839 obierint
648 3790 882 3838 mortem
918 3799 932 3835 :
963 3780 1057 3851 qui
1085 3779 1201 3833 Rex
1228 3795 1289 3835 es
1313 3779 1725 3843 universorum,
1763 3780 1979 3834 omnia-

391 3894 499 3947 que
545 3875 817 3938 contines,
845 3880 900 3929 et
934 3871 1125 3928 eliicis.
1170 3872 1318 3928 Utct
1380 3871 1488 3941 ipsi
1548 3872 1834 3929 inaccesso
1881 3881 1977 3928 tuo

392 3968 487 4021 illo
520 3966 644 4022 fuso
677 3964 887 4019 lumine
914 3962 1197 4028 illustrati,
1233 3971 1306 4024 te,
1334 3959 1603 4030 Verbum,
1628 3962 1771 4033 quod
1808 3963 1866 4019 in
1891 3963 1975 4019 eis

393 4057 610 4111 habites
630 4060 687 4112 et
715 4052 1051 4117 inambules,
1108 4051 1315 4105 mundo
1379 4049 1584 4105 faciant
1638 4062 1845 4119 notum,
1874 4068 1974 4108 sua

392 4149 639 4215 ipsorum
696 4141 869 4213 priori
915 4140 1024 4195 vita
1050 4139 1323 4210 deposita,
1352 4151 1446 4195 tua
1485 4149 1668 4197 autem
1702 4142 1822 4198 sola
1851 4157 1976 4211 gra-

389 4239 468 4291 tia
529 4234 644 4299 illa,
675 4232 731 4288 in
767 4240 863 4288 tuo
884 4231 1065 4303 posita
1091 4230 1299 4300 Spiritu
1324 4230 1623 4302 divinoque
1653 4232 1787 4303 igni,
1812 4232 1974 4302 juxta

391 4326 540 4400 quod
571 4324 864 4397 Evangelio
890 4324 1228 4386 decernitur,
1247 4323 1510 4379 admissa.
1541 4322 1689 4388 Vita,
1719 4323 1970 4395 inquam,

2088 3220 2183 3274 τοῦ
2212 3219 2415 3285 ζῶντος
2452 3223 2736 3292 προφήτου
2758 3220 3118 3293 δηλούμενον,
3148 3221 3375 3276 ἐνταῦθα
3401 3219 3521 3291 παρὰ
3543 3218 3596 3269 σοι

2088 3311 2536 3383 κατασκηνῶσαι,
2575 3312 2667 3366 τὸν
2716 3311 3225 3383 ὲνανθρωπήσαντα
3253 3313 3431 3381 Λόγον,
3458 3309 3533 3364 καὶ
3560 3308 3597 3359 iv

2087 3402 2398 3475 ἀνθρώποις
2427 3402 2805 3474 σκηνώσαντα,
2847 3404 2952 3476 τὴν
2991 3403 3166 3468 ὅντως
3199 3403 3497 3465 ἀνάπαυσιν,
3537 3398 3599 3450 τὸν

2087 3494 2230 3566 ζωῆς
2256 3496 2349 3549 καὶ
2380 3494 2615 3549 θανάτου
2646 3494 2873 3565 Κύριον,
2898 3490 2945 3563 ᾧ
2980 3496 3187 3560 πάντες
3216 3494 3375 3559 ζῶσιν
3396 3494 3441 3546 οἱ
3479 3491 3599 3559 ἅγιοι.

2086 3585 2191 3639 κᾶν
2212 3587 2279 3656 τῇ
2322 3584 2592 3657 διακρίσει
2630 3585 2739 3639 τῶν
2774 3585 3255 3658 συμπληρούντων
3280 3584 3447 3658 μερῶν
3467 3584 3514 3635 τὸ
3537 3581 3601 3633 ἀν-

2086 3676 2363 3748 θρώπινον
2386 3676 2688 3747 σύγκριμα,
2710 3675 2801 3730 τὸν
2830 3678 3066 3747 φυσικὸν
3083 3677 3381 3732 πεπόνθασι
3408 3676 3599 3730 θάνατον·

2084 3767 2174 3821 τὸν
2202 3766 2441 3822 Βασιλέα
2468 3766 2577 3820 τῶν
2603 3766 2761 3831 ὅλων,
2797 3767 2893 3821 καὶ
2918 3770 3175 3840 συνοχέα,
3208 3769 3304 3823 καὶ
3329 3766 3497 3822 αίτιον.
3521 3764 3603 3817 Ἵνα

2086 3856 2164 3926 τῷ
2208 3857 2490 3928 ἀπροσίτῳ
2515 3857 2611 3928 τῆς
2642 3858 2741 3928 σῆς
2782 3860 3139 3930 φωτοχυσίας
3190 3859 3603 3929 καταλαμπόμενω

2085 3950 2180 4005 καὶ
2204 3949 2379 4014 αὐτοὶ,
2415 3950 2476 4002 σε
2495 3948 2587 4002 τδν
2614 3950 2672 4002 ὲν
2701 3949 2885 4013 αὐτοῖς
2929 3951 3341 4023 κατοικήσαντα
3376 3948 3459 4003 καὶ
3480 3948 3604 4017 ἔμπε-

2088 4043 2469 4115 ριπατήσαντα
2498 4040 2691 4109 Λόγον,
2735 4040 2970 4111 φανερὸν
3002 4041 3085 4112 τῷ
3118 4042 3309 4113 κόσμῳ
3347 4040 3600 4109 ποιήσωσιν·

2082 4133 2182 4205 τὴν
2213 4132 2311 4205 μὲν
2341 4132 2617 4203 προτέραν
2670 4129 2879 4184 ἑαυτῶν
2910 4131 3060 4202 ζωὴν
3095 4132 3432 4203 ἀποθέμενοι,
3476 4124 3604 4198 μόνην

2081 4225 2140 4278 δὲ
2163 4224 2263 4295 τὴν
2291 4223 2390 4296 σὴν
2418 4222 2516 4295 τὴν
2555 4221 2632 4293 τῷ
2686 4221 2964 4293 Πνεῦματι
3000 4221 3082 4294 τῷ
3132 4224 3232 4294 σῷ,
3286 4223 3375 4277 καὶ
3406 4218 3473 4291 τῷ
3510 4216 3603 4283 θείῳ

2084 4317 2220 4388 πυρὶ
2247 4315 2651 4386 συνισταμένην
2675 4313 2817 4369 κατά
2843 4314 2941 4387 τὴν
2968 4315 3337 4384 εὐαγγελικὴν
3365 4311 3603 4379 ἀπόφασιν»

392 4396 617 4480 sublimi
686 4396 744 4476 et
796 4418 974 4473 aliena
1039 4430 1070 4470 a
1136 4415 1402 4480 materia,
1448 4415 1563 4469 vita
1606 4413 1971 4483 immortali,

2090 4407 2452 4479 εἰσδεξάμενοι
2475 4406 2657 4477 χάριν,
2682 4405 2782 4477 τὴν
2816 4405 3030 4478 ὑψηλήν
3057 4424 3119 4460 τε
3142 4408 3238 4461 καὶ
3266 4405 3436 4467 ἀῦλον,
3460 4401 3540 4470 τὴν
3562 4396 3607 4449 οὗ

391 4519 507 4574 vita
566 4531 677 4572 non
740 4518 1071 4571 senescente
1122 4519 1216 4565 aut
1275 4507 1576 4564 defectibili
1611 4548 1627 4575 ,
1702 4508 1799 4565 sed
1855 4525 1979 4581 quae

394 4622 633 4678 semper,
694 4605 925 4677 spiritus
969 4602 1183 4658 fervore
1241 4598 1315 4655 ad‘
1351 4599 1622 4670 ampliora
1680 4599 1982 4657 diviniora-

393 4716 521 4769 que,
551 4715 619 4755 ex
655 4698 1023 4755 immensitate
1082 4693 1281 4768 gratiae
1335 4704 1654 4764 promoveat
1693 4703 1861 4766 atque
1896 4710 1982 4749 as-

396 4800 608 4861 surgat.

465 4881 648 4937 Sedet
676 4881 821 4935 intra
877 4880 1077 4936 nubem
1163 4881 1550 4954 procedamus,
1581 4881 1978 4952 videamusque

395 4974 659 5046 quidnam
684 4973 776 5028 illa
797 4972 1177 5057 seusbbabeat
1201 4992 1217 5041 ;
1256 4983 1316 5029 ut
1340 4989 1437 5029 eos
1464 4974 1560 5045 qui
1599 4980 1976 5044 apparuerunt

403 5072 459 5127 in
495 5068 664 5133 nube,
693 5074 747 5122 et
779 5064 1242 5137 colloquebautur
1296 5080 1421 5120 cum
1464 5064 1621 5130 Jesu,
1659 5065 1818 5136 juxta
1867 5064 1977 5119 imo

399 5166 659 5220 latentem
691 5155 961 5232 profundo
992 5155 1430 5225 intelligentiam,
1460 5165 1732 5227 quantum
1759 5155 1981 5211 licuerit

392 5256 626 5328 vestigio
676 5252 1043 5325 inquirentes,
1103 5263 1215 5305 non
1283 5248 1443 5319 longe
1475 5248 1656 5303 simus
1686 5246 1972 5302 averitate

394 5346 503 5401 illis
540 5343 869 5417 signiﬁcata.
902 5341 1001 5399 Est
1032 5342 1217 5412 itaque
1255 5354 1377 5396 meo
1413 5354 1581 5395 sensu
1622 5339 1802 5394 nubes
1835 5338 1973 5393 lucio

392 5435 576 5500 da,ex
599 5450 707 5507 qua
760 5436 1011 5506 procedit
1065 5450 1170 5489 vox
1220 5433 1313 5489 illa
1369 5440 1619 5502 paterna,
1651 5430 1802 5486 clare
1833 5445 1971 5499 prae-

393 5526 587 5584 dicans
618 5527 873 5596 quisnam
900 5543 965 5582 ac
992 5527 1137 5584 unde
1159 5527 1232 5582 sit
1269 5524 1362 5596 qui
1391 5522 1844 5592 trausliguratur,
1871 5535 1973 5602 _co-

466 5702 498 5747 ὶ
527 5701 719 5761 Hatth.
791 5718 925 5769 xvu,
950 5703 1001 5759 4.
1081 5717 1101 5743 ο
1140 5702 1273 5760 ibid.
1350 5700 1374 5741 δ
1399 5700 1558 5757 Joan.
1603 5717 1641 5768 ι,
1673 5698 1759 5757 Η.

2079 4497 2445 4560 τελευτῶσαν,
2487 4493 2612 4549 οὔτε
2655 4494 2939 4565 γηρῶσαν,
2980 4494 3013 4565 ἤ
3051 4495 3366 4563 φθίνουσαν·
3408 4489 3508 4545 ἀλλ’
3543 4486 3606 4538 ἀεὶ

2079 4592 2147 4661 τῇ
2188 4589 2336 4655 ζέσει
2366 4586 2461 4640 τοῦ
2486 4585 2815 4655 πνεύματος,
2849 4585 2945 4638 ἐπὶ
2979 4585 3041 4639 τὸ
3075 4586 3267 4657 μεῖζόν
3298 4603 3357 4639 τε
3396 4583 3479 4637 καὶ
3502 4575 3606 4632 θειόο

2078 4698 2236 4749 τερον
2286 4678 2585 4751 προϊοῦσαν
2638 4676 2733 4731 καὶ
2792 4675 3133 4750 ὐψουμένην,
3168 4678 3258 4733 διὰ
3284 4677 3380 4747 τὴν
3403 4667 3604 4742 ἀπειρίαν

2079 4777 2180 4848 τῆς
2205 4777 2448 4849 χάριτος.

2356 4872 2449 4924 καὶ
2478 4871 2577 4941 τῆς
2602 4868 2833 4938 νεφέλης
2859 4863 2993 4919 εἴσω
3012 4862 3374 4935 χωρήσωμεν,
3401 4855 3482 4910 καὶ
3501 4851 3563 4911 τίς
3585 4846 3606 4897 δ

2078 4966 2181 5035 τῆς
2201 4964 2431 5034 νεφέλης
2453 4962 2616 5031 λόγος
2645 4960 3033 5031 σκοπὴσωμεψ
3065 4956 3158 5008 ἵνα
3189 4953 3285 5008 καὶ
3314 4941 3603 5041 τοῦςᾼὸφθὲνῖ

2079 5076 2181 5123 τας
2205 5060 2264 5112 ἐν
2287 5060 2353 5127 τῇ
2385 5056 2586 5126 νεφέλῃ
2624 5054 2718 5108 καὶ
2747 5047 3145 5111 συλλαλοῦντας
3183 5045 3262 5116 τῷ
3301 5036 3464 5111 Ἰησοῦ
3500 5036 3604 5130 κατέ

2079 5150 2170 5204 τὸν
2191 5152 2250 5203 ὲν
2282 5146 2436 5219 βάθει
2467 5145 2845 5218 κρυπτόμενον
2862 5139 3011 5204 νοῦν,
3049 5139 3152 5208 ὅση
3168 5136 3395 5204 δύναμις
3416 5130 3605 5223 ἀνιχνξυο

2084 5218 2297 5306 σαντεςέ
2336 5239 2413 5312 μὴ
2440 5238 2631 5311 πόρῤω
2653 5237 2753 5307 τῆς
2772 5233 2839 5287 δι’
2864 5231 3046 5287 αὐτῶν
3073 5225 3403 5301 δηλουμένας
3423 5218 3605 5312 es?“

2083 5300 2639 5403 yevdqseﬁa.'Necpéi.q
2670 5300 2955 5397 τοιγαροῦν
2988 5324 3103 5376 ἔστι
3130 5300 3372 5389 νφωτεινὴ
3399 5305 3520 5403 κατὰ

2086 5391 2354 5497 ἧμέτερον
2386 5391 2567 5492 λόγον,
2595 5391 2655 5485 ἐξ
2677 5418 2742 5494 ἧς
2765 5391 2879 5473 -καὶ
2904 5414 2999 5470 τοῦ
3032 5412 3247 5504 Πατρδς
3277 5400 3487 5504 ήᾳφωνὴ

2085 5534 2217 5583 εισι,
2259 5516 2342 5581 τίς
2385 5516 2479 5570 καὶ
2516 5512 2679 5573 πόθεν
2707 5513 2736 5565 ὁ
2785 5502 3301 5581 μεταμορφούμενος
3325 5497 3603 5561 διαπρυσίωί
