3776 6204
180 301 263 371 ,ωδ

1112 312 1193 393 IN
1231 313 2067 376 TRANSFIGURATIONEM
2109 317 2389 379 DOMlNI
2406 366 2419 378 .

3281 322 3393 389 θδι

184 408 497 479 capti-maca,
529 412 562 482 ἡ
596 414 690 467 ἐπὶ
725 414 814 469 τὸν
861 416 1132 490 Ἰορδάνην
1166 422 1362 493 μικρὸν
1398 424 1691 492 ἐμπροσθεπ

1836 427 1994 481 utnba
2018 428 2108 481 illa
2134 429 2280 484 haud
2318 432 2389 485 ita
2424 431 2632 502 pridem
2670 433 2933 489 advolans
2958 435 3024 490 ad
3047 434 3339 491 Iordanem
3366 454 3385 493 τ

183 502 452 554 manica
473 507 794 577 περιστερά·
820 508 883 561 τὺ
906 509 1129 582 Πνεῦμα
1154 513 1216 565 τὺ
1245 515 1419 582 ἆγιον,
1447 516 1509 568 τὸ
1526 517 1711 570 κατιὸν

182 590 340 644 ἄνωθεν
373 593 432 644 ἐν
491 595 627 648 εῐὸει
666 602 1021 671 περιστερᾶς,
1071 603 1166 656 καὶ
1222 605 1383 672 μένον
1426 608 1513 658 ἐπ’
1550 608 1711 662 αὐτὸν

181 684 340 736 ἐκεῖνον
385 685 479 738 τὸν
531 686 948 760 βαπτιζόμενον,
989 695 1083 748 καὶ
1118 712 1135 745 ι
1175 694 1526 765 βαπτίζοντα,
1570 700 1710 753 κατά

179 772 251 861 τὴν
277 778 574 849 μαρτυρίαν
589 780 860 846 Ἰωάννου,
893 786 952 838 ἐν
989 785 1262 856 πνεύματι
1288 788 1381 842 καὶ
1409 789 1563 861 πυρί·
1607 809 1624 843 ι
1651 792 1709 844 ἐν

179 859 210 933 ᾧ
248 868 327 922 καὶ
349 869 449 940 τὴν
493 872 694 944 μονὴν,
717 877 767 928 εί
796 874 941 930 οὕτω
984 878 1087 949 χρὴ
1120 880 1305 947 φάναι,
1338 859 1611 953 κατάτὴν
1649 886 1707 936 ἐν

175 956 390 1029 ἀλλήλαις
436 962 547 1017 τῶν
574 956 933 1022 ὑποστάσεων
969 969 1198 1041 ἵδρυσιν,
1227 971 1545 1026 ἀδιάστατον
1569 973 1702 1044 ἔχει.

173 1049 318 1106 Ταῦτα
343 1051 399 1106 δὲ
428 1055 557 1124 περὶ
584 1055 685 1126 τῆς
723 1059 951 1130 νεφέλης
971 1063 1110 1115 νοεῖν
1146 1063 1467 1133 ἐναγόμεθα,
1496 1066 1584 1118 τὸν
1607 1066 1704 1136 μέ-

172 1156 250 1211 γαν
278 1143 586 1199 ’Δπόστολον
629 1148 726 1202 καὶ
769 1151 900 1222 περὶ
920 1151 1094 1206 ταῦτα
1123 1153 1440 1209 διδάσκαλον
1469 1156 1702 1228 ἔχοντες,

168 1233 516 1305 ὃςΚορινθίοις
560 1238 924 1308 ἐπιστέλλων,
967 1259 987 1293 ι
1017 1243 1093 1297 Οὐ
1124 1243 1285 1311 θέλω,
1317 1246 1503 1318 φησὶν,
1558 1248 1703 1318 ὑμᾶς

166 1324 363 1391 ἀγνοεῖν,
408 1324 652 1394 ἀδελφοὶ,
687 1329 769 1382 ὅτι
800 1330 850 1382 οἱ
886 1334 1122 1404 πατέρες
1162 1337 1323 1405 ἡμῶν
1365 1338 1567 1403 πάντες
1598 1339 1702 1393 ὑπὸ

162 1415 240 1486 τήν
256 1415 467 1487 νεφέλην
492 1411 655 1488 ἦσαν,
687 1422 783 1474 καὶ
809 1422 1013 1487 πάντες
1028 1425 1115 1478 διὰ
1135 1429 1234 1497 τῆς
1263 1426 1536 1501 θαλάσσης
1554 1430 1703 1502 διῆλ-

161 1506 251 1576 θον,
277 1510 362 1562 καὶ
381 1509 584 1575 πάντες
614 1513 697 1577 εις
722 1511 814 1567 τὸν
845 1514 1089 1585 Μωῦσῆν
1120 1517 1531 1590 ἐϐαπτίσθησαν
1550 1523 1610 1577 ὲν
1630 1525 1697 1595 τῇ

161 1599 319 1671 νεφέλῃ
352 1601 444 1654 καὶ
470 1603 531 1656 ἐν
550 1606 619 1675 τῇ
647 1602 911 1679 θαλάσσῃ.
942 1623 962 1657 ι
998 1608 1077 1678 Τῇ
1110 1608 1211 1678 μὲν
1234 1610 1430 1684 νεφέλῃ
1455 1612 1516 1667 τὸ
1539 1614 1701 1668 πνεῦ-

158 1706 239 1757 μα,
265 1693 324 1762 τῇ
347 1691 404 1746 δὲ
430 1692 677 1768 θαλάσσῃ
709 1695 772 1750 τὺ
805 1696 950 1771 ὕδωρ
967 1700 1172 1767 τυπῶν,
1212 1703 1272 1768 ἐξ
1298 1697 1374 1758 ὧν
1403 1707 1498 1759 καὶ
1524 1708 1593 1761 δι’
1621 1702 1698 1764 ὧν

1813 532 2008 587 nempe
2031 518 2268 590 Spiritus
2304 528 2794 598 sanctus,Spiritus
2811 529 2972 597 quide
2990 528 3133 583 ccelo
3162 527 3386 583 δεδι-οια-

1810 604 1886 659 dit
1918 608 2186 663 columba:
2234 611 2439 679 specie,
2504 622 2799 684 manetque
2824 629 2990 683 super
3020 615 3171 669 illum
3200 618 3380 686 ipsum

1810 700 1904 766 qui
1936 698 2247 768 baptizatur
2265 711 2312 766 ο,
2340 719 2359 753 ι
2387 702 2759 773 baptizatque,
2781 705 2937 771 juxta
2966 703 3384 762 Joannis‘testi-

1811 790 2072 854 ntonium,
2097 788 2153 843 in
2183 790 2382 861 spiritu
2413 799 2468 846 et
2494 792 2602 863 igni
2647 804 2664 843 :
2694 809 2711 843 ι
2766 794 2819 849 in
2843 812 2949 864 quo
2964 804 3017 850 ct
3037 800 3380 862 continuam,

1806 879 1852 933 si
1881 879 1955 933 ita
2011 881 2173 935 liceat
2241 882 2415 953 loqui,
2487 888 2831 938 mansionem
2891 886 3073 950 habet,
3135 904 3234 956 pro
3289 890 3376 943 illa

1809 986 2168 1041 personarum
2189 973 2242 1026 in
2273 990 2331 1029 se
2364 976 2598 1030 invicem
2644 977 2793 1030 velut
2854 977 3006 1030 firma
3051 978 3179 1033 sede
3208 992 3259 1034 et
3292 982 3384 1035 in-

1807 1065 2076 1129 cessione.
2142 1064 2223 1119 Ad
2268 1066 2416 1120 hunc
2457 1076 2641 1120 autem
2676 1068 2743 1121 de
2770 1069 2915 1122 nube
2959 1084 3204 1133 sensum,
3263 1087 3387 1125 ma-

1805 1158 1898 1226 gni
1928 1157 2177 1227 Apostoli
2206 1159 2453 1212 doctrina
2483 1158 2762 1225 subvehit,
2794 1159 2867 1213 ita
2900 1159 2968 1214 de
3005 1161 3090 1215 his
3122 1163 3375 1216 scriben-

1805 1250 1877 1305 tis
1910 1250 1980 1303 ad
2043 1249 2363 1305 Corinthios
2396 1269 2409 1303 :
2441 1267 2459 1300 ι
2483 1249 2622 1304 Nolo
2674 1264 2771 1305 vos
2816 1250 3090 1320 ignorare,
3154 1250 3370 1318 fratres,

1802 1337 2062 1406 quoniam
2102 1345 2287 1407 patres
2318 1338 2489 1392 nostri
2520 1352 2715 1393 omnes
2743 1338 2845 1393 sub
2874 1339 3018 1393 nube
3048 1338 3288 1407 fuerunt,
3316 1351 3373 1396 et

1801 1441 1993 1482 onmes
2025 1440 2179 1481 mare
2208 1427 2572 1493 transierunt,
2594 1435 2648 1482 et
2680 1442 2870 1483 omnes
2898 1427 2951 1481 in
2984 1427 3165 1499 Moyse
3191 1429 3374 1499 bapti-

1803 1518 1909 1573 zati
1984 1526 2133 1584 sunt,
2169 1518 2224 1573 in
2275 1519 2447 1584 nube,
2487 1527 2543 1573 et
2570 1519 2622 1572 in
2662 1519 2799 1573 mari
2825 1527 2917 1572 ε.»
2951 1519 3107 1574 Nube
3156 1520 3375 1591 quidem

1802 1626 1900 1667 ceu
1957 1617 2088 1681 typo
2134 1619 2537 1680 repraesentans
2596 1609 2861 1678 Spiritum
2900 1650 2914 1674 ,
2985 1612 3124 1665 mari
3190 1620 3375 1667 autem

1801 1717 2029 1772 aquam,
2050 1717 2118 1757 ex
2142 1702 2347 1771 quibus
2375 1709 2429 1756 et
2449 1717 2480 1756 a
2511 1701 2715 1772 quibus
2740 1702 2861 1755 fons
2892 1710 2976 1755 est
3005 1703 3372 1772 baptismatis,

160 1782 182 1851 ἢ
206 1784 337 1854 πηγὴ
365 1766 741 1857 βαπτίσματος
764 1805 779 1820 ο
808 1766 1008 1861 μᾶλλον
1027 1792 1084 1846 δὲ
1113 1795 1215 1864 τῆς
1252 1766 1593 1867 θεογενεσίας
1635 1802 1691 1856 τό

1832 1766 1881 1847 ei
1925 1792 2108 1862 potius
2139 1766 2338 1847 divinae
2366 1766 2675 1846 nativitatis
2708 1806 2962 1860 magnum
2990 1766 3121 1847 illud
3153 1802 3217 1864 et
3238 1766 3375 1863 pulé

157 1870 274 1940 μέγα
293 1874 455 1946 δῶρον
476 1878 571 1931 καὶ
599 1879 907 1936 κάλλιστον.
944 1884 1056 1938 Καὶ
1084 1886 1193 1960 γὰρ
1208 1888 1309 1941 οὐκ
1337 1889 1483 1944 ἐστιν
1498 1891 1693 1960 ἄλλως,

154 1961 177 2053 ἢ
207 1966 258 2018 ἐν
287 1965 361 2036 τῷ
406 1968 522 2040 Υίῷ
552 1970 645 2024 τὸν
693 1973 931 2044 Πατέρα,
964 1976 997 2047 ἢ
1031 1978 1091 2032 ἐν
1116 1978 1195 2049 τῷ
1228 1982 1406 2053 Πατρὶ
1451 1983 1543 2037 τὸν
1568 1984 1695 2040 Υίὸν

152 2052 552 2128 ὶνοπτρίζεσθαι,
590 2063 674 2116 ὅτι
722 2065 798 2135 μὴ
823 2067 882 2119 ἐν
920 2067 998 2139 τῷ
1026 2069 1304 2141 Πνεύματι
1341 2052 1419 2145 τῷ
1450 2075 1612 2145 ἀγίῳ⁹
1665 2077 1694 2131 ὃ

151 2148 277 2219 παρὰ
294 2148 384 2202 τοῦ
415 2153 629 2224 Πατρὸς
660 2156 1020 2229 ἐκπορεύεται
1050 2161 1167 2232 μὲν,
1210 2162 1326 2232 Υίῷ
1360 2164 1416 2216 δὲ
1449 2168 1571 2219 κατ’
1602 2168 1694 2221 οὐ-

157 2237 244 2294 σίαν
269 2242 631 2318 ἐμφιλοχωρεϊ
654 2248 748 2301 καὶ
775 2250 1135 2321 ἀναπαύεται,
1165 2254 1241 2320 ὡς
1269 2255 1573 2325 ὀμοούσιον,
1599 2259 1692 2313 καὶ

152 2328 423 2405 ιμόθρονον.
446 2338 541 2392 καὶ
568 2339 846 2412 ὁμότιμον.

193 2425 475 2482 Κάνταῦθα
494 2430 697 2499 τοίνυν,
722 2435 813 2488 καὶ
845 2437 903 2488 ἐν
929 2436 1009 2508 τῷ
1053 2439 1294 2513 Ἰορδάνῃ
1325 2441 1386 2496 τὸ
1408 2444 1539 2497 αὐτὸ
1590 2445 1688 2515 τῆς

147 2510 343 2583 Τριάδος
360 2522 687 2591 φανεροῦται
712 2528 1027 2597 μυστήριον,
1059 2530 1130 2600 τῷ
1163 2510 1567 2605 ὑπερηνωμένῳ
1594 2510 1688 2589 κάι

145 2606 298 2678 πάντη
339 2613 611 2684 μοναδικῷ
642 2618 741 2688 τῆς
773 2620 1153 2693 ὑπερανάρχου
1188 2625 1439 2697 θεότητος
1465 2630 1686 2700 συνεχό-

138 2700 277 2790 μενόν
313 2719 372 2755 τε
398 2705 493 2758 καὶ
529 2707 922 2781 ἐκφαινόμενον
945 2712 1033 2767 διὰ
1057 2714 1169 2770 τῶν
1193 2717 1372 2771 αὐτῶν
1402 2719 1682 2790 ῥημάτων.

133 2787 415 2865 Προσθήσω
432 2797 511 2863 δὲ,
539 2799 622 2853 ὅτι
652 2801 747 2854 καὶ
766 2805 1128 2875 πραγμάτων,
1161 2809 1238 2880 τῷ
1272 2826 1335 2879 γε
1369 2787 1528 2875 θείως
1557 2829 1686 2867 σκο-

341 2889 437 2943 καὶ
477 2893 660 2947 πᾶσαν
693 2894 1197 2971 ὑπεραναϐεσηκότι
1227 2902 1324 2972 τὴν
1362 2904 1559 2971 κτίσιν,
1617 2908 1681 2978 τῇ

124 2972 304 3048 ὀδηγίᾳ
331 2979 427 3033 τοῦ
474 2983 810 3055 Πνεῦματος.
847 2988 1017 3043 Τοῦτό
1066 2993 1183 3046 ἐστι
1215 2993 1334 3047 δι’ὂ
1373 2998 1438 3067 τῇ
1485 2972 1680 3069 νεφέλῃ

1796 1884 2134 1939 cherrimum
2195 1884 2423 1940 donum.
2494 1881 2687 1953 Neque
2750 1886 2896 1938 enim
2974 1883 3080 1936 alia
3160 1884 3374 1939 ratione

1797 1983 1997 2045 potest,
2053 1975 2138 2030 vel
2172 1973 2334 2029 Pater
2368 1974 2424 2029 in
2454 1974 2618 2041 Filio,
2645 1975 2730 2030 vel
2756 1975 2929 2029 Filius
2962 1976 3014 2028 in
3033 1974 3195 2028 Patre
3223 1975 3372 2030 velut

1794 2068 1848 2121 in
1890 2066 2113 2136 speculo
2164 2065 2405 2131 elucere,
2445 2079 2606 2135 quam
2658 2080 2767 2134 qua
2800 2063 2854 2117 in
2885 2062 3095 2133 Spiritu
3155 2070 3369 2128 sancto,

1792 2161 1884 2231 qui
1929 2175 1958 2214 a
1988 2158 2151 2214 Patre
2191 2158 2463 2229 procedit,
2519 2158 2809 2228 libensque
2829 2157 2880 2210 in
2918 2154 3058 2211 Filio
3107 2163 3289 2212 manet
3314 2164 3370 2211 et

1792 2253 2130 2322 requiescit,
2201 2260 2461 2321 tanquam
2515 2251 2761 2321 ejusdem
2835 2250 3092 2306 essentia:
3127 2291 3141 2316 ,
3202 2260 3367 2321 atque

1789 2345 1986 2416 aequali
2031 2345 2159 2400 sede
2208 2356 2261 2399 et
2290 2345 2519 2399 honore.

1860 2433 1999 2488 Tum
2054 2433 2143 2487 hic
2190 2448 2357 2504 ergo,
2405 2442 2519 2487 tum
2558 2432 2614 2485 in
2647 2428 2886 2486 Jordane
2922 2429 3066 2484 idem
3124 2429 3369 2484 declara-

1788 2524 2217 2596 turgTrinitatis
2281 2524 2626 2596 mysterium,
2660 2521 2810 2592 quod
2845 2522 3083 2576 maxima
3115 2522 3367 2576 omnino-

1786 2634 1893 2690 que
1918 2616 2359 2688 singularissima
2387 2616 2593 2670 unitate
2618 2615 3121 2669 iutemeratissima:
3143 2613 3367 2668 deitatis

1786 2712 2066 2776 consistit,
2101 2708 2410 2778 iisdemque
2469 2707 2652 2762 verbis
2684 2704 3087 2759 manifestatur.
3124 2702 3365 2758 Addide-

1786 2804 1888 2859 rim
1951 2814 2078 2862 vero
2108 2807 2163 2855 et
2191 2799 2358 2852 rebus
2407 2796 2628 2861 iisdem,
2664 2794 2707 2849 si
2744 2795 2869 2865 quis
2900 2794 3084 2848 divina
3126 2791 3365 2862 quadam

1786 2894 1999 2950 ratione
2022 2891 2351 2954 consideret,
2390 2902 2726 2958 omnemque
2758 2885 3118 2941 transcendat
3146 2893 3370 2939 creatu-

1784 3002 1924 3050 ram,
1964 2983 2177 3055 Spiritu
2230 2982 2393 3037 duce.
2444 2978 2579 3034 Eam
2607 2980 2678 3034 ob
2714 2994 2827 3034 rem
2861 2977 3047 3034 eximii
3079 2976 3368 3047 praecipui-

125 3068 603 3171 περιλαμφθέντες,
635 3080 728 3171 ita".
747 3078 827 3150 τῷ
861 3083 1000 3169 φωτὶ
1026 3083 1120 3137 τοῦ
1153 3066 1447 3157 προσώπου
1475 3066 1681 3161 Κυρίου

1832 3091 1893 3131 ue
1925 3072 2183 3146 apostoli,
2210 3071 2248 3126 ii
2277 3069 2430 3142 digni
2478 3071 2677 3133 habiti,
2701 3070 2796 3140 qui
2852 3066 3364 3139 transligurationis

121 3158 304 3250 =5“?
320 3163 553 3235 ὀπτικήν
574 3167 856 3240 ἐνέργειαν
877 3154 1261 3244 ἀφαιρεθέντες
1282 3178 1333 3229 οἱ
1359 3154 1683 3250 προκριθέν-

120 3259 198 3311 τες
234 3249 348 3304 τῶν
380 3255 714 3324 ἀποστόλων,
744 3262 845 3329 τῆς
873 3262 966 3314 ἐπὶ
995 3262 1088 3316 τοῦ
1129 3264 1292 3335 ὅρους
1318 3249 1684 3340 μεταμορφώ-

122 3352 247 3428 πως
274 3344 510 3400 ἐπόπται
538 3351 885 3419 τεγενέσθαι
911 3355 1007 3408 καὶ
1040 3355 1319 3428 μάρτυρες
1340 3352 1661 3424 ἀξιωθέντες
1669 3398 1683 3423 ν

119 3427 215 3493 ἕξω
236 3435 457 3490 ﬁdth
493 3439 738 3508 ἐγένοντο
767 3443 875 3497 τῶν
902 3427 1324 3516 όρωμένων,νέτι
1355 3450 1414 3503 δὲ
1445 3451 1538 3503 καὶ
1566 3453 1688 3503 ἑαυο

122 3519 248 3588 πῶν,
289 3526 379 3581 ἴνα
409 3528 471 3583 τὸ
508 3531 692 3604 πάσης
728 3531 980 3598 θειόσεὼς
1017 3536 1061 3570 ³⁸
1111 3552 1171 3590 τε
1215 3538 1308 3591 καὶ
1346 3540 1686 3609 ἀφαιρέσεως

122 3609 413 3685 ἐκϐεϐηκὸς
453 3620 581 3688 καθ’
618 3623 892 3695 ὑπεροχὴν
932 3624 1275 3696 ὑπερούσιον,
1331 3630 1397 3699 τῇ
1428 3628 1685 3697 ὲκφάνσει

124 3701 204 3793 φῦ
234 3705 434 3776 Λόγου,
475 3712 568 3765 καὶ
586 3716 653 3785 τῇ
682 3716 992 3770 ἐπισκιάσει
1023 3717 1119 3771 τοῦ
1152 3717 1478 3790 πνεύματος,
1504 3721 1596 3773 καὶ
1617 3724 1683 3793 τῇ

126 3792 319 3854 ἀνωθεν
343 3803 410 3856 ἐκ
430 3804 528 3873 τῆς
552 3806 780 3877 νεφέλης
812 3809 1089 3883 φερομένῃ
1133 3814 1284 3883 φωνῇ
1306 3811 1401 3866 τοῦ
1428 3792 1682 3885 γεννήτοέ

134 3903 233 3956 ρος,
256 3893 325 3947 δι’
368 3897 633 3968 ἀῦλεψίας
672 3902 766 3954 καὶ
793 3904 1068 3970 ἀγνωσίας
1109 3906 1440 3960 παιδευθῶσι
1479 3910 1685 3978 μυστή-

132 3992 251 4042 ριον.
292 3984 431 4040 Ὑπὸ
483 3990 656 4061 ταύτῃ
705 3991 945 4059 γίνονται
992 3998 1058 4066 τῇ
1093 3996 1290 4070 νεφέλῃ
1341 3998 1549 4068 Μωσῆς
1590 4000 1685 4054 καὶ

141 4071 329 4143 Ἠλίας,
357 4080 451 4134 καὶ
476 4081 555 4152 τῷ
582 4083 758 4153 Ἰησοῦ
793 4086 1176 4154 συλλαλοῦντες
1205 4090 1445 4160 ὡρῶντο,
1476 4092 1568 4145 καὶ
1583 4092 1684 4161 τὴν

128 4160 288 4226 ὲξῐιδον
335 4170 501 4225 αὐτοῦ
540 4173 639 4244 τὴν
670 4174 762 4229 διὰ
808 4178 1043 4249 σταυροῦ
1073 4180 1469 4251 προμηνύουσι.
1505 4177 1607 4236 Ὧν
1640 4160 1684 4234 Ῠό

130 4256 218 4321 μὲν
244 4261 335 4314 τὸν
362 4264 629 4334 γραπτὸν,
655 4266 730 4331 ὠς
764 4267 935 4339 ἐφθην
970 4268 1160 4333 εἰπὼν,
1190 4272 1219 4323 ό
1249 4270 1306 4324 δὲ
1331 4271 1423 4325 τὸν
1455 4272 1684 4340 φυσικὸν

128 4345 272 4415 νόμον
305 4351 474 4423 δηλοῖ.
508 4354 606 4407 ’1ν’
630 4355 660 4408 ὀ
699 4354 767 4409 δι’
795 4357 1121 4428 ἀμφοτέρων
1155 4376 1175 4410 ι
1214 4358 1536 4429 πολυμερῶς
1587 4359 1682 4413 καὶ

1760 3167 1838 3220 in
1896 3172 2081 3220 monte
2131 3163 2473 3231 inspectores
2520 3168 2708 3215 essent
2759 3167 2809 3213 et
2872 3165 3041 3213 testes
3069 3198 3084 3222 ,
3137 3155 3364 3211 iutcrci-

1785 3262 1970 3332 piente
2016 3260 2182 3323 nube,
2218 3272 2284 3311 ac
2334 3256 2457 3310 luee
2501 3269 2532 3306 a
2586 3252 2871 3307 Dominico
2922 3251 3077 3305 vultu
3126 3249 3367 3304 micante

1783 3354 1963 3407 visum
2020 3363 2236 3404 onmem
2287 3346 2584 3409 adimente,
2636 3343 2893 3399 omnibus
2939 3342 3042 3398 sub
3074 3350 3358 3411 aspectum

1783 3443 2109 3500 cadentibus
2134 3447 2490 3495 excesserunt
2535 3454 2548 3490 :
2581 3438 2649 3492 ad
2677 3438 2795 3491 haec
2815 3450 2943 3490 vero
2968 3443 3023 3489 et
3048 3434 3247 3502 seipsis
3267 3473 3283 3497 ,
3305 3441 3365 3486 ut

1785 3534 1948 3590 Verbi
1991 3530 2298 3588 occultiore
2349 3528 2625 3593 doctrina,
2648 3537 2702 3583 et
2729 3524 3157 3582 obumbratione
3184 3523 3365 3594 Spiri-

1784 3636 1898 3694 tus,
1932 3641 1997 3680 ac
2029 3623 2310 3680 Geuitoris
2364 3634 2498 3675 voce
2524 3619 2592 3674 de
2620 3618 2762 3675 cmlo
2814 3618 3005 3681 missa,
3062 3615 3214 3672 velut
3261 3630 3366 3670 ea.

1784 3722 1948 3776 citate
1973 3726 2028 3776 et
2056 3718 2424 3790 ignoratione,
2450 3716 2502 3771 id
2532 3715 2670 3770 tanti
2718 3717 3129 3769 sacramentum
3187 3708 3365 3764 disce-

1783 3818 1929 3876 rent,
1961 3810 2107 3881 quod
2138 3810 2311 3864 totius
2344 3808 2637 3879 positionis
2664 3814 2719 3862 et
2748 3803 3056 3874 negationis
3089 3801 3203 3872 (ll)
3228 3800 3366 3855 emi-

1785 3910 2007 3957 nentem
2066 3900 2395 3957 substantiae
2421 3897 2815 3970 perfectionem
2838 3909 3004 3964 supra
3029 3892 3248 3947 modum
3268 3905 3365 3945 ex-

1785 3995 2026 4051 cederet.
2064 3991 2180 4047 Sub
2213 3992 2315 4047 hac
2370 3990 2517 4045 nube
2545 3990 2774 4045 veniunt
2798 3985 2978 4040 Muses
3009 3989 3063 4039 et
3095 3982 3263 4043 Elias,
3298 3995 3362 4033 ac

1784 4085 1888 4140 visi
1918 4094 2048 4141 sunt
2090 4084 2475 4153 colloquentes
2524 4096 2650 4136 cum
2677 4079 2831 4144 Iesu,
2875 4076 3360 4148 prmliuntiatitqne

1785 4176 2162 4247 ejusfuturum
2181 4189 2469 4230 excessum
2490 4188 2586 4242 per
2606 4169 3139 4238 crueem.’,Quorum,
3157 4163 3359 4225 utdixi.

1785 4269 1880 4324 ille
1914 4267 2131 4338 quidem
2177 4265 2442 4334 scriptam
2481 4265 2680 4332 legem,
2719 4261 2808 4315 hic
2834 4267 3020 4313 autem
3050 4256 3358 4311 naturalem

1787 4359 2011 4414 indicat.
2065 4357 2219 4412 Adeo
2275 4363 2335 4409 ut
2395 4351 2662 4415 Verbum,
2718 4348 2869 4421 quod
2939 4365 2958 4398 ι
2996 4344 3360 4400 multifariam

128 4437 484 4513 πολυτρόπως,
515 4463 537 4496 ι
562 4447 937 4511 ἀπστολικῶς
959 4451 1154 4511 εἰπεῖν,
1171 4450 1678 4520 ἀναγινωσκόμενος

1832 4450 2087 4519 mitisque
2141 4445 2332 4501 modis
2367 4444 2395 4484 δ
2436 4462 2455 4495 ι
2494 4442 2716 4513 legitur,
2767 4448 2829 4494 ut
2881 4435 3129 4507 Apostuli
3181 4432 3362 4486 verbis

127 4527 281 4597 Λόγος
301 4573 318 4598 ,
341 4535 434 4590 τοῦ
466 4538 566 4608 μὲν
594 4538 844 4610 ποιητὴς,
872 4539 966 4593 τοῦ
989 4539 1046 4592 δὲ
1069 4540 1359 4613 πληρωτὴς
1382 4543 1679 4615 γνωρισθῇο

128 4620 212 4672 ut
233 4623 307 4693 νῷ
336 4626 436 4696 μὲν
461 4628 612 4691 τέλος
640 4627 833 4682 ἑαυτὸν
865 4629 1026 4701 ἐπιθῇ
1061 4630 1123 4683 τὸ
1162 4630 1450 4702 μακάριον,
1483 4632 1575 4684 τὸν
1620 4632 1679 4685 δὲ

132 4713 485 4774 παλαιωθέντα
521 4720 623 4793 ἢδη
663 4721 760 4775 καὶ
784 4721 1109 4794 διαρῤυέντα
1136 4726 1248 4787 τοῖς
1279 4723 1514 4792 λογικοῖς
1575 4724 1680 4777 ὑπὸ

1788 4542 2004 4610 loquar,
2031 4538 2263 4593 alterius
2291 4534 2517 4606 quidem
2561 4537 3000 4603 cognosceretur
3034 4531 3249 4584 auctor,
3284 4521 3362 4611 al-

1787 4633 1964 4687 terius
1991 4644 2122 4685 vero
2171 4632 2643 4683 consummator:
2701 4630 2867 4690 atque
2925 4616 3083 4673 alteri
3137 4612 3375 4685 quidem.

1787 4724 2008 4779 beatum
2044 4736 2107 4777 se
2156 4720 2340 4791 ipsum
2392 4716 2556 4773 linem
2591 4714 2934 4786 adiungeret,
2988 4710 3214 4766 alteram
3242 4704 3359 4778 jam

193 4907 212 4937 ⁸
239 4898 396 4954 Joan.
428 4914 468 4965 ι,
499 4900 592 4956 35.
656 4898 806 4955 fimo
822 4898 1010 4959 Matth.
1035 4891 1298 4969 111,11.”
1335 4901 1554 4967 Cor.’x,
1596 4902 1652 4968 i,
1683 4901 1691 4955 ε

1832 4913 1844 4940 ι
1866 4894 2043 4955 'llebr.
2076 4915 2116 4966 ι,
2174 4899 2229 4953 1.

1347 5014 1582 5071 VARIAE
1639 5012 2053 5070 LECTIONES.

192 5104 229 5138 ³⁸
257 5103 415 5162 Forte
449 5102 674 5170 θέσεως.

1419 5190 1807 5249 COMBEFISII
1838 5191 2077 5250 ΝΟΤᾹΣ.

198 5284 293 5356 ill)
320 5286 506 5343 Totius
529 5285 810 5356 positionis
837 5294 887 5339 et
912 5284 1230 5356 negationis,
1251 5293 1357 5339 etc.
1397 5283 1472 5356 To
1501 5283 1685 5353 πάσης

331 5375 393 5429 τε
429 5349 540 5429 καί
567 5357 915 5429 ἀφαιρέσεως
960 5349 1078 5429 Duo
1110 5363 1246 5429 sunt
1302 5354 1448 5408 modi
1484 5349 1690 5424 cogno-

132 5427 302 5482 scendi
330 5428 540 5491 divina,
588 5425 825 5497 quorum
846 5426 950 5497 hic
981 5425 1122 5480 alter
1153 5425 1316 5479 altior
1363 5433 1448 5479 est
1468 5439 1484 5489 ;
1504 5439 1682 5497 quan-

132 5507 282 5570 quain
308 5506 363 5554 et
401 5498 523 5570 ipse
576 5492 1063 5570 deﬁcientissimus
1103 5514 1117 5549 :
1150 5504 1207 5550 ut
1232 5508 1342 5566 quo
1377 5509 1478 5570 nec
1506 5492 1677 5570 Qetttu

1785 5302 1906 5357 quae
1940 5286 2181 5359 seipsam
2213 5285 2464 5359 doceat:
2499 5280 2729 5359 omnino
2758 5277 3028 5359 excedens
3054 5268 3353 5359 quidquid

1783 5342 1853 5413 de
1877 5358 1990 5413 Deo
2009 5342 2359 5427 concipimus
2381 5368 2547 5427 supra
2579 5348 2973 5427 substantiam,
3009 5358 3074 5397 ac
3095 5342 3354 5427 substan:

1781 5409 2700 5495 tiae—eminenshumafﬁrmando,
2724 5426 2848 5495 tum
2909 5409 3179 5495 negando.
3213 5409 3353 5491 Sunt

1781 5498 1869 5553 hic
1926 5498 2109 5552 omnia
2160 5488 2318 5551 valde
2364 5492 2596 5565 mystica
2625 5500 2678 5546 et
2704 5488 2898 5543 devota
2927 5523 2942 5549 ,
2987 5488 3170 5565 potius
3203 5488 3349 5565 serio

133 5550 252 5649 εῖηξιέ
289 5550 371 5649 ςεέ
397 5550 765 5649 rigavimus;
810 5550 1128 5649 hlysterimn
1190 5550 1323 5649 exigo
1374 5563 1678 5648 ἐκϐεϐηκὸς
1777 5550 2091 5649 meditanda
2121 5578 2172 5622 et
2198 5550 2465 5649 trahenda
2488 5562 2556 5619 ad
2584 5573 2785 5625 mores,
2807 5571 2971 5628 quam
2987 5550 3350 5626 'longioribus

134 5632 244 5710 ita?
290 5632 584 5710 ὑπεροχὴν,
636 5632 963 5710 ὕπερούσιον
1004 5636 1186 5707 πάσης
1234 5632 1434 5710 θέσεως
1465 5651 1525 5686 τε
1566 5632 1676 5687 οιαὶ

136 5680 1199 5777 sgittas}:"manilii"?i.[313325.
1238 5680 1524 5762 ’ῗῖῐιῆἷιξ
1563 5680 1669 5770 ea;

1775 5639 2104 5694 commentis
2135 5636 2433 5695 oneranda.
