3790 6202
429 281 535 346 967

1590 280 1652 339 S.
1683 279 2008 338 ΑΝΟΗΕᾹΞ
2047 277 2474 338 CRETENSIS

3530 277 3620 337 983

432 407 628 453 natura
677 395 957 465 proprium
1011 402 1118 450 cst.
1182 394 1339 461 Quod
1380 401 1561 466 autem
1622 395 1688 447 ad
1717 395 1766 447 id
1800 400 2005 463 spectat

2137 396 2146 464 δ
2183 396 2332 455 ποῖος
2362 391 2464 444 οὒκ
2498 387 2609 458 ἔχει
2644 387 2799 450 τόπος
2819 386 3024 450 adadv;
3066 385 3098 456 ἧ
3123 385 3226 437 τίνι
3253 387 3511 456 χωρητικὸς
3538 393 3633 441 ἑστι

432 487 575 559 quod
604 487 885 541 intellectu
925 486 1256 556 percipitur,
1290 487 1419 555 quis
1467 487 1624 540 locus
1667 486 1895 538 omnino
1931 485 2019 537 cui

431 583 524 637 ille
550 579 738 634 desit?
763 587 858 631 aut
901 578 1082 646 qualis
1113 593 1236 632 eum
1271 593 1382 632 non
1417 579 1586 631 habet
1619 577 1815 631 locus?
1847 593 2024 646 quove

399 676 402 678 ’
434 674 558 726 loco
601 669 722 739 capi
762 667 988 738 potest?
1025 687 1043 719 ι
1087 667 1311 720 Gaudeo
1352 668 1522 738 igitur
1565 676 1786 736 propter
1814 684 1932 730 vos,
1969 677 2025 720 ut

434 763 698 826 credatis,
763 761 1022 830 Quoniam
1082 775 1191 814 non
1252 775 1400 814 eram
1450 759 1547 813 ibi.
1586 779 1602 811 ι
1659 759 1801 826 Quid
1834 758 2024 813 dicis?

433 853 553 908 Non
619 869 742 907 eras
767 854 862 916 ibi,
893 852 985 921 qui
1029 851 1232 919 ubique
1279 852 1431 914 ades,
1461 860 1518 906 et
1571 851 1768 919 imples
1837 851 2022 905 Omnia

435 946 686 1000 deitate?
726 946 847 998 Non
885 959 1010 997 cras
1049 944 1158 996 ibi?
1210 943 1461 1007 Maxime,
1495 943 1698 1012 inquit,
1726 958 1879 997 eram
1918 960 1930 994 :
1969 949 2024 995 at

439 1055 546 1092 non
581 1037 728 1107 quod
754 1044 966 1106 spectat
991 1036 1056 1088 ad
1083 1051 1311 1104 corpus,
1350 1037 1442 1088 sed
1480 1033 1629 1102 quod
1663 1034 1731 1088 ad
1767 1034 2025 1103 majesta-

437 1131 509 1184 tis
544 1130 742 1183 divinae
777 1128 1027 1195 gloriam.
1067 1144 1084 1176 ι
1129 1124 1233 1180 Sed
1258 1142 1449 1180 eamus
1475 1126 1544 1180 ad
1571 1143 1752 1181 euth
1785 1125 2026 1193 Tempus

437 1233 520 1276 est
555 1231 613 1274 ut
649 1221 974 1288 impleamus
1002 1220 1151 1287 leges
1185 1219 1440 1271 amicitire
1473 1235 1486 1271 ;
1514 1229 1730 1288 tempus
1763 1225 1821 1270 ut
1849 1217 2025 1271 domi-

2120 485 2304 553 τόπι;›;
2355 503 2372 534 ι
2425 482 2618 552 Χαίρω
2668 481 2838 532 τοίνυν
2881 479 2950 532 δι’
2995 479 3166 544 ὑμᾶς,
3214 479 3297 530 ἵνα
3345 478 3628 548 πιστεύσητε,

2121 577 2200 630 ὅτι
2233 577 2334 630 οὐκ
2357 577 2506 646 ἥμην
2530 575 2669 628 ἐκεῖ.
2714 592 2730 623 ι
2770 573 2835 624 Τί
2863 572 3084 640 λέγεις;
3112 571 3226 622 Οὐκ
3250 565 3310 640 ἧς
3339 570 3455 635 ἐκεῖ,
3479 572 3502 624 ὁ
3528 590 3632 625 παν.

2121 667 2290 737 ταχοῦ
2336 666 2550 738 παρὼν,
2593 669 2689 719 καὶ
2723 667 2790 719 τὰ
2844 664 3024 719 πάντα
3077 663 3301 733 πληρῶν
3335 665 3397 732 τῇ
3436 663 3631 732 θεότητι;

2126 761 2240 814 Οὐκ
2281 755 2349 830 ἧς
2397 761 2546 824 sicsi;
2581 757 2710 822 Ναὶ,
2759 758 2912 827 φησι,
2955 758 3127 826 ἥμην.
3195 753 3334 806 Ἀλλ’
3371 754 3425 806 οὐ
3457 756 3570 808 κατᾶ
3594 757 3628 808 τί

2126 853 2304 921 obita,
2336 849 2478 903 κατά
2497 849 2552 901 δὲ
2582 849 2644 901 τὸ
2679 849 2856 901 θεῖκὺν
2877 847 2976 916 τῆς
3007 846 3165 916 δόξης
3195 845 3424 916 ἀξίωμα.
3461 863 3476 894 ι
3518 847 3637 898 Ἀλλὰ

2121 945 2345 1011 ἄγωμεν
2382 941 2518 1012 πρὸς
2568 941 2752 994 αὐτόν.
2792 959 2810 990 ι
2861 940 3067 1007 Καιρός
3132 940 3250 990 ἐστι
3305 936 3558 1006 πληρῶσαι
3593 940 3640 989 τὰ

2124 1037 2301 1102 θεσμὰ
2327 1038 2424 1105 τῆς
2463 1037 2683 1106 φιλίας·
2725 1035 2919 1105 καιρὸς
2952 1033 3121 1100 δεῖξαι
3161 1033 3259 1103 τὴν
3305 1033 3558 1098 αὐθεντίαν
3575 1034 3639 1085 τοῦ

2125 1129 2390 1199 κράτους·
2442 1127 2634 1198 καιρὸς
2675 1127 2914 1195 πεδῆσαι
2955 1125 3094 1193 λόγῳ
3131 1123 3223 1175 τὸν
3270 1122 3500 1184 θάνατον,
3535 1127 3639 1192 φωνῇ

2125 1219 2180 1271 δὲ
2211 1219 2368 1272 λῦσαι
2394 1219 2487 1271 τοῦ
2524 1218 2821 1280 τεθνεῶτος
2850 1216 2921 1268 τὰ
2949 1217 3257 1286 σπάργανα.

440 1313 514 1365 nii
550 1313 944 1366 auctoritatem
1007 1311 1353 1380 probemus:
1409 1318 1629 1382 tempus
1686 1320 1745 1364 ut
1802 1321 2030 1364 mortem
2071 1327 2330 1368 sermone
2359 1312 2808 1383 compediamus,
2840 1319 3015 1380 utque
3042 1325 3172 1364 voce
3229 1307 3459 1363 defuncti
3511 1309 3644 1361 solita-

437 1423 557 1460 mus
599 1407 825 1460 fascias.

516 1517 533 1548 ι
571 1497 717 1550 Dixit
758 1513 888 1564 ergo
944 1495 1208 1561 Thomas,
1235 1496 1328 1566 qui
1376 1496 1580 1552 dicitur
1643 1498 1931 1571 Didymus,
1965 1497 2032 1552 ad

437 1589 848 1658 condiscipulos
875 1588 1110 1642 :Eamus
1129 1596 1179 1641 et
1200 1603 1320 1650 nos,
1345 1597 1400 1640 ut
1427 1589 1733 1645 moriamur
1748 1607 1871 1646 eum
1899 1606 1985 1646 eo.
2012 1611 2030 1643 ι

438 1681 698 1751 Prompta
759 1697 885 1743 vox,
923 1696 988 1735 ac
1017 1681 1158 1734 duos
1211 1680 1478 1749 quosdam
1511 1681 1746 1738 aﬂ’eetus
1788 1689 1917 1736 nata
1952 1682 2031 1736 si-

441 1774 726 1844 gniﬁcare,
783 1783 897 1825 tum
953 1772 1216 1824 nimirum
1275 1786 1563 1826 accensam
1627 1773 1740 1829 vim
1797 1775 2032 1837 amoris,

2213 1517 2232 1548 ι
2272 1493 2441 1552 Εἶπεν
2471 1495 2564 1552 οὖν
2595 1497 2802 1566 Θωμᾶς
2835 1497 2865 1549 ὁ
2896 1495 3192 1564 λεγόμενος
3225 1494 3439 1562 Δίδυμος
3463 1497 3649 1566 τοῖς

2134 1588 2326 1658 θηταῖς
2350 1606 2361 1617 ·
2408 1590 2669 1659 ’Ἄγωμεν
2705 1588 2802 1641 καὶ
2854 1588 3054 1658 ἡμεῖς,
3085 1586 3171 1638 ἵνα
3217 1586 3542 1656 ἀποθάνωμεν
3565 1590 3644 1655 μετ’

2132 1681 2321 1736 αὑτοῦ.
2362 1700 2380 1732 ι
2413 1681 2700 1752 Πρόθυμος
2726 1682 2761 1751 ἡ
2786 1679 2967 1750 φωνὴ,
3002 1679 3098 1731 καὶ
3125 1677 3218 1731 δύο
3237 1677 3390 1732 τινῶν
3415 1679 3648 1748 ὲνδεικτικὴ

3613 1771 3624 1786 \

2131 1771 2426 1824 διαθέσεων
2449 1787 2462 1800 ·
2502 1771 2771 1841 διαπύρου
2813 1787 2876 1823 τε
2919 1769 3172 1839 φίλτρου,
3209 1768 3304 1822 ἆτε
3342 1769 3430 1821 καὶ
3461 1771 3627 1833 τοὺςῶ

442 1866 588 1920 velut
623 1879 744 1934 quae
785 1863 948 1916 etiam
1007 1863 1168 1925 alios,
1231 1871 1290 1916 ut
1317 1878 1483 1916 cursu
1555 1865 1777 1918 concito
1809 1864 1876 1916 ad
1915 1878 2005 1917 mo

2137 1863 2262 1926 λους
2287 1863 2382 1916 ἐπὶ
2407 1863 2498 1916 τὸν
2529 1864 2625 1916 σὺν
2655 1862 2733 1933 τῷ
2766 1863 3081 1932 διδασκάλῳ
3112 1861 3343 1916 θάνατον
3368 1864 3540 1933 χωρεῖν
3557 1877 3649 1930 epo-

441 1956 692 2011 riendum
746 1969 872 2008 eum
933 1955 1203 2024 magistro
1276 1968 1664 2025 prepcrareut,
1714 1954 2029 2009 excitarat:

444 2059 556 2102 tum
587 2047 804 2100 mollem
839 2045 1108 2113 ignaviam
1141 2060 1205 2099 ac
1241 2045 1615 2099 eﬁeminatum
1647 2045 1926 2111 timorem,
1963 2055 2022 2100 ut

445 2141 590 2211 quod
621 2156 727 2192 non
759 2139 941 2192 adhuc
1004 2137 1329 2192 imminebat
1408 2138 1770 2207 conjectaret.
1826 2138 2034 2193 Verum

443 2233 610 2296 absit,
641 2240 700 2284 ut
730 2230 822 2301 qui
850 2245 949 2284 sua
985 2244 1088 2284 nos
1143 2229 1470 2292 inﬁdelitate
1523 2229 1647 2284 ﬁdei
1691 2230 2033 2286 carbonibus

444 2324 661 2378 duravit
680 2321 1178 2392 lirmavitqueUi),
1198 2321 1268 2376 ad
1285 2330 1492 2376 tantam
1511 2322 1860 2378 timiditatem
1881 2323 2035 2393 igna-

445 2418 696 2486 viamque
723 2416 1026 2471 dcvcnerit.
1060 2415 1260 2471 Demus
1285 2429 1418 2485 ergo
1451 2412 1641 2479 fuisse,
1669 2430 1778 2470 non
1802 2415 2034 2484 ignavia:

443 2509 631 2572 verba,
665 2507 760 2561 sed
787 2507 1079 2561 audentiae.
1135 2505 1244 2559 Par
1310 2505 1459 2561 enim
1493 2513 1606 2570 est,
1645 2507 1887 2560 excitato
1923 2504 2036 2559 fer-

445 2611 578 2650 vore
623 2595 1085 2665 propensiorique
1115 2594 1313 2650 aﬁectu
1368 2595 1641 2649 contortis
1693 2594 2032 2655 visceribus.

445 2688 668 2756 dignum
702 2687 910 2755 aliquid
942 2701 1041 2740 sua
1079 2686 1170 2738 illa
1198 2685 1581 2739 benevolentia
1614 2683 1670 2738 in
1705 2683 2033 2754 magistrum

448 2778 712 2835 sensisse.
744 2777 905 2839 Nam,
937 2777 1252 2847 inquit,qui
1285 2777 1354 2830 ab
1387 2791 1453 2830 eo
1483 2776 1771 2844 signorum
1798 2776 2030 2843 gratiam

449 2870 783 2937 accepimus,
839 2882 948 2938 qua
1005 2868 1378 2937 pnecellimus
1432 2869 1663 2932 multos,
1726 2866 1858 2935 quid
1919 2880 2030 2920 non

449 2960 802 3016 debuerimus
853 2958 1019 3022 ferre,
1062 2959 1106 3013 si
1144 2966 1529 3027 properantem
1594 2957 1662 3011 ad
1721 2956 2031 3026 passionem

450 3050 856 3107 deseruerimus
886 3048 908 3100 ?
945 3047 1105 3114 Eum,
1144 3050 1398 3118 inquam,
1429 3047 1523 3116 qui
1553 3046 1619 3100 ad
1670 3054 1881 3100 tantum
1933 3061 2035 3102 nos

450 3142 637 3211 gloria:
661 3141 911 3210 provexit
942 3139 1177 3208 apicem,
1202 3149 1254 3192 ut
1279 3146 1494 3192 montes
1545 3137 1710 3191 etiam
1757 3137 2034 3206 possimus

2135 1955 2410 2026 τροπάδην
2449 1955 2812 2009 διανιστῶσα·
2868 1954 3077 2018 δειλίας
3121 1970 3181 2006 τε
3230 1953 3506 2024 ἀνάνδρου,
3532 1953 3589 2016 ὡς
3609 1955 3648 2005 τί

2137 2051 2306 2120 μήπω
2348 2049 2523 2121 παρὸν
2572 2047 3046 2112 ὑποτοπάςεσθαι.
3103 2045 3245 2099 Ἀλλ’
3271 2047 3370 2098 οὐκ
3410 2045 3469 2098 ἂν
3494 2046 3559 2106 εἰς
3588 2060 3650 2096 το-

2137 2139 2326 2194 σοῦτον
2352 2139 2646 2211 ἀνανδρίας
2678 2140 2886 2210 ἤλασεν
2907 2179 2922 2202 ,
2949 2138 3130 2204 ἄπαγε
3147 2177 3161 2195 ,
3191 2139 3218 2190 ό
3241 2136 3330 2190 διὰ
3355 2135 3447 2207 τῆς
3465 2135 3564 2188 κατ’
3584 2135 3648 2186 εὑ-

2135 2233 2227 2286 τδν
2260 2232 2516 2295 ἀπιστίας
2553 2232 2701 2302 ἡμᾶς
2740 2230 3037 2301 στομώσας
3077 2231 3190 2292 τοῖς
3223 2229 3320 2298 τῆς
3359 2228 3562 2288 πίστεως
3591 2228 3649 2278 ἂν·

2134 2323 2350 2395 θραξιν.
2398 2323 2704 2392 Εὐτολμῖας
2734 2322 2864 2386 οὖν,
2914 2323 3019 2375 οὐκ
3066 2319 3353 2391 ἀνανδρίας
3394 2316 3586 2372 δεδόσθω
3605 2316 3646 2366 τὰ

2138 2418 2378 2487 ῥήματαο
2403 2415 2562 2478 Εἰκὸς
2587 2414 2695 2485 γὰρ
2723 2414 2890 2468 αὐτὸν
2924 2412 3269 2477 ἁναζέσαντα
3294 2413 3385 2464 καὶ
3419 2405 3647 2480 περιπαθὲ-

2139 2525 2331 2580 στερον
2356 2507 2756 2580 συστραφέντα,
2776 2506 2978 2559 παθεῖν
3000 2523 3052 2557 τι
3079 2505 3178 2573 τῆς
3207 2502 3340 2574 πρὸς
3359 2501 3442 2556 τὸν
3459 2499 3646 2552 6931m-

2136 2603 2228 2655 λον
2282 2601 2496 2664 εὐνοίας
2549 2601 2721 2666 ἄξιον.
2771 2599 2834 2651 Et
2887 2598 3000 2669 γὰρ
3039 2598 3152 2650 τῶν
3197 2595 3429 2667 σημείων
3469 2594 3551 2662 τὴν
3582 2589 3646 2659 χά-

2139 2712 2249 2765 ριν,
2293 2692 2452 2762 φησὶ,
2490 2692 2586 2745 καὶ
2619 2691 2822 2754 τᾶλλα,
2873 2685 2960 2754 οἷς
3006 2689 3120 2742 τῶν
3139 2688 3344 2742 πολλῶν
3374 2685 3646 2755 διαφέρομεν.

2139 2785 2444 2854 εἰλήφαμεν
2480 2783 2611 2854 παρ’
2653 2781 2845 2845 αὐτοῦ,
2880 2784 2938 2834 τί
2971 2781 3041 2835 ἂν
3075 2780 3394 2851 πεισόμεθα,
3426 2781 3467 2830 εἰ
3493 2773 3648 2846 πρὸςτδ

2139 2878 2333 2930 παθεῖν
2383 2875 2739 2945 ἐπειγόμενον
2793 2874 3240 2943 καταλείψαιμεν
3286 2872 3372 2924 τὸν
3428 2870 3498 2930 είς
3540 2864 3647 2918 τοῦτα

2137 2963 2294 3032 δόξης
2313 2965 2474 3033 ,ἡμᾶς
2505 2965 2871 3032 ἀναγαγόντα,
2896 2963 2981 3026 ὠς
3012 2965 3109 3017 καὶ
3150 2963 3250 3032 ὄρη
3287 2958 3518 3014 δύνασθαι
3540 2954 3644 3025 μεθι-

2140 3059 2294 3128 στᾷν,
2313 3062 2408 3111 καὶ
2426 3057 2462 3111 ὃ.
2483 3057 2689 3112 τούτων
2706 3057 2935 3128 μείζονα
2955 3057 3123 3128 δρᾷν;
3146 3056 3350 3110 Οὐκοῦν
3369 3047 3645 3120 σννεψὼμιθα

2138 3146 2212 3207 ὼς
2269 3146 2335 3199 ἂν
2363 3146 2458 3198 καὶ
2502 3145 2769 3216 ζήσαιμεν
2825 3146 3017 3210 ζῶντι,
3058 3147 3154 3198 καὶ
3217 3144 3484 3212 θνήσκοντι
3513 3152 3643 3191 σνντε·
3697 3177 3699 3190 ς

454 3230 776 3294 transferre,
815 3244 878 3282 ac
913 3229 1122 3297 majora
1167 3230 1252 3282 his
1287 3229 1495 3283 facere.
1542 3229 1686 3298 Ergo
1717 3245 1908 3284 eamus
1941 3245 2005 3289 co

2140 3239 2422 3308 θναίημεν.
2462 3237 2780 3307 Προθυμίας
2810 3240 2838 3291 ὀ
2875 3239 3075 3306 λόγοςι
3113 3235 3394 3305 εὐτολμίας
3425 3235 3453 3302 ἡ
3479 3227 3641 3298 γνώμιι

455 3321 634 3383 utiles,
657 3318 814 3372 ntvel
841 3319 1201 3373 convivamus
1227 3319 1454 3382 viventi,
1485 3318 1571 3373 vel
1599 3319 1854 3373 morienti
1887 3336 2040 3373 com-

455 3412 781 3465 moriamur.
844 3409 1039 3464 Sermo
1068 3411 1272 3470 alacer,
1326 3413 1546 3464 animus
1602 3414 1778 3466 audax
1810 3420 1866 3466 et
1900 3413 2040 3466 bene

457 3503 672 3559 ﬁdens!
718 3522 735 3555 ι
763 3503 967 3559 Eamus
1032 3511 1085 3556 ct
1116 3518 1238 3565 nos,
1277 3511 1336 3556 ιιι
1400 3504 1704 3558 moriamur
1730 3520 1853 3559 cum
1887 3521 1975 3559 eo.
2015 3523 2033 3556 ι

455 3595 599 3662 Quid
632 3596 716 3649 ais
741 3595 764 3648 τ
794 3594 910 3649 Non
943 3593 1128 3647 vidiSIi
1195 3593 1491 3658 traditum,
1550 3602 1604 3648 et
1665 3603 1898 3648 mortem
1937 3609 2038 3647 an-

457 3688 732 3743 nuntias?
770 3687 966 3754 Quer
1020 3701 1258 3740 cccnam.
1328 3685 1431 3740 Ubi
1495 3687 1712 3757 pelvis?
1772 3686 1876 3742 Ubi
1911 3700 2040 3742 vero

458 3783 660 3837 cohors
688 3796 814 3834 cum
852 3795 958 3850 qua
1019 3779 1294 3848 proditor,
1321 3779 1586 3832 simulato
1635 3779 1796 3834 amici
1823 3779 2036 3842 habitu.

458 3873 762 3930 beneﬁcum
795 3872 1102 3924 traditurus
1135 3869 1352 3923 accedit
1376 3869 1399 3921 ?
1423 3869 1527 3923 Ubi
1556 3886 1688 3924 vero
1731 3871 1924 3936 turbae,
1962 3871 2042 3926 l‘a-

457 3979 572 4027 ces,
597 3963 768 4031 ligna,
809 3960 1003 4030 gladii,
1058 3973 1186 4013 eum
1241 3958 1446 4028 quibus
1487 3961 1637 4014 velut
1671 3961 1738 4015 ad
1771 3961 2038 4018 latronem

456 4050 750 4106 exierunt?
780 4049 898 4104 Non
954 4058 1038 4104 est
1068 4049 1248 4103 adhuc
1294 4051 1569 4117 osculum,
1597 4053 2039 4122 comprehensio,

457 4143 716 4197 adductio
772 4142 840 4195 ad
897 4141 1130 4205 Annam,
1185 4139 1468 4195 damnatio
1549 4143 1694 4211 apud
1752 4143 2040 4214 Caipham,

460 4233 821 4306 praesentatio
849 4247 948 4303 pro
986 4232 1247 4286 tribunali
1309 4230 1494 4298 Pilati,
1565 4233 1827 4300 ludibria,
1867 4237 2042 4291 cocci-

457 4344 617 4382 nemn
656 4326 1062 4389 indumentum,
1116 4339 1320 4379 οοτοηα
1376 4325 1589 4395 spinea,
1623 4327 1895 4403 calamus,
1947 4343 2041 4382 (θος

455 4421 624 4491 laphi,
689 4431 872 4490 sputa,
963 4417 1394 4489 ﬁagellationes,
1459 4417 1709 4474 verbera.
1781 4417 2036 4474 Nondum

457 4513 664 4567 Pilatus
727 4511 974 4566 abluitur
1000 4524 1163 4580 aqua,
1194 4517 1248 4564 et
1282 4523 1480 4562 cruore
1537 4509 1828 4577 polluitur.
1881 4511 2034 4564 Non-

451 4605 582 4659 dum
614 4611 696 4658 est
719 4618 881 4667 crux,
925 4601 1364 4664 nondum'clavi,
1421 4600 1612 4669 aisque
1648 4619 1662 4656 :
1698 4618 1718 4651 ι
1756 4601 1959 4657 Eamus
1980 4614 2038 4658 et

452 4710 575 4759 nos,
614 4702 674 4747 ut
711 4696 1015 4748 moriamur
1047 4709 1167 4748 cum
1211 4707 1277 4748 eo
1309 4691 1334 4746 ξ’
1367 4711 1385 4744 ι
1427 4691 1593 4755 Sane,
1619 4692 1817 4762 inquit.
1862 4691 2036 4747 Futu-

453 4799 512 4837 ra
543 4785 700 4852 quasi
731 4784 841 4851 jam
867 4795 1073 4845 essent,
1117 4784 1414 4853 prospicio.
1472 4781 1609 4838 Nam
1670 4784 1808 4846 seio,
1845 4800 2034 4840 resus-

454 4874 648 4928 citahit
710 4872 974 4927 Lazarum
1013 4873 1370 4929 :Judteorum
1434 4876 1698 4930 accendet
1745 4874 2030 4940 invidiam,

451 4981 623 5037 eaque
651 4966 868 5020 interim
899 4964 1152 5019 evenient
1187 4984 1200 5019 :
1238 4986 1254 5016 ι
1287 4967 1489 5021 Eamus
1525 4975 1579 5022 et
1602 4983 1722 5033 nos,
1744 4975 1804 5021 ut
1833 4969 2039 5023 moria-

455 5077 578 5116 mur
610 5075 736 5115 cum
768 5075 854 5115 eo.
897 5077 916 5110 ι
965 5056 1081 5112 Non
1127 5058 1302 5114 solum
1365 5061 1605 5129 explicat
1635 5061 1765 5129 quid
1793 5061 1911 5132 ipse
1939 5064 2034 5115 ha-

453 5156 578 5212 beat
602 5154 794 5219 animi,
837 5153 932 5209 sed
961 5152 1103 5209 idem
1134 5152 1296 5206 etiam
1333 5152 1384 5206 in
1420 5153 1590 5207 sociis
1620 5164 1903 5223 provocat.

2146 3346 2165 3379 ι
2211 3330 2469 3398 ’Ἄγωμεν
2491 3329 2584 3382 καὶ
2603 3331 2786 3399 ἡμεῖς,
2817 3329 2907 3383 ἵνα
2940 3329 3310 3397 ἀποθάνοιμεν
3339 3325 3445 3395 μετ’
3466 3319 3637 3375 aitait

2141 3419 2207 3472 Τί
2251 3420 2466 3487 λέγεις;
2511 3418 2681 3472 Οὗπω
2738 3420 3133 3492 προδιδόμενον
3193 3415 3351 3483 εἶδες,
3399 3417 3480 3470 καὶ
3517 3414 3643 3466 θανεῖν

2141 3512 2459 3582 ἀπαγγέλλῃ
2481 3529 2496 3576 ;
2522 3513 2679 3581 Ζητῶ
2710 3514 2770 3566 τὸ
2795 3514 3038 3568 δεῖπνον.
3081 3533 3100 3566 ι
3151 3514 3260 3567 Ποῦ
3283 3516 3309 3566 ὁ
3341 3510 3540 3580 νιπτήρς
3568 3502 3640 3557 Πῢῧ

2141 3601 2198 3654 δὲ
2231 3603 2263 3673 ἡ
2300 3606 2519 3673 σπεῖρα,
2553 3604 2672 3674 μεθ’
2712 3600 2781 3674 ἧς
2821 3608 2850 3657 ὁ
2889 3605 3162 3676 προδότης
3193 3604 3465 3674 ἐπέρχεται
3501 3593 3640 3667 φιλελῷ

2141 3695 2219 3766 τῷ
2247 3699 2592 3767 προσχήματι
2643 3696 2940 3768 προδώσων
2974 3699 3068 3752 τὸν
3111 3698 3428 3768 εὐεργέτην;
3465 3694 3515 3745 Οί
3538 3687 3639 3759 ὄχλοι

2141 3785 2198 3840 δὲ
2227 3787 2328 3842 ποῦ
2355 3805 2368 3852 ;
2393 3790 2448 3841 αἱ
2477 3788 2654 3859 δᾷδες,
2695 3789 2764 3842 τά
2795 3789 2952 3854 ξύλα,
2983 3792 3042 3843 αι
3075 3791 3363 3860 μάχαιραι,
3393 3783 3494 3854 μεθ’
3517 3774 3572 3833 ὧν
3591 3777 3639 3834 ὡς

2141 3878 2236 3931 ἐπὶ
2250 3878 2452 3950 λῃστὴν
2474 3879 2703 3949 ἐξῄεσαν
2724 3896 2739 3946 ;
2766 3880 2920 3958 οὕτιω
2951 3882 3012 3935 τὸ
3034 3883 3266 3951 φίλημα,
3294 3882 3324 3948 ἡ
3346 3880 3428 3930 ἐπὶ
3451 3871 3636 3958 Καῖάφεξ

2144 3971 2492 4042 κατάκρισις,
2527 3974 2560 4042 ἡ
2599 3972 2693 4025 ἐπὶ
2725 3956 2974 4044 βήματος
3009 3974 3244 4028 Πιλάτου
3285 3956 3638 4038 παράστασις,οἱ

2142 4063 2470 4133 ὲμπαιγμοὶ,
2503 4063 2563 4116 τὸ
2592 4065 2846 4117 κόκκινον
2880 4064 3112 4136 ἔνδυμα,
3149 4067 3177 4118 ὁ
3205 4062 3469 4119 ἀκάνθινος
3495 4051 3636 4115 στέξα-

2142 4170 2252 4218 νος,
2285 4156 2314 4207 ὁ
2339 4154 2606 4226 κάλαμος,
2651 4156 2719 4209 τὰ
2753 4156 3104 4226 ῥαπίσματα,
3139 4155 3205 4209 τά
3239 4151 3572 4224 ἑμπτὺσματαν
3599 4137 3636 4190 αί

2144 4243 2578 4312 φραγελλώσας,
2605 4245 2661 4297 αἱ
2696 4244 2985 4314 μάστιγες.
3019 4244 3189 4297 Οὔπω
3220 4241 3432 4300 Πιλᾶτος
3449 4229 3636 4294 vti-tripi-

2143 4348 2230 4395 νος
2277 4331 2430 4385 ὕδατι
2456 4333 2552 4386 καὶ
2609 4333 2970 4404 μολυνόμενος
3007 4335 3222 4404 αἵματι.
3266 4329 3418 4384 υῦπω
3444 4317 3631 4387 σπανία*

2141 4422 2294 4477 οὔπω
2331 4419 2484 4496 ἦλοιο
2528 4426 2626 4479 καὶ
2672 4425 2884 4493 λέγεις,
2935 4443 2952 4476 ι
2985 4428 3243 4496 Ἀγωμςν
3285 4423 3373 4476 καὶ
3401 4417 3547 4487 ἡμεῖς,
3577 4409 3630 4458 ira

2142 4515 2500 4586 ἀποθάνωμεν
2543 4516 2658 4586 μετ’
2682 4517 2885 4582 αὖτοῦς
2928 4537 2947 4568 ι
2981 4517 3116 4582 Ναὶ,
3151 4515 3326 4586 φησίν.
3355 4511 3431 4572 Ὠς
3457 4499 3628 4573 παρόντα

2141 4605 2436 4676 προῦλέπω
2477 4606 2543 4658 τὰ
2589 4607 2876 4677 μέλλοντα.
2925 4609 3249 4679 Ἀναστήσει
3289 4603 3404 4672 γὰρ,
3431 4592 3540 4655 οῖδα,
3569 4587 3628 4640 τὸν

2142 4699 2428 4771 Λάζαρον·
2479 4701 2676 4771 ἀνάψει
2727 4703 2835 4755 τῶν
2890 4703 3162 4757 Ἰουδαίων
3215 4702 3299 4754 τὸν
3347 4696 3522 4768 φθόνον,
3564 4681 3622 4736 καἱ

2140 4793 2394 4862 τηνικάδε
2427 4793 2599 4846 ταῦτα
2637 4795 3002 4866 συμϐήσεται.
3057 4816 3076 4848 ι
3107 4797 3352 4863 Ἀγωμεν
3391 4789 3468 4842 καὶ
3493 4777 3621 4850 ἠμεῖἱι

2142 4884 2228 4937 ἵνα
2263 4885 2623 4956 ἀποθάνωμεν
2670 4885 2790 4956 μετ’
2835 4886 3024 4942 αὐτοῦ.
3070 4906 3088 4938 ι
3124 4886 3197 4940 Οὐ
3235 4886 3292 4938 τὸ
3319 4875 3484 4936 ἑαυτοῦ
3517 4868 3618 4956 λέγει

2145 4977 2331 5047 μόνον,
2384 4953 2535 5031 ἀλλά
2568 4953 2682 5032 καὶ-
2710 4978 2818 5034 τῶν
2859 4978 3138 5049 συννόμων
3185 4973 3422 5045 διεγείρει
3460 4963 3510 5018 τὸ
3529 4953 3616 5027 φρὸθ

2143 5085 2312 5137 νημα.

1773 5245 2162 5304 COMBEFISII
2199 5247 2433 5304 NOTAE.

523 5341 632 5409 (14)
670 5344 773 5407 Qui
815 5360 911 5398 sua
961 5359 1054 5397 nos
1104 5342 1442 5412 inﬁdelitate,
1515 5343 1638 5410 fidei
1699 5342 2018 5396 carbonibus

451 5411 678 5473 duravit,
705 5412 1056 5482 ﬁritravt’tqtte.
1089 5411 1404 5484 Στομώσας,
1455 5415 1654 5466 domter
1695 5413 1748 5484 ια
1778 5421 2016 5484 _lrempe;

450 5492 710 5549 concepta
764 5499 889 5553 v_ox,
944 5481 1269 5552 egregiaque
1327 5484 1666 5553 metaphora.
1734 5481 1788 5553 ld
1855 5497 2020 5550 porro

453 5554 705 5620 praestitit
771 5549 1010 5607 Thomas
1069 5549 1309 5607 sua'illa
1353 5549 1583 5608 accensa
1643 5549 2018 5613 confessmne,

453 5619 902 5691 θοιηίηιιιηιηεω,
931 5630 984 5691 et
1027 5621 1166 5677 Deus
1223 5639 1410 5677 meus:
1439 5639 1503 5678 cx
1548 5637 1653 5691 qua
1687 5629 1879 5676 auctor
1911 5636 2017 5674 non

451 5687 863 5760 malecolligit,
919 5690 1092 5747 fuisse
1131 5691 1398 5746 Thomam
1447 5687 1607 5747 fortis
1653 5691 2020 5760 audentisquc

451 5757 635 5829 animi.
671 5755 993 5826 Quanquam
1027 5761 1171 5817 enim
1208 5762 1287 5815 sic
1334 5763 1478 5830 loqui
1523 5763 1711 5831 gratia:
1747 5761 1881 5815 fuit'
1925 5755 2015 5821 i'Ua
2063 5769 2066 5772 ’

2126 5357 2336 5409 tamen,
2401 5345 2528 5416 quia
2599 5345 2807 5406 suavis,
2862 5353 3245 5416 consentaneae
3285 5320 3604 5416 iratiiraz,‘_ff§f

2132 5389 2696 5484 itttpritititTagitq‘ue:
2732 5389 2885 5468 illitm
2942 5414 3106 5467 etiam
3169 5410 3384 5484 animum

2131 5469 2376 5556 Ost'eudit
2409 5469 2511 5538 ’τιᾶ
2568 5469 2844 5556 ἑτιιίειιιιιε
2895 5484 3046 5556 orbis
3095 5481 3382 5556 partes,_et

2133 5555 2399 5628 barbaras
2430 5557 2579 5628 illata
2625 5555 2966 5628 prfcdicatio.
3004 5541 3185 5628 nt'vis
3229 5541 3599 5628 ιιιιῖδεμιέ¹¹ξμ³ηίξς

2130 5625 2309 5748 (situlus
2370 5627 2576 5695 majora
2625 5612 2728 5695 'pt'o
2773 5624 2973 5679 dilecto
3043 5612 3263 5676 Domino
3309 5612 3500 5684 gessisse
3549 5612 3600 5644 *ι’

2169 5704 2348 5748 eatur.

2169 5704 2348 5749 eatur.
