3790 6202
200 403 273 470 969
662 354 665 355 γ
927 392 939 407 ’
1169 403 1251 463 1N
1288 405 1650 467 LAZARUM
1684 401 2332 476 QUATRIDUANUM.

3294 404 3402 466 970

244 516 325 571 Καὶ
349 513 524 569 ταῦτα
559 514 660 584 μὲν
698 512 891 575 οὕτως.
926 514 1137 584 Νεκρὸς
1165 515 1222 569 δὲ
1248 516 1348 587 ἤδη
1375 514 1515 581 ὄζων
1545 518 1573 569 ὁ
1599 515 1701 568 Λά-

1884 513 1950 568 Ει
1981 515 2095 570 Ιιεεε
2123 514 2344 584 quidem
2373 515 2467 569 ita.
2495 518 2615 571 Jam
2646 523 2834 571 autem
2863 526 3117 571 mortuus
3152 516 3396 575 Lazarus

197 610 312 681 ζαρος
342 602 439 677 ἦν·
488 606 584 660 καὶ
635 604 839 675 Ἰησοῦς
863 605 1051 676 παρῆν
1087 608 1115 660 ὁ
1144 606 1378 677 Χριστὸς
1414 608 1508 659 καὶ
1543 606 1708 669 Θεὸς,

196 702 259 756 καὶ
282 700 328 753 τὸ
350 698 446 769 ζῇν
480 697 877 767 παρεχόμενος.
934 696 1084 749 Ἔδει
1115 697 1225 766 γὰρ
1266 696 1619 767 συντριϐῆναι
1651 699 1712 748 τὸ

194 791 351 855 σκεῦος,
383 783 485 841 εἷθ’
506 785 648 840 οὕτω
671 788 930 857 παρεῖναι
952 785 1044 839 τὸν
1073 786 1346 857 κεραμέα.
1390 786 1590 857 Ἐχρῆν
1616 784 1710 838 τὸν

190 880 291 938 οἷκον
306 880 648 952 ἐριπωθῆναι,
674 879 768 932 καὶ
787 878 1091 949 τηνικαῦτα
1114 880 1370 950 παρεῖναι
1388 877 1483 930 τὸν
1509 876 1712 930 οἰκοδό-

191 990 275 1043 μον.
297 973 415 1038 Ἀγε
439 968 503 1039 δὴ
535 965 825 1037 τοιγαροῦν
852 966 930 1036 τῷ
955 967 1199 1037 Χριστῷ,
1221 966 1318 1018 καὶ
1345 964 1465 1034 Θεῷ
1488 964 1585 1017 καὶ
1604 964 1709 1017 Λό-

188 1081 244 1134 γῳ
270 1064 484 1132 σήμερον
524 1058 618 1113 ἐπὶ
648 1057 748 1128 τὴν
777 1056 1050 1127 Βηθανίαν
1077 1055 1333 1124 ἀνάγοντι
1352 1096 1368 1122 ,
1392 1053 1487 1107 τδν
1512 1053 1711 1124 ἡμέτε-

186 1173 251 1225 ρον
275 1156 355 1207 καὶ
378 1154 542 1223 ἡμεῖς
586 1148 979 1217 συνανάξωμεν
1011 1149 1189 1216 λόγον.
1235 1146 1300 1199 Τί
1334 1147 1449 1217 γάρ
1475 1162 1612 1215 φησι
1648 1143 1710 1196 τὸ

182 1243 490 1311 Εὑαγγέλιον;
525 1260 545 1293 ‹
569 1236 894 1294 Ἐλθὼνόὖν
923 1238 1199 1309 ὁἸησοῦςο
1236 1256 1255 1288 ι
1284 1237 1397 1305 Ποῦ
1420 1236 1515 1290 καὶ
1545 1236 1709 1289 πόθεν

180 1335 605 1406 παραγενόμενοςς
658 1319 755 1396 Et;
803 1331 1110 1402 Βηθανίαν·
1168 1327 1229 1384 οὗ
1264 1318 1356 1383 Stati
1532 1328 1709 1399 ὁρμὴν

180 1424 369 1497 εἶχεν,ὲξ
392 1420 450 1480 οὗ
476 1424 714 1496 διέτριϐε
740 1424 910 1477 τόπου
934 1424 1110 1495 πέραν
1136 1422 1231 1476 τοῦ
1276 1421 1571 1493 Ἰορδάνου.
1599 1421 1709 1473 Καὶ

179 1514 257 1566 τοῦ
276 1515 357 1567 οὐκ
382 1514 496 1566 ἔστι
522 1512 787 1583 Χριστός
831 1512 866 1582 ἢ
907 1512 992 1577 τίς
1028 1511 1381 1581 ἁπολείψεται
1419 1511 1581 1574 τόπος
1610 1510 1709 1563 αὒ-

176 1605 276 1668 τοῦς
314 1605 460 1658 Ἀλλὰ
494 1604 637 1659 κατὰ
685 1604 747 1658 τὸ
775 1602 1117 1674 ἀνθρώπινον
1152 1603 1313 1657 τοῦτο
1355 1602 1613 1673 ληπτέον,
1646 1603 1707 1655 οὐ

176 1694 286 1748 κατά
317 1694 372 1747 τὸ
402 1695 603 1748 θεῖκόν.
658 1693 791 1756 Θεὸς
834 1693 941 1766 γὰρ
973 1693 1227 1765 ἀόριστόν
1260 1711 1312 1747 τι
1354 1695 1588 1764 πρᾶγμα
1616 1691 1709 1745 καὶ

172 1785 548 1855 ἀπερίδραχτον,
602 1786 919 1856 περιγραφῇ
967 1784 1209 1854 μηδεμιᾷ
1257 1781 1704 1852 συγκλειόμενον.

1823 605 2025 661 fetebat
2057 626 2070 661 :
2100 607 2405 677 aderatque
2442 607 2627 675 Jesus,
2685 608 2939 665 Christus
2971 620 3026 666 et
3076 609 3242 676 Deus,
3299 613 3397 681 qui

1814 698 1978 753 etiam
2003 699 2169 752 vitam
2196 698 2488 767 praeberet.
2537 699 2700 756 Prius
2721 702 2867 755 enim
2892 717 2987 758 vas
3004 703 3395 758 conterendnm

1813 798 1954 853 erat.
1987 804 2052 844 ac
2082 800 2197 845 tum
2229 790 2427 861 figulus
2455 803 2660 861 prmsto
2694 808 2816 849 esse
2863 794 3122 850 debebat.
3158 793 3391 866 Oporte-

1814 882 1907 936 bat
1938 889 1999 937 ut
2049 881 2247 937 domus
2277 882 2629 952 dejiceretur,
2675 898 2741 940 ac
2767 892 2881 940 tum
2910 886 3133 942 adesset
3158 888 3399 942 aedifica-

1814 977 1921 1023 tor.
1983 969 2101 1041 Age
2162 971 2351 1042 igitur,
2412 973 2636 1028 Christo
2726 976 3060 1032 ascendente
3112 977 3275 1045 hodie
3338 983 3394 1033 in

1815 1062 2158 1128 Bethaniam,
2191 1073 2243 1118 et
2275 1065 2377 1135 ipsi
2408 1065 2614 1135 pariter
2637 1082 2947 1122 sermonem
3001 1072 3394 1139 provehamus.

1813 1151 1956 1217 Quid
2016 1154 2164 1208 enim
2220 1154 2387 1209 habet
2450 1155 2861 1225 Evangelium?
2920 1177 2941 1210 ι
2998 1158 3156 1215 Venit
3213 1163 3399 1234 itaque

1811 1242 1995 1298 Jesus.
2038 1264 2056 1296 ι
2091 1243 2213 1310 Quo’
2268 1255 2364 1299 aut
2397 1247 2539 1301 unde
2581 1240 2912 1317 profectus?
2949 1251 3008 1304 ιιι
3032 1253 3393 1311 Bethaniam:

1811 1350 1924 1404 quo
1952 1335 2119 1389 etiam
2160 1337 2550 1404 contendebat,
2584 1340 2654 1394 ab
2695 1356 2760 1396 eo
2794 1342 2913 1396 loco
2949 1344 3040 1398 ubi
3078 1348 3399 1403 morabatur

1812 1436 1967 1481 trans
2027 1425 2351 1483 Iordanem.
2402 1430 2473 1483 At
2530 1429 2753 1484 ubinam
2815 1434 3067 1502 gentium
3137 1434 3398 1494 Christus

1812 1517 2003 1573 abest?
2034 1518 2234 1586 quisve
2278 1519 2437 1575 locus
2473 1536 2540 1577 co
2579 1523 2829 1578 carebit?
2866 1524 3070 1581 Verum
3098 1538 3184 1583 est
3216 1531 3270 1584 id
3303 1546 3398 1587 ac-

1811 1608 2131 1681 cipiendum
2155 1611 2309 1680 juxta
2341 1611 2395 1666 id
2422 1612 2568 1681 quod
2599 1620 2684 1669 est
2724 1615 3066 1672 humanum:
3101 1636 3209 1675 non
3238 1622 3397 1691 juxta

1810 1702 1958 1771 quod
2010 1700 2260 1755 divinum
2321 1710 2426 1756 est.
2470 1701 2615 1756 Deus
2666 1704 2943 1774 siquidem
3000 1724 3088 1764 res
3143 1713 3394 1780 quzedam

1812 1797 1899 1846 est
1955 1790 2264 1855 indefinita,
2330 1807 2499 1859 quam
2567 1808 2678 1847 non
2728 1811 3025 1864 possumus
3074 1803 3393 1870 complecti,

175 1894 189 1926 ι
227 1873 397 1928 Ἐλθὼν
417 1870 509 1928 οὖν
541 1877 570 1929 ὁ
610 1874 819 1946 Ἰησοῦς
842 1913 858 1937 ,
886 1868 1043 1944 εὗρεν
1073 1874 1236 1927 αὑτὸν
1268 1873 1541 1943 τέσσαρας
1566 1871 1701 1941 ήμέ-‹

1839 1890 2047 1946 putaque
2096 1876 2246 1930 nulla
2294 1877 2588 1932 claudatur
2636 1867 3243 1954 circumscriptione—1
3293 1892 3395 1947 Ve-

169 1984 244 2035 ρας
278 1966 370 2038 ἤδη
419 1966 615 2037 ἔχοντα
647 1969 704 2020 ὲν
746 1965 826 2037 τῷ
871 1965 1156 2037 μνημείῳθ
1194 1985 1212 2018 ι
1261 1966 1371 2019 Καὶ.
1392 1965 1550 2018 τοῦτο
1586 1963 1706 2017 λίαν

166 2060 328 2128 σοσῶς.
352 2060 465 2114 Ὶνα
492 2059 602 2130 γὰρ
630 2058 996 2113 διαλυθέντων
1029 2059 1231 2111 ὡσανεὶ
1254 2048 1364 2110 τῶν
1399 2055 1702 2126 στοιχείων,

162 2152 237 2203 καὶ
271 2152 763 2221 καινοπρεπεστὲρα
814 2168 897 2214 τις
936 2151 1169 2223 νομισθῇ
1221 2150 1315 2203 τοῦ
1364 2148 1704 2219 θαύματοςή

160 2245 399 2309 ἐπίδειξις,
422 2246 623 2314 ἀνέσχε
658 2246 756 2310 τὴν
795 2245 994 2317 ὁρμήν.
1035 2244 1145 2297 Καὶ
1170 2243 1276 2316 γὰρ
1311 2237 1380 2314 ἦν
1409 2244 1468 2295 ἐν
1500 2239 1704 2295 τοσαύ-

157 2350 256 2399 ταις
276 2339 503 2408 ἡμέραις
545 2336 912 2409 διαφθαρῆναι
942 2336 1033 2391 τὸν
1081 2339 1139 2390 ὲν
1177 2338 1359 2408 σοροῖς
1409 2335 1705 2405 γενόμενον

156 2428 370 2498 κάτοχον.
407 2448 425 2480 ι
459 2423 603 2499 Εὗρε
632 2430 813 2484 τοίνυν
854 2429 1018 2483 αὐτὸν
1041 2428 1318 2499 τέσσαρας
1349 2428 1565 2498 ἡμέρας
1597 2427 1699 2499 ἤδη

155 2520 482 2592 ίχονταὲντῷ
514 2521 790 2593 μνημείῳ.
825 2541 844 2574 ι
874 2521 972 2575 "lv’
1018 2522 1047 2574 ὁ
1071 2520 1376 2592 τριήμερος
1402 2519 1704 2588 ἀνιστάμε-

153 2628 244 2675 νος,
281 2612 570 2683 προεγείρῃ
603 2611 698 2666 τὸν
754 2606 1169 2684 τεθεραήμερον·
1217 2612 1316 2665 καὶ
1360 2610 1607 2682 μάθωσιν
1652 2614 1702 2666 oi

147 2704 433 2775 ἀγνώμονες
467 2704 738 2768 Ἰουδαῖοι,
769 2704 862 2758 τὸν
892 2705 994 2776 ἤδη
1029 2703 1281 2775 μυδῶντα
1313 2704 1580 2775 θεώμενοι
1611 2704 1702 2758 καὶ

148 2794 342 2866 ίχὼρων
392 2795 625 2867 βρύοντα
667 2795 813 2867 λόγῳ
852 2794 947 2849 τοῦ
980 2785 1273 2866 ’μνήματος
1324 2795 1698 2872 ἐξαλλδμενον.

148 2903 165 2936 ι
197 2881 356 2957 εὗρεν
385 2887 542 2941 αὑτὸν
588 2886 865 2957 τέσσαρας
898 2886 1113 2958 ἡμέρας
1159 2887 1262 2959 ἧδη
1310 2888 1504 2959 ἔχοντα
1539 2889 1598 2942 ὲν
1623 2872 1733 2958 τῷ’
1771 2941 1778 2948 .

142 2979 393 3050 μνημείῳ.
421 3000 440 3032 ι
474 2981 625 3051 Ὀσῳ
654 2980 763 3051 γὰρ
780 2981 878 3051 τῆς
897 2983 1074 3052 ταφῆς
1099 2984 1128 3035 ὁ
1153 2983 1346 3054 χρόνος
1370 2984 1698 3056 παρέτρεχε,

136 3073 358 3144 τοσούτῳ
378 3075 538 3128 πλέον
568 3078 603 3147 ἠ
623 3075 717 3129 τοῦ
741 3077 982 3147 Χριστοῦ
1003 3076 1420 3146 ὲπεθαυμάζετο
1446 3079 1696 3150 δύναμις.

1811 1966 1893 2020 nit
1927 1966 2113 2034 itaque
2144 1964 2309 2021 Jesus
2334 1983 2348 2020 :
2376 1974 2430 2021 et
2461 1968 2671 2023 invenit
2698 1986 2822 2037 eum
2859 1982 3102 2043 quatuor
3134 1979 3255 2034 dies
3280 1981 3393 2049 jam

1809 2054 1865 2108 in
1913 2062 2273 2109 monumento
2334 2055 2650 2112 habentem.
2682 2075 2702 2109 ι
2747 2059 2816 2112 Ει
2849 2060 2951 2115 hoc
2998 2064 3242 2133 sapienti
3296 2067 3397 2120 ad-

1808 2144 2033 2200 modum
2062 2144 2319 2199 consilio.
2359 2144 2430 2200 Ut
2450 2146 2597 2201 enim
2626 2148 2777 2203 velut
2805 2149 2918 2220 jam
2951 2151 3242 2210 dissolutis
3290 2159 3396 2211 ele-

1807 2237 2031 2302 mentis,
2083 2228 2416 2294 inéolentior
2463 2235 2761 2295 haberetur
2808 2243 3061 2300 miraculi
3095 2246 3389 2312 exhibitio,

1808 2330 2207 2400 profectionem
2265 2331 2523 2387 tardavit.
2591 2335 2808 2399 Etenim
2876 2344 3100 2406 poterat
3162 2354 3391 2409 compn-

1809 2424 2010 2479 truisse
2053 2431 2204 2478 tanto
2234 2423 2448 2479 dierum
2502 2426 2706 2495 spatio,
2760 2428 2852 2496 qui
2894 2428 3038 2482 inter
3059 2429 3387 2487 cadaverum

1806 2513 2057 2569 cumulos
2083 2515 2340 2570 detentus
2357 2513 2537 2569 fuerat
2561 2515 2615 2569 in
2637 2516 2966 2573 conditorio.
2993 2519 3237 2577 «Invenit
3258 2539 3390 2595 ergo

1805 2616 2044 2676 quatuor
2063 2607 2172 2678 jam
2194 2606 2314 2664 dies
2349 2608 2773 2664 habentemeum
2796 2610 2850 2665 in
2879 2627 3287 2670 monumento.»
3319 2618 3391 2674 Ut

1805 2699 2065 2753 nimirum
2099 2699 2196 2769 qui
2249 2700 2546 2756 triduanus
2578 2712 2724 2757 esset
2755 2714 3207 2773 resurrecturus,
3257 2717 3387 2765 ante

1802 2790 2102 2846 suscitaret
2131 2792 2560 2861 quatriduanum
2601 2808 2615 2845 :
2650 2804 2985 2866 nossemque
3038 2800 3262 2855 scelesti
3286 2798 3386 2855 Ju-

1801 2882 1930 2949 daei,
1957 2883 2050 2953 qui
2072 2883 2186 2953 jam
2216 2884 2348 2938 tabo
2377 2883 2707 2941 defluentem
2730 2894 2784 2942 et
2808 2889 2963 2944 sanie
2992 2893 3386 2949 scaturientem

1803 2976 1973 3030 verbo
2000 2976 2248 3032 riderent
2294 2978 2522 3034 exsilire
2550 2978 2619 3033 de
2675 2990 3055 3037 monumento.
3101 3003 3122 3037 ι
3167 2984 3386 3041 Invenit

1801 3081 1926 3121 eum
1957 3067 2067 3137 jam
2094 3077 2336 3139 quatuor
2359 3069 2480 3126 dies
2532 3069 2827 3127 habentem
2860 3073 2914 3129 in
2937 3086 3317 3135 monumento.
3358 3099 3379 3131 ι

140 3180 157 3209 ι
190 3158 295 3216 Ἦν
340 3167 393 3220 δὲ
425 3168 459 3238 ἡ
502 3166 742 3238 Βηθανία
786 3166 956 3236 ἐγγὺς
1000 3167 1412 3238 Ἰεροσολύμων,
1466 3171 1542 3232 ὡς
1591 3171 1699 3223 ἀπὸ

1839 3161 1925 3223 luo
1950 3159 2099 3213 enim
2140 3169 2357 3230 tempus
2387 3163 2690 3231 sepulturae
2729 3164 3058 3233 productius
3089 3168 3288 3234 fuerat,
3318 3186 3385 3226 eo

134 3259 347 3313 σταδίων
384 3262 703 3316 δεκαπέντε.
735 3282 756 3315 ι
807 3264 908 3315 Διὰ
953 3262 1112 3316 τοῦτο
1151 3263 1392 3318 πλεῖστοι.
1422 3238 1560 3335 πρδς
1594 3281 1698 3316 πα-

140 3355 391 3422 ραμυθίαν
412 3357 641 3428 ἐξῄεσαν
656 3355 876 3427 Μαρίας
896 3357 992 3410 καὶ
1019 3355 1273 3427 Μάρθας.
1305 3376 1323 3409 ι
1353 3358 1544 3412 Πολλοὶ
1566 3359 1696 3429 γὰρ,

145 3447 275 3513 φησὶ.
306 3448 413 3501 τῶν
457 3447 732 3501 Ἰουδαίων
774 3446 1109 3517 ἐληλύθεσαν
1163 3447 1301 3518 πρὸς
1346 3448 1575 3519 Μάρθαν
1603 3451 1699 3502 καὶ⁴

143 3536 218 3604 τὴν
238 3539 479 3611 Μαρίαν,
518 3539 609 3594 ἴνα
648 3540 1166 3612 παραμυθήσωνται
1221 3538 1390 3603 αὑτὰς
1431 3540 1559 3610 περὶ
1602 3538 1697 3592 τοῦ

141 3624 348 3697 ἀδελφοῦ
377 3628 581 3682 αὐτῶν.
625 3647 645 3679 ι
686 3630 796 3683 Καὶ
843 3630 1088 3691 εἰκότως.
1139 3627 1341 3709 Ἐγγὺς
1390 3628 1497 3699 γάρ
1530 3626 1699 3698 οὔσης

132 3715 218 3784 τῆς
260 3719 489 3793 πόλεως,
523 3720 671 3782 sine;
714 3716 784 3791 ἦν
829 3719 1047 3784 πλείους
1081 3721 1220 3789 πρὸς
1262 3719 1434 3784 αὐτὰς
1474 3720 1697 3786 ἐξιέναι,

140 3802 263 3862 δυοῖν
291 3810 517 3882 θάτερον
541 3826 557 3841 ·
602 3811 636 3882 ἢ
675 3813 746 3882 τῇ
792 3811 924 3882 περὶ
953 3811 1046 3864 τὸν
1096 3810 1211 3885 βίον
1251 3810 1544 3881 σεμνότητι
1581 3813 1695 3863 τοῖν

141 3902 359 3961 γυναίοιν
400 3903 774 3973 ἐφηδομένους
797 3916 812 3932 ’
866 3902 962 3956 καὶ
1015 3903 1126 3973 γὰρ
1182 3898 1251 3974 ἦν
1281 3904 1329 3956 ὁ»
1362 3902 1479 3972 βίος
1518 3902 1699 3955 αὐτῶν

139 3985 388 4064 λαμπρὸς,
425 3995 521 4047 καὶ
569 3992 691 4051 κατ’
742 3994 944 4065 ἀρετὴν
988 3994 1232 4065 ὲξέχων·
1278 3994 1311 4064 ἢ
1355 3994 1443 4048 διὰ
1491 3994 1551 4048 τὸ
1600 3996 1699 4065 τῆς

138 4077 297 4155 λύπης
322 4086 636 4155 ἐπαγωγὸν,
669 4086 865 4156 ὀδύνης
911 4087 1157 4156 ὑπάρχον
1181 4087 1397 4156 μεστόν.
1439 4086 1585 4157 Πλὴν
1616 4087 1699 4139 ὅτι

135 4172 184 4226 τὸ
231 4177 429 4248 πλῆθος
485 4178 597 4231 τῶν
650 4178 1081 4248 συνειλεγμένων
1122 4177 1570 4251 προσεμαρτύρει
1622 4178 1698 4248 τῷ

134 4259 376 4336 Θαύματι,
425 4271 522 4322 καὶ
573 4268 676 4323 οὐκ
727 4269 1056 4341 ἀλυσιτελὴς
1109 4266 1247 4342 ἦνή
1303 4271 1519 4325 τούτων
1572 4289 1699 4324 συν-

131 4352 378 4428 άθροισις.

196 4470 214 4501 ι
252 4452 314 4505 Ἥ
342 4451 439 4508 οὖν
467 4455 668 4527 Μάρθα
694 4457 771 4520 ὡς
801 4457 1040 4526 ἠκουσεν
1064 4456 1162 4508 λὸτι
1205 4455 1414 4526 Ἰησοῦς
1454 4455 1696 4526 ἔρχεται.

1806 3250 1980 3304 virtus
2041 3249 2250 3306 Chrisd
2309 3252 2573 3321 majorem
2644 3254 3071 3312 admirationem
3123 3260 3381 3317 habebat.

1808 3357 1827 3390 ι
1862 3340 1994 3394 Erat
2027 3348 2207 3395 autem
2242 3340 2507 3396 Bethania
2539 3342 2696 3410 juxta
2745 3343 3166 3419 Jerosolymam,
3223 3356 3382 3422 quasi

1801 3432 1998 3487 stadiis
2024 3432 2362 3501 quindecim.
2393 3451 2412 3484 ι
2473 3433 2687 3490 Idcirco
2728 3438 2918 3506 plures
2978 3446 3035 3491 ut
3068 3439 3294 3496 Mariam
3331 3457 3385 3498 et

1803 3521 2068 3576 Martham
2106 3523 2535 3580 consolarentur
2569 3528 2836 3582 exierant.
2868 3548 2886 3581 ι
2913 3529 3065 3586 Multi
3110 3534 3279 3598 enim,
3306 3534 3411 3590 ιιι-⁷

1801 3616 1940 3684 quit,
1971 3631 2035 3670 ex
2063 3614 2293 3682 Judeis,
2322 3628 2593 3683 venerant
2614 3604 2692 3674 ‘ad
2728 3619 2994 3693 Martham
3026 3634 3083 3678 et
3130 3624 3381 3692 Mariam,

1802 3711 2309 3767 utconsolareutur
2357 3723 2454 3764 eas
2490 3710 2562 3765 de
2593 3711 2768 3766 fratre
2821 3728 2945 3768 suo.
2984 3725 3024 3766 ι
3070 3714 3126 3770 Id
3159 3719 3381 3786 quidem

1802 3804 2018 3858 merito.
2047 3799 2183 3855 Nam
2245 3816 2372 3855 cum
2400 3802 2600 3859 civitas
2635 3819 2805 3874 prope
2836 3814 3009 3870 esset,
3047 3822 3149 3877 par
3172 3820 3293 3864 erat
3327 3824 3385 3867 ut

1802 3895 1868 3947 ad
1898 3909 1992 3949 eas
2020 3894 2210 3964 plures
2263 3895 2502 3957 exirent,
2568 3896 2838 3951 alterutro
2885 3913 2953 3953 ex
3001 3899 3087 3954 his
3109 3900 3214 3956 fine
3248 3921 3262 3956 :
3291 3913 3384 3957 aut

1803 3988 1929 4055 quia
1966 3986 2202 4040 honesta
2276 3987 2570 4057 utriusque
2638 3988 2856 4046 feminae
2914 3992 3386 4051 vitadelectaren-

1802 4086 1932 4143 tur;
1960 4086 2078 4131 erat
2133 4077 2282 4131 enim
2330 4077 2423 4133 illa
2476 4079 2652 4144 clara,
2695 4088 2748 4135 et
2777 4080 2982 4138 virtute
3026 4089 3382 4156 praecellens;

1802 4167 1885 4221 vel
1926 4177 2153 4237 propter
2184 4168 2397 4223 tristem
2465 4185 2656 4224 casum
2709 4173 3044 4246 plenumque
3067 4177 3278 4235 dolore.
3304 4182 3383 4234 Ad

1802 4260 1943 4315 hoc:
1973 4261 2202 4315 collecta
2234 4261 2529 4317 multitudo
2551 4266 2919 4322 attestabatur
2972 4270 3260 4339 miraculo,
3286 4290 3385 4331 nee

1801 4361 1991 4408 tantus
2034 4364 2338 4409 conventus
2370 4353 2573 4408 frustra
2599 4365 2738 4411 erat.

1878 4463 1898 4495 ι
1943 4445 2154 4499 Martha
2186 4462 2337 4516 ergo.
2376 4457 2432 4500 ut
2462 4449 2671 4502 audivit
2726 4452 2857 4519 quia
2889 4451 3050 4510 Jesus
3087 4459 3254 4519 venit,
3286 4471 3385 4511 oc-

120 4531 427 4612 ὗπήντῃσεν
449 4545 599 4617 αὐτῷ
620 4563 634 4578 ·
653 4548 687 4617 ὴ
705 4547 761 4598 δὲ
785 4546 976 4617 Μαρία
1000 4547 1060 4598 ὲν
1082 4546 1157 4617 τῷ
1183 4546 1317 4616 οἴκῳ
1341 4546 1657 4610 ἐκαθέζετο.
1673 4567 1691 4599 ι

1839 4536 1977 4590 nrrit
2036 4538 2115 4590 illi
2157 4556 2170 4592 :
2213 4536 2381 4593 Maria
2425 4549 2609 4593 autem
2665 4541 2811 4595 domi
2871 4546 3120 4599 sedebat.
3185 4566 3204 4599 ι
3260 4547 3382 4603 Non

112 4624 196 4682 Οὐ
223 4636 329 4705 γὰρ
366 4636 510 4705 ἔγνω
546 4638 740 4708 Μαρία
783 4639 866 4690 ὅτι
896 4638 1110 4709 Ἰησοῦς
1164 4639 1321 4709 ἣκει·
1387 4639 1450 4691 οὐ
1481 4641 1588 4710 γὰρ
1630 4639 1695 4692 ἂν

106 4713 370 4793 ἐπέμεινε
404 4728 632 4797 γνοῦσα.
695 4730 805 4784 Καὶ
851 4730 1091 4799 γνοῦσαν
1128 4731 1202 4791 δὲ,
1239 4729 1388 4795 εἰκὸς
1427 4727 1496 4801 ἦν
1525 4732 1697 4803 αὐτὴν

94 4803 135 4856 ἃ
154 4817 188 4866 ι’
215 4818 506 4875 εὐλάϐειαν
525 4822 666 4876 οἴκοι
689 4821 986 4894 καθῆσθαι,
1013 4823 1111 4884 τὰς
1132 4824 1240 4876 τῶν
1270 4825 1697 4894 παρατυχόντων

88 4898 415 4986 ἂεχομένην
438 4915 824 4986 ψυχαγωγίας.
844 4916 1169 4988 Θερμοτέρα
1197 4917 1253 4970 δέ
1282 4935 1400 4981 πως
1431 4921 1465 4990 ή
1493 4920 1696 4988 Μάρθα

82 5004 215 5054 λξαὶ
242 5006 612 5078 ἁπλουστέρα,
647 5008 709 5060 τὸ
739 5008 862 5071 ἒθος
898 5009 1304 5062 ἀνεπίπλαστον
1339 5010 1542 5080 ἔχουσα
1569 5028 1582 5041 ⁸
1616 5011 1697 5065 διὸ

72 5097 218 5146 ἱκαὶ.
250 5116 266 5148 ι
289 5100 723 5171 Προῦπήντησεν
754 5100 924 5170 αὐτῷ,
960 5101 1048 5154 ἵνα
1076 5100 1295 5165 καὶτῆς
1321 5102 1511 5166 οὐσίας
1545 5102 1692 5174 δείξῃ

102 5183 191 5231 ἐδ
212 5188 449 5256 μέγεθος,
477 5191 574 5245 καὶ
617 5190 711 5245 τοῦ
760 5191 915 5260 φίλου
946 5193 1366 5266 προαπαγγείλῃ
1406 5194 1496 5247 τὸν
1528 5195 1693 5250 θάνα-

136 5281 235 5357 inv.
286 5278 375 5343 Ὦς
419 5282 709 5350 ἀγνοοῦντι
758 5284 814 5338 δὲ
867 5285 1028 5355 δῆθεν
1081 5285 1453 5357 ἀπήγγειλεν·
1516 5289 1565 5339 εί
1601 5288 1695 5342 καὶ¹

141 5356 382 5439 ὡμολόγει
424 5375 654 5429 δυνατὸν
706 5372 847 5432 εἶναι
902 5378 962 5429 τὸ
1000 5376 1075 5447 μὴ
1122 5377 1378 5432 τεθνᾶναι
1441 5379 1694 5451 Λάζαρον

142 5464 385 5543 τιαρόντος
414 5467 606 5524 αὑτοῦ.
660 5487 678 5519 ι
714 5470 779 5524 Ei
826 5466 893 5542 ἧς
941 5471 1051 5541 γὰρ
1096 5465 1222 5533 ὧδε,
1273 5473 1460 5543 φησὶν,
1492 5473 1593 5526 οὐκ
1628 5474 1695 5528 ἂν

136 5539 387 5611 ἀπέθανεν
417 5561 447 5612 ὁ
481 5559 716 5630 ἁδελφός
756 5539 882 5632 μου.
918 5539 1031 5617 Καὶ.
1051 5563 1147 5615 νῦν
1183 5539 1347 5627 οἶδα,
1385 5564 1468 5617 ὅτι
1502 5566 1601 5618 ὅσα
1629 5563 1694 5617 ἂν

133 5631 313 5719 {lmen
339 5649 431 5702 τὸν
456 5651 613 5718 Θεὸν,
644 5631 807 5707 δώσει
857 5669 940 5707 σοι
969 5654 998 5707 ὁ
1031 5652 1186 5717 Θεός.
1219 5673 1238 5707 ι
1282 5649 1439 5718 Εἶδες
1473 5654 1692 5719 πίστιν;

129 5715 260 5800 ’ἷδις
284 5715 609 5796 άδίστακτον
632 5742 862 5816 γνώμην
885 5762 899 5811 ;
935 5745 1070 5801 Auct
1093 5715 1323 5817 τρόποις
1363 5715 1500 5800 Θεὸν
1527 5715 1693 5802 αὑτὸν

127 5818 213 5873 καὶ
254 5828 518 5902 ζωογὸνον
569 5836 936 5913 παρίσξησιν·
984 5837 1035 5889 εί
1083 5838 1178 5892 καὶ
1208 5838 1526 5908 ησφὰλλεταί
1575 5858 1694 5904 πως

437 5926 705 5990 Ριτιιοι..
750 5930 865 5991 Gn.
911 5931 1145 5998 XCVII,

1799 4628 1955 4689 enim
2000 4626 2168 4683 Maria
2209 4630 2451 4685 sciverat
2484 4630 2785 4686 adventum
2832 4634 2963 4690 Jesu
2994 4654 3008 4693 :
3045 4653 3147 4693 nec
3189 4642 3385 4711 utique

1801 4722 2120 4788 mansisset,
2176 4737 2243 4777 eo
2285 4724 2532 4793 cognito.
2588 4723 2720 4779 Erat
2772 4743 2904 4783 vero
2956 4746 3285 4803 congruum,
3325 4745 3384 4790 ut

1800 4815 2125 4868 reverentia:
2180 4830 2373 4879 causa,
2409 4818 2579 4870 etiam
2630 4819 2853 4889 cognito
2896 4822 3016 4887 illo,
3077 4823 3371 4881 adventan-

1802 4908 1941 4962 tium
1974 4909 2339 4966 salutationes
2405 4911 2681 4981 werbaqne
2725 4915 3129 4974 consolationis
3159 4935 3381 4991 suscep-

1799 5008 1927 5053 tura
1961 4999 2107 5055 domi
2144 5000 2382 5059 sederet.
2439 5001 2651 5058 Martha
2696 5016 2880 5061 autem
2924 5012 3072 5065 velut
3115 5014 3384 5069 calentior

1799 5102 1919 5145 erat
1968 5104 2033 5144 ac
2094 5092 2433 5162 simplicior,
2507 5096 2761 5167 nihilque
2822 5101 3032 5158 fucatis
3090 5108 3379 5174 moribus,

1798 5182 2037 5252 ideoque
2073 5201 2092 5234 ι
2134 5186 2496 5241 Οοοιιντῖῑίἰιί
2528 5207 2541 5243 :
2572 5209 2591 5242 ›
2626 5200 2684 5244 ιιι
2722 5204 2775 5248 et
2832 5195 3163 5250 substantia:
3192 5209 3382 5255 osten-

1799 5284 1941 5332 taret
1973 5277 2432 5349 magnitudinem,
2481 5289 2535 5337 et
2573 5292 2803 5339 mortem
2861 5288 3021 5341 amici
3076 5295 3378 5349 annuntia-

1797 5382 1905 5428 ret.
1967 5373 2351 5428 Annuntiabat
2396 5376 2625 5447 utique.
2673 5377 2823 5431 velut
2866 5378 2913 5432 ei
2970 5382 3063 5449 qui
3119 5385 3376 5451 nesciret,

1798 5480 2116 5535 quanquam
2158 5464 2435 5520 fatebatur
2468 5471 2717 5536 patuisse
2752 5486 2860 5524 non
2913 5474 3048 5527 mori
3083 5472 3375 5544 Lazarum,

1796 5566 2187 5628 eo-praaseute.
2226 5577 2245 5610 ι
2286 5557 2346 5614 Si
2378 5560 2547 5624 enim,
2585 5562 2793 5630 inquit,
2829 5563 3032 5619 fuisses
3065 5566 3177 5631 hic,
3210 5566 3379 5624 frater

1799 5668 1955 5707 meus
1985 5667 2091 5706 non
2121 5651 2318 5709 fuisset
2343 5663 2615 5710 mortuus.
2644 5655 2749 5711 Sed
2786 5668 2840 5712 et
2880 5674 3023 5713 nunc
3064 5658 3202 5721 seio.
3249 5668 3378 5730 quia

1798 5761 2142 5815 qnazcunque
2180 5749 2500 5817 poposceris
2535 5764 2565 5802 a
2604 5748 2749 5815 Deo,
2794 5750 2949 5806 dabit
3000 5753 3096 5808 tibi
3139 5752 3299 5811 Dens.
3353 5777 3372 5808 ι

1798 5837 2059 5898 Vidistin‘
2081 5828 2245 5896 tidem
2265 5837 2565 5897 ?Vidistin'
2588 5842 2833 5900 animum
2851 5860 2956 5897 non
2985 5842 3376 5902 hazsitantcm?

2865 5938 2931 5999 31
