3790 6202
459 383 561 454 οτι
1637 380 1701 440 s.
1733 377 2064 441 Annam
2094 376 2518 442 CRETENSIS
3497 397 3582 460 at

463 497 690 555 Duobus
741 491 926 550 modis
985 493 1155 549 Deum
1205 493 1388 564 ipsum
1455 501 1510 546 et
1571 503 1856 550 auctorem
1912 497 1960 552 vi

2087 504 2114 560 λ
2144 497 2212 551 δι’
2248 497 2537 566 ἁπλότητα
2562 495 2784 565 φύσεως.
2827 517 2843 548 ι
2891 499 2948 552 Ei
2979 493 3048 571 ἧς
3075 500 3178 570 γὰρ
3214 493 3358 566 ὢδε,ι
3390 507 3506 574 φησι.
3537 512 3584 563 Τί

460 587 686 644 astruit.
752 583 1082 654 Quanquam
1166 583 1418 638 nonnihil
1471 591 1670 638 natura
1735 585 1952 655 simplic

2144 589 2325 654 λέγεις
2379 588 2610 659 Μάρθας
2662 589 2983 658 ἐσφαλμένος
3034 591 3062 642 6
3094 589 3259 656 λόγος.
3293 592 3382 645 Καὶ
3403 593 3489 664 γὰρ
3521 593 3583 668 ἦν,

460 685 632 733 erret.
673 693 693 728 ι
731 675 790 730 Si
822 675 995 739 enim,
1033 675 1234 744 inquit,
1262 673 1462 729 fuisses
1501 674 1612 729 hic.
1653 693 1671 726 ι
1700 674 1843 742 Quid
1873 676 1957 731 dic

2145 685 2242 736 atati.
2287 682 2494 750 παρῆν,
2551 681 2648 734 καὶ
2699 682 2925 750 πάρεστι
2974 681 3264 752 πανταχοῦ.
3305 684 3419 735 Ἀλλ’
3447 686 3513 740 ἶνα
3547 691 3587 741 τὸ

462 767 711 824 Martha!
738 766 947 821 fallitur
983 780 1193 821 sermo.
1235 763 1366 818 Erat
1403 766 1632 830 etenim,
1687 775 1742 821 et
1797 783 1959 836 priest

2146 773 2335 844 θαῦμα
2376 771 2696 843 παραταθῇ,
2735 771 2922 842 μικρὸν
2966 772 3179 840 ἀνέσχε,
3211 770 3282 836 τῷ
3312 771 3484 843 θανάτῳ
3517 776 3590 846 χά,-

461 869 580 915 erat
608 879 621 914 :
667 874 767 914 nec
797 858 952 912 deest
983 872 1237 927 usquam.
1273 855 1379 911 Sed
1409 855 1477 911 ad
1500 857 1756 912 miraculi
1783 860 1958 928 amplil

2147 880 2249 933 ραν
2297 863 2478 925 διδοὺς
2520 863 2550 915 6
2598 863 2776 915 πάντα
2805 859 3016 932 πληρῶν
3069 863 3135 932 τῇ
3179 861 3390 930 θεότητι.
3425 883 3440 914 ι
3474 865 3520 917 Ei
3548 862 3593 936 ἧς

461 954 682 1015 dinem,
747 949 1036 1020 paululum
1113 947 1428 1016 spectavit,
1497 949 1664 1002 morti
1733 948 1958 1004 concedi

2145 948 2270 1019 ὦδε,
2304 955 2406 1007 οὐκ
2440 954 2506 1008 ἂν
2540 952 2782 1007 ἀπέθανὲ
2827 970 2924 1023 μου
2951 954 2980 1006 6
3001 953 3238 1022 ἀδελφός.
3266 972 3285 1004 ι
3323 953 3472 1026 Ὁρᾷς,
3496 957 3595 1020 ὅπως

459 1043 670 1103 locum,
706 1041 802 1110 qui
852 1037 1146 1094 divinitate
1192 1039 1383 1091 omnia
1436 1037 1632 1108 replet.
1666 1057 1684 1089 ι
1733 1037 1791 1092 Si
1842 1038 1952 1094 fuis

2148 1046 2243 1099 καὶ
2272 1047 2405 1099 Θεὸν
2436 1046 2600 1099 αὑτὸν
2633 1045 2989 1098 πεπίστευκεν
3017 1044 3160 1110 ὄντα,
3188 1045 3278 1098 καὶ
3307 1045 3495 1098 θάνατον
3516 1052 3595 1100 ἐπι.

467 1137 580 1198 hic,
617 1132 788 1187 frater
807 1146 963 1186 meus
1003 1145 1114 1182 non
1149 1127 1344 1183 fuisset
1376 1137 1658 1184 mortuus.
1705 1149 1724 1181 ι
1766 1127 1961 1184 Vidcn’

2151 1140 2323 1207 σχεῖν,
2358 1138 2452 1190 καὶ
2482 1137 2713 1207 νεκροὺς
2754 1135 2870 1188 κατ’
2922 1134 3160 1200 ἐξουσίαν
3196 1136 3407 1204 ἐγείρειν
3436 1137 3599 1204 δυνάμι·

464 1227 631 1282 etiam
675 1224 840 1277 Deum
863 1219 1183 1283 crediderit,
1211 1221 1301 1290 qui
1326 1227 1380 1274 et
1407 1233 1758 1289 compescere
1791 1229 1961 1274 morte

2148 1245 2275 1294 vov;
2308 1223 2438 1281 Οἶδα
2470 1227 2578 1296 γὰρ
2626 1227 2704 1290 ὡς
2730 1229 2780 1279 εἰ
2829 1225 3017 1297 παρὼν
3053 1221 3208 1298 ἦσθα,
3247 1227 3412 1296 φησιν,
3452 1229 3527 1280 οὐκ
3563 1231 3600 1281 Ξιν

463 1327 517 1372 ct
544 1323 796 1370 mortuos
824 1327 924 1382 per
953 1311 1342 1366 auctoritatem
1369 1311 1614 1365 excitare
1650 1320 1838 1380 posset
1864 1311 1888 1364 ?
1919 1311 1958 1366 S

2150 1321 2339 1389 ἴσχυσε
2360 1319 2591 1382 Θάνατος
2612 1333 2624 1346 ·
2655 1319 2758 1371 οὐκ
2786 1319 2852 1372 ἂν
2878 1318 3085 1386 ἀπέσὸη
3116 1317 3203 1368 τοῦ
3222 1315 3440 1387 γένουςὴ
3469 1317 3626 1386 θρυαλ..

463 1410 636 1472 enim,
673 1405 873 1476 inquit,
905 1402 1119 1468 forent,
1157 1403 1202 1458 si
1235 1401 1434 1457 fuisses
1451 1417 1719 1472 prarsens,
1753 1403 1960 1474 haudqt

2147 1411 2250 1473 λίς.
2294 1410 2483 1481 Ἀργοὶ
2507 1409 2552 1462 δ’
2581 1409 2648 1463 ἂν
2682 1411 2781 1463 καί
2802 1411 2851 1462 οἱ
2884 1409 2987 1478 τῆς
3023 1409 3160 1480 ζωῆς
3195 1409 3299 1480 ὅροι
3321 1409 3557 1480 διέμειναν,
3578 1413 3607 1464 εί

462 1519 623 1574 quam
697 1516 846 1555 mors
911 1498 1328 1569 prazvaluisrct,
1400 1496 1823 1568 haudquaquam
1898 1499 1959 1553 es

2150 1501 2214 1554 σύ
2245 1518 2308 1570 γε
2339 1497 2483 1571 ἦσθα
2529 1499 2746 1571 παρὼν,
2771 1500 2800 1552 6
2843 1499 2986 1569 ζωῆς
3028 1501 3193 1569 μέτρα
3227 1501 3373 1551 πᾶσιν
3397 1499 3606 1568 ὀροθετών.

462 1595 736 1652 exstincta
818 1592 1045 1646 lucerna
1121 1591 1362 1660 generis.
1447 1588 1616 1644 Plane
1685 1589 1854 1644 etiam
1924 1594 1959 1642 v‘

2149 1593 2259 1646 Καὶ
2287 1591 2382 1647 νῦν
2412 1586 2551 1656 οἶδα,
2591 1592 2780 1660 φησὶν,
2827 1592 2910 1644 ὅτι
2951 1591 3050 1643 ὅσα
3099 1590 3160 1642 ἂν
3186 1590 3370 1661 αἰτήσῃ
3401 1591 3475 1643 τὸν
3506 1590 3608 1656 Θεὸν,

419 1687 683 1742 ‘termini
741 1683 904 1740 otiosi
968 1682 1236 1746 fuissent,
1293 1679 1454 1734 modo
1511 1689 1569 1734 tu
1621 1679 1876 1735 affuisses

2147 1681 2310 1735 δώσει
2346 1699 2426 1735 σοι
2457 1683 2486 1734 6
2513 1682 2667 1745 Θεός.
2697 1700 2715 1733 ι
2749 1681 2892 1750 Πρὸς
2921 1682 3030 1750 γὰρ
3059 1682 3117 1734 τὸ
3147 1681 3436 1750 φαινόμενον
3461 1681 3610 1734 ἐελετε.

461 1779 589 1832 vita:
617 1773 887 1831 terminos
936 1771 1214 1827 universis
1247 1769 1568 1825 constituis.
1610 1787 1628 1820 ι
1673 1767 1782 1823 Sed
1815 1777 1868 1822 et
1900 1786 1956 1824 nt

2150 1771 2320 1842 Πλὴν,
2352 1773 2456 1843 δρα
2487 1771 2775 1826 κάνταῦθα
2825 1772 2902 1842 μὴ
2939 1772 3231 1839 ἀγνοοῦσαν
3262 1770 3411 1840 αὐτὴν
3436 1771 3613 1838 τάληθές.

463 1868 602 1931 scio,
633 1866 836 1936 inquit,
882 1863 1013 1934 quia
1059 1875 1402 1932 quaecunque
1455 1860 1776 1930 poposceris
1831 1873 1860 1912 a
1913 1859 1960 1912 D

2118 1870 2122 1911 :
2165 1858 2561 1929 Ἐμφιλόσοφος
2605 1861 2716 1930 γὰρ
2741 1861 2775 1930 ή
2802 1861 2964 1930 γυνὴ,
3017 1861 3119 1912 κᾶν
3163 1859 3429 1930 ἀδρανὴςή
3468 1862 3615 1928 γνώμη.

460 1961 616 2015 dabit
639 1958 740 2013 tibi
772 1958 938 2012 Deus.
970 1953 1052 2008 Ad
1093 1955 1144 2007 id
1192 1954 1340 2008 enim
1379 1953 1718 2024 respiciebat
1751 1952 1897 2021 quod
1929 1967 1957 2007 e

2149 1950 2506 2030 ῌεπεισμένη
2556 1949 2690 2017 γοῦν
2731 1949 2810 2013 ὡς
2857 1952 2907 2002 εί
2966 1951 3143 2020 παρῆν
3187 1952 3282 2002 οὐκ
3324 1950 3383 2002 ἂν
3419 1949 3617 2017 ἐτεθνήκει

461 2052 640 2106 oculis
671 2048 1002 2118 subjectum.
1035 2045 1311 2100 Caeterum
1357 2043 1463 2098 hoc
1515 2044 1682 2099 etiam
1746 2045 1872 2098 loco
1925 2059 1955 2097 v

2147 2039 2420 2110 Λάζαρος,
2451 2041 2574 2095 ούδέ
2601 2041 2740 2112 πρὸς
2764 2042 2830 2096 τὸ
2864 2041 3057 2113 μέλλον
3083 2042 3398 2114 ἀμφέϐαλλε.
3424 2043 3502 2094 Διὰ
3523 2043 3619 2094 mir.

461 2142 717 2197 veritatis
747 2155 857 2194 non
884 2137 1150 2192 nesciam.
1171 2135 1302 2190 Erat
1332 2135 1475 2190 enim
1510 2135 1708 2190 mulier
1733 2150 1954 2206 quanqu

2149 2133 2241 2185 καὶ
2277 2135 2624 2206 προῡπήντα,
2676 2135 2767 2188 καὶ
2822 2135 2922 2205 τὴν
2950 2135 3204 2205 δευτέραν
3239 2136 3456 2201 ἐπήγαγε
3482 2134 3617 2200 ’μονὴ-τ,

463 2234 747 2290 imbecillo
776 2240 831 2286 et
868 2229 1094 2294 hebeti,
1150 2227 1541 2299 phil030phico
1588 2237 1776 2284 tamen
1839 2228 1960 2283 auiti

2149 2223 2379 2277 εἰποῦσα
2396 2241 2409 2255 ·
2437 2242 2457 2276 ι
2475 2226 2584 2278 Καὶ
2603 2225 2698 2278 νῦν
2721 2221 2866 2291 οῖδα,
2890 2227 2976 2279 ὅτι
3003 2227 3100 2281 ὅσα
3129 2225 3191 2280 ἂν
3217 2227 3400 2296 αἰτήσῃ
3426 2224 3500 2276 τὸν
3517 2223 3619 2281 Gaia.

461 2327 598 2384 Cum
637 2341 771 2396 ergo
793 2324 1021 2379 haberet
1055 2336 1381 2391 persuasum
1407 2320 1543 2387 fore,
1571 2329 1631 2375 ut
1660 2319 1904 2375 Lazarus
1935 2335 1958 2372 ι

2147 2315 2312 2369 δώσει
2337 2333 2419 2369 σοι
2453 2317 2482 2369 6
2511 2317 2667 2380 Θεός.
2698 2319 2761 2371 Ei
2801 2314 2876 2389 ἦς
2918 2312 3044 2382 ὦδε,
3077 2319 3175 2371 οὐκ
3199 2318 3262 2371 ἂν
3284 2316 3491 2370 ἀπέθανέ
3519 2316 3621 2384 poni

464 2422 772 2468 moreretur
799 2413 845 2468 si
877 2412 996 2482 ipse
1026 2409 1315 2477 aduisset,
1344 2425 1524 2479 neque
1547 2409 1614 2464 de
1645 2409 1834 2465 futuro
1877 2410 1961 2463 du‘

2148 2407 2396 2476 ἀδελφός.
2439 2427 2458 2460 ι
2498 2408 2572 2462 Οὐ
2617 2409 2728 2479 γὰρ
2768 2411 2900 2462 ἐπεὶ
2927 2409 3007 2480 τῷ
3035 2409 3245 2480 θανάτῳ
3286 2409 3550 2462 ὑπόκεινται
3572 2407 3623 2457 ἂν·

464 2506 590 2562 fuit.
626 2505 926 2575 Pmpterea
979 2517 1202 2574 quoque
1257 2502 1529 2564 occurrit,
1572 2512 1627 2556 et
1677 2500 1904 2555 alteram
1950 2516 1961 2553 :

2149 2496 2384 2567 θρωποι,
2421 2497 2510 2550 διὰ
2543 2497 2704 2551 τοῦτο
2751 2500 3206 2575 τέθνηκειφησίν
3229 2515 3243 2530 ’
3275 2498 3382 2551 ἀλλ’
3417 2499 3487 2550 ὅτι
3524 2493 3623 2551 αὐτὸς

459 2595 648 2666 junxit
679 2609 896 2659 vocem,
937 2593 1166 2647 dicens:
1208 2611 1226 2644 ι
1271 2593 1332 2647 Et
1379 2606 1528 2646 nunc
1554 2590 1696 2654 scio,
1725 2590 1857 2661 quia
1892 2607 1956 2660 qu

2148 2590 2249 2644 οὐκ
2277 2586 2422 2661 ἦσθα
2457 2589 2671 2662 παρὼν,
2713 2593 2741 2643 6
2772 2591 2872 2645 τοῦ
2914 2569 3156 2646 Ῠθαιῖάτου
3209 2590 3438 2661 νικητὴς.
3476 2585 3627 2654 ’ἰσχυρά

462 2699 692 2755 cunque
745 2685 1068 2755 poposceris
1121 2699 1152 2736 a
1209 2682 1343 2747 Deo,
1385 2681 1543 2738 dabit
1595 2681 1696 2737 tibi
1757 2681 1925 2737 Deus.

2156 2679 2255 2751 μὲν
2283 2682 2316 2751 ἡ
2349 2674 2552 2747 πίστῖς,
2578 2682 2683 2736 κᾶν
2708 2682 2951 2755 ἀσθενὴς
2984 2686 3013 2737 6
3038 2684 3216 2752 λόγος.
3255 2681 3446 2752 Ἠρέμα
3476 2677 3520 2730 δέ
3556 2690 3627 2734 πως

465 2775 668 2830 fuisses
703 2775 812 2838 hic,
856 2789 966 2829 non
1017 2773 1218 2828 fuisset
1270 2780 1523 2827 mortuus
1572 2771 1745 2826 frater
1798 2787 1956 2827 meus

2151 2773 2250 2826 καὶ
2289 2772 2674 2844 ὑπεμέμφετο,
2717 2777 2800 2828 ὅτι
2833 2777 2912 2846 μὴ
2959 2777 3162 2846 παρῆν,
3187 2777 3271 2829 ὅτε
3313 2771 3443 2842 αύτῷ
3464 2768 3624 2837 κατεμή·

462 2863 583 2920 Non
615 2864 786 2928 enim,
811 2863 1012 2934 inquit,
1033 2879 1096 2918 ea
1123 2871 1210 2917 est
1237 2877 1405 2918 causa
1430 2871 1490 2916 ut
1517 2862 1588 2916 sit
1613 2872 1889 2926 mortuus,
1917 2881 1948 2934 q

1959 2864 2052 2918 nia
2149 2881 2320 2918 νυσαν
2349 2865 2642 2933 λέγουσαι·
2676 2886 2694 2918 ι
2721 2868 2826 2922 Ἴδε
2885 2869 2944 2923 ὃν
2978 2868 3151 2936 φιλεῖς
3189 2865 3408 2921 ἀσθενεῖ.
3435 2882 3451 2914 ι

465 2955 724 3011 homines
767 2953 934 3008 morti
989 2952 1340 3022 subiaceant,
1387 2951 1480 3006 sed
1533 2951 1664 3020 quia
1714 2952 1896 3006 victor
1928 2953 2048 3023 ipse
2082 2957 2282 3010 mortis
2312 2970 2423 3008 non
2458 2954 2696 3012 aﬂuisti.
2750 2958 3008 3012 ltobusta
3057 2957 3280 3027 quidem
3304 2955 3444 3020 fides,
3482 2951 3631 3008 tametsi

459 3049 608 3104 ratio
640 3047 861 3104 debilis.
896 3045 1040 3112 Quin
1099 3052 1155 3101 et
1177 3043 1387 3102 sensim
1416 3058 1684 3100 accusare
1742 3043 1996 3112 videtur,
2039 3047 2188 3117 quod
2223 3047 2613 3106 nuntiantibus
2678 3049 2840 3119 ipsis,
2904 3070 2923 3103 ι
2964 3049 3106 3106 Ecce
3137 3065 3296 3120 quem
3351 3062 3482 3102 amas
3534 3043 3633 3098 infir-

461 3147 668 3205 matur,
708 3157 728 3192 ι
764 3153 874 3193 non
905 3139 1089 3193 statim
1116 3137 1419 3193 advenerit.
1603 3159 1615 3175 -
2740 3146 2763 3151 "

540 3251 561 3284 ι
595 3232 740 3287 Dicit
770 3231 819 3286 ei
855 3230 1022 3287 Jcsus
1055 3249 1069 3286 :
1105 3229 1382 3302 Resurget
1426 3228 1627 3285 frater
1681 3239 1832 3285 tuus.
1880 3249 1899 3282 ι
1953 3230 2037 3286 Ju-

2232 3253 2250 3284 (
2282 3233 2448 3303 Λέγει
2479 3236 2615 3307 αὐτῇ
2665 3238 2694 3289 6
2735 3235 2949 3307 Ἰησοῦς
2973 3254 2986 3267 ·
3016 3237 3394 3306 ’Λναστήσεται
3430 3233 3453 3284 6
3480 3225 3633 3293 ἀδελφᾶ

459 3324 681 3381 candus
709 3338 914 3390 sermo,
953 3331 1005 3380 et
1035 3322 1238 3395 duplex
1269 3322 1337 3377 ad
1372 3337 1562 3384 curam
1599 3341 1612 3378 :
1647 3323 1740 3394 qui
1776 3338 1884 3378 non
1932 3331 1952 3377 t

2157 3341 2275 3378 σου.
2315 3344 2336 3378 ι
2378 3326 2747 3399 Περιχαρείας
2790 3330 2818 3382 6
2853 3327 3037 3396 λόγος,
3074 3329 3172 3382 καὶ
3219 3325 3401 3394 διπλῆν
3445 3324 3554 3391 ἔχων
3574 3316 3633 3382 τὴν

461 3426 584 3472 tum
613 3431 857 3471 errorem
882 3415 1148 3487 corrigat,
1184 3430 1378 3470 verum
1421 3415 1590 3470 etiam
1644 3415 1915 3470 acriorem
1953 3425 1958 3468 l

2155 3413 2485 3486 θεραπείαν·
2511 3417 2572 3469 ού
2606 3417 2766 3488 μόνον
2804 3417 2865 3470 τὸ
2908 3418 3141 3489 σφάλμα
3171 3415 3530 3487 διορθούμενος,
3552 3405 3635 3460 6m

465 3508 680 3562 stitiam
718 3505 879 3562 sedet
909 3512 964 3562 et
1003 3505 1195 3561 leniat.
1267 3523 1286 3556 ι
1325 3503 1600 3574 Resurget
1630 3501 1805 3559 frater
1839 3513 1962 3559 qu

2153 3507 2248 3558 καὶ
2296 3505 2358 3558 τὸ
2398 3507 2629 3578 σφοδρὸν
2673 3508 2774 3578 τῆς
2819 3507 3007 3580 λύπης
3058 3504 3468 3576 κατακοιμίζων.
3497 3519 3512 3551 t
3541 3499 3640 3549 ’Δνσι

463 3598 547 3653 Ad
599 3597 883 3668 iactantia:
929 3595 1247 3668 fugiendam
1293 3595 1534 3667 speciem
1569 3609 1678 3649 non
1720 3595 1901 3650 dixit:
1938 3594 1960 3648 Ι

2155 3596 2413 3666 στήσεται
2446 3598 2475 3650 6
2513 3598 2742 3668 ἁδελφός
2780 3616 2896 3652 σου.
2934 3617 2954 3651 ι
2995 3599 3098 3652 Διὰ
3141 3598 3202 3652 τὸ
3240 3595 3560 3666 ἀφιλὸκσμπον
3578 3587 3642 3638 οὐκ

466 3689 688 3745 fratrem
737 3696 897 3744 tuum
939 3687 1223 3743 suscitabo
1259 3704 1272 3741 :
1306 3686 1441 3750 sed,
1486 3704 1505 3738 ι
1561 3683 1829 3755 Resurget
1875 3683 1955 3737 fra

2149 3682 2334 3741 εἶπενο
2373 3688 2516 3756 Ἐγὼ
2541 3689 2718 3759 ἐγερῶ
2745 3689 2838 3742 τὸν
2867 3689 3108 3759 ἀδελφόν
3139 3706 3252 3750 σου,
3275 3686 3400 3751 ἀλλ’,
3418 3703 3436 3734 ι
3466 3675 3644 3742 Ἀναπή-

464 3791 617 3839 tuus.
659 3801 678 3835 ι
711 3780 999 3836 lndeflnite
1028 3779 1199 3835 verbo
1238 3786 1509 3848 resurget,
1545 3791 1642 3832 seu
1673 3776 1961 3831 suscitabit:

2148 3795 2302 3832 σεται
2327 3781 2356 3832 6
2385 3780 2622 3850 ἁδελφός
2654 3797 2773 3836 σου.
2808 3799 2825 3832 t
2868 3782 3168 3853 ’Δορίστως
3199 3780 3278 3843 τὸ,
3303 3773 3641 3840 ἀναστήσεται,

465 3891 647 3932 usus:
683 3858 984 3936 exercens.
1037 3871 1186 3943 quod
1227 3871 1352 3939 ejus
1385 3871 1509 3924 fidei
1565 3870 1861 3940 probatum
1907 3884 1962 3925 et

2150 3869 2360 3938 φήσας*
2394 3871 2692 3941 γυμνάζων
2742 3872 2914 3942 αὐτῆς
2965 3873 3029 3925 τὸ
3073 3875 3174 3943 τῆς
3206 3870 3430 3930 πίστεως
3468 3865 3640 3928 δόκιμον.

465 3963 624 4020 Unde
653 3969 706 4016 et
738 3962 833 4016 illa
865 3959 981 4032 ait:
1025 3976 1044 4010 ι
1086 3957 1217 4012 Scio
1264 3957 1393 4026 quia
1443 3965 1698 4027 resurget
1753 3957 1809 4011 in
1866 3971 1962 4011 nm

2152 3961 2244 4013 Διδ
2284 3961 2515 4032 κάκείνη
2543 3963 2744 4034 φησιν·
2797 3981 2816 4014 ‹
2849 3960 3004 4030 Οἶδα,
3039 3964 3125 4018 ὅτι
3157 3962 3495 4030 ἀναστήσεται
3527 3954 3569 4006 ἐν
3603 3948 3644 4014 τῇ

466 4051 609 4107 sinto
655 4048 768 4104 die.
826 4065 848 4100 ι
906 4047 964 4103 Si
1018 4045 1206 4100 credis
1237 4043 1376 4110 fore,
1427 4044 1579 4098 utin
1626 4045 1720 4099 illo
1757 4060 1963 4116 resurg.

2157 4053 2362 4124 ἐσχάτῃ
2417 4055 2621 4125 ἡμέρᾳ.
2663 4074 2682 4106 ι
2729 4055 2794 4107 Et
2830 4054 3019 4126 ἐκείνῃ
3063 4053 3358 4117 πιστεύεις,
3398 4047 3526 4118 φησι,
3560 4037 3646 4112 μηδὲ

468 4155 649 4211 neque
679 4137 748 4193 de
783 4138 894 4193 isto
923 4135 1090 4192 dubia
1119 4134 1338 4192 fueris:
1391 4133 1487 4206 qui
1523 4133 1674 4190 enim
1723 4135 1873 4190 hunc
1912 4135 1964 4189 fa

2160 4145 2291 4214 περὶ
2344 4144 2551 4216 ταύτης
2599 4145 2948 4216 ἀμφίϐαλλεο
2983 4147 3014 4199 6
3066 4145 3178 4216 γὰρ
3228 4143 3421 4211 ταύτην
3462 4130 3646 4197 κάκείνην

467 4233 766 4304 illumque,
790 4229 935 4287 idem
968 4229 1088 4300 ipse
1115 4242 1262 4283 sum.
1297 4244 1316 4279 ι
1352 4227 1623 4298 ιὶεευτεθι
1648 4223 1821 4281 frater
1850 4237 1964 4281 tum

2159 4234 2351 4298 ποιῶν,
2392 4233 2504 4302 ἐγώ
2552 4237 2690 4305 ειμι.
2739 4254 2758 4286 ι
2806 4235 3203 4306 ’Δναστήσεται
3245 4237 3274 4288 6
3303 4228 3503 4298 ἀδελφός
3529 4233 3645 4275 σου.ι

469 4325 646 4382 Simul
676 4323 842 4380 etiam
861 4322 968 4377 hoc
993 4319 1154 4386 dixit,
1181 4319 1247 4374 ad
1280 4318 1418 4374 illud
1445 4319 1569 4389 ejus
1597 4317 1966 4389 coarguendut

2159 4321 2332 4376 Τοῦτο
2365 4324 2482 4392 ἅμα
2515 4323 2614 4377 καὶ
2647 4323 2942 4394 διελέγχων
2970 4324 3146 4394 αὐτὴν
3179 4323 3406 4392 ἔφασκεν
3433 4310 3646 4370 εἰποῦσαν

475 4439 493 4473 ι
513 4416 644 4475 Scio
664 4427 1008 4489 quaecunque
1025 4410 1348 4484 poposceris
1367 4425 1396 4465 a
1428 4408 1561 4475 Deo,
1589 4409 1743 4466 dabit
1771 4411 1869 4465 tibi
1888 4408 1972 4467 Dei

2167 4427 2186 4462 ι
2221 4406 2353 4464 Οἶδα
2380 4412 2464 4464 ὅτι
2494 4412 2595 4466 ὅσα
2620 4411 2686 4465 ἂν
2717 4413 2920 4484 αἰτήσῃ
2940 4411 3036 4466 τὸν
3065 4413 3227 4478 θεὸν,
3247 4410 3396 4464 δώσει
3423 4423 3491 4459 σοι
3508 4403 3531 4453 ὁ
3549 4397 3648 4489 Θεόὶς

468 4486 745 4584 llesttrget
773 4511 946 4566 frater
983 4515 1136 4563 tuus.
1179 4523 1199 4558 ι
1238 4503 1453 4559 Domini
1480 4503 1804 4575 dignitatem
1833 4519 1965 4574 per:

2176 4503 2566 4574 Ἀναστήσεται
2601 4505 2630 4556 6
2657 4504 2888 4572 ἁδελφός
2919 4521 3039 4560 σου.
3096 4523 3114 4558 t
3149 4504 3224 4558 Τὸ
3248 4497 3536 4556 Δεσποτικδν
3561 4486 3647 4584 αὐτῇ

460 4575 782 4662 ctoritalem
829 4598 1152 4672 significans
1173 4635 1188 4660 ,
1232 4603 1293 4650 ut
1325 4594 1542 4650 noverit
1573 4610 1684 4650 non
1709 4604 1859 4650 esset
1895 4594 1952 4650 in

2163 4592 2380 4656 δεικνὺς
2431 4593 2556 4650 κατ’
2613 4595 2867 4662 ἐξουσίαν
2907 4597 3154 4668 ἀξίωμα,
3213 4596 3287 4659 ὡς
3338 4595 3400 4648 ἂν
3446 4588 3570 4660 μάθοι
3603 4575 3650 4648 μὴ

438 4701 594 4768 "qum
639 4695 880 4751 dicimus
922 4691 990 4747 de
1041 4689 1152 4745 Deo
1201 4686 1656 4760 praecipitandam
1693 4688 1934 4745 sententi

2166 4685 2462 4757 προπετῶς
2483 4688 2540 4740 ἐν
2576 4690 2690 4750 τοῖς
2720 4689 2849 4758 περὶ
2873 4687 3008 4741 Θεὸν
3037 4689 3220 4758 λόγοις
3252 4681 3557 4768 ἐκφέρεσθαιἸ

543 4787 636 4842 Ait
664 4799 836 4853 ergo:
877 4802 896 4835 ς
945 4781 1054 4848 Qui
1084 4781 1266 4836 credit
1307 4779 1362 4834 iu
1400 4794 1508 4842 me,
1532 4779 1748 4836 etiamsi
1800 4789 2040 4836 mortuus

2236 4779 2406 4847 Φησὶν
2444 4777 2540 4832 οὖν
2561 4797 2573 4809 ·
2618 4797 2636 4830 ‹
2675 4777 2733 4832 Ὀ
2764 4779 3041 4833 πιστεύων
3068 4783 3152 4843 εἰς
3189 4779 3305 4848 ἐμὲ,
3340 4777 3434 4828 κᾶν
3458 4765 3644 4827 ἀποθάνῆ

472 4869 664 4932 fuerit,
699 4852 851 4921 vivet
885 4885 898 4921 :
933 4874 988 4920 et
1026 4865 1209 4919 omnis
1237 4864 1334 4934 qui
1369 4863 1523 4930 vivit,
1553 4871 1606 4918 et
1637 4861 1814 4918 credit
1846 4863 1901 4918 in
1947 4880 1969 4918 li

2167 4869 2429 4940 ζήσεταιο
2463 4869 2560 4924 καὶ⁵
2592 4872 2700 4932 πᾶς
2727 4873 2756 4925 6
2783 4871 2891 4935 ζῶν
2921 4871 3017 4925 καὶ
3053 4869 3328 4924 πιστεύων
3361 4868 3431 4926 εἰς
3464 4858 3556 4929 ἐμὲ,
3589 4852 3650 4902 03"

465 4951 580 5018 noti
642 4957 848 5014 videbit
912 4963 1144 5010 mortem
1180 4956 1236 5010 iu
1265 4964 1555 5010 aeternum.
1601 4952 1796 5010 Credis
1849 4955 1954 5010 hoc

2167 4978 2329 5015 νατον
2355 4963 2416 5014 οὐ
2458 4961 2533 5033 μὴ
2575 4961 2662 5035 ἴδῃ
2688 4965 2766 5026 είς
2797 4962 2886 5016 τὸν
2931 4963 3127 5017 αἰῶνα.
3165 4957 3436 5018 Πιστεύεις
3460 4948 3649 5013 τούτῳ;¹

471 5051 630 5123 Quod
657 5051 735 5106 ait
753 5045 1069 5116 huiusmodi
1096 5055 1181 5102 est
1208 5064 1221 5099 :
1248 5044 1518 5112 Tametsi,
1549 5046 1753 5117 inquit,
1773 5047 1866 5117 qui
1886 5063 1968 5103 crc

2169 5051 2342 5105 Τοῦτο
2373 5052 2450 5116 δὲ,
2493 5053 2738 5107 τοιοῦτόν
2773 5057 2941 5108 ἐστιν.
2986 5056 3046 5108 Ei
3101 5054 3211 5123 γὰρ
3259 5052 3350 5105 καὶ
3403 5043 3652 5123 πάντως

473 5121 527 5204 in
593 5162 682 5202 mc
740 5141 970 5202 omnino
1017 5149 1274 5194 mortuus
1335 5135 1535 5204 fuerit,
1591 5138 1740 5208 quod
1799 5139 1966 5193 nimir

2171 5145 2350 5216 θναίη,
2385 5147 2573 5216 φησιν,
2597 5146 2626 5198 6
2679 5146 2950 5208 πιστεύων
2983 5148 3064 5208 είς
3103 5121 3226 5215 ἐμέ,
3262 5141 3349 5196 τὸν
3381 5129 3565 5207 φυσίκδν

473 5249 690 5314 spectat
739 5237 805 5293 ad
855 5241 1094 5290 mortem
1134 5229 1445 5285 naturalem
1475 5247 1488 5283 :
1522 5246 1632 5286 non
1661 5231 1743 5286 sic
1778 5240 1959 5285 tamen

2173 5239 2348 5292 I.ov6:t
2385 5238 2639 5303 θάνατον,
2672 5239 2789 5293 ἀλλ’
2818 5241 2880 5292 ού
2915 5239 3036 5294 κατ’
3081 5237 3446 5306 ἐπικράτειαν.
3478 5218 3547 5276 οἷα
3572 5212 3652 5266 =03;

469 5336 564 5388 illa
594 5339 847 5389 teneatur
869 5327 977 5384 sub
999 5324 1229 5389 ditioue,
1249 5331 1305 5377 et
1336 5319 1654 5376 dominetur
1679 5331 1734 5374 ut
1762 5336 1860 5392 par
1889 5332 1966 5376 cst

2173 5330 2533 5395 ἀπειθοῦντας
2575 5331 2739 5395 εἰκός.
2781 5349 2798 5383 t
2829 5330 3117 5393 Πιστεύεις
3161 5328 3366 5396 τούτῳς
3402 5340 3418 5370 ι
3451 5314 3574 5369 Οὕτω
3598 5318 3651 5354 ση-

475 5423 798 5480 incredulis.
833 5440 854 5472 ‹
888 5418 1084 5476 Credis
1117 5416 1260 5472 hoc?
1299 5433 1317 5467 ι
1361 5411 1460 5469 Sic
1487 5415 1790 5485 sapienter,
1823 5422 1877 5468 et
1905 5422 1972 5468 tat

2173 5421 2289 5490 φῶς
2323 5422 2462 5491 ἄγαν
2510 5423 2606 5476 καὶ
2635 5421 2878 5484 πιθανῶς
2921 5421 3060 5491 πρὸς
3097 5420 3199 5491 τὴν
3240 5413 3372 5485 ἀμφ’
3405 5406 3538 5461 αὺτὸν
3570 5407 3651 5480 μετ’

475 5519 756 5581 suasione,
798 5517 850 5570 in
882 5513 1044 5571 ﬁdem
1071 5527 1198 5584 qua?
1229 5519 1314 5567 est
1358 5509 1426 5564 de
1461 5509 1603 5579 ipso,
1645 5510 1913 5564 transfert
1941 5525 1972 5560 ιι

2175 5509 2298 5572 ἀγει
2333 5509 2518 5562 πίστιν
2545 5509 2641 5562 τοῦ
2674 5511 2899 5577 γυναίου
2929 5509 3028 5580 τὴν
3059 5509 3317 5568 διάνοιαν,
3364 5500 3429 5560 ὡς
3456 5492 3653 5584 δείκνυσιν

477 5611 632 5667 lictis
659 5609 929 5669 animum.
955 5603 1420 5676 quemadmodum
1453 5603 1748 5672 reSponsio
1791 5609 1974 5658 ostcm

2175 5602 2208 5671 ἠ
2245 5601 2561 5673 ἀπόκρισις.
2595 5603 2661 5656 Τί
2697 5606 2807 5676 γάρ
2845 5578 3013 5674 φησιν
3052 5603 3266 5670 ἐκείνης
3314 5616 3331 5648 ι
3367 5592 3477 5650 Καὶν
3505 5578 3654 5676 δύω,

476 5700 622 5768 Quid
677 5700 826 5756 enim
880 5673 1008 5753 illa?
1041 5717 1058 5748 ι
1094 5695 1316 5766 Utique.
1382 5696 1653 5752 Domine:
1687 5711 1788 5766 ego
1845 5695 1973 5750 cred

2173 5691 2316 5763 Ἐγὼ
2345 5694 2711 5760 πεπίστευκα,
2763 5697 2845 5749 ὅτι
2875 5696 2940 5749 σὺ
2992 5691 3043 5748 εἷ
3089 5697 3116 5748 6
3148 5687 3372 5764 Χριστὸς
3405 5685 3430 5734 ὀ
3461 5673 3656 5773 Tibi"?

479 5765 606 5866 quia
640 5799 698 5846 tu
729 5803 792 5845 cs
835 5786 1092 5846 Christus
1142 5765 1314 5844 Filius
1369 5787 1492 5856 Dei,
1539 5787 1633 5859 qui
1682 5765 1742 5843 in
1790 5789 1976 5844 llllllldl

2175 5783 2337 5852 θεοῦ,
2367 5787 2394 5839 ὁ
2423 5785 2505 5848 εἰς
2539 5784 2631 5840 τδν
2664 5788 2869 5858 κόσμοι
2901 5786 3208 5859 ἐρχόμενος.
3241 5802 3257 5833 ι
3284 5775 3420 5836 Εἶδες
3444 5765 3520 5821 τοῦ
3543 5765 3653 5820 Αὖγθυ
