3790 6202
226 362 314 429 973

1254 359 1337 419 ΙΝ
1371 358 1729 419 LAZARUM
1767 356 2409 420 OUATRIDUANUM.
3340 358 3405 419 97

225 475 276 531 τὸ
301 469 537 543 ἰσχυρόν;
567 464 743 543 Εἶδες,
771 472 854 534 είς
901 470 1023 524 οἷαν
1070 469 1241 542 αὐτὴν
1283 472 1636 526 ἐπεσπάσατο
1675 469 1763 522 πί-

1894 471 2050 543 ‘cnis.
2083 492 2101 522 ι
2132 469 2387 525 Vidistin‘
2423 469 2699 526 sermonis
2724 465 3065 524 emcaciaut?
3107 468 3364 551 Vidistin’
3385 473 3442 526 in

227 582 346 631 01w;
391 566 463 626 t'o;
506 563 599 616 καὶ
652 561 939 631 δογματων
977 552 1264 633 ἁκριδείας
1298 561 1629 633 ἐφάψασθαι.
1662 560 1762 632 τὴν

226 657 309 728 πρὸ
344 654 535 726 μικροῦ
592 654 969 725 σφαλλομένην
1014 654 1083 707 δι’
1133 654 1437 724 ἁπλότητα.
1473 655 1617 707 Ὅσα
1655 653 1763 723 γὰρ

223 752 298 805 ἐπὶ
340 746 568 819 Χριστοῦ
608 746 944 817 διομολογεῖν
994 746 1144 811 ἔδει,
1204 746 1658 818 περιφραστικῶς
1707 746 1765 798 ὲν

227 843 394 914 βραχεῖ
449 838 788 909 διηγόρευσε.
842 856 860 889 ι
903 838 1011 891 Ναὶ
1040 838 1186 906 γάρ’
1237 834 1350 904 ἐγὼ
1399 836 1763 898 πεπίστευκα,

224 932 383 1002 φησιν,
417 931 496 982 ὅτι
524 932 588 982 σὺ
623 922 675 979 εἶ
707 929 739 981 ό
782 928 1019 998 Χριστὸς
1052 929 1080 980 ὁ
1116 926 1243 992 Υἱὸς
1273 926 1369 981 τοῦ
1403 925 1562 987 Θεοῦ.
1606 926 1634 978 ὁ
1687 927 1765 987 είς

224 1025 297 1078 τὸν
318 1023 508 1091 κόσμον
545 1020 866 1090 ἐρχόμενος,
901 1038 920 1070 ι
964 1018 1233 1089 ἀριδὴλως
1268 1018 1582 1090 κηρύξασα·
1624 1016 1767 1070 κατά

222 1114 393 1170 ταυτόν
424 1129 481 1165 τε
534 1111 653 1182 ἅμα
689 1110 784 1163 τὸν
815 1110 916 1179 τῆς
950 1110 1252 1178 θεολογίας,
1298 1109 1392 1164 καὶ
1424 1108 1527 1177 τῆς
1556 1109 1766 1162 οἰκονο-

222 1208 334 1277 μίας
369 1200 771 1275 περιληπικῶς
806 1202 1134 1273 συνεπέρανε
1164 1200 1339 1269 λόγον.

287 1396 305 1430 ι
338 1377 439 1431 Καὶ
462 1373 647 1439 τοῦτο,
681 1373 869 1444 φησὶν,
892 1372 1144 1438 εἰποῦσα,
1179 1373 1393 1444 ἀπῆλθε
1423 1375 1518 1428 καὶ
1552 1372 1769 1444 ἐφώνη-

223 1488 275 1523 σε
295 1470 384 1540 τὴν
409 1465 643 1538 ἀδελφὴν
672 1466 865 1535 αὐτῆς,
899 1464 1075 1536 λάθρα
1113 1464 1345 1518 εἰποῦσα
1364 1482 1377 1496 ·
1427 1465 1485 1519 Ὀ
1513 1466 1770 1520 διδάσκα-

218 1565 299 1625 λος
322 1563 566 1634 πάρεστι,
614 1557 712 1611 καὶ
773 1557 943 1624 φωνεῖ
999 1571 1079 1608 σε.
1115 1554 1354 1627 Ἐκείνη,
1389 1555 1464 1619 ὡς
1513 1556 1766 1627 ηκουσεν,

220 1653 409 1727 ἠγέρθη
454 1652 616 1722 ταχὺ,
650 1648 767 1703 *καὶ
814 1648 1015 1719 ἤρχετο
1054 1646 1189 1718 πρὸς
1224 1647 1408 1703 αὐτόν.
1445 1666 1463 1697 ι
1514 1646 1671 1699 Κατά
1708 1647 1771 1699 τὸ

220 1747 322 1797 ἴσον
349 1744 439 1811 τῆς
480 1740 663 1809 λύπης
688 1737 784 1792 τοῦ
818 1736 1050 1804 ἀδελφοῦ
1095 1735 1196 1808 τὴν
1246 1736 1422 1807 χαρὰν
1476 1734 1766 1805 δεξαμένη.

228 1834 307 1894 Ὠς
335 1831 436 1901 γὰρ
465 1829 627 1900 μόνον
659 1827 894 1897 ἤκουσεν
935 1826 1018 1878 ὃτι
1049 1823 1262 1892 Ἰησοῦς
1297 1823 1443 1894 ἥκει,
1477 1822 1677 1877 αὐτίκα
1714 1823 1774 1876 τὸ

222 1922 307 1994 μὲν
334 1922 523 1983 ⁶ιιένθος
582 1918 839 1981 ἀπέθετο,
873 1916 972 1986 τῆς
1001 1916 1057 1969 δὲ
1110 1915 1348 1979 πίστεως
1384 1915 1447 1968 τὸ
1475 1915 1596 1979 ζέον
1633 1932 1774 1985 παρ-

212 2013 390 2091 έδειξε.
432 2011 761 2083 Πρεπόντως
815 2003 907 2062 οὖν
967 2009 1063 2061 καὶ
1112 2008 1146 2079 ἠ
1195 2006 1397 2079 Μάρθα
1448 2006 1672 2077 χρῆται,
1711 2007 1772 2091 οὐ

218 2086 590 2176 δημηγοροῦσα
637 2099 876 2171 Χριστοῦ
916 2099 1016 2170 τὴν
1072 2098 1387 2168 ὑπόσχεσιν.
1427 2097 1608 2167 Ἐὠρα
1663 2086 1775 2166 γὰρ

159 2204 173 2219 ⁶
216 2199 331 2259 τοὺς
362 2195 629 2265 παρόντας
667 2192 879 2263 ὄχλους,
910 2190 960 2244 οἳ
1005 2187 1394 2261 παρεκάθηντο
1424 2188 1522 2260 τὴν
1548 2187 1774 2258 Μαρίαν

218 2279 708 2351 παραμυθούμενοι,
746 2278 806 2342 ἐξ
833 2271 907 2331 ὢν
944 2273 1086 2347 ἦσαν
1117 2276 1166 2329 οἳ
1208 2277 1522 2346 διεφθόνουν
1557 2276 1773 2347 θαυμα-

216 2371 518 2443 τουργοῦντι
560 2369 806 2439 Χριστῷ·
865 2387 883 2420 t
925 2367 982 2421 '0
1015 2367 1333 2432 διδάσκαλος
1379 2369 1634 2439 πάρεστι,
1681 2368 1775 2421 καὶ

219 2466 373 2530 φωνεῖ
397 2479 472 2514 σε.
505 2478 523 2511 ι
575 2460 675 2511 Ἐκ
702 2456 799 2509 τοῦ
843 2458 1122 2528 παρεῖναι,
1159 2457 1319 2528 φησὶ,
1355 2457 1416 2510 τὸ
1448 2458 1774 2529 τελούμενον

221 2554 414 2606 σκόπει.
447 2552 521 2605 Ού
552 2547 1045 2621 παραμυθούμενος
1066 2549 1213 2620 ἥκει,
1238 2549 1297 2602 ού
1331 2548 1770 2621 ψυχαγωγήσων.

112 2638 119 2645 ’
226 2645 290 2697 Ἦ
320 2646 422 2714 γὰρ
472 2643 537 2697 ἂν
570 2643 663 2696 καὶ
715 2642 821 2714 πρὸ
858 2642 1048 2694 τούτου
1091 2642 1307 2708 ἀφῖκτο.
1338 2641 1584 2695 Ζωώσων
1624 2643 1770 2712 ἥκει,

221 2737 520 2807 ἀναστήσων
540 2735 632 2788 τὸν
662 2732 947 2801 σύγγονον.
987 2750 1007 2782 ι
1044 2731 1108 2787 Ἦ
1140 2730 1194 2785 δὲ
1231 2732 1391 2802 μόνον
1419 2731 1493 2795 ὡς
1516 2733 1771 2803 ἤκουσεν,

219 2826 410 2898 ἠγέρθη
440 2827 597 2896 ταχὺ,
623 2825 716 2877 καὶ
745 2823 946 2894 ἤρχετο
974 2821 1114 2892 πρὸς
1147 2821 1331 2874 αὐτόν.
1364 2840 1381 2872 ι
1422 2823 1537 2875 Οὐκ
1564 2824 1774 2893 ἐρωτή-

223 2935 371 2980 σασα,
406 2918 439 2987 ἢ
472 2916 608 2988 πρὸς
668 2914 863 2985 μικρὸν
898 2913 1238 2983 ἀναμείνασα
1260 2929 1274 2943 ·
1328 2912 1443 2965 ἀλλ’
1478 2913 1555 2977 ὡς
1592 2913 1773 2986 ἄνπερ

211 3010 306 3060 τὸν
354 3007 571 3076 ἀδελφὸν
630 3006 689 3058 ὲν
735 3004 926 3075 χερσὶν
987 3003 1185 3073 ἔχουσα
1241 3001 1451 3067 ζῶντα,
1496 3003 1772 3075 δρομαίως

223 3098 476 3163 ἀνίστατο,
527 3098 623 3151 καὶ
667 3095 805 3165 πρὸς
850 3093 948 3164 τὴν
1013 3093 1157 3164 ζωὴν
1181 3093 1455 3163 ἀνεπήδα,
1508 3094 1681 3164 μικρά
1734 3093 1768 3163 ἢ

223 3188 361 3240 οὐδὲν
403 3188 506 3241 τῶν
559 3184 960 3256 συμπαρόντων
1009 3183 1376 3254 φροντίσασα·
1430 3201 1449 3234 ι
1487 3181 1655 3237 Οὔπω
1714 3183 1785 3235 δὲ⁴

232 3282 420 3352 Ἰησοῦς
458 3280 706 3352 ἐληλύθει
742 3279 821 3341 είς
845 3277 945 3346 τὴν
983 3278 1200 3347 κώμην,
1231 3276 1347 3329 ἀλλ’
1388 3274 1468 3330 ἔτι
1505 3272 1574 3347 ἦν
1611 3278 1668 3328 ἐν
1694 3273 1771 3344 τῷ

224 3372 378 3443 τόπῳ,
405 3374 534 3425 ὅπου
568 3372 878 3441 ὑπήντησεν
911 3367 1059 3437 αὐτῷ
1102 3369 1135 3438 ἡ
1174 3367 1394 3436 Μάρθα.
1440 3384 1460 3417 ι
1506 3364 1773 3419 Τοσοῦτον

222 3463 488 3529 ἔσπευσεν,
521 3463 596 3524 ὡς
627 3460 714 3513 ἐπ’
767 3458 932 3513 αὐτοῦ
960 3458 1167 3527 φθάσαι
1209 3456 1305 3510 τοῦ
1329 3457 1495 3510 τόπου
1539 3456 1630 3509 τὸν
1661 3454 1772 3508 Κύ-

224 3570 350 3622 ριον.
389 3552 768 3626 Σχολαιότερον
822 3549 931 3620 γὰρ
978 3547 1275 3618 ἐπορεύετο
1302 3546 1391 3600 διὰ
1428 3546 1525 3617 τὴν
1554 3543 1773 3617 δύσεριν

220 3645 319 3696 τῶν
347 3644 612 3697 Ἰουδαίων
663 3641 941 3704 ὑπόνοιαν,
980 3637 1076 3691 τοῦ
1117 3637 1191 3708 μὴ
1237 3636 1387 3704 δόξαι
1444 3638 1771 3710 κατεπιτρέ-

218 3752 327 3804 χειν
358 3734 433 3805 τῷ
477 3734 741 3802 θαύματι,
775 3730 892 3783 ἀλλ’
948 3729 1027 3791 ὡς
1073 3728 1138 3787 ἐκ
1173 3729 1491 3798 προτροπῆς
1537 3728 1647 3781 τῶν
1676 3745 1774 3797 γυ-

218 3822 373 3877 ναίων
394 3821 747 3893 καλούμενος.
776 3818 935 3871 Ἐπεὶ
979 3815 1114 3888 μηδὲ
1162 3818 1420 3887 παρεῖναι
1456 3817 1769 3889 βεϐούλητο,

221 3916 263 3968 εί
288 3915 363 3988 μὴ
389 3914 726 3989 προτραπεὶς
755 3912 985 3984 ἐκλήθη,
1009 3909 1088 3981 τῷ
1122 3910 1199 3981 μὴ
1225 3910 1592 3982 προσποίησιν
1620 3927 1774 3982 νομι-

218 4006 394 4077 σθῆναι
433 4007 494 4061 τὸ
545 4006 803 4077 πρᾶγμα.
858 4004 948 4066 Ὠς
991 3998 1085 4057 οὖν
1117 3996 1258 4056 εἶδον
1305 4001 1409 4073 τὴν
1458 4001 1680 4075 Μαρίαν
1722 4003 1774 4057 oi

218 4099 340 4169 περὶ
371 4098 541 4170 αὐτὴν
582 4095 828 4150 Ἰουδαῖοι
869 4093 1083 4164 ταχέως
1141 4092 1240 4163 μιν
1269 4093 1606 4157 ἀναστᾶσαν,
1646 4093 1773 4165 δρο-

222 4187 383 4257 μαίως
418 4189 475 4243 δὲ
497 4188 601 4258 τῆς
622 4185 801 4248 οἰκίας
826 4184 1091 4249 ἐκϐᾶσαν,
1117 4182 1370 4247 δόξαντες
1400 4182 1603 4237 ὡσανεὶ
1635 4183 1774 4255 πρὸς

218 4279 274 4334 τὸ
304 4283 561 4352 μνημεῖον
616 4276 869 4332 σπεύδειν
895 4273 1088 4346 αὐτὴν,
1142 4274 1226 4328 ῐνα
1264 4271 1428 4344 τυχὸν
1450 4288 1456 4294 '
1478 4272 1734 4346 σπαράξῃ
1753 4313 1770 4340 ,

220 4372 303 4423 καὶ
337 4374 601 4435 κωκυτοῖς
629 4369 724 4425 τὸν
748 4367 1012 4437 σύγγονον
1048 4364 1410 4437 ἀποδύρηται,
1446 4364 1772 4436 συνεξῆλθον

1866 578 2026 632 quam
2060 578 2179 617 eam
2237 562 2505 633 pertraxit
2551 559 2753 616 fidem?
2780 559 2871 615 Sic
2901 558 3184 626 nimirum,
3216 570 3273 613 ut
3321 578 3445 631 qua:

1866 652 2033 723 paulo
2066 655 2326 724 superius
2367 669 2433 708 ex
2478 652 2834 722 simplicitate
2873 652 3130 714 errabat,
3185 664 3443 709 accurata

1866 744 2032 799 etiam
2066 746 2322 813 dogmata
2347 744 2612 813 attigerit.
2642 741 2920 812 Quidquid
2949 743 3091 798 enim
3125 744 3191 798 de
3220 743 3446 801 Christo

1869 835 2157 906 oportebat
2182 834 2456 899 confiteri,
2472 834 2618 888 brevi
2642 834 3132 891 circumlocutione
3156 834 3441 890 disseruit.

1868 926 2007 981 Nam
2030 927 2265 983 dicendo
2306 946 2319 983 :
2369 946 2387 978 ι
2421 924 2662 995 Utique,
2692 941 2791 995 ego
2823 926 3069 993 credidi,
3100 931 3231 998 quia
3277 938 3330 982 tu
3384 944 3445 982 es

1867 1016 2126 1073 Christus
2147 1014 2322 1072 Filius
2359 1014 2455 1072 Dei
2487 1014 2583 1111 qui
2612 1010 2667 1070 in
2699 1014 2966 1070 mundum
3011 1018 3165 1072 venis
3204 1037 3217 1072 :
3249 1037 3267 1071 ι
3299 1019 3447 1072 clare

1871 1108 1925 1162 in
1978 1124 2147 1163 unum
2199 1107 2403 1177 pariter
2446 1107 2508 1163 et
2557 1107 2846 1178 theologia:
2900 1124 2965 1163 ac
3030 1107 3342 1172 Trinitatis.
3394 1121 3448 1166 ct

1871 1202 2195 1257 mconomiae
2217 1214 2283 1255 ac
2323 1199 2724 1255 incarnationis
2742 1199 3051 1255 doctrinam
3072 1203 3448 1273 complexione

1870 1292 2170 1351 conclusit.

1948 1403 1967 1436 ι
2009 1383 2255 1449 Etcum,
2298 1382 2500 1454 inquit,
2542 1382 2644 1438 hoc
2684 1380 2939 1447 dixisset,
2987 1381 3148 1451 abiit,
3187 1394 3241 1438 et
3281 1400 3447 1439 voca-

1872 1477 1950 1530 vit
2008 1489 2259 1531 sororem
2319 1488 2477 1530 suam
2541 1474 2818 1538 silentio,
2891 1472 3124 1530 dicens:
3187 1475 3450 1545 Magister

1872 1566 2048 1629 adest,
2086 1575 2142 1620 et
2182 1572 2340 1623 vocat
2379 1574 2451 1620 te.
2491 1564 2590 1619 Illa
2622 1572 2681 1618 ut
2717 1564 2957 1630 audivit,
3012 1568 3260 1621 surrexit
3311 1570 3449 1631 cito.

1872 1672 1926 1714 et
1955 1658 2105 1713 venit
2140 1656 2209 1712 ad
2249 1673 2396 1713 eum.
2429 1675 2449 1709 ι
2494 1654 2715 1712 Gaudio
2754 1656 3107 1727 perfunditur
3145 1674 3248 1728 pro
3287 1661 3450 1714 modo

1872 1758 2156 1820 conceptae
2186 1750 2254 1804 de
2286 1757 2460 1804 morte
2502 1748 2692 1817 fratris
2743 1749 3005 1805 tristitiae.
3041 1746 3109 1803 Ut
3140 1751 3288 1805 enim
3332 1761 3451 1804 tan-

1876 1851 1990 1896 tmn
2021 1841 2234 1897 audivit
2268 1838 2490 1896 venisse
2520 1838 2732 1904 Jesum,
2769 1839 3065 1896 confestim
3094 1840 3318 1913 qttidem
3355 1842 3452 1896 de-

1873 1933 2058 2002 posuit
2098 1932 2328 1996 luctum,
2362 1929 2488 1986 fidei
2532 1944 2661 1987 vero
2701 1929 2978 1986 fervorem
3023 1932 3295 1987 exhibuit.
3345 1934 3451 1988 Sed

1871 2034 1924 2079 et
1977 2021 2188 2077 Martha
2242 2021 2506 2076 decenter
2549 2020 2682 2091 agit.
2740 2036 2848 2077 non
2903 2021 3183 2091 publicata
3244 2024 3451 2082 Christi

1874 2116 2261 2186 promissione.
2300 2113 2539 2170 Videbat
2577 2114 2726 2170 enim
2759 2114 3316 2173 circumassidentetn
3340 2118 3455 2172 Ma-

1876 2208 1970 2262 ria:
1999 2207 2376 2265 consolantem
2406 2205 2647 2271 turbam,
2677 2206 2862 2277 inqua
2899 2214 3089 2263 essent
3116 2209 3209 2279 qui
3229 2209 3455 2267 Christo

1875 2299 2138 2354 miracula
2187 2297 2376 2354 edenti
2440 2297 2771 2352 inviderent.
2816 2316 2837 2350 ι
2887 2297 3149 2368 Magister
3187 2302 3363 2364 adest.
3399 2313 3455 2357 et

1876 2398 2036 2445 vocat
2064 2397 2136 2447 te.
2171 2408 2190 2441 ι
2239 2388 2317 2442 Ex
2340 2387 2663 2457 praesentia.
2698 2388 2896 2458 inquit,
2927 2404 3098 2457 pensa
3147 2392 3290 2460 quod
3330 2408 3453 2462 prr-

1875 2482 2076 2552 agitur.
2113 2477 2235 2535 Non
2294 2480 2448 2534 venit
2482 2487 2542 2534 ut
2569 2480 2893 2535 consoletur
2928 2498 2942 2535 :
2978 2495 3086 2534 non
3135 2491 3194 2535 ut
3226 2482 3455 2538 deliniat

1875 2574 2113 2627 animos.
2147 2570 2366 2641 Alioqui
2409 2570 2563 2640 prius
2603 2570 2766 2624 etiam
2815 2570 3149 2625 advenisset.
3192 2572 3353 2629 Venit
3395 2584 3456 2629 ιιι

1875 2664 2043 2718 vitam
2080 2664 2359 2728 restituat,
2395 2671 2453 2717 ut
2485 2661 2710 2717 fratrem
2740 2664 3062 2718 resuscitet.
3093 2683 3111 2715 ι
3156 2664 3248 2718 Illa
3273 2676 3454 2720 autem

1877 2766 1931 2811 ut
1966 2757 2146 2811 solum
2175 2755 2405 2816 audivit,
2447 2755 2689 2809 surrexit
2711 2754 2843 2815 cito.
2896 2769 2951 2810 et
2988 2755 3241 2809 venit'ad
3267 2773 3450 2812 eum.»

1872 2846 2020 2903 Nihil
2051 2848 2381 2917 interrogat,
2417 2860 2518 2903 nec
2551 2845 2636 2900 vel
2665 2846 2952 2901 minimum
2989 2857 3286 2903 cunctatur
3314 2867 3327 2904 :
3358 2851 3454 2906 sed

1875 2940 2034 3012 quasi
2077 2940 2263 2995 vivum
2298 2938 2530 2994 fratrem
2574 2937 2801 2993 haberet
2838 2938 2893 2993 itt
2939 2939 3233 3005 manibus,
3278 2944 3456 3014 surgit

1875 3033 2117 3094 coneite.
2152 3041 2206 3085 et
2242 3031 2310 3087 ad
2341 3031 2506 3086 vitam
2564 3030 2803 3100 prosilit,
2838 3046 3031 3100 parum
3058 3041 3151 3087 aut
3186 3033 3326 3111 nihil
3358 3050 3455 3105 pa-

1799 3141 1841 3198 C
1877 3122 2008 3176 riter
2056 3120 2320 3175 collectos
2366 3135 2572 3176 curans
2608 3139 2621 3174 :
2664 3140 2684 3173 ι
2715 3119 2973 3176 Nondum
3025 3124 3176 3178 enim
3228 3134 3457 3181 venerat

1876 3210 2038 3267 .lesus
2084 3210 2139 3264 in
2181 3211 2516 3265 castellum:
2564 3210 2661 3266 sed
2711 3220 2832 3269 erat
2866 3213 3046 3269 adhuc
3090 3214 3141 3269 in
3179 3215 3271 3270 illo
3304 3216 3452 3281 loco,

1878 3299 1968 3353 tibi
2000 3305 2325 3352 occurrerat
2347 3298 2397 3352 ei
2439 3297 2673 3351 Martha.
2707 3317 2725 3349 ι
2761 3296 2947 3369 Usque
2989 3302 3127 3355 adeo
3158 3303 3455 3359 festinave-

1876 3395 1982 3449 rat,
2010 3394 2068 3440 ut
2108 3387 2165 3439 in
2199 3386 2319 3454 ipso
2353 3385 2476 3440 loco
2514 3385 2875 3440 anteverterit
2910 3386 3224 3445 Dominum.
3269 3390 3450 3445 Moro-

1875 3479 1993 3534 sius
2031 3477 2179 3531 enim
2217 3476 2509 3532 incedebat
2564 3476 2637 3530 ob
2670 3474 2987 3532 Iudaeorum
3036 3481 3448 3537 contentiosam

1874 3567 2296 3623 mstimationem
2329 3586 2343 3622 :
2385 3575 2441 3622 ut
2463 3582 2531 3623 ne
2560 3566 2848 3621 videretur
2874 3569 2991 3635 ipse
3021 3569 3085 3623 ad
3121 3570 3449 3627 miraculum

1873 3675 2225 3734 procurrere,
2266 3659 2361 3715 sed
2394 3661 2555 3731 quasi
2605 3659 2898 3715 mulierum
2934 3669 3127 3731 rogatu
3163 3665 3450 3733 accedere.

1874 3750 2009 3805 Nam
2058 3764 2239 3820 neque
2271 3749 2463 3804 venire
2511 3748 2779 3814 voluerat,
2828 3749 2935 3803 nisi
2997 3764 3188 3804 earum
3239 3755 3452 3810 accitus

1872 3840 2286 3906 obsecratione,
2337 3849 2397 3894 ut
2442 3855 2512 3896 ne
2557 3855 2645 3896 res
2688 3839 2977 3896 simulatio
3009 3853 3321 3912 putaretur.
3383 3847 3454 3902 Ut

1874 3942 2054 3987 autem
2084 3929 2281 3996 Judwi,
2307 3932 2401 4002 qui
2438 3940 2599 3987 erant
2630 3945 2759 3987 cum
2800 3932 2994 4009 Maria.
3042 3934 3303 3992 viderunt
3339 3937 3454 3993 cito

1873 4025 2203 4090 surrexisse,
2238 4036 2302 4081 ac
2336 4024 2502 4081 domo
2528 4026 2804 4083 concitam
2843 4027 3048 4093 exisse,
3074 4029 3454 4088 existimantes

1871 4116 2020 4172 velut
2052 4116 2119 4172 ad
2151 4126 2571 4173 monumentum
2604 4132 2928 4189 praperare,
2959 4127 3017 4174 ut
3042 4136 3101 4177 se
3137 4121 3323 4178 forsan
3352 4140 3454 4181 un-

1871 4205 2073 4277 guibus
2111 4207 2413 4274 laceraret,
2463 4206 2794 4276 ululatuque
2836 4208 3150 4279 deploraret
3199 4210 3451 4277 fratrem,

1872 4308 1981 4351 una
2006 4298 2219 4369 egressi
2247 4307 2395 4362 sunt,
2433 4298 2585 4352 velut
2624 4300 2694 4354 ab
2731 4313 2798 4354 eo
2838 4298 3027 4354 fratris
3059 4301 3210 4355 luctu
3262 4303 3452 4373 prohi-

1872 4386 2061 4444 bituri.
2101 4387 2294 4442 Divina
2336 4401 2468 4442 vero
2521 4388 2866 4456 providentia
2916 4404 3006 4442 res
3039 4389 3353 4458 gerebatur,
3390 4403 3449 4447 ut

218 4463 363 4535 αὐτῇ.
399 4462 633 4517 κωλύειν
653 4461 843 4530 ὥσπερ
868 4456 1184 4530 βουλόμενοι
1209 4457 1308 4527 τῆς
1336 4455 1432 4509 επὶ
1456 4456 1534 4526 τῷ
1554 4457 1768 4529 ἀδελφῷ

1894 4486 1923 4532 :t
1948 4479 2026 4533 illi
2059 4480 2341 4546 adessent,
2363 4496 2473 4551 quo
2516 4455 2621 4536 sub
2648 4497 2840 4537 eorum
2893 4455 3183 4538 obtutibus
3237 4483 3445 4538 editum

218 4553 523 4633 θρηνῳδίας.
553 4555 630 4609 Τὸ
666 4553 725 4608 δὲ
749 4549 818 4623 ἦν
848 4552 1010 4623 ἔργον
1053 4549 1363 4620 οἰκονομίας
1398 4554 1767 4621 συμπαρεῖναι

219 4646 505 4713 κάκείνους,
537 4646 607 4702 ἶν’
638 4643 727 4697 ἐπ’
762 4643 950 4712 ὕψεσιν
978 4639 1161 4696 αὐτῶν
1192 4640 1254 4692 τὸ
1269 4638 1469 4720 ,θαῦμα
1502 4641 1764 4714 πραχθὲν,

220 4737 287 4808 μὴ
309 4738 621 4810 ἀμάρτυρον
645 4734 706 4810 ti-

282 4849 300 4882 ι
338 4832 398 4887 ἐι
444 4828 540 4886 οὖν
594 4829 805 4900 Μαρία,
837 4829 911 4894 ὼς
954 4825 1117 4901 ἦλθεν
1160 4832 1293 4885 ὅπου
1339 4827 1410 4903 ἦν
1459 4832 1487 4883 ὁ
1535 4827 1765 4898 Ἰησοῦς,

216 4918 378 4975 ἰδοῦσα
404 4921 589 4985 αὐτὸν,
639 4920 834 4973 ἔπεσεν
870 4917 1037 4973 αὑτοῦ
1091 4921 1228 4991 πρὸς
1266 4922 1398 4983 τοῦς
1443 4919 1633 4981 πόδας,
1676 4917 1768 4970 λέ-

214 5024 396 5075 γουσα·
431 5012 634 5085 Κύριε,
676 5012 728 5064 εί
777 5007 848 5083 ἧς
888 5003 1023 5076 ὧδε,
1055 5012 1157 5065 οὐκ
1200 5012 1267 5065 ἂν
1311 5010 1552 5065 ἀπέθανὲ
1607 5025 1711 5079 μου
1739 5009 1768 5060 ό

215 5102 438 5173 ἁδελφός,
468 5125 489 5157 ι
528 5106 674 5159 Ἴσον
697 5103 896 5175 ἔχουσα
929 5106 996 5176 τῇ
1027 5104 1228 5173 ἀδελφῇ
1256 5103 1318 5155 τὸ
1348 5102 1625 5173 φρόνημα,
1654 5102 1768 5164 τοῖς

215 5194 402 5265 ὁμοίοις
443 5197 618 5268 αὐτῆς
653 5197 995 5268 συμφέρεται
1040 5196 1270 5267 ῥήμασι.
1303 5196 1505 5248 Σκόπει
1537 5190 1632 5247 οὖν
1665 5192 1767 5246 ὅσα

217 5285 266 5338 ὲν
294 5288 465 5359 μικρῷ
486 5288 615 5343 τότε
641 5290 677 5359 ἡ
713 5287 906 5357 Μαρία
934 5289 1099 5342 ποιεῖ.
1132 5285 1465 5358 Προστρέχει
1505 5285 1580 5349 ὡς
1623 5283 1762 5355 Θεῷ,

219 5380 544 5447 προσπίπτει,
598 5377 1060 5450 παρρησιάζεται,
1103 5377 1374 5430 δείκνυσιν
1417 5377 1501 5430 ὃτι
1533 5375 1763 5445 τέθνηκε

219 5466 441 5541 Λάζαρος
460 5487 477 5501 ·
510 5471 572 5522 οὐ
603 5467 780 5522 ταῦτα
807 5468 865 5520 δὲ
902 5468 1082 5537 μόνον,
1113 5467 1230 5520 ἀλλ’
1262 5469 1343 5520 ὃτι
1386 5469 1478 5521 καὶ
1512 5469 1763 5538 πρόωρος

100 5563 113 5572 ⁸
189 5553 245 5633 ,ό
268 5554 478 5621 θάνατος
512 5557 761 5627 γέγονεν,
796 5557 1029 5619 ἀπόντος
1061 5556 1250 5611 αὑτοῦ.
1288 5557 1421 5609 Τότε
1460 5557 1570 5627 γάρ
1601 5557 1763 5627 τυχὸν

221 5645 347 5714 λέγει
378 5649 833 5723 παραγεγονέναι,
869 5649 955 5701 ὅτε
983 5649 1059 5719 μὴ
1080 5649 1179 5719 τὴν
1200 5647 1495 5718 θεραπείαν
1522 5650 1549 5701 ὁ
1576 5649 1764 5720 καιρὸς

222 5736 497 5811 ἐπεδέχετο,
534 5738 980 5809 συγκλεισθεῖσαν
1013 5738 1214 5793 ὡσανεὶ
1245 5738 1324 5808 τῷ
1372 5738 1607 5808 θανάτῳ.
1652 5740 1761 5792 Καὶ

1870 4570 2202 4627 miraculum
2234 4571 2657 4644 haudquaquam
2697 4581 2865 4628 testes
2901 4571 3267 4630 desideraret.

1949 4850 1967 4884 ι
2004 4831 2176 4887 Maria
2203 4848 2336 4904 ergo
2370 4849 2493 4888 eum
2523 4833 2762 4889 venisset
2783 4835 2871 4889 ubi
2903 4845 3021 4889 erat
3044 4832 3227 4900 Jesus,
3254 4836 3445 4895 videns

1868 4940 2018 4987 eum,
2054 4923 2254 4978 cecidit
2285 4922 2353 4977 ad
2403 4924 2568 4991 pedes
2610 4924 2752 4994 ejus,
2788 4933 2841 4980 et
2875 4926 3011 4980 dicit
3046 4926 3094 4979 ei
3132 4944 3144 4980 :
3189 4926 3442 4992 Domine,

1868 5016 1912 5070 si
1947 5016 2150 5071 fuisses
2188 5014 2299 5078 hic,
2337 5031 2446 5069 non
2478 5025 2635 5071 eSset
2678 5026 2931 5072 mortuus
2982 5018 3150 5072 frater
3197 5034 3370 5071 meus.
3420 5038 3437 5069 ι

1868 5105 2071 5160 Eodem
2121 5121 2246 5161 cum
2299 5122 2495 5162 sorore
2541 5123 2728 5173 sensu,
2776 5108 2971 5164 iisdem
3006 5124 3068 5163 ac
3103 5110 3220 5177 ipsa
3258 5110 3443 5163 verbis

1869 5197 2243 5267 congreditur.
2306 5196 2444 5253 Vide
2495 5200 2660 5269 igitur
2706 5215 2872 5269 quam
2912 5211 3066 5253 'tunc
3120 5201 3173 5251 iu
3224 5201 3444 5253 modico

1868 5290 2037 5343 multa
2079 5289 2290 5344 fecerit.
2326 5289 2583 5344 Occurrit
2615 5301 2670 5343 ιιι
2720 5290 2853 5355 Deo,
2886 5288 3111 5352 accidit,
3148 5290 3259 5360 agit
3309 5291 3445 5344 fidit-

1867 5381 1972 5445 cia,
2008 5379 2253 5435 ostendit
2311 5391 2585 5434 tno:tuum
2639 5381 2903 5435 Lazarum
2939 5400 2952 5434 ι
2992 5397 3092 5436 nec
3143 5382 3193 5436 i.l
3235 5382 3438 5445 solum,

1866 5484 2055 5539 verum
2094 5469 2259 5523 etiam
2291 5469 2435 5539 quod
2472 5487 2618 5525 mors
2644 5471 2934 5523 immatura
2968 5471 3194 5525 absente
3214 5486 3281 5525 eo
3306 5488 3442 5526 cott-

1866 5538 2071 5630 tigerit.
2103 5556 2260 5612 Tunc
2296 5538 2442 5613 enim
2492 5558 2634 5615 forte
2666 5561 2739 5612 ait
2774 5562 3065 5616 advenisse
3088 5600 3101 5622 .
3151 5577 3277 5617 cum
3325 5561 3439 5632 jatn

1868 5659 2104 5722 tempus,
2142 5652 2287 5707 velut
2321 5663 2495 5706 morte
2527 5653 2916 5721 praecludt-ute,
2953 5653 3300 5710 curationem
3333 5670 3442 5710 non

1868 5746 2154 5816 reciperet.
2195 5743 2270 5799 Ex
2299 5746 2369 5800 iis
2401 5760 2636 5815 namque
2660 5747 2985 5819 conjectura
3013 5757 3118 5814 est,
3148 5748 3440 5819 agnovisse
