3790 6202
222 289 234 306 .
286 235 362 301 977

1304 239 1391 303 IN
1428 237 1789 301 LAZABUM
1827 232 2474 306 QUATRIDUANUM.

3401 226 3511 293 978

283 351 566 422 Φιλούμενος
592 349 793 417 ὲφίλει,
824 349 921 405 καὶ
957 350 1207 416 εἰκότως.
1251 370 1271 405 ι
1300 351 1447 421 Ἐγὼ
1485 351 1614 422 γὰρ,
1656 350 1777 420 φησπ

1964 344 2195 410 uomodo
2226 344 2444 400 amabat
2479 342 2651 400 euml
2693 359 2713 395 ι
2751 337 2857 411 Qui
2897 341 3211 410 amabatur,
3259 342 3501 397 amabat.

279 441 487 512 τοιςιμι
522 442 835 511 φιλοῦντας,
861 426 1134 512 tyana}
1169 475 1239 487 --
1265 464 1284 497 ι
1317 445 1425 497 Ἴδε
1469 445 1588 507 πῶς
1632 444 1777 512 ὲφίλε

1965 436 2089 491 lane
2140 435 2372 490 merito:
2419 452 2438 485 ι
2478 432 2592 505 Ego
2623 432 3042 503 enim,inquit,
3085 432 3382 515 diligentes
3421 448 3509 490 me

277 533 424 587 αὐτόν.
455 552 474 585 ι
504 533 659 587 Ἐστι
690 516 934 598 πως-καὶ
964 535 1361 608 θαυμαζόντων
1387 538 1416 590 ὁ
1448 536 1629 605 λόγος,
1671 535 1772 590 ἀλλ

1964 525 2087 597 iligo
2105 534 2187 580 κ.»
2212 544 2317 579 -ι
2338 524 2481 581 Ecce
2510 525 2790 609 quomodo
2817 524 3217 581 amabateumi
3244 522 3508 582 «Videtur

276 626 348 678 καὶ
372 625 795 695 βασκαινόντων
829 626 907 691 ὥς
937 645 1093 691 τινας
1125 628 1340 697 λέγειν’
1372 645 1391 680 r
1430 628 1547 682 Οὐκ
1574 616 1777 698 ἡδύνατ

1964 656 1967 668 .
2001 617 2395 673 admirantium
2428 631 2612 673 sermo
2635 656 2652 683 ,
2685 618 2781 673 sed
2846 624 2901 673 et
2934 617 3251 672 invidorum
3290 636 3304 672 :
3340 617 3416 671 ita
3444 626 3505 674 ut

273 705 397 773 ὦτος
418 713 446 764 ὀ
462 711 680 777 ἀνοίξας
698 712 822 777 τοὺς
855 715 1172 785 ὀφθαλμοὺς
1196 717 1291 770 τοῦ
1323 717 1550 787 τυφλοῦ,
1579 717 1777 787 ποιῆσα

1968 711 2081 782 iqui
2101 711 2385 767 dicereut:
2414 708 2560 765 «Non
2582 710 2931 781 poterathic,
2950 710 3046 780 qui
3069 709 3287 781 aperuit
3302 710 3503 766 oculos

272 803 343 855 ἴνα
374 800 442 872 μὴ
478 803 572 856 καὶ
615 796 772 868 οὗτος
826 796 1164 878 ἀποθάνῃ;ἰ
1199 809 1310 863 Καὶ
1357 810 1408 862 εἰ
1454 808 1637 880 ἤνοιξε
1677 810 1806 873 τοὺς

269 894 544 971 ὀφθαλμοὺς
576 895 672 949 τοῦ
699 897 925 967 τυφλοῦ,
949 899 1001 952 τί
1036 917 1168 954 ποτε
1209 900 1358 971 αὺτῷ
1390 900 1805 965 διαπιστοῦντες

267 962 376 1038 τύτῖ
410 962 744 1057 βλασφήμοις
782 962 988 1055 ’λόγοις
1047 962 1445 1055 ἔϐάλλετεξἽί
1510 962 1804 1055 τοσαύταις

266 1076 479 1146 ἔνείρατε
526 1078 616 1131 τδν
656 1074 719 1133 εὖ
755 1080 998 1134 παθόντα
1027 1081 1276 1148 πλοκαῖς,
1326 1084 1630 1156 κρίνοντες,
1671 1086 1802 1139 ἁνα-

266 1168 527 1236 κρίνοντες,
549 1167 630 1231 τίς
654 1171 751 1223 καί
775 1171 963 1236 πόθεν,
997 1173 1093 1226 καὶ
1136 1175 1405 1242 ποταπὸς,
1432 1178 1528 1228 καὶ
1549 1176 1603 1228 τί
1643 1177 1798 1246 ποιή-

264 1271 348 1319 σας
375 1256 560 1326 ἀνέῳξε
597 1274 694 1311 σου
724 1261 852 1323 τοὺς
890 1261 1236 1331 δφθαλμούςς
1287 1264 1426 1328 τέως
1460 1264 1559 1334 μὲν
1604 1264 1798 1334 ὁμολο-

257 1350 385 1414 γεῖτε
403 1348 508 1413 νῦν,
540 1352 587 1402 εἱ
622 1350 717 1404 καὶ
738 1351 984 1417 ἄκοντες,
1010 1348 1293 1425 ἀνεῳγότα
1319 1355 1447 1419 τοὺς
1476 1355 1795 1426 ὀφθαλμοὺς

254 1439 336 1492 τοῦ
369 1441 576 1509 τυφλοῦ.
613 1443 746 1497 Δέον
774 1445 869 1497 ἀπ’
898 1446 1111 1500 ἐκείνου
1142 1449 1238 1502 καὶ
1265 1447 1423 1502 τοῦτο
1456 1448 1793 1520 θαυμάζεινο

253 1532 390 1601 ὑμεῖς
433 1532 486 1586 δὲ
529 1536 754 1589 κάκεῖνο
786 1537 1075 1593 καὶτοῦτο
1117 1539 1399 1606 κακίςετε.
1450 1541 1652 1612 Ἔργον
1679 1541 1790 1613 γὰρ

249 1625 386 1679 τοῦτο
412 1627 704 1701 Ἰουδαϊκῆς
755 1632 1153 1702 προαιρέσεως.
1201 1633 1336 1686 Πότε
1378 1633 1488 1704 γὰρ
1537 1634 1596 1688 ού
1645 1651 1787 1705 παρ-

1908 803 2066 868 eaaci,
2096 802 2281 860 facere
2307 812 2368 858 ut
2390 803 2482 859 hic
2513 818 2623 859 non
2664 803 3014 859 moreretur?
3045 821 3064 855 ι
3095 803 3259 873 Atqui
3293 803 3339 858 si
3367 802 3498 857 caeci

1909 895 2127 965 aperuit
2153 894 2372 961 oculos,
2411 908 2515 950 cur
2546 906 2679 949 tunc
2713 894 2760 949 ei
2795 902 2994 964 negata
3030 892 3134 949 fide
3159 890 3500 964 blasphemis

1904 1000 2032 1042 eum
2067 986 2370 1056 impetistis
2394 985 2802 1053 sermonibus?
2830 984 2941 1041 Cur
2977 1000 3102 1042 eum
3138 984 3232 1056 qui
3271 999 3500 1054 accepe-

1905 1085 1992 1151 rat
2031 1077 2365 1134 beneficium
2402 1086 2513 1134 tam
2549 1079 2742 1135 multis
2779 1078 3099 1135 inseruistis
3129 1078 3495 1148 quaestionum

1903 1168 2161 1230 nexibus.
2194 1171 2366 1226 semel
2387 1171 2660 1228 etiterum
2680 1171 3003 1242 iudicantes
3034 1178 3088 1226 et
3114 1169 3491 1240 exquirentes,

1900 1263 2050 1333 quis,
2083 1272 2137 1319 et
2169 1264 2349 1333 eujas,
2384 1271 2439 1321 et
2479 1264 2660 1335 qualis
2684 1305 2700 1331 ,
2739 1270 2797 1320 et
2836 1263 2974 1334 quid
3025 1261 3232 1318 faciens
3276 1262 3495 1332 aperuit

1899 1353 1996 1408 tibi
2081 1355 2317 1412 oculos?
2373 1354 2530 1412 Nunc
2600 1356 2845 1421 interim,
2892 1369 3211 1427 quanquam
3288 1354 3489 1421 inviti,

1897 1446 2200 1515 agnoscitis
2245 1448 2532 1517 aperuisse
2581 1449 2776 1504 oculos
2824 1449 2983 1523 caeci.
3030 1448 3302 1503 Czeterum
3364 1461 3482 1500 cum

1897 1537 2032 1593 illud
2058 1538 2388 1595 miraculum
2420 1540 2550 1597 huic
2579 1540 2806 1597 deberet
2832 1539 3262 1595 admirationem
3292 1537 3487 1593 conci-

1896 1627 2052 1695 liare,
2090 1644 2189 1685 vos
2226 1628 2411 1699 potius
2463 1637 2764 1700 utrumque
2811 1628 3166 1698 vituperatis.
3212 1627 3332 1681 Hoc
3386 1624 3487 1681 Ju-

248 1717 805 1790 ωργίσατετΧριστόνς
858 1722 987 1776 πότε
1034 1724 1135 1777 οὐκ
1179 1724 1519 1795 ἠπειθήσατε
1559 1722 1777 1779 τοιαῦτα

1964 1720 2085 1776 ieus
2131 1722 2353 1799 animus
2403 1721 2570 1777 habet
2612 1723 2823 1793 operis.
2871 1721 3105 1789 Quando
3162 1718 3308 1775 enim
3368 1734 3481 1775 non

248 1812 329 1865 καὶ
348 1810 569 1866 τοσαῦτα
600 1811 925 1885 τεθεαμένοι
960 1817 1261 1886 τεράστιας

309 2028 325 2062 ι
364 2011 419 2065 '0
452 2012 655 2083 Ἰησοῦς
693 2010 788 2068 οὗν
834 2015 998 2071 πάλιν
1045 2019 1534 2092 ἐμϐριμησάμενος
1565 2021 1786 2094 ἔρχεται

240 2102 309 2164 εἰς
333 2102 386 2154 τὺ
418 2109 684 2175 μνημεῖον
705 2122 719 2136 '
767 2103 836 2179 ἦν
880 2108 938 2162 δὲ
971 2111 1268 2182 σπήλαιονο
1304 2132 1322 2165 ι
1377 2114 1630 2184 σκοτεινὴ
1676 2114 1786 2168 τῶν

248 2195 492 2250 Ἰουδαίων
537 2199 771 2271 καρδίαδ
819 2221 839 2253 ι
881 2203 993 2256 Καὶ
1022 2203 1168 2269 λίθος
1224 2205 1476 2260 ἐπέκειτο
1522 2208 1728 2262 ἐπάνω.
1760 2227 1778 2259 ι

239 2283 334 2353 Τῆς
364 2287 614 2353 ἀπιστίας
644 2291 704 2343 τὸ
755 2282 993 2363 σκληρὸν
1028 2295 1121 2350 καὶ⁵
1158 2295 1471 2351 ἀντίτυπον.
1509 2313 1528 2348 t
1556 2298 1721 2365 Λέγει
1758 2299 1786 2351 ὀ
1850 2354 1851 2357 η

249 2373 457 2445 Ἰησοῦς·
495 2379 703 2451 ’Ἄρατε
734 2381 827 2435 τὸν
856 2383 1022 2438 λίθον.
1054 2405 1073 2436 ι
1114 2385 1219 2439 Τὸν
1262 2385 1434 2457 βαρὺν
1483 2388 1579 2458 τῆς
1626 2388 1786 2441 ἀπει-

237 2462 369 2529 θείας
390 2469 753 2526 ἀποκυλίσατε
780 2474 950 2542 λίθον,
976 2477 1065 2530 ἶνα
1086 2479 1144 2531 τὸ
1169 2477 1492 2549 θνησιμαῖον
1519 2480 1785 2549 ἀναγᾲγω

234 2556 318 2609 τοῦ
345 2562 684 2633 γράμματος.
713 2583 733 2618 ι
764 2567 970 2638 ’Ἄρατε
1025 2570 1119 2623 τὸν
1156 2569 1303 2625 λίθον
1322 2548 1342 2604 οῖ
1377 2590 1396 2624 ι
1441 2573 1534 2626 τὸν
1582 2548 1785 2626 δυσδά-

234 2660 442 2705 στακτον
472 2654 564 2708 τοῦ
598 2657 768 2728 νόμου
793 2659 980 2729 ζυγὸν,
1005 2663 1093 2716 ἵνα
1124 2664 1212 2717 τὸν
1246 2664 1510 2729 ζωοποιὺν
1547 2666 1648 2736 τῆς
1686 2666 1782 2737 χά-

234 2752 371 2807 ριτος
411 2745 718 2820 ἀναλάϐητε
752 2752 930 2822 λόγον.
967 2774 987 2807 ι
1030 2758 1232 2829 ’Ἄρατε
1278 2758 1371 2813 τὸν
1419 2759 1597 2815 λίθονο
1635 2780 1654 2813 ι
1690 2760 1783 2814 τὸν

233 2829 297 2896 ὥς
327 2837 577 2911 κάλυμμα
603 2844 856 2914 κείμενον
887 2828 983 2902 καὶ
1007 2848 1281 2920 βαροῦντα
1311 2853 1403 2906 τὸν
1442 2854 1587 2909 νοῦν.
1636 2855 1781 2908 Ἐδυ-

235 2927 394 2999 νάμην
420 2933 577 2998 αὐτὸς
600 2934 714 3002 ἐγὼ
737 2937 828 2990 τὸν
854 2938 1001 2992 λίθον
1030 2943 1387 3011 ἀποκυλίσαι,
1416 2946 1533 3009 ἀλλ’
1561 2947 1648 3000 ἵνα
1685 2950 1780 3000 καὶ

1817 1851 1820 1855 η
1866 1814 2260 1891 exacerbastis
2299 1814 2614 1871 Christum?
2645 1814 2867 1887 quando
2900 1823 2980 1891 tot
3016 1813 3292 1882 tantisque
3327 1810 3464 1866 visis

1888 1903 2158 1973 prodigiis
2182 1919 2290 1960 non
2329 1906 2760 1977 inobsequentes
2783 1904 3005 1961 fuistis?

1964 2032 1985 2065 ‹
2022 2011 2185 2071 Iesus
2222 2030 2356 2087 ergo
2388 2033 2607 2074 rursum
2644 2018 2906 2083 fremens,
2965 2017 3116 2072 venit
3165 2014 3232 2071 ad
3279 2027 3479 2069 monu~

1888 2114 2154 2179 mentum.
2197 2107 2327 2162 Erat
2356 2118 2540 2165 autem
2567 2110 2870 2181 spelunca:
2905 2128 2924 2161 ι
2958 2122 3156 2178 nempe
3189 2120 3291 2161 cor
3320 2111 3481 2160 tene-

1889 2196 2167 2252 bricosum
2208 2196 2535 2256 Judaeorum
2568 2220 2583 2254 :
2614 2221 2635 2253 ι
2673 2200 2739 2255 Et
2770 2199 2911 2271 lapis
2946 2198 3331 2270 superpositus
3357 2205 3477 2250 erat

1887 2288 1961 2344 ei.
1992 2307 2010 2340 ι
2040 2288 2390 2348 lnfldelitatis
2413 2293 2646 2350 durities
2671 2301 2726 2350 et
2743 2292 3082 2350 resistentia.
3110 2311 3130 2343 ‹
3160 2286 3434 2345 Aitlesus
3459 2306 3471 2341 :

1888 2372 2086 2435 Tollite
2118 2381 2379 2452 lapidem.
2420 2402 2442 2435 ι
2489 2382 2775 2441 Revolvite
2824 2397 3050 2454 gravem
3084 2378 3474 2435 inobedientiae
3560 2436 3561 2439 η

1887 2469 2150 2540 lapidem,
2184 2481 2245 2528 ut
2278 2475 2425 2545 quod
2444 2476 2637 2535 diuera
2658 2476 2823 2531 habet
2839 2474 3039 2530 letltale
3062 2470 3385 2535 subveham,
3408 2484 3473 2523 ac

1887 2561 2086 2630 faciam
2118 2565 2428 2639 spirituale.
2456 2585 2479 2621 ι
2522 2566 2723 2623 Tollite
2751 2566 3032 2638 lapidem:
3074 2584 3091 2616 ι
3111 2563 3304 2634 jugum
3333 2559 3471 2631 legis

1885 2662 2106 2723 portatu
2163 2656 2403 2727 difficile,
2447 2666 2510 2714 ut
2557 2659 2845 2729 recipiatis
2902 2654 3180 2712 viviflcum
3238 2651 3467 2707 verbum

1884 2749 2091 2817 gratiae.
2132 2768 2153 2801 ι
2189 2749 2390 2807 Tollite
2412 2751 2646 2823 lapidem
2681 2769 2696 2805 :
2746 2769 2765 2804 ι
2801 2766 2925 2806 eum
2957 2750 3148 2818 utique
3185 2746 3280 2817 qui
3318 2745 3468 2801 velut

1884 2841 2200 2911 impositum
2259 2841 2505 2899 velamen
2578 2850 2776 2915 gravat
2835 2842 3105 2902 animum.
3151 2836 3462 2893 Pctuissem

1884 2948 1986 3004 ego
2046 2934 2330 2992 revolvere
2388 2918 2672 3007 lapidem:
2731 2951 2923 2993 verum
2984 2945 3044 2989 ut
3095 2932 3198 3004 ipsi
3247 2945 3464 3001 quoque

230 3017 316 3088 τῆς
350 3022 606 3089 δυσωδίας
639 3028 981 3085 ἁντιλάϐοιτε
1006 3048 1021 3064 ·
1047 3026 1109 3088 οὗ
1151 3033 1214 3105 δὴ
1264 3035 1423 3105 χάριν
1473 3037 1604 3105 ὑμῖν
1657 3040 1777 3091 ἐπι-

1964 3023 2201 3093 rcipiatis
2233 3024 2464 3092 fetorem
2494 3067 2509 3090 ,
2543 3027 2756 3083 ideirco
2790 3027 2981 3097 jubeo,
3015 3036 3075 3082 ut
3104 3039 3199 3080 vos
3234 3022 3458 3077 tollatis.

229 3110 397 3196 τρέποι
424 3114 512 3168 τὸν
544 3116 695 3172 λίθον
723 3118 913 3191 ἐξᾶραι
939 3121 1034 3175 τοῦ
1060 3124 1361 3194 μνήματος.
1400 3144 1418 3176 ι
1450 3125 1656 3196 ’Ἄρατε
1685 3127 1775 3180 τὸν

226 3194 358 3254 λίθον
379 3219 391 3232 ·
420 3224 437 3255 ι
469 3207 554 3260 ἴνα
594 3208 756 3279 ὑμεῖς
789 3214 1199 3285 μαρτυρήσητε,
1221 3216 1305 3269 ὅτι
1335 3218 1429 3269 καὶ⁵
1465 3194 1558 3270 τοῦ
1597 3218 1772 3286 τάφου

223 3290 306 3344 τὸν
334 3294 470 3350 λίθον
496 3299 875 3366 ὲξεκυλίσατε.
911 3323 930 3355 ι
958 3306 1162 3376 ’Ἄρατε
1189 3307 1279 3361 τὸν
1312 3307 1480 3362 λίθον.
1528 3328 1547 3360 ι
1586 3309 1775 3379 Ὑμεῖς

223 3383 265 3435 oi
290 3385 550 3455 Ἰουδαῖοι,
600 3392 701 3464 οὐχ
747 3395 795 3447 οί
841 3395 1083 3468 μαθηταί
1132 3415 1268 3466 μου,
1323 3399 1409 3452 ἵνα
1461 3399 1537 3469 μὴ
1584 3399 1774 3469 αὔριον

218 3477 394 3546 εἴπητε
424 3480 497 3542 ὡς
531 3484 627 3537 ἐπὶ
660 3485 753 3538 τοῦ
784 3489 989 3556 τυφλοῦ
1013 3505 1028 3521 ⁶
1060 3486 1208 3563 Ἀρα
1243 3485 1398 3554 οὗτός
1439 3492 1620 3557 ἐστινῖ
1659 3489 1771 3564 ἄρα

219 3562 439 3636 ἐκεῖνος
476 3572 564 3628 ἵνα
596 3574 672 3646 μὴ
696 3577 890 3649 εἴπητε
913 3580 995 3633 ὃτι
1028 3581 1188 3635 ἄλλον
1223 3582 1338 3635 ἀντ’
1363 3581 1522 3637 ἄλλου
1548 3562 1769 3654 ἤγειρα.

221 3672 243 3706 I
272 3659 464 3730 ’Ἄρατε
497 3664 588 3718 τδν
624 3666 796 3733 λίθον,
840 3688 859 3721 ι
894 3672 943 3724 εἰ
979 3672 1073 3727 τοῦ
1102 3672 1383 3744 θαύματος
1418 3674 1545 3728 ἰδεῖν
1579 3675 1640 3728 τὸ
1675 3675 1773 3744 μέ-

213 3746 365 3837 γεθος
400 3751 674 3821 βούλεσθε.
714 3777 734 3811 ι
758 3760 922 3827 Λέγει
966 3763 1115 3834 αύτῷ
1164 3766 1198 3835 ἡ
1236 3764 1441 3837 ἀδελφὴ
1493 3767 1587 3820 τοῦ
1620 3783 1772 3821 τετε-

209 3831 516 3930 λευτηκότος
544 3848 775 3919 Μάρθαο
799 3853 991 3921 Κύριε,
1019 3831 1119 3925 ῆδή
1141 3831 1279 3920 ὄξειο
1305 3831 1629 3930 τεταρταῖος
1658 3861 1769 3930 γάρ

209 3925 370 4020 ἐστιν.
404 3952 423 3985 ι
450 3935 698 4009 Ἡμέρας
719 3942 828 4014 γὰρ
859 3938 972 4015 εἶχε
1003 3946 1276 4018 τέσσαρας
1305 3950 1363 4001 ὲν
1389 3925 1466 4020 τῷ
1499 3925 1765 4020 μνήματι,

206 4020 270 4071 ἐν
293 4018 372 4087 αἷς
397 4022 464 4096 ἦν
511 4028 913 4103 διαφθαρῆναι
952 4035 1044 4089 τὸν
1075 4039 1369 4094 τεθνεῶτα.
1405 4018 1763 4112 (illisut—6:“,

210 4122 508 4188 τεταρταῖος
534 4122 644 4193 γάρ
668 4125 837 4179 ἐστιν.
874 4144 892 4177 ι
929 4129 1211 4194 Ἄπιστξας
1245 4133 1339 4184 καὶ
1369 4131 1674 4203 δισταγμοῦ
1705 4132 1767 4186 τὸ

218 4205 373 4277 ῥῆμα.
426 4213 572 4284 Πλὴν
617 4216 676 4267 ἐν
725 4218 838 4280 τοῖς
886 4219 1165 4289 μεγίστοις
1219 4222 1493 4293 θαύμασιν
1537 4224 1766 4279 ἀπιστία

218 4302 515 4372 προτρέχειν
537 4305 788 4361 εἴθισται.
820 4326 838 4359 ι
860 4309 1001 4379 Ἤδη
1027 4310 1160 4375 ὄζει.
1206 4330 1225 4363 ι
1277 4313 1640 4384 Ἐπαρθέντος
1666 4314 1762 4369 τοῦ

1888 3132 1906 3165 ι
1935 3112 2135 3170 Tollite
2158 3116 2392 3190 lapidem
2425 3136 2439 3171 :
2476 3136 2495 3170 ι
2534 3126 2593 3172 ιιι
2628 3120 2732 3190 ipsi
2759 3128 2927 3175 testes
2960 3119 3087 3174 sitis
3133 3123 3317 3172 vestra
3343 3115 3461 3183 ipsa

1880 3194 2048 3272 epeia
2079 3186 2549 3275 revoluti'lapidis
2579 3186 2838 3275 sepulcri.
2874 3225 2894 3260 ι
2920 3205 3119 3261 Tollite
3141 3202 3380 3273 lapidem
3406 3218 3456 3255 ει

1883 3310 1980 3348 vos
2009 3293 2209 3358 Judaei,
2242 3311 2350 3351 non
2385 3297 2650 3366 discipuli
2693 3298 2797 3352 mei
2817 3337 2833 3362 ,
2865 3306 2926 3353 ut
2952 3313 3020 3353 ne
3052 3298 3194 3353 velut
3225 3297 3279 3350 in
3309 3310 3460 3350 caeco

1879 3386 2145 3453 postridie
2174 3387 2432 3443 dixeritis
2461 3406 2475 3443 :
2505 3387 2766 3460 Nunquid
2798 3390 2910 3454 hic,
2943 3388 3189 3459 nunquid
3241 3388 3366 3440 ille?
3401 3396 3460 3440 ut

1880 3492 1949 3531 ne
1968 3476 2137 3531 alium
2181 3493 2281 3547 pru
2317 3479 2426 3532 alio
2456 3481 2789 3535 suseitatum
2830 3482 3155 3537 eausemini.
3214 3502 3231 3534 ι
3259 3477 3459 3535 Tollite

1878 3567 2116 3638 lapidem
2154 3588 2168 3625 :
2208 3588 2228 3621 ι
2282 3571 2337 3623 ‘si
2391 3570 2644 3626 miraculi
2706 3571 3140 3642 magnitudinem
3186 3581 3457 3642 'spectare

1879 3659 2069 3715 vultis.
2111 3679 2129 3712 ι
2178 3660 2320 3715 Dicit
2361 3662 2413 3718 ei
2460 3661 2673 3717 Martha
2721 3679 2884 3719 soror
2924 3664 3045 3733 ejus
3073 3665 3167 3735 qui
3204 3673 3455 3717 mortuus

1876 3749 2054 3806 fuerat
2081 3772 2094 3808 :
2119 3751 2364 3819 Domine,
2385 3753 2497 3823 jam
2522 3753 2687 3822 fetet;
2715 3755 3121 3826 quatriduanus
3147 3767 3229 3812 est
3253 3757 3449 3811 cuium

1876 3846 2122 3901 Habebat
2154 3848 2301 3902 enim
2335 3854 2572 3919 quatuor
2615 3850 2736 3906 dies
2760 3851 2816 3904 in
2844 3858 3224 3914 monumento,
3252 3850 3305 3903 in
3331 3848 3456 3918 qui-

1874 3937 1977 3994 bus
2021 3950 2231 4010 poterat
2277 3953 2529 3999 mortuus
2576 3944 3012 4015 computruisse.
3058 3962 3077 3995 ι
3129 3943 3248 3998 Jatn
3284 3943 3452 4005 fetet;

1872 4032 2277 4099 quatriduanus
2302 4042 2386 4091 est
2407 4037 2576 4092 enim.
2611 4056 2630 4089 ι
2660 4037 2895 4093 Verbum
2925 4046 3008 4092 est
3038 4050 3144 4090 non
3177 4035 3454 4090 credentis

1871 4130 1925 4175 et
1949 4120 2276 4180 dubitantis.
2310 4125 2582 4183 Caeterum
2625 4128 2920 4185 consuevit
2944 4126 3245 4183 infidelitas
3271 4129 3453 4183 maxi-

1868 4215 1977 4277 mis
2044 4231 2384 4286 prtecurrere
2439 4221 2751 4275 miraculis.
2823 4239 2842 4273 ι
2881 4220 3004 4274 Jam
3069 4220 3223 4275 fetet.
3265 4238 3283 4271 ι
3340 4218 3454 4276 lloe

1871 4305 2010 4358 dixit
2036 4305 2277 4373 Martha,
2318 4324 2442 4363 eum
2479 4311 2703 4366 sublato
2738 4311 2921 4381 lapide
2969 4312 3196 4366 odorem
3245 4313 3456 4368 sensis~

218 4384 348 4442 λίθου
373 4392 469 4463 τῆς
504 4396 685 4466 ὀσμῆς
714 4398 1039 4468 αἰσθομένη,
1076 4402 1243 4455 τοῦτο
1270 4398 1425 4456 εἶπεν
1461 4406 1495 4474 ἠ
1541 4405 1760 4474 Μάρθα.

1964 4434 1969 4447 .
2005 4394 2070 4450 Et
2107 4397 2325 4465 quidem
2360 4399 2506 4467 quod
2559 4400 2797 4455 dicebat.
2834 4416 2943 4455 non
2979 4400 3256 4455 credentis
3286 4410 3446 4454 erat:

214 4476 311 4533 Καὶ
352 4485 411 4537 τὸ
455 4487 553 4553 μὲν
605 4488 757 4559 ῥῆμα
793 4490 1189 4562 διαπιστούσης
1238 4489 1337 4564 ἦν·
1402 4494 1765 4549 συνεϐάλλετο

212 4569 327 4656 Τρῦν
364 4575 508 4645 ὅμως
552 4576 632 4648 τῷ
666 4577 930 4650 θαύματι,
969 4582 1079 4653 ὅσῳ
1112 4586 1222 4637 ’καὶ
1258 4585 1461 4656 μᾶλλον
1510 4587 1763 4654 ἐφαίνετο

219 4654 435 4720 διαλυθὲν
463 4670 525 4721 τὸ
554 4669 739 4741 σῶμα.
771 4690 791 4723 r
819 4673 1014 4744 Κύριε,
1051 4676 1153 4746 ἤδη
1176 4654 1318 4741 ὄζει.
1343 4695 1360 4728 ι
1394 4678 1486 4749 Μὴ
1534 4677 1762 4750 πλησιά-

226 4763 316 4844 ῖῃς,
350 4762 530 4833 φησιν,
560 4764 651 4818 ἵνα
694 4766 771 4838 μὴ
793 4767 1078 4841 ἁηδισθῇς.
1113 4787 1131 4820 ι
1162 4769 1299 4841 Ἤδη
1326 4771 1464 4836 ὄζει.
1501 4792 1518 4824 ι
1569 4775 1761 4844 Μῦρον

221 4836 446 4922 ὕπαρχων
474 4836 803 4929 εὑῶδες,
850 4836 1225 4934 προσεγγίσῃς
1254 4836 1333 4931 τῷ
1375 4864 1577 4928 ὄζοντι.
1618 4836 1763 4920 cliti-

219 4943 301 5023 ίξξε,
329 4943 422 5014 ἤδη
453 4945 589 5010 ὄζει.
623 4966 644 4999 ι
678 4948 972 5003 Ἐπιτείνει
1013 4951 1074 5004 τὸ
1108 4952 1295 5021 θαῦμα
1315 4955 1407 5008 τοῦ
1433 4957 1658 5023 γυναίου
1701 4957 1761 5010 τὺ

216 5020 363 5115 iam.
408 5037 575 5106 Λέγει
610 5039 749 5112 αὐτῇ
779 5043 809 5095 ὁ
860 5042 1104 5115 Ἰησοῦςο
1138 5064 1157 5097 ι
1187 5020 1301 5099 Οὐκ
1335 5020 1491 5109 εῖπύν
1533 5065 1634 5112 σοι,
1677 5050 1760 5103 ὅτι

210 5106 291 5205 ef,"
315 5127 630 5201 πιστεύσῃς.
672 5106 795 5199 ἀίει
828 5106 935 5202 τὴν.
971 5106 1130 5199 δόξαν
1173 5134 1266 5188 τοῦ
1301 5106 1471 5204 Θεοῦς
1503 5156 1523 5190 ι
1565 5106 1757 5205 Τοῦτο,

206 5199 353 5297 “evel
378 5228 497 5279 πως
527 5199 806 5295 diiudicari
836 5199 1006 5294 αύτὴν
1033 5223 1161 5292 ἔφη.
1191 5224 1428 5295 Εὔδηλον
1457 5199 1570 5297 ⁷γάῥ
1595 5227 1673 5291 ὡς
1695 5199 1758 5283 ού

205 5295 414 5392 ξάμπαν
462 5308 1166 5386 ἀμφιβολίας-ἀπήλλακτο,
1202 5316 1271 5371 δι’
1298 5311 1373 5373 ὧν
1408 5295 1756 5392 ἐσφαλμένας

199 5370 417 5446 ιποιεῖτ’)
436 5396 536 5459 τὰς
566 5399 910 5469 ἀποκρίσεις.

264 5650 291 5683 ι
316 5643 466 5705 Prov.
494 5666 609 5719 vttt,
639 5652 726 5707 ΓΙ.

1870 4485 2191 4543 conferebat
2249 4500 2432 4544 tamen
2483 4491 2551 4545 ad
2603 4491 2957 4554 miraculum,
3010 4499 3219 4562 quanto
3281 4492 3447 4547 etiam

1868 4579 2119 4648 corporis
2155 4581 2421 4635 resolutio
2477 4580 2650 4651 magis
2680 4579 3086 4635 innotescebat.
3125 4599 3144 4632 ι
3193 4578 3446 4644 Domine,

1862 4667 1975 4737 iam
2021 4668 2173 4727 fetet.
2214 4689 2233 4724 ι
2272 4669 2351 4726 Ne
2412 4671 2674 4741 propius,
2726 4671 2929 4741 inquit,
2985 4672 3313 4741 accesseris,
3378 4687 3448 4729 tte

1867 4758 2175 4814 molestiam
2239 4762 2466 4835 sentias,
2496 4775 2559 4816 ac
2601 4762 2888 4817 stomacho
2920 4765 3217 4819 movearis.
3252 4783 3270 4815 ι
3323 4760 3443 4819 Jant

1859 4849 2012 4906 fetet.
2053 4870 2073 4903 ι
2109 4852 2186 4908 Ne
2218 4854 2311 4923 qui
2364 4855 2695 4911 suaveolens
2727 4865 3073 4926 unguentum
3120 4873 3202 4925 es,
3250 4857 3440 4914 fetenti

1858 4945 2406 5016 apprOpinquaveris.
2448 4966 2467 4998 ι
2496 4946 2749 5012 Domine,
2772 4947 2886 5016 jam
2920 4948 3106 5006 fetet.»
3129 4949 3442 5021 Magnilieat
3471 4955 3478 4961 '

1859 5030 2192 5090 miraculum
2208 5038 2433 5091 verbum
2461 5038 2728 5094 mulieris.
2758 5038 3170 5095 DieiteiJesus:
3198 5058 3216 5091 ι
3248 5038 3440 5096 Nonne

1859 5127 1973 5181 dixi
2008 5128 2151 5194 'tibi,
2214 5133 2475 5200 quoniam
2507 5131 2552 5184 si
2585 5129 2891 5189 credideris
2915 5172 2930 5194 ,
2973 5131 3178 5186 ridebis
3207 5131 3436 5201 gloriam

1862 5218 1990 5275 Dei?
2032 5239 2050 5273 ι
2125 5220 2241 5276 Hoc
2296 5221 2470 5289 dixit,
2499 5223 2651 5277 velut
2693 5223 2742 5277 ei
2786 5222 3195 5292 quodammodo
3238 5237 3436 5293 expro-

1862 5312 2053 5367 brans.
2116 5312 2341 5366 Clarum
2401 5313 2547 5368 enim
2592 5314 2730 5377 est,
2780 5327 2843 5365 ex
2895 5311 3048 5367 falsis
3087 5328 3226 5383 quas
3251 5307 3436 5369 'dubat

1860 5401 2368 5471 responsionibus,
2411 5418 2524 5457 non
2578 5401 2747 5457 fuisse
2817 5401 2887 5457 ab
2940 5403 3088 5458 omni
3154 5403 3434 5462 dubietate

1860 5497 2102 5552 liberam.
