3790 6202
229 239 297 306 981

1267 238 1351 297 IN
1375 225 1739 298 LAZARUM
1779 235 2436 308 QUATRIDUANUM-

3307 192 3310 195 λ
3330 236 3435 300 982

226 344 292 397 καὶ
331 337 609 416 ἐκιγνῶσιν
636 338 698 393 δν
716 339 777 393 ἐν
797 340 875 412 τῷ
908 341 1066 413 τάφῳ
1122 340 1501 395 κατέκλεισαν.
1535 359 1553 392 «
1578 340 1750 410 Δεῦρο

1918 349 1967 394 nt
2006 340 2112 411 ipsi
2158 355 2372 410 pannos
2414 338 2868 412 circumpositas,
2907 342 3275 416 noverintque
3305 360 3433 402 eum

224 433 313 498 ἔξω.
325 451 341 484 ι
355 430 624 502 Ζωώθητι,
641 432 736 487 καὶ
748 432 1052 505 ψυχώθητι,
1070 434 1166 487 καὶ
1185 432 1251 507 βη
1261 433 1496 506 ματίσας
1509 433 1607 503 τῆς
1618 433 1751 504 λάρ-

223 540 346 586 νακος
399 521 556 589 ἔξιθι.
605 524 827 589 Δίδαξον
883 526 1003 591 πῶς
1032 528 1091 580 ἐν
1109 527 1253 597 ῥιπῇ·
1300 528 1409 579 πᾶν
1441 524 1502 579 τὸ
1523 525 1750 596 πλάσμα

223 612 456 686 mimi,
514 614 617 685 τὴν
679 617 865 687 κοινὴν
921 616 1030 671 τῶν
1088 617 1301 689 νεκρῶν
1326 618 1628 672 ἀνάστασιν
1652 619 1752 688 τῆς

223 704 366 774 φωνῆς
393 704 761 777 ἀποτελούσης
789 708 891 777 τῆς
913 708 1238 777 σάλπιγγος.
1271 707 1473 780 «Δεῦρο
1500 707 1627 773 ἔξω.
1644 726 1662 760 ι
1683 709 1752 761 Ἠ

222 798 325 866 πνοὴ
352 799 405 851 ἐν
438 796 582 868 ῥισίν
612 813 627 828 ⁸
649 799 707 851 αί
735 798 934 867 φλέϐες
966 800 1199 871 αἵματος
1224 800 1448 871 πλήρεις
1477 817 1490 830 ·
1525 802 1560 871 ὴ
1599 800 1753 871 φωνὴ

218 892 290 944 ἐπὶ
326 890 595 962 φάρυγγος
622 908 634 923 ·
695 894 753 946 ἐν
799 893 936 946 ὠσὶν
989 895 1018 948 ὁ
1067 893 1223 963 λόγος
1258 911 1274 926 ’
1338 895 1396 947 ἐν
1451 894 1755 966 ὀφθαλμοῖς

217 986 262 1040 τὺ
311 986 432 1057 ὁρᾷν
462 1001 477 1015 '
515 985 609 1037 ἐπὶ
636 984 824 1056 χώρας
846 986 879 1054 ἡ
936 986 1208 1057 ὑσφρησις
1243 1002 1260 1018 ⁸
1309 987 1344 1057 ἠ
1372 986 1583 1058 βάδισις
1613 987 1756 1042 κατὰ

216 1077 346 1146 φύσιν
376 1092 389 1107 ·
421 1077 513 1131 καὶ
539 1078 647 1130 πᾶν
680 1077 740 1130 τὸ
771 1078 970 1148 σκῆνος
999 1077 1325 1149 ἐμψυχωθὲν
1373 1078 1752 1150 ὲξωργάνωτο.

220 1167 394 1238 «Δεῦρο
420 1166 539 1232 ἔξω.
570 1185 589 1218 ι
616 1168 852 1221 Ἀπόθου
880 1170 947 1222 τά
972 1170 1287 1239 σπάργανα,
1309 1170 1403 1223 καὶ
1432 1171 1660 1240 ἀνύμνει
1687 1172 1757 1226 sit
1786 1227 1797 1238 ,

206 1259 449 1330 θαύματα·
471 1259 677 1313 ἀπόθου
701 1260 799 1332 τῆς
821 1261 1089 1326 δυσωδίας
1108 1261 1208 1333 τὴν
1234 1262 1449 1334 ἀηδίαν,
1468 1264 1565 1317 καὶ
1588 1281 1759 1335 προσο

213 1352 337 1405 κύνει
350 1353 441 1419 τῆς
461 1351 716 1418 ἐξουσίας
732 1352 830 1424 τὴν
848 1354 1156 1408 αὑθεντίαν.
1172 1354 1320 1425 Ἐγώ
1344 1372 1425 1409 σοι
1450 1357 1754 1424 ἐπιτάσσω,

218 1442 399 1513 «Δεῦρο
424 1442 579 1511 ἔξω.)
612 1444 644 1497 ὁ
677 1443 868 1510 είπὼν,
903 1462 922 1496 «
947 1445 1239 1517 Γενηθήτω
1293 1446 1431 1517 φῶς,
1467 1446 1759 1520 Γενηθήτω

210 1534 486 1605 στερέωμα.
504 1555 524 1589 ι
560 1535 705 1605 Ἐγώ
736 1553 819 1590 σοι
840 1536 1318 1610 παρακελεύομαι,
1352 1557 1371 1591 «
1394 1540 1566 1610 Δεῦρο
1590 1540 1711 1606 ἔξω.
1731 1559 1749 1592 ι

211 1625 310 1678 ἰνα
336 1626 445 1699 (Bg;
462 1643 529 1697 με
547 1627 653 1681 ὑπὸ
673 1627 920 1700 μαθητοῦ
942 1629 1353 1701 προδιδόμενον,
1373 1629 1757 1697 καὶἸουδαίοις

1850 446 2012 502 quem
2041 431 2094 486 in
2135 432 2349 488 tumulo
2374 432 2713 488 clauserant.
2754 450 2773 484 «
2815 430 2949 488 Veni
2978 431 3151 491 foras.
3196 454 3215 488 ι
3251 434 3434 492 Vivill-

1851 537 2003 587 eare,
2055 523 2305 578 animare
2344 538 2457 578 :ac
2531 521 2797 594 gradiens
2837 523 2925 577 exi
2987 522 3214 580 feretro.
3290 525 3436 584 Doce

1853 613 2133 685 quomodo
2166 613 2485 686 ﬁgmentum
2515 621 2684 668 totum
2705 613 2760 668 in
2782 614 2896 668 ictu
2926 615 3070 669 oculi
3102 616 3439 673 sitaniman-

1852 707 2004 774 dum,
2036 721 2395 763 communem
2437 714 2778 785 mortuorum
2814 709 3277 764 resurrectionem
3305 726 3439 766 con-

1855 798 2074 856 ﬁciente
2106 814 2245 855 voce
2294 799 2459 855 tubae.
2514 817 2534 852 «
2577 796 2711 877 Veni
2745 799 2915 852 foras.
2944 818 2965 851 ι
3002 799 3098 854 Est
3124 799 3355 871 spiritus
3382 803 3436 857 in

1855 889 2118 957 naribus;
2160 905 2314 946 venas
2361 889 2533 960 plenae
2561 897 2691 944 sunt
2722 890 3022 961 sanguine;
3062 905 3169 945 vox
3212 891 3271 946 in
3311 900 3436 965 gul-

1858 988 2005 1042 ture.
2037 980 2095 1035 in
2118 980 2349 1037 auribus
2375 994 2581 1044 sermo,
2609 980 2662 1035 in
2698 980 2877 1036 oculis
2904 981 3071 1050 visio,
3101 981 3344 1040 olfactus
3381 984 3436 1039 in

1857 1071 2297 1140 conceptaculis,
2353 1086 2581 1143 gressus
2641 1070 2946 1127 secundum
3004 1082 3260 1128 naturam
3303 1092 3317 1131 :
3357 1083 3440 1129 to-

1859 1168 2087 1232 tumque
2134 1154 2918 1220 tabernaculum‘viviiicante
2969 1165 3177 1233 anima,
3231 1165 3284 1220 in
3338 1181 3440 1222 sua

1858 1268 2064 1324 Organa
2127 1253 2427 1309 formatum
2488 1261 2594 1312 est.
2651 1274 2670 1306 ι
2710 1253 2845 1310 Veni
2910 1254 3083 1312 foras.
3134 1276 3154 1310 ι
3224 1256 3443 1329 Depone

1859 1343 2082 1410 fascias,
2113 1353 2167 1421 et
2202 1346 2443 1402 decente
2466 1345 2777 1403 miracula»:
2813 1348 3030 1419 depone
3055 1349 3445 1406 unaleolentia:

1858 1435 2275 1502 iusuavitatem,
2306 1445 2360 1493 et
2392 1438 2559 1493 adora
2584 1441 2881 1510 potestatis
2900 1440 3309 1497 auctoritatem.
3332 1440 3445 1513 Ego

1861 1526 1957 1579 tibi
1986 1528 2267 1597 praecipio,
2296 1548 2315 1581 «
2355 1526 2490 1584 Veni
2524 1529 2697 1592 foras.
2738 1549 2764 1583 ι
2787 1532 2881 1601 qui
2916 1532 3029 1586 dixi
3057 1552 3071 1588 :
3103 1550 3125 1585 ι
3163 1530 3442 1597 Fiatlux;

1859 1615 1982 1670 Fiat
2024 1618 2452 1675 ﬁrmamentum.
2487 1638 2513 1673 ›
2550 1620 2659 1693 Ego
2684 1621 2986 1692 tibijulweo,
3022 1643 3040 1675 «
3064 1619 3392 1680 Veniforas.
3419 1641 3440 1676 ι

100 1788 109 1795 η
208 1697 687 1789 ἀπεμπολούμενον,
733 1697 1349 1793 Πιλάτουνκρινόμενον
1387 1721 1617 1795 βήματι,
1662 1725 1759 1780 καὶ

1918 1718 1933 1763 t
1970 1724 2057 1765 me
2080 1726 2111 1766 a
2143 1710 2420 1782 discipulo
2446 1713 2966 1779 videristraditum,
2996 1725 3050 1770 et
3076 1712 3283 1771 Iudaeis
3310 1729 3444 1771 ven-

210 1810 326 1880 upb;
353 1811 408 1864 τὸ
428 1810 599 1876 πάθος
641 1812 884 1867 ἐθελοντὶ
922 1813 1298 1884 ἀπαγόμενον.
1321 1814 1445 1869 Ἵνα
1462 1813 1581 1888 ἴδῃς
1625 1817 1763 1871 ’1ου-

210 1899 350 1953 δαίων
376 1901 707 1974 θρασύτητα,
732 1903 914 1973 κάμοῦ
933 1903 1032 1975 τὴν
1050 1894 1356 1977 πραότητα.
1383 1903 1582 1976 «Δεῦρο
1597 1905 1722 1970 ἔξω.
1737 1926 1757 1961 ο

212 1988 312 2043 Ἰνα
338 1990 447 2063 ἴδῃς
470 1990 607 2061 μετὰ
624 1991 840 2064 λῃστῶν
868 1992 1380 2065 μενσταυρούμενον,
1408 1992 1528 2059 ὅξος
1549 1995 1645 2049 καὶ
1672 2013 1763 2067 χο-

208 2078 293 2151 λὴν
306 2081 670 2151 ποτιζόμενον,
697 2085 791 2139 καὶ
813 2085 986 2158 λόγχῃ
1001 2086 1103 2156 τὴν
1129 2068 1374 2158 πλευράν
1397 2088 1759 2158 τυπτόμενονο

210 2171 286 2227 ἵνα
310 2173 418 2245 ἴδῃς
438 2177 495 2229 ἐν
522 2177 711 2250 ἡμέρᾳ
744 2178 886 2251 μέσῃ
909 2177 971 2231 τὺ
1008 2176 1125 2247 φῶς
1180 2179 1638 2251 τυραννούμενον,
1671 2181 1763 2235 καὶ

208 2262 361 2319 νύκτα
405 2264 494 2318 τὸν
528 2267 684 2343 ᾕλιον
732 2262 1159 2334 συσκιάζουσαν,
1197 2269 1490 2335 Ἰουδαίους
1515 2271 1764 2344 βλασφη-

206 2353 442 2423 μοῦντας,
470 2358 563 2411 καὶ
613 2359 818 2432 λῃστὴν
847 2360 1224 2430 θεολογοῦντα.
1266 2380 1285 2413 «
1312 2362 1554 2434 Λάζαρε,
1602 2364 1764 2434 δεῦρο

204 2436 346 2501 ἔξω.»
373 2442 473 2496 Καὶ
498 2444 702 2508 εὐθέως
726 2445 946 2515 ἐξῆλθεν
973 2449 1001 2501 ὁ
1022 2449 1320 2520 τεθνηκὼς,
1346 2450 1635 2520 δεδεμένος
1664 2454 1765 2517 τὰς

202 2533 375 2601 χεῖρας
422 2536 514 2588 καὶ
571 2537 699 2602 τοὺς
747 2540 913 2604 πόδας
951 2542 1190 2612 κειρίαις
1210 2583 1225 2608 ,
1258 2543 1354 2596 καί
1388 2542 1571 2615 sset;
1598 2543 1763 2597 αὑτοῦ

204 2620 455 2696 σουδαρίῳ
498 2629 860 2700 περιεδέδετο.
919 2650 938 2683 ι
982 2631 1083 2686 Διά
1107 2633 1170 2687 τὸ
1207 2634 1437 2689 ἄπιστον
1477 2635 1585 2690 τῶν
1636 2637 1767 2691 Ἰου-

201 2712 372 2774 δαίων.
401 2722 461 2775 Εἰ
484 2722 593 2794 γάρ
625 2725 699 2795 μὴ
731 2726 1045 2794 περιέκειτο
1060 2727 1128 2781 τά
1154 2728 1423 2798 ἐπιτάφια
1447 2730 1762 2802 σπάργανα,

208 2809 337 2875 εἰκὸς
356 2808 420 2884 ἦν
442 2814 684 2876 ἐκείνους
707 2818 911 2870 εἰπεῖν’
947 2816 1021 2870 Ού
1053 2817 1330 2883 τεθνήκει,
1383 2821 1499 2873 ἀλλ’
1535 2822 1594 2876 ἐν
1628 2823 1765 2892 σχή-

209 2918 327 2970 ματι
378 2906 572 2977 νεκροῦ
622 2907 784 2977 δῆθεν
848 2908 1146 2978 ὑπεισῆλθε
1202 2909 1283 2979 τῷ
1340 2913 1609 2984 μνήματι.
1663 2913 1764 2969 Διά

206 2997 352 3051 τοῦτο
370 3000 648 3070 δεδεμένος
672 3000 931 3072 κειρίαις,
954 3003 1046 3055 καὶ
1073 3001 1238 3069 ὄζων,
1256 3007 1350 3058 καὶ
1380 3007 1766 3079 συγκεκαλυμ-

207 3087 357 3154 μένος
381 3091 474 3155 τὰς
506 3091 659 3163 ὄψεις
714 3093 812 3147 σὺν
871 3095 985 3156 τοῖς
1006 3095 1188 3160 ποσὶν,
1221 3094 1504 3168 ἐξήλλατο,
1535 3098 1621 3153 ἴνα
1658 3116 1768 3172 μη-

203 3174 304 3243 δεὶς
335 3176 580 3254 ἀφορμῆς
602 3183 806 3254 τρόπος
853 3181 1003 3257 δοθῇ.

273 3354 442 3410 «Ὀδέ
460 3359 672 3429 Ἰησοῦς
712 3357 867 3416 εἶπεν
920 3362 1141 3428 αὑτοῖς·
1197 3362 1413 3419 Λύσατε
1466 3366 1629 3420 αὑτὸν
1676 3367 1772 3421 καὶ⁵

202 3444 361 3513 ἄφετε
392 3449 674 3519 ὑπάγειν.»
710 3454 854 3524 Πρὸς
878 3454 939 3508 τὸ
965 3457 1042 3526 μὴ
1066 3455 1214 3526 ἔχειν
1244 3474 1297 3509 τι
1333 3457 1458 3519 τοὺς
1514 3457 1785 3529 ἀγνώμοέ

199 3551 295 3601 νας
332 3539 535 3611 λέγειν,
597 3544 798 3609 αὑτοὺς
823 3546 1070 3612 ἐκείνους
1113 3547 1275 3601 λῦσαι
1323 3548 1652 3618 προστάττει
1682 3549 1773 3623 τὸν

202 3628 459 3704 Λάζαρον.
492 3635 706 3691 Ὠσανεὶ
730 3638 925 3707 λέγων·
952 3639 1159 3711 Χερσὶν
1181 3640 1412 3704 οίκείαις
1432 3641 1589 3711 ὑμεῖς
1610 3641 1773 3696 αὑτὸν

202 3718 412 3790 λύσατε,
438 3727 525 3805 ἵνα
589 3730 868 3800 μάρτυρες
904 3726 1001 3802 ἦτε
1034 3731 1129 3785 τοῦ
1164 3731 1468 3801 θαύματος.
1510 3750 1528 3785 «
1555 3733 1771 3788 Λύσατε

205 3813 379 3881 αὑτὸν,
401 3819 491 3871 καὶ
516 3820 685 3890 ἄφετε
717 3821 1006 3890 ὑπάγειν.)
1042 3823 1266 3894 Ἐπειδὴ
1299 3824 1394 3878 τοῦ
1451 3824 1770 3895 ἀναστῆναι,

204 3904 263 3958 τὸ
289 3907 565 3982 δεδεμένον
587 3912 825 3978 ἐξελθεῖν
850 3915 950 3968 οὐκ
968 3914 1211 3970 ἔλαττον.
1243 3916 1363 3969 Ἵνα
1398 3915 1473 3986 μὴ
1501 3917 1774 3985 φαντασία

204 4012 286 4059 τις
303 4001 520 4075 νομισθῇ
554 4005 615 4056 τὸ
646 4003 991 4074 τελούμενον.
1026 4023 1045 4055 «
1066 4004 1302 4070 Λύσατε,
1340 4006 1506 4076 φησὶν
1540 4005 1724 4060 αὐτόν.
1748 4024 1767 4056 ι

208 4086 320 4142 Ἵνα
351 4093 439 4147 καὶ
474 4093 594 4164 5:115:
621 4096 713 4149 καὶ
740 4097 852 4167 ἀφῇ
884 4097 953 4150 δι’
974 4097 1264 4169 ἀκριϐείας
1286 4098 1529 4166 γνοίητε,
1558 4098 1640 4152 ὅτι
1680 4097 1777 4151 αύ-

210 4181 293 4245 τὺς
317 4179 398 4255 ἦν.
437 4206 454 4239 «
474 4189 579 4241 Καὶ
603 4188 771 4257 ἄφετε
812 4190 1064 4257 ὑπάγειν.
1093 4208 1111 4241 ι
1154 4189 1387 4259 Ἴδωμεν
1412 4191 1459 4243 εί
1491 4189 1773 4261 κατισχύει

212 4268 442 4340 Θάνατος,
477 4278 549 4348 μὴ
592 4279 949 4351 βουληθέντος
976 4278 1134 4351 ἐμοῦ.
1184 4298 1203 4332 «
1237 4282 1442 4350 ’Λφετε
1475 4281 1729 4351 ὑπάγειν.
1750 4299 1797 4334 r-

1860 1800 2078 1857 ditum:
2118 1812 2174 1857 ut
2201 1818 2303 1873 pro
2330 1803 2590 1859 tribunali
2625 1802 2790 1860 Pilati
2834 1805 3171 1876 iudicatum,
3221 1813 3446 1876 sponte-

1862 1908 1972 1963 que
2000 1893 2068 1949 ad
2107 1892 2425 1964 passionem
2449 1895 2771 1952 abductum.
2792 1893 2867 1951 Ut
2898 1894 3106 1953 videris
3126 1893 3444 1951 Iudaeorum

1862 1982 2123 2040 el'frcnem
2186 1984 2479 2041 audaciam
2515 2027 2530 2054 ,
2582 1997 2637 2043 et
2703 2002 2880 2043 meam
2941 1986 3441 2043 mansuetudinem.

1869 2094 1888 2128 «
1927 2074 2066 2132 Veni
2095 2075 2264 2134 foras.
2308 2098 2327 2131 ι
2362 2076 2432 2134 Ut
2472 2077 2684 2135 videris
2708 2094 2835 2135 eum
2862 2079 3174 2135 latronibus
3223 2077 3443 2133 allixum

1864 2167 2016 2224 cruci
2053 2186 2069 2224 :
2102 2167 2230 2225 felle
2258 2179 2316 2225 ct
2344 2180 2500 2226 aceto
2533 2177 2804 2242 potatum,
2829 2185 2893 2226 ac
2926 2171 3131 2233 lancea
3151 2170 3296 2226 latus
3320 2185 3445 2241 per-

1865 2272 2092 2312 cussum
2128 2276 2142 2313 :
2176 2266 2236 2314 ut
2282 2259 2459 2314 lucem
2496 2260 2703 2316 videris
2749 2260 2858 2315 vim
2912 2258 3146 2316 meridie
3199 2274 3444 2330 passam,

1865 2351 2263 2422 nocturnisque
2318 2351 2492 2409 solem
2562 2350 2801 2410 offusum
2873 2351 3161 2415 tenebris.
3226 2349 3448 2407 Judaeos

1864 2443 2335 2513 blasphemantes,
2368 2453 2421 2500 et
2461 2444 2735 2502 latronem
2781 2445 3178 2501 edisserentem
3237 2444 3444 2499 divina.

1873 2556 1891 2588 ι
1923 2535 2147 2602 Lazare,
2184 2535 2309 2592 veni
2346 2535 2516 2592 foras.
2554 2535 2619 2590 Et
2651 2536 2843 2593 statim
2876 2537 3089 2606 prodiit
3135 2535 3230 2606 qui
3271 2534 3450 2589 fuerat

1867 2632 2141 2694 mortuus,
2178 2626 2378 2698 ligatus
2413 2641 2611 2683 manus
2663 2626 2881 2682 institis
2914 2644 2930 2681 :
2968 2616 3024 2682 et
3074 2624 3247 2681 facies
3298 2625 3449 2679 illius

1868 2717 2096 2773 sudario
2125 2726 2248 2774 erat
2281 2718 2471 2790 ligata.
2508 2737 2529 2772 ι
2562 2718 2644 2774 Ob
2678 2718 3061 2774 inﬁdelitatem
3103 2715 3446 2772 Judzeorum.

1865 2808 1982 2866 Nisi
2010 2812 2157 2867 enim
2189 2811 2382 2868 fuisset
2429 2811 2721 2869 obvolutus
2778 2810 3179 2883 sepulcralibus
3231 2807 3469 2882 pannis;

1870 2903 2169 2961 verisimile
2204 2912 2290 2961 est
2328 2904 2586 2962 dicturos
2633 2920 2743 2961 non
2791 2903 2965 2963 fuisse
3015 2914 3320 2966 mortuum,
3355 2900 3451 2957 sed

1870 2997 2018 3068 quod
2037 2998 2319 3077 _9mentito
2348 2998 2550 3053 mortui
2571 2997 2763 3055 habitu
2791 2997 3188 3069 subingressus
3215 2999 3365 3051 esset
3395 2993 3451 3049 in

1871 3098 2313 3146 monumentum.
2342 3087 2643 3163 Propterea
2685 3089 2933 3147 exsilivit
2958 3090 3185 3145 vinctus
3220 3086 3453 3149 institis,

1869 3189 1924 3238 et
1956 3182 2153 3250 fetens,
2204 3181 2454 3253 facieque
2486 3197 2551 3237 ac
2584 3182 2819 3254 pedibus
2860 3180 3022 3238 tectis
3053 3219 3068 3245 ,
3116 3186 3178 3234 ut
3231 3193 3301 3235 ne
3343 3194 3454 3250 qua

1872 3289 2104 3344 prorsus
2139 3254 2369 3330 daretur
2390 3274 2636 3331 occasio.
2786 3318 2801 3335 .
3386 3343 3390 3347 ,

1953 3384 1971 3418 ι
2013 3366 2161 3419 Dixit
2191 3374 2378 3420 autem
2413 3366 2495 3420 eis
2521 3364 2687 3420 Jesus
2715 3382 2730 3419 :
2761 3362 2973 3419 Solvite
3007 3378 3157 3430 eum,
3193 3372 3247 3418 et
3291 3361 3457 3418 sinite

1874 3457 2048 3513 abire.
2090 3475 2111 3510 ι
2151 3454 2224 3512 Ut
2272 3472 2340 3512 ne
2378 3455 2516 3527 quid
2579 3455 2806 3526 maligni
2873 3454 3099 3524 possint
3152 3467 3455 3525 opponere,

1869 3548 2024 3619 jubet
2059 3555 2119 3602 ut
2147 3548 2251 3618 ipsi
2281 3546 2499 3603 solvant
2526 3544 2819 3600 Lazarum.
2845 3543 3015 3611 Quasi
3036 3544 3183 3599 dicat
3207 3561 3221 3598 :
3243 3542 3457 3598 Vestris

1877 3642 1983 3712 ipsi
2047 3641 2305 3711 manibus
2367 3639 2600 3707 solvite,
2665 3645 2727 3692 ut
2757 3637 2879 3693 sitis
2945 3644 3113 3693 testes
3179 3635 3456 3691 miraculi.

1881 3752 1900 3785 «
1941 3733 2150 3789 Solvite
2177 3747 2325 3800 eum,
2355 3740 2410 3787 et
2454 3729 2621 3786 sinite
2658 3729 2835 3785 abire.
2874 3747 2894 3781 ι
2926 3726 3171 3795 Quando
3203 3742 3311 3782 non
3338 3727 3460 3807 mi-

1876 3838 1982 3878 nus
2005 3831 2109 3888 est,
2134 3822 2366 3893 ligatum
2398 3820 2620 3886 exiisse,
2658 3834 2823 3890 quam
2860 3818 3253 3875 resurrexissc.
3294 3815 3363 3872 Ut
3390 3832 3461 3872 ne

1877 3930 1983 3985 qua
2040 3914 2225 3970 illusio
2260 3920 2314 3969 et
2366 3912 2549 3968 inanis
2583 3912 2798 3983 species
2843 3909 3259 3967 existimaretur
3308 3907 3457 3980 quod

1878 4005 1980 4062 fuit
2027 4006 2267 4069 factum,
2308 4023 2326 4058 ι
2368 4003 2530 4069 Eum,
2566 4004 2771 4076 inquit,
2807 4004 3025 4060 solvite.
3059 4019 3079 4053 ι
3135 3999 3206 4058 Ut
3245 4009 3298 4055 et
3334 4000 3457 4057 visu

1876 4106 1930 4154 et
1972 4106 2146 4159 tactu,
2201 4103 2360 4152 certo
2414 4111 2539 4152 eum
2587 4094 2763 4151 fuisse
2797 4092 3092 4150 noveritis.
3129 4112 3148 4145 ι
3191 4094 3255 4148 Et
3289 4092 3459 4150 sinite

1877 4188 2052 4243 abire.
2069 4186 2416 4253 rVideamus,
2435 4202 2566 4242 num
2587 4186 2891 4258 quidquam
2907 4200 3054 4241 mors
3070 4185 3358 4256 praevaleat
3373 4201 3460 4241 me

1879 4280 2120 4333 nolente.
2154 4297 2173 4329 «
2214 4277 2389 4332 Sinite
2438 4277 2613 4331 abire.
2652 4295 2670 4327 ι
2710 4275 2826 4331 Non
2874 4275 3022 4331 enim
3069 4276 3166 4345 qui
3212 4291 3322 4330 non
3383 4276 3458 4333 ita

214 4362 282 4414 Οὔ
309 4366 409 4438 γάρ
429 4369 598 4424 δεῖται
648 4371 997 4442 χειραγωγοῦ
1038 4373 1241 4444 νεαρὰν
1296 4375 1421 4443 ἄρτι
1466 4373 1565 4445 τὴν
1623 4376 1765 4445 ζωὴν

1918 4372 2086 4425 ridem
2119 4377 2421 4439 corruptus
2452 4376 2596 4430 erat.
2649 4368 2812 4422 habet
2842 4382 2981 4443 opus
3023 4367 3185 4431 duce,
3232 4376 3457 4436 accepta

216 4453 426 4527 εἰληχὼς
450 4501 465 4525 ,
488 4463 587 4515 καὶ
639 4463 879 4533 βαδίζειν
906 4459 1042 4535 ὀρθὰ
1073 4463 1363 4535 διδαχθεὶς,
1394 4466 1422 4518 ό
1457 4465 1564 4536 πρὸ
1588 4465 1770 4535 ὀλίγου

216 4545 442 4621 φθαρείς.
472 4554 718 4608 «Λύσατε
742 4556 933 4633 αὑτὸν,
963 4557 1059 4609 καὶ
1087 4547 1256 4626 ἄφετε
1286 4557 1540 4626 ὑπάγειν.
1564 4578 1583 4610 ι
1619 4556 1789 4629 Δεῖγ-’

216 4654 304 4706 μα,
331 4645 507 4713 φησιν,
535 4646 780 4714 γενέσθω
805 4648 907 4718 τῆς
933 4647 1123 4718 κοινῆς
1154 4649 1529 4714 ἀναστάσεως,
1555 4650 1644 4704 ὅτε
1673 4651 1775 4719 τῆς

218 4731 403 4806 φθορᾶς
420 4742 501 4804 είς
530 4740 845 4812 ἀφθαρσίαν
923 4740 1257 4813 χωρούσης,
1287 4742 1531 4807 ἅπαντες
1566 4746 1629 4798 ἐκ
1672 4744 1776 4814 γῆς

225 4824 445 4897 χώματος
470 4833 889 4901 ἀναστήσονται.
1092 4829 1105 4839 ”

210 4910 217 4915 ⁷
281 4939 297 4970 ι
316 4921 502 4976 Πολλοὶ
528 4919 625 4976 οὗν
675 4923 923 4989 ἐλθόντες
953 4924 1090 4996 πρὸς
1116 4925 1215 4997 τὴν
1246 4924 1488 4997 Μαρίαν,
1520 4927 1614 4981 καὶ
1648 4926 1775 4980 θεα-

225 5006 764 5085 σάμενοιᾶἐποίησεν
800 5014 1085 5086 ὁἸησοῦς,
1148 5015 1481 5070 ἐπίστευσαν
1535 5019 1617 5081 είς
1671 5018 1774 5071 αύ-

222 5099 310 5158 τόν.
339 5124 357 5157 ι
384 5106 493 5160 Καὶ
541 5107 814 5177 μακάριος
837 5150 851 5172 ,
875 5107 934 5171 ὃς
960 5107 1058 5178 τὴν
1115 5107 1286 5179 καλὴν
1340 5108 1548 5178 ταύτην
1600 5110 1775 5179 ἐμπο-

223 5192 342 5263 ρίαν,
400 5197 500 5269 τὴν
549 5197 735 5251 πίστιν
781 5198 1315 5269 ἐπραγματεύσατο·
1363 5198 1423 5263 ὃς
1473 5198 1549 5270 μὴ
1582 5199 1778 5268 ἐξῆλθε

217 5284 300 5357 τῆς
348 5289 621 5361 Βηθανίας
668 5291 853 5357 κενὸς,
884 5291 1347 5362 ἀπραγμάτευτος
1372 5307 1388 5323 ο
1416 5292 1563 5361 λέγω
1593 5290 1657 5362 δὴ
1677 5292 1779 5362 τῆς

216 5382 450 5449 νηστείας
474 5398 490 5414 ⁹
518 5381 579 5444 ὃς
609 5380 679 5434 τὰ
710 5381 943 5453 λαμπρά
966 5383 1063 5436 καὶ
1084 5381 1242 5453 τίμια
1263 5379 1468 5450 ταύτης
1484 5380 1553 5435 δι’
1576 5383 1782 5452 ἐγκρα-

212 5472 347 5539 τείας
378 5476 475 5530 καὶ
496 5475 735 5545 ἀτυφίας
780 5475 1085 5544 ἐκτήσατο·
1116 5474 1173 5537 ὂς
1208 5473 1285 5544 τῷ
1307 5472 1529 5544 Χριστῷ
1564 5473 1781 5527 πιστεύο

171 5569 303 5628 ,σας
341 5565 553 5632 καλῶς,
606 5568 733 5630 τοὺς
777 5566 979 5629 καλοὺς
1036 5566 1385 5636 μαργαρίτας
1438 5563 1549 5617 τῶν
1612 5560 1777 5617 αὑτοῦ

209 5644 549 5728 διεαγμάτων
575 5658 847 5730 ὠνήσατο,
883 5657 1069 5711 πίστιν
1126 5654 1410 5724 δεδωκὼς,
1441 5657 1537 5710 καὶ
1594 5652 1773 5708 λαϐὼν

1877 4462 2041 4517 modo
2071 4463 2182 4516 vita
2213 4461 2437 4531 juvene,
2464 4467 2519 4513 et
2556 4460 2754 4516 doctus
2782 4468 2931 4517 recte
2965 4456 3239 4513 incedere.
3273 4476 3292 4508 «
3332 4459 3457 4511 Sol-

1876 4553 1986 4607 vite
2029 4566 2178 4615 eum,
2229 4557 2284 4604 et
2332 4549 2499 4612 sinite
2547 4547 2718 4600 abire.
2760 4565 2778 4597 ι
2817 4545 3200 4606 Communem,
3256 4542 3487 4612 inquit,

1876 4642 2341 4697 resurrectionem
2374 4640 2624 4706 exemplo
2680 4637 2960 4701 exhibeat,
2998 4633 3226 4707 quando
3272 4642 3460 4690 trans-

1876 4739 2042 4790 eunte
2108 4731 2473 4801 corruptioue
2509 4730 2564 4783 in
2598 4728 3032 4798 corruptionem,
3057 4741 3249 4784 omnes
3270 4742 3460 4783 resur-

1876 4831 2008 4896 gent
2031 4821 2099 4876 de
2136 4830 2298 4875 teme
2327 4819 2572 4890 pulvere.

1957 4935 1975 4968 «
2013 4914 2174 4970 Multi
2199 4927 2331 4983 ergo
2358 4927 2422 4965 ex
2456 4908 2663 4965 Jmlzeis
2695 4908 2793 4981 qui
2820 4914 3084 4964 venerant
3108 4907 3176 4962 ad
3209 4906 3459 4971 )iariam,

1878 5019 1933 5064 et
1957 5007 2209 5062 viderant
2234 4990 2355 5075 qua:
2382 4987 2697 5060 fecit‘Jesus
2718 5042 2733 5064 ,
2766 5001 3124 5056 crediderunt
3156 5001 3210 5054 in
3241 5014 3388 5055 eum.
3436 5018 3455 5050 ι

1880 5100 2050 5166 Porro
2084 5098 2277 5153 beatus
2301 5096 2392 5166 qui
2426 5097 2601 5150 bonas
2626 5096 2726 5150 llas
2743 5108 2979 5158 merces,
3001 5091 3184 5156 tidem,
3211 5091 3458 5159 inquam,

1880 5164 2166 5243 mercatus
2194 5194 2300 5242 est.
2344 5185 2448 5252 Qui
2475 5201 2583 5240 non
2614 5198 2853 5245 vacuus.
2915 5180 3169 5250 nihilque
3212 5178 3461 5248 negetia-

1882 5287 1973 5335 tus
2002 5277 2292 5344 Bethania,
2327 5276 2461 5332 dico
2505 5282 2685 5330 autem
2729 5272 2942 5343 jejunio
2972 5270 3166 5325 exivit.
3208 5267 3313 5335 Qui
3353 5267 3463 5324 sibi

1884 5387 1982 5439 per
2026 5370 2428 5426 continentiam
2483 5377 2537 5423 et
2588 5363 2913 5420 modestiam
2966 5360 3307 5430 comparavit
3340 5375 3465 5431 qua:

1877 5461 2076 5533 jejunii
2102 5457 2395 5531 splendida
2427 5462 2559 5513 sunt
2586 5463 2643 5511 et
2668 5452 2929 5524 pretiosa.
2952 5448 3055 5517 Qui
3074 5448 3300 5505 Christo
3324 5450 3463 5506 bene

1882 5556 2136 5620 credens,
2172 5554 2346 5608 bonas
2366 5548 2638 5603 doctrina:
2669 5545 2848 5617 ipsius
2878 5541 3206 5613 margaritas
3234 5541 3460 5606 coemit,

1892 5651 2023 5707 data
2055 5648 2158 5705 [ide
2196 5656 2250 5705 et
2293 5645 2848 5719 agnitioneaccepta.
2890 5638 3094 5696 Beatus
3131 5638 3222 5710 qui
3257 5637 3464 5709 nuptiis
