3790 6202
87 195 165 261 935
1251 198 1337 260 IN
1373 197 1633 261 RAMOS
1683 196 2135 259 PALMARUM.

3225 198 3331 266 986

81 306 144 377 δίᾳ
182 316 305 356 σου.
340 302 495 357 Ἑκεῖ
530 304 559 357 ὁ
590 302 827 376 Χριστός
862 304 1032 359 ἔστιν.
1074 302 1222 358 Ἑκεῖ
1260 302 1427 357 αὐτοῦ
1475 321 1639 358 κατα-

1766 302 1932 357 :orde.
1967 300 2067 357 Est
2124 300 2238 356 illic
2298 298 2581 358 Christus.
2615 301 2699 357 Tu
2747 303 2862 360 illic
2904 305 2956 362 ei
2983 319 3330 378 unguentum

81 398 289 451 ιένυσον
329 395 395 448 τὸ
444 394 636 467 μῦρον.
673 398 821 450 Ἐκεῖ
866 396 934 451 τὰ
975 396 1207 468 δάκρυα.
1240 396 1378 449 Ἀλλ’
1403 397 1502 450 οὐκ
1530 396 1641 467 ἔχω

56 488 239 563 φῦμα),
276 490 473 557 φησὶν,
516 490 617 542 οὐκ
674 488 1035 561 ἀλάϐαστρον.
1080 490 1195 542 Οὐκ
1240 488 1387 559 ἔχεις
1428 489 1635 567 μῦρονς

78 580 150 635 Nai
187 577 344 648 εχεις
380 577 579 651 μῦρον,
624 579 724 651 τὴν
755 581 939 650 χάριν,
968 580 1312 649 ἀλάϐαστρον
1347 580 1448 650 τὴν
1499 592 1639 648 καρ-

78 671 178 733 5m,
204 668 431 741 δάκρυα
454 671 554 739 τὴν
584 670 990 742 ἐξομολόγησιν,
1032 670 1227 742 τρίχας
1252 671 1378 734 τοὺς
1408 671 1640 731 λεπτοὺς

80 760 419 832 στεναγμούς.
448 762 634 815 Ταῦτα
675 762 1034 835 προσένεγκε,
1065 761 1239 816 ταῦτα
1275 761 1637 832 καθιέρωσον,

78 857 135 908 ul
189 853 348 925 λήψῃ
394 853 496 924 τὴν
537 853 750 922 ἄφεσιν.
806 852 1088 923 Πανταχοῦ
1135 855 1283 905 ἐστιν
1318 852 1636 923 ὁιΧριστός.

77 945 335 1015 Πανταχοῦ
372 945 713 1014 καλούμενος
769 945 1023 1011 πάρεστι.
1056 945 1231 997 Μόνον
1286 943 1361 1014 μὴ
1422 942 1639 1014 παρίτω

83 1036 298 1100 Ἰούδας·
351 1038 517 1107 μόνον
564 1036 740 1107 ὀρθῶς
772 1034 1080 1089 καλείσθω*
1137 1037 1298 1106 μόνον
1350 1034 1537 1089 ἄδολον
1578 1032 1639 1087 τὸ

68 1131 256 1182 δεῖπνον
287 1128 452 1181 ἔστω.
476 1127 640 1180 Γενοῦ
678 1127 884 1197 Σίμων,
921 1130 969 1180 εἰ
1005 1128 1219 1198 βούλει·
1261 1127 1519 1181 κέλευσον
1546 1126 1637 1179 τὸν

71 1221 348 1285 Δεσπότην.
393 1219 554 1273 Ἀλλὰ
584 1220 657 1291 μὴ
694 1211 955 1291 διστάσῃξ
996 1221 1071 1284 ὡς
1115 1222 1429 1291 Φαρισαῖος.
1463 1219 1636 1273 Κάλει

72 1313 127 1364 τὸν
160 1310 456 1380 πανταχοῦ
493 1311 739 1379 παρόντα
771 1327 785 1341 ·
841 1311 977 1363 ἀλλὰ
1026 1311 1100 1383 μὴ
1156 1309 1500 1382 συγκαλέσῃς
1544 1310 1637 1363 τὸν

82 1400 282 1455 Ἰούδαν.
308 1399 478 1452 Γενοῦ
498 1400 767 1469 Λάζαρος,
793 1402 842 1452 εἰ
876 1400 1074 1470 βούλει,
1101 1401 1178 1472 τῷ
1210 1402 1402 1472 κόσμῳ
1431 1400 1637 1471 νεκρά)⁴

78 1509 230 1562 μενος,
268 1490 414 1555 ὄζων
446 1494 558 1554 τοῖς
600 1490 847 1563 pthiriasin,
884 1493 984 1563 τὴν
1016 1496 1226 1565 σιωπὴν
1265 1494 1339 1557 ὼς
1368 1494 1513 1547 λίθον
1545 1494 1637 1547 ἐπὶ

80 1582 322 1650 στόματος
352 1573 514 1649 ἔχων.
544 1581 760 1635 Μᾶλλον
782 1582 836 1635 δὲ
870 1583 1023 1649 φίλος
1056 1583 1217 1650 γενοῦ
1248 1585 1514 1653 πρότερον
1543 1582 1634 1636 τοῦ

1745 390 1984 447 eﬂ‘unde.
2021 390 2143 445 Sint
2169 390 2281 445 illic
2310 390 2593 462 laerytnze.
2623 394 2717 459 At,
2751 394 2952 463 inquit,
2986 407 3331 467 unguentum

1743 499 1851 538 non
1888 483 2088 546 habeo,
2143 497 2253 536 non
2305 482 2672 539 alabastrum.
2713 481 2834 539 Non
2878 486 3052 543 habes
3082 503 3331 559 unguen-

1744 578 1897 632 tum?
1930 575 2102 631 Plane
2160 576 2334 630 habes
2379 586 2759 645 unguentum:
2802 594 3001 650 nempe
3049 582 3326 649 gratiam,

1743 685 1840 725 cor
1869 668 2207 723 alabastrum
2234 685 2249 735 ;
2286 668 2583 739 laerymas,
2613 668 3047 737 confessionem;
3073 672 3325 741 capillos,

1741 764 1953 817 minuta
1988 758 2261 831 suspiria.
2297 759 2421 814 Haec
2463 760 2623 825 oll‘er,
2655 761 2771 814 haec
2799 762 3079 828 sacriﬁea,
3108 772 3162 818 et
3188 765 3330 819 acci-

1743 855 1861 920 pies
1890 853 2130 907 veniam.
2180 851 2448 906 Christus
2493 851 2705 920 ubique
2737 854 2844 906 est.
2900 853 3069 907 Adest
3122 855 3328 923 ubique

1742 952 2015 997 vocatus:
2076 942 2242 996 modo
2295 956 2409 996 non
2469 942 2616 996 adsit
2682 941 2902 997 Judas:
2958 943 3123 997 modo
3177 953 3327 999 recte

1741 1042 2011 1089 vocetur:
2057 1033 2222 1087 modo
2270 1030 2344 1088 sit
2397 1049 2558 1089 coena
2614 1034 2827 1103 absque
2871 1035 3021 1091 dolo.
3061 1036 3120 1089 Si
3154 1037 3325 1102 lubet,

1741 1134 1862 1181 esto
1902 1124 2118 1181 Simon.
2177 1126 2352 1179 lnvita
2401 1125 2721 1181 Dominum.
2763 1125 2842 1182 Ne
2888 1138 3071 1183 tamen
3100 1128 3329 1182 dubita-

1741 1219 1887 1272 veris
1923 1217 2069 1272 sicut
2119 1216 2461 1272 Pharisteus.
2495 1216 2648 1272 Voca
2697 1234 2847 1279 eum,
2884 1219 2975 1286 qui
3020 1218 3177 1274 adest
3204 1217 3328 1270 ubi-

1740 1321 1888 1375 que:
1924 1313 1979 1358 at
2030 1320 2101 1360 ne
2147 1306 2313 1361 simul
2367 1305 2564 1361 Judam
2613 1308 2927 1361 vocaveris.
2987 1305 3121 1362 Esto
3154 1307 3199 1361 si
3240 1308 3326 1361 vis

1740 1396 2003 1463 Lazarus,
2037 1398 2130 1468 qui
2157 1398 2365 1452 mundo
2400 1399 2479 1454 sis
2509 1397 2914 1463 mortiﬁcatus;
2944 1399 3040 1468 qui
3096 1399 3223 1452 tabo
3253 1398 3327 1454 fe-

1742 1496 1890 1555 teas;
1925 1489 2018 1559 qui
2074 1489 2281 1544 inore
2314 1490 2626 1551 silentium,
2665 1505 2772 1543 ceu
2813 1488 3050 1557 lapidem
3094 1488 3323 1543 habeas.

1740 1580 1914 1650 Magis
1946 1589 2130 1634 autem
2178 1580 2338 1649 prius
2376 1580 2594 1633 Domini
2634 1581 2848 1634 amicus
2890 1586 3032 1634 esto.
3065 1578 3246 1633 Habes
3273 1588 3327 1634 et

73 1674 348 1727 Δεσποτου.
379 1675 564 1744 Ἔχεις
591 1674 685 1726 καὶ
711 1674 873 1737 αὐτὸς
898 1675 1152 1743 ἀδελφὰς,
1177 1677 1278 1746 τὴν
1294 1677 1494 1747 ψυχὴν,
1519 1672 1637 1730 εἶτα

1768 1688 1798 1724 ιι
1829 1687 2074 1733 sorores,
2118 1673 2355 1742 primum
2392 1671 2661 1735 animam,
2690 1686 2757 1725 ac
2784 1678 2898 1725 tum
2930 1685 3179 1725 carnem.
3217 1669 3326 1724 Fac

76 1767 152 1833 τὴν
193 1765 397 1834 σάρκα.
444 1764 740 1833 Φιλιώθητι
798 1764 876 1834 τῷ
932 1766 1183 1835 Χριστῷ,
1244 1768 1310 1819 ἶν’
1344 1770 1485 1821 ὃταν-
1522 1785 1638 1821 κοι-

86 1854 257 1925 μηθῇς.
275 1855 538 1925 πέμψωσι
590 1854 725 1925 πρὸς
758 1855 986 1924 Ἰησοῦν,
1004 1856 1078 1918 ῶς
1100 1858 1287 1928 Μαρία
1309 1858 1399 1910 καὶ
1416 1858 1637 1927 Μάρθα,

83 1947 222 2015 ἠμὲν
244 1944 321 2013 τῷ
355 1946 521 2015 λόγῳ,
564 1946 680 2016 ἡδὲ
709 1949 776 2017 τῇ
810 1946 1008 2017 πράξει
1047 1946 1340 2015 λέγουσαι*
1388 1967 1407 1999 ι
1442 1948 1635 2018 Κύριε,

90 2037 144 2087 ἷξε
172 2036 232 2087 ὃν
270 2035 443 2104 στλείς
491 2035 726 2089 ἀσθενεῖ.
787 2056 806 2086 ι
840 2037 933 2091 Ἰν’
955 2038 1084 2090 ὅταν
1109 2039 1308 2100 τελέως
1327 2041 1640 2108 ἀπονεκρω-

94 2126 170 2195 θῇς
197 2127 399 2195 κόσμῳ,
432 2128 526 2180 καὶ
577 2130 689 2191 τοῖς
732 2131 790 2180 ὲν
825 2128 1037 2199 κόσμῳ,
1090 2128 1303 2197 φθάσας
1342 2132 1370 2183 ὁ
1406 2130 1638 2200 Χριστὸς

97 2218 334 2287 ἀδικήσῃ
372 2234 455 2283 σε,
504 2216 634 2289 λέξῃ
670 2234 725 2271 τε
768 2218 906 2288 πρὸς
960 2220 1087 2283 τοὺς
1127 2220 1394 2287 ἀγγέλους
1433 2220 1634 2273 αὐτοῦ’

109 2305 326 2373 things
346 2307 528 2371 αὑτὸν,
565 2306 660 2359 καὶ
693 2307 859 2376 ἄφετε
895 2306 1144 2375 ὑπάγειν.
1191 2325 1209 2356 ι
1243 2308 1498 2360 Λύσατε.
1534 2307 1638 2358 IP5-

108 2395 197 2459 ϐενς
229 2396 316 2449 Ἐκ
353 2397 464 2449 τῶν
510 2397 726 2467 δεσμῶν
775 2401 874 2467 τῆς
926 2398 1219 2469 ἁμαρτίας.
1256 2397 1540 2467 ’Υπὰγειν
1580 2397 1637 2450 δὲ

102 2485 212 2547 te};
236 2487 323 2549 El;
358 2489 482 2550 τοὺς
507 2487 740 2550 κόλπους
771 2488 864 2541 τοῦ
891 2488 1161 2560 Ἀϐραὰμ,
1196 2490 1275 2551 εἰς
1309 2489 1407 2551 τὰς
1433 2487 1638 2559 σκηνὰς

94 2576 177 2638 τᾶς
198 2579 456 2640 αἰωνίους,
489 2581 569 2642 εἰς
602 2580 701 2648 τὴν
730 2581 827 2648 τῆς
865 2579 1013 2643 θείας
1046 2579 1248 2649 λήξεως
1288 2580 1480 2649 ἀγήρω
1532 2594 1638 2648 μα-

96 2668 375 2738 καριότητα.
404 2662 513 2731 Ἦς
574 2669 783 2736 γένοιτο
838 2669 1046 2734 πάντας
1110 2672 1257 2740 ἡμᾶς
1322 2671 1634 2738 ἐπιτυχεῖν,

94 2758 250 2825 χάριτι
280 2760 371 2811 καὶ
409 2759 792 2832 φιλανθρωπίᾳ
846 2760 941 2813 τοῦ
991 2761 1198 2824 πάντας
1238 2762 1384 2832 ἡμᾶς
1422 2764 1501 2824 εἰς
1538 2762 1637 2832 τὴν

92 2847 230 2899 αὑτοῦ
256 2848 541 2913 καλοῦντος
583 2851 901 2918 ἐπίγνωσιν,
950 2849 1189 2921 Χριστοῦ
1242 2850 1336 2903 τοῦ
1380 2850 1635 2921 ἀληθινοῦ

90 2936 202 2990 Θεοῦ
228 2940 376 3009 ἡμῶν
398 2960 413 2973 ο
451 2942 572 3012 μεθ’
595 2937 656 2995 οὗ
688 2941 762 3011 τῷ
788 2943 961 3012 ΙῙατρὶ
986 2943 1019 3013 ἡ
1051 2940 1200 3009 δόξα,
1234 2939 1350 3010 ἅμα
1374 2940 1453 3012 τῷ
1499 2941 1636 3012 ἁγίῳ

92 3029 336 3101 Πνεόματι
375 3031 460 3096 εἰς
486 3032 581 3085 τὸν
618 3032 790 3086 αἰῶνα
846 3032 1043 3103 Ἀμήν.

676 3165 894 3218 ΛΟΓΟΣ
941 3159 1018 3219 6’.

629 3276 670 3327 Ε
677 3279 730 3342 ἐς
776 3276 847 3330 τὰ
897 3277 1064 3331 Βαΐα.

140 3384 264 3449 xu;
319 3387 473 3455 ἡμᾶς
528 3386 667 3455 μετὰ
708 3389 1110 3452 τοῦΔεσπότου
1156 3389 1407 3460 Λάζαρος
1461 3392 1644 3445 ἑστιά-

88 3492 215 3539 em,
260 3478 329 3531 τὸ
382 3478 507 3530 καθ’
550 3479 741 3532 ἑαυτὸν
805 3482 937 3550 ἡμῖν
984 3481 1206 3553 προθεὶς
1265 3482 1345 3544 εἰς
1404 3482 1645 3535 ἑστίασιν

85 3566 273 3639 θαῦμα·
311 3571 558 3640 σήμερον
595 3570 755 3634 αὐτὸς
797 3572 825 3624 ὁ
865 3570 1003 3635 Θεὸς
1048 3573 1142 3625 καὶ
1175 3570 1345 3639 Λόγος
1385 3572 1477 3624 τὸν
1508 3571 1645 3642 ἡμέ-

81 3672 204 3728 τερον
233 3662 402 3731 ἑστιᾷ
427 3659 587 3729 λόγον
615 3661 743 3730 ὑμῖν
780 3665 892 3725 τοῖς
924 3663 1229 3733 φιλεόρτοις
1279 3662 1372 3715 καὶ
1413 3661 1646 3730 φιλοκά-

78 3748 190 3817 19%;,
224 3741 350 3816 τοῖς
393 3755 491 3819 ἀφ’
524 3752 707 3808 ἱκανοῦ
752 3753 852 3823 μὲν
890 3756 1187 3823 ἠγωνικὸσι
1232 3753 1309 3822 τῷ
1353 3746 1505 3822 ἄχθει
1535 3751 1644 3804 τῶν

78 3846 379 3915 συμφορῶν,
402 3845 793 3917 ὲπιρῤωσθείσι
811 3845 868 3898 δὲ
886 3845 1126 3915 σήμερον
1151 3845 1256 3897 ὑπὸ
1280 3842 1644 3915 περιχαρείας

73 3935 144 4003 τῆς
174 3937 528 4006 Δεσποτικῆς
550 3937 929 4008 πανηγύρεως.
965 3939 1073 3991 Καὶ
1114 3936 1259 4006 μάλα
1295 3938 1540 3998 εἰκότως.
1581 3934 1644 3993 Ei

75 4025 161 4095 γάρ
209 4029 382 4091 αὐτὸς
424 4024 514 4083 οἷα
557 4028 692 4092 Θεὸς
717 4028 965 4092 ἐπιστὰς,
1005 4028 1096 4081 τὸν
1128 4029 1230 4098 ἤδη
1265 4028 1518 4098 μυδῶντα
1550 4028 1645 4080 καὶ

74 4121 335 4188 σεσηπότα
370 4120 481 4172 τῶν
526 4120 651 4191 ᾅδου
690 4119 876 4191 μυχῶν
913 4118 1318 4190 ἅνεζώγρησεν,
1352 4120 1384 4190 ἦ
1417 4137 1517 4172 που
1549 4120 1645 4172 καὶ

74 4207 145 4263 νῦν
190 4212 298 4264 τοῦ
349 4213 694 4283 γηράσαντος
745 4215 804 4265 ὲν
853 4216 985 4284 ἡμῖν
1035 4214 1199 4282 λόγου
1255 4211 1535 4283 νευρὼσας
1582 4211 1644 4263 τὸ

72 4300 279 4366 ἄτονον,
308 4306 659 4375 ’σφριγῶντα
710 4306 876 4370 δείξει
925 4307 1061 4376 πρὸς
1108 4306 1207 4377 τὴν
1260 4304 1645 4376 ὲγηγερμένην

1745 1763 1970 1818 Christo
2021 1766 2253 1827 amicas,
2298 1771 2353 1817 ut
2389 1779 2515 1817 cum
2573 1768 2828 1818 mortuus
2872 1763 3067 1823 fueris.
3100 1762 3325 1827 mittant

1747 1854 1814 1907 ad
1863 1853 2077 1917 Jesum,
2139 1856 2287 1908 sicut
2344 1853 2515 1908 Maria
2563 1862 2615 1907 et
2646 1854 2876 1918 Martha,
2919 1853 3012 1907 iila
3044 1866 3320 1915 sermone,

1747 1944 1863 1998 iure
1900 1959 2067 2013 opere
2101 1943 2354 1999 dicentes
2388 1961 2401 1997 :
2444 1961 2462 1994 ι
2522 1943 2774 2004 Domine,
2806 1956 2936 1997 ecce
2976 1955 3137 2009 quem
3170 1951 3325 1992 amas

1749 2036 2083 2090 inﬁrmatur.
2122 2026 2142 2086 ι
2184 2033 2255 2089 Ut
2288 2050 2414 2088 cum
2458 2033 2632 2089 fueris
2679 2033 2924 2101 perfecte
2956 2028 3326 2087 mortiﬁc‘atus

1746 2114 1978 2189 mundo,
2018 2135 2072 2180 et
2138 2126 2208 2181 iis
2262 2141 2385 2195 qua:
2444 2134 2578 2179 sunt
2633 2125 2687 2179 in
2745 2123 2974 2188 mundo,
3024 2119 3324 2175 adveniens

1747 2212 2005 2272 Christus
2035 2219 2324 2279 resuscitet
2362 2226 2432 2279 te,
2463 2216 2612 2270 dicat
2644 2230 2773 2269 vero
2814 2213 2884 2267 ad
2911 2212 3135 2282 angelos
3170 2225 3320 2266 suos:

1753 2327 1772 2359 ι
1811 2309 2041 2367 Solvite.
2073 2317 2128 2362 et
2156 2308 2325 2361 sinite
2352 2308 2526 2361 abire.
2570 2325 2587 2357 ι
2628 2306 2846 2361 Solvite.
2879 2302 3077 2357 Unde?
3116 2303 3154 2354 A
3191 2314 3321 2369 pec-

1747 2400 1852 2453 cati
1889 2399 2148 2454 vinculis.
2177 2399 2299 2463 Quo
2336 2405 2518 2452 autem
2552 2398 2699 2451 abire
2724 2397 2747 2449 ?
2775 2396 2854 2449 Ad
2880 2394 3113 2450 Abrahae
3141 2392 3319 2447 sinus:

1747 2491 1814 2545 ad
1867 2500 2076 2546 aeterna
2129 2490 2542 2546 tabernacula:
2604 2489 2672 2543 ad
2721 2489 2922 2542 divinae
2972 2486 3176 2557 quietis
3224 2499 3327 2540 ne-

1748 2584 1921 2639 sciam
1957 2583 2100 2638 senii
2128 2582 2576 2644 beatitudinem.
2616 2581 2792 2647 Quam
2846 2595 2947 2636 nos
2984 2594 3180 2633 omnes
3214 2576 3327 2631 ιιιί-

1748 2691 1874 2731 nam
1901 2690 2333 2746 consequamur,
2363 2676 2485 2744 ejus
2535 2674 2711 2746 gratia
2743 2682 2799 2728 et
2831 2672 3194 2732 humanitate,
3226 2667 3323 2738 qui

1747 2778 1944 2819 omnes
1974 2779 2076 2820 nos
2103 2765 2170 2819 ad
2192 2780 2351 2820 suam
2384 2765 2561 2834 ipsitts
2585 2771 2747 2834 vocat
2773 2763 3136 2834 agnitionem,
3169 2758 3325 2815 Chri-

1749 2858 1818 2911 sti
1856 2855 1973 2909 vrri
2032 2854 2126 2911 Dei
2169 2855 2385 2911 nostri:
2424 2870 2549 2910 cum
2608 2870 2720 2925 quo
2760 2852 3171 2923 Patri‘gloria,
3213 2865 3323 2905 una

1746 2960 1868 3001 eum
1899 2946 2109 3016 Spiritu
2142 2931 2337 3003 sancto
2363 2945 2417 3000 in
2446 2946 2734 3002 saeculum.
2768 2944 2963 3000 Amen.

2335 3164 2593 3223 ORATIO
2631 3166 2720 3221 lX.

2130 3278 2200 3333 In
2228 3296 2408 3335 ramos
2453 3281 2769 3335 Palmarum
2799 3280 2933 3352 (l9).

1813 3392 1929 3448 Nos
1955 3393 2072 3447 heri
2105 3407 2230 3447 cum
2259 3394 2498 3449 Domino
2530 3395 2799 3457 Lazarus.
2833 3393 3085 3448 miraculi
3118 3393 3174 3448 in
3207 3386 3325 3461 ipso

1746 3485 1980 3540 exhibiti
2041 3485 2275 3555 dapibus
2323 3487 2654 3556 propositis,
2705 3488 2853 3541 laute
2900 3486 3133 3548 habuit,
3167 3484 3323 3541 vobis

1750 3577 1915 3631 hodie
1947 3576 2071 3632 festi
2121 3576 2453 3646 honestique
2513 3577 2850 3640 amantibus,
2887 3577 3033 3631 Deus
3091 3578 3210 3647 ipse
3259 3591 3325 3632 ac

1726 3664 1942 3723 Sermo
1973 3682 2288 3723 sermonem
2313 3678 2564 3723 nostrum
2589 3684 2700 3738 quo
2733 3668 3037 3736 epulemini
3074 3669 3323 3737 apponit.

1748 3759 1916 3814 Vobis
1984 3760 2232 3827 inquam,
2289 3759 2456 3828 quia
2514 3770 2597 3813 sat
2650 3759 2823 3813 multo
2873 3765 3144 3827 tempore,
3200 3774 3325 3813 cum

1751 3850 2000 3904 molestia
2055 3850 2437 3904 calamitatum
2501 3857 2788 3905 certamen
2842 3849 3139 3912 habuistis,
3178 3863 3327 3902 nunc

1752 3950 1931 3997 autem
1973 3941 2268 3996 Dominicae
2325 3941 2646 3998 festivitatis
2697 3940 3085 4003 abundantiori
3132 3940 3329 4010 gaudio

1755 4036 1899 4089 \ires
1964 4034 2365 4104 resumpsistis.
2420 4034 2495 4087 Ac
2531 4033 2694 4104 plane
2734 4035 2955 4087 merito.
3012 4029 3146 4085 Nam
3203 4046 3327 4085 cum

1754 4125 1892 4195 ipse,
1928 4124 2078 4180 velut
2106 4126 2369 4182 nimirum
2404 4124 2571 4189 Deus,
2624 4125 2886 4181 fetentem
2921 4124 3035 4195 jam
3083 4131 3330 4193 putrem—

1752 4233 1860 4284 que
1922 4218 2075 4272 illum
2136 4233 2200 4273 ex
2257 4216 2463 4272 inferni
2515 4216 2894 4284 penetralibus
2939 4229 3040 4270 ceu
3080 4213 3327 4283 ‘przedam

1750 4309 1987 4362 adventu
2022 4309 2389 4372 revocaverit,
2442 4306 2585 4360 forte
2611 4314 2668 4361 et
2712 4306 2877 4359 modo
2904 4305 3098 4360 senilis
3138 4305 3194 4358 in
3233 4317 3331 4358 no-

72 4390 329 4448 ἑστὶασιν.
366 4396 675 4464 Προσέσται
721 4396 830 4466 γὰρ
859 4397 1082 4460 εἰκότως
1119 4396 1268 4465 αὐτῷ
1304 4395 1551 4448 νεανικόν
1594 4414 1639 4449 τι

1766 4402 1840 4456 .iis
1871 4401 2143 4456 sermonis
2200 4401 2490 4457 remissam
2526 4400 2634 4452 vim
2671 4400 2967 4457 roborans.
3035 4396 3331 4451 luxurian-

78 4485 157 4535 καὶ
209 4484 535 4555 θαρσαλέον.
576 4488 1053 4558 άνασκιρτήσαντα
1089 4489 1135 4521 ³⁸
1176 4484 1286 4541 τῶν
1323 4483 1646 4561 φωνητικῶν

77 4573 315 4640 ὀργάνων
344 4579 718 4654 ἀπρπηδῆσαι,
754 4581 886 4652 πρὸς
914 4581 1077 4634 αὐτοῦ
1109 4582 1204 4634 τοῦ
1238 4581 1372 4635 Θεοῦ
1408 4583 1503 4636 καὶ
1542 4584 1647 4636 Λό-

77 4680 165 4729 γου
210 4668 579 4740 καλούμενον,
622 4671 697 4735 ὡς
742 4673 808 4726 ὲκ
846 4674 1018 4741 τάφου
1068 4674 1159 4727 τὸν
1199 4674 1483 4744 Λάζαρονο
1528 4674 1594 4727 ἵν’
1623 4678 1652 4728 ὁ

80 4755 194 4823 χθὲς
227 4761 379 4829 ἡμᾶς
402 4762 606 4834 Θρὲψας
647 4765 728 4835 τῷ
774 4765 897 4818 κατ’
920 4766 1130 4820 ἐκεῖνον
1176 4765 1438 4835 θαύματι,
1475 4765 1649 4838 θρέψῃ

88 4850 168 4901 ἀἱ
210 4854 451 4925 σήμερον
500 4858 529 4910 ὁ
572 4857 736 4920 αὐτὸς
818 4856 1116 4929 ἁδρότερον
1172 4859 1267 4911 καὶ
1328 4856 1647 4927 δαψιλέστε-

1757 4501 1864 4546 tem
1898 4501 2288 4562 vegetumque,
2333 4503 2391 4546 ut
2423 4495 2701 4548 excitatus
2740 4491 3050 4559 alacrisque
3079 4485 3176 4541 ciru
3204 4502 3331 4540 con-

1758 4584 1905 4638 vivio
1935 4585 2197 4654 excipiat,
2254 4584 2466 4640 fecerit.
2522 4584 2668 4637 Sane
2723 4583 2914 4662 utique
2959 4578 3204 4648 juvenile
3232 4577 3332 4631 ali-

1758 4677 1888 4746 quid
1927 4677 2501 4746 audaeiuseulumque
2549 4674 2825 4737 habuerit,
2878 4682 2938 4727 ut
2979 4672 3086 4727 Deo
3121 4670 3241 4738 ipso
3278 4676 3333 4723 et

1762 4768 2030 4823 Sermone
2085 4777 2342 4833 vocante,
2416 4768 2692 4837 quomodo
2764 4766 2977 4821 vocavit
3030 4781 3062 4820 e
3117 4761 3333 4819 tumulo

1752 4858 2052 4924 Lazarum,
2109 4875 2141 4914 a
2188 4860 2470 4916 voealihus
2505 4860 2728 4930 organis
2775 4859 2929 4915 velut
2974 4857 3179 4915 saliens
3214 4869 3331 4927 prov

1374 5030 1607 5087 VARUE
1636 5031 2045 5089 LECTIONES.

190 5119 232 5151 ⁸³
261 5119 422 5177 Forte
444 5120 937 5193 άνασκιρτήσαντι.

1394 5212 1783 5293 ceueertsn
1813 5231 2046 5289 noras.

161 5324 260 5390 (l9)
292 5326 540 5384 Celebris
568 5328 863 5383 admodum
890 5328 1010 5385 dies
1041 5338 1124 5386 est
1154 5331 1295 5385 inter
1328 5331 1667 5395 Δεσποτικὰς

104 5391 293 5468 hac“,
346 5401 605 5468 plurimis
647 5400 868 5454 Patrum
921 5402 1199 5454 celebrata
1254 5391 1664 5456 eneomiasticis

108 5466 427 5541 orationibus
459 5485 477 5535 ;
519 5472 608 5541 vi;
637 5480 820 5525 tamen
850 5471 961 5524 alia
993 5472 1360 5541 lqculentiori,
1395 5488 1561 5541 quam
1589 5474 1660 5525 sit

110 5540 189 5611 Ista
235 5540 489 5611 Andreae.
561 5538 764 5594 llahuit
819 5541 963 5595 alius
1025 5538 1232 5611 Regius
1291 5538 1482 5600 codex.
1520 5541 1659 5593 forte

105 5610 236 5661 etiam
260 5610 457 5666 melior
522 5625 591 5666 eo
646 5626 754 5679 quo
798 5610 1030 5673 utimur,
1099 5610 1193 5667 scd
1245 5618 1362 5667 erat
1407 5613 1654 5665 mutilus.

1773 5328 1983 5398 Stylus.
2016 5333 2075 5378 ut
2107 5325 2157 5377 in
2195 5322 2523 5398 prmcedenti
2550 5320 2615 5375 de
2649 5319 2860 5398 Lazaro
2883 5327 2967 5372 est
2991 5316 3330 5398 familiarior-

1769 5387 2396 5452 anicatauctor-statim
2430 5396 2482 5444 in
2516 5391 2767 5450 exordio,
2801 5403 2918 5441 eam
2957 5404 3015 5443 se
3048 5387 3331 5442 habuisse.

1766 5485 1891 5522 eum
1914 5469 2026 5535 jam
2059 5473 2204 5519 esset
2231 5464 2419 5535 senior
2440 5478 2475 5535 ;_
2508 5477 2615 5529 quo
2659 5458 3183 5535 temporenonnihil
3209 5458 3337 5535 llos-

1764 5528 2258 5596 (ξιιιὶδίἢιριονίπίς,
2293 5531 2590 5600 phrasique
2638 5528 2950 5600 comptiori.
2979 5544 3043 5584 ac
3083 5529 3334 5584 subtilio-

1761 5611 1910 5663 ribus
1936 5604 2301 5661 allusionibus
2328 5601 2559 5655 decedit.

2190 5681 2215 5704 ὑ
