3790 6202
230 344 372 412 1οπ

1223 346 1305 408 ΙΝ
1335 342 1931 405 EXALTATIONEM
1965 343 2026 404 S.
2065 341 2360 404 CRUCIS.
2403 343 2484 403 Π.

3346 347 3480 412 1033

219 462 366 516 ποιεί
395 460 424 512 6
449 457 609 525 Θεὸς,
647 461 674 512 6
705 459 762 511 ἐν
799 455 948 527 αὐτῷ
977 454 1070 510 καὶ
1120 455 1186 509 δι’
1227 454 1391 510 αὑτοῦ
1441 455 1540 527 τὴν
1589 455 1799 523 παγκό-
1831 509 1837 519 ,

1973 453 2218 519 auditur,
2263 454 2394 522 quid
2442 453 2573 508 facit
2631 452 2793 517 Deus,
2836 457 2926 524 qui
2981 457 3034 510 itt
3076 473 3264 527 cruce,
3300 472 3352 518 et
3386 479 3480 532 per

221 569 386 624 σμιον
434 570 453 604 ι
479 551 755 621 σωτηρίαν
785 548 885 620 τῆς
935 547 1039 618 γῆς
1089 548 1148 600 ἐν
1181 546 1333 617 μέσῳ
1376 546 1802 616 κατεργασάμε-

217 662 350 712 voc;
385 663 404 697 ι
445 645 528 716 Τῇ
571 643 670 714 μὲν
701 641 950 712 βασιλίδι,
980 640 1056 703 ὡς
1082 638 1266 710 μικρῷ
1286 637 1526 710 πρόσθεν
1561 637 1798 708 ἔφαμεν,

218 735 391 790 πόθον
424 736 603 806 ἐνίησι
631 731 853 798 ζέοντα·
893 733 1006 796 τοῖς
1043 729 1124 797 δὲ,
1153 729 1318 800 φόϐον
1361 729 1646 800 ἐμϐάλλει,
1675 729 1805 800 ὅλην

218 825 402 880 αὐτῶν
440 823 850 895 ἐκταράσσοντα
887 821 988 892 τὴν
1029 821 1199 892 ζωήν.
1234 821 1296 875 Ol
1347 820 1392 874 δ’
1437 821 1661 876 ἐπειδὰν
1706 821 1807 892 τῆς

219 918 458 989 ἐρεύνης
509 915 573 970 τὸ
618 914 995 988 ἀπαραίτητον
1030 909 1190 978 εἶδον,
1251 913 1504 967 ἐκούσιον
1532 913 1594 967 τὸ
1641 912 1807 967 ἀϐού-

218 1009 386 1081 λητον
419 1008 719 1075 δείξαντες,
746 1003 1174 1076 πεφανερώκασι
1211 1005 1274 1059 τὸ
1309 1006 1680 1076 πολυτίμητον
1711 1004 1808 1059 τοῦ

221 1103 502 1159 Δεσπότου
535 1101 784 1171 σημεῖον.
829 1097 888 1153 '0
915 1099 971 1153 δὲ
996 1098 1294 1171 προῆλθεν,
1335 1096 1526 1170 ῶσπερ
1553 1097 1613 1162 ἐξ
1645 1097 1808 1153 ἄλλου

221 1193 372 1257 τινὸς
410 1191 798 1262 στερεώματος
846 1189 958 1243 τῶν
994 1190 1094 1259 τῆς
1123 1189 1226 1259 γῆς
1258 1178 1610 1260 ’ὕποχθονίων
1656 1187 1810 1259 ἡλίου

223 1286 408 1356 δίκην,
440 1285 543 1347 τὰς
581 1281 924 1346 Δεσποτικὰς
957 1280 1353 1351 ἐξαστράπτων
1387 1281 1635 1344 ἀκτῖνας.
1666 1283 1813 1352 Προ-

225 1376 360 1446 ἧλθε
401 1374 592 1428 τοίνυν
641 1373 706 1428 ἐκ
733 1373 836 1443 τῆς
881 1371 984 1442 γῆς
1026 1371 1261 1438 ἀδύτων,
1293 1373 1356 1424 τὸ
1395 1369 1491 1424 τοῦ
1539 1372 1811 1427 Δεσπότου

233 1467 487 1536 σημεῖον,
536 1465 604 1517 δι’
664 1455 727 1517 οὗ
781 1461 1102 1534 κευθμῶνες
1152 1461 1281 1534 ᾂδου
1332 1463 1812 1530 κατασεισθέντες,

217 1557 410 1628 ψυχὰς
441 1555 545 1618 τὰς
589 1554 788 1608 αὐτόσε
830 1554 1208 1625 κατεχομένας
1251 1554 1643 1609 ἀπολελύκασι.
1675 1555 1816 1625 [Ips—
1852 1563 1854 1565 ’

228 1647 392 1718 ἦλθεν
419 1646 500 1711 ὡς
536 1646 602 1699 ἐκ
636 1645 909 1708 παστάδος
953 1645 1212 1717 νυμφίος,
1253 1645 1364 1699 τῶν
1403 1645 1604 1717 χοῖκῶν
1647 1645 1816 1701 θαλά-

232 1756 371 1812 μων,
406 1740 437 1792 6
470 1735 566 1791 τοῦ
590 1737 798 1808 Κυρίου
827 1737 1085 1808 σταυρὸς,
1116 1737 1183 1791 δι’
1216 1732 1278 1792 οὗ
1313 1737 1391 1809 τῷ
1425 1737 1648 1810 Χριστῷ
1676 1755 1814 1808 νυμ-

1905 556 2124 597 crucem
2159 542 2404 595 universi
2454 541 2646 596 mundi
2677 560 2693 593 ι
2734 543 2965 597 salutem
3011 547 3063 598 in
3117 549 3296 606 media
3325 562 3480 607 terra:

1905 643 2168 702 operatus
2210 632 2382 687 est'?
2441 651 2459 684 ι
2514 631 2856 703 lmpcratrici
2911 637 3154 705 quidem,
3209 650 3266 695 ut
3317 647 3482 712 paulo

1905 732 2035 778 ante
2085 722 2353 786 diximus,
2407 723 2607 778 ardens
2658 724 2904 780 itnmittit
2958 727 3337 788 desiderium:
3373 737 3485 792 illis

1906 823 2086 868 autem
2135 815 2387 868 timorem
2443 815 2661 879 incutit,
2698 816 2789 885 qui
2843 824 3013 871 totam
3063 820 3284 875 illorqu
3317 824 3485 880 vitam

1906 907 2285 961 conturbaret.
2317 905 2401 959 llli
2438 921 2589 972 vero,
2617 921 2740 962 cum
2772 908 3018 965 viderent
3049 913 3162 968 ﬁeri
3191 929 3297 970 non
3326 931 3487 985 posse
3524 899 3526 902 6

1910 1006 1971 1055 ut
2006 999 2077 1053 ab
2121 998 2480 1068 inquisitione
2510 997 2735 1071 [crucis
2782 1001 3039 1074 latentis]
3100 1004 3484 1073 desisteretur,

1908 1088 2267 1145 ostendentes
2321 1105 2380 1146 se
2412 1103 2513 1146 sua
2542 1101 2740 1160 sponte
2790 1090 2994 1156 facere,
3017 1097 3159 1162 quod
3213 1096 3489 1153 faciebant

1911 1181 2092 1249 inviti,
2120 1180 2394 1252 imprimis
2435 1181 2813 1236 venerandum
2857 1183 3072 1236 Domini
3112 1185 3328 1254 signum
3371 1203 3487 1238 ma-

1913 1273 2264 1329 nilestarunt.
2301 1272 2395 1328 Illa
2441 1282 2650 1340 autem,
2706 1280 2965 1342 tanquam
3002 1289 3068 1327 ex
3104 1275 3212 1328 alio
3251 1275 3488 1344 quodam

1911 1365 2186 1436 processit
2244 1363 2630 1419 ﬁrmamento:
2695 1379 2889 1434 nempe
2929 1381 2994 1419 ex
3047 1371 3202 1420 teme
3235 1375 3491 1435 penetra-

1913 1458 2083 1522 libus,
2147 1457 2324 1513 instar
2377 1457 2512 1513 solis
2568 1456 2888 1513 Dominicos
2964 1458 3154 1514 radios
3206 1460 3487 1516 emittcns.

1913 1546 2193 1604 Processit
2247 1549 2431 1618 itaque
2475 1555 2698 1604 eterra:
2733 1549 2915 1620 adytis
2962 1549 3181 1604 Domini
3236 1551 3482 1621 signum,

1916 1655 2014 1712 per
2044 1639 2190 1710 quod
2247 1640 2551 1696 inferorum
2596 1657 2886 1697 concussae
2937 1656 3205 1706 cavernae,
3243 1642 3496 1698 absolve-

1918 1739 2048 1786 runt
2101 1732 2339 1797 anitnas,
2399 1749 2522 1801 qua:
2576 1733 2692 1788 illic
2743 1733 3156 1788 detinebantur.
3215 1732 3494 1790 Processit

230 1831 500 1901 φευθεῐσα
550 1831 585 1900 ἡ
637 1829 698 1896 ἐξ
758 1828 929 1882 ἐθνῶν
990 1829 1324 1901 Ἐκκλησία,
1367 1831 1466 1903 τὴν
1520 1829 1814 1901 πολύγονον

1981 1839 2185 1894 nquam
2229 1839 2296 1878 ex
2353 1824 2527 1879 cubili
2577 1839 2838 1895 sponsus,
2874 1839 2904 1880 e
2951 1826 3188 1882 terrenis
3237 1828 3497 1884 thalamis

240 1923 522 1994 Ἑλλήνων
554 1921 742 1976 άθεΐαν
781 1921 1036 1978 ἀπέθετο.
1082 1921 1363 1994 Προῆλθεν
1397 1923 1426 1976 6
1473 1923 1662 1994 νοητὸς
1709 1922 1818 1977 τῶν

232 2015 446 2069 πιστῶν
480 2013 854 2086 μαργαρίτης,
884 2011 964 2084 τῷ
1007 2014 1261 2084 στεφάνῳ
1301 2012 1395 2067 τοῦ
1427 2013 1690 2086 Χριστοῦ,
1723 2013 1818 2068 λυ-

234 2108 424 2181 χνίτου
453 2106 616 2177 δίκην
646 2106 1173 2176 ἐμπεπορπημένος,
1205 2105 1294 2160 ἴνα
1323 2105 1687 2178 καταστράψῃ
1716 2105 1818 2176 τὴν

237 2201 546 2272 σύμπασαν
584 2197 936 2269 οἰκουμένην.
967 2197 1248 2270 Προῆλθεν
1273 2199 1302 2252 6
1330 2198 1538 2268 κόσμος
1564 2198 1664 2268 τῆς
1699 2197 1821 2251 Ἐκ-

236 2293 499 2365 κλησίας,
529 2292 560 2345 6
591 2289 688 2345 τοῦ
720 2289 927 2362 Κυρίου
958 2290 1208 2362 σταυρὸς,
1241 2290 1372 2361 ὃλην
1403 2289 1574 2362 αὐτὴν
1609 2291 1824 2362 κοσμή-

239 2402 345 2440 σων
371 2386 479 2456 τὴν
509 2383 794 2456 περίγειον
823 2383 1020 2438 κτίσιν.
1048 2382 1330 2452 Προῆλθεν
1365 2381 1442 2445 ὡς
1475 2382 1542 2435 ἐκ
1575 2382 1822 2453 φρουρᾶς

239 2481 268 2534 6
292 2477 612 2542 ἀνεύθυνος,
642 2477 733 2531 ἵνα
761 2477 888 2541 τοὺς
919 2473 1258 2536 ὑπευθύνους
1288 2473 1697 2545 άνακαλέσηται
1715 2491 1729 2505 ο
1758 2476 1824 2527 ἐκ

239 2569 345 2623 τῶν
378 2568 626 2640 δεσμῶν,
649 2569 676 2621 6
700 2568 1034 2638 ἀκράτητος.
1071 2565 1160 2618 ἵνα
1179 2566 1309 2628 τοὺς
1337 2563 1594 2634 δεσμίους
1626 2563 1824 2628 λυτοῦς

243 2661 632 2730 ἀπεργάσηται
653 2677 668 2692 ο
701 2662 766 2713 ἐκ
803 2659 914 2712 τῶν
941 2657 1235 2713 σκοτεινῶν
1263 2657 1502 2729 χωρίων,
1527 2655 1618 2710 τοῦ
1649 2655 1826 2727 φωτὸς

246 2756 278 2824 ή
304 2753 522 2825 λυχνία,
554 2753 644 2806 ἴνα
674 2752 773 2823 τὴν
827 2751 998 2806 νύκτα
1038 2751 1252 2805 λύσασα
1303 2751 1402 2821 τῆς
1432 2748 1732 2818 ἀγνωσίας,
1765 2747 1834 2836 τὸ¹

249 2846 358 2916 (ρῶς
387 2845 650 2916 ἐκλάμψῃ
683 2843 784 2914 τῆς
814 2839 1189 2912 ἐπιγνώσεως.

319 3103 561 3166 Εἰκότως
591 3102 686 3158 οὖν
728 3103 762 3172 ἡ
796 3103 1096 3174 Ἐκκλησία
1124 3103 1203 3175 τῷ
1235 3103 1456 3177 σταυρῷ
1482 3103 1578 3158 τοῦ
1618 3105 1826 3178 Κυρίου

259 3197 646 3267 συγχαίρουσα,
676 3195 768 3249 τὸν
799 3197 1001 3266 ἑαυτῆς
1030 3195 1232 3265 χιτῶνα
1268 3196 1597 3262 στολίζεται,
1629 3200 1725 3251 καὶ
1767 3197 1829 3250 τὸ

257 3285 530 3357 νυμφικὸν
581 3283 1004 3338 ἐκκαλύπτουσα
1033 3284 1265 3352 κάλλος,
1315 3283 1685 3355 ἀποσεμνύνει
1730 3285 1830 3354 τῆς

256 3375 469 3447 ἡμέρας
498 3375 563 3428 τὸ
600 3375 923 3446 πρόσωπον.
965 3374 1209 3437 Εἰκότως
1254 3375 1351 3428 καὶ
1394 3376 1423 3428 6
1455 3375 1623 3438 πολὺς
1672 3367 1831 3437 οὗτος

255 3465 380 3530 λαὸς
427 3467 841 3538 συναγήγερται
877 3467 1153 3538 σήμερον,
1196 3465 1285 3519 ἵνα
1331 3465 1550 3519 καὶτὸν
1596 3464 1831 3536 σταυρὸν

257 3559 646 3632 φανερωθέντα
687 3557 954 3628 θεάσηται
992 3557 1258 3628 σήμερον,
1313 3556 1407 3610 καὶ
1449 3555 1543 3609 τὸν
1594 3554 1832 3624 Χριστὸν

259 3651 314 3705 ἐν
340 3651 490 3723 αὐτῷ
513 3649 916 3720 συνυψούμενον
947 3650 1305 3722 προσκυνήσῃ
1331 3649 1627 3720 θεώμενος.
1667 3648 1835 3718 Ἐφα-

260 3744 466 3816 νερὼθη
517 3744 648 3814 γὰρ,
700 3743 789 3797 ἵνα
850 3741 1078 3814 ὑψωθῇο
1129 3740 1364 3812 ὑψοῦται
1415 3741 1494 3806 δὲ,
1545 3739 1635 3796 ἵνα
1668 3757 1836 3810 φανεο

263 3837 429 3911 ρωθῇ.
461 3837 595 3902 Τίς;
645 3835 704 3890 '0
753 3835 861 3908 πρὸ
917 3835 1118 3907 μικροῦ
1157 3835 1256 3906 μὲν
1304 3837 1362 3889 ἐν
1406 3835 1561 3905 τόπῳ
1604 3834 1832 3906 κρανίου
1871 3866 1875 3870 -

262 3928 676 4000 κρυπτόμενος,
723 3927 1006 3998 πανταχοῦ
1063 3927 1125 3981 δὲ
1184 3927 1282 3982 νῦν
1330 3927 1832 3999 προσκυνούμενος.

261 4019 464 4074 Τοῦτον
510 4019 844 4091 ἑορτάζομεν
891 4020 1170 4091 σήμερον·
1219 4017 1412 4072 τοῦτον
1457 4017 1836 4089 πανηγυρίζο·

267 4127 398 4182 μεν·
449 4109 612 4165 τοῦτο
663 4111 764 4182 τῆς
822 4111 1110 4181 παρούσης
1158 4111 1353 4182 ἑορτῆς
1397 4110 1459 4163 τὸ
1515 4109 1834 4178 κεφάλαιον.

263 4202 432 4258 τοῦτο
452 4205 488 4274 η
506 4201 599 4256 τοῦ
625 4203 926 4274 μυστηρίου
953 4203 1283 4272 φανέρωσις.
1313 4201 1456 4258 Ἀλλ’
1481 4200 1598 4274 ῶρα
1629 4201 1834 4266 λοιπὸν,

263 4295 355 4350 καὶ
379 4293 482 4365 τὴν
510 4293 720 4364 ὕψωσιν
752 4294 923 4349 αὑτοῦ
949 4295 1046 4349 τοῦ
1093 4294 1331 4368 σταυροῦ
1354 4296 1662 4367 Γραφικαϊς
1691 4311 1836 4367 μαρ-

262 4388 478 4459 τυρίαις
515 4385 915 4442 πιστώσασθαι.
957 4387 1133 4442 Τοῦτο
1175 4388 1286 4460 γὰρ
1338 4387 1522 4460 μικρῷ
1567 4388 1836 4460 πρότερον

264 4479 642 4552 ὑπεσχόμεθα,
702 4478 811 4534 κᾶν
851 4480 935 4533 δτι
992 4479 1328 4551 προδραμὼν
1375 4481 1404 4534 6
1439 4479 1619 4550 λόγος,
1663 4478 1732 4533 τά
1779 4479 1838 4532 ἐν

1919 1930 2055 1970 crux
2084 1914 2326 1982 Domini,
2380 1932 2478 1986 per
2505 1932 2669 1987 quam
2709 1916 2934 1972 Christo
2987 1917 3343 1987 desponsata,
3375 1937 3498 1992 qua:

1919 2019 1988 2060 ex
2043 2004 2306 2075 gentibus
2365 2003 2610 2061 Ecclesia
2654 2013 2759 2072 est,
2819 2003 3080 2077 deposuit
3133 2008 3500 2080 multiplicem

1920 2095 2208 2168 gentilium
2269 2097 2630 2167 impietatem.
2680 2097 2961 2155 Processit
2996 2099 3370 2170 intelligibilis
3403 2101 3500 2156 illa

1924 2183 2164 2241 ﬁdeliutn
2201 2188 2522 2256 margarita.
2575 2201 2796 2242 corona:
2836 2187 3042 2243 Christi
3078 2188 3256 2245 instar
3287 2191 3504 2262 lychni:

1921 2274 1996 2332 tis
2025 2290 2253 2348 gemma:
2303 2290 2367 2330 ac
2397 2276 2721 2332 carbunculi
2759 2275 2881 2348 (60)
2932 2277 3121 2345 inﬁxa,
3175 2287 3236 2334 ut
3279 2281 3501 2336 univer-

1925 2381 2047 2424 sum
2111 2377 2384 2421 terrarum
2437 2367 2628 2422 orbem
2693 2366 2944 2422 irradiet.
3007 2366 3287 2425 Processit
3334 2387 3502 2426 orna-

1926 2467 2172 2515 mentum
2232 2458 2515 2523 Ecelesiar,
2575 2474 2710 2513 crux
2766 2459 3003 2525 Domini,
3072 2471 3130 2516 ut
3185 2463 3501 2518 universam

1927 2559 2245 2606 terrestrem
2311 2562 2567 2606 naturam
2623 2551 2975 2607 condecoret.
3044 2553 3323 2609 Processit
3375 2565 3502 2610 tau-

1926 2657 2090 2712 quam
2133 2658 2202 2697 ex
2252 2643 2508 2698 custodia
2542 2643 2753 2708 insons,
2789 2651 2846 2697 ut
2898 2653 3088 2700 sontes
3122 2657 3404 2700 revocaret
3438 2663 3501 2700 ex

1932 2735 2187 2800 vinculis,
2218 2751 2340 2805 quae
2384 2737 2558 2791 teneri
2614 2736 2807 2806 nequit
2847 2744 2900 2790 et
2939 2736 3162 2805 vinciri,
3198 2746 3258 2792 ut
3289 2739 3506 2792 vinctos

1930 2825 2171 2880 vinculis
2201 2827 2556 2892 exsolveret;
2590 2842 2654 2881 ex
2693 2828 3059 2884 tenebricosis
3104 2828 3241 2883 locis
3283 2828 3507 2884 lucerna

1931 2918 2093 2982 lucis,
2127 2926 2187 2973 ut
2219 2917 2457 2989 disjecta
2493 2919 2818 2990 ignorantia:
2860 2928 3045 2985 nocte,
3086 2920 3180 2974 lux
3237 2922 3509 2992 cognitio-

1931 3009 2018 3066 nis
2050 3009 2353 3082 aﬂuigeret.

2001 3101 2136 3160 Jure
2183 3105 2352 3177 igitur
2404 3103 2676 3169 Ecclesia,
2724 3107 2881 3160 cruci
2924 3101 3140 3157 Domini
3196 3103 3508 3173 gratulans,

1934 3207 2086 3253 veste
2115 3212 2214 3253 sua
2263 3197 2549 3262 amicitur,
2590 3206 2645 3252 et
2687 3211 2906 3266 sponsae
2939 3205 3224 3252 ostentans
3255 3197 3509 3267 pulchri-

1931 3288 2196 3354 tudinem,
2228 3287 2336 3342 diei
2360 3287 2526 3355 hujus
2552 3287 2878 3341 coltonestat
2908 3289 3280 3356 pratseuliam.
3316 3287 3512 3343 Merito

1927 3380 2093 3434 etiam
2124 3379 2318 3448 ingens
2355 3379 2472 3432 btec
2505 3378 2994 3433 multitudo-hodie
3026 3391 3357 3448 congregata
3394 3390 3502 3445 est,

1931 3477 2064 3524 utet
2091 3485 2308 3525 crucem
2332 3468 2666 3539 patefactam
2714 3470 2877 3524 hodie
2903 3471 3324 3540 contempletur,
3357 3473 3513 3526 Chri-

1933 3569 2188 3630 stumque
2223 3561 2460 3615 simulin
2482 3561 2571 3614 illa
2590 3561 2894 3615 exaltatum
2929 3561 3119 3616 videns
3151 3561 3341 3616 adoret
3374 3564 3508 3636 (6|).

1931 3653 2206 3710 Patefacta
2245 3654 2389 3709 enim
2431 3663 2532 3716 est,
2581 3663 2642 3709 ut
2671 3654 2949 3709 exaltetur
3008 3673 3020 3708 :
3064 3656 3337 3712 exaltatur
3383 3672 3515 3712 vero

1933 3751 1995 3798 ttt
2046 3743 2446 3798 manifestetur.
2510 3743 2818 3810 Quaenam?
2871 3742 2968 3798 Illa
3042 3744 3326 3814 videlicet,
3393 3764 3516 3818 quae

1936 3837 2100 3910 paulo
2135 3845 2265 3890 ante
2296 3836 2351 3889 in
2391 3835 2514 3890 loco
2563 3835 2829 3890 Calvariae
2871 3835 3336 3903 abscondchatur,
3367 3851 3516 3892 nunc

1938 3934 2122 3982 autem
2163 3926 2371 3998 ubique
2417 3925 2704 3980 adoratur.
2744 3925 2882 3982 Huic
2918 3925 3082 3981 hodie
3133 3925 3337 3982 festum
3370 3927 3515 3982 diem

1940 4019 2296 4083 dedicamus;
2352 4017 2519 4087 hujus
2550 4019 2725 4088 gratia
2790 4019 2842 4073 in
2897 4035 3069 4074 unum
3127 4023 3514 4076 convenimus.

1942 4110 2059 4166 Hoc
2094 4111 2385 4182 praesentis
2436 4109 2558 4165 festi
2606 4119 2772 4181 caput
2802 4119 2921 4179 est;
2969 4111 3084 4166 hac
3146 4111 3392 4183 mysterii
3422 4111 3522 4166 de—

1941 4197 2196 4259 ciaratio.
2239 4201 2347 4258 Sed
2384 4202 2498 4273 jam
2551 4211 2768 4274 tempus
2816 4212 3002 4260 mouet
3033 4211 3092 4257 ut
3129 4204 3518 4260 exaltationem

1945 4296 2124 4368 ipsius
2175 4295 2360 4352 crucis
2409 4293 2711 4365 Scriptura:
2737 4283 3068 4351 testimoniis
3099 4298 3516 4351 eonﬁrmemus.

1949 4387 2064 4443 Hoc
2102 4388 2251 4444 enim
2281 4387 2443 4457 paulo
2473 4386 2731 4456 superius
2775 4387 3009 4456 polliciti
3057 4401 3271 4452 sumus,
3303 4387 3521 4442 etiamsi

1949 4495 2296 4551 praecurrens
2317 4479 2516 4544 oratio,
2536 4493 2599 4533 ea
2635 4493 2756 4550 quae
2787 4479 2840 4532 in
2881 4477 3066 4534 medio
3092 4485 3274 4543 erant,
3295 4486 3522 4549 praeter-

267 4550 712 4644 μέσοι-παρῆκεν.
741 4571 891 4625 Ἔδει
915 4550 1048 4642 γὰρ,
1087 4570 1198 4626 ἔδει
1221 4571 1457 4646 φανερὸν
1494 4570 1748 4641 γενέσθαι
1776 4568 1837 4624 τὸ

1973 4575 2030 4629 ἱι.
2077 4571 2386 4645 Oportebat
2435 4573 2622 4637 enim,
2683 4570 2977 4640 oportebat
3031 4570 3418 4627 absconditum
3467 4580 3521 4626 et

312 4705 362 4792 .I
397 4747 546 4809 Psal.
562 4749 851 4817 tantum.

1589 4877 1983 4935 COMBEFISII
2012 4880 2221 4936 NOTAE
2235 4922 2246 4934 .

334 5005 451 5076 (60)
476 5003 662 5076 Iusta!
692 5002 942 5074 tychnitis
971 5015 1188 5076 gemma!
1219 5011 1268 5054 et
1312 5000 1642 5076 carbunculi.
1674 4999 1842 5076 Δίκην

262 5069 537 5147 λυχνίτου.
623 5069 758 5147 Sic"
787 5080 912 5147 apte
974 5069 1225 5147 ἐξήκει-ει
1276 5069 1469 5147 _priori
1516 5139 1528 5147 _
1560 5069 1639 5122 illi
1697 5069 1844 5138 quod

265 5139 836 5217 explicatetpoﬁkﬁsv
876 5141 905 5192 6
969 5141 1085 5217 τῶν.
1111 5139 1342 5217 ’πιστιῖεδ
1383 5139 1572 5208 νοητὸς
1628 5156 1847 5217 μαργαο

268 5208 442 5290 ρίτης.
473 5208 655 5290 hlian
682 5208 819 5290 vero
851 5218 912 5265 ut
937 5208 1252 5290 reddiderat
1287 5209 1586 5290 Cretzerus
1616 5208 1850 5290 :_1_mm

269 5279 860 5357 ὶεηιριιάὶεηιιιοιιιιίιε
917 5290 1068 5335 certe
1119 5279 1476 5357 metaphora,
1518 5291 1600 5357 ut__
1632 5280 1849 5357 dicatur

268 5350 477 5426 lampas
504 5353 656 5421 inﬁgi
689 5352 849 5426 regiae
891 5364 1133 5412 coronae.
1185 5365 1286 5426 seu
1319 5353 1484 5426 etiam
1533 5351 1742 5426 aliquid
1791 5350 1846 5405 in

269 5421 492 5483 modum
525 5422 824 5492 lampadis;
867 5435 934 5474 ac
989 5435 1097 5476 non
1150 5421 1324 5490 magis
1357 5421 1514 5492 lapis
1547 5421 1840 5492 pretiosus,

272 5499 509 5551 maxime
581 5489 956 5562 carbunculus
983 5531 998 5556 ,
1058 5497 1209 5544 totus
1247 5489 1506 5562 emicans
1551 5489 1842 5562 ‘fulgorem

273 5562 760 5637 igneuquualem
793 5561 979 5637 Graeca
1004 5577 1108 5637 vox
1149 5560 1424 5637 exprimit.

339 5636 454 5707 (Gil)
503 5631 695 5688 Videas
731 5633 968 5707 _ado_rct._
1001 5632 1393 5707 Hpoaxuvljsq
1419 5630 1712 5707 θεώμενος.
1761 5631 1842 5707 Ita

276 5699 535 5774 σίκαις.
567 5718 688 5772 quae
731 5703 892 5756 lectio
919 5699 1148 5756 visa'est
1177 5699 1484 5774 probatior.
1521 5699 1730 5774 Videns
1756 5701 1844 5755 ni-

282 5772 756 5847 miatyn’crucem
816 5774 1137 5838 exaltatam,
1192 5779 1247 5828 et
1299 5772 1477 5842 palam
1528 5772 1842 5842 expositam

1941 4998 2285 5054 adorationis
2315 5013 2508 5061 causa,
2545 4999 2597 5054 in
2638 5014 2701 5054 ea
2736 4997 2862 5055 ﬁdei
2916 5000 3098 5055 oculis
3127 4998 3414 5054 Christum
3444 5001 3525 5054 vi-

1941 5069 2092 5132 deat,
2117 5078 2172 5126 et
2198 5084 2306 5124 una
2336 5070 2564 5136 adoret;
2605 5085 2726 5139 quae
2757 5078 2844 5125 est
2870 5071 3013 5124 ratio
3062 5069 3186 5124 festi
3216 5069 3527 5139 Egaltatio-

1944 5140 2032 5195 nis
2064 5140 2268 5204 crucis,
2298 5147 2429 5194 ante
2453 5140 2579 5210 ejus
2617 5137 2782 5195 etiam
2803 5141 3186 5210 reductionem
3214 5153 3243 5191 a
3273 5137 3525 5210 Perside.

1944 5224 2013 5266 eo
2044 5210 2265 5265 nomine
2293 5207 2561 5267 celebris:
2593 5218 2652 5265 ut
2683 5211 2832 5266 velut
2859 5207 3219 5278 ἐγκαινισμὸς
3248 5217 3301 5262 et
3327 5209 3527 5262 trium-

2060 5279 2130 5334 lis
2184 5278 2325 5347 dies,
2391 5281 2460 5336 ab
2506 5279 2625 5348 ipsa
2680 5280 2919 5343 inventa,
2980 5293 3197 5349 semper
3261 5278 3528 5343 Ecclesiis

1975 5351 2152 5412 uerit;
2186 5361 2352 5405 aucta
2381 5359 2566 5406 tamen
2593 5348 2886 5420 plurimum
2914 5348 3203 5420 religione.
3227 5364 3257 5401 ιι
3282 5349 3531 5404 secunda

1945 5420 2053 5490 illa
2094 5420 2218 5490 ejus
2249 5422 2528 5490 positione
2577 5417 2674 5490 per
2730 5417 3044 5490 lleracliuui
3107 5417 3528 5490 Hierosolymis.

1948 5488 2137 5546 Refert
2165 5488 2414 5546 Andreas
2455 5491 2521 5544 ad
2568 5488 2684 5560 ipsa
2725 5489 3072 5546 Constantini
3105 5499 3351 5562 tempora
3367 5488 3534 5562 :hune

1947 5562 2112 5616 ritum
2164 5562 2444 5616 elevandae
2493 5563 2696 5625 crucis,
2742 5570 2795 5616 et
2850 5561 3191 5632 exhibendae
3219 5560 3426 5632 populo
3463 5560 3536 5617 ad

1948 5632 2371 5697 adorationetn;
2428 5647 2541 5702 quo
2590 5632 2754 5686 modo
2801 5631 3104 5687 etiamnum
3150 5631 3380 5688 Taurini
3444 5647 3536 5687 sa-

1948 5717 2116 5776 crum‘
2150 5702 2458 5776 sudarium,
2491 5703 2731 5772 aliisque
2770 5703 2909 5776 locis
2948 5705 3249 5759 saeratalia
3281 5703 3534 5776 pignora,

1949 5773 2207 5830 manibus
2245 5774 2571 5842 pontiﬁcum
2601 5773 2933 5845 quandoque
2960 5773 3367 5850 monstrantur.
