3790 6202
242 369 368 430 1L4]

1223 369 1305 430 IN
1340 367 1934 439 EXALTATIONEM
1973 367 2035 427 S.
2082 365 2379 427 CRUCIS.
2420 365 2505 426 ΙΙ.

3363 357 3502 426 1042

231 480 652 550 σταυρωθέντος
680 479 941 552 Χριστοῦ,
967 481 1062 536 καὶ
1091 479 1186 535 τοῦ
1219 479 1315 534 νῦν
1337 479 1625 550 ὑψωμένου
1662 494 1821 532 σταυει
1847 523 1856 540 ι

2027 477 2250 546 ﬁguram
2307 472 2557 528 cruciﬁxi
2617 471 2843 535 Christi.
2896 481 2950 528 et
3007 475 3150 544 ejus,
3205 475 3330 546 qua:
3359 487 3506 530 nunc

231 577 356 648 ροῦ.
399 595 420 630 ι
451 577 646 648 Στήτω
691 577 844 648 ἥλιος
887 575 1033 632 κατὰ
1079 573 1334 641 Γαϐαὼν,
1389 575 1484 628 καὶ
1519 575 1552 645 ἡ
1611 573 1816 643 σελήνη

227 668 379 722 κατὰ
410 668 678 740 φάραγγα
701 667 899 733 Δίλὼν,
932 686 950 719 ι
987 668 1404 722 καταναλίσκων
1439 664 1651 737 Ἰησοῦς
1686 681 1819 718 ποτε

223 765 324 819 τὸν
355 763 614 836 ’Δμαλὴκ
639 764 860 835 ηὔχετο,
887 765 986 836 οὐχ
1017 764 1106 819 ἴνα
1139 765 1300 835 μόνον
1335 763 1431 816 τοῦ
1457 761 1692 833 σταυροῦ
1723 759 1822 832 τὴν

225 855 479 928 ἡμέραν.
510 855 635 910 καθ’
666 856 734 928 ἣν
756 857 818 910 τὸ
841 858 1031 922 σκότος
1063 859 1148 927 ἐφ’
1179 857 1309 928 ὃλην
1339 856 1438 928 τὴν
1466 857 1570 927 γῆν
1591 840 1822 926 ἐξετάθη

229 948 488 1022 μηνύσῃ,
520 947 631 1002 οὐδ’
661 949 749 1002 ἵνα
799 949 862 1002 τὸ
887 949 989 1020 τῆς
1016 949 1304 1021 δυνάμεως
1356 949 1492 1020 ῦψος
1533 948 1628 1002 τοῦ
1660 947 1822 1012 Θεοῦ,

227 1041 332 1094 καὶ
358 1040 456 1095 τὸν
487 1043 612 1095 κατ’
642 1039 855 1114 ἐχθρῶν
901 1041 1191 1111 ὑψωθέντα
1235 1041 1498 1112 βραχίονα
1530 1041 1650 1094 κατ’
1677 1041 1824 1094 ὲκείο

229 1147 341 1200 νην
378 1129 727 1202 πιστώσηται
756 1133 856 1204 τὴν
885 1133 1126 1204 ἡμέραν,
1149 1133 1267 1186 ἀλλ’
1296 1133 1384 1186 ἵνα
1405 1133 1501 1186 καὶ
1527 1134 1625 1186 τοῦ
1657 1149 1824 1187 σταυ-

236 1221 339 1292 ροῦ
384 1221 491 1294 τὴν
520 1222 731 1293 ῦψωσιν
772 1224 1121 1297 προμηνύσῃ,
1167 1224 1262 1278 καὶ
1306 1223 1404 1296 τὴν
1435 1225 1494 1277 ὲν
1540 1222 1692 1295 αὐτῷ
1727 1223 1825 1278 τοῦ

245 1312 442 1367 Ἠλίου
471 1315 572 1383 τῆς
603 1315 763 1386 δόξης
793 1314 980 1370 ἄνοδον
1017 1314 1380 1388 προτυπώσῃ.
1425 1315 1702 1388 Προσάγει
1731 1315 1828 1370 καὶ

249 1405 518 1476 Ἀϐραὰμ
559 1407 638 1469 είς
671 1404 845 1460 τύπον
877 1406 975 1460 τοῦ
1031 1405 1297 1478 μυστικοῦ
1326 1405 1570 1476 θύματος
1602 1405 1702 1476 τὴν
1732 1405 1828 1459 θυ-

241 1496 393 1560 σίαν,
433 1495 574 1550 ἀλλὰ
598 1497 666 1566 τῇ
695 1495 754 1562 ὲξ
787 1495 956 1566 ὕψους
995 1499 1148 1568 φωνῇ
1179 1498 1526 1567 παραχρῆμα
1564 1493 1826 1561 πεισθεὶς,

239 1588 338 1642 τὸν
366 1588 426 1642 ὲν
467 1586 622 1659 φυτῷ
656 1587 837 1643 Σαϐὲκ
875 1587 1144 1659 ὁραθέντα
1183 1587 1358 1659 κριὸν,
1407 1589 1466 1642 ὲν
1511 1587 1689 1659 ὑψηλῇ
1734 1586 1830 1640 τοῦ

237 1679 412 1749 ὅρους
448 1682 709 1751 περιωπῇ
765 1678 1116 1750 συμϐολικῶς
1159 1679 1344 1744 ἔθυσε,
1381 1679 1479 1752 τὴν
1535 1679 1621 1748 ἐφ’
1662 1677 1832 1749 ὕψους

239 1771 340 1825 τοῦ
373 1771 620 1842 σταυροῦ
647 1771 1104 1844 προτυπούμενος
1139 1771 1394 1842 ἔπαρσιν.

1923 569 2201 624 exaltatur
2229 566 2437 622 crucis.
2472 585 2490 617 ι
2527 565 2644 620 Stet
2675 566 2758 622 sol
2787 579 2984 622 cmura
3011 565 3260 630 Gabaon,
3291 575 3348 622 et
3373 565 3506 620 luna

1923 671 2119 716 contra
2168 659 2365 714 vallem
2403 659 2568 712 Ailon
2603 661 2651 723 8,
2697 677 2716 710 ι
2773 671 3030 729 precatus
3088 666 3174 715 est
3226 656 3506 729 quondam

1923 751 2088 808 Jesus
2130 766 2467 808 consumens
2497 749 2722 806 Amalec
2757 767 2772 805 :
2825 767 2934 806 non
2976 758 3193 806 tantum
3227 759 3286 805 ut
3325 749 3508 805 crucis

1927 845 2095 912 diem,
2137 859 2247 916 qua
2290 843 2531 914 tenebrae
2571 858 2738 914 super
2790 843 3110 900 universam
3163 849 3367 898 terram
3397 842 3510 896 dif-

1927 937 2066 994 fusae
2091 944 2222 993 sunt
2239 937 2292 1003 ιι,
2321 943 2680 1006 praenotaret,
2712 949 2892 1006 neque
2943 945 3002 991 ut
3047 937 3138 992 die
3181 937 3278 991 illo
3309 939 3510 992 contir-

1927 1039 2106 1087 maret
2147 1029 2498 1086 altitudinem
2533 1029 2799 1098 potentia:
2831 1027 2952 1094 Dei,
3000 1037 3055 1084 et
3083 1028 3374 1084 brachium
3408 1028 3508 1083 ad-

1929 1138 2124 1180 versus
2170 1123 2362 1179 hostes
2399 1118 2702 1192 elevatum,
2741 1120 2838 1178 sed
2878 1131 2937 1177 ut
2983 1131 3038 1176 et
3071 1123 3256 1177 crucis
3286 1122 3511 1178 exalta-

1928 1217 2140 1273 tionem
2173 1213 2646 1287 praesigniﬁcaret,
2675 1223 2730 1270 et
2762 1215 2818 1280 in
2848 1229 2911 1270 ea
2941 1213 3063 1285 ejus
3095 1214 3190 1284 qui
3219 1215 3302 1270 sol
3327 1215 3514 1284 gloria;

1930 1315 2038 1375 est,
2095 1323 2392 1364 ascensum
2446 1306 2846 1378 praeﬁguraret.
2882 1305 3060 1363 Oﬁ‘ert
3085 1315 3140 1363 et
3175 1307 3454 1364 Abraham
3490 1308 3508 1349 ί

1933 1399 1990 1453 in
2019 1398 2250 1470 ﬁguram
2284 1388 2536 1472 mystica:
2571 1399 2810 1455 victima:
2833 1399 3170 1485 sacriﬁcium
3197 1417 3212 1453 :
3258 1399 3356 1456 sed
3385 1416 3518 1456 cou-

1933 1486 2090 1540 tinuo
2121 1487 2242 1542 voci
2273 1501 2341 1541 ex
2369 1487 2481 1541 alto
2517 1487 2778 1544 demissae
2823 1489 3235 1560 obtemperans,
3266 1491 3515 1556 arietem,

1935 1595 2097 1652 quem
2155 1583 2211 1636 in
2270 1581 2460 1652 planta
2521 1581 2697 1638 Sahcc
2749 1580 2863 1666 (65)
2909 1583 3146 1647 viderat,
3189 1583 3244 1637 in
3295 1584 3518 1640 excelso
3617 1621 3622 1626 -

1913 1674 2145 1728 montis
2171 1672 2396 1744 fastigio
2425 1674 2730 1744 symbolice
2763 1674 3120 1739 sacriﬁcavit,
3160 1675 3520 1746 praeﬁgurans

1937 1765 2125 1820 crucis
2157 1765 2212 1818 in
2251 1765 2423 1820 altum
2459 1766 2780 1822 elationem.

313 1859 510 1935 Ἦρὰν
541 1879 675 1918 ποτε
706 1863 788 1928 είς
818 1863 953 1934 ῦψος
975 1864 1077 1928 τὰς
1113 1867 1304 1936 χεῖρας
1333 1866 1381 1918 οἱ
1416 1865 1547 1938 περὶ
1569 1865 1834 1938 Ἀζαρίαν

2027 1857 2372 1912 Sustulerunt
2426 1857 2556 1912 olim
2623 1873 2820 1914 manus
2879 1860 2933 1914 in
2963 1859 3158 1924 altum,
3205 1859 3436 1915 Azarias
3467 1866 3521 1913 et

241 1958 304 2010 ἒν
325 1956 409 2027 τῷ
428 1957 534 2028 τῆς
561 1956 910 2021 Βαϐυλωνίας
931 1957 1164 2028 καμίνου
1197 1957 1351 2028 πυρὶ,
1379 1960 1832 2030 προσευχόμενοι,

243 2050 346 2102 καὶ
380 2047 484 2119 τὴν
539 2049 621 2112 είς
671 2047 806 2118 ὕψος
854 2049 1120 2119 ἀρθεῖσαν
1157 2049 1334 2119 φλόγα
1373 2049 1469 2104 τοῦ
1533 2051 1709 2122 πυρὸς
1735 2052 1835 2122 τῆς

245 2139 490 2210 καμίνου
517 2139 887 2196 κατέσϐεσαν·
941 2143 1009 2214 τῇ
1039 2141 1148 2195 τῶν
1196 2141 1396 2214 χειρῶν
1445 2143 1703 2205 ἐκτάσει,
1745 2145 1836 2197 τὸν

249 2231 565 2302 ὖψούμενον
627 2232 862 2304 σταυρὸν
915 2233 1367 2304 σχηματίζοντες.
1424 2233 1648 2306 ’Υψωσέ
1705 2254 1837 2291 ποτε

260 2323 458 2386 Ἰωνᾶς
491 2322 593 2394 τὴν
621 2326 829 2394 φωνὴν,
863 2326 1227 2395 σταυροειδῶς
1254 2326 1478 2396 ὑψὼσας
1499 2327 1600 2391 τὰς
1624 2331 1834 2400 χεῖρας,

251 2413 348 2467 κα)⁸
375 2413 477 2484 τὴν
521 2413 582 2479 ἐξ
611 2413 780 2484 ὕψους
822 2415 1021 2470 αὐτίκα
1062 2417 1291 2489 δύναμιν
1337 2419 1707 2483 ἐπεσπάσατο,
1749 2420 1838 2486 £5-

255 2501 480 2572 εμεθεὶς
535 2504 632 2558 τοῦ
677 2505 868 2577 θηρίου
923 2506 1238 2579 ἁλωϐήτως.
1283 2509 1510 2579 ’Υψωσέ
1561 2527 1692 2564 ποτε
1746 2511 1841 2566 τὸν

257 2593 533 2666 ἀκινάκην
567 2594 774 2667 Ἰουδὴθ
811 2598 842 2668 ἡ
895 2598 1224 2670 περιϐόητος
1258 2601 1402 2654 κατὰ
1439 2601 1540 2672 τῆς
1582 2601 1840 2672 Ὀλοφέρο

257 2703 350 2739 νου
385 2687 637 2758 κεφαλῆς
661 2689 1037 2756 καθεύδοντος,
1067 2692 1160 2746 τοῦ
1207 2693 1445 2762 σταυροῦ
1485 2695 1842 2766 προτυποῦσα

256 2777 358 2850 τὴν
389 2778 625 2849 ῦψωσιν,
653 2774 884 2852 καῖ’τὴν
935 2785 1216 2855 σωτηρίαν
1241 2785 1319 2856 τῷ
1360 2785 1578 2858 Ἰσραὴλ
1619 2803 1843 2858 κατειρ-

259 2870 488 2938 γάσατο.
519 2873 594 2926 ’Υ
593 2873 778 2944 ψωσεν
809 2876 867 2930 ὲν
886 2874 1076 2948 λάκκῳ
1099 2875 1329 2931 λεόντων
1359 2878 1490 2932 ποτὲ
1521 2879 1722 2952 Δανιὴλ
1741 2883 1842 2950 τὴν

262 2959 448 3032 φωνὴν
479 2961 620 3032 πρὸς
649 2962 743 3018 τὸν
767 2963 1057 3034 ’Υψιστον,
1091 2965 1183 3018 τοῦ
1227 2966 1466 3037 σταυροῦ
1497 2967 1600 3038 τὴν
1631 2967 1843 3038 ὖψωσιν

262 3050 582 3121 προτυπίἱΝ,
627 3055 716 3109 ὅτε
748 3055 808 3108 τὸ
849 3055 1072 3127 ἄριστον
1121 3056 1150 3109 ό
1181 3059 1471 3130 προφήτης
1517 3057 1845 3130 ’Λμϐακοὺμ

263 3141 411 3212 αὐτῷ
452 3145 840 3214 προσηγάγετο
881 3145 1245 3219 διαρπασθεὶς
1286 3153 1344 3203 ὲν
1395 3152 1558 3222 ῥοπῇ.
1585 3153 1649 3203 Τί
1677 3151 1732 3205 δὲ
1767 3152 1844 3222 τῷ

1937 1948 2076 2003 socii
2133 1950 2189 2002 in
2247 1948 2596 2020 Babylonica
2663 1948 2907 2006 fornacis
2967 1951 3093 2015 i,ne
3145 1961 3436 2020 precantes
3470 1949 3517 2015 ἱ,

1935 2048 1991 2092 et
2011 2039 2212 2093 elatam
2237 2039 2292 2094 in
2319 2040 2488 2094 altum
2511 2039 2652 2111 ignis
2670 2039 2942 2094 ﬂammam
2971 2043 3377 2107 exstinxeruut,
3407 2056 3522 2095 ma-

1941 2147 2109 2186 nuum
2142 2132 2467 2188 extensione
2521 2147 2742 2188 crucem
2773 2132 3069 2188 exaltatum
3103 2133 3518 2190 adumbrantes.

1941 2221 2185 2277 Elevavit
2241 2222 2542 2292 aliquando
2599 2221 2769 2280 Jonas
2821 2239 3008 2280 vocem
3061 2225 3110 2289 ι,
3162 2225 3416 2280 manibus
3465 2230 3522 2279 in

1941 2313 2125 2368 crucis
2165 2311 2397 2367 formam
2449 2315 2725 2380 sublatis,
2781 2325 2836 2372 et
2892 2319 3080 2371 statim
3141 2317 3406 2372 virtutem
3454 2332 3520 2373 ex

1941 2405 2052 2459 alto
2099 2407 2347 2473 attraxit,
2387 2405 2510 2463 sine
2566 2423 2709 2462 noxa
2763 2423 2831 2463 ex
2895 2409 3082 2464 bellua
3114 2408 3344 2476 ejectus.
3399 2409 3524 2463 Ele-

1941 2503 2090 2554 vavit
2141 2499 2440 2570 aliquando
2495 2501 2856 2558 celeberrima
2913 2503 3005 2557 illa
3055 2501 3293 2557 .ludtt.h1
3332 2503 3523 2558 acina-

1942 2607 2061 2648 cem
2094 2593 2148 2648 in
2179 2593 2546 2663 llolophernis
2581 2593 2911 2652 dormientis
2942 2604 3127 2667 caput,
3173 2597 3360 2652 crucis
3390 2612 3528 2667 prte-

1943 2686 2190 2758 ﬁgurans
2221 2688 2634 2753 cxaltationem,
2675 2687 3024 2758 salutemque
3064 2687 3254 2744 lsraeli
3290 2691 3525 2758 peperit.

1945 2777 2194 2834 Elevavit
2247 2779 2552 2850 aliquando
2587 2781 2642 2834 in
2686 2782 2806 2835 lacu
2849 2781 3069 2836 leonum
3114 2782 3300 2837 Daniel
3335 2797 3526 2837 vocem

1946 2873 2012 2928 ad
2090 2872 2469 2936 Altissimum,
2537 2875 2732 2930 crucis
2804 2873 3197 2944 esaltationem
3271 2875 3527 2945 praedcli-

1946 2980 2118 3020 neans
2149 2974 2210 3029 ω,
2262 2966 2488 3036 quando
2535 2967 2827 3036 prandium
2856 2967 3122 3038 propheta
3155 2967 3416 3023 llabacuc
3447 2978 3532 3022 at-

1950 3057 2096 3120 tulit,
2161 3057 2214 3111 in
2265 3067 2544 3113 momento
2593 3060 2865 3128 temporis
2903 3067 3115 3130 raptus.
3158 3060 3221 3113 Et
3277 3076 3528 3130 quaenam

1948 3148 2220 3201 sententia
2273 3146 2548 3211 Jerernire,
2603 3166 2666 3204 ex
2709 3166 2944 3219 persona
2998 3167 3192 3208 eorum
3225 3154 3316 3223 qui
3345 3153 3531 3208 Domi-

275 3233 518 3308 Ἱερεμίᾳ
553 3237 722 3302 δοκεῖ,
749 3239 960 3308 λέγοντι
995 3241 1059 3294 ὲκ
1095 3241 1396 3314 προσώπου
1427 3245 1842 3315 Κυριοκτόνων,

2031 3253 2083 3291 m
2148 3239 2490 3304 occiderunt,
2547 3241 2828 3296 dicentis:
2894 3261 2947 3294 ι-
2986 3242 3198 3309 Venite,
3252 3246 3534 3302 mittamus

269 3343 288 3378 ι
317 3327 484 3380 Δεῦτε
529 3330 622 3382 καὶ
691 3331 1042 3403 ἐμϐάλωμεν,
1092 3333 1384 3402 λεγόντων,
1420 3333 1580 3400 ξύλον
1626 3337 1706 3398 εἰς
1753 3335 1846 3388 τὸν

263 3420 430 3486 ἄρτον
476 3419 664 3504 αὐτοῦ,
717 3423 810 3476 καὶ
857 3423 1205 3496 ὲκτρίψωμεν
1235 3424 1345 3477 ἀπὸ
1389 3425 1493 3494 γῆς
1543 3426 1646 3496 τὴν
1701 3426 1846 3498 ζωὴν

263 3511 462 3576 aurei;
492 3531 511 3563 ι
539 3514 604 3566 Τί
631 3513 688 3568 δὲ
712 3515 808 3568 τοῦ
838 3515 1062 3570 Ἡσαΐου
1092 3516 1342 3586 βούλεται
1367 3519 1433 3571 τὰ
1458 3519 1845 3589 παραπλήσια,

263 3601 538 3672 λέγοντος,
570 3605 646 3676 πῆ
684 3607 781 3676 μέν
801 3623 814 3636 ·
853 3627 872 3659 ι
904 3609 991 3670 Ὡς
1021 3607 1294 3678 πρόϐατον
1324 3609 1416 3661 ἐπὶ
1441 3609 1654 3681 σφαγὴν
1679 3611 1845 3682 ἡχθη,

265 3697 358 3748 καὶ
378 3695 455 3760 ὡς
483 3697 652 3767 ἀμνὸς
677 3699 918 3754 ἐναντίον
933 3700 1028 3754 τοῦ
1049 3701 1328 3772 κείραντος
1351 3701 1534 3764 αὐτὸν,
1561 3703 1796 3772 ἄφωιος*
1822 3723 1842 3759 ι

265 3789 379 3854 καὶ,
411 3809 429 3841 ι
467 3789 562 3844 Ἐν
582 3795 647 3862 τῇ
673 3793 1000 3847 ταπεινώσει
1027 3795 1191 3848 αὐτοῦ
1223 3797 1256 3865 ἡ
1286 3796 1467 3866 κρίσις
1493 3795 1657 3850 αὐτοῦ
1679 3796 1844 3870 ἤρθη,

263 3881 345 3934 ὃτι
365 3881 579 3952 αἴρεται
596 3884 705 3937 ἀπὸ
725 3884 874 3956 γῆςὴ
898 3884 1011 3957 ζωὴ
1037 3885 1224 3940 αὐτοῦ’
1259 3909 1276 3938 ι
1300 3888 1375 3958 πῆ
1397 3888 1476 3952 δὲ,
1502 3907 1520 3940 ι
1554 3890 1666 3942 Καὶ
1683 3889 1848 3954 αὐτὸς

265 3973 546 4046 ἁμαρτίας
601 3977 813 4030 πολλῶν
875 3980 1166 4050 ἀνήνεγκε.
1200 3999 1216 4031 ι
1260 3981 1406 4044 Ποῦ,
1451 3983 1500 4034 εἰ
1569 3982 1643 4054 μὴ
1672 3982 1730 4034 ὲν
1770 3983 1849 4054 τῷ

261 4069 355 4123 τοῦ
396 4070 638 4140 σταυροῦ
673 4071 850 4142 ξύλῳ;
893 4074 972 4136 είς
994 4073 1053 4126 ὃν
1100 4073 1312 4127 καὶτὸν
1345 4073 1508 4145 ἄρτον
1541 4077 1850 4148 ὲμπερονή-

265 4179 483 4226 σαντες,
516 4163 577 4214 οὐ
615 4164 884 4233 μεθῆκαν,
916 4167 963 4218 εξ
999 4165 1073 4238 μὴ
1115 4166 1210 4220 καὶ
1259 4167 1339 4228 εἰς
1387 4166 1520 4236 ὕψος
1551 4167 1846 4234 ἀνέθεσαν,

263 4258 342 4318 εἰς
366 4254 678 4326 μαρτύριον
698 4249 810 4310 τῶν
849 4255 1123 4328 ὁρώντων,
1167 4259 1261 4312 καὶ
1293 4257 1463 4312 τύπον
1497 4259 1599 4330 τῆς
1624 4277 1843 4331 προκειο

265 4347 438 4417 μένης
479 4347 767 4416 ὑψώσεως,
797 4349 970 4402 Τοῦτο
999 4349 1055 4403 δὲ
1083 4351 1136 4404 τί
1165 4351 1284 4404 ποτ’
1316 4350 1382 4404 ἂν
1413 4351 1664 4422 εἴποιμεν
1689 4350 1850 4419 εἶναι,

263 4439 294 4509 ἦ
329 4440 420 4494 τοῦ
449 4440 690 4509 σταυροῦ
717 4443 814 4513 τὴν
833 4440 1040 4512 ῦψωσιν
1075 4443 1168 4496 καὶ
1197 4442 1500 4507 ἀνάδειξινς
1538 4445 1728 4516 ὥσπερ
1759 4446 1855 4500 καὶ

1953 3329 2160 3396 lignum
2193 3330 2246 3382 in
2302 3346 2494 3399 panem
2545 3331 2688 3398 ejus,
2747 3343 2802 3387 et
2838 3333 3124 3390 deleamus
3165 3336 3238 3390 de
3275 3347 3418 3391 terra
3447 3339 3534 3391 vi-

1951 3420 2211 3488 tamcjus
2248 3431 2296 3474 ιι.
2331 3440 2348 3470 ι
2405 3423 2546 3486 Quid
2601 3434 2783 3478 autem
2845 3425 2937 3478 illa
3000 3425 3152 3481 Isaia:
3186 3427 3289 3480 sibi
3345 3431 3538 3484 volunt

1951 3513 2038 3566 his
2074 3513 2303 3576 similia,
2340 3514 2603 3578 dicentis,
2635 3515 2841 3569 alicubi
2870 3515 3096 3585 quidem
3133 3537 3146 3573 :
3187 3537 3207 3569 ι
3247 3517 3534 3590 Tanquam

1949 3604 2070 3661 ovis
2123 3605 2190 3658 ad
2228 3605 2566 3660 occisionem
2631 3605 2832 3661 ductus
2879 3618 2997 3672 est,
3028 3617 3082 3661 et
3139 3609 3299 3678 quasi
3360 3625 3538 3680 agnus

1952 3711 2137 3753 coram
2174 3697 2437 3752 tondente
2469 3706 2752 3762 sc,mutus
2783 3709 2832 3752 ε’.
2871 3719 2890 3751 ι
2931 3701 3015 3766 Et,
3070 3719 3090 3752 ι
3133 3701 3190 3755 lu
3223 3702 3540 3760 humilitate

1951 3787 2074 3857 ejus
2123 3787 2396 3858 judicium
2441 3789 2565 3860 ejus
2613 3792 2892 3846 sublatum
2937 3802 3046 3858 est,
3106 3795 3369 3864 (proauiam
3435 3797 3577 3851 ιοι-⁸

1953 3879 2088 3933 litur
2115 3881 2182 3936 dc
2225 3887 2372 3935 terra
2417 3883 2529 3936 vita
2560 3883 2682 3952 ejus
2715 3893 2793 3933 ρει
2817 3886 3024 3944 alicubi
3063 3903 3228 3944 vero:
3270 3908 3290 3940 ι
3328 3887 3390 3943 Et
3423 3889 3541 3958 ipse

1953 3983 2182 4040 peccata
2235 3973 2536 4030 multorum
2603 3977 2728 4031 tulit
2759 3987 2808 4031 ιι.
2852 3997 2871 4030 ι
2913 3979 3040 4044 Ubi,
3082 3982 3184 4036 nisi
3235 3983 3288 4037 in
3349 3985 3541 4038 crucis

1955 4065 2145 4134 ligno?
2176 4066 2230 4120 in
2267 4083 2373 4135 qua
2408 4081 2463 4122 et
2493 4083 2690 4138 panem
2725 4085 2852 4125 cum
2891 4073 3214 4138 alﬁxisscnt,
3249 4090 3354 4129 nun
3388 4077 3542 4147 prius

1957 4157 2289 4214 dimiserunt
2327 4176 2492 4230 quam
2531 4163 2586 4215 in
2613 4163 2784 4217 altum
2827 4167 3164 4229 erexissent.
3197 4167 3252 4222 in
3292 4171 3544 4224 testimo-

1914 4263 1919 4268 ‘
1959 4251 2108 4305 nium
2149 4263 2525 4321 spectatorum
2560 4265 2613 4308 et
2655 4255 2707 4308 in
2773 4256 3003 4324 ﬁguram
3061 4259 3344 4315 hodiernae
3398 4263 3546 4315 exal-

1959 4345 2210 4400 tation‘s.
2274 4344 2386 4399 Hoc
2442 4348 2732 4416 veroquid
2797 4348 2948 4402 aliud
2997 4366 3122 4405 esse
3171 4354 3544 4418 censebimus,

1959 4451 2124 4505 quam
2162 4436 2350 4490 crucis
2396 4438 2790 4494 exaltatimiem
2831 4449 2886 4492 ct
2939 4441 3351 4496 ostensionem:
3399 4443 3547 4498 sicut

261 4533 361 4604 τὴν
390 4537 486 4586 τοῦ
520 4533 801 4603 προϐάτου
853 4535 1091 4607 σφαγὴν,
1145 4535 1582 4608 ἀνε[νε]χθὲντος
1623 4539 1716 4592 ἐπὶ
1749 4538 1846 4592 τοῦ

2044 4529 2378 4582 occisionem
2413 4531 2534 4584 Ovis
2571 4533 2623 4582 in
2659 4545 2882 4584 crucem
2943 4533 3194 4592 sultlatze.
3245 4542 3302 4588 et
3333 4535 3548 4606 alligen-

261 4624 530 4696 σταυροῦ,
559 4626 656 4679 καὶ
692 4627 1109 4696 προσπήξαντος
1141 4627 1233 4682 τοῦ
1275 4627 1484 4698 κόσμου
1518 4629 1618 4692 τὰς
1663 4631 1848 4700 ἁμαρ-

261 4714 403 4780 τίας,
431 4708 478 4783 ᾧ
535 4717 633 4768 καὶ
672 4716 823 4787 αὑτῷ
864 4715 959 4770 τοῦ
997 4718 1231 4787 σταυροῦ
1281 4718 1380 4787 τὴν
1425 4717 1634 4788 ὖψωσιν
1675 4735 1851 4773 καταο

261 4807 453 4873 φανῶς
486 4807 906 4876 παραδείκνυσι.
938 4811 1048 4862 Καὶ
1087 4809 1208 4872 an;
1240 4811 1338 4872 τὰς
1380 4809 1670 4878 Γραφικὰς
1702 4827 1846 4882 μαρι-

256 4901 460 4970 τυρέας
493 4903 747 4968 ἐπάγειν,
777 4902 870 4954 τοῦ
905 4901 1139 4972 σταυροῦ
1172 4903 1722 4973 προαναφωνησὰσας
1757 4902 1856 4974 τὴν

256 4992 504 5060 ῦψωσιν,
539 4993 614 5056 ὡς
662 4993 728 5048 ἂν
756 4993 831 5065 μὴ
883 4995 1198 5064 προσκορὴς
1227 4995 1252 5046 ό
1291 4993 1452 5062 λόγος
1494 4993 1708 5062 γένοιτο
1744 4997 1858 5058 τοῖς

263 5085 513 5162 πολλοῖς.

347 5179 551 5249 Ἡμεῖς
594 5177 673 5244 δὲ,
704 5179 796 5232 τὸν
827 5180 1062 5250 Χριστὸν
1098 5183 1154 5232 ἐν
1190 5179 1339 5251 αὐτῷ
1394 5180 1853 5252 προσκυνοῦντες,

265 5265 632 5341 κατανοῶμεν
676 5273 776 5340 τῆς
808 5271 973 5326 αὑτοῦ
1028 5271 1312 5343 δυνάμεως
1363 5273 1422 5326 τὸ
1471 5273 1728 5343 μέγεθος,
1763 5275 1856 5328 καὶ

263 5363 366 5415 ὅσα
393 5364 466 5416 δι’
499 5365 667 5417 αὑτοῦ
715 5367 844 5434 περὶ
868 5366 1014 5436 ἡμᾶς
1036 5353 1388 5438 ᾠκονόμηται
1417 5364 1858 5434 θαύματα,καθά

362 5481 387 5518 8
425 5478 562 5542 .ι‹›ε.,
643 5497 696 5538 x.
747 5480 826 5536 12.
945 5483 968 5520 ιι
1031 5481 1220 5536 Matth.
1270 5498 1441 5543 xxvtt,
1493 5484 1580 5537 .45.

271 5546 286 5586 ¹
323 5549 556 5618 Iudith,
581 5567 701 5613 xm,
733 5552 783 5606 9.
867 5552 1063 5624 aliam.
1090 5571 1199 5619 xiv,
1237 5555 1324 5607 Iit).

1694 5483 1710 5523 ί
1759 5481 1896 5536 Gen.
1963 5481 2186 5542 xxn,l5
2233 5497 2390 5547 seqq.

1405 5563 1430 5589 "
1465 5553 1668 5610 Jcrcm.
1691 5569 1766 5619 xi,
1805 5554 1892 5607 19.

1959 4621 2032 4676 tis
2089 4631 2313 4689 peccata
2351 4624 2538 4676 mundi
2576 4639 2686 4690 quo
2745 4623 2867 4692 ipso
2921 4627 3111 4682 crucis
3153 4627 3542 4686 exultationem

1959 4713 2254 4783 perspicue
2303 4715 2671 4770 demonstrat.
2707 4715 2771 4768 Et
2801 4720 2942 4774 satis
2965 4719 3186 4789 quidem
3215 4722 3380 4778 fuerit
3408 4722 3544 4779 hac-

1957 4815 2116 4860 tenus
2149 4807 2452 4864 adduxisse
2484 4807 2788 4878 Scripturre
2825 4812 3169 4877 testimonia,
3207 4829 3328 4883 qua:
3359 4817 3547 4870 crucis

1955 4901 2352 4956 exaltationem
2413 4907 2887 4974 prtenuntiarunt,
2927 4897 2995 4964 ire
3030 4909 3170 4964 forte
3203 4911 3392 4964 multis
3421 4926 3549 4966 ora-

1959 4995 2034 5046 tio
2065 4994 2288 5049 taedium
2321 5003 2376 5052 et
2407 4999 2720 5056 satietatem
2750 5001 2966 5058 afferat.

2027 5173 2138 5230 Nos
2167 5191 2300 5232 vero
2355 5175 2638 5234 Christum
2669 5181 2722 5235 in
2758 5182 2848 5235 illa
2901 5183 3218 5243 adorantes,
3261 5180 3544 5250 intelliga-

1968 5286 2090 5325 mus
2117 5271 2378 5340 potcntia:
2417 5271 2538 5342 ejus
2597 5273 3054 5344 maguiutdiucm,
3115 5283 3167 5326 ct
3203 5281 3407 5342 quanta
3453 5290 3550 5342 per

1967 5363 2116 5416 illam
2146 5364 2294 5417 circa
2323 5351 2449 5431 nos,
2484 5365 2671 5419 divina
2731 5365 3172 5434 dispensatione.
3212 5365 3324 5420 sint
3351 5379 3547 5435 perpe-

2502 5481 2515 5530 i
2567 5482 2701 5536 llait.
2750 5498 2833 5546 ιιι,
2878 5483 2968 5536 2t.
3084 5483 3109 5522 ιι
3151 5483 3305 5538 J0me.
3383 5499 3444 5550 ιι,
3487 5483 3548 5540 2.

1974 5563 1994 5583 °
2020 5553 2124 5605 Isa.
2159 5567 2276 5616 LIII,
2315 5552 2364 5606 7.
2442 5563 2468 5600 Ι)
2502 5553 2633 5606 ihi'J.
2668 5552 2720 5606 8.
2799 5563 2824 5600 ‘l
2853 5553 2984 5610 ibid.
3021 5553 3108 5608 1‘2.

1535 5663 1924 5718 (lOMllEF‘lSll
1958 5663 2186 5718 NOTAE.

345 5755 459 5822 (€35)
500 5749 563 5830 _In
610 5755 796 5822 plnum
835 5756 1022 5811 Sebrr.
1059 5758 1135 5812 Ita
1168 5757 1330 5820 LXX,
1367 5759 1458 5812 uhi
1501 5759 1659 5830 Vulg.
1708 5756 1859 5811 Inter

270 5841 452 5896 vepres
491 5825 798 5891 Ιιιιϊριιιειιι,
835 5843 963 5894 ριρη
1000 5829 1048 5882 in
1093 5846 1254 5898 qunm
1285 5845 1470 5884 rorem
1509 5831 1570 5882 ιιιί
1610 5825 1730 5882 cum
1777 5831 1854 5883 lo~

1969 5774 2092 5810 eum
2128 5757 2282 5832 _Gt‘ll.
2323 5772 2438 5809 sexu
2473 5755 2726 5832 Nobilius
2775 5765 2828 5815 ct
2862 5757 2985 5825 alii,
3022 5758 3254 5832 ipseque
3303 5757 3546 5819 Andreas

1944 5830 2140 5898 'pricii
2176 5842 2298 5883 urat
2359 5837 2416 5882 ut
2451 5845 2504 5881 ιι.
2544 5829 2622 5883 l7.
