3790 6202
339 301 476 369 1047
1246 345 1248 347 ›
1533 301 1574 359 S
1629 297 1961 358 ANDRE/E
1988 291 2414 357 CRETENSIS

411 419 683 478 Salutaris
721 431 850 490 ergo
909 414 1104 470 Sermo
1137 410 1228 466 ille
1259 423 1322 465 ac
1382 408 1648 480 optimus,
1695 407 1909 472 Sermo,
1941 417 1987 472 Α

335 515 586 586 inquam,
623 508 958 570 subsistens,
989 517 1054 558 ac
1086 501 1263 572 major
1293 499 1630 566 substantia,
1680 497 1776 552 ubi
1826 503 1914 551 to-

338 614 450 660 tam
485 618 586 674 pro
621 599 778 656 nobis
813 598 867 652 in
903 605 1052 652 terra
1081 593 1268 649 carnis
1297 591 1766 662 dispensationem
1793 603 1917 659 ges-

260 698 264 709 '
338 695 526 758 sisset,
570 705 633 746 ac
665 689 796 746 olim
831 687 898 743 de
929 687 1048 758 ipso
1076 683 1341 756 praedicta
1375 682 1678 752 implesset,
1705 693 1918 749 nosque

340 787 399 842 in
453 783 642 854 seipse
677 797 744 837 ac
775 795 836 836 se
871 780 926 834 in
962 777 1125 833 nobis
1152 783 1328 831 totum
1356 775 1476 846 ipse
1523 773 1868 853 exbibpisset
1895 811 1910 836 ,

3405 297 3518 358 1048

2101 409 2159 462 '0
2191 407 2375 462 τοίνυν
2414 405 2681 478 σωτήριος
2703 404 2793 460 καὶ
2813 404 3159 478 ὗπεράγαθος
3184 404 3337 476 Λόγος
3358 447 3372 476 ,
3397 409 3424 464 ὅ
3447 409 3522 463 iv-

2026 500 2333 565 υπόστατός
2357 517 2418 554 τε
2451 501 2546 554 καὶ
2579 500 2916 572 ύπερούσιος,
2934 501 3114 554 πᾶσαν
3139 498 3234 571 τὴν
3254 501 3376 572 ὑπὲρ
3395 502 3525 572 ἡμῶν

2023 594 2339 666 οἰκονομίαν
2395 592 2489 646 ἐπὶ
2539 592 2646 661 γῆς
2696 590 2828 660 μετὰ
2865 593 3062 660 σαρκὸς
3111 590 3527 664 ὲμπολιτευςάμε-

2023 701 2138 750 νος,
2189 683 2288 737 καὶ
2325 683 2395 736 τά
2462 680 2633 736 πάλαι
2683 681 2812 751 περὶ
2854 679 3018 734 αὐτοῦ
3071 683 3531 753 κεχρησμῳδημένα

2024 775 2346 849 πληρώσας,
2369 773 2552 840 δείξας
2583 791 2642 827 τε
2690 775 2833 845 ἡμᾶς
2856 776 2912 828 ὲν
2953 774 3138 844 aurci);
3153 774 3246 827 καὶ
3269 774 3380 828 ὅλον
3403 775 3532 832 ausint

2025 872 2084 924 ὲν
2111 871 2266 941 ἡμῖν,
2289 867 2626 938 πεπλήρωκε
2661 865 2755 919 τὸν
2783 865 3000 938 οὐρανὸν
3037 867 3132 920 καὶ
3155 866 3252 936 τὴν
3275 868 3370 938 γῆν
3389 868 3534 939 δόξης,

2026 961 2240 1033 καὶτῆς
2267 960 2551 1027 ἁγιστείας
2571 958 2743 1013 αὑτοῦ
2775 957 2872 1030 τὴν
2897 958 3183 1029 σύμπασαν
3201 959 3536 1017 κατεπλούτια

2025 1055 2225 1110 κτίσιν.
2278 1053 2555 1124 Νενίκηκε
2583 1053 2660 1115 δὲ,
2698 1051 2790 1105 διὰ
2835 1051 3071 1122 σταυροῦ
3117 1051 3432 1122 συμπλακεὶς
3465 1053 3537 1108 τὸν
3601 1059 3616 1080 ¹

337 876 540 931 caelum
575 873 839 944 deinceps
866 885 931 924 ac
962 880 1164 924 terram
1189 867 1360 938 gloria
1391 867 1658 937 implevit,
1706 877 1918 935 suaque

337 967 706 1026 sanctimonia
741 974 928 1020 creata
981 961 1236 1016 universa
1289 960 1504 1015 ditavit.
1543 959 1614 1014 At
1646 974 1777 1014 vero
1820 973 1918 1030 per

335 1073 558 1116 crucem
584 1071 936 1129 congressus,
969 1055 1097 1110 mali
1129 1054 1410 1124 superavit
1453 1060 1776 1118 auctorem;
1828 1050 1916 1105 lu-

338 1161 630 1220 ctatusque
662 1164 786 1204 cum
822 1156 1020 1214 morte,
1049 1161 1214 1217 quam
1246 1161 1310 1200 ea
1347 1146 1402 1200 in
1441 1161 1542 1201 nos
1564 1143 1914 1216 tyrannidem

338 1244 634 1301 exercebat
665 1240 1040 1307 labefactavit,
1072 1249 1238 1310 atque
1263 1237 1466 1293 inferni
1497 1239 1790 1291 obscuram
1829 1250 1917 1292 re-

337 1337 554 1409 gionem
587 1333 1024 1404 infernalemque
1049 1333 1278 1402 regiam,
1311 1331 1557 1385 omnium
1586 1329 1768 1384 voraci
1791 1327 1915 1398 ejus

2024 1148 2362 1220 ἀρχέκακον,
2398 1148 2493 1200 καὶ
2531 1145 2610 1215 τῷ
2636 1145 2854 1214 θανάτῳ
2886 1143 3308 1214 προσπαλαίσας,
3332 1145 3420 1215 τὴν
3443 1145 3540 1199 καθ’

2025 1241 2183 1312 ἡμῶν
2213 1240 2373 1293 ἔλυσε
2399 1237 2730 1309 τυραννίδαο
2767 1237 2898 1307 ᾅδου
2925 1252 2984 1290 τε
3015 1237 3107 1290 τὸν
3150 1237 3357 1308 ἀφεγγῆ
3380 1237 3540 1308 χῶρον,

2025 1333 2123 1386 καὶ
2155 1331 2223 1386 τά
2269 1333 2388 1385 ἐκεῖ
2415 1330 2636 1384 καθεῖλε
2678 1329 2952 1400 βασίλεια,
2979 1329 3076 1400 τὴν
3113 1329 3388 1399 παμφάγον
3409 1329 3542 1385 αὑτοῦ

339 1438 538 1482 ventre
565 1426 811 1488 occluso,
842 1431 903 1478 ut
930 1439 1001 1479 ne
1047 1423 1308 1492 deinceps
1338 1421 1633 1476 deiformes
1690 1425 1914 1474 sancto-

333 1533 464 1572 rum
502 1517 717 1573 animas
751 1531 849 1572 ceu
897 1515 1142 1587 potentia
1173 1515 1524 1583 mancipante
1583 1511 1914 1580 susciperet,

338 1611 552 1667 evertit.
589 1608 696 1665 Par
722 1625 886 1680 porro
911 1609 1058 1681 quod
1095 1608 1356 1664 existimo
1385 1615 1526 1669 erat,
1555 1617 1616 1660 ut
1645 1620 1714 1660 ne
1757 1619 1916 1675 pror-

2038 1609 2104 1674 se,
2137 1605 2316 1679 οἶμαι,
2365 1607 2440 1679 μὴ
2481 1608 2656 1678 πάντη
2697 1609 2798 1678 τῆς
2827 1607 3069 1678 ἀρχαίας
3101 1607 3237 1677 ἀρᾶς
3276 1607 3552 1678 ἀποπαυθῆ-

339 1719 437 1760 sus
465 1704 704 1774 antiqua:
747 1701 1153 1757 maledictionis
1178 1700 1304 1770 jura
1333 1698 1712 1754 abolerentur.
1743 1695 1916 1764 Quip-

2038 1719 2115 1756 ναι
2137 1701 2208 1755 τά
2244 1700 2518 1772 ὁροθέσια.
2553 1699 2692 1753 Θεοῦ
2722 1700 2834 1770 γὰρ
2865 1695 2936 1771 ἣν
2969 1698 3141 1771 φωνὴ,
3173 1699 3292 1762 τοὺς
3319 1697 3449 1764 ἀπαξ
3468 1699 3552 1753 ἀπὸ

319 1811 408 1866 -pe
433 1794 620 1850 divina
651 1807 785 1849 voce
831 1793 1113 1848 decretum
1181 1799 1452 1855 manaral,
1492 1795 1552 1843 ut
1608 1786 1702 1858 qui
1752 1785 1919 1841 semel

2038 1793 2132 1863 γῆς
2156 1790 2570 1864 παραχθέντας.
2609 1791 2691 1854 είς
2723 1789 2828 1859 γῆν
2869 1789 3242 1861 ὲπανάγεσθαι
3262 1805 3276 1819 ·
3297 1790 3374 1844 ὅτι
3394 1788 3458 1862 μὴ
3477 1788 3554 1860 τῆς

345 1905 377 1943 e
405 1897 550 1944 terra
575 1887 759 1944 educti
785 1897 986 1951 essent,
1017 1887 1070 1940 in
1103 1893 1302 1940 terram
1329 1889 1755 1946 reverterentur,
1780 1894 1919 1934 non-

2038 1887 2088 1940 ὲν
2118 1885 2329 1956 γενέσει
2361 1885 2456 1940 καὶ
2493 1885 2672 1957 φθορᾷ
2699 1883 2953 1949 δουλείας
2979 1885 3014 1955 ἠ
3043 1886 3173 1955 πρὶν
3204 1883 3555 1952 ἀπογαιωθεῖσιι

341 1981 472 2035 dum
511 1987 706 2035 natura
753 1993 876 2048 qua:
906 1975 1100 2032 fuisset
1132 1983 1304 2030 tracta
1335 1989 1364 2030 ρ
1393 1982 1561 2040 terra,
1611 1973 1919 2028 libertatem

2038 1977 2192 2048 ptiar;
2238 1977 2378 2040 τέως
2429 1975 2884 2049 ἀπηλευθέρωτο.
2953 1975 3101 2030 Ἔδει
3159 1974 3219 2030 δὲ
3263 1993 3282 2028 ι
3319 1975 3406 2030 τὸν
3445 1975 3557 2029 κατὰ

341 2087 372 2126 a
409 2072 680 2128 servitute
707 2071 761 2124 in
787 2076 913 2124 ortu
957 2068 1296 2138 interimque
1331 2067 1534 2137 posita,
1593 2075 1916 2122 consecuta.

2038 2071 2209 2125 πάντα
2233 2071 2347 2134 τοῖς
2375 2069 2629 2138 ἀδελφοῖς
2661 2071 3012 2142 ὁμοιωθέντα
3033 2071 3200 2142 χωρὶς
3241 2067 3552 2140 ἀμαρτίας,ι

341 2164 508 2219 Plane
537 2171 720 2218 autem
763 2176 860 2233 par
921 2169 1060 2226 erat,
1093 2169 1154 2215 ut
1183 2177 1201 2212 ι
1227 2159 1321 2228 qui
1373 2174 1468 2229 per
1511 2157 1696 2214 omnia
1741 2156 1920 2212 factus

2038 2163 2210 2218 πάντα
2240 2164 2300 2216 ὲν
2337 2162 2490 2234 αὑτῷ
2523 2163 2592 2218 τὰ
2627 2163 2732 2235 τῆς
2769 2163 2996 2232 φύσεως
3039 2161 3356 2234 παραδεῖξαι
3397 2156 3558 2230 γνωρί-

339 2263 486 2312 esset
514 2253 778 2310 fratribus
813 2252 1059 2308 similisi
1109 2261 1130 2296 ³
1176 2252 1386 2320 absque
1428 2257 1676 2321 peccato,
1733 2248 1920 2306 omnia

2038 2270 2215 2327 σματα
2235 2272 2249 2286 ο
2281 2253 2341 2318 ὃς
2369 2255 2462 2308 διά
2502 2254 2682 2322 τοῦτο,
2709 2255 2846 2320 Θεδς
2887 2253 2992 2322 ὣν,
3038 2255 3176 2326 ὑπὲρ
3204 2251 3559 2322 φιλανθρωπίας

341 2355 553 2402 natura!
579 2348 724 2402 velut
775 2345 1034 2414 insignia,
1083 2343 1138 2398 in
1171 2359 1232 2400 se
1266 2344 1384 2414 ipse
1433 2341 1747 2398 ostenderet
1781 2358 1795 2395 :
1825 2339 1919 2409 qui

2038 2345 2250 2416 ἐγένετο
2281 2347 2592 2419 ἄνθρωπος·
2621 2347 2717 2401 καὶ
2751 2345 2949 2401 παθῶν
2981 2345 3318 2416 ἀπεγεύσατο
3355 2345 3474 2415 πρὸς
3499 2340 3561 2393 ἐν·

341 2454 406 2494 ea
440 2439 508 2495 de
538 2454 616 2506 re,
652 2437 796 2494 Deus
827 2439 1123 2502 exsistens,
1176 2435 1496 2506 impensiori
1535 2434 1588 2489 in
1613 2433 1918 2488 humanum

2038 2437 2196 2503 δειξιν
2236 2439 2337 2510 τῆς
2390 2439 2528 2510 πρὸς
2564 2441 2713 2511 ἡμᾶς
2749 2438 3112 2502 οίκειὼσεως,
3153 2439 3206 2492 εί
3230 2455 3342 2499 πως
3379 2433 3562 2497 τοῖςτοῦ

341 2545 516 2602 genus
577 2531 761 2587 studio
821 2529 998 2586 factus
1071 2539 1218 2585 esset
1283 2529 1469 2592 homo,
1533 2534 1922 2598 gustassetque

2038 2528 2280 2594 ἀπαθοῦς
2309 2530 2542 2585 πάθεσιν
2568 2529 2674 2597 ἔξω
2703 2531 2898 2584 παθῶν
2937 2529 3364 2600 κατασταίημεν.
3391 2525 3565 2595 Ταύτη-

342 2621 662 2678 atl‘ectioues
695 2623 985 2686 humanas,
1019 2633 1080 2676 ut
1119 2635 1274 2676 suam
1305 2621 1358 2674 in
1385 2635 1488 2675 nos
1539 2619 1792 2674 homines
1827 2633 1924 2672 ne-

2038 2641 2115 2679 τοι
2139 2625 2235 2680 καὶ
2268 2625 2479 2697 φθορᾶς
2520 2629 2717 2698 πεῖραν
2757 2625 2960 2680 λαϐεῖν
3009 2623 3346 2689 κατεδέξατο,
3377 2620 3460 2674 καὶ
3493 2617 3567 2670 θα-

342 2708 732 2764 cessitudinem
767 2711 1040 2778 proderet.
1075 2711 1119 2764 si
1167 2709 1390 2778 quando
1441 2708 1562 2778 ejus
1617 2708 1924 2762 allectioni-

2038 2716 2182 2788 νάτῳ
2215 2717 2642 2789 προσομιλῆσαι,
2668 2717 2762 2772 καὶ
2793 2718 2891 2788 τὴν
2937 2716 3144 2788 ἀμειδῆ
3165 2713 3257 2768 τοῦ
3283 2713 3400 2784 ᾅδου
3423 2707 3566 2780 χώραν

340 2798 468 2863 bis,
501 2799 594 2868 qui
622 2801 690 2854 ab
715 2797 1098 2856 adeetiouibus
1127 2809 1274 2856 esset
1306 2801 1591 2867 immunis,
1647 2801 1924 2858 immunes

2038 2807 2388 2874 καταλαϐεῖν,
2435 2809 2500 2862 ἵν’
2537 2811 2702 2880 ἡμεῖς
2747 2809 2856 2864 τῶν
2903 2807 3166 2863 ἐντεῦθεν
3217 2801 3568 2876 ἀποδραμόντξς

342 2889 540 2961 ipsiet
580 2890 740 2946 liberi
775 2891 844 2945 ab
901 2890 1286 2946 affectionibus
1343 2891 1724 2947 redderentur.
1789 2892 1924 2947 Pro-

2038 2899 2282 2972 δεσμῶν,
2316 2903 2397 2966 είς
2443 2901 2757 2970 ἀφθαρσίαν
2809 2902 3330 2972 μεταχωρήσαιμεν.
3373 2889 3492 2948 Ἀλλ’
3521 2888 3594 2970 05‘

343 2992 529 3052 pterea
549 2983 711 3038 etiam
742 2982 1072 3038 interiti‘onis
1099 2983 1403 3052 periculum
1434 2985 1700 3040 sustinuit
1723 2986 1922 3052 facere,

2038 2992 2190 3062 παρά
2252 2991 2410 3045 τοῦτο
2466 2991 2558 3045 τὸν
2621 2991 2852 3060 φυσικὸν
2919 2987 3310 3065 ἐκφευξόμεθα
3346 2983 3586 3065 θάνατον·ἒ

345 3091 412 3131 ac
447 3077 633 3133 su-bire
667 3085 921 3138 mortem,
957 3084 1123 3144 atque
1153 3075 1220 3130 ad
1255 3077 1472 3132 tristem
1513 3076 1714 3133 inferni
1743 3079 1925 3148 regio-

2038 3052 2155 3152 εἴγε
2183 3083 2326 3138 κατά
2359 3083 2531 3156 μόνην
2679 3083 2862 3156 χάριν,
2895 3052 3024 3137 an"
3055 3052 3288 3136 οὐ-κατά
3312 3076 3401 3148 τὴν
3425 3052 3592 3159 quam?

346 3183 473 3224 nem
510 3167 720 3231 venire,
755 3174 815 3220 ut
846 3165 948 3236 ipsi
1001 3164 1366 3247 infernalibus
1396 3167 1638 3236 exempti
1668 3167 1926 3235 vinculis,

2038 3148 2260 3226 τὸεῖναι
2285 3148 2565 3238 λαθόντες,
2597 3148 2856 3228 ἀθάνατοι
2882 3171 3316 3241 διεπλάσθημεν.

351 3259 900 3330 iniucorruptionem
949 3239 1398 3314 transferremur.
1444 3256 1645 3313 Verum
1675 3259 1962 3318 enimvero
2024 3263 2448 3337 haudquaquam
2515 3267 2637 3322 ideo
2679 3280 2872 3322 sumus
2937 3239 3443 3319 vitaturiwmortem
3497 3263 3572 3306 m-

355 3353 610 3421 turalem,
664 3350 935 3422 siquidem
969 3351 1142 3421 gratia
1174 3359 1409 3418 tantum,
1442 3367 1548 3408 non
1577 3363 1761 3409 autem
1824 3370 1924 3426 per
1961 3363 2220 3414 naturam
2261 3367 2522 3430 suscepto
2545 3373 2690 3424 esse,
2745 3355 3099 3411 immortales
3171 3365 3357 3409 sumus
3414 3358 3574 3402 recon-

349 3449 558 3505 cinnati
591 3445 778 3519 (71).

423 3540 702 3608 Quorsum
759 3538 1036 3603 vero‘htec
1089 3539 1307 3611 loquor,
1352 3538 1573 3606 fratres,
1607 3557 1670 3596 ac
1725 3557 1832 3612 qua
1863 3542 1932 3596 de

351 3645 520 3687 causa
551 3630 657 3685 huc
688 3629 959 3685 sermonis
991 3638 1285 3700 provectus
1309 3630 1472 3684 sum?
1503 3628 1660 3696 Quod
1685 3631 1730 3684 si
1764 3631 1932 3684 nimi-

351 3739 497 3789 rum,
559 3721 831 3794 siquidem
857 3722 1156 3777 debeamus
1188 3722 1438 3792 praeclari
1463 3721 1612 3776 illius
1663 3721 1933 3776 transitus

355 3823 703 3873 sacramenta
747 3815 1019 3884 attingere
1050 3856 1066 3881 ,
1122 3830 1348 3871 necesse
1380 3822 1471 3879 stt,
1509 3823 1571 3870 ut
1621 3816 1936 3885 aliquantu-

352 3910 470 3964 lum
525 3923 836 3964 sermonem
892 3907 1223 3962 reducamus
1264 3907 1330 3961 ad
1371 3907 1617 3963 omnium
1679 3917 1932 3964 nostrum

2031 1423 2362 1493 συγκλείσας
2401 1421 2668 1490 γαστέρα,
2697 1421 2837 1491 πρὸς
2877 1419 2940 1472 τὸ
2973 1419 3048 1491 μὴ
3075 1417 3171 1483 τὰς
3203 1418 3428 1483 θεοειδεῖς
3461 1421 3546 1475 τῶν

2027 1517 2201 1586 ἁγίων
2229 1514 2410 1586 ψυχάς
2433 1514 2514 1568 ἔτι
2545 1513 2667 1568 κατ’
2711 1512 3073 1583 ἐπικράτειαν
3105 1513 3358 1583 δέχεσθαι.
3391 1514 3548 1586 Ἐχρῆν

2100 3537 2244 3610 Πρὸς
2272 3536 2366 3592 οὖν
2395 3536 2449 3590 τι
2471 3533 2645 3589 ταῦτά
2682 3550 2848 3606 φημι,
2879 3531 3141 3601 ἀδελφοὶ,
3175 3529 3266 3584 καὶ
3299 3527 3412 3580 ὅτου
3448 3519 3576 3593 χάριν

2030 3634 2111 3695 είς
2133 3630 2358 3692 τούτους
2386 3628 2481 3682 νῦν
2511 3625 2798 3699 προήχθην
2833 3626 2966 3688 τοὺς
3005 3624 3237 3693 λόγους;
3269 3621 3386 3674 Ὅτι
3404 3616 3447 3669 εί
3473 3610 3576 3683 μὲλ-

2033 3724 2222 3794 λοιμεν
2249 3721 2360 3775 τῶν
2409 3717 2553 3774 κατὰ
2587 3717 2688 3790 τὴν
2735 3718 3002 3788 ὑπερφυᾶ
3040 3715 3373 3786 μετάστασιν
3413 3717 3576 3794 μυστησ

2037 3793 2168 3888 ρίων
2197 3812 2562 3883 ἐφάπτεσθαι,
2603 3811 2817 3880 ἀνάγκη
2861 3809 3065 3880 μικρὸν
3097 3805 3264 3860 αὐτοῦ
3295 3820 3393 3856 που
3408 3799 3488 3852 τὸν
3513 3793 3578 3898 λὸῖ

2045 3926 2143 3978 γον
2177 3908 2472 3979 ἀναγαγεῖν
2491 3945 2506 3969 ,
2541 3905 2636 3958 ἐπὶ
2666 3904 2758 3956 τὸν
2796 3903 3020 3957 πάντων
3045 3904 3080 3974 ἡ
3090 3901 3208 3972 μῶν
3231 3895 3486 3962 Δεσπότην
3506 3895 3580 3940 καὶ

357 4001 652 4056 Dominum
695 3999 1002 4069 horumque
1047 4013 1110 4052 ac
1164 3999 1331 4053 Deum
1388 3998 1574 4054 Jesum
1629 4002 1932 4068 Christum,

359 4103 586 4162 tumque
615 4089 808 4145 ordine
863 4089 1112 4159 subjecto
1142 4100 1471 4160 argumento
1505 4093 1809 4148 orationem
1836 4109 1934 4163 ap-

359 4194 540 4238 temus
573 4198 636 4238 ac
660 4197 1041 4239 conseramus.
1081 4182 1352 4250 Quoniam
1389 4202 1520 4256 ergo
1559 4188 1934 4242 necessarium

357 4277 674 4350 hominibus
715 4277 1065 4333 incumbebat
1103 4287 1162 4333 ut
1190 4281 1357 4361 semel
1408 4290 1775 4348 morerentur,
1821 4295 1937 4336 res-

2045 4002 2254 4074 Κύριον
2281 4001 2374 4054 καὶ
2396 3998 2530 4052 Θεὸν
2562 3996 2768 4066 Ἰησοῦν
2794 3995 3058 4066 Χριστὸν,
3087 3989 3190 4047 εἶθ’
3219 3990 3385 4052 οὕτως
3403 3985 3461 4039 δι’
3485 3983 3582 4034 ἀκο-

2045 4091 2240 4145 λούθου
2278 4089 2486 4155 τάξεως
2545 4085 2939 4152 συναναζεῦξαι
2979 4085 3120 4156 πρὸς
3155 4083 3216 4138 τὺ
3255 4075 3580 4150 προκείμενον·

2049 4183 2274 4255 Ἐπειδὴ
2318 4183 2428 4254 γάρ
2466 4182 2526 4248 ἐξ
2561 4181 2810 4250 ἀνάγκης
2857 4179 3127 4232 ἀπέκειτο
3175 4175 3286 4237 τοῖς
3325 4165 3584 4255 ἀνθρώποις

2047 4277 2198 4342 ἅπαξ
2227 4275 2541 4337 ἀποθανεῖν,
2570 4275 2662 4327 καὶ
2709 4262 2778 4344 ἦν
2811 4270 2975 4324 τοῦτο
3019 4268 3203 4338 πάντη
3242 4267 3308 4336 τῇ
3342 4254 3584 4327 καθ’ήμδῖ

359 4387 467 4442 que
498 4359 732 4427 omnino
776 4372 1013 4426 brmano
1049 4373 1234 4443 generi
1285 4349 1706 4442 indeprecabilis
1765 4378 1884 4428 erat
1917 4415 1927 4440 ,

2043 4370 2420 4443 ἀπαραίτητον
2457 4366 2658 4437 φύσει,
2691 4366 2771 4436 τῷ
2824 4365 3064 4436 μάλιστα
3094 4361 3184 4416 διὰ
3212 4360 3312 4431 τῆς
3349 4347 3586 4424 παρακοῆς

358 4465 508 4535 quod
545 4467 780 4520 maxime
807 4464 859 4519 id
891 4480 920 4520 a
951 4465 1242 4538 principio,
1297 4464 1506 4520 ferente
1564 4463 1801 4530 Fictore,
1850 4465 1936 4518 in-

359 4557 686 4613 obedientiaa
716 4557 925 4613 crimen
965 4564 1018 4614 et
1041 4559 1406 4630 transgressio
1441 4559 1728 4614 sententiae
1756 4576 1919 4618 acce-

359 4649 530 4718 pisset
557 4689 574 4713 ,
607 4649 814 4705 idcirco
844 4651 1009 4706 etiam
1049 4649 1314 4706 Dominus
1355 4651 1525 4705 semel
1560 4659 1810 4708 mortuus
1832 4662 1937 4718 est,

365 4740 534 4795 unius
565 4740 716 4797 illius
758 4743 1069 4797 communis
1096 4743 1289 4796 mortis
1351 4743 1582 4811 pretium
1647 4743 1846 4812 factus,
1879 4756 1927 4801 ul

2048 4745 2337 4818 ἀπαλλάξῃ
2365 4745 2464 4814 τῆς
2497 4743 2700 4814 πικρᾶς
2731 4741 2823 4796 τοῦ
2869 4740 3105 4794 θανάτου
3143 4734 3408 4796 δουλείας,
3433 4724 3526 4818 καλ,
3560 4724 3586 4790 ᾖ

363 4847 556 4887 onmcs
583 4833 745 4901 plane
769 4834 837 4888 ab
875 4849 1061 4887 amara
1111 4836 1303 4890 mortis
1342 4836 1610 4892 servitute
1653 4839 1938 4904 eximeret,

439 5009 458 5048 ί
509 5005 676 5062 Hebr.
709 5021 770 5070 tl,
803 5005 890 5060 Π.

2041 4463 2250 4518 ἀνωθεν
2276 4462 2464 4516 τοῦτον
2497 4459 2756 4526 δέξασθαι
2784 4458 2937 4528 παρά
2957 4456 3052 4511 τοῦ
3095 4454 3336 4508 πλάστου
3360 4448 3444 4502 τὸν
3469 4445 3584 4513 δρῦν·

2043 4563 2133 4618 διὰ
2173 4562 2330 4617 τοῦτο
2373 4563 2462 4632 δὴ,
2513 4561 2610 4614 καὶ
2653 4562 2680 4613 ὁ
2723 4558 2928 4628 Κύριος
2982 4555 3132 4623 ἅπαξ
3187 4551 3465 4610 ἀπέθανεν,
3495 4538 3586 4632 ivit

2044 4657 2340 4724 γενόμενος
2381 4630 2616 4707 θανάτου
2655 4651 3006 4721 ἀντίλυτρον,
3059 4649 3150 4702 ἵνα
3195 4646 3398 4704 πάντας
3437 4630 3586 4724 ἀπλῶξ

3563 4710 3583 4732 1

2051 4853 2216 4907 φησιν
2247 4839 2273 4892 ὁ
2310 4815 2684 4908 Ἶεροφάντης,
2715 4854 2732 4886 ι
2772 4834 2910 4897 Τοὺς
2933 4833 3047 4885 ὅσοι
3068 4829 3223 4900 φόϐῳ
3253 4825 3468 4882 θανάτου
3491 4815 3583 4868 δια·

1671 5093 2057 5178 counartsn
2096 5118 2326 5176 norm.

362 5219 648 5290 κύψωμεν.
677 5215 788 5290 Vox
812 5213 1248 5290 signantisslma,
1283 5213 1350 5266 ad
1377 5213 1603 5290 modum
1631 5213 1947 5290 evprini_en-
2055 5216 2122 5270 ad
2155 5229 2276 5270 esse
2301 5213 2630 5290 immortale,
2671 5211 3216 5290 q_uod_absolute_per
3243 5205 3458 5290 gratia")
3490 5203 3582 5290 ﬁl:

362 5277 664 5356 ιίιιιίι,ἠιιο
695 5277 1046 5342 velut-levius
1079 5284 1366 5340 oculorum
1401 5283 1572 5354 juctu,
1622 5299 1684 5336 ac
1708 5277 1946 5356 quadam
2056 5301 2234 5355 eoque
2261 5299 2360 5355 par
2395 5295 2481 5339 est
2509 5277 2732 5356 differri
2759 5283 2906 5356 velut
2939 5277 3266 5338 indebi'tumi
3287 5277 3455 5356 Potest
3490 5279 3584 5356 ςεξξ

363 5377 427 5414 ex
461 5350 694 5413 adverso
737 5359 1116 5426 protensione,
1167 5356 1348 5409 tli\ilt:t
1384 5350 1437 5408 in
1471 5368 1702 5426 corpore
1730 5350 1950 5426 positi,
2060 5350 2384 5424 me'tapliora
2423 5369 2459 5426 a
2509 5354 2768 5410 membris
2831 5355 3033 5408 luxatis
3067 5361 3122 5404 et
3163 5350 3446 5419 quassatis.
3487 5350 3584 5426 ut]?

363 5430 454 5482 vix
505 5421 779 5497 inodicum
843 5429 1236 5497 inspectannrs.
1285 5426 1380 5490 Τό,
1427 5421 1590 5494 φύσις
1633 5421 1782 5496 πρὶν
1812 5425 1923 5477 ἀπο

2059 5421 2290 5482 subinde
2324 5425 2535 5497 medica
2564 5434 2682 5497 a_rte
2701 5425 3189 5497 reconcinnantur,
3215 5432 3322 5497 quo
3350 5421 3580 5497 sensuri-

287 5555 298 5574 .
364 5497 682 5574 γαιωθεῖσα.
725 5496 786 5550 D.
819 5499 874 5560 7,
908 5483 1048 5552 n'iate
1082 5483 1467 5574 redditumvcsit
1507 5513 1520 5549 :
1565 5483 1691 5550 nari;
1721 5506 1951 5574 e_st,r\'e-
2061 5505 2209 5550 tatur
2230 5513 2292 5550 ex
2325 5483 2551 5574 Galerio.
2582 5494 2753 5574 Paulo
2785 5495 2968 5574 posti.
3083 5483 3580 5574 corrigendumj'l‘ljfl

367 5568 447 5620 lut
473 5569 604 5621 olim
647 5570 702 5621 in
747 5582 950 5621 terram
987 5584 1168 5632 versa,
1201 5585 1295 5624 seu
1329 5568 1553 5622 addicta
1600 5582 1723 5637 qua:
1749 5566 1803 5619 in
1837 5573 1950 5618 ter-

367 5652 483 5690 run:
510 5648 834 5692 verteretur.

441 5704 524 5766 (7i
540 5709 553 5768 )
572 5705 910 5779 immortales
924 5709 1480 5779 sumusrcconcimtali
1489 5705 1818 5779 .Διεπλάσοη
1830 5721 1947 5779 μεν.

373 5774 627 5834 Secunda
660 5791 754 5845 per
782 5775 1066 5832 Christum
1099 5774 1450 5842 formatione.
1474 5790 1529 5838 et
1563 5777 1954 5838 reformatione

2059 5578 2223 5621 errat.
2247 5550 2391 5620 mola
2419 5550 2868 5634 interrogatione.
2899 5563 2958 5617 υ.
2987 5565 3040 5625 4,
3065 5562 3115 5634 d.
3141 5550 3580 5634 τὸξιςιηροναίξιζιξ

2061 5646 2119 5692 ιιι
2148 5639 2291 5707 quod
2315 5639 2561 5693 auctoris
2590 5625 2918 5707 sevntentiam
2950 5632 3110 5707 nimis
3143 5627 3438 5696 restrinsa‘i
3461 5625 3579 5674 ειη

2062 5703 2316 5779 mortem,
2359 5708 2424 5764 dc
2448 5723 2550 5780 qua
2585 5708 2724 5764 forte
2748 5721 2854 5762 non
2884 5703 3134 5776 loquitur.
