3790 6202
88 356 198 426 1053

1080 349 1160 412 IN
1196 346 1746 410 DORMITIONEM
1777 346 1836 405 S.
1872 344 2161 406 MARI/E.
2204 344 2230 404 Ῑ

3168 335 3308 403 1054

83 470 210 522 νάτου
231 464 321 536 μὲν
348 461 719 530 ἀπεγεύσατο,
740 461 800 515 ού
833 461 943 532 μην
965 460 1022 514 δὲ
1051 460 1267 532 ἔμεινεν
1299 461 1549 530 κάτοχος,
1575 459 1609 530 ἢ

1794 458 1888 514 rtis
1923 457 2156 527 recepit.
2193 455 2252 509 In
2303 453 2452 509 hunc
2493 451 2742 508 arbitror
2769 448 2997 504 modum
3030 461 3288 520 soporata

81 561 180 613 ὅσον
201 560 299 621 τοις
323 557 572 624 φυσικοῖς
601 550 740 618 εἶξαι
771 552 995 622 θεσμοῖς
1011 591 1026 614 .
1059 554 1154 606 καὶ
1180 553 1282 622 τὴν
1305 550 1618 620 οἰκονομίαν

82 647 340 719 πληρῶσαι,
395 645 465 717 ἢν
511 644 570 711 ἐξ
614 645 787 716 ἀρχῆς
820 645 855 714 ἡ
902 643 1122 698 πάντων
1174 641 1440 715 διήκουσα
1488 640 1634 712 περὶ

1721 564 1775 610 et
1823 554 1942 624 ipsa
1993 549 2254 620 equidem
2311 547 2559 618 gustavit
2611 551 2871 606 mortem,
2919 541 3066 597 haud
3117 552 3304 602 tamen

1721 647 1940 702 detenta
2006 643 2231 707 mansit,
2290 639 2400 695 nisi
2437 647 2650 693 tantum
2701 645 2762 691 ut
2814 643 3026 690 natura:
3081 633 3308 691 cederet
3401 677 3404 682 .

81 744 199 812 ἡμᾶς
219 739 451 810 ἐπήξατο
479 737 714 810 Πρόνοια
731 751 748 769 ·
781 737 877 790 καὶ
902 735 966 806 δὴ
997 737 1089 790 καὶ
1114 735 1205 789 τὸν
1226 735 1428 807 τρόπον
1449 734 1620 800 δεῖξαι

1794 735 1958 806 gibus,
2027 747 2093 788 ac
2161 729 2647 801 dispensationem
2715 727 2990 796 impleret,
3049 739 3215 795 quam
3275 740 3307 779 ιι
3397 742 3404 761 τ

85 828 253 900 σαφῶς,
279 830 425 892 ὅπως
457 827 560 900 τὴν
597 829 663 880 ἐκ
690 818 800 879 τῶν
832 825 1090 898 φθαρτῶν
1136 823 1274 896 πρὸς
1307 823 1377 877 τὰ
1407 821 1621 893 ἀφθαρ-

84 940 135 977 τα
153 919 500 992 μεταϐατικὴν
551 908 900 991 ύπηλλάξατο
926 918 1142 987 κίνησιν
1165 933 1179 946 ·
1215 916 1336 968 ἐπεὶ
1371 913 1507 985 μηδὲ
1528 913 1624 968 ἀλ-

90 1009 248 1084 λωςῆν
275 1009 512 1082 θεμιτὸν,
545 1011 580 1082 ἢ
621 1011 720 1082 τῆς
756 1009 972 1063 τοιᾶσδε
1025 1006 1136 1061 τῶν
1179 1006 1368 1078 μερῶν
1410 1003 1625 1069 διαζεύο

90 1104 194 1170 (tu;
217 1102 500 1176 προσφυῶς
527 1100 846 1172 γενομένης,
875 1099 974 1170 τὴν
1008 1097 1238 1171 ῥέουσαν
1267 1095 1415 1166 ζωὴν
1455 1112 1621 1166 μετασ

91 1195 401 1267 κρούσασθαι.
461 1193 526 1246 El
586 1192 696 1263 γὰρ
754 1191 856 1244 οὐκ
918 1189 1056 1253 ἐστι,
1129 1189 1274 1243 κατὰ
1317 1188 1380 1241 τὸ
1417 1186 1622 1255 λόγιον,

89 1287 331 1356 ἄνθρωπος
369 1283 428 1348 ὃς
460 1283 685 1354 ζήσεται
713 1281 810 1336 καὶ
837 1279 938 1335 οὐκ
970 1280 1164 1350 ὄψεται
1204 1277 1473 1332 θάνατον⁹
1532 1275 1628 1330 ἀν-

94 1375 268 1445 θρωπος
298 1373 352 1427 δὲ
373 1373 466 1428 καὶ
501 1371 811 1443 ἀνθρώπων
834 1371 1094 1426 ἐπέκεινα
1124 1371 1219 1424 καὶ
1249 1371 1282 1441 ἡ
1316 1368 1411 1423 νῦν
1433 1369 1631 1440 ὑμνου-

95 1467 234 1537 μένη,
283 1464 549 1520 δέδεικται
601 1464 776 1534 δήπου
805 1462 1041 1534 τρανῶς,
1074 1459 1152 1526 ὡς
1199 1461 1297 1516 καὶ
1344 1459 1486 1530 αῦτη
1537 1461 1631 1514 τὸν

93 1558 176 1610 ίσον
198 1557 318 1627 ἡμῖν
340 1553 738 1626 ἐκπεπλήρωκε
762 1555 927 1624 νόμον
964 1553 1066 1623 τῆς
1086 1551 1324 1622 φύσεως,
1353 1553 1402 1604 εἰ
1428 1551 1524 1605 καὶ
1553 1550 1632 1623 μὴ

87 1647 181 1700 καθ’
199 1648 336 1716 ἡμᾶς
365 1645 514 1710 ῐσως,
533 1645 649 1699 ἀλλ’
679 1644 822 1715 ὑπὲρ
845 1645 1016 1716 ημᾶς.
1044 1641 1136 1697 καὶ
1160 1641 1261 1714 τὴν
1289 1643 1470 1696 αἰτίαν
1489 1642 1632 1714 ὑπὲρ

1724 827 2002 899 principio
2052 826 2109 881 in
2166 823 2452 880 hominum
2505 836 2709 892 genus,
2767 819 2958 873 omnia
2999 817 3307 888 pervadens

1724 919 2077 978 Providentia
2107 917 2342 981 ﬁxisset,
2370 929 2434 970 ac
2475 913 2745 968 voluisset
2779 913 3064 965 immotam
3093 930 3108 966 :
3141 917 3309 980 atque

1727 1014 1888 1076 adeo,
1922 1022 1984 1065 ut
2013 1020 2067 1064 et
2103 1009 2284 1079 palam
2336 1005 2562 1060 modum
2605 1003 2887 1073 proderet,
2925 1017 3037 1070 quo
3075 999 3309 1054 tendeno

1729 1113 1838 1160 tem
1893 1119 1925 1158 a
1973 1103 2143 1158 rebus
2199 1097 2550 1170 corruptioni
2593 1095 2858 1152 obnoxiis
2890 1094 2958 1148 ad
2991 1092 3308 1161 rosincor-

1728 1203 1922 1267 ruptas
1953 1205 2163 1250 motum
2199 1193 2503 1249 identidem
2547 1195 2822 1245 mutasset
2857 1203 2870 1239 :
2905 1184 3126 1254 quando
3157 1183 3312 1239 nefas

1732 1289 1932 1359 alioqui
1963 1295 2105 1352 crat,
2162 1295 2222 1340 ut
2273 1284 2382 1340 nisi
2439 1283 2535 1337 illa
2567 1281 2812 1352 partium
2855 1278 3007 1334 velut
3039 1291 3069 1330 a
3113 1283 3312 1330 natura

1732 1379 2132 1451 disiunctione,
2189 1376 2394 1430 ﬂiixam
2444 1375 2615 1429 vitam
2664 1369 2932 1427 mutando
2989 1367 3311 1437 depelleret.

1732 1473 1872 1530 Cum
1927 1471 2097 1535 enim,
2145 1470 2303 1541 juxta
2363 1468 2612 1523 divinum
2677 1464 2967 1520 oraculum
2993 1473 3174 1531 ι’,ιιοιι
3236 1460 3316 1516 sit

1733 1565 1900 1620 homo
1951 1563 2046 1634 qui
2103 1562 2270 1625 vivat,
2342 1567 2402 1615 et
2471 1573 2582 1614 non
2631 1557 2708 1613 sit
2759 1556 2986 1610 visurus
3035 1559 3311 1608 mortem:

1734 1655 1902 1713 fuerit
1954 1663 2137 1710 autem
2187 1654 2353 1708 etiam
2389 1651 2556 1706 homo
2604 1663 2772 1719 quam
2822 1646 3190 1708 celebramus,
3249 1655 3317 1698 ac

84 1736 133 1811 ἧς
146 1738 290 1792 τοῦτο
310 1738 528 1802 πάντως
544 1737 738 1791 παθεῖν
765 1735 1094 1806 ἐναγόμεθα.
1118 1733 1275 1789 Οὕτω
1297 1751 1388 1805 μοι
1418 1736 1620 1806 νοήσεις

1794 1749 1914 1820 ajor
1965 1747 2226 1812 homine;
2280 1743 2576 1814 probatum
2626 1739 2820 1808 utique
2870 1737 3164 1809 perspicue
3193 1749 3316 1788 ma-

82 1831 219 1900 σὺτῆς
244 1830 322 1892 είς
353 1828 484 1900 ᾂδου
521 1827 826 1883 κατάϐασιν
851 1843 866 1859 ο
897 1822 965 1899 ἧς
998 1824 1235 1899 τοσαύτη
1273 1825 1496 1894 γέγονεν
1544 1826 1620 1879 ἐπ

1794 1815 1852 1905 :t',
1906 1836 2159 1894 eamdem
2217 1841 2275 1891 et
2314 1833 2490 1905 ipsam
2542 1830 2828 1886 nobiscum
2883 1836 3093 1881 naturae
3139 1824 3313 1892 legem

79 1921 237 1990 αὐτῆς,
271 1921 412 1974 κατά
443 1936 508 1988 γε
534 1919 628 1974 τὸν
663 1919 797 1989 ἐμὸν
822 1919 948 1988 ὅρον
983 1919 1078 1972 καὶ
1104 1917 1286 1988 λόγον,
1319 1920 1388 1989 τῇ
1407 1917 1630 1973 διαστά-

77 2027 136 2064 σει
157 2011 258 2064 τῶν
288 2010 534 2082 μερῶνή
566 2009 661 2064 τοῦ
694 2008 888 2078 καιροῦ
916 2009 1264 2080 ἐπικράτεια,
1297 2008 1428 2079 ὅσης
1456 2008 1632 2064 ἐδεῖτο

71 2103 146 2170 τῆς
174 2103 412 2173 φυσικῆς
446 2104 716 2174 κινήσεως
745 2101 780 2172 ἠ
813 2100 1082 2171 περίοδος,
1109 2103 1168 2154 ὲν
1189 2103 1302 2165 τοῖς
1331 2099 1632 2168 ἀγνώστοις

65 2195 264 2264 χωρίοις
296 2195 470 2267 πείρᾳ
497 2193 597 2266 τὴν
635 2192 838 2262 γνῶσιν
885 2191 1074 2245 λαϐεῖν
1094 2231 1111 2257 ,
1158 2191 1392 2264 πρώτως
1421 2191 1634 2256 τούτοις

57 2285 500 2350 ίτιϐατεύουσαν,
534 2285 632 2340 καὶ
672 2279 763 2340 οἷα
789 2285 857 2338 δι’
886 2285 1200 2355 ἀλλοδαπῆς
1231 2285 1330 2338 καὶ
1374 2283 1634 2356 ἀτριϐοῦς

53 2378 270 2450 τορείας
299 2377 820 2449 διήκουσαν.Ἴλεως
845 2376 903 2430 δὲ
932 2375 1054 2446 εῐης
1077 2378 1212 2448 ἡμῖν
1246 2373 1412 2445 αὑτὴ,
1445 2374 1634 2444 θεηδό-

47 2487 90 2538 χε
139 2471 246 2523 καὶ
278 2470 522 2534 ζωοτόιιε
563 2468 813 2540 Παρθένε
838 2507 854 2533 ,
891 2468 1002 2522 τῶν
1032 2467 1344 2537 ἀνεφίκτων
1367 2466 1636 2521 κατατολ-

46 2561 210 2630 μῶσι,
252 2564 354 2616 καὶ
379 2562 488 2615 τῶν
515 2563 647 2634 περὶ
675 2562 736 2614 σὲ
764 2560 1012 2633 κρυφίων
1043 2559 1497 2630 διερευνωμένοις
1530 2575 1634 2630 μυ-

43 2655 290 2723 στηρίων
322 2655 385 2708 τὸ
411 2654 594 2725 βάθος,
620 2654 716 2707 καὶ
739 2652 839 2716 τὰς
869 2650 948 2721 τῷ
991 2651 1384 2721 ἀκαταλήπτῳ
1410 2649 1520 2702 τῶν
1541 2648 1636 2700 τοῦ

44 2744 177 2798 Θεοῦ
213 2746 509 2815 κριμάτων
535 2745 682 2816 βυθῷ
715 2745 846 2816 περὶ
899 2743 959 2796 σὲ
985 2742 1303 2814 πεπηγυίας
1328 2739 1638 2811 ἐγχειροῦσι

47 2838 338 2888 κατανοεῖν
372 2835 661 2907 θεουργίας
681 2850 694 2865 ⁸
723 2831 810 2897 αἷς
837 2833 1011 2888 καὶτὸ
1047 2834 1209 2903 μόνον
1252 2831 1638 2902 προσατενίσαι

50 2929 107 2995 τῇ
141 2927 289 2981 κατά
327 2928 452 2981 νοῦν
480 2929 704 3000 θεωρία,
730 2927 848 2991 δέος
871 2927 1090 2997 ἐμποιεῖ
1109 2926 1202 2978 καὶ
1230 2925 1415 2988 αὐτοῖς
1439 2940 1504 2992 γε
1527 2926 1641 2987 τοῖς

58 3016 278 3084 ὑψηλοῖς
309 3017 409 3089 τὴν
438 3017 699 3084 διάνοιαν,
745 3019 819 3089 μή
852 3016 903 3070 τί
929 3035 993 3086 γε
1022 3019 1137 3080 τοῖς
1175 3015 1641 3088 σαρκωδεστέροις

62 3107 207 3174 ἡμῖν,
233 3111 334 3163 καὶ
361 3111 438 3180 τῷ
462 3110 645 3180 κωδίῳ
674 3113 764 3164 τὸν
800 3108 944 3179 θῆρα
970 3104 1463 3178 περικαλύπτουσι.
1484 3123 1496 3147 ι

1736 1932 2030 2002 implesse;
2083 1941 2403 1998 quanquam
2458 1923 2605 1978 forte
2658 1935 2770 1975 non
2824 1932 2888 1973 ea
2920 1931 3024 1986 qua
3057 1913 3186 1985 ipsi,
3216 1909 3314 1964 sed

1739 2022 1923 2078 altiori
1954 2029 2008 2076 et
2045 2034 2212 2089 supra
2252 2015 2530 2072 hominem
2588 2013 2828 2074 ratione,
2859 2022 2923 2062 ac
2964 2017 3162 2076 praeter
3193 2017 3314 2056 eam

1737 2127 1846 2184 qua
1899 2112 1950 2166 id
2007 2111 2114 2181 ipsi
2162 2108 2391 2164 omnino
2449 2104 2704 2174 cogimur
2757 2100 3062 2155 sustinere.
3117 2094 3213 2149 Sic
3258 2101 3317 2146 tu

1741 2202 2053 2272 mihi,»ejus
2087 2200 2153 2254 ad
2195 2197 2407 2254 inferos
2449 2196 2781 2250 descensum
2818 2189 3024 2260 cogita,
3066 2186 3228 2256 cujus
3260 2184 3320 2238 in

1739 2308 1802 2349 ea
1838 2299 2014 2356 tanta,
2045 2290 2193 2361 quod
2231 2289 2410 2345 sentio
2454 2295 2509 2342 et
2555 2285 2778 2355 loquor,
2830 2280 3069 2351 partium
3101 2275 3322 2346 disiun-

1740 2383 1926 2437 ctione
1983 2381 2250 2451 temporis
2303 2394 2459 2433 mora
2505 2375 2770 2442 obtinuit,
2816 2379 3078 2443 quantam
3133 2377 3322 2423 motus

1742 2471 2010 2528 naturalis
2033 2470 2280 2525 ambitus
2311 2468 2591 2538 exigebat,
2629 2473 2691 2520 ut
2718 2480 2839 2534 quae
2871 2463 3108 2529 primum
3138 2458 3323 2529 ignota

1743 2564 1838 2618 illa
1870 2565 1990 2619 loca
2045 2563 2348 2627 incederet,
2384 2575 2448 2614 ac
2481 2561 2632 2615 velut
2669 2557 3018 2629 peregrinum
3073 2551 3322 2606 invium-

1743 2671 1851 2724 qne
1903 2655 2009 2710 iter
2063 2653 2385 2716 conﬁceret,
2440 2652 2823 2720 experimento
2850 2649 2906 2700 in
2955 2645 3038 2701 eis
3077 2641 3210 2712 quid
3257 2651 3324 2694 ea

1742 2747 2017 2802 haberent
2043 2751 2427 2814 cognosceret.
2465 2743 2728 2812 Ignoscas
2761 2754 2912 2798 vero,
2935 2752 2970 2792 o
3003 2735 3097 2789 Dei
3132 2745 3327 2788 susce-

1746 2836 1896 2908 ptrix
1927 2834 2098 2907 Virgo
2135 2843 2190 2888 et
2223 2843 2400 2888 mater
2428 2832 2578 2895 vitae,
2623 2831 2718 2901 qui
2776 2829 3067 2883 inaccessa
3114 2835 3328 2893 praesn-

1747 2943 1983 2990 mamus,
2010 2934 2346 2996 tuorumque
2368 2929 2848 2980 sacramentorum
2875 2930 3136 2972 arcanam
3171 2925 3330 2966 scru-

1747 3027 1928 3073 temur
1978 3019 2445 3090 profunditatem,
2493 3031 2559 3071 ac
2589 3015 2685 3070 Dei
2718 3011 3061 3083 iudiciorum
3112 3007 3322 3059 incomo

1752 3113 2031 3180 prehensa
2062 3112 2291 3183 abysso,
2328 3112 2382 3164 in
2443 3118 2497 3163 te
2529 3109 2748 3162 ﬁrmata
2785 3099 3136 3173 dispicienda
3168 3109 3330 3150 assu-

64 3215 272 3258 mamus
329 3203 513 3258 divina
575 3218 783 3274 opera:
850 3201 1054 3272 quibus
1103 3201 1189 3257 vel
1258 3201 1378 3255 sola
1446 3187 1652 3255 mentis
1686 3206 2160 3272 contemplatione
2207 3204 2442 3258 intentio
2496 3202 2664 3258 etiam
2747 3191 3058 3252 sublimiori
3129 3185 3328 3242 intelli-

72 3299 244 3364 gentia
280 3297 554 3368 prmditis,
597 3305 802 3352 metum
843 3294 1044 3366 injicit,
1084 3295 1284 3350 nedum
1318 3292 1484 3348 nobis
1517 3295 1690 3363 magis
1745 3297 2087 3364 carnalibus,
2151 3298 2358 3366 quique
2421 3294 2585 3349 ovina
2655 3289 2798 3360 pelle
2867 3285 3109 3341 belluam
3185 3295 3325 3335 con-

75 3402 330 3459 Legamus.

138 3455 279 3551 Πλὴν
303 3483 428 3536 ὅσον
449 3481 620 3549 δεῖξαι
643 3480 1058 3550 κοινωνήσασαν
1088 3478 1221 3548 ἡμῖν
1242 3474 1353 3529 τῶν
1379 3474 1520 3528 κατά
1551 3473 1620 3544 φύ

1825 3473 2123 3533 Caeterum,
2157 3484 2221 3524 ea
2257 3469 2546 3532 hactenus,
2580 3479 2692 3534 quo
2723 3469 2938 3516 tantum
2977 3455 3198 3513 easdem
3234 3467 3334 3506 no-

75 3587 154 3623 σιν
180 3573 420 3643 θεσμῶν,
455 3573 632 3627 ταῦτα
654 3573 789 3645 πρὸς
809 3569 969 3642 ἡμῶν
998 3569 1109 3622 δέει
1136 3565 1314 3638 πολλῷ
1349 3565 1658 3637 προδιείλη-

79 3679 218 3718 πται.
265 3664 351 3718 Τά
402 3665 462 3720 δὲ
517 3661 828 3735 ὗψηλότερα
885 3661 996 3716 τῶν
1025 3662 1121 3713 ἐπὶ
1159 3659 1245 3713 σοὶ
1297 3657 1657 3712 τελεσθέντων

83 3755 643 3828 ⁴ιιεγαλοιιργημάτων,
696 3756 792 3808 ἆτε
846 3756 914 3824 τῇ
974 3750 1142 3822 πείρα
1187 3748 1290 3820 τὴν
1350 3747 1486 3821 πρὸς
1517 3747 1660 3801 αύτά

82 3849 352 3902 κοινωνίαν
385 3848 659 3912 παθοῦσα,
691 3846 830 3917 αὐτὴ
850 3846 916 3900 ἂν
947 3843 1148 3912 εἰδείης
1184 3841 1417 3913 μᾶλλον,
1445 3833 1492 3893 ὧ
1520 3856 1659 3893 παν-

85 3938 242 4008 ολϐία,
300 3940 574 4013 θειότερόν
602 3957 662 3993 τε
707 3938 804 3993 καὶ
836 3935 1244 4008 καθαρώτερον,
1291 3934 1326 4005 ἦ
1350 3932 1426 3998 ὡς
1458 3935 1486 3986 ὁ
1517 3931 1659 4003 ἡμέ-

87 4048 226 4102 τερος
277 4033 619 4106 διεξέρχεται
646 4031 956 4101 λόγος,Καὶ
987 4029 1094 4100 πρό
1136 4044 1200 4098 γε
1229 4025 1472 4090 πάντων,
1497 4021 1662 4087 αὐτὸς

85 4125 425 4198 ὁμονογενης
453 4143 548 4179 σου
572 4124 722 4188 Υίὺς,
755 4125 784 4176 ὁ
815 4122 940 4184 τοὺς
971 4121 1179 4184 αἰῶνας
1227 4117 1659 4188 συστησάμενος,

82 4220 169 4271 καὶ
206 4219 288 4274 σοί
316 4237 381 4288 γε
401 4218 562 4283 δόξαν
589 4213 842 4285 εὐπρεπῆ
876 4212 1123 4284 περιθεὶς
1153 4210 1249 4266 καὶ
1270 4207 1659 4280 λαμπρότητα,

81 4309 161 4361 διὰ
178 4309 274 4381 τὴν
306 4306 754 4364 ἐκδανεισθεῖσαν
777 4303 930 4373 αὐτῷ
957 4302 1058 4374 τῆς
1096 4300 1298 4370 σαρκὸς
1351 4297 1665 4370 πρόσληψιν

86 4405 169 4454 καὶ
206 4402 500 4456 οὐσίωσιν·
550 4399 648 4453 καὶ
684 4396 989 4467 τοσαύτην,
1036 4395 1168 4464 ὅσην
1196 4394 1297 4446 οὐκ
1338 4391 1404 4445 ἄν
1435 4406 1520 4454 τις
1554 4387 1664 4443 τῶν

87 4493 196 4546 καθ’
217 4496 385 4565 ἡμᾶς,
425 4493 534 4547 οὐδ’
564 4489 744 4545 αὐτῶν
783 4489 928 4559 τάχα
973 4485 1083 4540 τῶν
1146 4480 1527 4552 ὑπερεχόντων
1561 4479 1665 4548 ἀγ-

85 4587 271 4653 γέλων,
317 4587 399 4657 νῷ
435 4584 715 4640 διαλαϐεῖν
747 4579 1107 4651 ὲξισχύσειεν.
1145 4575 1285 4630 Ἀλλ’
1315 4574 1458 4628 ἔστω
1492 4571 1668 4626 ταῦτα

83 4676 367 4742 διαπαντὸς
408 4679 474 4748 τῇ
531 4674 657 4746 θεία
684 4669 963 4743 μυστικῶς
1009 4665 1342 4738 κρυφιὸτητι
1376 4660 1670 4734 τιμώμενά

1757 3566 1972 3621 hiscum
2025 3562 2268 3617 subiisse
2317 3566 2530 3612 naturae
2581 3555 2728 3624 leges
2775 3549 3202 3604 conﬁceremus,
3234 3555 3338 3596 nec

1759 3659 1866 3712 nisi
1903 3655 2076 3710 multo
2128 3653 2327 3706 timore
2362 3655 2646 3721 praeeunte
2677 3640 3106 3711 disputavimus.
3145 3633 3334 3688 Subli-

1759 3749 1937 3805 miora
1983 3755 2164 3802 autem
2212 3743 2268 3796 in
2305 3751 2358 3796 te
2409 3739 2604 3795 eﬂ'ecta
2650 3733 2947 3805 magnalia,
2999 3735 3058 3780 ut
3094 3738 3334 3796 quorum

1761 3841 1882 3911 ipsa
1933 3835 2385 3894 communionem
2429 3828 2815 3899 experimento
2866 3821 3132 3884 senseris,
3165 3821 3344 3869 tumet

1760 3933 1962 3988 melius
1987 3930 2237 3992 naveris,
2284 3940 2318 3980 ο
2363 3913 3104 4000 beatissima,divininsque
3141 3922 3204 3962 ac
3236 3921 3341 3975 pu-

1761 4024 1882 4078 rius
1919 4034 2085 4091 quam
2116 4027 2310 4072 nostra
2341 4012 2525 4069 oratio
2555 4015 2821 4066 enarrare
2851 4003 3069 4074 possit,
3115 4010 3357 4068 praeque

1762 4086 2064 4175 universis,
2116 4109 2236 4179 ipse
2286 4105 2612 4177 unigenitus
2650 4099 2826 4154 Filius
2878 4103 3030 4150 tuus.
3071 4089 3218 4161 Ipse,
3250 4086 3342 4179 in-

1763 4222 1954 4280 quam,
2009 4203 2102 4276 qui
2139 4176 2448 4257 constituit
2485 4194 2712 4255 saecula,
2762 4196 3184 4256 congruamque
3237 4176 3343 4280 tibi

1766 4300 1996 4373 gloriam
2043 4304 2099 4352 et
2153 4293 2528 4364 splendorem,
2582 4299 2698 4356 pro-
2742 4277 3096 4335 commodata
3151 4269 3344 4326 carnis

1767 4370 2152 4461 assmnptione
2197 4381 2536 4444 substantia,
2599 4374 2852 4431 adhibuit
2887 4388 2904 4438 ;
2939 4370 3108 4438 idque
3155 4377 3378 4418 ταπεινα-

1767 4483 2048 4547 cellcntia,
2079 4494 2188 4550 qua
2223 4490 2336 4531 non
2383 4479 2599 4527 tantum
2653 4469 2934 4522 humanus
2973 4459 3218 4518 animus,
3246 4451 3380 4506 sed:

1768 4593 1872 4633 nec
1903 4575 2046 4631 forte
2073 4569 2446 4630 eminentium
2488 4561 2810 4632 angelorum
2842 4552 3165 4609 intellectus
3200 4544 3386 4598 ullus.

1771 4665 2066 4738 complecti
2115 4660 2311 4733 possit.
2374 4652 2666 4711 Enimvero
2712 4651 2974 4702 maneant
2999 4641 3118 4696 haec
3155 4635 3386 4693 divina...

83 4785 134 4822 τε
160 4771 255 4826 καὶ
289 4733 729 4839 συντηρούμενα,
776 4763 874 4818 καὶ
902 4761 993 4814 τὸν
1025 4733 1228 4812 οἰκεῖον
1272 4733 1374 4826 τῆς
1405 4733 1620 4826 ἀληθείς

1794 4733 1988 4828 ιθιιιίιεια
2013 4751 2353 4810 obscuritate
2383 4745 2618 4819 mystice
2657 4739 3046 4807 occultiusque
3077 4733 3385 4786 honorata..-

83 4861 226 4932 λόγον
633 4819 850 4928 ἔχοντα,
884 4853 1048 4924 μέχρι
1085 4851 1188 4923 τῆς
1209 4819 1530 4911 τελευταίας
1558 4845 1620 4901 τᾶ

1794 4851 1982 4906 iariter
2034 4856 2091 4903 et
2122 4850 2470 4906 conservata,
2500 4848 2800 4903 veramque
2839 4829 3121 4902 propriam
3177 4824 3374 4878 ratio—-

85 4914 243 5008 ὄντων
262 4914 790 5012 ἀπο-καταστάσεως.
836 4914 928 5010 λός
1043 4943 1103 4996 δὲ
1135 4914 1286 5014 ημᾶς
1309 4939 1420 4995 τῶν
1449 4939 1560 4994 σῶν
1587 4940 1620 4992 ὲ·

1794 4959 1898 4999 tem
1930 4942 2345 4997 inconcussam,
2398 4932 2466 4988 ad
2503 4944 2680 4998 usque
2724 4936 3044 4995 supremam
3074 4932 3260 4974 rerum
3294 4914 3384 4969 im-

91 5041 216 5099 θέων
247 5042 523 5116 ἀμοίρους
553 5039 912 5111 διηγημάτων
957 5035 1032 5108 μὴ
1076 5032 1491 5105 ἀποπέμψειας,
1526 5030 1620 5084 δίδι

1795 5046 2050 5109 ntegrum
2100 5029 2531 5090 restitutionem,
2587 5022 2884 5077 retineant.
2926 5014 2996 5072 Ut
3022 5029 3093 5068 ne
3130 5017 3382 5106 nos-tam

87 5130 236 5205 λόγον
273 5137 432 5207 ἡμῖν,
465 5134 542 5198 ώς
569 5133 743 5202 Λόγου
773 5131 998 5202 Μήτηρ,
1033 5126 1254 5196 καὶτῆς
1284 5125 1382 5177 ἐπὶ
1407 5123 1490 5177 σοὶ
1518 5121 1673 5175 τελεο

1779 5093 2252 5184 ιῐιειινάίνίιιιιιιιιιιι
2286 5128 2507 5172 tuarum
2535 5127 2720 5168 rerum
2763 5111 3020 5176 expertes
3048 5093 3385 5160 dimiseris,”

627 5186 720 5278 τῦν
751 5186 956 5292 τράἓτοξὶ
985 5186 1256 5289 γνώρισον
1282 5216 1438 5286 ἡμῖν.
1469 5213 1620 5267 Ἐστι

1794 5220 2003 5276 rerbum
2043 5214 2252 5284 largire
2274 5226 2376 5264 ceu
2407 5206 2572 5263 Verbi
2618 5203 2813 5264 Mater,
2856 5195 3194 5259 modumque
3221 5186 3358 5240 edo-

84 5280 304 5393 κε
330 5280 506 5376 εἰσέτι
551 5280 660 5382 πᾶς
690 5320 719 5372 ὁ
761 5280 874 5370 τῶν
905 5280 1067 5368 θείων
1105 5280 1414 5382 ἀκροατὴς,
1466 5307 1536 5360 τά
1564 5300 1620 5360 ὧι

1794 5325 1932 5372 reas,
1958 5323 2070 5378 quo
2100 5280 2193 5360 tua
2225 5305 2318 5358 illa
2352 5298 2613 5370 migratio
2643 5293 2858 5348 habuit.
2894 5280 3358 5341 Hactenuszenini

2581 5390 2610 5393 λ·
2871 5381 2902 5393 ἰ
3023 5377 3068 5393 2-
3115 5383 3161 5393 ι-
3193 5368 3326 5393 -.-ι-ιῖ

81 5368 510 5485 προσκιεκλικώς
534 5409 904 5480 σοι,φωνῆςτε
920 5407 1018 5476 τῆς
1034 5405 1135 5475 σῆς
1162 5368 1564 5467 ἐπαΐειν,νκαθά
1586 5415 1620 5450 κ

1794 5411 1897 5459 stat
1926 5400 2108 5455 omnis
2139 5397 2452 5450 divinorum
2487 5390 2726 5448 auditor,
2763 5381 2996 5436 auribus
3023 5377 3078 5428 in
3115 5383 3166 5426 te
3193 5368 3362 5424 accli-

2626 5479 2658 5485 λ·
2765 5475 2779 5485 “
2919 5471 2930 5485 ¹
3000 5465 3068 5485 -ιε
3087 5478 3177 5485 ---Α
3211 5459 3320 5485 .I'...:

78 5459 357 5580 πιρότερον
383 5459 719 5578 τῆςνθείαςῖὁ
748 5459 1294 5574 ζίσραὴλιέφιέμενος.
1318 5459 1421 5548 Ἦν
1443 5494 1524 5556 είς
1551 5490 1620 5560 ﬁt};

1794 5496 1880 5550 nis
1915 5505 2214 5559 vocemque
2245 5495 2420 5547 tuam,
2448 5497 2556 5546 qua
2587 5479 2719 5532 olim
2765 5471 2933 5528 Israel
2966 5465 3181 5522 ratione
3210 5459 3359 5515 divi-

2328 5578 2335 5580 λ
2439 5575 2465 5580 -
2601 5572 2611 5580 ·
2735 5568 2768 5580 ι-
2946 5576 2963 5580 A
2984 5575 3003 5580 -
3038 5557 3165 5580 ..-|...
3189 5567 3357 5580 ...ιηηι⁸

75 5601 352 5682 διάρασα,
373 5609 470 5662 καὶ
499 5607 665 5660 πλέον
687 5606 721 5677 ἢ
755 5605 1055 5672 σάλπιγγος
1075 5597 1445 5671 γεγωνότερον
1463 5636 1479 5663 ,
1512 5591 1674 5662 Ἐγὼ,

147 5795 180 5830 τ
214 5785 374 5842 Psal.
409 5799 676 5849 Lxxxvm,
711 5781 799 5836 49.

1794 5602 1944 5651 nam,
1974 5557 2165 5639 audier
2215 5578 2386 5648 cupit.
2431 5575 2549 5640 Qua
2601 5572 2654 5624 in
2701 5568 2893 5629 altum,
2942 5575 3007 5615 ac
3038 5557 3358 5623 tubapene—
