3790 6202
114 338 221 403 1057

1086 345 1168 405 ΙΝ
1204 346 1750 407 DORMITIONEM
1794 348 1854 407 S.
1888 348 2173 408 MARLE.
2217 351 2268 410 Ι.

3184 360 3324 429 1058

104 457 356 527 ἀκηρύκτῳ
410 452 482 485 ⁸³*
524 454 675 524 φωνῇ
755 453 1129 524 διασημαίνων
1219 457 1288 509 τὰ
1370 458 1633 528 σύμϐολα.

1811 462 2049 513 iamnum
2078 462 2705 529 consistensincolume,
2725 466 3021 539 irrequieta
3037 489 3174 533 voce
3206 481 3321 555 (ῑὸ)

160 636 248 706 Τῆς
273 633 398 705 γοῦν
428 633 747 706 σωματικῆς
779 637 835 688 ὲν
857 633 1004 705 αύτῷ
1054 635 1426 698 κατακλίσεως
1463 637 1633 707 ἀψευ-

110 729 304 783 ὒὲιτατοι
335 729 631 799 μάρτυρες,
660 728 728 781 τὰ
766 730 824 790 ὲν
851 731 919 800 τῇ
946 731 1123 799 πέτρᾳ
1161 727 1500 800 κοιλώματα,
1535 728 1633 792 τὰς

113 825 190 876 τῶν
231 819 390 893 μελῶν
440 820 898 890 ίερογραφοῦντες
937 810 1237 891 εὐπρεπεῖς
1269 819 1629 884 ἐκτυπώσεις.

114 912 465 984 Καὶπρῶτοςὸ
501 912 831 981 χειμάρρους
886 911 1094 975 ἐκεῖνος
1151 912 1260 966 τῶν
1288 912 1535 983 Κεδρῶν,

112 1007 237 1060 ταῦτα
254 1004 496 1075 διαμπὰξ
526 1003 1006 1074 ὲμπεριείληπται,
1033 1003 1635 1074 σαλπίζειδιαπρυσίως

112 1097 160 1151 τὰ
177 1098 423 1167 θαύματα.
464 1094 529 1147 ’Π
584 1091 790 1160 κοιλὰς,
850 1095 1015 1163 φημὶ,
1046 1093 1140 1146 τοῦ
1172 1092 1542 1161 Κλαυθμῶνος
1566 1095 1633 1156 ω,

114 1189 197 1245 καθ’
238 1189 297 1258 ἢν
335 1188 362 1240 ὁ
400 1185 572 1252 τάφος
604 1183 816 1254 ἵδρυται
867 1182 962 1237 τοῦ
1035 1183 1301 1251 Ἰωσαφάτ
1367 1183 1635 1253 βασιλέως

120 1280 264 1342 Ἰούδα,
291 1280 345 1332 ἐν
390 1271 435 1345 ᾧ
458 1277 520 1330 τὸ
554 1275 826 1346 μακάριον
862 1277 1036 1328 ἐκεῖνο
1060 1275 1120 1328 τὸ
1148 1275 1320 1339 πάθος
1363 1277 1459 1327 τοῦ
1491 1277 1636 1328 άπα-

101 1370 197 1433 θοῦς
218 1367 478 1438 ἐλάμϐανε
510 1367 580 1419 τὰ
615 1366 903 1436 προοίμια.
947 1366 1099 1418 Ἐκεῖ
1138 1367 1248 1436 γὰρ
1281 1365 1487 1435 θαμινὰ
1522 1368 1636 1428 τοῖς

97 1462 330 1533 μαθηταῖς
374 1462 401 1513 ὁ
432 1459 624 1529 Σωτὴρ
671 1457 1044 1529 συνηυλίςετο.
1089 1458 1236 1510 Ἐκεῖ
1290 1456 1637 1528 προσηύξατο

98 1555 182 1618 θεὶς
206 1555 268 1607 τά
302 1553 505 1621 γόνατα
536 1551 675 1621 πρὸς
719 1550 811 1604 τὸν
862 1552 920 1603 ἐν
966 1552 1219 1619 οὐρανοῖς
1265 1550 1509 1619 Πατέρα,
1541 1549 1635 1602 τοῦ

95 1642 392 1714 ίπιθυμητοῦ
425 1642 689 1712 ποτηρίου
722 1644 841 1695 κατ’
864 1642 1180 1711 οἰκονομίαν
1197 1642 1436 1712 ἄρρητον
1457 1639 1641 1693 ποιού-

70 1753 221 1809 ,μενος
248 1735 344 1805 τὴν
396 1735 753 1803 παραίτησιν.
798 1732 945 1787 Ἐκεῖ
970 1733 1049 1803 τῷ
1084 1733 1318 1803 προδότῃ
1359 1732 1634 1801 ψιλωθεὶς,

86 1827 269 1889 ἔκδοτος
292 1828 406 1888 τοῖς
464 1825 771 1887 θεοκτόνοις
802 1824 1119 1894 γεγένηται.
1171 1826 1283 1877 Καὶ
1324 1823 1501 1887 ταῦτα
1546 1824 1636 1877 διὰ

85 1917 251 1987 πείρας
273 1914 504 1985 μάθοιεν
529 1913 894 1983 ἀληθέστερον
920 1915 968 1967 οί
1003 1916 1094 1968 ἐπὶ
1122 1914 1305 1985 χώρας
1332 1916 1630 1985 γινόμενοι.

87 2007 127 2062 '0
151 2008 243 2061 οὖν
270 2008 505 2069 ἄπιστος
545 2005 745 2072 ἀπίτω,
790 2006 888 2059 καὶ
922 2006 1242 2076 μανθανέτω
1276 2005 1345 2059 δι’
1369 2005 1636 2076 αὐτοψίας

71 2101 155 2154 τῶν
179 2100 500 2171 λεγομένων
523 2097 623 2175 τὴν
649 2097 878 2166 δύναμιν
898 2114 910 2127 ’
943 2099 971 2151 ὀ
1000 2099 1192 2162 πιστὸς
1216 2099 1491 2170 ἀρκείσθω
1522 2100 1635 2162 τοῖς

64 2191 389 2264 λεγομένοις,
425 2189 523 2243 καὶ
543 2192 883 2244 κατανοείτω
911 2191 999 2244 διὰ
1033 2190 1140 2243 τῶν
1173 2191 1518 2261 φαινομένων
1564 2190 1636 2245 τά

57 2287 120 2357 μὴ
144 2283 436 2356 δρώμενα,
468 2282 561 2335 καὶ
584 2281 913 2352 θαυμαζέτω
940 2282 1009 2334 τὰ
1027 2279 1307 2352 θαύματος
1327 2282 1470 2348 ἄξια.
1492 2281 1633 2335 Ἀλλ’

52 2374 209 2445 ἠμὲν
243 2372 398 2444 ταφὴ
449 2371 672 2442 τοιαύτη
704 2372 800 2425 καὶ
856 2370 1027 2434 οὕτως
1074 2371 1294 2443 ἔχουσα.
1347 2372 1405 2425 '0
1447 2373 1503 2426 δὲ
1534 2375 1634 2443 τῆς

50 2466 444 2536 μεταστάσεως
494 2465 718 2533 τρόπος,
767 2463 816 2515 εί
854 2464 947 2517 καὶ
987 2464 1163 2526 κοινὸς
1203 2465 1339 2535 πρὸς
1366 2464 1633 2532 ἅπαντας,

47 2560 155 2612 ἀλλ’
184 2558 341 2611 ἐστιν
386 2557 541 2626 αὐτῷ
562 2556 658 2609 καὶ
684 2555 886 2620 ἰδιάζον
910 2554 1151 2625 ἀξίωμα,
1196 2556 1257 2608 τὸ
1290 2555 1480 2626 περιὸν
1513 2555 1636 2625 ἔχον

49 2654 184 2719 προς
216 2649 312 2702 τὸν
340 2647 465 2702 καθ’
496 2647 745 2701 ἕκαστον.
782 2646 920 2700 Ἠδέ
946 2663 1028 2699 τοι
1065 2646 1351 2716 μετάθεσις
1373 2647 1636 2717 κρείττων

52 2743 146 2810 μὲν
168 2741 338 2810 λόγου
372 2740 467 2794 καὶ⁵
493 2738 832 2807 ἀκοῆς,π>.ὴν
866 2739 931 2791 ὲκ
960 2737 1205 2792 παλαιῶν
1230 2737 1427 2808 ἔχουσα
1456 2755 1637 2809 παρα-

51 2833 364 2902 δειγμάτων
420 2831 521 2901 τὴν
549 2829 804 2900 μίμησιν.
853 2829 949 2892 Τίς
975 2828 1035 2895 δὲ
1061 2831 1090 2881 ὁ
1113 2832 1213 2898 τῆς
1239 2829 1636 2892 καταπαύσεως

57 2930 254 2993 τοποςς
285 2922 420 2997 'Ap’
451 2925 702 2996 αἰσθήσει
759 2923 984 2995 ληπτὸς,
1028 2924 1062 2994 ἢ
1093 2923 1301 2996 διανοίᾳ
1344 2925 1591 2995 χωρητός
1619 2945 1633 2991 ;

61 3018 356 3091 θύμενοῦν.
389 3018 515 3081 Πῶς
542 3017 652 3089 γὰρ
691 3018 757 3071 ἂν
787 3016 982 3087 ὁρῷτο,
1010 3017 1103 3069 καὶ
1137 3016 1288 3086 παρὰ
1312 3017 1421 3069 τίσι
1442 3018 1632 3079 νοοῖτο,

1741 555 2127 610 tumulationis
2161 573 2295 612 mea:
2326 560 2576 629 symbola
2606 575 3033 633 commonstrat,

1810 644 1972 711 Quod
2012 662 2146 702 sane
2178 648 2232 701 in
2260 664 2327 704 eo
2354 665 2585 718 corpore
2614 652 3004 723 deeubuerim,
3038 664 3320 722 verissimi

1740 743 1912 791 testes
1941 747 2073 792 sunt
2109 740 2378 796 cavitates
2416 742 2544 807 illm,
2579 760 2703 811 quae
2744 746 2977 806 decoras
3030 768 3318 811 sacrorum

1739 829 2115 884 membrorum
2151 831 2585 890 deformationes
2619 836 2671 890 in
2710 848 2861 906 petra
2894 858 3317 913 repraesentant.

1741 919 2079 991 Primusque
2121 930 2341 979 torrens
2374 926 2467 980 ille
2506 926 2749 991 Cedrou,
2782 947 2893 1000 quo
2924 935 3039 990 haec
3073 940 3322 1007 undique

1740 1026 1875 1081 gyro
1924 1013 2284 1077 clauduntur,
2334 1015 2484 1069 clara
2536 1032 2635 1071 ceu
2676 1019 2822 1073 tubae
2867 1038 3000 1077 voce
3049 1027 3317 1081 miracula

1740 1104 2021 1172 praedicat.
2059 1105 2199 1171 Quo,
2240 1105 2487 1173 inquam,
2525 1108 2691 1162 vallis
2739 1110 3121 1170 Clautbmonis
3177 1119 3314 1187 (76),

1739 1193 1793 1248 in
1820 1211 1928 1264 qua
1976 1196 2145 1252 situm
2180 1206 2266 1253 est
2301 1200 2620 1268 sepulcrum
2670 1198 2939 1269 Josaphat
2970 1208 3118 1275 regis
3147 1208 3313 1273 Juda,

1740 1284 1833 1339 ubi
1882 1284 2044 1339 beata
2092 1286 2242 1340 illius
2272 1287 2483 1354 passio,
2526 1288 2616 1356 qui
2664 1304 2693 1340 a
2750 1292 3007 1358 passione
3057 1295 3319 1351 immunis

1739 1383 1844 1440 est,
1874 1374 2114 1443 sumpsit
2143 1376 2400 1429 exordia.
2433 1377 2550 1429 Illic
2584 1378 2733 1430 enim
2772 1379 3027 1435 Salvator
3059 1383 3324 1454 frequens

1738 1468 2071 1521 versabatur
2102 1482 2226 1520 cum
2273 1468 2566 1537 discipulis
2607 1470 2725 1525 suis
2754 1486 2802 1524 ι.
2844 1474 2960 1529 Illic
2990 1477 3185 1542 positis
3220 1496 3318 1548 ge-

1740 1559 1905 1614 nibus
1942 1558 2159 1613 Patrem
2193 1569 2460 1629 precatus
2492 1560 2585 1629 qui
2622 1564 2791 1618 estin
2828 1568 3009 1630 coelis,
3053 1570 3318 1625 ineffabili

1740 1650 2154 1718 dispensatione
2178 1652 2580 1720 deprecabatur
2601 1653 2978 1710 desideratum
3005 1661 3236 1715 calicem
3261 1671 3313 1717 1.

1742 1742 1858 1797 lltic
1900 1743 2186 1811 proditore
2232 1744 2417 1811 specie
2451 1744 2713 1799 amicitiae
2751 1749 3004 1802 osculum
3057 1751 3318 1821 iniigcute

1738 1834 1969 1889 deicidis
2007 1835 2240 1889 traditus
2270 1842 2353 1890 est
2386 1845 2431 1890 κ.
2461 1836 2541 1890 Ac
2566 1852 2679 1890 rem
2705 1840 2914 1893 certius
2938 1841 3327 1909 experimento

1738 1925 2018 1988 noverint,
2050 1926 2142 1995 qui
2182 1924 2389 1979 fuerint
2419 1925 2472 1979 in
2499 1941 2563 1979 ea
2595 1927 2839 1997 regimie.
2879 1927 2982 1995 Qui
3017 1931 3200 1998 itaque
3233 1932 3318 1985 in-

1739 2014 2002 2070 credulus
2040 2024 2143 2079 est,
2191 2015 2371 2079 abeat,
2421 2016 2656 2085 ipsoque
2705 2031 2894 2070 coram
2949 2018 3067 2072 visu
3125 2034 3317 2073 eorum

1698 2119 1861 2174 -qute
1908 2104 2150 2160 dicimus
2203 2105 2312 2158 vim
2346 2112 2658 2173 agnoscat:
2717 2105 2892 2161 fidelis
2938 2115 3119 2162 autem
3153 2109 3318 2162 dirtis

1739 2202 2058 2257 contentus,
2116 2194 2283 2248 exiis
2323 2209 2447 2263 qua:
2495 2195 2796 2264 conspicua
2834 2205 2987 2258 sunt,
3041 2214 3161 2266 qum
3208 2214 3319 2254 non

1738 2284 1997 2340 videntur
2024 2285 2347 2354 perspiciat,
2392 2299 2589 2352 resque
2616 2287 2810 2355 plenas
2838 2288 3110 2343 miraculo
3137 2290 3319 2344 admi-

1742 2376 1952 2431 rationi
1993 2376 2219 2431 habeat.
2284 2375 2579 2431 Enimvero
2617 2378 2742 2433 talis
2778 2379 3000 2447 quidem
3032 2383 3321 2449 sepultura

1739 2476 1848 2530 est,
1883 2483 2122 2538 eumque
2170 2468 2394 2522 modum
2440 2469 2675 2524 habens.
2709 2470 2779 2522 At
2821 2472 2966 2524 ratio
3023 2473 3319 2539 transitus,

1740 2574 2057 2629 quanquam
2095 2560 2161 2611 ad
2213 2572 2405 2612 omnes
2453 2560 2789 2622 communis,
2827 2560 2994 2617 habet
3033 2561 3319 2616 nihilomi-

1740 2669 1845 2708 nus
1873 2651 2241 2721 prazcellentia
2279 2650 2626 2720 singulorum
2655 2652 2936 2721 propriam
2966 2653 3319 2722 dignitatem.

1740 2743 1914 2798 Porro
1949 2752 2175 2813 superat
2210 2742 2432 2812 quidem
2465 2742 2738 2797 transitus
2767 2742 2870 2797 iste
2902 2743 3015 2796 vim
3045 2743 3323 2797 sermonis

1740 2837 2097 2906 auditusque,
2130 2838 2212 2892 sic
2245 2847 2427 2890 tamen
2475 2843 2533 2889 ut
2562 2837 2813 2906 exempla
2853 2844 3037 2890 vetera
3072 2836 3322 2890 imitetur

1740 2942 1807 2981 ac
1855 2928 2081 2983 referat.
2138 2926 2337 2981 Verum
2370 2927 2497 2996 quis
2547 2929 2704 2982 locus
2748 2928 3107 2995 requietionis
3133 2929 3155 2981 ?
3181 2927 3325 2983 Sen-
3366 2961 3371 2966 -

1742 3034 1880 3073 suae
1921 3020 2096 3088 possit
2126 3018 2542 3087 comprehendi,
2580 3033 2649 3073 an
2700 3030 2882 3074 mente
2912 3021 3072 3090 capi?
3101 3021 3324 3077 Minime

68 3113 140 3181 μὴ
161 3108 447 3181 πεφυκὼς,
479 3110 619 3180 πλὴν
640 3111 688 3161 εἰ
723 3109 799 3180 μὴ
834 3108 903 3161 δι’
942 3107 1215 3170 ἀπαθείας
1259 3109 1379 3161 κατ’
1414 3109 1636 3179 ἀπειρό-

1811 3123 1898 3162 ne.
1930 3108 2033 3173 Qui
2066 3108 2211 3167 enim
2240 3107 2521 3172 videatur,
2554 3115 2650 3162 aut
2684 3123 2711 3161 a
2741 3109 2946 3179 quibus
2978 3111 3167 3166 animo
3195 3126 3324 3167 con-

74 3203 226 3274 δωρον
254 3203 421 3274 χάριν
471 3202 562 3255 τὸν
601 3201 729 3272 τῇδε
783 3199 1024 3269 φθάσασι
1050 3199 1251 3270 χῶρον,
1300 3200 1393 3253 καὶ
1422 3200 1523 3269 τῆς
1554 3203 1639 3254 ἐν·

79 3294 245 3347 ταυθοῖ
274 3290 544 3356 θεοειδοῢς
575 3292 958 3354 καταστάσεως
1002 3293 1216 3362 τρυφῆς
1267 3290 1634 3359 ⁴ἠξιωμένοιςς

79 3382 107 3462 ᾗ
153 3405 315 3459 φησιν
351 3389 379 3442 ὁ
404 3386 537 3458 ἐμὸς
582 3385 885 3456 προπάτωρ
914 3385 1109 3438 Δαϐίδο
1151 3403 1170 3435 ι
1220 3384 1307 3436 Ἐν
1333 3384 1482 3453 τόπῳ
1508 3399 1641 3452 σκη-

79 3483 163 3551 νῆς
183 3482 528 3552 θαυμαστῆς,
576 3480 682 3543 ἕως
706 3476 801 3532 τοῦ
832 3479 988 3539 οῐκου
1028 3476 1122 3530 τοῦ
1156 3475 1316 3530 Θεοῦ,
1367 3476 1455 3528 Ἑν
1484 3476 1659 3546 φωνῇ,

78 3572 437 3640 ἀγαλλιάσεως
497 3571 593 3626 καὶ
654 3569 1098 3641 ὲξομολογήσεως
1151 3566 1286 3636 ἤχου
1351 3565 1638 3635 ἑορταζόν-

77 3681 193 3719 των.
230 3691 249 3718 Ι

136 3840 371 3895 Τοιαῦτα
417 3841 518 3911 μὲν
549 3840 582 3910 ἡ
612 3839 896 3901 Θεοτὸκος,
923 3832 992 3910 ἦς
1027 3835 1137 3890 ἀπὸ
1162 3833 1417 3904 γλώσσης
1451 3834 1479 3886 ὁ
1508 3830 1639 3900 γλυ-

78 3932 272 4002 κασμδς
300 3931 599 3996 ἀποστάζει
622 3930 716 3984 τοῦ
758 3928 1091 3997 πνεύματος,
1129 3945 1148 3978 ι
1186 3925 1281 3979 καλ⁵
1310 3925 1344 3994 ἡ
1371 3923 1530 3996 χάρις
1583 3923 1641 3974 ὲν

76 4023 267 4090 χείλεσι
288 4026 572 4095 κέχυται.)
605 4024 784 4093 Ἠμᾶς
809 4021 866 4075 δὲ
891 4020 945 4074 τί
974 4020 1054 4074 δεῖ
1081 4022 1216 4088 πρὸς
1240 4017 1416 4070 ταῦτα
1441 4016 1637 4078 εἰπεῖν,

75 4114 302 4182 ἀδελφοὶ,
331 4116 364 4187 ἢ
415 4114 698 4185 θαυμάσαι
741 4114 842 4183 τὴν
870 4108 1283 4182 ἁπειρομεγέθη
1329 4110 1422 4163 καὶ
1451 4107 1521 4160 τὰ
1546 4107 1644 4160 ὅλα

76 4205 353 4273 tradam;
381 4206 677 4259 διέπουσαν
709 4204 977 4276 Πρόνοιαν
995 4245 1011 4267 ,
1048 4220 1066 4253 ι
1099 4198 1170 4254 Ὦ
1198 4200 1360 4272 βάθος
1388 4199 1641 4259 πλούτου,

74 4297 338 4367 λέγοντας,
373 4298 474 4353 καὶ
505 4298 721 4366 σοφίας,
750 4298 846 4351 καὶ
872 4295 1128 4365 γνώσεως
1158 4292 1293 4347 θεοῦ
1317 4293 1330 4347 !
1367 4292 1453 4354 Ὡς
1481 4289 1642 4354 ἀνεξ-

75 4389 326 4462 ερεύνητα
372 4390 443 4445 τὰ
502 4390 747 4461 κρίματα
778 4387 966 4453 αὑτοῦ,
1000 4388 1095 4441 καὶ
1141 4384 1541 4455 ἀνεξιχνίαστοι
1588 4383 1642 4435 αἱ

1740 3197 2009 3266 cipiatur?
2045 3196 2148 3275 Qui
2180 3198 2285 3254 nisi
2327 3198 2418 3261 iis,
2453 3199 2546 3267 qui
2575 3199 2848 3255 immensa
2878 3201 3114 3270 quadam
3146 3202 3324 3272 gratia

1739 3286 2131 3342 affectionibus
2186 3288 2367 3350 vacui,
2420 3288 2486 3341 ad
2524 3304 2652 3341 eum
2702 3289 2884 3343 locum
2924 3300 3321 3360 pervenerunt,

1740 3378 1946 3449 quique
1975 3378 2264 3431 deiformis
2294 3378 2449 3431 illius
2484 3385 2670 3435 status
2702 3380 2919 3437 deliciis
2953 3383 3063 3436 frui
3099 3399 3323 3438 merue-

1739 3478 1889 3536 runt,
1919 3470 2101 3523 animo
2133 3467 2386 3537 conspici
2416 3469 2858 3539 haudquaquam
2885 3474 3086 3540 possit.
3116 3473 3324 3539 Quem-

1739 3562 2036 3618 admodum
2079 3561 2156 3615 ait
2186 3575 2325 3615 avus
2371 3573 2529 3614 meus
2562 3559 2777 3614 David:
2816 3578 2835 3611 ι
2878 3560 2937 3615 In
2982 3561 3103 3615 loco
3134 3563 3322 3617 taber-

1732 3651 1913 3711 naculi
1935 3650 2265 3707 admirabilis
2300 3666 2480 3719 usque
2532 3649 2600 3704 ad
2637 3649 2860 3703 domum
2912 3650 3027 3705 Dei.
3078 3649 3139 3705 1n
3188 3667 3324 3707 voce

1739 3743 2127 3802 exsultationis
2156 3752 2210 3798 et
2249 3740 2623 3798 confessionis
2654 3755 2826 3796 sonus
2853 3741 3202 3811 epulantium
3234 3754 3316 3796 α.»

1816 3835 1907 3892 Sic
1937 3834 2158 3906 quidem
2186 3833 2278 3887 Dei
2326 3831 2604 3895 Genitrix,
2637 3839 2693 3887 et
2728 3831 2890 3900 cujus
2924 3832 3111 3902 lingua
3135 3832 3324 3887 distil-

1742 3930 1818 3984 lat
1868 3927 2106 3984 dulcedo
2157 3925 2437 3996 spiritus:
2484 3932 2539 3979 et
2569 3943 2587 3975 ι
2634 3925 2689 3979 in
2743 3922 2904 3991 cujus
2946 3924 3113 3980 labiis
3145 3925 3324 3994 gratia

1744 4022 1943 4078 diffusa
1977 4029 2062 4076 est
2096 4020 2143 4073 δ.
2180 4039 2198 4071 ι
2230 4018 2341 4073 Nos
2374 4024 2582 4082 autem,
2618 4016 2843 4077 fratres.
2878 4018 3008 4087 quid
3041 4017 3226 4073 dicere
3256 4018 3326 4073 ad

1746 4113 1861 4167 haec
1902 4119 2145 4182 oportet,
2182 4110 2289 4165 nisi
2335 4116 2395 4163 ut
2435 4108 2807 4163 admiratione
2838 4122 3171 4164 veneremur
3218 4106 3329 4163 im-

1744 4214 1997 4253 mensum
2017 4212 2269 4265 magnam
2300 4197 2667 4266 universaque
2700 4197 3116 4266 sapientissime
3133 4197 3325 4267 dispo-

1756 4294 1975 4344 nentem
1998 4286 2653 4358 providentiamdicentes
2680 4304 2733 4340 ε(
2757 4284 2802 4341 Ο
2829 4287 3062 4341 altitudo
3091 4288 3314 4342 divitia-

1748 4395 1868 4433 rum
1912 4377 2205 4449 sapientia:
2226 4382 2283 4430 et
2304 4378 2554 4431 scientia:
2592 4376 2690 4431 Dei
2711 4377 2724 4430 ι
2747 4392 2912 4446 quam
2934 4377 3324 4433 inscrutabilia

73 4482 173 4535 ὁδοὶ
201 4483 409 4538 αὑτοῦι
447 4502 468 4535 ι
533 4483 630 4536 καὶ
659 4483 759 4536 ὅσα
781 4480 908 4551 ἑξῆς
957 4479 1052 4533 τοῦ
1101 4478 1285 4548 λόγου.
1342 4476 1503 4539 Θείας
1532 4474 1636 4544 γὰρ

1811 4476 1877 4525 ut
1897 4468 2108 4547 judicia
2129 4467 2272 4537 ejus,
2293 4477 2344 4523 et
2378 4468 2918 4538 impervestigabiles
2946 4468 3047 4522 via:
3069 4468 3190 4538 ejus
3218 4478 3241 4507 ο
3269 4470 3318 4522 ι»

138 4657 346 4714 Iloan.
385 4674 549 4725 ινιιι,
604 4660 661 4713 2.
737 4667 768 4706 γ
800 4654 997 4711 Matth.
1056 4671 1207 4723 xxvr,
1246 4652 1334 4708 59.

104 4743 173 4795 ιι,
215 4730 313 4794 55,
379 4729 475 4784 54.

1443 4661 1465 4688 ⁸
1498 4649 1633 4705 ibid.
1669 4649 1763 4707 49.

1864 4657 1883 4678 ·
1914 4646 2058 4702 Psal.
2118 4659 2227 4709 xu,
2258 4642 2311 4707 5,
2371 4641 2424 4697 6.
2501 4645 2530 4685 δ
2564 4643 2713 4700 Psal.
2755 4659 2900 4706 κων,
2948 4642 3003 4697 5.
3078 4644 3099 4672 ⁸
3153 4641 3322 4700 Rom.

1354 4785 1590 4841 VARIIE
1623 4783 2028 4842 LECTIONES.

151 4911 229 4945 ’δ’
248 4908 601 4983 Ἀκηρύκτῳ,
632 4906 821 4972 tacita,
857 4912 1087 4961 secreta.

1197 4906 1241 4937 ⁸⁸
1266 4903 1450 4956 Κλαυο
1460 4902 1597 4972 μὼν,
1630 4902 1809 4958 fletus.

1362 5055 1752 5113 COMBEFISII
1789 5054 2020 5120 ΝΟΤιΕ,

120 5160 239 5231 (‘75)
283 5160 600 5231 Irrequieta‘
619 5173 760 5231 voce.
807 5154 1127 5231 ’quptixctp
1158 5152 1331 5223 φωνῇ.
1360 5151 1515 5231 Velut
1545 5151 1647 5231 dit-

60 5220 133 5287 ι’ιέ
170 5220 506 5301 metaphora
531 5245 560 5282 a
590 5228 756 5301 bello,
802 5220 1332 5301 (μιοιΪ-άκῆρυκτον,
1359 5238 1467 5276 ιιοιι
1502 5220 1646 5301 indi-

56 5311 230 5365 ctum,
265 5293 635 5369 ac'przeronis
663 5313 793 5351 voce
820 5293 1135 5369 'etsolemni
1171 5294 1278 5346 ritu
1302 5308 1367 5345 ex
1403 5293 1645 5369 gentium

48 5370 168 5436 jmc
206 5363 605 5425 denuntiatum
635 5409 651 5436 ,
714 5366 1249 5421 truculentissimum
1304 5377 1443 5436 esse
1485 5363 1644 5436 solet.

49 5433 106 5511 {te
142 5442 536 5511 implacabile,
591 5433 736 5511 velut
765 5440 829 5511 ad
861 5436 1314 5511 internecionem.
1354 5433 1449 5489 Vel
1481 5433 1645 5487 etiam

43 5506 405 5566 fuerit-idem
433 5518 600 5579 atque
647 5510 727 5569 τὸ,
762 5506 1067 5579 ἁλαλῄτως,

114 5583 242 5653 (76)
264 5570 673 5653 Quo,iuq'uain.
705 5579 858 5633 vallis
879 5570 1646 5653 Cia_ut_lt_monis.'Retinuimus

34 5642 434 5718 Hoirieir‘illud
471 5642 598 5704 cum
638 5651 932 5718 interprete
971 5644 1134 5709 LXX,
1171 5646 1224 5698 in
1272 5642 1453 5718 Judic.
1498 5656 1553 5699 ιι,
1587 5649 1642 5694 et

28 5713 68 5767 η
127 5723 297 5793 Ιῖυετί
331 5737 385 5793 v.
438 5719 637 5793 Posset
675 5713 797 5793 cum
848 5716 1177 5786 Hieronymo
1230 5716 1367 5793 psal.
1411 5726 1639 5793 DXXMII,

21 5785 432 5850 reddi'Valtis
473 5791 649 5860 ﬂetus.
697 5788 813 5844 Non
870 5785 1065 5843 outncs
1089 5785 1464 5849 consentiunt,
1520 5797 1642 5836 esse

1752 5149 1895 5203 hanc
1932 5147 2150 5212 vallem,
2209 5146 2404 5200 vallem
2449 5141 2744 5214 Josaphat,
2805 5156 2910 5214 qua
2947 5140 3013 5195 de
3069 5154 3130 5214 re
3170 5139 3327 5214 plura

1750 5220 1997 5287 disputat
2050 5207 2277 5287 Bonfret
2301 5214 2484 5268 Judic.
2527 5207 2599 5270 ιι.’
2632 5212 2705 5267 De
2735 5207 3025 5287 valleitem
3061 5207 3331 5287 .losapl:.it

1752 5280 1906 5358 plura
1928 5286 2147 5358 Adrich.
2176 5286 2414 5339 'l‘heatro
2437 5293 2594 5339 terra:
2608 5292 2833 5358 sanctae.
2855 5280 3141 5358 Qum-esui.
3165 5281 3329 5358 etiam

1754 5348 1885 5413 ἱοιιι.
1916 5359 1955 5410 ll
1984 5355 2256 5409 Elucidat.
2286 5364 2441 5409 terrm
2466 5362 2683 5407 sancire.
2720 5350 2818 5404 Ubi
2847 5349 3011 5401 etiam
3048 5348 3114 5399 de
3148 5350 3333 5414 supul-

1751 5444 1846 5481 cro
1879 5426 2140 5494 Josaphat
2169 5426 2222 5479 in
2254 5440 2317 5477 ea
2357 5424 2496 5477 valle
2521 5465 2534 5483 ,
2572 5420 2718 5494 quod
2760 5426 2954 5494 auctor
2993 5416 3079 5470 hic
3118 5432 3333 5494 memo-

1755 5507 1836 5550 rat
1875 5516 1887 5550 :
1921 5513 1985 5550 ac
2014 5486 2156 5551 bene.
2193 5493 2435 5549 ostendit
2471 5486 2786 5546 non'fuisse
2818 5489 2871 5541 in
2907 5502 2972 5541 eo
2998 5486 3333 5541 tumulatqu

1754 5583 1932 5637 regem
1956 5565 2243 5634 Jos:tphat,
2278 5565 2606 5637 reclamante
2652 5558 2936 5637 Scriptura
2962 5574 2977 5623 ;
3006 5565 3169 5637 atque
3198 5560 3335 5637 adeo

1752 5625 1974 5691 ativundc
2007 5625 2202 5689 nomen
2230 5635 2480 5689 sortitam
2509 5646 2625 5685 eam
2664 5625 2879 5693 vallem,
2911 5641 3075 5697 quam
3112 5625 3179 5697 ab
3202 5626 3335 5697 ejus

1752 5709 2053 5775 Sepultum;
2095 5706 2253 5775 forte,
2296 5704 2363 5756 ab
2410 5701 2640 5755 mdil‘tcio
2675 5699 2883 5775 aliquo,
2915 5694 3026 5753 "vel
3060 5710 3089 5749 a
3117 5694 3333 5767 judicio

1750 5772 1894 5846 quod
1938 5777 2050 5831 illic
2081 5778 2131 5829 iu
2163 5774 2482 5828 idololatras
2515 5772 2781 5835 exercuit,
2815 5778 2923 5824 etc.
