3790 6202
208 377 320 444 1065

1204 375 1287 435 1N
1329 360 1879 434 DORMITIONEM
1920 369 1981 428 s.
2022 337 2312 427 Mittis.
2352 364 2405 425 ι.

3300 363 3436 425 l‘JCﬁ

211 489 554 563 περικείμενον
585 488 810 559 κόσμον.
837 487 971 541 Ὑπὸ
1006 484 1196 540 τοῦτον
1234 484 1325 538 τὸν
1363 480 1648 553 ὑπερφερῆ
1685 496 1744 532 τε

1933 484 2056 529 rret.
2094 474 2213 530 Sub
2236 489 2302 529 ea
2331 472 2667 544 prazcellenti
2698 484 2971 542 sacraque
2996 468 3180 536 domo,
3220 478 3274 526 tu
3304 474 3431 528 uetiti

212 582 285 634 ul
318 578 649 649 ίερότευκτον
686 573 854 643 οἷκον,
893 576 1232 646 κατανόησον
1275 574 1367 627 τὸν
1410 570 1747 642 νυμφοδόχον

213 671 285 724 καὶ
314 669 631 741 παρθενικὸν
662 669 762 738 τῆς
796 667 1056 721 Θεοτόκου
1099 665 1286 735 σηκόν,
1324 660 1659 732 Περίδλεψαι
1692 651 1747 712 δὲ

213 766 296 825 τοῖς
320 762 419 831 τῆς
444 760 678 823 πίστεως
708 758 922 828 ὄμμασι
969 757 1078 810 τῶν
1113 755 1492 826 ίερογράπτων
1522 752 1619 822 τῆς
1652 748 1750 820 βα-

216 854 372 915 σιλίδος
408 851 582 923 μελῶν
617 851 720 921 τὴν
754 849 1098 904 κατάκλισιν.
1129 848 1233 902 Ἦν
1272 847 1374 899 οὐκ
1408 845 1489 907 είς
1534 840 1749 913 μακρὰν

218 945 294 1014 τῆς
322 943 557 1013 κηδείας,
597 942 922 1011 μεταθέντος
957 941 1126 1009 αὐτῆς
1162 937 1257 992 τοῦ
1296 936 1444 1008 ἱεροῦ
1483 936 1747 1006 σκήνους,

221 1040 261 1089 ai
282 1035 380 1088 κατ’
395 1035 559 1104 αὐτῆς
588 1033 960 1087 κοιλανθεῖσαι
987 1033 1088 1101 τῆς
1118 1030 1324 1100 πέτρας
1351 1026 1747 1097 ὑπογλυφίδες,

222 1125 603 1196 ἀχειροτεύκτως
640 1122 1074 1178 ἐνετυπώσαντο.
1118 1122 1387 1191 Εὑρήσεις
1425 1117 1615 1171 αὐτόθι
1657 1119 1751 1171 καὶ

223 1221 296 1286 τὴν
322 1217 717 1286 καταντήσασαν
743 1217 1029 1287 χρησίμως
1056 1214 1163 1267 τῶν
1192 1212 1535 1283 ίερομυστῶν
1561 1209 1750 1279 ἄθροι-

226 1328 313 1370 σιν,
337 1312 395 1379 τῇ
435 1308 572 1362 κατά
611 1308 737 1362 νοῦν
774 1302 977 1379 θεωρίᾳ
1021 1306 1300 1376 μυστικῶς
1339 1303 1709 1375 ἐρευνώμενος
1733 1317 1747 1331 ’

226 1402 540 1471 συμπαρεῖναι
570 1400 681 1469 γὰρ
715 1400 835 1453 τότε
872 1402 1034 1469 φησιν
1066 1403 1093 1453 ὁ
1129 1399 1478 1471 ἱεροφάντης,
1514 1396 1634 1450 κατ’
1659 1395 1750 1448 εὐ-

225 1494 366 1546 δακίαν
401 1493 702 1560 ἄφραστον,
746 1493 845 1544 οὐκ
891 1491 1276 1562 εὐαριθμήτων
1316 1489 1616 1562 ίεροφόρων
1654 1491 1752 1544 ἀν-

225 1582 331 1651 δρῶν
351 1582 578 1652 ἀγυρμα.
605 1582 693 1644 Ὡς
722 1580 786 1633 ἂν
810 1577 900 1634 οὖν
925 1582 1024 1651 τῆς
1048 1580 1287 1641 διανοίας
1312 1579 1421 1632 τῶν
1446 1576 1753 1648 εἰρημένων

226 1672 465 1741 ἁξώμεθα,
499 1672 633 1742 φέρε
668 1673 736 1743 τῇ
777 1672 1136 1742 μυσταγωγίᾳ
1168 1668 1263 1723 τοῦ
1298 1670 1443 1723 θείου
1477 1685 1752 1739 χειραγω-

225 1762 429 1831 γούμενοι
454 1760 588 1813 Πνεό
600 1777 767 1831 ματος
788 1802 801 1825 ,
829 1761 1173 1831 συλλήπτορα
1194 1760 1289 1814 τοῦ
1312 1758 1471 1829 λόγου
1495 1760 1590 1829 τὴν
1631 1760 1756 1830 Μη-

1855 567 2005 637 quod
2039 582 2302 638 sponsam
2334 567 2566 637 recepit,
2603 580 2667 621 ac
2702 565 2972 636 virginale
3004 564 3097 619 Dei
3133 563 3438 648 Genitricis

1855 660 2148 715 considera
2183 660 2428 731 adytum.
2454 657 2831 728 Circumspice
2871 673 3000 714 vero
3040 658 3165 713 tidei
3211 658 3439 713 inmitti-

1856 749 1981 806 bus.
2017 751 2343 807 decubantis
2389 751 2592 821 reginae
2639 752 2858 820 depicta
2909 752 3158 807 membra
3193 752 3366 823 (brevi
3410 769 3442 807 a

1860 843 2056 901 funere
2081 861 2246 900 sacro
2278 840 2401 916 ejus
2429 847 2702 902 translato
2725 847 3107 919 tabernaculo)
3138 848 3287 903 nulla
3323 864 3443 902 ma-

1859 943 2029 990 mium
2062 950 2233 1005 opera
2268 948 2500 992 cavante
2536 939 2679 1005 ipsa,
2729 941 3011 993 cmlaturis
3049 950 3221 1008 petra:
3257 939 3443 993 defor-

1859 1037 2026 1080 mata.
2062 1026 2365 1084 Sacrorum
2401 1028 2533 1085 item
2556 1029 2855 1086 doctorum
2887 1040 3096 1086 coetum
3133 1041 3445 1101 opportune

1860 1126 2281 1187 occurrentem_
2316 1121 2519 1176 mentis
2584 1119 3054 1191 contemplatione
3121 1124 3447 1192 spiritaliter

1862 1214 2167 1271 scrutatus,
2202 1208 2317 1264 illic
2350 1200 2455 1265 loci
2490 1211 2793 1267 inveneris.
2851 1213 2945 1265 Ait
2996 1213 3142 1268 enim
3178 1228 3335 1269 sacer
3364 1216 3448 1269 in-

1861 1304 2102 1366 terpres,
2134 1297 2404 1353 ineli'abili
2440 1298 2533 1355 Dei
2583 1300 2933 1370 beneplacito
2980 1316 3045 1356 ac
3078 1302 3444 1370 providentia,

1861 1402 2212 1443 numerosam
2240 1389 2352 1445 Deo
2385 1392 2693 1446 alilatorum
2731 1393 2975 1446 virorum
3011 1394 3445 1457 multitudinem,

1863 1494 1970 1533 una
2028 1488 2164 1538 tunc
2199 1481 2471 1539 adfuisse.
2531 1484 2602 1539 Ut
2655 1483 2825 1554 igitur
2882 1500 3110 1539 sensum
3166 1472 3447 1539 dictorum

1862 1572 2377 1642 appreltendamus,
2456 1591 2596 1646 age,
2668 1577 2915 1631 ductrice
2970 1576 3143 1631 divim
3205 1577 3449 1647 Spiritus

1861 1662 2117 1718 doctrina
2171 1680 2370 1730 sacra,
2422 1666 2713 1722 Sermonis
2771 1666 3030 1735 Matrem,
3069 1669 3317 1724 sermoni
3352 1684 3450 1737 pa-

1862 1762 2079 1808 tronam
2105 1764 2159 1810 et
2182 1756 2516 1826 adjutricem
2550 1759 2914 1816 asciscamus.
2943 1740 3112 1833 Plane
3166 1762 3313 1816 enim
3350 1763 3452 1816 ad-

225 1858 329 1925 τέρα
347 1855 428 1908 τοῦ
453 1856 624 1923 Λόγου
654 1854 960 1925 ποιώμεθα,
992 1855 1268 1925 Παρέσται
1297 1852 1407 1924 γὰρ
1438 1851 1755 1922 ἀγαθοδότις

1933 1844 1971 1896 it
2002 1834 2168 1898 velut
2212 1846 2341 1900 boni
2377 1848 2655 1921 largitrix,
2690 1864 2755 1904 ac
2779 1862 2945 1920 supra
2990 1865 3156 1921 quam
3210 1853 3451 1921 petimus

226 1943 346 2011 ein,
383 1946 659 2011 διδάξουσά
705 1963 765 1998 τε
811 1948 905 1999 καὶ
954 1945 1276 1999 συνετιοῦσα
1318 1944 1505 2009 πλέον,
1551 1944 1585 2015 ἢ
1630 1945 1756 1997 ὅσον

226 2041 346 2107 ipsi;
378 2038 809 2110 παραιτούμεθα.
839 2038 1001 2093 Ἀλλά
1037 2055 1129 2108 μοι
1167 2038 1262 2090 καὶ
1299 2037 1460 2100 αὐτὸς
1498 2036 1755 2107 παρείης,

224 2129 463 2199 ὑφηγητά,
503 2128 680 2198 μύστα
719 2130 813 2182 καὶ
848 2128 1023 2199 θεωρὲ
1057 2126 1173 2180 τῶν
1202 2126 1484 2197 ἀλήπτων,
1524 2127 1619 2180 καὶ
1657 2129 1757 2198 τῆς

224 2221 389 2291 σκηνῆς
415 2222 507 2291 τῆς
536 2220 797 2292 ἀληθινῆς
827 2219 1098 2292 ίεροθύτα,
1127 2222 1223 2276 καὶ¹
1248 2222 1360 2285 τοῖς
1387 2221 1499 2281 σοῖς
1528 2218 1755 2290 ἐμφιλο-

221 2317 378 2383 χωρεῖν
408 2312 638 2367 ἐθέλοντι
673 2313 1011 2389 χειραγωγὸς
1048 2313 1195 2385 εἴης,
1231 2312 1499 2384 καὶ-πρὸς
1531 2312 1630 2382 τὴν
1662 2309 1757 2363 τοῦ

220 2405 507 2476 ζητουμένου
548 2406 783 2476 δύναμιν
816 2405 1073 2469 ἀπλανῶς
1113 2405 1473 2477 καθοδηγοίης
1516 2421 1618 2475 μου
1657 2403 1759 2474 τὴν

217 2494 417 2549 διάνοιαν
439 2500 504 2568 τῇ
532 2498 771 2568 ὲποπτίᾳ
806 2498 905 2568 τῆς
942 2495 1211 2568 μυστικῆς
1249 2493 1759 2565 ἁντιλήψεως.’Δεί-

220 2603 346 2638 κνυσι
361 2589 535 2640 τοίνυν
566 2589 657 2641 διὰ
676 2589 785 2642 τῶν
803 2587 997 2642 ἑαυτοῦ
1020 2589 1195 2657 λόγων
1226 2589 1358 2658 ἡμῖν
1386 2590 1414 2641 ὁ
1447 2584 1755 2649 θεσπέσιος,

217 2679 277 2742 ὡς
301 2682 431 2745 ἄπας
458 2683 642 2752 σχεδὸν
669 2679 776 2735 τῶν
808 2682 967 2753 ἱερῶν
996 2682 1311 2736 ἀποστόλων
1336 2683 1364 2735 ό
1390 2679 1598 2744 θίασος,
1625 2678 1759 2750 περὶ

215 2771 263 2821 τὸ
290 2773 467 2823 σεπτὸν
499 2775 678 2825 έκεῖνο
712 2777 807 2825 καὶ
843 2773 987 2842 μέγα
1016 2772 1115 2843 τῆς
1148 2772 1491 2842 Θεομήτορος
1525 2769 1758 2841 συνεγή-

214 2876 351 2928 γερτο
387 2862 629 2935 θέατρον,
665 2867 759 2917 καί
794 2866 917 2928 τοὺς
954 2855 1062 2919 δινά
1101 2866 1281 2918 πᾶσαν
1320 2862 1758 2935 διεσπαρμένους

212 2955 293 3024 τὴν
316 2957 410 3025 γῆν
440 2958 716 3028 μαθητὰς,
751 2957 866 3029 ἅμα
895 2957 1018 3010 τότε
1054 2957 1530 3028 συνειλεγμένους,
1566 2950 1643 3011 ὧν
1676 2950 1757 3019 εἷς

211 3041 268 3116 ἦν
299 3052 382 3102 καὶ
414 3052 570 3114 αὐτὸς
607 3054 703 3105 σὺν
739 3051 988 3123 Τιμοθέῳ
1022 3053 1115 3104 καὶ
1146 3051 1390 3122 Ἱεροθέῳ
1421 3054 1534 3113 τοῖς
1569 3050 1757 3104 θεοσό-

1859 1937 2102 1994 docebit.
2142 1939 2248 1994 Sed
2279 1949 2334 1994 et
2374 1940 2490 2009 ipse
2531 1942 2807 2012 interpres
2835 1958 3017 2009 sacer,
3059 1943 3363 2016 ductorque
3396 1958 3451 2002 et

1860 2039 2144 2099 spectator
2189 2045 2376 2084 rerum
2413 2032 2914 2102 comprehensione
2947 2035 3261 2106 majorum,
3300 2038 3449 2101 veri-

1860 2134 1967 2189 que
2017 2120 2366 2176 tabernaculi
2424 2123 2712 2191 sacerdos,
2763 2125 2900 2180 mihi
2950 2126 3126 2193 adsis,
3177 2142 3279 2183 nec
3339 2127 3452 2182 tuis

1858 2210 2100 2268 libenter
2128 2213 2473 2281 immoranti,
2512 2230 2614 2270 ceu
2659 2224 2827 2271 manu
2861 2218 3153 2273 ductorem
3189 2227 3300 2274 lete
3347 2220 3449 2274 ab-

1861 2304 2070 2370 nueris,
2128 2316 2487 2377 mentemque
2536 2322 2715 2363 meam
2770 2316 2832 2363 ut
2887 2309 2998 2365 vim
3060 2310 3274 2380 quaesiti
3328 2310 3452 2366 sine

1862 2410 2062 2451 errore
2094 2398 2464 2467 perspexerit,
2505 2398 2854 2468 inspectione
2877 2414 2942 2456 ac
2981 2402 3148 2457 tutela
3180 2388 3450 2473 spiritalis

1860 2487 2051 2542 auxilii
2085 2488 2380 2546 direxeris.
2426 2490 2718 2562 Signiﬁcat
2760 2494 2954 2564 itaque
2995 2494 3176 2551 verbis
3213 2497 3332 2552 suis
3362 2496 3451 2549 vir

1860 2579 2236 2649 admirabilis,
2305 2591 2486 2639 totum
2544 2585 2663 2641 fere
2726 2587 3106 2657 apostolorum
3163 2599 3445 2645 sacratum

1861 2674 2118 2742 chorum,
2145 2677 2214 2731 ad
2244 2681 2561 2737 venerabile
2590 2681 2729 2737 illud
2766 2692 3140 2755 magnumque
3184 2684 3279 2741 Dei
3330 2683 3449 2740 bla-

1860 2764 1965 2820 tris
1990 2774 2250 2821 coactum
2290 2772 2699 2839 spectaculum,
2741 2772 3164 2846 discipulosque
3200 2792 3299 2846 per
3325 2778 3453 2832 uni-

1862 2873 2080 2914 versam
2111 2866 2318 2914 terram
2351 2862 2661 2931 dispersos,
2693 2880 2803 2919 una
2835 2878 2965 2921 tunc
2990 2866 3170 2924 fuisse
3210 2884 3451 2942 congre-

1858 2967 2037 3027 gatos.
2091 2957 2164 3013 De
2219 2972 2457 3027 quorum
2514 2960 2633 3029 ipse
2677 2976 2910 3016 numero
2944 2961 3068 3026 fttit,
3103 2979 3228 3017 cum
3261 2962 3451 3019 divine

1860 3049 2203 3119 sapientibus
2235 3048 2530 3105 'I'imotbeo
2565 3059 2734 3121 atque
2781 3048 3083 3109 liierotbeo
3112 3070 3125 3107 :
3162 3072 3181 3106 ι
3224 3056 3359 3110 Cum
3394 3065 3450 3111 et

214 3155 333 3206 φοις.
361 3159 378 3192 t
414 3142 600 3194 Ἠνίκα
631 3143 770 3212 γὰρ,
802 3144 963 3213 φησὶ,
994 3143 1087 3195 καὶ
1116 3144 1305 3213 ἡμεῖς,
1336 3141 1411 3206 ὡς
1442 3137 1631 3205 οἶσθα,
1662 3142 1755 3195 καὶ

1938 3160 1983 3205 s,
2018 3145 2313 3214 inquithnt
2345 3145 2533 3205 nosti.
2566 3155 2621 3199 et
2664 3155 2759 3209 tu,
2809 3157 2863 3201 et
2910 3148 3067 3202 multi
3118 3165 3184 3204 ex
3235 3150 3450 3205 sanctis

213 3232 369 3299 αὐτὸς,
396 3236 484 3287 καὶ
515 3234 699 3288 πολλοὶ
728 3234 837 3287 τῶν
868 3235 1029 3306 ἱερῶν
1056 3238 1089 3305 ἡ
1099 3234 1216 3305 μῶν
1244 3234 1509 3304 ἀδελφῶν,
1542 3236 1634 3287 ἐπὶ
1659 3236 1758 3303 τὴν

214 3323 324 3378 θέαν
341 3328 425 3380 τοῦ
452 3327 757 3398 ζωαρχικοῦ
780 3321 878 3381 ’καὶ
906 3328 1158 3396 θεοδόχου
1186 3327 1439 3397 σώματος
1466 3325 1760 3395 συνεληλύ-

214 3414 379 3486 θαμεν.
412 3438 430 3469 ι
460 3418 774 3490 Ζωαρχικὸν
798 3419 855 3472 δὲ
887 3418 1048 3489 σῶμα
1070 3418 1262 3472 οὐδ’ἂν
1290 3418 1417 3470 ἄλλο
1444 3420 1757 3486 νοήσοιμεν,

211 3507 330 3578 πλὴν
357 3511 445 3564 τοῦ
484 3511 732 3582 θεοδόχου
775 3512 870 3565 καὶ
912 3509 1243 3580 παρθενικοῦ
1291 3512 1551 3579 σκήνους,
1597 3508 1655 3575 ἐξ
1697 3503 1759 3563 οὗ

209 3594 290 3652 καὶ
313 3601 367 3654 τὸ
393 3603 724 3674 πρόσλημμα
750 3601 959 3667 θεώσας
988 3604 1015 3655 ὁ
1044 3601 1397 3672 ὑπερούσιος,
1432 3603 1524 3655 καὶ
1555 3603 1634 3665 εἰς
1663 3601 1757 3654 οὐ-

210 3693 314 3747 σίαν
334 3695 539 3765 ἀληθῶς
566 3694 738 3749 ἐλθὼν
755 3735 769 3760 ,
797 3696 934 3766 ὑπὲρ
960 3696 1150 3749 οὐσίαν
1173 3692 1434 3765 οὑσιώθη.
1459 3694 1534 3746 Οὐ
1564 3694 1673 3763 γὰρ
1696 3692 1758 3746 τὸ

207 3786 504 3842 Δεσποτικόν
523 3806 537 3818 ·
563 3790 646 3842 ὅτι
675 3789 751 3859 μὴ
779 3789 885 3860 πρὸ
908 3787 1002 3842 τοῦ
1034 3788 1237 3852 πάθους
1264 3787 1517 3858 παρῆσαν
1540 3789 1588 3841 οἰ
1622 3785 1761 3857 μετὰ

205 3878 258 3929 τὸ
281 3880 438 3944 πάθος
462 3880 873 3945 πιστεύσαντες.
906 3901 924 3932 ι
954 3881 1299 3953 Θεολήπτους
1328 3881 1385 3934 δὲ
1416 3883 1698 3953 ίεράρχας,
1735 3900 1754 3933 ι

203 3972 311 4032 τοὺς
334 3972 599 4038 θιασώτας
625 3971 778 4043 οἶμαι
800 3973 910 4028 τῶν
933 3973 1213 4044 μαθητῶν,
1237 3975 1312 4038 ὼς
1336 3974 1637 4048 προέδρους
1662 3972 1758 4025 τοῦ

201 4059 364 4132 λόγου,
411 4067 597 4135 σαφῶς
626 4067 859 4120 ἐνταῦθα
907 4067 1229 4137 παραδηλοῖ.
1283 4068 1393 4121 Καὶ
1442 4066 1760 4138 θαυμαστὸν

197 4154 363 4222 οῦδὲν,
390 4160 438 4210 εἰ
469 4153 533 4210 τδ
565 4158 770 4227 ἐξᾶραν
803 4155 992 4209 ⁹ίιλίαν
1022 4156 1242 4228 πνεῦμὰ
1275 4174 1405 4211 ποτε
1427 4197 1442 4222 ,
1474 4159 1568 4210 xal.
1597 4157 1758 4228 διφρ-

197 4243 375 4319 ελατην
395 4248 627 4320 οὐρανοῦ
656 4248 936 4319 πυρφόρον
965 4249 1231 4302 ἀναλαϐὸν
1255 4252 1402 4319 ἄρτι,
1427 4251 1546 4304 τότε
1574 4250 1761 4305 κάκεί-

196 4352 306 4398 νους
341 4336 600 4408 ἐξαπίνης
642 4338 919 4409 συνήγαγε
963 4338 1052 4393 διὰ
1093 4340 1322 4412 νεφέλης
1363 4342 1420 4393 ὲν
1461 4340 1756 4412 πνεύματι.

203 4425 387 4499 Ῥᾷστα
411 4432 521 4501 γὰρ
552 4431 730 4484 πάντα
756 4430 894 4502 Θεῷ,
921 4425 1099 4494 καθὼς
1129 4433 1185 4485 ὲν
1207 4432 1284 4503 τῷ
1311 4433 1637 4504 Ἀμδακοὺμ
1663 4435 1759 4488 καὶ

190 4521 253 4590 τῷ
284 4526 484 4595 Δανιὴλ
518 4524 784 4595 ἔγνωμεν.

1865 3234 2132 3288 fratribus
2164 3236 2401 3299 nostris,
2432 3236 2498 3289 ad
2526 3251 2731 3306 corpus
2783 3238 2929 3307 quod
2954 3240 3082 3294 vita:
3112 3244 3448 3313 principium

1864 3326 2133 3390 dedisset,
2177 3324 2463 3395 Deumque
2487 3330 2853 3397 suscepisset,
2895 3333 3277 3387 contuendum
3314 3352 3452 3390 con-

1864 3415 2228 3470 vcnissemus.
2264 3433 2283 3466 ι
2315 3414 2589 3470 Caeteruin
2639 3418 2855 3473 nullum
2917 3418 3068 3473 aliud
3120 3423 3455 3487 cogitaveri-

1863 3522 1985 3561 mus
2016 3506 2227 3562 dictum
2270 3508 2628 3563 zoarcbicum
2653 3523 2880 3581 corpus,
2916 3522 3117 3582 prazter
3145 3514 3278 3569 illud
3301 3517 3451 3586 quod

1860 3605 2030 3656 vitam
2056 3601 2346 3669 edidisset,
2366 3616 2433 3657 ac
2454 3602 2728 3673 virginale
2757 3605 3180 3660 tabernaculum
3203 3625 3218 3674 ;
3247 3624 3313 3662 ex
3340 3625 3452 3679 quo

1860 3694 2028 3771 etiam
2064 3702 2407 3764 assumptam
2438 3708 2687 3761 carnem,
2714 3695 2761 3752 is
2792 3697 2889 3767 qui
2920 3697 3102 3767 major
3133 3699 3453 3758 substantia

1861 3793 1966 3852 est,
2002 3785 2296 3842 divinitate
2348 3787 2618 3853 donavit,
2657 3790 2888 3861 totaque
2933 3792 3173 3849 veritate
3216 3796 3284 3851 ad
3320 3796 3453 3852 sub-

1862 3882 2122 3936 stantiam
2151 3879 2381 3935 veniens
2402 3919 2417 3945 ,
2446 3881 2633 3935 altiori
2668 3897 2839 3953 supra
2870 3886 3246 3942 substantiam
3284 3890 3452 3944 modo

1860 3971 2229 4026 substantiam
2274 3972 2477 4029 induit.
2536 3971 2655 4028 Non
2716 3976 2863 4030 enim
2915 3977 3193 4047 ejusmodi
3249 3997 3453 4053 corpus

1862 4062 1999 4118 illud
2040 4063 2391 4118 Dominicum
2431 4063 2621 4120 fuerit.
2646 4063 2784 4120 Nam
2819 4082 2929 4122 non
2962 4068 3275 4128 adfuissent
3323 4083 3453 4129 ante

1861 4155 2218 4226 passionem,
2287 4154 2382 4225 qui
2449 4165 2576 4225 post
2661 4159 2980 4226 passionem
3053 4164 3448 4221 credidissent.

1867 4269 1885 4301 ι
1940 4248 2054 4304 Deo
2084 4257 2269 4303 autem
2309 4246 2526 4304 amatos
2567 4264 2859 4305 sacrorum
2919 4255 3244 4318 antistites,
3295 4278 3313 4309 ι
3356 4274 3450 4315 eos

1860 4352 1998 4412 puto
2057 4341 2207 4396 clare
2256 4340 2364 4396 ltoc
2419 4342 2544 4395 loco
2612 4341 2984 4413 signiﬁcatos,
3035 4348 3131 4415 qui
3183 4359 3373 4404 essent
3419 4367 3452 4406 e

1860 4433 2262 4503 discipulorum
2296 4431 2490 4500 cboro,
2524 4437 2787 4502 tanquam
2820 4437 2970 4491 verbi
3006 4437 3316 4508 praefectos.
3337 4441 3450 4498 Nec

1792 4528 1835 4581 D
1860 4528 2167 4598 quidquam
2207 4525 2437 4589 mirum,
2475 4533 2534 4580 ttt
2566 4525 2810 4597 Spiritus
2835 4529 2929 4598 qui
2963 4529 3245 4599 quondam
3292 4543 3453 4588 extu-

158 4584 330 4670 ‘liSScl
359 4615 558 4681 Eliam,
587 4620 948 4686 aurigamque
989 4618 1115 4674 caeli
1169 4614 1467 4687 igniferum
1530 4623 1952 4692 assumpsisset,
1989 4634 2087 4674 eos
2119 4619 2285 4671 etiam
2314 4628 2410 4685 per
2442 4618 2643 4672 nubem
2672 4618 2727 4674 in
2795 4608 2993 4693 Spiritu
3060 4624 3113 4677 id
3186 4629 3451 4696 temporis

128 4716 456 4762 -motnento
521 4712 967 4779 congregaverit.
1018 4708 1154 4764 Nam
1223 4719 1354 4765 sunt
1401 4712 1588 4765 omnia
1642 4710 1753 4768 Deo
1826 4712 2032 4775 facilia,
2096 4707 2564 4779 quemadmodum
2640 4708 2696 4762 in
2762 4708 3022 4767 llabacuc
3081 4723 3135 4768 et
3225 4713 3452 4774 Daniele

172 4806 431 4858 novimus
474 4800 527 4861 τε

236 4896 481 4958 Τούτους
521 4895 576 4967 δὲ.
616 4896 775 4960 ὅσους
816 4899 882 4952 ἂν
924 4900 1024 4951 οἴει
1060 4897 1203 4966 τότε,
1246 4900 1523 4971 ἀγαπητὲ,
1567 4900 1762 4964 ἄλλους

162 4992 394 5045 ἄλλοθεν
435 4992 672 5055 ὀπαδοὺς
719 4992 907 5046 αὐτόοι
952 4993 1406 5062 συνενεχθένταςς
1451 4994 1612 5067 τοῦτο
1652 4980 1771 5067 γὰρ¹

159 5084 321 5154 δηλοῖ
350 5084 445 5137 τό’
491 5103 511 5135 ¢
554 5083 666 5135 Kal.
701 5084 885 5137 πολλοὶ
917 5084 1026 5136 τῶν
1057 5084 1220 5153 ἱερῶν
1251 5085 1406 5155 ἡμῶν
1436 5086 1701 5155 ἀδελφῶν.
1734 5107 1754 5140 ι

174 5173 267 5236 Ὠς
296 5174 463 5241 δῆλον
492 5168 631 5225 εἶναι
660 5173 795 5241 μηδὲ
824 5171 931 5225 τῶν
958 5172 1187 5236 ἑπτάκις
1202 5174 1335 5227 δέκα
1353 5215 1367 5238 ,
1394 5174 1503 5227 τῶν
1531 5173 1656 5228 ὖστε
1669 5193 1757 5245 ρον

156 5263 638 5333 ἀναδεδειγμένων
675 5263 915 5334 Χριστοῦ
962 5262 1245 5335 μαθητῶν,
1287 5266 1654 5336 ὴμοιρηκέναι
1694 5265 1757 5319 τὸ

158 5353 458 5406 θεόλεκτον
493 5356 668 5407 ἐκεῖνο
712 5353 1005 5424 συνέδριον.
1048 5354 1288 5418 Εἰκότως
1330 5355 1439 5426 γὰρ
1478 5356 1604 5419 τοὺς
1654 5356 1753 5426 μὲν

155 5442 235 5507 ὡς
276 5446 679 5515 πρωτουργους
719 5443 839 5496 τοῦ⁹
860 5446 1161 5516 μυστηρίου
1198 5446 1295 5500 καὶ
1332 5445 1751 5518 φιλοθεάμονας,

158 5532 343 5596 ἐνίους
380 5533 438 5586 δὲ
472 5533 566 5586 καὶ
601 5535 932 5602 μετάὖτοὺς
968 5535 1150 5600 εὐθὺς,
1178 5535 1254 5599 ὡς
1288 5536 1355 5591 si
1388 5536 1620 5609 δεύτερα
1655 5540 1754 5610 τῆς

166 5621 454 5690 θεολογίας
494 5625 789 5694 φέροντας,
837 5624 1110 5693 Ilva-Spuri
1155 5624 1284 5696 θείῳ
1328 5625 1755 5691 συνελασθέντας

237 5801 254 5841 ⁸
303 5799 451 5855 Dan.
484 5816 595 5864 xiv,
627 5800 697 5859 95
756 5817 913 5871 seqq.

499 5899 761 5960 i‘a'rttOL.
793 5900 909 5959 GR.
954 5898 1202 5960 XCVII.

1933 4893 2014 4948 Tu
2046 4908 2199 4955 vero,
2251 4888 2479 4957 dilecte,
2526 4905 2695 4962 quam
2746 4893 2951 4950 multos
2992 4904 3160 4965 putas
3211 4914 3276 4954 ex
3325 4903 3451 4958 aliis

1859 4986 2114 5058 partibus
2150 4983 2266 5039 illic
2292 4984 2560 5039 societate
2603 4987 2975 5055 congressos?
3002 4987 3057 5042 ιιι
3092 4991 3238 5044 enim
3274 4993 3450 5062 signi-

1860 5080 1985 5131 ficat
2012 5076 2157 5146 quod
2212 5075 2330 5128 ait:
2387 5093 2406 5127 ι
2450 5073 2517 5130 Et
2574 5076 2734 5131 mulli
2781 5092 2853 5132 ex
2910 5081 3121 5135 sanctis
3180 5080 3450 5141 fratribus

1859 5170 2086 5225 nostris.
2119 5187 2138 5220 ι
2176 5162 2247 5223 Ut
2278 5167 2457 5238 palam
2502 5169 2575 5223 sit
2620 5185 2799 5240 neque
2835 5172 3189 5242 septuaginta
3224 5185 3448 5242 postre-

1857 5282 2007 5321 mum
2075 5275 2295 5321 creatos
2335 5261 2546 5320 Christi
2600 5265 2906 5335 discipulos
2973 5262 3219 5323 defuisse
3269 5269 3449 5326 electo

1862 5361 1940 5414 illi
1976 5377 2005 5414 a
2037 5358 2148 5414 Deo
2173 5357 2345 5413 ρωιυί
2380 5366 2547 5428 atque
2568 5350 2839 5412 concilio.
2872 5355 2980 5411 Par
3022 5359 3169 5414 enim
3209 5372 3329 5418 erat
3390 5372 3451 5419 ut

1861 5456 1979 5502 tum
2011 5449 2111 5512 illi,
2142 5449 2293 5503 velut
2335 5447 2432 5518 qui
2481 5447 2734 5519 primat-ii
2767 5448 2821 5502 in
2868 5450 3128 5521 mysterio
3161 5461 3352 5508 essent
3384 5470 3450 5510 ac

1865 5541 2173 5610 spectaculi
2227 5549 2499 5608 amantes,
2553 5547 2669 5594 tum
2746 5540 2837 5594 alii
2897 5550 3019 5611 post
3062 5557 3158 5599 cos
3220 5545 3446 5616 quidam

1864 5632 2057 5702 eisque
2087 5631 2348 5703 proximi,
2385 5638 2443 5686 ut
2471 5631 2567 5702 qui
2611 5635 2891 5688 secundas
2933 5620 2987 5688 in
3028 5635 3305 5707 theologia
3337 5634 3450 5695 fer-
