3790 6202
154 352 280 420 1077

1178 363 1257 424 IN
1294 358 1836 423 DORMITIONEM
1876 358 1939 418 S.
1978 356 2264 430 MARI/E.
2294 354 2381 415 ΙΙ.

3265 343 3431 413 1078~

158 464 350 535 ξωμεν,
372 463 467 517 τοῦ
502 464 651 536 ἡλίου
684 466 783 532 τὰς
814 469 1164 539 λαμπηδόνας
1199 470 1617 543 ὕπερπηδοῦσαν
1645 469 1724 541 τῷ

1862 468 2021 531 iceat,
2051 473 2146 521 aut
2178 474 2329 521 certe
2364 463 2450 518 vel
2483 461 2759 516 modicum
2805 472 3024 528 capere,
3082 466 3248 528 atque
3294 458 3410 514 haec

156 555 336 610 κάλλει
370 555 473 625 τῆς
503 556 750 624 ἀγλαΐας.
788 557 1053 613 Ἐνταῦθα
1077 559 1133 613 δὲ
1176 559 1271 613 τοῦ
1302 561 1463 629 λόγου
1497 561 1724 629 γενόμε-

159 663 258 711 νος,
297 646 465 700 καλὸν
509 642 660 718 οἶμαι
713 650 980 722 πρότερον
1030 651 1203 716 ἐνίους
1254 652 1363 707 τῶν
1420 652 1548 724 τῇδε
1594 668 1728 722 προ-

1827 558 2008 629 palam
2049 556 2311 620 discere;
2343 568 2409 609 ac
2453 554 2540 609 sin
2591 552 2797 617 minus,
2866 563 2989 619 qua:
3035 557 3287 618 spectant
3341 549 3408 604 ad

1829 647 2325 705 inetl'abilissimam
2357 644 2508 699 illam
2531 643 2735 714 vitam;
2763 650 2893 697 sunt
2915 641 3069 697 enim
3089 654 3151 695 ea
3180 641 3365 709 ignota
3394 658 3407 693 :

157 737 584 808 ασφαλίσασθαι,
614 738 693 802 ὡς
718 737 787 794 ἂν
810 739 887 813 μὴ
907 741 1073 813 τυχὸν
1099 742 1366 810 ἀνίπτοις,
1387 742 1452 797 τὸ
1478 742 1544 816 δὴ
1568 741 1729 812 λεγό-

1867 751 1887 798 ι
1920 743 2120 799 saltem
2154 754 2370 807 eorum,
2391 738 2596 811 quibus
2624 734 2992 808 praesidemus
3013 733 3206 801 hodie,
3231 746 3387 803 quan

161 844 340 899 μενον,
364 828 401 900 ἢ
418 828 671 897 ἀνάγνοις
697 831 825 885 ποσὶ
853 834 965 896 τοῖς
992 832 1171 902 ἁγίοις
1190 833 1629 906 προσϐάλλοιμεν
1659 833 1726 867 οι.

158 920 235 973 ὅτι
256 920 333 991 μὴ
362 922 528 974 πᾶσιν
556 920 752 991 ἐπίσης
788 921 1060 995 είσιτητὺς
1095 925 1130 998 ἢ
1169 924 1332 997 βατδς
1362 927 1391 981 ό
1424 925 1533 981 τῶν
1562 925 1735 995 ἁγίων

158 1010 333 1083 χῶρος
362 1025 379 1042 ο
416 1011 555 1084 πλὴν
593 1015 705 1077 τοῖς
725 1012 814 1068 διὰ
852 1014 1202 1089 καθαρότητα
1247 1015 1342 1075 νοῦ
1384 1017 1494 1073 τῶν
1534 1015 1736 1073 ὑλικῶν

160 1103 378 1156 πάντων
402 1102 801 1174 ὑπερανασᾶσι,
831 1106 928 1162 καὶ
952 1106 1132 1163 πάντα
1170 1108 1475 1181 περάσασιν
1502 1109 1604 1163 ὅσα
1631 1108 1739 1167 ὑπὸ

159 1196 254 1267 τὴν
279 1196 557 1268 αἴσθησινο
585 1194 667 1262 οἷς
695 1198 763 1253 ἂν
792 1198 1027 1269 μάλιστα
1055 1201 1149 1255 καὶ
1176 1202 1211 1274 ἡ
1235 1201 1621 1274 παναγεστάτη
1641 1200 1738 1257 τοῦ

161 1285 293 1340 Θεοῦ
326 1285 501 1358 σκηνὴ
538 1286 635 1350 τὰς
662 1288 931 1355 διεξόδους
967 1290 1431 1363 ἀναρριπίζουσα,
1479 1308 1742 1364 παραχω-

164 1382 245 1448 psi
282 1379 584 1450 φιλοτίμως
616 1380 715 1449 τὴν
745 1380 973 1448 είσοδον,
1012 1383 1110 1437 καὶ
1141 1384 1239 1455 τῆς
1273 1385 1471 1454 νοητῆς
1514 1384 1740 1438 πανδαι-

163 1471 303 1535 σίας,
333 1473 422 1541 ἐφ’
448 1473 517 1544 ἡν
537 1472 890 1545 ἐστιάθημεν,
925 1475 1264 1549 φιλοφρόνως
1293 1474 1741 1546 ἐπιδαψιλεύεται

161 1561 227 1616 τὰ
253 1561 484 1632 ὀψώνια.
520 1565 583 1618 El
611 1563 718 1636 γὰρ
743 1567 857 1629 τοῖς
878 1565 1016 1637 πρὸς
1040 1566 1121 1637 τῷ
1160 1567 1292 1621 Σινᾶ
1320 1567 1395 1638 μὴ
1435 1567 1557 1621 κατ’
1581 1564 1739 1632 ἀξίαν

163 1653 280 1724 ὄρει
308 1655 618 1727 προσϐῆναι
664 1656 957 1728 τολμηρῶς
1004 1657 1420 1728 αὐτομολοῦσιν,
1460 1659 1743 1731 ἀστραπαὶ

164 1745 255 1797 καὶ
284 1744 531 1816 βρονταὶ,
570 1744 664 1799 καὶ
691 1745 942 1816 δείματα,
976 1747 1410 1817 καὶδσαλπίγγων
1441 1745 1563 1821 ἦχοι
1593 1789 1608 1815 ,
1645 1751 1742 1804 καὶ

150 1835 388 1904 ,ἀπειλαὶ
421 1836 716 1907 φρικώδεις
747 1837 1113 1908 ἐνέσκηπτονς
1139 1837 1215 1902 ὡς
1247 1839 1306 1893 δὲ
1341 1841 1435 1893 καὶ¹
1462 1817 1558 1893 τοῦ
1593 1840 1741 1911 ίεροῦ
1776 1817 1817 1876 Β

161 1927 268 1981 τῶν
296 1929 498 2000 τοίχων
519 1929 859 1998 ἐφάπτεσθαι
882 1931 996 1995 τοῖς
1026 1932 1241 1997 πολλοῖς
1269 1933 1370 1993 οὐκ
1395 1928 1464 2006 ἦν
1479 1934 1742 2002 ἀσφαλὲς,

161 2022 254 2074 καὶ
283 2019 377 2074 διὰ
407 2019 567 2075 τοῦτο
599 2021 810 2075 δεῖσθαι
841 2022 1110 2094 δευτέρων
1133 2024 1329 2096 τοίχων
1356 2024 1466 2079 τῶν
1497 2025 1698 2092 ἔξωθεν
1727 2043 1741 2057 ·

159 2107 227 2183 ἦν
252 2111 316 2165 δέ
369 2112 461 2166 διὰ
509 2112 747 2183 σπουδῆς
770 2113 864 2167 καὶ
889 2107 1034 2186 μέγα
1060 2115 1121 2169 τὸ
1148 2115 1621 2186 προκαθαίρεσθαι
1646 2118 1746 2189 τῆς

160 2202 269 2257 τῶν
305 2202 481 2273 ἁγίων
506 2204 745 2276 ἐπαφῆς,
782 2206 875 2261 καὶ
908 2206 1016 2261 τῶν
1053 2206 1217 2279 ίερῶς
1237 2208 1578 2279 τελουμένων
1610 2224 1747 2279 προ-

161 2292 566 2349 διαστέλλεσθαι
591 2311 606 2326 ο
634 2297 729 2350 καὶ
755 2296 929 2352 ταῦτα
956 2300 1023 2369 τῇ
1062 2299 1191 2371 σκιᾷ
1233 2299 1593 2370 λατρεύουσιν
1639 2299 1743 2366 ἐτι,

163 2386 255 2438 καὶ
282 2386 395 2441 τῶν
440 2387 686 2443 τυπικῶν
729 2391 1249 2463 παραπετασμάτων
1308 2390 1702 2464 ἐξηρτημένοις
1728 2408 1744 2424 ο

166 2475 337 2547 πόσην
391 2477 459 2531 ἂν
497 2479 732 2549 μάλιστα
770 2478 909 2544 δέον,
939 2482 1068 2546 τοὺς
1095 2482 1193 2553 τῆς
1225 2480 1486 2554 ἀληθείας
1514 2482 1577 2536 τὸ
1629 2482 1747 2554 φῶς

170 2571 387 2628 ἔναυλον
420 2572 666 2643 εχοντας,
717 2575 956 2647 σπουδὴν
998 2575 1429 2642 ἐπιδείκνυσθαι,
1472 2578 1539 2648 τῇ
1574 2593 1749 2647 μεγα-

173 2663 429 2733 λοπρεπεῖ
447 2663 617 2737 ταύτῃ
658 2667 753 2718 καὶ
800 2664 1167 2738 ὑπερμεγέθει
1206 2666 1315 2720 τῶν
1340 2665 1435 2720 τοῦ
1478 2666 1614 2720 Θεοῦ
1646 2685 1746 2737 χα-

182 2756 449 2828 ρισμάτων
484 2759 658 2829 σκηνῇ
696 2760 1032 2829 προσφοιτᾷν
1060 2757 1472 2828 ἐπειγομένουςο
1514 2760 1653 2832 πρὸς
1678 2759 1749 2832 ἣν

185 2845 630 2919 ὕπεραγνώστως,
664 2848 807 2920 ὑπὲρ
835 2848 980 2912 νοῦν,
1012 2849 1435 2922 ὑπεραρῤήτως,
1466 2851 1550 2915 είς
1586 2852 1752 2907 κένω-

189 2954 268 2991 σιν
292 2940 473 2994 ἑαυτὸν
502 2939 694 3001 καθεὶς
725 2939 1067 3009 ἐπεδήμησε,
1099 2940 1194 2995 καὶ
1236 2942 1451 3019 μήτραν
1492 2942 1752 3015 παρθενιυ

192 3030 291 3099 κὴν
315 3033 341 3084 ὁ
369 3031 614 3102 μηδαμοῦ
650 3031 896 3103 χωρητδς
926 3034 1389 3104 ἀστενοχωρήτως
1414 3036 1750 3105 ἐσκήνωσεν,

188 3120 312 3190 ὅλην
340 3121 404 3174 δι’
446 3123 569 3175 ὅλου
612 3121 715 3190 τὴν
765 3123 823 3175 ἐν
849 3122 1062 3189 γενέσει
1103 3121 1267 3190 φύσιν
1307 3123 1632 3195 ὑπερϐᾶσαν
1680 3106 1746 3197 τῇ

196 3212 522 3286 καθαρότητι,
559 3213 855 3268 κάντεῦθεν
884 3213 1076 3285 ὥσπερ
1108 3214 1172 3268 ἐκ
1212 3218 1377 3268 τινων
1432 3215 1593 3286 ἱερῶν
1623 3215 1752 3270 ἁδύ-

197 3319 314 3365 των,
356 3305 448 3374 τὴν
491 3302 690 3358 ἐαυτοῦ
738 3302 1216 3378 μεμυσταγώγηκε
1265 3304 1468 3375 σάρκα.
1506 3307 1636 3374 Τίς;
1698 3306 1756 3360 '0

196 3394 498 3468 ἀπροσδεὴς,
524 3397 621 3451 καὶ
650 3397 779 3468 ὅλην
833 3397 969 3468 πρὸς
1002 3396 1199 3450 ἐαυτὸν
1229 3396 1511 3460 ἀνατεθεὶς
1530 3397 1629 3468 τὴν
1661 3399 1757 3452 ἀν-

200 3486 454 3560 θρωπίνην
481 3488 761 3560 ἐσχατιάν.
801 3489 926 3542 Ἐπὶ
946 3488 1122 3561 ταύτῃ
1150 3489 1217 3560 τῇ
1256 3487 1589 3559 θεοτυπώτῳ
1621 3505 1759 3559 σκη-

198 3583 280 3650 νῇ,
303 3584 329 3635 ὁ
357 3582 513 3652 νόμος
553 3580 728 3646 ἅπας,
775 3581 868 3635 καὶ
895 3582 945 3635 οἱ
985 3581 1287 3652 προφῆται,
1314 3582 1761 3654 πραγματιωδῶς

198 3671 661 3744 ἐκπεπλήρωνταιο
692 3672 1008 3742 καὶταύτῃ,
1037 3671 1108 3726 τὰ
1139 3670 1343 3744 σκιώδη
1369 3671 1480 3725 τῶν
1511 3690 1577 3726 τυ
1590 3673 1762 3727 πικῶν

200 3763 663 3834 προχαραγμάτων
706 3762 1015 3835 ήμαυρώθη
1070 3762 1440 3835 μορφώματα,
1491 3764 1764 3819 λυθέντων

199 3852 298 3905 τῶν
314 3855 584 3927 ἐσόπτρων
611 3858 679 3928 τῇ
700 3855 952 3927 ἀληθείᾳ.
970 3855 1190 3911 Τούτων
1204 3855 1263 3909 δέ
1299 3856 1499 3921 ἱκανῶς
1518 3857 1596 3928 τῷ
1618 3858 1763 3930 λόγῳ

200 3942 852 4021 προπαρεσκευασμένίον,
890 3947 991 4017 ἆγε
1025 3947 1091 4018 δὴ
1118 3948 1228 4003 τῶν
1254 3948 1443 4004 τύπων
1472 3951 1760 4023 ἀφέμενοι,

197 4036 279 4090 ἐπ’
304 4041 459 4112 αὐτὴν
483 4041 889 4112 ἀναδρὰμωμεν
905 4039 1004 4110 τὴν
1028 4039 1307 4111 ἀλήθειανο
1336 4041 1535 4112 μᾶλλον
1556 4043 1613 4097 δὲ
1641 4045 1755 4109 τοῖς

196 4128 394 4196 ἀδύτοις
425 4132 846 4205 προσϐάλωμεν.

1830 843 1948 892 tum
1980 847 2074 890 res
2105 830 2261 898 sinit,
2295 829 2486 888 doceri
2516 828 2761 885 rationes
2785 865 2801 882 .
2838 826 3041 906 Adeste
3065 839 3220 898 ergo,
3249 823 3414 879 arniei

1834 925 2141 991 auditores,
2170 938 2392 995 unaque
2418 922 2689 979 bonorum
2746 934 2811 976 ac
2843 918 3150 992 spectaculi
3180 916 3413 989 spirita-

1834 1014 1905 1072 lis
1939 1021 2218 1072 amantes.
2268 1011 2383 1069 Vos
2440 1011 2589 1068 enim
2640 1023 2845 1083 magno
2891 1007 3229 1078 sublimique
3279 1020 3415 1063 voco

1835 1108 2158 1181 praeconio;
2219 1105 2495 1165 sermonis
2555 1103 2833 1176 explicata
2876 1101 3041 1171 facie,
3098 1098 3418 1173 symbolicis

1836 1200 2110 1256 hactenus
2150 1198 2375 1254 obtecta
2406 1194 2731 1259 involucris,
2761 1192 3006 1263 positum
3042 1192 3197 1249 intus
3250 1191 3420 1248 deco-

1837 1307 1979 1359 rem,
2004 1292 2143 1348 solis
2168 1289 2414 1361 fulgores
2458 1296 2750 1345 venustate
2776 1285 2965 1357 gratia:
2987 1290 3415 1355 exsuperantem

1839 1382 2165 1441 ostendam.
2196 1380 2333 1439 Cum
2366 1395 2534 1452 porro
2574 1379 2752 1435 bucce
2780 1376 2966 1434 oratio
3011 1382 3275 1447 provecta
3325 1375 3417 1441 sit,

1840 1491 2021 1549 operae
2052 1475 2294 1548 pretium
2340 1474 2606 1538 arbitror,
2656 1478 2717 1526 ut
2776 1478 2906 1526 ante
2938 1470 3123 1524 omnia
3185 1481 3422 1539 praemo-

1841 1564 2025 1646 neam,
2056 1578 2118 1622 ut
2151 1581 2219 1622 ne
2246 1565 2337 1637 qui
2365 1563 2512 1621 forte
2562 1563 2766 1628 illotis,
2803 1562 2947 1633 quod
2978 1562 3207 1626 dicitur,
3237 1560 3423 1632 profa-

1842 1660 1996 1716 nisve
2019 1648 2271 1730 pedibus,
2310 1672 2467 1713 sacra
2494 1656 2880 1713 invaserimus.
2923 1653 3045 1710 Non
3070 1654 3218 1710 enim
3271 1668 3427 1723 aeque
3491 1670 3494 1679 ν

1843 1752 2100 1808 omnibus
2125 1765 2385 1806 accessus
2413 1748 2748 1818 perviusque
2763 1754 2851 1803 est
2876 1755 3198 1802 sanctorum
3227 1744 3385 1799 locus
3409 1759 3424 1810 ;

1846 1844 1944 1899 sed
1978 1843 2047 1900 iis
2079 1852 2313 1909 tantum,
2346 1841 2445 1910 qui
2480 1840 2682 1896 mentis
2715 1839 2978 1910 puritate,
3010 1844 3277 1892 concreta
3306 1851 3425 1892 ma-

1848 1934 1999 1989 teriae
2024 1933 2212 1989 omnia
2266 1932 2613 2003 supergressi
2670 1937 2825 1997 sunt,
2895 1929 3351 2000 transieruntque
3380 1931 3426 1985 si
3485 1987 3489 1991 ,

1847 2040 1955 2096 qua
1983 2026 2191 2081 cadunt
2221 2024 2325 2081 sub
2352 2020 2573 2081 sensum
2607 2040 2624 2081 :
2648 2021 2846 2095 quibus
2868 2022 3105 2076 maxime
3129 2020 3429 2077 sanctissi-

1849 2131 1995 2171 mum
2029 2114 2127 2172 Dei
2173 2114 2591 2171 tabernaculum
2652 2112 3075 2170 transeuntibus
3119 2125 3314 2167 auram
3349 2109 3430 2165 fa--

1846 2207 2026 2271 ciens,
2068 2205 2355 2277 magniﬁce
2390 2207 2704 2276 ingressum
2726 2203 3003 2271 concedit,
3039 2216 3106 2258 ac
3132 2201 3427 2272 spiritalis,

1848 2299 1999 2352 omni
2028 2297 2233 2369 dapmn
2280 2312 2505 2370 genere,
2539 2296 2595 2351 in
2623 2310 2732 2366 quo
2778 2293 3057 2367 cpulaturi
3104 2292 3428 2359 invitamur,

1848 2390 2105 2447 instructi
2160 2391 2401 2447 convivii
2448 2389 2628 2457 cibos,
2676 2388 2830 2458 larga
2875 2402 3044 2443 manu
3093 2385 3433 2456 perbenigne

1847 2484 2100 2555 largitur.
2154 2483 2291 2539 Nam
2333 2484 2380 2540 si
2421 2484 2511 2551 iis,
2558 2483 2654 2554 qui
2703 2496 2840 2537 ausu
2880 2480 3197 2546 temerario,
3251 2480 3432 2534 minus

1849 2574 2003 2645 digni
2041 2584 2282 2629 montem
2337 2574 2469 2630 Sina
2497 2585 2525 2625 P
2556 2574 2713 2630 adire
2747 2580 3172 2645 praesumerent,
3213 2570 3434 2643 fulgura

1849 2664 2201 2735 ingruebant,
2259 2663 2633 2737 fulminaque,
2693 2679 2757 2720 ac
2789 2673 3055 2729 terrores,
3105 2661 3434 2732 sonitusque

1852 2757 2137 2824 tubarum,
2186 2768 2241 2814 et
2278 2758 2463 2815 voces
2494 2755 2822 2825 terribiles;
2867 2766 2927 2814 ut
2979 2773 3079 2815 nec
3123 2757 3431 2830 plerisque,

1850 2864 2137 2905 murorum
2167 2852 2356 2920 templi
2390 2866 2656 2909 accessus
2685 2860 2836 2907 tutus
2878 2858 3021 2919 erat,
3061 2865 3238 2921 eoque
3267 2849 3436 2905 fuerit

1850 2956 2017 3012 opus,
2066 2950 2297 2999 externo
2339 2945 2451 2998 alio
2518 2957 2805 2998 murorum
2840 2930 3077 2998 ~ambitu
3108 2951 3138 2993 «ι
3165 2960 3178 2997 :
3209 2952 3437 3013 eratque

1820 3041 2109 3089 ‘sanctum
2138 3049 2537 3106 magnumque,
2565 3043 2624 3091 ut
2651 3036 2975 3107 priusquam
3009 3048 3173 3090 sacra
3213 3035 3438 3091 contin-

1852 3133 2068 3197 gerent,
2123 3127 2554 3193 mundarentur,
2613 3115 2838 3197 sibique.
2914 3126 3092 3182 sacris
3151 3126 3437 3196 operaturi

1852 3216 2059 3286 praevia
2090 3220 2350 3274 cautione
2405 3219 2809 3290 prospicerent,
2834 3219 3024 3289 idque,
3068 3234 3193 3276 cum
3228 3220 3438 3275 umbra:

1854 3308 2035 3362 adhuc
2103 3310 2399 3376 servirent,
2456 3318 2621 3381 atque
2657 3325 2688 3365 a
2731 3311 3062 3382 ﬁguralibus
3112 3312 3439 3367 velamentis

1856 3399 2157 3468 penderent
2195 3420 2207 3455 :
2242 3415 2405 3471 quam
2439 3418 2574 3470 rogo
2599 3403 2839 3457 maximo
2867 3403 3049 3457 studio
3073 3402 3209 3457 eniti
3238 3404 3441 3460 debue-

1856 3488 1988 3553 rint,
2031 3489 2176 3560 apud
2217 3506 2357 3561 quos
2401 3493 2650 3547 veritatis
2676 3494 2859 3548 lumen
2894 3493 3191 3559 inhabitat,
3234 3497 3330 3564 qui
3372 3496 3440 3550 ad

1860 3581 2213 3652 magnificum
2247 3582 2353 3638 hoc
2379 3598 2442 3637 ac
2478 3583 2804 3654 praegrande
2824 3584 3096 3640 donorum
3130 3586 3222 3641 Dei
3255 3586 3442 3641 taber-

1860 3674 2117 3730 naculum
2181 3675 2445 3730 accedere
2475 3675 2737 3730 festincnt
2790 3696 2804 3732 :
2856 3677 2923 3731 ad
2987 3676 3134 3748 quod
3178 3678 3438 3734 nimirum

1859 3768 2232 3824 occultissima
2254 3769 2484 3831 ratione,
2501 3782 2669 3838 supra
2686 3782 2851 3838 quam
2871 3768 2955 3824 vel
2970 3768 3182 3838 ceperit
3198 3768 3441 3836 animus,

1861 3862 1947 3918 vel
1976 3861 2166 3931 lingua
2213 3862 2580 3928 enarravcrit,
2618 3875 2742 3917 sese
2785 3861 3127 3917 demissione
3162 3874 3443 3916 evacuans

1864 3956 2258 4027 peregrinatus
2281 3954 2376 4020 sit,
2409 3970 2473 4009 ac
2497 3955 2748 4026 Virginis
2780 3963 3024 4021 uterum,
3046 3955 3139 4024 qui
3160 3969 3429 4023 nusquam

1862 4054 2041 4117 pots-st
2079 4046 2227 4117 capi,
2260 4054 2320 4099 ut
2350 4030 2605 4116 capiente
2638 4062 2750 4101 non
2808 4055 3145 4109 arctaretur,
3179 4046 3442 4101 taberna-

1866 4139 1977 4194 culi
2006 4139 2185 4194 instar
2208 4139 2606 4195 inhabitaverit
2637 4158 2653 4196 :
2683 4147 2926 4205 uterum,
2952 4140 3195 4210 inquam
3219 4153 3442 4192 amnem

198 4226 409 4277 omnino
432 4224 485 4278 in
520 4234 644 4278 ortu
681 4223 950 4293 positam,
1002 4220 1202 4277 eximia
1243 4236 1343 4277 sua
1386 4222 1658 4279 munditia
1690 4236 2042 4298 superantem
2075 4237 2379 4284 naturam:
2424 4245 2489 4285 ac
2540 4230 2670 4286 inde
2725 4246 2829 4285 ceu
2884 4246 2949 4286 ex
2991 4231 3174 4286 sacris
3214 4230 3443 4300 quibus.

198 4311 313 4368 dam
333 4317 726 4387 penetralibus,
776 4332 931 4372 suam
967 4316 1143 4388 ipsius
1180 4316 1428 4372 initiavit
1483 4319 1784 4392 docuitque
1819 4339 2064 4381 carnem.
2111 4324 2251 4392 Quis
2328 4326 2464 4380 ille?
2511 4325 2615 4392 Qui
2690 4326 2953 4381 nimirum
3011 4327 3164 4380 nullo
3214 4327 3441 4395 indiget,

197 4412 458 4481 totamque
505 4411 869 4467 nihilominus
899 4411 1005 4467 sibi
1058 4411 1257 4465 ascivit
1300 4419 1605 4468 extremam
1642 4416 1939 4473 humanam
1999 4419 2293 4475 vilitatem.
2332 4417 2392 4473 In
2450 4419 2554 4474 hoc
2579 4418 2869 4488 designato
2932 4420 3166 4486 tictoque
3235 4431 3264 4468 a
3328 4415 3441 4470 Deo

198 4503 561 4569 tabernaculo,
595 4505 682 4559 lex
743 4512 857 4559 tota
923 4511 979 4560 et
1019 4505 1306 4575 prophetae
1351 4521 1411 4561 re
1445 4506 1566 4577 ipsa
1607 4509 1879 4579 completa
1920 4522 2095 4578 .sunt,
2171 4528 2345 4583 eaque
2410 4512 2738 4567 umbratiles
2796 4509 3110 4580 ﬁguralium
3183 4508 3437 4576 designa-

196 4595 395 4652 tionum
429 4598 643 4662 formze,
685 4596 925 4667 speculis
964 4596 1200 4652 veritate
1247 4596 1466 4664 solutis,
1516 4598 1825 4657 obscuratae
1876 4612 2028 4658 sunt.
2067 4603 2165 4661 llis
2207 4619 2375 4675 porro
2427 4604 2503 4658 ita
2528 4605 2678 4659 velut
2747 4605 2813 4656 ad
2886 4600 3162 4657 sermonis
3238 4602 3439 4669 praelu-

191 4691 279 4747 dia
305 4694 437 4750 satis
472 4693 776 4758 enarratis,
835 4706 936 4763 age
978 4690 1166 4757 modo,
1207 4691 1394 4749 missis
1435 4692 1650 4764 figuris,
1730 4694 1802 4750 ad
1894 4690 2195 4756 veritatem'
2228 4699 2409 4771 ipsam
2456 4694 2843 4762 accurramus’,
2892 4706 3056 4766 atque
3101 4697 3237 4750 adeo
3279 4695 3439 4766 adyta

184 4793 550 4854 penetremus.

252 4877 425 4948 Μέχρι
457 4877 567 4948 γὰρ
592 4876 758 4941 τίνος,
793 4872 889 4949 τοῦ
915 4873 1076 4944 λόγου
1108 4875 1223 4939 τοῖς
1247 4875 1565 4947 προαυλίοις
1589 4876 1752 4931 ἐνδια-

1947 4877 2199 4948 Quandiu
2240 4876 2389 4934 enim
2420 4880 2571 4933 velut
2609 4877 2663 4932 in
2697 4877 2970 4934 sermonis
2997 4875 3283 4933 vestibulis
3330 4876 3441 4931 hae-

190 4967 479 5036 τρίϐοντες,
526 4969 590 5022 τὸ
620 4968 728 5039 πρὸ
760 4966 864 5038 τῆς
895 4967 1105 5022 είσόδου
1134 4967 1333 5031 κάλλος
1380 4967 1752 5041 θαυμάζομεν1

1862 4977 2073 5036 rentes,
2114 4968 2510 5039 przeambulum
2548 4966 2821 5039 ingressui
2853 4966 3107 5023 decorem
3150 4967 3434 5032 miramur,

191 5057 297 5126 ἐξὸν
328 5063 426 5118 καὶ
463 5065 792 5118 ωνεισιὲναι
814 5064 880 5133 τῇ
904 5060 1089 5133 Μητρὶ
1112 5060 1207 5115 τοῦ
1227 5060 1424 5129 Λόγου,
1456 5061 1635 5115 καὶτὸ
1660 5061 1752 5116 κάη

1862 5061 2065 5134 quibus
2103 5062 2267 5118 liceat
2315 5077 2440 5118 cum
2475 5061 2763 5119 Sermonis
2813 5060 2986 5117 Matre
3046 5074 3151 5115 una
3191 5058 3433 5129 ingredi,

190 5141 371 5223 λνμμα
397 5150 725 5222 διασχόντας
761 5152 842 5215 εἰς
872 5150 942 5205 τὰ
969 5150 1076 5204 τῶν
1107 5148 1278 5217 ἁγίων
1308 5150 1478 5218 ’Δγια
1512 5150 1765 5222 παρακύ-

188 5236 296 5311 ψαι,
330 5245 426 5300 καὶ
456 5242 736 5315 μυηθῆναι
767 5242 837 5296 τὰ
870 5240 1169 5313 μείζωκαλ⁵
1198 5240 1536 5307 “latinam;
1563 5241 1625 5295 Ei
1654 5241 1763 5312 γὰρ

186 5328 246 5384 τὰ
268 5332 545 5405 προαύλια
574 5331 710 5406 [τῶν
732 5332 904 5402 ἁγίων
920 5331 1170 5396 τοιαῦτα,
1201 5330 1296 5386 καὶ
1326 5331 1394 5386 τὰ
1418 5330 1760 5405 προπύλαια]

248 5519 279 5563 ν
308 5511 487 5570 Exod.
520 5531 637 5580 xix,
680 5512 769 5569 12.
844 5524 874 5565 ιι
898 5512 1098 5572 Ezech.
1128 5529 1219 5583 τι,
1249 5513 1345 5583 l7;
1403 5469 1595 5583 XLII,‘7
1627 5531 1787 5588 seqq.

244 5777 289 5808 ”
322 5780 418 5837 tu.
454 5779 806 5854 προσσάλοις.

1861 5152 2210 5223 disjectoque
2256 5152 2378 5209 velo
2430 5152 2486 5207 in
2543 5152 2743 5207 Sancta
2795 5158 3112 5206 sanctorum
3164 5146 3432 5217 paulisper

1863 5242 2091 5308 intueri,
2124 5258 2189 5299 ac
2212 5243 2423 5313 majora
2445 5242 2634 5300 doceri
2651 5252 2717 5299 .et
2745 5237 3110 5314 perfectiora?
3133 5238 3267 5291 Cum
3291 5234 3429 5293 enim

1863 5340 2014 5390 tanta
2072 5333 2183 5393 sint
2227 5344 2555 5405 sanaorum
2601 5334 2763 5398 atria,
2819 5338 3085 5402 tantoque
3140 5328 3342 5385 decore
3384 5329 3429 5382 et

1454 5665 1691 5722 VARle
1730 5666 2136 5729 LECTIONES.
