3790 6202
91 293 193 369 1081

1083 286 1166 347 IN
1196 286 1744 350 DORMITIONEM
1783 287 1847 348 S.
1886 283 2176 345 MARL‘E.
2218 282 2301 344 II.

3168 267 3307 340 ’1032

94 414 227 464 ἰκτων
258 398 585 471 ἁπτόμενος.
620 393 716 461 Οἷς
756 396 1056 452 ἀπιστείτω
1089 399 1591 469 μηδεὶςηὸνἮλίαι

1809 399 1923 461 bus,
1956 397 2003 453 is
2025 397 2119 466 qui
2144 395 2276 451 olim
2297 393 2467 448 ambo
2496 392 2838 456 devtnxerat,
2870 391 3074 461 quique
3108 390 3306 445 iterum

91 492 276 554 καὶτὸν
320 489 496 560 Ἑνὼχ
535 489 939 560 ἐνθυμούμενος
962 507 978 521 ·
1011 488 1060 542 οἳ
1091 490 1311 543 ἐπειδὰν
1348 490 1453 542 τῶν
1486 490 1627 560 δρω-

96 591 240 662 μένων
269 584 528 653 ὑπεράνω
563 581 856 651 πεφήνασι,
894 581 1160 651 μύσαντες
1191 581 1291 645 τάς
1324 581 1627 651 αἰσθήσεις,

94 681 169 733 καὶ
189 676 280 739 ἔξω
310 674 516 744 σαρκὸς
545 674 643 726 καὶ
671 673 876 740 κόσμου
903 673 1209 742 γενόμενοι,
1255 676 1283 727 ό
1327 674 1425 744 μὲν
1455 671 1631 725 ὲπιδίς-

100 791 237 845 ξριος,
267 774 293 823 ό
326 771 382 823 δὲ
436 770 729 840 μετάρσιος
787 768 1250 838 ἀνηρπάσθησαψ
1298 768 1361 820 οὑ
1414 766 1633 829 διαζευ-

102 868 291 931 Ιιέέντων
317 861 500 937 αὑτοῖς
537 860 645 911 τῶν
677 858 880 929 μερῶν’
904 858 964 910 οὐ
985 857 1361 910 διαλυθέντων*
1393 857 1510 909 ἀλλ’
1551 856 1633 918 είς

98 959 219 1022 ὀεᾷρο
244 952 346 1003 τῶν
374 953 519 1022 ὅρων
544 952 901 1020 παραθέντων
928 950 973 982 ⁵⁵
1005 950 1187 1011 αὑτοῖς
1214 949 1315 1018 τῆς
1340 948 1508 1016 ζωῆς,
1539 946 1634 1009 οὓς

96 1047 249 1117 quin",
282 1046 348 1096 τὰ
370 1043 465 1096 ὅλα
503 1043 680 1111 σοφῶς
706 1042 1014 1111 διορίζουσα
1044 1041 1344 1110 περιὲπηξε
1377 1039 1633 1109 Πρόνοιαο

98 1140 196 1206 παρ’
227 1133 288 1207 ἧς
346 1139 439 1190 καὶ
488 1137 556 1188 τὰ
607 1135 774 1188 πάλαι
809 1135 904 1188 καὶ
933 1134 1028 1189 νῦν
1079 1134 1335 1203 ἐμφερῶς
1378 1132 1494 1203 ἅμα
1541 1134 1634 1184 καλ⁸

96 1227 411 1296 mxumo);
440 1227 708 1280 τυποῦται
740 1227 834 1279 καὶ
880 1226 1208 1293 διεξάγεται.
1238 1224 1348 1277 Καὶ
1379 1226 1425 1275 εἰ
1462 1223 1636 1294 μικρά

96 1340 148 1389 γε
169 1320 321 1372 ταῦτα
337 1318 468 1387 πρὸς
490 1317 843 1386 παράδειγμα
862 1317 959 1384 τῆς
980 1316 1068 1379 ὑφ’
1090 1314 1245 1385 ἡμῶν
1268 1313 1634 1382 ὑμνουμένης,

98 1412 287 1481 ἀρκέσει
318 1409 444 1478 γοῦν
472 1408 613 1478 αὑτὴ
651 1409 816 1476 ἑαυτῇ
852 1406 922 1459 τά
953 1408 1129 1459 οἰκεῖα
1173 1403 1541 1476 συγκρίνουσά
1576 1419 1636 1456 τε

99 1506 175 1557 καὶ
201 1502 641 1572 προσεικάζουσα.
673 1498 983 1564 Σκοπητέον
1013 1497 1070 1550 δὲ
1100 1498 1149 1550 εἰ
1185 1495 1369 1564 μεῖζον
1412 1497 1470 1548 ὲν
1504 1493 1640 1548 Θαύ-

103 1610 236 1663 μαιιν
255 1590 623 1660 εὑρεθήσεται,
650 1590 743 1642 τοῦ
773 1588 1091 1660 παραδόξως
1114 1589 1173 1642 ὲν
1194 1587 1331 1659 αὑτῇ
1358 1585 1641 1640 τελεσθέν-

102 1702 189 1746 τος.
240 1683 411 1752 Νόμος
460 1682 576 1752 ἥλω
614 1671 841 1750 φυσικὸς
890 1682 1155 1751 ἀτονήσας
1192 1678 1290 1748 ὀψὲ
1336 1679 1432 1732 καὶ
1487 1676 1639 1747 μόλις

1732 503 1763 542 a
1800 486 2097 546 solutione.
2131 483 2377 539 devinxit
2407 501 2421 537 :
2475 482 2585 538 nisi
2631 496 2753 552 ego,
2808 481 3132 535 inconcessa
3169 495 3311 549 pra:-

1733 595 1978 645 sumens,
2030 577 2355 633 temerarius
2389 589 2532 630 sum.
2578 573 2657 628 Ac
2690 588 2852 627 nemo
2883 570 3046 626 (idem
3078 572 3307 635 abnuat,

1733 673 1826 745 qui
1857 672 2029 726 Eliam
2064 678 2118 725 et
2160 667 2346 722 Enocli
2389 666 2611 735 cogitet.
2647 664 2686 717 li
2711 704 2725 728 ,
2760 662 2906 733 quod
2951 663 3119 717 rebus
3176 662 3313 719 sub-

1730 766 1891 836 jcctis
1951 763 2127 817 oculis
2183 757 2499 829 superiores
2557 755 2664 809 visi
2717 762 2925 819 essent,
2987 754 3081 809 ubi
3111 769 3316 810 sensus

1735 855 2091 917 clausissent,
2126 868 2191 906 ac
2230 866 2403 905 carne
2430 856 2483 903 et
2515 848 2718 902 mundo
2747 846 3139 909 excessissent,
3171 846 3311 900 alter

1736 948 1955 1018 quidem
1985 960 2152 998 curru
2192 945 2513 1004 subvectus,
2553 941 2693 993 alter
2719 938 2956 992 sublime
3000 936 3179 990 elatus
3219 949 3313 990 ra-

1736 1041 1811 1109 pti
1841 1045 1970 1093 sunt
2006 1036 2025 1073 ί
2063 1054 2076 1089 :
2112 1050 2219 1088 non
2254 1032 2490 1102 partium
2526 1029 2758 1083 invicem
2798 1027 3175 1096 disiunctione
3215 1041 3315 1081 re-

1738 1123 1923 1194 soluti,
1979 1130 2072 1184 sed
2142 1127 2270 1181 vita:
2329 1123 2601 1187 terminis,
2630 1135 2773 1190 quos
2840 1119 3000 1174 nobis
3048 1118 3165 1172 ﬁxit
3215 1117 3313 1173 Dei

1736 1220 2102 1294 providentia,
2145 1232 2265 1287 qua:
2305 1214 2584 1284 sapienter
2620 1210 2816 1265 diﬂinit
2857 1209 3065 1273 omnia,
3097 1217 3315 1263 vetera-

1736 1331 1843 1387 que
1872 1321 1926 1369 et
1964 1327 2105 1367 nova
2160 1318 2419 1364 accurate
2440 1306 2647 1377 pariter
2674 1315 3027 1373 congrueque
3062 1301 3315 1368 designat

1738 1416 1902 1477 atque
1930 1406 2223 1477 gubernat,
2257 1400 2322 1454 ad
2352 1399 2494 1453 hanc
2529 1410 2706 1465 usque
2747 1396 2892 1449 diem
2934 1392 3187 1463 prolatis.
3216 1390 3313 1446 Sin

1738 1516 1868 1556 vero
1920 1500 2038 1552 hate
2089 1494 2310 1550 modica
2334 1491 2648 1555 videantur,
2707 1488 2775 1542 ad
2821 1486 2946 1556 ejus
3001 1485 3317 1553 exemplum

1738 1593 1899 1663 cujus
1930 1590 2274 1645 celebramus
2305 1599 2524 1648 nomen,
2583 1584 2701 1651 ipsa
2731 1583 2871 1636 ‘sane
2921 1578 3029 1634 sibi
3079 1587 3159 1633 sat
3187 1577 3313 1642 erit,

1742 1700 1841 1741 sua
1872 1682 2045 1753 ipsius
2078 1692 2407 1747 comparans
2435 1690 2499 1729 ac
2528 1672 2871 1729 assimilans.
2908 1670 3042 1725 Vide
3067 1671 3211 1725 enim
3244 1685 3317 1725 an

103 1773 268 1828 πεσών.
295 1773 509 1841 Οἴχεται
539 1771 676 1842 πρὸς
712 1772 910 1844 ἀργίαν
956 1771 1220 1842 ὁλοσχερῆ
1270 1771 1365 1823 καὶ⁸
1406 1770 1600 1839 ἀνατρο

1821 1777 1926 1845 ιῙιιε
1953 1771 2287 1827 miraculum
2315 1767 2491 1838 possit
2512 1764 2772 1827 inveniri,
2794 1778 2958 1833 quam
2981 1762 3126 1831 quod
3153 1760 3318 1813 mira-

103 1864 189 1931 πὴν
237 1861 469 1932 ἠπικρὰ
517 1862 611 1914 τοῦ
658 1861 886 1914 θανάτου
928 1861 1214 1931 καταδίκη.
1257 1860 1487 1913 Λέλυται
1538 1858 1637 1928 τῆς

101 1951 258 2020 ὰρὶςή
288 1949 526 2018 δύναμις.
573 1947 709 2002 Ἀλλ’
743 1951 845 2003 οὑκ
887 1949 953 2005 ἂν
983 1949 1205 2020 ἐνίκησέ
1244 1968 1327 2014 τις
1360 1949 1430 2002 τὰ
1467 1948 1636 2003 πάλαι

100 2040 392 2111 διορισθέντα
434 2040 584 2111 παρά
642 2039 797 2093 Θεοῦ’
837 2039 911 2110 μὴ
960 2040 1080 2110 οὐχὶ
1132 2039 1265 2093 Θεοῦ
1298 2039 1440 2092 κατά
1475 2038 1637 2107 φύσιν

102 2133 419 2201 ὑπάρχοντος,
468 2132 564 2184 τοῦ
621 2132 1043 2201 μεταποιούντος
1091 2132 1269 2185 πάντα
1326 2131 1419 2185 καὶ
1473 2146 1638 2199 μετα-

100 2217 404 2281 πλάττοντος,
440 2218 517 2288 τῷ
548 2220 729 2289 οἰκείῳ
751 2223 850 2288 τῆς
874 2222 1205 2291 ἀγαθότητος
1224 2220 1473 2290 νεύματι.
1494 2218 1636 2291 Πρέ-

98 2326 172 2361 ﬁt
197 2310 236 2363 δ’
261 2310 323 2364 ἂν
364 2312 650 2383 ἀραρότως
706 2311 877 2383 αὑτῷ,
928 2314 1023 2366 καὶ
1067 2315 1136 2367 τὰ
1194 2312 1287 2367 νῦν
1331 2314 1424 2366 ἐπὶ
1454 2312 1639 2383 Μητρὶ

97 2403 472 2473 καινουργῆσαι.
509 2402 685 2469 Δείξει
740 2406 849 2476 γὰρ
901 2405 1042 2459 οὑτω
1081 2405 1156 2477 μὴ
1210 2406 1367 2476 μόνον
1405 2407 1641 2475 Μητέρα

96 2496 213 2546 κατὰ
242 2496 391 2564 φύσιν
412 2491 577 2549 οὖσαν
603 2496 791 2561 αὑτοῦ,
822 2497 957 2551 ἀλλὰ
1003 2499 1098 2551 καὶ
1126 2499 1223 2566 τὴν
1259 2498 1317 2562 ἐξ
1362 2498 1530 2565 αὐτῆς
1558 2498 1638 2550 οἱ·

99 2588 324 2654 κονομξαν
354 2585 709 2650 πιστώσεται,
742 2588 866 2641 καθ’
903 2588 973 2659 ἣν
1011 2589 1244 2659 μάλιστα
1269 2590 1393 2652 τοὺς
1427 2587 1637 2640 ἑαυτῶν

101 2679 503 2749 μυστικωτέρους
532 2677 747 2746 λόγους,
770 2678 847 2750 τῷ
871 2680 1001 2732 ’καθ’
1029 2681 1301 2751 ὑπεροχὴν
1340 2680 1439 2733 ὑπε
1451 2678 1638 2750 ραίρο-

100 2783 184 2836 μεν
208 2769 380 2840 τρόπῳ
412 2787 426 2799 ο
455 2769 578 2823 καθ’
621 2772 686 2838 ἣν
712 2773 740 2823 ό
770 2770 1077 2840 ζωαρχικὸς
1109 2771 1440 2840 εἰσπηδήσας
1466 2771 1637 2839 Λόγος

97 2855 179 2927 τὴν
202 2859 357 2929 αὑτῆς
420 2860 795 2931 ἀπερίληπτον
835 2862 1010 2933 ὑπέϐη
1054 2862 1236 2931 νηδὺν,
1280 2864 1374 2915 καὶ
1410 2861 1511 2932 τὴν
1542 2864 1637 2914 ἁν-

97 2945 287 3016 Θρώπου
315 2949 475 3018 φύσιν
502 2950 789 3003 ἀναλαϐὼν
818 2951 1158 3022 ὑπερουσίως
1183 2953 1314 3020 ἡμῖν
1350 2951 1634 3021 ὑπέσχετο.

1738 1869 1836 1925 bili
1871 1867 2088 1922 ratione
2124 1864 2177 1916 in
2207 1876 2269 1917 ea
2304 1864 2753 1914 consummatum
2795 1855 2916 1909 fuit.
2942 1852 3164 1908 Viribus
3197 1863 3320 1906 tan.

1739 1963 1860 2018 dem
1911 1959 2124 2015 minuta
2158 1961 2370 2009 naturae
2408 1952 2493 2005 lex
2527 1957 2783 2020 superata
2820 1955 2925 2012 cst,
2972 1947 3173 2015 vixque
3216 1945 3317 1999 αιίεε

1740 2052 1960 2126 quando
1998 2044 2277 2104 concidit.
2325 2042 2456 2097 Abit
2493 2040 2722 2095 omnino
2754 2052 2911 2092 cassa
2957 2049 3225 2104 versaque
3261 2033 3317 2087 in

1740 2141 2104 2203 contrarium,
2142 2151 2326 2190 amara
2381 2132 2574 2186 mortis
2626 2129 2935 2186 damnatio.
2994 2126 3185 2181 Soluta
3235 2134 3320 2180 est

1739 2241 1824 2294 vis
1870 2231 2299 2291 maledictionis.
2363 2226 2658 2281 Enimvero
2707 2223 2894 2277 nullus
2973 2216 3320 2289 superaverit

1742 2328 1836 2383 Dei
1871 2327 1998 2379 olim
2032 2324 2256 2378 decreto
2302 2325 2533 2381 statuta,
2566 2331 2635 2371 ne
2666 2315 2783 2383 ipse
2807 2312 3025 2383 quidem
3054 2309 3145 2380 qui
3172 2314 3361 2367 esset,

1740 2421 1885 2476 Deus
1909 2426 2125 2481 natura,
2149 2407 2354 2485 quique
2385 2425 2498 2467 suae
2523 2408 2697 2480 ipsius
2728 2407 2987 2461 bonitatis
3009 2411 3168 2468 nutu,
3198 2415 3321 2455 om-

1741 2516 1832 2570 nia
1879 2513 2134 2566 immutat
2167 2515 2331 2576 atque
2385 2502 2767 2558 transformat.
2823 2497 3089 2567 Congruit
3137 2504 3319 2550 autem

1740 2618 1800 2662 ut
1838 2621 1926 2661 res
1953 2603 2164 2666 Matris,
2208 2614 2315 2670 qua
2375 2611 2505 2652 suas
2549 2594 2786 2655 ratione,
2825 2590 3052 2645 molitus
3095 2587 3188 2643 sit.
3226 2585 3321 2640 Sic

1740 2699 1885 2756 enim
1928 2712 2033 2751 non
2059 2701 2272 2747 tantum
2305 2704 2460 2743 suam
2491 2684 2813 2757 probavevit
2854 2681 3320 2741 Matrem,verum

1740 2791 1905 2847 etiam
1935 2783 2257 2841 oeconomiae
2281 2797 2346 2835 ex
2386 2795 2450 2834 ea
2489 2777 2780 2832 veritatem
2828 2769 3124 2826 astruxerit
3158 2786 3170 2821 :
3214 2781 3320 2836 qua

1742 2879 1982 2935 maxime
2055 2872 2427 2945 spiritaliores
2511 2880 2796 2922 sermones
2860 2870 3115 2922 nostros,
3175 2857 3321 2911 modi

1743 2967 2068 3027 excellentia
2106 2960 2628 3035 superevtollimus;
2660 2971 2767 3027 qua
2805 2954 2932 3009 vitae
2962 2961 3155 3007 auctor
3184 2947 3324 3004 Ver-

95 3040 182 3090 Διὰ
202 3040 346 3095 τοῦτο
369 3043 437 3095 τὰ
465 3043 635 3096 πάλαι
691 3040 788 3111 μὲν
824 3044 912 3095 ἐπ’
947 3043 1083 3111 αὑτῇ
1115 3042 1455 3105 τελεσθέντα,
1502 3042 1592 3110 πρὶ

1822 3075 1870 3112 m
1923 3057 2200 3117 insiliens,
2236 3050 2635 3120 amplissimum
2681 3046 2802 3115 ejus
2838 3054 3057 3099 uterum
3094 3040 3319 3103 subivit,

95 3130 298 3197 ἡμῶνόὲ
335 3131 425 3184 νῦν
456 3134 873 3203 εὐφημούμενα,
912 3132 1015 3185 κᾶν
1052 3132 1333 3200 παράδοξά
1362 3150 1475 3195 πως
1498 3127 1635 3184 εἶναι

94 3220 237 3288 δοκεῖ,
261 3225 352 3277 καὶ
376 3225 484 3276 τῶν
513 3225 772 3294 ἐμφύτων
809 3226 1166 3296 ἀνῳκισμένα
1203 3224 1439 3293 δεσμῶν,
1499 3221 1641 3276 κατὰ

94 3314 207 3380 γοῦν
234 3316 317 3368 τὸν
355 3317 616 3388 ὑπερφυᾶ
643 3320 741 3387 τῆς
783 3319 1064 3387 ἀφράστου
1112 3316 1409 3387 κυοφορίας
1459 3316 1638 3381 λόγον,

95 3405 289 3469 εἰκότως
316 3406 380 3461 ἂν
410 3410 497 3463 ἐπ’
529 3410 819 3481 αύτῆ;.τὴν
842 3409 1120 3479 ἀναφορὰν
1154 3408 1474 3460 εὐεπίϐατον
1508 3406 1638 3470 ἕξει.

95 3498 243 3562 Aiaci»;
268 3496 359 3554 οὖν
380 3498 446 3572 ἦν
466 3502 574 3573 ἄρα
614 3503 707 3555 καὶ
739 3503 994 3572 τηνικάδε
1029 3500 1219 3572 παρὼν
1260 3502 1285 3553 ὁ
1311 3499 1501 3566 Λόγος,
1548 3498 1642 3551 καὶ

96 3585 225 3656 νόμῳ
248 3590 457 3652 παύσας
486 3591 576 3643 τὸν
621 3592 1053 3663 ἁπλεονέκτητον
1084 3590 1176 3644 τοῦ
1202 3588 1432 3642 Θανάτου
1456 3588 1640 3656 νόμον.
1689 3605 1701 3611 '

95 3670 188 3728 Ἦν
211 3675 298 3734 οὖν
324 3681 504 3753 θέαμα
534 3684 717 3737 καινὸν
751 3683 967 3753 ἀληθῶς
1002 3684 1097 3736 καὶ
1129 3685 1410 3752 λογισμοῖς
1450 3680 1642 3736 ἁνεπίρ

97 3765 235 3823 ϐατον
268 3790 280 3804 ·
318 3775 456 3845 γυνὴ
494 3775 602 3827 τῶν
647 3776 889 3845 οὐρανῶν
944 3776 1229 3842 ὑπερϐᾶσα
1262 3775 1360 3844 τὴν
1390 3772 1548 3840 φύσιν
1578 3775 1641 3841 τῇ

96 3860 423 3936 καθαρότητι,
459 3867 568 3919 τῶν
600 3868 659 3920 ἐν
714 3868 966 3937 οὐρανοῖς
999 3867 1203 3919 ἀδύτων
1234 3863 1644 3936 σκηνοϐατοῦσα

96 3945 154 3999 τὰ
173 3950 309 4019 ἆτιαο
348 3956 645 4022 Παρθένος,
671 3956 841 4026 αὑτὴν
879 3956 1232 4027 ὑπερνικῶσα
1252 3956 1360 4008 τῶν
1394 3956 1645 4023 Σεραφλιμ.

97 4040 178 4111 τὴν
209 4044 359 4113 φύσιν
388 4046 468 4116 τῷ
493 4047 589 4116 τῆς
613 4046 889 4114 θεογονίας
923 4046 1183 4115 θαύματι,
1214 4048 1277 4114 τῇ
1317 4045 1511 4115 πρώτῃ
1546 4044 1647 4113 φύ-

101 4149 186 4198 σει,
233 4137 347 4207 Θεῷ
394 4138 473 4209 τῷ
531 4139 751 4192 πάντων
801 4138 1187 4208 γενεσιουργῷ,
1244 4136 1641 4210 πλησιάζουσα·

98 4222 285 4295 Μήτηρ,
304 4228 434 4279 αὑτὸ
460 4227 692 4281 τεκοῦσα
715 4222 774 4276 τὸ
803 4226 921 4298 ζῇν,
942 4227 1343 4296 ἐφάμιλλονυτῷ
1376 4230 1521 4297 τόκῳ
1549 4229 1642 4280 τοῦ

102 4310 195 4379 βίον
221 4315 361 4379 τέλος
394 4317 751 4388 προῖσχουσα,
799 4317 897 4368 καὶ
922 4306 981 4370 τό
1012 4317 1196 4386 Θαῦμα
1239 4318 1374 4370 Θεοῦ
1407 4319 1502 4370 καὶ
1550 4318 1647 4368 πί-

1745 3156 2194 3217 assnmptamque
2242 3145 2537 3199 humanam
2589 3147 2865 3201 naturam,
2921 3134 3102 3189 altiori
3160 3132 3325 3187 nobis

1746 3256 1912 3308 supra
1963 3247 2226 3293 naturam
2273 3223 2451 3288 'modo
2504 3229 2855 3286 sustentavit.
2924 3224 3323 3291 Quamobrem,

1746 3331 1846 3385 etsi
1883 3330 2013 3381 olim
2056 3329 2109 3380 in
2143 3341 2205 3379 ea
2235 3332 2617 3379 consummata
2650 3336 2714 3375 ac
2759 3320 2905 3374 clara
2933 3332 2963 3370 a
3017 3316 3181 3371 nobis
3231 3315 3328 3367 im-

1744 3417 2161 3488 praesentiarum
2214 3414 2356 3466 fama
2407 3411 2682 3464 celebrata
2721 3423 2859 3462 nova
2904 3406 3217 3465 videantur,
3262 3418 3328 3458 ac

1746 3518 1959 3564 naturzc
1991 3507 2203 3575 legibus
2235 3504 2547 3572 superiora,
2576 3501 2775 3555 merito
2821 3505 3032 3561 tamen,
3064 3495 3329 3563 nulloque

1745 3601 1987 3671 negotio,
2027 3604 2271 3667 spectata
2305 3594 2541 3648 mirabili
2600 3599 2793 3661 partus
2827 3589 3066 3651 ratione,
3110 3585 3331 3641 licuerit

1748 3696 1805 3749 in
1838 3710 1955 3748 eam
1996 3691 2223 3744 referre.
2255 3688 2438 3756 Ipsum
2471 3687 2657 3754 itaque
2721 3681 2961 3737 Verbum
2999 3688 3055 3735 et
3086 3692 3329 3750 praesens

1747 3800 1842 3854 per
1876 3784 1927 3835 id
1963 3792 2176 3849 tempus
2211 3779 2342 3837 fuit,
2405 3792 2467 3830 ac
2504 3776 2623 3845 lege
2679 3774 2876 3828 mortis
2927 3772 3099 3842 legem
3138 3768 3330 3822 violari

1748 3875 1987 3927 nosciam
2041 3871 2282 3924 abolevit
2340 3867 2469 3922 Erat
2498 3881 2631 3936 ergo
2670 3865 2830 3935 plane
2863 3876 3068 3917 novum
3108 3866 3329 3930 specta-

1746 3966 1951 4028 culum,
2000 3962 2256 4032 quodque
2290 3958 2523 4014 rationis
2560 3958 2668 4011 vim
2704 3954 3027 4018 excederet,
3070 3960 3130 4005 ut
3167 3948 3333 4004 nimi-

1747 4073 1865 4109 rum
1900 4056 2121 4115 mulicr,
2146 4067 2267 4120 qua?
2294 4050 2559 4104 caelorum
2593 4053 2845 4101 naturam
2866 4043 3106 4114 puritate
3137 4030 3332 4109 super-

1745 4161 1928 4217 gressa
1962 4151 2130 4207 esset,
2185 4140 2497 4196 caelestium
2550 4138 2837 4207 adytorum
2887 4140 3102 4196 sancta,
3144 4128 3333 4183 taber-

1746 4239 2002 4293 naculum
2029 4234 2330 4292 devebens.
2362 4246 2425 4285 ac
2439 4243 2672 4299 corpore
2694 4235 3044 4298 penetraret;
3070 4228 3132 4276 ul.
3156 4222 3328 4292 virgo,
3354 4222 3366 4237 '

1750 4330 1841 4384 Dei
1872 4339 2061 4399 partus
2098 4325 2364 4380 miraculo
2399 4320 2759 4388 Serapliicam
2793 4318 3022 4372 vincens
3050 4320 3329 4373 naturam,

102 4416 241 4467 στεως
276 4406 442 4471 ἄξιον.
473 4406 561 4468 Ὠς
580 4406 686 4477 γὰρ
721 4405 1072 4477 τικτούσηςὴ
1104 4409 1267 4477 νηδὺς
1298 4409 1357 4460 ού
1386 4408 1599 4477 διέφθαί

1837 4437 1936 4476 inte
1992 4420 2068 4473 illi
2127 4425 2367 4479 naturaa,
2429 4413 2577 4471 Deo,
2644 4413 2890 4480 inquam,
2946 4404 3329 4459 universorum

101 4506 167 4555 το,
197 4495 324 4550 οὑτω
345 4497 616 4569 Θανούσης
643 4499 676 4568 ὴ
711 4496 848 4567 σὰρξ
871 4500 931 4552 οὑ
963 4500 1234 4553 διόλωλεν.
1267 4502 1330 4553 Ὠ
1377 4502 1483 4553 τῶν
1513 4501 1646 4553 Octo-

104 4586 284 4650 μάτωνί
325 4590 382 4643 Ὀ
412 4590 572 4652 τόκος
620 4589 845 4658 διέφυγε
877 4590 975 4661 τὴν
1021 4591 1249 4663 φθορὰν,
1280 4594 1373 4645 καὶ
1423 4597 1450 4647 ό
1475 4595 1644 4662 τάρος

101 4677 181 4776 ξὴν
217 4681 511 4752 διαφθορὰν
555 4685 614 4736 οὑ
658 4685 995 4753 προσήκατο’
1051 4682 1156 4738 τῶν
1202 4686 1311 4756 γὰρ
1357 4687 1518 4738 ὁσίων
1548 4688 1645 4755 οὐχ

102 4772 314 4827 ἅπτεται.
353 4774 451 4836 Τίς
501 4775 534 4843 ή
570 4772 863 4839 ἀπόδειξις,
920 4772 1060 4827 εἴπω
1100 4774 1393 4845 βούλεσοε;
1437 4778 1528 4828 καὶ
1571 4778 1642 4846 μή

106 4875 176 4926 μοι
200 4864 298 4917 τῶν
330 4866 614 4936 παρόντων
661 4867 1062 4920 ὲπισκωπτέτω
1091 4868 1171 4931 τίς
1203 4886 1321 4931 πως
1356 4868 1415 4920 τὸ
1452 4869 1642 4938 μνῆμα

103 4952 243 5008 κενόν.
272 4956 693 5027 Προσερήσομαι
736 4957 846 5027 γὰρ
874 4957 1041 5026 ὑμᾶς·
1075 4957 1200 5021 Πῶς
1235 4960 1264 5011 ό
1288 4959 1481 5028 νεκρὸς
1510 4960 1643 5026 ἀφα-

104 5040 199 5110 νήςς
222 5046 340 5109 Πῶς
374 5048 476 5100 οὑκ
505 5049 563 5098 ὲν
594 5050 771 5117 σοροῖς
794 5046 863 5100 τὰ
892 5048 1122 5117 ἐντάφια
1144 5066 1158 5116 ;
1178 5050 1241 5102 -εἰ
1272 5050 1346 5120 μὴ
1395 5048 1492 5120 τὴν
1524 5051 1640 5103 δια-

158 5155 259 5217 ‘lV
293 5162 429 5234 Reg.
465 5179 530 5231 ιι,
558 5163 661 5230 tl;
697 5161 834 5219 Gen.
869 5181 922 5229 v,
948 5164 1041 5220 24.

1746 4513 1993 4577 auctori,
2055 4526 2115 4564 se
2170 4509 2397 4579 pronius
2448 4505 2813 4575 adjungerct;
2864 4506 2926 4552 ut
2981 4494 3153 4549 Mater
3211 4504 3333 4562 qua:

1754 4607 1924 4660 vitam
1945 4603 2267 4673 peperisset,
2294 4600 2561 4668 aequalem
2584 4594 2764 4665 partui
2799 4593 2922 4645 vita:
2954 4584 3331 4650 linem,mira-

1744 4697 2041 4763 columque
2096 4692 2207 4746 Deo
2252 4699 2305 4745 ct
2365 4689 2469 4744 [ide
2525 4689 2751 4756 dignum
2806 4681 3193 4754 prmtenderet.
3256 4674 3331 4731 Ut

1744 4787 1888 4842 enim
1929 4784 2153 4838 minime
2206 4791 2503 4848 corruptus
2547 4788 2631 4834 est
2678 4774 2944 4847 parientis
2977 4778 3195 4834 uterus,
3250 4768 3329 4822 ita

1748 4892 1849 4933 nec
1877 4875 2087 4931 interiit
2108 4874 2384 4928 defunctae
2409 4886 2559 4927 caro.
2593 4870 2638 4923 0
2660 4867 2939 4924 mirandas
2967 4864 3089 4921 res!
3128 4863 3330 4919 Partus

1748 4968 1975 5023 omnino
2049 4966 2461 5037 corruptionem
2521 4961 2772 5034 ellugit;
2840 4974 2944 5015 nec
3016 4952 3329 5026 sepulcrum

1748 5043 1894 5140 illam
1928 5072 1957 5112 a
1990 5065 2167 5113 morte
2221 5064 2523 5113 extremam
2559 5053 2969 5124 corruptionem
3010 5048 3122 5120 (90)
3155 5045 3333 5100 admi-

1338 5281 1421 5336 VA
1431 5280 1568 5336 RUE
1608 5280 2014 5340 LECTIONES.

153 5364 189 5403 ⁸⁸
222 5375 320 5431 ἀλ.
352 5373 893 5449 παραπεμφθέντων.

1374 5473 1767 5531 COMBEFISII
1788 5467 2017 5531 NOTAE.

112 5558 255 5637 ⁸(90)
279 5565 439 5638 Illam
495 5583 528 5620 a
561 5575 729 5638 morte
779 5575 1069 5638 extremam
1106 5568 1514 5638 corruptionem.
1557 5567 1648 5621 Sic

83 5637 564 5718 Ῡῖἷὲιέῐωοςυὲῐηυξ,
607 5637 705 5718 Ἑδν.
746 5637 1077 5718 διαφρορὰν,
1131 5637 1294 5718 (ιυοό⁸
1311 5638 1485 5694 sancti
1536 5652 1637 5691 nun

81 5694 365 5762 adimittunt
402 5709 457 5762 in
502 5694 709 5764 Christi
755 5718 808 5763 et
843 5694 1024 5763 Mariae
1066 5694 1252 5776 tar'ne,
1276 5709 1431 5780 juxta
1473 5708 1636 5764 verba

1753 5564 1900 5620 Psal.
1943 5579 2010 5618 xv
2042 5563 2211 5616 relata
2261 5561 2317 5615 in
2347 5558 2630 5614 Christum
2680 5569 2710 5609 a
2741 5552 2808 5607 D.
2845 5552 3006 5606 Petro
3028 5534 3145 5604 Act.
3186 5562 3243 5607 II,
3272 5548 3325 5600 in

1754 5652 1855 5702 qua
1885 5644 2088 5696 tamen,
2118 5648 2225 5686 non
2266 5640 2350 5685 est
2376 5627 2686 5699 negandum
2718 5625 2780 5678 τὸ
2810 5622 3020 5702 epilogi"
3049 5627 3102 5701 et
3132 5634 3322 5702 corru-

1745 5692 1861 5776 ptio
1906 5692 2105 5776 aliqua,
2130 5703 2311 5772 qualis
2343 5713 2392 5756 et
2432 5692 2608 5755 morte
2639 5707 2691 5754 ct
2722 5692 2979 5766 passione
3010 5692 3140 5759 luit;
3179 5692 3326 5745 nulla
