3790 6202
504 220 535 241 κ

182 262 305 331 1M5

1201 263 1286 325 IN
1317 262 1863 325 DORMITIONEM
1894 265 1956 326 S.
2001 267 2291 330 MARI/E.
2334 269 2411 329 ΙΙ.

3303 266 3439 331 1036

183 375 298 442 οχία
333 372 437 443 τῆς
461 371 722 437 κτίσεως,
764 372 823 425 ὲν
855 371 1037 443 μήτρᾳ
1066 371 1449 443 οἰκονομικῶς,
1472 374 1535 425 ὲκ
1570 371 1745 442 ζύμης

1879 386 1984 439 am,
2014 373 2218 428 eximia
2246 376 2403 445 plane
2437 375 2756 447 divinaque,
2793 374 2915 445 ejus
2963 381 3435 429 sacramentorum

183 460 259 513 τοῦ
275 459 576 531 Ἀδαμαίυυ
603 460 925 534 φυράματος
941 460 1372 533 ἀρτοποιηθὲντα
1393 461 1717 534 βαστάσασα
1733 479 1749 495 ο

181 548 259 602 τὸν
283 552 412 613 τοὺς
465 548 631 622 ίερῶς
668 549 1007 622 προσιόντας·
1027 550 1211 623 αὐτῷ,
1251 550 1390 623 πρὸς
1427 551 1753 623 καινοτέραν

176 640 311 713 ζωὴν
354 643 704 710 ἐπανάγοντα
731 640 828 695 καὶ
872 640 1140 707 θεοτελεῖς
1175 643 1572 714 ἐργαζόμενον,
1603 638 1646 713 ᾧ
1686 644 1751 717 δὴ

164 733 350 803 τρόπῳ
370 736 469 788 καὶ
497 732 858 805 ἀνακαθαίρει
879 732 1105 799 τούτους
1131 737 1231 790 καὶ
1253 735 1593 803 ἀθανατίζει,
1625 739 1752 804 τοὺς

163 827 303 879 κατὰ
339 827 561 897 μέθεξιν
586 828 684 899 τῆς
713 828 851 899 πρὸς
889 829 1053 884 αὑτὸν
1082 829 1162 901 τῷ
1199 829 1314 883 δντι
1348 832 1753 904 καινοπρεποῦς

162 920 448 981 κοινωνίας
494 920 908 991 οἰκειουμένους
953 920 1124 991 αὐτῷ.
1163 921 1226 973 ’Δ
1261 920 1319 974 δὲ
1347 923 1476 986 τοὺς
1512 922 1751 994 ἐραστὰς

162 1012 317 1082 ἑστιᾷ
347 1013 638 1083 προδήλως
665 1012 839 1065 ταῦτά
855 1014 973 1066 ἐστι
994 1027 1007 1042 '
1035 1012 1103 1066 τά
1131 1012 1198 1066 δι’
1224 1005 1300 1065 ὧν
1328 1013 1357 1065 6
1388 1011 1504 1084 βίος
1539 1015 1751 1079 ἐκεῖνος

161 1104 495 1173 συνέστηκεν
520 1120 533 1134 ·
565 1105 594 1157 6
645 1105 967 1176 ὑπερφερής
1011 1121 1070 1157 τε
1118 1104 1213 1157 κα)⁵
1242 1104 1510 1176 ἀρῤητος·
1547 1106 1643 1157 καὶ
1686 1098 1746 1158 οὗ

164 1196 326 1266 μηδὲν
357 1197 466 1248 τῶν
498 1196 556 1248 ὲν
576 1198 641 1268 τῇ
676 1197 855 1249 κτίσει
882 1195 1273 1267 θεωρουμένων
1313 1195 1460 1248 ἐστὶν
1482 1195 1747 1266 ὑψηλότε-

178 1306 252 1358 ρον
272 1305 287 1319 ·
319 1286 447 1340 καθ’
476 1286 533 1340 ὃν
572 1290 600 1341 6
634 1288 816 1359 πάσης
848 1287 1129 1353 θεολογίας
1164 1286 1446 1351 ἐπέκεινα,
1473 1287 1541 1339 δι’
1570 1288 1747 1359 ἀπορ-

177 1381 327 1450 ρήτου
373 1378 679 1442 κενώσεως,
708 1379 879 1450 οἴκτῳ
918 1379 1020 1450 τῆς
1047 1380 1179 1449 περὶ
1209 1380 1302 1432 τὸν
1330 1377 1616 1450 ἄνθρωπον
1648 1396 1748 1450 κη-

172 1471 412 1553 δεμονίας
448 1471 857 1543 καμπτόμενος,
896 1470 992 1525 ἆτε
1035 1469 1396 1543 προαγωγεὺς
1439 1470 1551 1525 τῶν
1586 1469 1745 1538 ὅλων,

174 1562 334 1616 εἵλετο
384 1563 640 1633 δεύτερον
673 1563 835 1634 μέχρι
868 1564 962 1618 καὶ
1002 1563 1102 1635 τῆς
1145 1561 1304 1634 ήμῶν
1330 1563 1744 1634 συγκαταϐῆναι

173 1652 452 1721 πτωχείας·
484 1652 581 1706 καὶ
608 1651 687 1723 τῷ
713 1652 971 1724 ἡμετέρῳ
1002 1651 1392 1723 συμπλακῆναι
1423 1652 1740 1724 φυράματι’

175 1762 191 1795 ι
218 1747 632 1815 συμμετασχεῖν
674 1762 735 1798 τε
767 1745 1171 1818 παραπλησίως
1205 1746 1338 1817 ἡμῖν
1381 1746 1616 1818 αἵματος
1645 1748 1745 1802 καὶ⁸

171 1835 366 1906 σαρκός
391 1851 403 1865 ⁸
448 1854 467 1887 ι
503 1840 529 1889 6
562 1837 890 1911 ἀπροσδεὴς,
916 1839 945 1890 6
983 1838 1368 1910 ὁπερπλήρης,
1397 1840 1426 1893 6
1446 1839 1705 1905 πλούσιος
1725 1884 1742 1908 ,

168 1929 190 1980 6
231 1928 311 1999 μὴ
363 1928 484 1981 κατ’
537 1928 797 1983 ἔκστασιν
841 1930 939 1999 τῆς
983 1930 1310 2000 ύπερουσίου
1351 1930 1605 2002 Θεότητος
1645 1934 1746 2007 τὴν

164 2020 289 2073 είσω
332 2038 441 2092 περ
482 2022 653 2076 οίκεῖν
679 2021 930 2093 ἐλόμενος
982 2021 1217 2092 ὕπαρξιν
1242 2067 1257 2089 ,
1289 2024 1404 2077 ἀλλ’
1450 2026 1746 2098 ἀκεραίους

162 2109 339 2181 ἑαυτῷ
370 2111 615 2180 φυλάξας
641 2113 737 2166 καὶ
766 2112 907 2183 μετά
939 2112 1039 2184 τὴν
1080 2114 1363 2184 ἄφραστον
1397 2114 1593 2169 ἕνωσιν
1618 2119 1745 2181 τοὺς

159 2199 352 2269 λόγους
403 2201 514 2256 τῶν
578 2201 983 2267 συνελθόντων,
1042 2203 1319 2274 μηδεμιᾶς
1364 2205 1633 2277 δήπουθεν
1685 2208 1787 2260 ὲν·

161 2292 313 2362 μέσῳ
364 2292 707 2365 χωρηθείσης
739 2294 1057 2364 συγχύσεως
1090 2294 1122 2365 ἢ
1159 2294 1480 2366 διαιρέσεως
1508 2313 1520 2326 ·
1556 2298 1586 2349 6
1619 2297 1743 2369 μηδ’

159 2383 351 2448 αὑτοῖς
401 2385 659 2453 ἀγγέλοις
698 2385 1012 2456 γνωρίσας,
1047 2386 1147 2438 καὶ
1197 2387 1309 2450 τοῖς
1349 2387 1744 2460 ὑπερκοσμίοις

156 2475 265 2529 τῶν
295 2478 355 2529 ὲν
384 2477 636 2546 οὐρανοῖς
667 2476 968 2545 ταγμάτων
1000 2476 1397 2545 στρατιάρχαις
1420 2516 1435 2540 ,
1466 2477 1494 2529 ὃ
1523 2477 1575 2529 τί
1612 2477 1742 2531 ποτέ

163 2568 313 2619 ἔστιν
343 2567 469 2621 αὐτὸ
497 2567 558 2620 τὸ
597 2566 950 2637 τελούμενον,
993 2566 1133 2635 πλὴν
1158 2567 1239 2621 ὲν),
1275 2567 1384 2621 τῶν
1418 2568 1741 2640 πρωτίστων

158 2657 438 2725 ἀγγέλων,
492 2655 952 2727 διακονησαμένῳ
997 2659 1063 2727 τῇ
1100 2658 1350 2729 σωτηρίῳ
1382 2659 1594 2732 προόδῳ
1646 2659 1740 2714 τοῦ

166 2746 356 2800 καινοῦ
399 2746 722 2819 μυστηρίου.
750 2746 939 2818 Ταύτῃ
968 2747 1078 2819 γὰρ
1103 2750 1131 2801 6
1162 2750 1453 2820 ἀσώματος
1486 2767 1744 2821 σωματω-

166 2839 308 2906 θεὶς,
336 2840 417 2894 διὰ
446 2841 614 2911 μέσου
638 2840 756 2905 νοὸς
784 2842 916 2911 ἡμῖν
942 2844 1035 2895 καὶ
1069 2841 1268 2912 σαρκὸς
1298 2845 1739 2915 προσωμίλησεν,

164 2930 245 2983 ἶν’
275 2932 386 2995 ὅλος
424 2933 526 3004 ὅλῳ
554 2932 849 3003 ἐγκραθεὶς
884 2932 963 3002 τῷ
983 2934 1242 3005 ἡμετέρῳ
1271 2936 1551 3006 φυράματι
1577 2979 1591 3001 ,
1620 2938 1741 2991 ὅλον

1857 464 2219 535 spectacula:
2257 468 2320 519 ad
2364 482 2489 537 quae
2547 466 2811 529 maxime,
2871 466 2990 536 ipsa
3044 462 3172 520 festi
3217 462 3436 519 initium

1855 555 2117 613 collectos
2166 555 2497 621 adhortans,
2557 556 2741 613 statim
2808 556 3030 627 quidem
3102 569 3169 610 ex
3248 555 3433 626 seipse

1857 658 2064 720 quanta
2094 650 2167 706 sit
2194 649 2394 704 domus
2424 647 2747 720 Sapientiae,
2775 644 3049 712 ostendit;
3081 659 3252 716 seque
3301 659 3435 701 vero

1853 758 1957 800 ceu
1986 750 2347 812 praesanctam
2382 753 2629 796 mensam
2656 737 2880 794 exhibet
2907 751 2922 789 :
2949 742 3215 805 tanquam
3261 734 3433 789 nimi-

1852 850 1976 891 rum
2009 836 2189 907 ipsum
2219 841 2394 890 totum
2414 831 2635 887 vitalem
2660 844 2880 902 panem,
2905 827 3194 883 Dominum
3224 826 3433 884 Deum-
3510 885 3516 891 ,

1853 944 1960 1000 que
1982 924 2173 983 Jesum
2221 924 2523 990 Christum,
2565 933 2826 979 aeternam
2856 920 3006 975 illam
3046 920 3213 976 vitam
3245 935 3433 976 rerum

1852 1025 2322 1080 conservatorem,
2355 1032 2427 1072 ex
2452 1013 2649 1082 Adami
2683 1027 2870 1069 massa
2905 1011 2962 1067 in
2993 1026 3195 1083 panem
3222 1011 3433 1067 forma-

1854 1120 1969 1167 tum
2013 1109 2430 1181 dispensatione
2482 1105 2721 1162 mirabili
2773 1105 2831 1159 in
2858 1114 3049 1160 ventre
3077 1105 3425 1175 portaverit:

1851 1201 2029 1269 illum,
2065 1202 2316 1273 inquam,
2353 1198 2446 1271 qui
2488 1206 2681 1254 sancte
2706 1197 2774 1251 ad
2826 1211 2951 1252 eum
2984 1196 3329 1263 accedentes,
3365 1195 3433 1250 ad

1851 1305 2051 1347 novam
2096 1289 2388 1361 quamdam
2422 1288 2588 1343 vitam
2640 1284 2930 1351 subvehat,
2963 1299 3029 1339 ac
3072 1284 3260 1340 divine
3300 1298 3434 1339 con-

1851 1392 2092 1443 summet
2122 1402 2138 1441 :
2172 1398 2283 1454 quo
2313 1382 2525 1438 scilicet
2556 1389 2610 1437 et
2635 1379 2899 1435 emundet
2922 1387 2977 1434 et
3006 1377 3173 1433 faciat
3199 1377 3434 1432 immor-

1849 1475 2011 1542 tales,
2069 1473 2236 1546 siqui
2276 1487 2432 1528 novaa
2476 1471 2804 1540 eximiaeque
2853 1466 2923 1523 ad
2960 1468 3144 1539 ipsum
3172 1482 3429 1522 commu-

1850 1569 2033 1625 nionis
2103 1566 2524 1639 participatione
2582 1579 2712 1619 vere
2766 1563 2815 1619 ei
2872 1562 3263 1618 conciliantur.
3301 1553 3433 1617 llaec

1850 1661 2032 1731 plane,
2061 1659 2259 1730 quibus
2283 1658 2460 1728 palam
2502 1647 2754 1711 amantes
2801 1655 3199 1718 convivantur,
3229 1652 3432 1725 quibus

1849 1755 2107 1811 nimirum
2134 1753 2387 1810 consistit
2405 1752 2494 1807 illa
2511 1752 2620 1806 vita
2651 1766 2664 1803 :
2695 1748 2828 1816 vita,
2851 1749 3093 1818 inquam.
3116 1747 3432 1819 praecellens

1847 1856 2013 1917 atque
2074 1859 2314 1911 arcana;
2349 1850 2403 1898 et
2452 1856 2560 1913 qua
2606 1839 2748 1896 nihil
2774 1841 2831 1895 in
2881 1838 3089 1893 creatis
3137 1835 3431 1893 sublimius

1846 1947 2148 1995 occurrat:
2191 1951 2324 2008 qua,
2384 1935 2633 2006 inquam,
2685 1932 2781 2004 qui
2851 1929 3185 2001 theologiam
3258 1937 3428 1985 totam

1845 2042 2177 2098 omnemque
2230 2025 2298 2081 de
2325 2024 2437 2080 Deo
2464 2024 2734 2078 rationem
2776 2027 3023 2091 superat.
3049 2016 3433 2073 exinanitione

1845 2118 2133 2185 inell‘abill,
2162 2133 2283 2189 quae
2303 2118 2427 2187 ejus
2464 2116 2521 2171 in
2552 2113 2833 2171 hominem
2864 2124 3001 2168 cura
3024 2117 3108 2166 est
3134 2116 3190 2161 ct
3210 2109 3432 2165 miscri-

1844 2212 2057 2276 cordia,
2090 2211 2240 2266 velut
2269 2210 2658 2264 universorum
2688 2211 2885 2260 auctor
2928 2200 3064 2273 (92),
3090 2200 3155 2255 ad
3184 2209 3429 2254 nostram

1844 2320 2020 2375 usque
2076 2308 2455 2375 paupertatem
2514 2300 2716 2354 iterum
2778 2295 3051 2351 inclinare
3114 2307 3174 2347 se
3232 2290 3428 2355 voluit,

1845 2407 2155 2468 nostraeque
2184 2409 2382 2451 massa:
2428 2390 2798 2455 commisceri,
2835 2403 2898 2443 ac
2941 2384 3113 2444 simili
3161 2383 3322 2439 nobis
3344 2397 3434 2436 ra-

1845 2489 2014 2552 tione,
2041 2487 2330 2543 nobiscum
2361 2504 2379 2536 ι
2403 2482 2734 2556 participare
2757 2494 2924 2535 carne
2942 2486 2995 2534 et
3018 2474 3291 2547 sanguine
3323 2483 3353 2514 τ
3376 2489 3423 2540 ;ι

1845 2582 1912 2647 is,
1944 2577 2193 2651 inquam,
2247 2578 2339 2649 qui
2372 2577 2579 2632 nullius
2610 2584 2755 2643 eget,
2790 2570 3152 2643 plenissimus
3178 2566 3267 2621 ille
3292 2582 3307 2631 ;
3336 2565 3429 2618 ille

1841 2673 2021 2735 dives,
2070 2671 2165 2742 qui
2194 2686 2302 2725 non
2361 2683 2595 2724 excessu
2637 2681 2667 2719 a
2724 2658 3246 2733 supersubstantiali
3281 2656 3428 2710 divi-

1841 2766 2034 2828 nitate,
2090 2777 2257 2834 quam
2315 2760 2463 2815 intra
2509 2757 2708 2813 ascivit
2768 2755 2904 2824 (95),
2938 2750 3116 2807 voluit
3169 2748 3424 2802 habitare

1841 2858 2234 2919 substantiam,
2268 2852 2365 2908 sed
2413 2851 2508 2921 qui
2537 2856 2662 2920 post
2692 2847 2855 2901 etiam
2887 2839 3219 2898 ineffabilem
3255 2838 3420 2893 unio-

1842 2966 1989 3013 nem,
2056 2943 2509 3003 concurrentium
2571 2941 2816 3010 integras
2876 2935 3123 2989 rationes
3154 2931 3263 2986 sibi
3294 2930 3415 3000 ipse

165 3018 333 3093 ἡμῶν
360 3021 635 3096 ἀνανεὼσῃ
672 3023 734 3076 τὸ
770 3023 1127 3095 πρόσλημμα.
1168 3025 1314 3096 Αὕτη
1366 3027 1463 3096 μὲν
1509 3027 1584 3091 ὡς
1614 3030 1735 3082 κατ’

1879 3044 2113 3116 rtinuit;
2156 3038 2439 3100 nimirum,
2505 3034 2654 3088 nulla
2705 3036 2801 3084 aut
2834 3025 3162 3084 confusione
3204 3030 3300 3077 aut
3341 3020 3431 3075 di-

166 3114 313 3187 ὲμην
340 3117 639 3188 ἐπιστήμην
665 3116 761 3170 καὶ
793 3113 906 3169 οἷον
930 3119 1072 3171 κατά
1097 3118 1157 3170 τὸ
1181 3119 1546 3190 πρόχειρον,ή
1578 3123 1740 3192 νοερὰ

1881 3136 2056 3191 isione
2090 3111 2373 3186 intellecta
2409 3126 2628 3189 media;
2661 3121 2756 3192 qui
2822 3128 3001 3190 neque
3029 3116 3195 3172 etiam
3221 3111 3432 3183 angelis

165 3204 274 3275 τῆς
303 3206 592 3277 θεομύστου
624 3208 818 3279 σοφίας
849 3208 1120 3280 τράπεζα.
1157 3210 1395 3265 Τοιαῦτα
1423 3212 1518 3265 καὶ
1552 3214 1621 3267 τὰ
1654 3215 1740 3268 ἐπ’

168 3296 309 3369 αὐτῇ
340 3301 612 3369 μυστικῶς
648 3302 1065 3374 ἱεροτελούμενα
1095 3303 1469 3374 θεοπαράδοτα
1495 3305 1656 3376 ὄργια
1675 3308 1741 3340 "-

166 3381 252 3452 οἷς
279 3392 490 3456 είκότως
519 3388 968 3466 ἐπισημήνασθαι
1005 3395 1111 3466 χρὴ
1143 3396 1237 3449 καὶ
1259 3394 1330 3448 τὰ
1347 3397 1439 3449 ἐπὶ
1471 3398 1569 3468 τῆς
1598 3415 1745 3470 παρ-

169 3480 335 3553 ούσης
378 3486 587 3558 ἡμέρας
649 3487 947 3559 μυστήρια,
986 3487 1203 3558 καθ’ἥν
1232 3488 1266 3558 ή
1314 3487 1615 3559 Θεομήτωρ
1654 3490 1746 3542 ού-

170 3571 261 3625 δὲν
327 3576 429 3630 τῶν
477 3578 620 3631 κατά
652 3579 814 3648 φύσιν
856 3580 1077 3650 θεσμῶν
1122 3579 1546 3651 παραμείψασα,
1594 3582 1744 3654 νόμῳ

173 3665 253 3735 τῷ
291 3669 407 3723 καθ’
449 3673 602 3741 ἡμᾶς
663 3671 1074 3742 ἐλειτούργησε.
1121 3675 1214 3726 καὶ
1243 3673 1347 3727 ὑπὸ
1392 3675 1506 3739 τοῖς
1563 3676 1746 3740 αὐτοῖς

173 3757 318 3827 ὅροις
337 3762 460 3831 ἡμῖν
495 3762 596 3834 τὴν
622 3764 681 3817 ὲν
711 3765 875 3835 σαρκὶ
901 3763 1046 3835 ζωὴν
1080 3765 1438 3837 συνεπέρανε,
1469 3765 1746 3838 θαύματος

178 3851 350 3922 πλήρη
374 3854 747 3908 καταλιποῦσα
781 3854 860 3926 τῷ
901 3856 1005 3926 βίῳ
1028 3858 1144 3909 ’καὶ
1170 3858 1424 3926 γέννησιν
1450 3859 1545 3911 καὶ
1579 3859 1747 3928 μετά-

181 3959 377 4001 στασιν,
428 3948 493 4000 Et
528 3964 582 4001 τι
637 3947 770 4016 γοῦν
800 3948 897 4001 καὶ
938 3948 1049 4002 τῶν
1089 3949 1230 4018 ὑπὲρ
1278 3950 1428 4020 ήμᾶς
1474 3949 1566 4002 ἐπ’
1597 3952 1745 4023 αὐτῇ

179 4036 308 4106 πρδς
325 4038 420 4108 τῆς
446 4038 597 4103 θείας
633 4039 984 4111 ᾠκονόμηται
1017 4039 1255 4109 φύσεως,
1285 4041 1616 4113 θαυμαζέτω
1643 4059 1750 4113 μη-

179 4125 300 4191 δεὶς,
361 4130 496 4202 πρὸς
542 4130 605 4183 τὸ
669 4130 947 4201 ἄφραστον
998 4131 1219 4203 ἀφορῶν
1265 4133 1361 4187 τοῦ
1403 4133 1749 4199 τελεσθέντος

178 4221 551 4292 καινοπρεπῶς
580 4223 902 4294 μυστηρίου,
934 4222 1115 4295 πάσης
1163 4225 1425 4297 ἀπειρίας
1452 4225 1749 4298 ἀπειράκις

177 4311 407 4383 ἀπείρως
427 4314 789 4388 ὲξῃρημένου.
821 4317 929 4369 Καὶ
960 4312 1071 4370 εἶεν
1089 4317 1155 4389 δὴ
1179 4317 1353 4372 ταῦτα
1372 4319 1438 4371 δι’
1471 4319 1594 4372 ὅλου
1622 4336 1749 4372 συν-

1844 3223 2227 3285 cmlestiumve
2279 3215 2539 3272 ordinum
2580 3211 2782 3265 mundo
2821 3206 3170 3278 superiorum
3204 3200 3415 3273 princi-

1845 3313 2031 3384 pibus,
2059 3324 2171 3363 uno
2192 3312 2460 3362 duntaxat
2493 3303 2728 3373 primate
2761 3298 2874 3370 (94)
2906 3296 3229 3366 angelorum
3264 3306 3429 3348 exce-

1843 3416 1961 3478 pto,
2012 3417 2123 3474 quo
2197 3400 2455 3454 ministro
2506 3408 2714 3450 novum
2779 3390 2982 3446 salutis
3022 3391 3431 3443 sacramentum

1847 3507 2163 3568 processum
2222 3488 2543 3544 habiturum
2598 3488 2769 3549 esset,
2821 3480 2955 3552 quid
3006 3479 3089 3535 rei
3134 3484 3428 3548 gereretur

1847 3565 2084 3656 aperuit.
2143 3580 2236 3636 Sic
2267 3577 2414 3634 enim
2473 3575 2569 3645 qui
2611 3573 2974 3639 incorporeus
3032 3578 3141 3632 est,
3196 3565 3431 3620 indutus

1847 3691 2070 3746 corpus,
2125 3687 2184 3728 se
2234 3668 2397 3725 nobis
2428 3666 2668 3730 socium,
2730 3669 2913 3717 mente
2942 3673 3223 3728 carneque
3248 3656 3427 3712 media

1848 3768 2099 3840 adjunxit
2142 3782 2156 3819 :
2194 3772 2251 3819 ut
2297 3770 2467 3826 totus,
2504 3766 2711 3813 nostra:
2740 3754 2841 3809 ιοιί
2870 3766 3066 3807 massa:
3125 3749 3430 3812 immistus.

1849 3839 2190 3931 assumptam
2217 3863 2473 3912 naturam
2515 3859 2686 3907 totam
2724 3849 3085 3903 instauraret.
3148 3839 3309 3909 Quod
3340 3855 3430 3894 ca-

1849 3955 1961 4025 pio,
1988 3930 2052 4006 ac
2086 3949 2238 4005 velut
2274 3947 2328 4000 in
2360 3950 2621 4016 promptu
2651 3938 2914 4001 dixerim,
2957 3950 3019 3990 ea
3050 3940 3134 3990 est
3164 3930 3432 4003 spiritalis

1852 4023 2082 4100 initiatae
2107 4041 2219 4096 Deo
2249 4035 2363 4109 (95)
2394 4032 2683 4105 sapientiae
2712 4043 2921 4109 mensa.
2958 4023 3242 4097 Ejusmodi
3277 4024 3441 4091 quo-ﬁ

1850 4152 1958 4209 que
1992 4143 2141 4201 sunt,
2173 4140 2230 4190 et
2257 4108 2514 4186 tradente
2548 4124 2681 4189 Deo,
2713 4108 2946 4194 mystice
2976 4118 3033 4174 in
3058 4133 3121 4174 ea
3153 4115 3436 4171 celebrata

1851 4243 2011 4287 sacra
2073 4224 2225 4296 orgia
2273 4237 2337 4278 ac
2388 4217 2745 4279 caeremoniae,
2792 4214 2997 4285 quibus
3035 4212 3202 4267 etiam
3238 4209 3440 4264 merito.
3488 4229 3495 4239 ι

1852 4320 1960 4374 diei
1994 4316 2160 4385 hujus
2194 4318 2543 4368 sacramenta
2595 4304 2975 4367 accesserint;
3016 4316 3123 4370 qua
3167 4300 3437 4353 nimirum

177 4410 478 4481 επτυγμένα
518 4410 614 4463 καὶ
656 4409 892 4482 ἄρρητα,
928 4411 1023 4466 καὶ
1068 4388 1158 4466 τὸν
1200 4413 1400 4468 οἰκεῖον
1430 4412 1591 4481 λόγον
1626 4414 1745 4471 ἀκί-

1879 4411 1951 4466 )εἰ
2002 4408 2195 4469 Mater,
2256 4401 2395 4458 nihil
2439 4397 2666 4454 mutatis
2702 4402 2913 4449 naturae
2944 4392 3181 4461 legibus,
3218 4389 3342 4443 latae
3376 4388 3436 4441 in

238 4531 265 4559 τ
294 4521 458 4578 llebr.
517 4538 576 4586 ll,
613 4521 711 4577 ην

243 4684 389 4741 ⁸⁸ᾶλ.
418 4685 716 4757 μυστήρια.

1352 4632 1359 4638 .
1446 4591 1679 4648 VARI/IS
1717 4546 2120 4647 mandans.

1389 4777 1393 4779 λ
1471 4749 1864 4806 COMBEFISII
1896 4746 2133 4815 ΝΟΤΛΕ.

238 4847 346 4917 (92)
392 4846 551 4902 Velut
582 4847 943 4901 universorum
978 4859 1181 4917 au_ctor.
1260 4841 1558 4917 Td'iv‘iilmv.
1587 4842 1746 4917 _Allu-

175 4911 357 4972 sio'es't
381 4919 451 4972 ad
483 4934 547 4972 ea
576 4934 697 4987 quae
734 4917 1003 4971 habentur
1032 4914 1163 4982 Sap.
1208 4929 1273 4987 tt,
1307 4912 1397 4966 uhi
1430 4911 1657 4987 crearit),
1688 4920 1744 4966 et

173 4987 259 5042 Dei
286 5005 352 5042 cx
376 4989 468 5041 illa
495 4982 802 5041 dominium
829 4988 1163 5053 assignatur,
1185 4983 1515 5041 universalis
1543 4982 1743 5053 divina:

175 5058 565 5113 misericordia:
592 5059 731 5112 ratio
754 5073 848 5111 seu
877 5052 1282 5125 argumentum.
1303 5053 1469 5125 illud,
1502 5054 1531 5105 6
1560 5052 1741 5125 πάσης

174 5128 447 5197 θεολογίας
504 5128 783 5192 ἐπέκεινα,
818 5121 1009 5197 ipsum
1040 5132 1123 5177 cst
1172 5122 1316 5192 quod
1377 5121 1742 5197 Dionysioet

176 5201 293 5272 aliis
331 5192 614 5272 :6népﬁsog
638 5192 852 5272 {quod
879 5194 1139 5272 nimirum
1173 5192 1533 5272 transcendat
1573 5192 1728 5263 quid-

174 5270 295 5339 quid
332 5263 500 5323 Denin
532 5263 903 5339 intelligimus
928 5265 1008 5339 vel
1040 5263 1334 5339 lpquinynr.

240 5341 350 5410 (95)
379 5339 575 5410 Quam
605 5331 751 5410 inter
793 5336 998 5410 ascivit.
1032 5336 1155 5403 ,Τὴν
1191 5334 1322 5386 εἵσω
1354 5349 1479 5403 περ.
1521 5331 1743 5410 Signiﬁ-

175 5404 346 5464 catita
368 5409 569 5462 tactam
604 5411 657 5462 in
693 5408 869 5462 Verbo
902 5415 1157 5461 naturam
1191 5413 1551 5473 assumptum,
1594 5413 1649 5455 ut
1685 5404 1745 5455 in

178 5480 406 5551 prapriis
426 5479 581 5551 salva
608 5478 833 5551 omnino
866 5475 1246 5547 permanserit.
1268 5474 1368 5529 Est
1393 5482 1575 5551 autem
1608 5474 1745 5527 l'acta

177 5543 226 5605 in
259 5543 372 5613 illo,
411 5558 472 5603 ut
504 5550 683 5605 solum
717 5549 771 5602 in
804 5543 1037 5619 persona
1066 5554 1329 5619 tanquam
1374 5543 1646 5613 prepriam
1667 5557 1747 5619 ‘ac

176 5635 323 5679 suam
366 5621 629 5691 habente,
655 5614 830 5691 eoque
875 5617 1140 5691 maxime_
1165 5617 1436 5691 intimam,
1477 5630 1541 5691 ac
1600 5614 1744 5691 velut

180 5691 444 5753 altissime
503 5684 943 5756 incssisteutem,
978 5703 1077 5759 pro
1108 5685 1202 5742 Dei
1249 5692 1431 5740 tamen
1474 5684 1745 5747 decentia,

1855 4836 2211 4912 aeinqtl‘abili
2248 4850 2587 4912 prorsusqne
2619 4849 2823 4892 arcana
2850 4830 3088 4888 ratione.
3113 4827 3441 4898 Suspectior

1853 4907 2215 4964 nihilominus
2237 4907 2455 4961 videtur
2480 4907 2684 4962 littera.

1925 4978 2038 5049 (94)
2080 4976 2193 5032 Uno
2223 4977 2488 5031 duntaxat
2517 4978 2765 5044 primate,
2795 4983 2911 5049 etc._
2941 4971 3035 5049 Sic
3066 4969 3228 5049 B_cr_n.
3268 4982 3436 5036 supra

1851 5040 2053 5104 Missus
2080 5058 2181 5113 est,
2215 5056 2347 5110 etc.,
2374 5040 2526 5117 quod
2548 5040 2847 5117 exponunt
2877 5040 3116 5117 theologi
3147 5042 3213 5094 de
3246 5052 3439 5117 sacra-_

1851 5120 2018 5176 menti
2051 5107 2420 5189 peculiaribus
2450 5107 2886 5189 circumstantiis
2912 5107 3265 5189 ;e_xistinzant
3286 5107 3432 5159 enim
3528 5154 3539 5165 ,

1850 5183 2216 5246 substantiam
2240 5204 2270 5242 a
2302 5188 2574 5257 principio
2594 5188 2805 5258 angelis
2836 5183 3158 5243 revelatam,
3179 5192 3301 5247 qum
3331 5190 3433 5229 nec

1857 5262 2109 5316 homines
2139 5273 2375 5329 prorsus
2407 5259 2677 5329 latuerit,
2955 5321 2967 5329 _
3092 5317 3107 5329 ι
3223 5316 3255 5329 ,,
3324 5315 3335 5326 ,

1917 5332 2031 5412 £95)
2074 5316 2312 5412 ’ρῖτίιριιε
2346 5328 2474 5412 [ἔειλ-
2502 5316 3432 5412 980.90“???E‘itéii-ﬁ'PPliif‘T.“

1848 5386 1967 5463 τού,
2000 5386 2156 5470 μυεῖν
2181 5409 2237 5454 et
2270 5400 2548 5470 μυεῖσθαι,
2592 5386 2798 5470 Graecis
2826 5386 3322 5470 signiﬁcatioflnlic
3353 5386 3435 5437 vi-

1852 5458 2013 5526 detur
2066 5458 2313 5525 derivata
2352 5486 2454 5523 vox
2515 5458 2655 5523 sumi
2693 5458 2934 5538 passive,
2976 5469 3034 5516 ut
3083 5458 3433 5538 significetur

1852 5542 2043 5607 Maria,
2071 5542 2274 5595 divinis
2296 5556 2323 5592 a
2352 5538 2462 5594 Deo
2490 5536 2799 5592 rationibus
2826 5536 3099 5590 instructa
3133 5536 3429 5600 sapientia,

1846 5627 2021 5682 eoque
2050 5614 2225 5666 instar
2251 5610 2516 5682 spiritalis
2552 5623 2614 5662 ac
2642 5608 2891 5679 mystica:
2920 5615 3145 5667 tuensaa,
3182 5608 3433 5657 contem.

1859 5681 2087 5753 plationi
2123 5681 2421 5753 propnsila.
