3790 6202
174 298 275 363 Ῑυὸθ

1136 310 1220 369 IN
1259 310 1813 371 DORMITIONEM
1850 314 1911 370 δ.
1955 310 2246 372 MARLE.
2288 314 2402 373 III.

3271 327 3412 421 πορθ

165 412 269 481 περὶ
302 411 468 484 αὐτὴν
514 397 766 484 λογιχαῖς
803 418 1124 484 ἁνελίξεσιν,
1149 422 1252 474 οὐκ
1312 420 1461 475 ὲῶσα
1499 423 1712 492 τρανῶς

1883 436 2112 477 inmune
2135 423 2297 493 eique
2320 425 2629 494 preprium,
2668 429 2772 485 soli
2807 431 2885 488 illi
2919 442 2976 488 ut
3019 403 3409 497 universorum

164 500 465 571 ἐκφαιθῆναι
486 504 588 577 τὴν
610 508 1061 580 συνεπτυγμένην
1090 509 1184 564 τοῦ
1220 515 1521 584 μυστηρίου
1555 513 1722 567 κατά-

164 590 297 660 ληψιν
316 593 381 663 ἢν
394 591 537 647 Θεοῦ
565 596 729 665 μόνου
754 598 873 651 κατ’
894 598 1053 664 ἀξίαν
1073 602 1446 672 ἐγκωμιάζειν
1471 603 1607 665 ἐστὶ,
1626 587 1721 655 τοῦ

164 681 311 750 λόγοις
320 676 397 746 οἷς
409 680 556 739 οἶδεν
572 686 733 752 αὐτὸς
745 687 815 741 τά
828 691 914 742 ἐπ’
926 691 1061 762 αὐτῇ
1074 690 1401 761 δεδρακότος
1420 694 1657 762 μεγαλου
1665 711 1724 762 ρ-

164 775 355 843 γήματα
388 789 405 804 ’
443 778 518 846 μή
551 795 605 830 τι
639 776 734 833 οὖν
762 780 892 852 ἐμοὶ
914 782 993 852 τῷ
1021 783 1199 853 χαμαὶ
1229 784 1491 853 κειμένῳ,
1528 786 1622 837 καὶ
1653 785 1723 839 τά

164 864 209 916 ὲν
232 866 373 918 ποσὶν
400 867 559 921 οὐδὲν
588 870 671 923 ὅτι
707 872 872 926 πλέον
899 873 1086 939 εἰδότι,
1128 875 1196 929 δι’
1226 874 1438 929 ἔνδειαν
1466 875 1568 946 τῆς
1593 878 1721 947 περὶ

164 957 218 1009 τὰ
254 957 386 1011 καλὰ
428 963 842 1033 προαιρέσεως’
908 967 968 1019 οὐ
1024 967 1088 1039 δή
1147 985 1279 1022 ποτε
1332 964 1427 1022 οὖν
1477 971 1545 1022 τὰ
1588 985 1718 1040 παρ’

164 1049 289 1112 ἀξίαν
338 1052 516 1105 εἰπεῖν
569 1056 1029 1127 αἰσχυνθήσομαι,
1090 1060 1186 1113 καὶ
1234 1062 1283 1113 εἰ
1347 1061 1421 1131 μὴ
1471 1060 1540 1113 τὰ
1592 1063 1715 1113 κατ’

160 1140 288 1206 ἀξίαν
309 1141 495 1211 λέγειν
535 1145 637 1200 οὐκ
667 1146 808 1217 Exte;
850 1150 991 1204 Ἀλλ’
1017 1151 1205 1223 ἐπειδὴ
1241 1152 1335 1206 καί⁸
1370 1152 1430 1206 τὸ
1457 1152 1598 1206 κατά
1618 1153 1712 1206 δύ-

160 1233 402 1300 ναμινούκ
426 1236 754 1307 ἀπόϐλητον,
784 1239 862 1311 τῷ
887 1241 1070 1297 λαλεῖν
1097 1243 1194 1315 τὴν
1221 1243 1378 1313 σιγὴν
1399 1244 1721 1315 διακρούσο-

162 1338 263 1388 μαι,
295 1323 409 1395 Θεῷ
435 1326 533 1398 τὴν
559 1328 798 1396 διάλεξιν
819 1332 1152 1403 ἀναθέμενος
1176 1352 1189 1365 ο
1220 1336 1370 1407 αὐτῷ
1394 1340 1425 1407 ἠ
1449 1335 1598 1401 δόξα,
1625 1336 1719 1389 καὶ

159 1414 208 1465 τὸ
234 1417 421 1487 κράτος
460 1421 544 1484 εἰς
570 1421 701 1485 τοὺς
727 1422 1053 1494 σύμπαντας
1089 1428 1294 1494 αἰῶνας
1321 1430 1432 1483 τῶν
1475 1427 1712 1484 αἰώνων.

170 1504 338 1576 Ἀμήν.
405 1524 407 1527 ‘

1821 513 2059 577 auctori,
2116 529 2411 584 rerumque
2465 518 2736 588 ejusmodi
2792 527 3009 592 artifici,
3047 539 3175 586 ante
3204 538 3410 590 saecula

1820 602 2102 671 cognitum
2135 611 2240 658 est.
2278 603 2400 660 Haec
2433 621 2622 664 nostra
2668 611 2932 670 formatio
2954 629 3061 682 est,
3108 623 3222 678 haec
3250 642 3409 681 com-

1820 693 2026 760 paetio,
2091 696 2205 750 haec
2258 699 2491 763 solutio,
2529 717 2695 770 quam
2753 716 2805 760 et
2832 709 3037 764 celebri
3077 713 3242 769 hodie
3265 736 3408 772 cnn-

1822 795 1983 839 vetttu
2020 787 2275 843 colimus.
2325 789 2462 845 [littc
2528 808 2630 862 ego
2660 796 2889 865 spiritus
2944 807 3304 870 contralietts,
3346 826 3408 866 ac

1829 876 2028 932 timore
2085 878 2352 935 honorem
2415 897 2767 939 sacramento
2809 890 3037 959 habens,
3076 911 3200 949 cum
3237 916 3403 954 voca-

1827 965 2041 1020 lissituo
2090 972 2485 1040 prepltctarum
2521 973 2665 1027 Isaia
2729 984 3031 1046 pronuntio
3064 1003 3078 1039 :
3115 1006 3133 1038 ι
3165 987 3208 1042 Ο
3242 994 3409 1045 miser

1823 1072 1946 1126 ego,
1975 1059 2105 1128 quia
2149 1071 2514 1129 comptun-tns
2545 1069 2865 1137 sumtquia
2907 1072 3071 1129 homo
3112 1093 3234 1131 cutn
3279 1083 3404 1147 sint,

1822 1158 1877 1204 ct
1905 1151 2366 1207 immunda‘labia
2400 1155 2682 1224 habens},
2715 1178 2741 1214 ι
2763 1162 2831 1217 de
2865 1169 3071 1220 munda
3103 1171 3192 1224 illa
3223 1184 3269 1223 et
3306 1175 3401 1227 ίιιι⁴

1818 1242 2113 1306 maculata,
2146 1256 2210 1297 ac
2251 1244 2422 1300 totius
2452 1250 2763 1308 sanctitatis
2816 1256 3165 1326 plenissima,
3227 1267 3408 1317 audeo

1815 1331 2026 1401 aliquid
2077 1333 2252 1404 loqui,
2307 1351 2541 1405 eamque
2586 1354 2863 1409 praesumo
2920 1348 3410 1421 epitaphiuposito

1812 1423 2114 1489 celebrare,
2166 1424 2332 1495 cujus
2363 1429 2585 1497 quidem
2625 1439 3405 1509 contemplanda:nsi-ensum,

1810 1514 1986 1569 nubes
2015 1516 2071 1569 in
2118 1517 2357 1572 circuitu
2411 1522 2726 1588 prohibent,
2782 1529 3034 1595 quaedam
3071 1544 3253 1587 autem
3312 1552 3407 1589 ne-

156 1595 265 1649 bula
292 1597 943 1666 spiritalisratimlalibus
987 1605 1109 1675 ejus
1139 1607 1479 1663 circumfusa
1536 1592 1716 1679 gyris;
1780 1603 2208 1673 haudquaquam
2265 1608 2398 1662 sinit
2465 1618 2527 1663 ut
2570 1610 2815 1666 involuta
2876 1624 3209 1673 sacramenti
3260 1640 3408 1677 (δοίη-

161 1689 427 1757 prehensio
487 1694 704 1748 clarius
745 1697 1074 1765 explicetur.
1146 1699 1332 1755 Potest
1393 1702 1544 1755 solus
1607 1699 1750 1753 Deus
1828 1713 1927 1768 pro
1984 1697 2199 1753 meritis
2256 1696 2521 1767 laudare,
2575 1704 2669 1772 qui
2726 1705 2792 1760 iis
2838 1709 3044 1771 quihus
3096 1714 3240 1763 novit
3293 1715 3407 1782 ipse

164 1782 455 1846 rationibus,
519 1788 658 1841 mira
712 1789 803 1842 illa
861 1807 1026 1860 Opera
1060 1794 1112 1847 in
1147 1811 1210 1849 ea
1235 1795 1461 1851 effecit:
1527 1802 1740 1849 tantunt
1816 1809 1948 1848 vero
2012 1794 2170 1848 abest
2236 1804 2293 1848 ut
2352 1796 2407 1849 id
2439 1796 2571 1851 mihi
2634 1799 2781 1852 humi
2820 1802 3058 1869 dejecto,
3108 1810 3310 1878 vixque
3342 1826 3405 1864 ea

161 1890 258 1943 qua:
314 1886 437 1930 sunt
489 1877 543 1932 in
601 1880 854 1949 pedibus,
909 1884 1065 1940 bona:
1118 1888 1425 1944 voluntatis
1452 1887 1698 1954 defectu,
1738 1892 2027 1954 persnecta
2060 1884 2311 1947 habenti,
2346 1889 2661 1942 conveniat.
2714 1889 2852 1944 Num
2928 1910 3057 1960 ergo
3121 1913 3244 1966 qua:
3294 1918 3403 1952 ine.

161 1967 298 2019 ritum
352 1978 634 2036 superant,
690 1974 966 2028 erubuere
1022 1976 1231 2042 dicere,
1270 1980 1362 2048 qui
1419 1995 1597 2050 neque
1637 1994 1699 2033 ea
1740 1975 1948 2047 possim
2010 1974 2201 2029 dicere
2268 1991 2393 2045 qua-2.
2436 1993 2531 2046 pro
2606 1983 2805 2037 merito
2850 1985 3144 2040 videntur?
3215 1990 3401 2042 Finitu-

158 2072 263 2111 vero
285 2074 597 2128 ctlnncque
627 2061 700 2115 sit
731 2065 1121 2131 respuendum,
1182 2070 1331 2140 quod
1388 2070 1460 2125 sit
1519 2086 1587 2125 ex
1651 2067 1933 2128 facultate,
1994 2062 2104 2117 Deo
2187 2079 2525 2120 cousecrans
2595 2069 3070 2141 dissertationem,
3139 2096 3402 2134 sermone

156 2151 407 2207 silentium
470 2153 777 2222 repellam:
830 2156 934 2225 ipsi
1006 2161 1183 2230 gloria
1219 2167 1302 2217 ’et
1346 2170 1617 2234 potestas,
1671 2175 1703 2229 p

1883 2155 1990 2209 inia
2026 2155 2222 2209 sa-cula
2257 2158 2609 2215 saeculorum.
2641 2160 2837 2221 A-ncn.

746 2291 969 2346 ΛΟΓΟΣ
994 2292 1092 2350 ΙΔ’.

144 2400 237 2465 Εἰς
256 2399 368 2469 τὴν
386 2403 675 2473 κοίμησιν
702 2406 813 2485 τῆς
832 2411 1161 2485 ὑπεραγιίις
1181 2416 1518 2484 Δεσποίνης
1538 2415 1710 2485 ἡμῶν

756 2479 1071 2535 Θεοτόκου.

203 2583 370 2637 Kak!
422 2587 588 2641 πάλιν
647 2590 793 2660 ἡμᾶς
845 2592 907 2646 τὸ
972 2598 1194 2666 συνεχὲς
1237 2598 1333 2651 τοῦ
1370 2598 1529 2668 λόγου
1574 2601 1709 2667 πρὸς

142 2672 229 2743 τήν
264 2678 568 2748 πανήγυριν
590 2696 604 2710 ο
642 2682 736 2735 καὶ
762 2682 845 2736 δεῖ
901 2702 967 2754 γε
1015 2688 1235 2754 πάντως
1269 2694 1299 2761 ἡ
1312 2672 1418 2762 μᾶς
1450 2696 1563 2757 τοῖς
1581 2694 1707 2765 ἑξῆς

141 2770 471 2857 προσενεῖραι
502 2770 573 2825 τὰ
603 2771 878 2841 λείποντα,
909 2778 985 2842 ὡς
1026 2782 1092 2835 ἃν
1119 2782 1305 2853 ἄρτιος
1350 2786 1435 2857 εἰη
1473 2788 1502 2837 6
1550 2787 1707 2855 λόγος

138 2856 221 2906 καὶ
271 2856 482 2926 ἄλυτος,
541 2862 638 2914 τοῦ
689 2863 1076 2937 διεζευγμένου
1132 2873 1397 2927 πάντοθεν
1438 2877 1703 2946 ἀμοιρῶν.

136 2943 248 2996 Καὶ
278 2946 340 3018 δὴ
371 2947 499 3016 γοῦν
559 2952 618 3004 ἐν
681 2956 795 3015 τοῖς
854 2956 1124 3022 φθάσασιν
1166 2960 1242 3023 ὡς
1271 2955 1383 3015 οἷόν
1412 2943 1588 3035 τεήῆν,
1620 2967 1709 3019 διὰ
1747 3000 1759 3011 -

133 3033 395 3125 βραχέων,
424 3040 493 3094 τά
516 3043 644 3112 περὶ
668 3044 768 3113 τῆς
800 3046 930 3111 θέας
962 3049 1055 3102 τοῦ
1084 3050 1393 3122 ζωαρχικοῦ
1420 3033 1702 3125 σώματος,

128 3122 271 3192 λέγω
312 3128 371 3200 δὴ
422 3131 516 3185 τοῦ
568 3134 904 3204 παρθενικοῦ
944 3139 1044 3211 τῆς
1067 3140 1415 3218 Θεομήτορος
1448 3122 1702 3217 σκήνους,

130 3217 266 3286 πρὸς
306 3219 457 3291 ἡμῶν
513 3224 896 3294 διηγόρευται·
941 3229 1189 3286 λείπεται
1245 3217 1437 3300 δὲντίς
1476 3240 1503 3289 o'
1540 3239 1710 3306 ῦμνος

125 3307 321 3373 είπεῖν,
348 3313 442 3364 καὶ
482 3314 551 3367 τά
574 3315 891 3388 ὑμνούμενα
916 3314 1025 3376 οἷα.
1058 3324 1167 3376 Καί
1199 3324 1244 3356 ⁸⁷
1276 3343 1367 3395 μοι
1412 3327 1506 3380 νῦν
1578 3329 1709 3382 αὐθ-

121 3399 314 3466 αδείας
346 3404 377 3474 ἦ
405 3404 641 3475 θράσους
695 3413 1041 3483 ἐπιρρίψοιτο
1068 3416 1260 3487 μῶμον
1296 3421 1709 3488 κατατολμῶντι

118 3490 228 3546 τῶν
260 3495 585 3567 ὑπερόγκων
610 3515 623 3529 ·
666 3503 748 3555 ὅτι
809 3505 884 3576 μὴ
919 3508 1062 3561 κατὰ
1106 3508 1266 3576 λόγου
1312 3510 1564 3582 δύναμιν,
1585 3513 1706 3566 κατ’

2375 2290 2635 2347 ORATIO
2687 2294 2829 2349 XIV.

1808 2404 1869 2458 In
1924 2406 2281 2460 sanctissima:
2326 2406 2571 2485 Domina:
2626 2421 2826 2485 nostra:
2883 2413 3130 2485 Dei,:arte
3178 2419 3399 2477 Donni-

2401 2479 2597 2532 tiouem
2660 2481 2800 2550 (99).
2986 2479 3017 2511 ’·

1883 2587 2056 2643 Vocat
2082 2604 2183 2645 nos
2209 2590 2408 2643 iterum
2445 2595 2719 2649 sermonis
2743 2598 3086 2654 continuitas
3108 2603 3173 2655 ad
3208 2604 3399 2659 lauda-

1811 2682 2054 2748 tionem;
2112 2700 2176 2737 ac
2227 2685 2388 2753 plane
2434 2695 2653 2755 Oportet
2706 2699 2763 2743 ut
2808 2708 2932 2760 quae
2963 2694 3167 2749 desunt
3207 2700 3400 2755 ordine

1809 2787 2231 2841 connectantus,
2286 2788 2343 2833 ut
2399 2780 2473 2833 sit
2515 2796 2699 2837 sermo
2746 2784 2957 2853 integer
3007 2804 3108 2842 nec
3157 2792 3396 2856 Solutus,

1809 2883 1970 2938 quem
2007 2871 2156 2924 nulla
2205 2888 2267 2925 ex
2303 2881 2458 2941 parte
2495 2874 2714 2943 aliquid
2759 2876 2987 2931 dividat.
3029 2878 3228 2935 Paucis
3262 2901 3418 2954 ergo,

1809 2962 1865 3016 in
1906 2964 2311 3032 superioribus,
2345 2974 2617 3033 quantum
2651 2968 2826 3032 licuit,
2863 2986 2986 3039 qua:
3016 2973 3081 3024 ad
3118 2978 3395 3045 corporis,

1810 3055 1955 3123 quod
2020 3055 2188 3109 vitam
2245 3054 2455 3126 genuit,
2520 3058 2588 3111 ad
2642 3062 2954 3131 virginalis,
3003 3067 3249 3135 inqttatn,
3305 3069 3396 3124 Dei

1810 3146 2115 3201 Genitricis
2190 3149 2540 3203 tabernaculi
2627 3157 3009 3219 Spectaeulum
3096 3161 3392 3227 pertinent,

1810 3238 2233 3302 enarravimus;
2320 3250 2577 3308 superest
2661 3252 2720 3294 ιιι
2783 3245 3037 3301 dicamus
3117 3252 3394 3318 quodnam

1812 3326 1977 3381 fuerit
2032 3328 2341 3391 canticum,
2398 3346 2591 3400 quaeve
2641 3336 2859 3388 cantico
2891 3338 3397 3395 celebrata.Nemo

1812 3426 1995 3472 autem
2053 3419 2204 3472 velut
2257 3422 2616 3474 temerarium
2664 3425 3133 3496 audacioremque
3185 3434 3395 3500 \‘ilupe-

1811 3496 2038 3570 raverit,
2089 3507 2186 3576 qui
2238 3508 2446 3577 majora
2482 3525 2567 3563 me
2613 3525 2982 3579 prtesumatn;
3028 3520 3248 3585 quatth
3285 3537 3392 3573 nun

115 3584 289 3678 εὐχῆς
315 3588 374 3642 δὲ
412 3591 581 3661 μόνην
595 3593 890 3665 ὑπόσχεσιν
907 3599 1194 3670 ὁρμηθεὶς,
1225 3601 1318 3654 τὸν
1344 3607 1487 3672 μετὰ
1517 3608 1703 3676 χεῖρας

1883 3597 1959 3651 lut
2002 3614 2162 3669 aequa
2216 3600 2422 3654 virtute
2457 3615 2718 3654 sermone
2769 3616 3045 3666 certante,
3102 3612 3197 3661 sed
3234 3612 3393 3678 quasi

110 3671 279 3744 λόγον
330 3684 774 3757 συνεστησάμην,
836 3689 931 3742 τοῦ
988 3690 1284 3761 ὑφειμένου
1334 3694 1430 3747 καὶ
1482 3698 1704 3767 μετρίου

105 3774 427 3847 πανταχόσε
482 3778 782 3846 φροντίσας
830 3782 910 3858 εἰς
955 3782 1212 3854 δύναμιν.
1270 3786 1410 3839 Ἀλλ’
1459 3788 1518 3840 οὐ
1554 3790 1706 3858 παρὰ

100 3860 283 3916 τοῦτο
352 3868 676 3937 σμικρύνειν
740 3870 768 3921 6
819 3856 978 3940 λόγος
1006 3875 1068 3927 τὸ
1102 3882 1401 3950 μυστήριον
1435 3856 1705 3950 βούλεται,

98 3950 226 4003 πᾶν
263 3954 340 4016 ὡς
386 3957 603 4029 άτριὸεἰ
652 3960 848 4033 τούτῳ,
897 3966 991 4017 καὶ
1020 3967 1081 4019 τὸ
1120 3968 1468 4039 ἀγύμναστον
1504 3972 1705 4043 ἔχοντι,

97 4042 356 4109 πρώτως
382 4049 476 4100 ἀπ’
506 4050 801 4115 αὐθαδείας
855 4055 1144 4112 ἐπέϐαλεν.
1174 4058 1235 4112 Εἰ
1265 4061 1323 4113 δέ
1347 4080 1401 4114 τι
1449 4042 1590 4134 τάχα
1615 4066 1709 4119 καὶ

112 4132 236 4185 τῶν
263 4139 323 4191 οὐ
358 4141 571 4204 πολλοῖς
594 4142 979 4214 θεωρηθέντων
1019 4150 1048 4202 ό
1086 4148 1180 4202 νῦν
1225 4150 1337 4215 ἕξει
1370 4132 1551 4221 λόγος,
1580 4154 1734 4219 θαυ-.

137 4224 348 4312 μαζέτω
381 4233 593 4301 μηδείς.
618 4235 963 4299 Εἰκαστικῶς
998 4240 1125 4312 γὰρ,
1168 4242 1262 4295 καὶ
1290 4241 1367 4306 ὡς
1387 4245 1415 4296 6
1441 4244 1564 4309 νοῦς
1588 4247 1708 4299 ἑπι-

137 4311 342 4405 ῦά).λειν
386 4323 621 4393 ἢδύνατο
654 4342 666 4354 ·
722 4329 816 4380 τοῦ
874 4330 982 4401 γὰρ
1025 4311 1287 4402 ἀκριϐοῦς
1329 4336 1484 4405 μόλις
1512 4337 1578 4391 ἂν
1614 4341 1707 4393 καὶ

137 4404 345 4473 ἄγγελοι
406 4416 660 4485 τύχοιεν·
712 4420 884 4473 ταῦτα
944 4424 1077 4493 πρὸς
1136 4426 1293 4495 ἡμῶν
1344 4428 1704 4501 τεθεώρηται.

144 4494 269 4569 Ἤδη
307 4503 402 4571 μὲν
432 4501 525 4559 οὖν
580 4509 608 4561 6
671 4511 999 4582 μυρίανδρος
1044 4494 1248 4577 ἐκεῖνος
1294 4516 1403 4570 τῶν
1435 4494 1707 4591 θεοφόρων

140 4587 332 4656 στόλος,
361 4594 617 4668 καθάπερ
650 4602 706 4651 ὲν
728 4603 842 4663 τοῖς
874 4602 1108 4668 πρόσθεν
1136 4607 1461 4676 εἰρήκαμεν,
1495 4587 1708 4680 ἁθρόως

139 4674 437 4752 ἀγήγερτο·
476 4688 572 4740 καὶ
608 4691 760 4743 πᾶσα
788 4692 933 4767 τάχα
970 4693 1079 4746 τῶν
1111 4695 1500 4767 ὐπερκοσμίων
1546 4700 1707 4752 δυνά·

142 4778 328 4860 nam)
354 4779 520 4848 νοητὴ
540 4780 921 4853 διακόσμησις,
940 4785 1147 4839 ἄνωθεν
1158 4789 1407 4858 ἀοράτως
1434 4792 1708 4860 ἐφιπτᾶσα

136 4858 217 4952 τῷ
236 4870 513 4939 παραδόξῳ
541 4872 779 4945 συνείρει
804 4874 1039 4945 θεάματι
1065 4894 1078 4908 ⁶
1104 4881 1197 4933 καὶ
1215 4881 1275 4950 δὴ
1297 4858 1516 4936 καὶτῶν
1537 4886 1707 4952 ἁγίων

1809 3697 2023 3746 tantum
2047 3693 2160 3746 voti
2193 3694 2493 3761 sponsione
2522 3683 2880 3760 sollicitante,
2913 3713 3212 3769 nusquam,
3250 3704 3395 3771 quod

1809 3784 1988 3848 licuit,
2036 3785 2411 3841 submissione
2460 3794 2514 3841 et
2571 3790 2842 3844 modestia
2893 3791 3166 3860 neglecta,
3223 3809 3389 3862 quam

1808 3890 1994 3940 verso,
2026 3880 2332 3932 orationem
2370 3882 2684 3949 composui.
2723 3880 3040 3947 Ettnnvero,
3080 3885 3228 3939 haud
3271 3888 3395 3943 ideo

1810 3978 2224 4023 sacramentum
2272 3980 2574 4047 extenuare
2628 3974 2808 4027 oratio
2859 3977 3010 4040 velit,
3078 3993 3394 4049 quanquam

1808 4056 1960 4110 velut
2004 4073 2114 4112 non
2168 4060 2382 4121 tritutn,
2416 4044 2537 4114 'ttec
2573 4062 2703 4117 aliis
2742 4044 3111 4132 disputatum,
3152 4044 3395 4137 primum

1809 4149 2095 4217 explicare
2126 4149 2357 4205 audacia
2393 4154 2702 4208 contendit.
2737 4152 2895 4221 Quod
2927 4156 2972 4210 si
3011 4156 3152 4212 forte
3184 4161 3394 4230 aliquid

1808 4238 1975 4293 etiam
2025 4241 2218 4309 paucis
2287 4242 2743 4297 animadversum
2799 4261 3046 4313 pra'sens
3087 4251 3268 4303 omtio
3303 4251 3399 4303 ha-

1810 4332 1992 4386 bitura
2029 4333 2122 4397 sit,
2156 4348 2318 4387 nemo
2342 4334 2597 4388 miretur.
2634 4333 2795 4388 Velut
2823 4337 2973 4389 enim
3004 4340 3392 4406 conjertando,

1810 4430 1976 4491 atque
2013 4432 2067 4477 ut
2101 4440 2258 4479 tuens
2286 4425 2464 4493 potuit
2494 4427 2739 4494 assequi,
2776 4443 2969 4481 sumus
2999 4430 3113 4481 lta-c
3149 4440 3395 4483 contem-

1810 4515 1987 4584 plati:
2038 4516 2127 4569 vix
2181 4517 2327 4570 enim
2358 4519 2442 4571 vel
2498 4520 2681 4588 angeli
2740 4524 2859 4572 rem
2898 4531 3163 4575 accurate
3202 4523 3394 4576 edixe-

1812 4607 1941 4660 rint.
1976 4604 2098 4659 Jan)
2124 4623 2278 4677 ergo,
2326 4616 2384 4661 ut
2434 4609 2489 4661 in
2527 4610 2915 4678 superioribus
2952 4611 3218 4675 diximus,
3252 4617 3396 4667 clas-

1736 4750 1748 4758 .
1809 4700 1888 4755 sis
1955 4701 2045 4753 illa
2082 4699 2194 4753 Deo
2259 4700 2569 4754 aﬂlatorutn
2633 4717 2773 4771 pene
2835 4703 3262 4760 innumerabilis
3314 4706 3393 4777 (i)

1808 4803 2139 4864 congregata
2179 4801 2334 4858 erat;
2374 4793 2601 4864 forsque
2635 4810 2830 4851 omnes
2871 4799 3183 4853 caelestium
3218 4801 3396 4854 virtu-

1810 4895 1921 4939 tum
1974 4886 2259 4955 spiritales
2301 4886 2550 4950 ordines,
2610 4887 2871 4943 invisibili
2924 4905 2954 4945 e
2999 4892 3141 4946 coelo
3184 4893 3394 4957 volatu,

138 4950 202 5001 αἱ
223 4954 493 5030 θεόληπτοι
526 4965 805 5033 παρῆσαν,
843 4962 1021 5038 οἶμαι,
1056 4970 1229 5041 ψυχαὶ
1258 4977 1323 5045 τῇ
1358 4974 1513 5046 κλίνῃ
1546 4950 1701 5045 περι-

1908 4992 2107 5031 novum
2151 4976 2284 5031 illud
2316 4978 2698 5046 spectaculum
2752 4990 3130 5036 convenerant
3162 4997 3177 5035 :
3210 4982 3307 5038 sed
3343 4992 3397 5037 et

241 5103 267 5142 Υ
299 5096 406 5161 isa,
445 5115 521 5163 Vt,
556 5099 614 5153 5.

1443 5220 1535 5275 VA
1544 5221 1680 5276 ΒΙᾹΞ
1713 5221 2004 5283 LECTION
2014 5226 2120 5285 ES.

206 5304 245 5338 ⁸⁷
271 5308 431 5366 lein.
480 5312 670 5382 μήτις.

1456 5406 1841 5466 COMBEFISII
1864 5412 2097 5473 ΝΟΤιΕ.

192 5490 308 5562 (99)
346 5492 539 5549 Oratio
595 5495 710 5551 hare
752 5495 983 5551 alterius
1027 5495 1279 5564 proxime
1324 5500 1705 5555 antecedentis

98 5563 439 5636 Pfosecutio
494 5573 625 5636 est;
694 5566 970 5636 quomodo
1021 5563 1280 5621 videntur
1324 5569 1452 5624 dua:
1484 5570 1590 5625 illae
1633 5572 1700 5626 de

92 5632 313 5697 cnice.
352 5637 466 5689 sive
492 5635 560 5689 ab
594 5632 807 5691 Andrea
844 5639 961 5691 sive
995 5637 1064 5690 ab
1092 5638 1202 5691 alio
1228 5639 1407 5695 editae.

182 5704 277 5775 (1)
330 5704 536 5761 Classis
585 5703 683 5760 illa
721 5722 848 5777 pene
889 5707 1316 5766 innumerabilis.
1348 5711 1697 5782 Μυρίανδρος

1807 5505 2012 5571 ἐκεῖνος
2043 5510 2251 5575 στόλος.
2287 5510 2443 5567 Velut
2482 5513 2666 5569 decem
2703 5515 2937 5569 millium
2978 5517 3261 5585 virorum;
3294 5519 3395 5575 sed

1808 5587 1892 5630 est
1936 5591 2120 5653 certus
2177 5598 2445 5638 numerus
2505 5600 2605 5653 pro
2662 5585 2921 5641 int-crto:
2969 5604 3070 5643 nec
3117 5589 3264 5646 enim
3313 5599 3395 5646 tot

1811 5652 2037 5718 praecise
2064 5662 2258 5708 auctor
2289 5654 2487 5719 voluit,
2508 5652 2617 5711 aut
2648 5656 2831 5730 dicere
2859 5660 3064 5729 potuit.
