3790 6202
130 371 250 437 1101

1120 381 1784 445 ΙΝΒΟΗΜΙΤΙΟΝΕΜ
1817 385 1880 446 S.
1920 386 2212 446 ΜΑΡιΙίΕ.
2251 385 2370 446 ΙΙΙ.

3246 381 3379 447 11ὓὲ

135 489 275 542 Ἐκεῖ
310 488 501 559 Πατὴρ
536 492 945 560 προσκυνεῖται,
985 490 1079 544 καὶ
1108 491 1235 555 Υἱὸς
1276 492 1585 560 δοξάζεται,
1607 496 1703 548 καὶ

1808 494 2161 567 fontesjugis
2208 498 2350 559 vitae,
2399 496 2603 550 liuenta
2653 497 2934 551 manantis
2979 512 3007 551 a
3056 495 3167 552 Deo
3216 499 3394 564 lucis,

126 581 341 650 Πνεῦμα
383 580 538 650 ἅγιον
588 582 908 653 ἁνυμνεῖται
941 597 954 608 ·
1015 582 1263 652 ήὲνιαία
1299 584 1399 655 τῆς
1448 586 1579 654 μιᾶς
1635 588 1696 640 ἐν

124 672 304 741 Τριάδι
334 671 593 748 θεότητος
624 674 805 740 φύσις.
833 669 1101 724 Τοιαῦται
1117 671 1259 725 δοκῶ
1292 689 1383 744 μοι
1408 674 1529 727 τότε
1571 676 1697 740 τοὺς

124 763 448 836 θεολήπτους
473 764 715 828 ἐκείνους
751 764 955 836 ἄνδρας
982 765 1075 817 καὶ
1106 764 1273 834 φάναι
1301 766 1397 820 καὶ
1430 768 1695 837 ὑμνῆσαι,

123 858 206 910 καὶ
240 857 342 910 ὅσα
370 855 585 919 τούτοις
607 855 1071 925 ὑπερανέστηκεν·
1104 855 1164 910 οὑ
1193 855 1300 927 γὰρ
1330 851 1428 910 οἷδ’
1453 858 1482 910 ὅ
1520 874 1572 910 τι
1601 858 1698 911 καὶ

125 949 275 1002 πλέον
317 950 479 1013 εἴπω,
519 948 594 1018 γῆ
628 948 720 1000 καὶ
757 947 952 1010 σποδὸς
1001 947 1285 1019 ὑπάρχων,
1334 949 1428 1003 καὶ
1471 949 1534 1003 τὸ
1574 950 1698 1004 ὅλον

124 1040 344 1111 asapia,
382 1039 479 1093 καὶ
515 1038 608 1092 ἶσα
627 1040 740 1102 τοῖς
770 1037 960 1107 ὄφεσιν
987 1039 1080 1092 ἐπὶ
1119 1038 1327 1094 κοιλίαν
1349 1040 1554 1113 ἕρπων.
1589 1041 1698 1095 Καί

126 1147 205 1200 μοι
228 1128 325 1182 τοῦ
358 1128 523 1196 λόγου
554 1126 714 1198 χρέος
742 1128 822 1189 είς
851 1127 1084 1197 δύναμιν
1124 1128 1325 1193 ἱκανῶς
1352 1130 1695 1199 άφωσίωται,

123 1220 362 1290 μηδενὸς,
388 1215 566 1289 οῐμαι,
597 1218 1028 1289 παρεωραμένον.)
1051 1219 1159 1272 τῶν
1182 1222 1262 1285 είς
1278 1219 1376 1293 τὴν
1399 1221 1685 1293 παροῦσαν

121 1310 497 1364 συντεινόντων
530 1311 746 1380 ἑορτήν.
780 1309 893 1375 καὶ
930 1311 983 1363 εἴ
1019 1327 1072 1363 τι
1108 1312 1320 1374 τούτοις
1350 1315 1696 1387 συνεισφέροι

118 1421 190 1467 τις
218 1402 574 1474 ὑψηλότερον,
606 1402 702 1455 καὶ
747 1402 881 1473 ἡμῖν
921 1400 1081 1456 τοῦτο
1123 1404 1480 1476 συναγηοχὼς
1518 1405 1693 1471 ἔσται,

120 1496 204 1550 καὶ
234 1498 304 1567 τῇ
335 1492 641 1564 πανηγύρει
673 1492 962 1547 συνοίσων.
990 1492 1184 1564 Μικρὰ
1218 1494 1277 1548 δὲ
1311 1495 1501 1563 εἰπὼν,
1528 1496 1693 1551 αὑτοῦ

119 1604 212 1642 που
233 1587 335 1659 τὴν
363 1587 608 1657 εἰρεσίαν
630 1584 726 1637 τοῦ
749 1583 911 1651 λόγου
933 1583 1313 1640 διαναπαύσω.
1339 1585 1446 1639 Τοῦ
1473 1587 1571 1656 μὲν
1599 1583 1694 1641 οῦν

118 1677 233 1732 κατ’
282 1678 463 1743 ἀξίαν,
511 1676 717 1746 ὁμοίως
751 1676 956 1739 πάντες
993 1674 1441 1745 ἀπολειπόμεθαο
1504 1678 1600 1731 τοῦ
1636 1679 1696 1733 δὲ

114 1770 207 1838 τὴν
243 1767 455 1822 ἑαυτῶν
498 1765 894 1835 ἐπιδεδειχέναι
921 1766 1174 1836 δύναμιν,
1225 1765 1339 1821 τσον
1367 1767 1599 1822 ἑκάστου
1631 1768 1694 1822 τὸ
1749 1764 1752 1768 ’

1800 585 1949 639 ﬂuvii
2003 588 2127 640 vivo
2165 601 2385 656 semper
2441 586 2591 640 futile
2635 585 2909 643 aﬂlueutis
2966 587 3213 642 luminis.
3267 588 3385 645 Illic

1800 676 1925 731 ﬁnis
1962 685 2043 732 cst
2091 677 2343 731 omnium
2372 677 2502 731 olim
2551 677 2604 731 iu
2650 694 2749 747 spe
2789 679 3098 748 positorum
3126 716 3142 743 ,
3172 686 3229 732 et
3261 693 3386 748 qua

1800 770 1962 823 modo
2015 778 2338 840 sperantur,
2407 769 2714 839 complexio
2776 773 3026 827 omnium
3086 773 3380 839 bonorum,

1798 878 1990 917 eorum
2028 862 2406 919 manifestatio
2438 880 2560 934 quae
2584 865 2826 929 occulta,
2871 881 2973 921 nec
3007 866 3112 923 nisi
3150 866 3205 921 id
3243 875 3383 920 tem-

1799 956 1951 1025 poris
1975 956 2372 1026 conspicienda
2402 970 2531 1012 sunt
2556 974 2570 1010 :
2616 956 2743 1015 linis
2773 958 3022 1023 ultimus,
3059 961 3202 1015 ultra
3219 976 3379 1030 quem

1800 1045 1932 1099 nihil
1974 1048 2201 1101 omnino
2235 1047 2341 1103 sit.
2376 1046 2491 1101 Illic
2544 1047 2807 1103 aduratur
2852 1048 3036 1113 Pater,
3096 1057 3151 1106 et
3206 1049 3381 1106 Filius

1796 1136 2161 1205 gloriﬁcatur,
2188 1152 2253 1192 ac
2281 1138 2519 1194 canticis
2541 1138 2853 1193 celebratur
2876 1137 3115 1204 Spiritus
3134 1149 3379 1202 sanctus.

1797 1223 2080 1278 individua
2113 1225 2205 1278 illa
2235 1232 2433 1279 natura
2489 1227 2656 1280 unius
2710 1225 2762 1279 in
2812 1223 3085 1280 Trinitate
3133 1225 3379 1281 deitatis.

1801 1314 2127 1385 llujuSmodi
2174 1329 2329 1387 puto,
2359 1316 2623 1371 dicebant
2656 1316 3121 1387 celebrabantque
3155 1318 3257 1370 viri
3303 1318 3380 1372 illi

1797 1404 1912 1462 Deo
1943 1405 2145 1472 adlati,
2193 1415 2364 1477 atque
2407 1407 2477 1464 iis
2523 1407 2852 1465 sublimiora
2889 1425 2903 1462 :
2940 1423 3050 1462 non
3085 1407 3232 1462 enim
3263 1408 3383 1463 scio

1796 1497 1929 1568 quid
1962 1501 2201 1569 amplius
2229 1498 2432 1563 dicam,
2458 1498 2556 1570 qui
2594 1499 2699 1555 sim
2732 1510 2879 1555 terra
2904 1508 2959 1554 et
2990 1499 3155 1566 cinis,
3203 1513 3385 1554 mera-

1794 1605 1907 1661 que
1934 1590 2189 1660 putredo,
2213 1605 2280 1646 ac
2295 1592 2457 1648 velut
2489 1606 2717 1661 serpens
2763 1598 2955 1646 ventre
2987 1605 3197 1662 repam.
3233 1588 3385 1646 Satis

1795 1699 1930 1740 vero
1988 1698 2088 1754 pro
2135 1684 2282 1739 virili
2339 1684 2618 1740 sermonis
2665 1681 2851 1737 debito
2884 1681 3178 1737 defunctus
3211 1697 3334 1737 sum
3362 1722 3378 1744 .

1797 1776 1969 1840 nullo,
1993 1784 2052 1829 ut
2073 1774 2336 1840 arbitror,
2391 1775 2626 1839 omisso,
2655 1787 2848 1828 eorum
2878 1786 3001 1842 quae
3029 1779 3282 1842 spectant
3310 1771 3381 1827 ad

116 1856 413 1927 πρόθυμον.
445 1856 675 1922 Δέξεται
694 1855 752 1908 δὲ
773 1853 936 1927 ἡμῶν
963 1855 1062 1909 καὶ
1087 1855 1300 1920 τοῦτον,
1343 1851 1405 1909 εὖ
1435 1851 1573 1923 οἶδα,
1598 1857 1690 1912 τὸν

1795 1870 2087 1938 praesentis
2121 1868 2234 1924 diei
2296 1867 2524 1925 festum.
2563 1865 2662 1922 Sin
2700 1864 2905 1935 aliquis
2941 1864 3236 1920 sublimius
3278 1864 3380 1918 ali-

116 1946 445 2018 βραχύτατον
468 1945 628 2014 λόγον
646 1948 681 2018 ἠ
719 1944 955 2000 τεκοῦσα
988 1946 1080 1998 τὸν
1112 1945 1271 2015 λόγον
1298 1963 1312 1977 ·
1357 1948 1452 2000 καὶ
1473 1947 1699 2002 άντιδώο

112 2054 184 2090 σει
214 2038 318 2107 οὐκ
351 2037 457 2090 ὅσα
487 2037 590 2107 μὲν
623 2038 755 2100 ῑσως
793 2034 1080 2108 αἰτοῦμεν,
1112 2038 1215 2090 ὅσα
1249 2036 1307 2091 δὲ
1346 2039 1565 2103 πάντως
1603 2039 1700 2095 λα-

110 2129 218 2182 σεῖν
249 2132 427 2200 ἐσμεν
464 2127 628 2194 ἄξιοι.
658 2128 812 2182 Φιλεῖ
840 2126 951 2200 γὰρ
984 2130 1017 2198 ἡ
1055 2131 1323 2198 πανάγιος
1353 2129 1430 2193 ὼς
1458 2130 1697 2185 πολύδω-

110 2236 216 2291 ρος,
272 2222 375 2273 καὶ
425 2220 533 2272 τῶν
574 2219 934 2290 βραχυτάτων
982 2218 1309 2275 ἀντιδιδόναι
1346 2221 1415 2274 τὰ
1444 2221 1689 2290 μείζονα.

106 2312 207 2365 Καὶ
257 2307 363 2365 ὦδε
422 2311 523 2382 μὲν
575 2311 748 2367 ταῦτα
779 2311 987 2382 ὲχέτω’
1026 2313 1191 2380 ἡμεῖς
1244 2311 1322 2379 δὲ,
1370 2306 1416 2366 ὦ
1458 2314 1688 2386 λαμπρὰ

104 2404 191 2453 καὶ
260 2403 713 2473 περιφανεστάτη
772 2403 1079 2472 πανήγυρις
1129 2399 1323 2473 (καλῶ
1370 2404 1478 2473 γὰρ
1528 2401 1682 2468 αὖθις

107 2492 247 2560 ὑμᾶς
288 2493 428 2564 πρὸς
456 2493 519 2548 τὸ
553 2492 647 2547 τοῦ
675 2494 837 2562 λόγου
886 2494 1326 2564 συμπέρασμα),
1364 2495 1545 2565 δεῦρο,
1584 2496 1683 2567 τῆς

108 2582 256 2652 ἱερᾶς
293 2584 631 2654 προπομπῆς
658 2582 752 2637 τοῦ
774 2582 1112 2653 παρθενικοῦ
1135 2583 1386 2653 σώματος
1424 2584 1684 2656 προεξερ-

110 2688 313 2741 χοντες.
350 2672 571 2745 ᾄδωμεν
599 2673 912 2745 ὲπικήδεια,
953 2673 1050 2728 καὶ
1074 2676 1196 2737 ταῖς
1234 2676 1314 2737 εἰς
1354 2674 1584 2746 δύναμιν
1610 2693 1690 2731 τι·

114 2767 242 2833 μαῖς
280 2762 723 2837 στεφανώσωμεν
765 2766 867 2836 τῆς
921 2766 1118 2838 ἑορτῆς
1171 2766 1272 2837 τὴν
1321 2767 1684 2839 ἐξάρχουσαν.

122 2856 208 2919 Ὦς
253 2857 319 2911 ἂν
350 2858 410 2912 δὲ
452 2856 615 2911 τοῦτο
657 2857 1125 2930 περιφανέστερον
1173 2862 1404 2926 γένοιτο,
1459 2862 1691 2931 παρήτω

112 2948 265 3003 πᾶσα
303 2951 539 3023 σήμερον
574 2950 846 3021 οὐρανίων
901 2951 999 3004 καὶ
1050 2950 1310 3020 ἐπιγείων
1354 2953 1686 3025 πανήγυρις,

113 3042 207 3093 καὶ
241 3042 640 3115 συμπληρούτω
675 3058 766 3112 μοι
802 3041 904 3112 τὴν
939 3040 1140 3108 ἐξόδιον
1179 3041 1437 3113 ὔμνησιν,
1478 3045 1535 3097 ἐν
1560 3043 1687 3098 τού-

112 3148 226 3197 τοις
256 3134 621 3207 συγκειμένην
653 3135 767 3197 τοῖς
806 3134 1066 3205 ῥήμασιν.

1793 1961 1925 2032 quid
1959 1963 2027 2016 ad
2056 1963 2170 2018 hac
2195 1960 2509 2028 contulerit,
2540 1967 2595 2015 et
2623 1959 2785 2014 nobis
2815 1957 2947 2013 illud
2977 1957 3287 2030 collegerit,
3325 1967 3380 2013 ct

1791 2052 1938 2121 quod
1965 2052 2268 2108 conventui
2310 2068 2374 2107 ae
2403 2051 2715 2108 celebritati
2751 2051 2887 2106 utile
2916 2051 3012 2106 sit.
3062 2047 3165 2105 Ubi
3211 2065 3377 2120 porro

1790 2158 1965 2210 pauca
1998 2143 2210 2211 dixero,
2241 2162 2270 2198 ιι
2296 2144 2572 2200 sermonis
2595 2144 2745 2200 velut
2772 2143 3003 2214 remigio
3030 2152 3085 2197 et
3112 2143 3377 2198 concione

1789 2235 2045 2290 cessabo.
2083 2234 2350 2305 Equidem
2376 2235 2543 2290 simili
2573 2227 2767 2290 omnes
2787 2235 3001 2290 delectu
3035 2234 3373 2306 laboramus,

1794 2333 1853 2379 ut
1889 2340 1957 2380 ne
1988 2340 2088 2394 pro
2115 2324 2408 2397 dignitate,
2452 2328 2596 2396 quod
2630 2328 2706 2382 rei
2740 2334 2825 2383 est
2867 2326 3371 2383 celebraverimus:

1794 2424 1852 2471 ut
1881 2426 2066 2473 autem
2096 2418 2230 2487 quid
2257 2420 2496 2489 quisque
2532 2419 2711 2489 possit
2738 2418 3171 2481 ostenderimus,
3219 2433 3377 2488 aeque

1793 2519 2042 2580 prompta
2077 2510 2277 2580 cuique
2332 2511 2611 2566 voluntas.
2649 2510 2822 2566 Porro
2876 2512 3015 2566 bene
3041 2510 3197 2578 novi;
3227 2509 3376 2564 hunc

1789 2615 2008 2672 quoque
2039 2602 2422 2658 brevissimum
2455 2617 2781 2660 sermonem
2804 2640 2820 2666 ,
2864 2600 3152 2657 Sermonis
3202 2600 3376 2655 Mater

1788 2692 1886 2746 illa
1916 2705 2246 2764 susceptura
2269 2704 2375 2757 est,
2409 2694 2676 2764 dabitque
2708 2694 2851 2748 haud
2884 2694 3103 2764 quidem
3134 2693 3276 2749 forte
3326 2693 3372 2747 si

1790 2797 1909 2851 quae
1957 2785 2235 2854 petimus;
2282 2788 2506 2839 omnino
2551 2795 2736 2840 autem
2764 2785 2809 2839 si
2838 2800 2962 2855 qua:
3001 2783 3153 2855 digni
3180 2799 3374 2839 sumus

1789 2873 2069 2943 accipere.
2106 2872 2310 2932 Libens
2348 2878 2521 2939 enim,
2555 2876 2916 2931 sanctissima
2951 2889 3077 2929 cum
3112 2873 3372 2928 muniﬁca

1790 2962 1895 3037 sit,
1920 2979 2018 3035 pro
2051 2965 2444 3023 minutissimis
2473 2966 2685 3035 majora
2718 2965 2998 3020 retribuit.
3031 2964 3097 3019 Et
3124 2965 3239 3022 haec
3255 2966 3374 3036 qui-

1787 3053 1910 3109 dem
1956 3054 2030 3110 ita
2061 3057 2338 3125 habeant;
2373 3066 2431 3114 tu
2461 3067 2668 3124 autem,
2691 3073 2724 3113 o
2748 3057 3014 3129 przeclara
3061 3056 3373 3112 illustrissi-

1788 3156 1987 3213 maque
2014 3148 2250 3203 concio:
2283 3164 2384 3204 vos
2416 3150 2566 3203 enim
2602 3164 2799 3204 rursus
2835 3147 2905 3203 ad
2953 3149 3368 3219 perorationem

115 3230 545 3299 invito;venile,
581 3245 646 3286 ae
672 3243 846 3288 sacra:
874 3228 1158 3297 virginalis
1185 3230 1434 3299 corporis
1504 3245 1715 3302 pompae
1785 3248 2113 3306 praeeuntes,
2161 3241 2425 3299 funeritia
2482 3258 2787 3310 canamus,
2838 3244 3087 3313 totisque
3140 3242 3355 3296 viribus

115 3337 233 3385 eam
253 3326 553 3381 honoribus
571 3336 926 3389 coronemus,
956 3337 1079 3393 qua}
1100 3320 1302 3378 festum
1363 3322 1506 3376 diem
1560 3324 1818 3382 initiavit.
1885 3329 1958 3385 Ut
2001 3344 2197 3407 autent
2239 3335 2344 3388 hoc
2384 3334 2727 3405 splendidius
2774 3337 2893 3399 ttat,
2936 3346 3135 3406 praesto
3204 3335 3369 3391 hodie

118 3418 463 3474 situniversa
492 3417 797 3474 cmicstium
831 3432 898 3473 ac
937 3417 1287 3472 terrestrium
1318 3416 1543 3482 concio,
1564 3433 1890 3492 mecumque
1938 3425 2196 3480 exodium
2256 3427 2540 3496 canticum
2602 3440 2669 3480 ac
2746 3424 3035 3481 lnnebrem
3079 3427 3360 3484 laudatio-

116 3525 261 3576 nem,
296 3510 448 3567 hisee
477 3518 794 3580 conceptam
826 3509 1032 3573 verbis,
1082 3508 1328 3579 impleat.

194 3605 451 3675 Ἀπῆρεν,
481 3603 694 3674 ἀπῆρεν
718 3603 753 3673 ἡ
774 3599 1098 3672 παρεμϐολὴ
1129 3599 1222 3654 τοῦ
1251 3599 1388 3653 Θεοῦ
1417 3600 1526 3654 ἀπὺ
1549 3618 1681 3671 σκη-
1708 3614 1723 3666 4

1858 3606 2261 3674 Discesserunt,
2293 3582 2676 3663 discesserunt
2706 3615 2888 3661 castra
2921 3607 3017 3662 Dei
3047 3651 3061 3671 .
3104 3622 3134 3661 a
3177 3608 3364 3664 taber-

116 3694 372 3764 νωμάτων
403 3693 619 3764 map,
673 3691 811 3761 πρὸς
858 3691 956 3754 τὰς
999 3688 1198 3752 ὀῦλους
1221 3689 1315 3743 καὶ
1346 3689 1681 3755 παλινζὼους

112 3787 333 3857 σκηνάς.
376 3784 675 3839 ’Λπέλαδεν
695 3786 731 3853 ἡ
763 3783 961 3854 σκηνὴ.
988 3771 1088 3851 τῆς
1120 3782 1353 3851 νομικῆς
1383 3783 1417 3854 ἡ
1452 3782 1683 3857 ἀρχέτυ-

120 3896 232 3944 πος,
260 3881 353 3951 τὴν
394 3881 768 3951 ύπερκόσμιον
802 3878 1056 3943 κιϐωτὸν,
1078 3873 1149 3950 ἧς
1188 3876 1360 3940 τύπος
1399 3879 1433 3947 ἡ
1463 3878 1678 3948 νομική.

127 3993 144 4025 ι
175 3977 346 4049 Ἤρθη
389 3976 502 4029 τῶν
558 3976 671 4031 ἄνω
718 3973 898 4044 θυρῶν
925 3974 987 4026 τὸ
1020 3973 1353 4044 ὑπέρθυρον,
1391 3972 1549 4026 »Ἵνα
1586 3972 1684 4044 τὴν

121 4068 365 4142 ὑπεράνω
394 4069 492 4124 τοῦ
523 4067 664 4124 Θεοῦ
690 4068 870 4136 πύλην
892 4067 1002 4121 τῶν
1033 4066 1303 4133 οὗρανίων
1335 4068 1402 4120 τὰ
1435 4066 1685 4137 βασίλεια

122 4157 401 4228 βασιλικῶς
441 4160 880 4231 ὲγκολπώσῆται.
940 4156 1305 4221 ’Υποδέξασθε
1337 4158 1527 4228 αὐτὴν,
1558 4157 1684 4209 λευο

123 4254 485 4322 χειμονοῦντες
514 4252 758 4321 ἄγγελοι·
793 4250 1097 4321 ύμνήσατε,
1132 4248 1369 4320 οὐρανοίο
1399 4248 1682 4314 δοξάσατε,

123 4350 355 4415 γηγενεῖς
379 4364 394 4379 ο
427 4344 680 4416 ὑψώσατε
728 4362 746 4395 ι
787 4341 883 4413 τὴν
917 4340 1073 4394 πόλιν
1109 4339 1205 4392 τοῦ
1239 4339 1376 4392 Θεοῦ
1408 4340 1505 4393 τοῦ
1532 4339 1685 4409 βασι-

123 4434 247 4498 λιως
270 4437 362 4491 τοῦ
382 4436 646 4507 μεγάλου.
678 4453 698 4486 ι
735 4433 834 4503 Γῆ,
862 4431 1253 4505 ὲπικρότησον,
1274 4431 1681 4502 ἁνευφήμησον,

123 4524 357 4600 διήγησαι
411 4529 516 4598 τῆς
576 4525 854 4599 Παρθένου
906 4525 979 4578 τὰ
1031 4522 1241 4588 ἔνδοξα,
1300 4521 1394 4575 τοῦ
1422 4525 1582 4576 τόκου
1616 4524 1702 4592 τὰ,

123 4620 414 4689 σπάργανα,
446 4610 542 4673 ⁸ξοῦ
563 4619 735 4686 τάφου
768 4618 839 4670 τὰ
871 4616 1156 4685 Θαύματαο
1182 4614 1299 4678 πῶς
1342 4614 1538 4685 ἐτάφη.
1567 4614 1685 4678 πῶς

123 4712 398 4781 μτιτέοηο
430 4709 548 4770 πῶς
573 4711 602 4763 ὁ
627 4708 798 4778 τάφος
830 4707 1026 4777 ὁρᾶται
1069 4706 1225 4768 κενὸς
1272 4703 1681 4774 προσκυνούμε-

118 4817 213 4865 νος.
255 4801 510 4865 Ἰουδαία,
538 4800 738 4868 σύναγε
773 4799 900 4860 τοὺς
932 4795 1085 4860 υἱούς
1136 4812 1232 4848 σου
1259 4812 1275 4827 ο
1306 4795 1544 4866 κήρυττε
1584 4796 1682 4865 τὴν

1785 3699 1998 3755 naculis
2030 3697 2208 3755 Cedar
2238 3710 2285 3767 ο,
2313 3700 2379 3755 ad
2399 3700 2725 3770 incorporea
2747 3711 2803 3756 et
2836 3714 2994 3754 nova:
3017 3701 3143 3756 vitae
3174 3702 3357 3757 taber-

1784 3792 2004 3845 nacula.
2045 3790 2273 3861 Recepit
2314 3793 2729 3853 tabernaculum
2782 3791 2942 3858 illud,
2982 3778 3173 3863 leg‘alis
3205 3792 3352 3849 illius

1784 3883 2068 3952 exemplar
2100 3882 2150 3948 ἀ,
2179 3882 2472 3939 leestem
2509 3899 2697 3939 arcam
2732 3902 2747 3939 :
2782 3884 2944 3955 cujus
2977 3900 3109 3940 area
3163 3885 3355 3955 legalis

1785 3975 1957 4046 ﬁgura
1981 3986 2107 4032 est:
2145 3995 2165 4027 ς
2205 3977 2487 4032 Elevntnm
2530 3986 2617 4033 est
2670 3978 3094 4048 superljutinare
3132 3990 3156 4018 ε
3193 3996 3212 4030 ι
3246 3994 3361 4036 εω-

1786 4069 2004 4122 lestium
2054 4077 2365 4138 portarum,
2411 4079 2471 4123 ut
2500 4068 2594 4124 Dei
2628 4070 3074 4141 supercmlestem
3119 4080 3360 4141 portam,

1786 4160 2049 4214 cmlorum
2073 4162 2245 4230 regia,
2275 4160 2445 4232 regali
2473 4162 2878 4231 magniﬁcentia
2910 4162 3036 4217 sinu
3070 4165 3356 4233 suscipiat.

1786 4250 1899 4307 Vos
1910 4267 2051 4315 eam,
2070 4253 2271 4323 angeli,
2299 4252 2538 4308 candido
2563 4255 2763 4309 vestitu
2781 4254 3090 4325 suscipite;
3117 4254 3358 4322 laudate,

1785 4346 1947 4409 cmli;
1979 4338 2285 4416 terrigenas,
2327 4345 2674 4416 glorificate;
2710 4359 2762 4401 et
2794 4365 2813 4399 ι
2853 4346 2971 4409 Dei,
3010 4348 3178 4418 Regis
3208 4348 3362 4405 illius

1788 4437 1968 4502 magni
1993 4435 2274 4490 civitatem
2297 4436 2318 4474 ῐ
2351 4455 2370 4486 ι
2396 4438 2658 4492 exaltate.
2693 4437 2875 4492 Salias
2896 4478 2911 4502 ,
2939 4446 3085 4493 terra
3108 4476 3124 4502 ,
3141 4439 3359 4493 celebra

1786 4527 1935 4581 clara
1971 4525 2135 4593 fatua,
2167 4526 2416 4595 Virginis
2444 4530 2675 4599 gloriam
2707 4543 2938 4595 enarra,
2977 4544 3214 4599 pannos,
3269 4529 3354 4583 in-

1786 4633 1971 4687 quam,
2010 4619 2325 4689 puerperii,
2387 4620 2629 4689 sepulcri
2690 4619 2958 4672 miracula
3012 4638 3025 4673 :
3084 4621 3361 4690 quomodo

1786 4708 1999 4775 sepulta
2032 4708 2127 4772 sit,
2159 4709 2436 4776 quomodo
2476 4708 2769 4774 translata,
2821 4718 2879 4763 ut
2908 4724 3141 4764 vacuum
3174 4712 3362 4781 sepul-

1786 4815 1941 4854 crum
1970 4799 2163 4853 houori
2183 4799 2470 4855 habeatur.
2502 4799 2709 4867 .Iudzea,
2736 4814 3008 4873 congrega
3039 4811 3167 4857 tuos
3194 4802 3358 4873 alios;

116 4892 169 4959 ιε
208 4893 376 4950 Ἰούδα
432 4893 775 4965 βασίλισσαν,
814 4889 1028 4960 θάρσει,
1084 4885 1159 4959 μὴ
1215 4885 1418 4956 φοϐοῦ·
1455 4887 1681 4957 ἐόρταζε
1713 4949 1723 4965 1

1790 4891 2030 4961 pranlica
2089 4900 2266 4947 ortam
2331 4906 2398 4946 ex
2431 4889 2568 4946 Juda
2600 4891 2903 4960 Reginam;
2937 4893 3172 4958 conﬁde,
3197 4908 3264 4948 ne
3292 4894 3362 4948 ti-

114 4985 204 5049 τὰς
232 4988 427 5059 ἑορτάς
457 5003 577 5050 σου,
621 4981 973 5055 Ἰερουσαλήμ
1005 4997 1019 5010 ·
1049 4979 1377 5051 ἀναϐόησον,
1404 4979 1675 5048 ὀλόλυξον,

116 5078 427 5151 πρόπεμψον
457 5077 555 5133 τοῦ
582 5076 717 5131 Θεοῦ
734 5076 834 5150 τὴν
868 5071 1222 5146 μητρόπολιν,
1269 5072 1437 5142 sane
1464 5074 1678 5126 Δαυῖτιε-

113 5168 233 5234 κῶς,
262 5170 391 5240 λέγε
441 5170 686 5243 τρανῶς’
738 5186 757 5221 ι
815 5167 904 5220 Ἐν
955 5164 1120 5235 ἐξόδῳ
1151 5162 1365 5235 Ἰσραὴλ
1405 5162 1465 5227 ἐξ
1509 5161 1676 5232 Δίγύο

174 5318 195 5347 ε
219 5306 365 5365 Psal.
422 5321 570 5370 cux,
608 5303 660 5360 5.
737 5299 764 5340 ά
795 5298 963 5355 Hebr.
994 5312 1114 5362 νιιι,
1149 5294 1201 5349 5.

1786 4983 2022 5049 mueris;
2053 4997 2153 5054 age
2184 4982 2324 5039 festa
2362 4992 2475 5050 tua,
2505 4983 2847 5051 Jerusalem;
2880 4984 3181 5048 succlama,
3202 4984 3361 5054 plau-

1782 5072 1872 5135 de,
1894 5072 2073 5128 deduc
2105 5072 2198 5128 Dei
2232 5073 2378 5129 illam
2414 5076 2787 5144 metmpolim.
2821 5074 3001 5130 Psalle
3020 5075 3178 5146 iuxta
3196 5073 3359 5126 Davi-

1782 5164 1940 5231 dem;
1974 5165 2060 5221 dic
2083 5166 2230 5223 clare
2255 5186 2271 5222 ι
2305 5184 2324 5218 ι
2360 5166 2421 5221 In
2441 5168 2593 5224 exitu
2614 5168 2781 5225 Israel
2802 5168 2871 5224 de
2894 5165 3132 5239 Egypto
3151 5173 3180 5214 ι
3216 5164 3387 5235 (Hi-0

1282 5304 1306 5332 ο
1341 5290 1448 5349 lsa.
1484 5310 1557 5356 vt,
1590 5293 1643 5347 1.
1727 5293 1745 5332 1
1783 5293 1931 5352 Psal.
1975 5310 2147 5362 vau,
2203 5296 2257 5351 3.
2339 5297 2533 5353 l‘Psal.
2565 5315 2724 5364 cxnt,
2764 5302 2811 5352 l.

1431 5434 1824 5496 COMBEFISII
1859 5439 2093 5498 NOTAE.

175 5547 296 5619 (11)Δ
343 5544 413 5602 In
439 5544 588 5600 exitu
626 5540 799 5619 Israel
832 5539 897 5595 de
952 5535 1208 5619 digypto:
1249 5534 1419 5591 Plane
1453 5550 1671 5619 accom-

109 5607 516 5688 modatissimus
549 5613 853 5688 _psalmus_,
930 5607 1136 5688 mundo
1185 5607 1293 5663 hoc
1340 5607 1672 5688 exeuntibus

112 5688 304 5742 unctis
357 5675 688 5748 animabus;
743 5681 1034 5738 submerso
1080 5678 1194 5745 jam
1247 5675 1470 5747 penitus
1517 5675 1669 5732 Pha-

121 5764 287 5826 ηοω,
318 5771 387 5811 ac
413 5753 658 5826 perfecta
685 5752 943 5826 libertate
971 5757 1125 5826 parta
1148 5761 1320 5826 ;_qua
1342 5759 1483 5826 satis
1511 5748 1670 5826 nobis

129 5814 284 5891 Minor
304 5814 693 5897 estfquandiu
722 5823 778 5877 in
815 5814 1074 5876 humanis
1108 5814 1342 5884 agimus.
1376 5814 1491 5871 Nec
1518 5818 1666 5873 enim

1777 5539 2046 5604 interim,
2113 5541 2278 5596 etiam
2341 5537 2715 5596 sanctissimis
2780 5536 2982 5594 desunt
3057 5539 3360 5605 ἀναγκαιο-

1776 5608 1924 5681 «est;
1985 5611 2101 5677 illa,
2144 5610 2343 5681 saltem
2404 5610 2675 5680 corporis.
2708 5608 2883 5681 Habet
2935 5608 3120 5681 etiarn
3157 5608 3360 5681 Regius

1774 5675 1971 5746 codex,
2013 5675 2094 5736 n.‘
2125 5678 2252 5744 955,
2293 5675 2518 5735 nomine
2557 5681 2736 5736 sancti
2791 5676 3026 5734 Joannis
3059 5675 3360 5734 Thessalo-

1776 5749 2023 5806 nicensis
2050 5752 2228 5807 fusam
2276 5750 2931 5823 admodumorationem.
2976 5747 3224 5823 ejusdem
3264 5763 3359 5823 ar-

1774 5823 2041 5893 gumenti,
2080 5823 2134 5877 in
2167 5835 2275 5892 qua
2306 5836 2406 5887 ceu
2444 5837 2509 5878 ex
2542 5819 2774 5879 historia
2830 5819 3112 5876 inducitur
3164 5816 3357 5875 Petrus
