3790 6202
176 292 293 360 1121

1183 296 1270 358 IN
1312 299 1371 359 S.
1411 295 1736 359 JOANNIS
1765 293 2433 356 DECOLLATIONEM.

3284 292 3422 358 1122

170 412 270 464 τίον
297 410 361 463 ἑκ
380 407 697 480 παραλόγου
717 406 1212 480 πεπραγμάτευται
1235 412 1481 483 γνώμης.
1516 411 1731 481 Τίςγὰρ

1924 447 1934 472 ,
1990 408 2222 463 alterius
2273 421 2398 463 cum
2430 405 2605 462 altero
2663 406 3142 479 comparationem
3185 407 3421 478 iustitiae

166 503 194 556 ὸ
217 501 305 555 τῶν
327 501 505 573 ἀρχὴν
545 502 744 573 ὀμόσαι
808 505 1312 572 προσαναγκάσαςς
1361 506 1427 557 Τί
1466 505 1523 558 δὲ
1555 504 1732 557 κοινὸν

169 593 413 662 μαινάδος
442 593 670 663 ὀρχήσει
698 593 908 661 παιδὸς,
944 595 1038 649 καὶ
1068 597 1352 667 προφήτου
1386 599 1567 667 σφαγῇ
1591 613 1607 662 ;
1639 596 1682 648 Τ
1688 597 1735 659 ίς

160 685 216 739 δὲ
239 685 498 755 μετουσία
528 684 702 756 θυμοῦ
733 686 853 757 μετ’
881 687 1224 757 εὐφροσύνης
1255 704 1271 757 ;
1306 688 1369 741 Ei.
1404 688 1462 741 δὲ
1487 687 1577 741 διὰ
1608 688 1735 750 τοὺς

166 783 369 849 ὅρκους,
428 779 504 842 ὡς
564 779 729 843 αὐτὸς
769 780 904 834 οἴει’
932 782 1048 834 ἀλλ’
1089 782 1198 835 οὐδ’
1227 782 1402 845 οὕτως
1433 781 1602 851 ὲχρῆν
1635 781 1735 851 τὴν

163 873 332 942 ψῆφον
359 872 656 941 ἐπιτρέψαι
679 874 746 944 τῇ
780 872 940 946 μέθῃ.
995 873 1314 944 Εὑφρασίας
1354 872 1485 943 γὰρ,
1517 873 1617 925 οὐκ
1642 872 1737 925 άν-

162 963 468 1033 δροκτονίας
499 957 571 1032 ἦν
597 964 624 1016 ὁ
653 963 866 1034 καιρός.
900 964 1013 1016 Καὶ
1034 965 1092 1017 τό
1125 980 1189 1032 γε
1212 965 1448 1036 πρᾶγμα
1477 962 1738 1026 ἐπιεικῶς

166 1055 375 1118 ἄτοπον,
405 1053 502 1107 καὶ
530 1054 873 1124 παράφορον.
934 1055 1221 1124 Νήφοντος
1272 1055 1385 1126 γὰρ
1420 1055 1593 1108 ἐδεῖτο
1618 1054 1740 1108 και-

165 1145 271 1214 ροῦ,
301 1144 393 1196 καί
415 1143 678 1210 λογισμοῦ
713 1142 1026 1213 βεῦηκότος.
1074 1144 1147 1197 Οὐ
1178 1144 1286 1213 γάρ
1344 1144 1474 1214 περὶ
1506 1140 1600 1195 τοῦ
1644 1158 1742 1194 τυ-

164 1237 339 1311 χόντος
358 1237 394 1304 ἡ
429 1234 622 1304 βλάϐη.
652 1235 823 1300 Πλὴν,
854 1234 971 1287 ἀλλ’
1000 1236 1055 1287 εί
1078 1251 1132 1287 τι
1177 1235 1274 1287 καὶ
1306 1235 1588 1304 κέκρυπτο
1612 1233 1739 1288 λαν-

163 1327 314 1379 θάνον
335 1325 473 1386 τέως
504 1321 614 1374 τῶν
639 1324 696 1374 ὲν
724 1321 808 1374 σοὶ
845 1320 1050 1384 κακῶν,
1083 1320 1240 1373 τοῦτο
1265 1321 1328 1373 σὺ
1362 1320 1504 1372 κατὰ
1537 1317 1734 1372 σαυτοῦ

161 1416 574 1488 πεφανέρωκας,
596 1414 901 1485 μιαιφονίᾳ,
924 1413 1024 1482 τῆς
1046 1411 1395 1483 παρανομίας
1411 1413 1738 1482 ἀπογυμνὼ-

160 1526 253 1573 σας
279 1510 370 1562 τὸν
395 1508 642 1577 ἔλεγχον.
675 1506 771 1570 Τίς
792 1505 902 1576 γὰρ
929 1504 1176 1576 ἀνάγκη,
1210 1504 1305 1557 τδν
1346 1507 1406 1559 ὲν
1446 1504 1526 1575 τῷ
1555 1522 1738 1573 παρα-

157 1600 336 1670 δύστῳ
372 1597 653 1669 μοιχεύειν
710 1596 1070 1666 ἀπείργοντα,
1100 1596 1194 1648 ἐπὶ
1245 1595 1517 1666 θριάμϐου
1547 1596 1737 1666 φέρειν

158 1691 481 1762 ὶλὲγχοντας
511 1690 584 1744 Σὺ
611 1689 669 1743 δὲ
700 1687 1007 1760 φιληδονῶν
1033 1688 1259 1762 ἐλέγχῃ,
1302 1688 1628 1759 μιαιφονῶν.

1839 500 2045 553 trutina
2104 498 2470 568 expenderes,
2536 512 2599 552 ac
2634 512 2665 551 a
2715 499 2929 553 meliori
2980 508 3138 569 parte
3193 510 3371 556 stares
3402 521 3427 580 ι,

1836 590 1983 660 quod
2038 605 2199 646 secus
2245 589 2474 644 omnino
2510 604 2575 644 ex
2602 591 2780 644 aliena
2816 605 2844 643 a
2878 593 3092 646 ratione
3131 594 3421 657 voluntate

1838 684 2069 739 molitus
2105 699 2187 740 es.
2225 682 2362 749 Quis
2417 684 2565 737 enim
2606 690 2660 737 te
2685 684 2754 738 ab
2787 684 2945 739 initio
2978 685 3152 756 coegit
3180 686 3422 756 jurare?

1837 774 1981 841 Quid
2035 773 2310 829 Mainadis
2379 775 2576 843 puella:
2628 774 2850 828 saltatio
2905 790 3203 829 commune
3252 776 3420 830 habet

1838 880 1964 919 cum
2014 880 2148 919 nece
2195 865 2524 936 prophetae?
2560 864 2819 930 Quaenam
2868 865 2966 919 irae
3013 867 3252 921 societas
3293 882 3418 921 cum

1838 956 2068 1010 lautitia?
2124 953 2221 1009 Sin
2278 971 2412 1010 vero
2480 963 2705 1026 propter
2765 955 3184 1025 jusjurandum,
3225 942 3467 1028 utipse‘

1839 1050 2138 1120 opinaris:
2182 1062 2247 1102 ac
2306 1064 2374 1103 ne
2415 1048 2498 1103 sic
2553 1046 2776 1117 quidem
2828 1048 3119 1105 sententiae
3175 1052 3424 1106 calculus

1840 1138 2110 1193 ebrietate
2165 1138 2569 1207 permittendus
2602 1146 2743 1191 erat.
2792 1138 3006 1207 Quippe
3057 1147 3176 1193 erat
3221 1139 3425 1193 latitia:

1839 1237 2083 1299 tempus,
2117 1246 2228 1284 non
2252 1228 2439 1285 caedis.
2473 1231 2547 1283 Ac
2572 1230 2733 1298 plane
2757 1245 2847 1284 res
2868 1230 3166 1298 ejusmodi.
3187 1231 3425 1285 absurda

1844 1336 1909 1377 ac
1960 1321 2263 1392 praecipitis
2324 1320 2547 1375 consilii
2605 1328 2747 1374 erat.
2811 1319 2944 1374 Erat
2976 1321 3250 1390 siquidem
3282 1335 3425 1391 Opus

1846 1423 2092 1482 tempore
2121 1413 2331 1474 sobrio,
2364 1427 2428 1465 ac
2451 1410 2643 1466 sedata
2688 1413 2924 1466 ratione.
2963 1408 3083 1465 Non
3119 1413 3264 1466 enim
3293 1413 3427 1467 levis

1836 1503 2056 1573 jactura
2114 1502 2298 1557 futura
2332 1512 2473 1558 erat.
2510 1501 2617 1556 Sed
2658 1503 2968 1569 enimvero,
3016 1511 3074 1557 ut
3104 1505 3233 1573 quid
3259 1505 3426 1559 etiam

1842 1612 1872 1652 e
1901 1597 2012 1652 tuis
2051 1597 2180 1651 mali
2218 1598 2484 1652 hactenus
2511 1596 2790 1651 occultum
2834 1596 3052 1660 lateret,
3091 1597 3143 1650 id
3181 1597 3298 1666 ipse
3330 1598 3428 1651 ad.

1841 1704 2061 1746 versum
2107 1701 2159 1745 te
2210 1688 2564 1743 manifestum
2618 1686 2927 1751 reddidisti,
2977 1687 3126 1742 caede
3170 1688 3428 1757 aperiens

157 1785 443 1854 ﬂagitium,
493 1781 654 1853 cujus
710 1781 1055 1849 arguebaris.
1111 1780 1254 1848 Quid
1292 1781 1438 1836 enim
1492 1795 1719 1836 necesse
1759 1790 1883 1836 erat
1914 1791 1975 1836 ut
2005 1797 2130 1836 eum
2156 1822 2170 1847 ,
2200 1781 2295 1852 qui
2333 1780 2387 1835 in
2454 1781 2677 1835 occulto
2722 1780 2989 1836 mmehari
3059 1780 3423 1851 prohibebat,

159 1876 645 1948 reprehendentem
683 1875 965 1956 triumpho
997 1875 1348 1932 traduceres?
1404 1874 1484 1930 Tu
1544 1875 1729 1945 igitur,
1770 1878 1900 1932 dum
1932 1876 2136 1932 caedem
2176 1883 2384 1943 patras,
2420 1876 2671 1948 argueris
2696 1876 2993 1931 libidinis..

221 1968 496 2037 Συνὲχεας
546 1959 856 2037 τῆν’τάξιν
908 1967 1008 2036 τῆς
1058 1967 1386 2032 ἑστιάσεως,
1457 1967 1735 2039 ἄνθρωπε.

1924 1967 2177 2025 Ordinem
2216 1969 2455 2023 convivii
2483 1968 2807 2032 confudisti,
2833 1983 2867 2023 o
2895 1969 3082 2024 homo.
3125 1969 3258 2025 Nam
3293 1987 3420 2027 cum

169 2060 386 2131 Ἐστιᾷν
438 2059 832 2131 προελόμενος,
871 2061 1031 2131 ἀνιᾷν
1076 2060 1204 2124 τοὺς
1233 2061 1564 2134 δαιτυμόνας
1607 2079 1744 2131 προ-

165 2153 404 2222 ἔκρινας.
437 2152 504 2204 Τί
529 2153 731 2216 ποιεῖς,
767 2150 957 2215 ἄθλιες
1006 2152 1149 2205 Ἀντ’
1184 2152 1503 2224 ἐδέσματος,
1537 2154 1744 2226 ταύτην

166 2241 506 2313 προσεδωδὴν
531 2242 799 2310 εἰσάγεις,
818 2242 918 2311 τὴν
938 2239 1180 2313 κεφαλὴν
1208 2242 1301 2295 τοῦ
1329 2243 1699 2307 Βαπτίζοντος
1724 2261 1739 2310 ;

183 2335 319 2388 ’Δντὶ
347 2333 649 2406 κρατῆρος,
690 2332 935 2386 τοιοῦτον
979 2335 1242 2403 οίνοχοεῖς
1279 2336 1394 2397 τοῖς
1434 2334 1743 2406 συμπόταις

176 2429 541 2500 τδνάκρατονς
582 2428 840 2482 Τοιοῦτον
886 2428 1109 2500 κίρνησι
1145 2428 1402 2500 βασιλεὺς
1442 2430 1593 2499 πόμα
1629 2432 1742 2493 τοῖς

184 2521 491 2591 συμϐούλοις
514 2538 530 2587 ;
565 2522 635 2574 Ἦ
661 2523 760 2592 οὐχ
793 2522 926 2592 δρᾷς
959 2522 1086 2575 ὅσον
1103 2521 1276 2574 κακόν
1302 2524 1450 2575 ἐστιν
1478 2521 1739 2594 ἀκρασία,

190 2618 271 2667 καὶ
290 2614 557 2687 φιλήδονος
576 2613 812 2686 πρᾶξις;
849 2613 1175 2684 Ἀνάνηψον,
1205 2616 1254 2667 εί
1283 2613 1495 2685 βούλει,
1521 2610 1738 2685 μικρὸν,

190 2705 465 2769 ααὶσύνεςο
533 2706 611 2767 ὡς
669 2704 826 2757 οὐδὲν
874 2702 1050 2765 οὕτως
1096 2702 1437 2756 ἐπιλωὸἄται
1468 2704 1560 2757 τὸν
1589 2703 1741 2767 ὲντὺς

188 2795 475 2868 ἄνθρωπον,
499 2797 533 2868 ἥ
563 2797 655 2850 τὸν
682 2796 844 2859 ἐκτὸς
881 2794 1256 2860 ὲπιϐόσκεται,
1307 2793 1384 2859 ὡς
1413 2794 1584 2866 θυμὸς
1612 2794 1743 2848 ταύ-

185 2904 297 2951 ταις
320 2887 831 2959 ἑξυπηρετούμενος.
856 2887 929 2940 Σὺ
975 2886 1053 2948 δὲ,
1086 2886 1296 2949 τούτοις
1326 2887 1390 2939 ὲκ
1424 2887 1740 2956 περιουσίας

188 2976 461 3043 ὑποζεύξας
517 2976 611 3028 τὸν
642 2976 790 3038 νοῦν,
850 2975 912 3028 τὸ
948 2976 1046 3044 τῆς
1079 2973 1258 3044 ψυχῆς
1318 2973 1740 3038 κατεδούλωσας

188 3067 436 3138 φρόνημα.
479 3067 673 3122 Καίτοι
710 3066 804 3129 δύο
838 3065 1179 3134 γενικώτατα
1213 3066 1363 3135 πάθη
1387 3066 1495 3119 τῶν
1523 3068 1579 3120 ὲν
1609 3069 1740 3137 ἡμῖν

188 3161 416 3213 ἁπάντων
474 3158 690 3224 παθῶν,
724 3159 773 3210 οἱ
808 3175 873 3210 πε
886 3158 937 3229 ρὶ
959 3156 1131 3210 ταῦτα
1164 3157 1342 3226 σοφοὶ,
1371 3157 1697 3228 διορίζονται
1721 3174 1736 3189 ο

191 3252 355 3322 θυμὸν,
389 3254 480 3306 καὶ
515 3250 814 3321 ἐπιθυμίαν
835 3267 848 3282 ο
874 3244 948 3303 ὧν
970 3250 1231 3320 ἑκάτερον
1254 3251 1312 3301 ὲν
1331 3249 1414 3302 σοὶ
1440 3249 1739 3320 ἐπικρατῆ-

1846 2060 2141 2116 statuisses
2195 2061 2452 2114 convivio
2514 2060 2800 2129 excipere,
2876 2061 3122 2116 maluisti
3179 2062 3428 2118 convivis

1845 2152 2153 2207 molestiam
2189 2151 2392 2206 facere.
2416 2150 2556 2217 Quid
2591 2151 2802 2217 facis,o
2836 2153 3049 2207 miser?
3078 2152 3427 2216 Procibone,

1842 2251 2010 2314 caput
2040 2243 2300 2314 Baptistae
2319 2245 2387 2298 ad
2423 2259 2580 2299 esum
2618 2244 2879 2298 inducis?
2911 2242 3017 2299 Pro
3045 2254 3285 2311 cratere,
3321 2246 3430 2299 tale

1844 2352 2057 2392 merum
2109 2334 2351 2391 aifundis
2396 2337 2689 2392 convivis?
2720 2336 2906 2391 Talem
2957 2353 3051 2393 rex
3083 2346 3270 2409 potum
3307 2340 3429 2395 suis

1843 2436 2117 2499 temperat
2164 2429 2503 2485 consiliariis
2527 2429 2551 2482 ?
2579 2429 2659 2483 An
2693 2445 2801 2485 non
2837 2430 2992 2485 vides
3021 2440 3288 2501 quantum
3314 2447 3429 2485 tua-

1844 2521 1955 2575 lum
2013 2521 2084 2576 sit
2122 2522 2574 2590 intemperantia,
2620 2529 2675 2576 et
2703 2525 2847 2577 actio
2894 2522 3232 2578 libidinosa?
3260 2522 3342 2577 Ad
3373 2532 3429 2577 te

1845 2628 2036 2683 parmn
2081 2613 2221 2676 redi,
2261 2612 2307 2668 si
2349 2613 2455 2679 vis,
2487 2623 2538 2668 et
2603 2614 2865 2684 intellige,
2900 2621 2960 2667 ut
3008 2615 3143 2669 nihil
3179 2614 3427 2686 sitquod

1842 2705 2124 2760 internum
2177 2702 2314 2758 adeo
2347 2704 2509 2758 laedat
2554 2704 2864 2770 hominum,
2918 2721 2984 2760 ac
3023 2706 3105 2760 sie
3131 2715 3426 2762 externum

1841 2792 2123 2863 depascat,
2166 2794 2244 2847 uti
2280 2793 2348 2846 iis
2382 2794 2692 2863 obsequens
2751 2795 2833 2847 ira
2855 2789 3093 2861 (21).Tu
3124 2804 3306 2850 autem
3360 2812 3428 2851 ex

1842 2884 2142 2939 abundanti
2197 2892 2435 2939 mentem
2464 2883 2575 2939 illis
2622 2885 2952 2956 subjugans,
3003 2886 3172 2941 animi
3202 2902 3425 2943 sensum

1843 2977 2117 3047 captivum
2147 2973 2400 3030 elfecisti.
2442 2976 2613 3046 Atqui
2639 2977 2885 3031 omnium
2912 2993 3104 3032 earum
3136 2995 3259 3048 qua:
3297 2988 3428 3035 sunt

1843 3071 1897 3125 in
1936 3070 2116 3135 nobis,
2159 3067 2532 3132 alTeclionutn,
2575 3073 2672 3124 has
2705 3070 2846 3125 duas
2879 3071 3114 3124 maxime
3140 3072 3428 3139 generales

1843 3158 2113 3213 deﬁniunt
2162 3160 2402 3213 morales
2448 3160 2784 3230 philosophi,
2818 3161 2958 3214 iram
2994 3162 3211 3216 scilicet
3235 3172 3289 3217 et
3328 3177 3427 3216 cu-

1844 3250 2146 3317 piditatem,
2183 3265 2415 3319 quarum
2448 3261 2682 3321 utraque
2724 3253 2777 3305 in
2817 3260 2869 3305 te
2892 3252 3236 3308 dominatum
3282 3256 3428 3310 obti-

189 3359 294 3404 σαν,
317 3341 639 3413 τυραννικῷ,
694 3342 793 3395 οὐκ
837 3340 1096 3411 ἰδιωτικῷ
1125 3340 1203 3411 τῷ
1244 3341 1526 3412 ὁρμήματι
1549 3340 1735 3393 δυστυ-

1924 3360 2007 3408 ns,
2058 3346 2371 3414 tyrannico,
2423 3359 2534 3398 non
2581 3346 2798 3414 privato
2859 3346 3088 3413 impetu,
3125 3346 3425 3402 infeliciter

185 3434 279 3500 χῶς
304 3434 757 3503 ἐδασίλευσεν·ή
815 3433 934 3502 μὲν,
986 3434 1082 3485 καὶ
1140 3433 1274 3486 ἄνευ
1331 3432 1741 3502 μηχανημάτων

185 3527 316 3600 νόμῳ
342 3522 659 3597 πολιορκίᾶς
689 3524 886 3578 ἑλοῦσα
918 3523 1027 3579 τῶν
1074 3525 1186 3577 σῶν
1222 3526 1433 3596 φρενῶν
1458 3524 1554 3595 τὴν
1579 3525 1744 3593 ἀκρό-

183 3618 343 3683 πολιν,
373 3618 464 3671 καὶ
495 3618 665 3670 οἱονεὶ
707 3615 992 3688 πολιοῦχος
1037 3616 1138 3688 τῆς
1183 3617 1282 3688 σῆς
1324 3616 1740 3687 άπρυτανεύτου

181 3708 341 3778 ψυχῆς
373 3725 387 3739 ⁶
412 3712 439 3762 ὁ
459 3708 537 3773 δὲ,
569 3707 733 3778 μέχρι
764 3706 920 3760 τοῦδέ
953 3723 1011 3759 σε
1062 3706 1498 3776 δουλωσάμενος,
1533 3707 1639 3768 ἕως
1677 3704 1743 3758 ἂν

178 3799 251 3862 είς
282 3800 402 3870 ᾅδου
432 3800 730 3869 πέταυρον,
773 3797 869 3849 καὶ
897 3798 977 3860 είς
1002 3797 1101 3866 τὴν
1154 3798 1391 3868 ἐσχάτην
1417 3796 1527 3849 τῶν
1553 3795 1741 3849 κακῶν

169 3889 527 3959 άπηκὸντισεν
586 3887 887 3955 Χάρυϐδιν.
931 3887 1000 3939 Ἣ
1055 3888 1178 3958 οὐχὶ
1218 3887 1355 3958 αῦτη
1404 3888 1437 3955 ἡ
1484 3887 1608 3949 ὁδὸς
1635 3887 1742 3939 τῶν

159 3980 521 4034 ἐπιτελούντων
552 3979 621 4033 τὰ
649 3979 861 4049 Europa;
898 3979 969 4030 ’Ἡ
1018 3958 1225 4049 ἑτέρως
1258 3980 1361 4032 οίει
1411 3978 1537 4040 τοὺς
1568 3976 1743 4038 οὕτως

160 4074 389 4136 ἁλόντας
415 4072 517 4127 ύπὸ
540 4072 643 4140 τῆς
678 4071 859 4140 δίκης,
887 4070 1399 4142 κολασθησομένους
1423 4069 1738 4135 ὲτάζεσθαι;

160 4167 280 4236 Τῆς
331 4165 385 4218 δὲ
440 4165 549 4219 τῶν
596 4162 944 4233 Εὑαγγελὲων
1014 4163 1201 4233 φωνῆς
1276 4159 1433 4227 αὖθις
1492 4146 1742 4215 ἀκουσὼέ

166 4260 331 4330 μεθα.
750 4302 752 4305 τ

247 4370 266 4401 ι
295 4351 559 4405 Γενεσίων
619 4351 750 4422 γὰρ,
804 4348 991 4418 φησὶν,
1017 4346 1300 4419 ἀγομένων
1329 4346 1424 4400 τοῦ
1477 4343 1741 4415 Ἡρώδου,

164 4442 456 4514 ὠρχήσατο
513 4444 548 4514 ἡ
598 4443 848 4519 θμγάτηρ
874 4440 1334 4519 τῆςἭρωδιάδος
1368 4440 1426 4492 ἐν
1454 4438 1533 4509 τῷ
1570 4438 1741 4510 μέσῳ,

167 4538 265 4588 καὶ
300 4539 493 4609 ηρεσεν
527 4513 886 4607 τῷἾίρώδῃ.
986 4533 1160 4587 Βαόαὶ
1206 4534 1308 4602 τῆς
1357 4532 1578 4595 ἀνοίαςί
1615 4532 1746 4602 '09-

167 4643 330 4696 κησις
380 4628 645 4693 νεάνιδος,
690 4627 788 4699 τὴν
828 4625 1098 4697 βασιλέως
1146 4624 1417 4695 ὲθήρασεν
1455 4623 1739 4694 φρόνησιν.

1846 3435 2114 3504 regnavit.
2141 3434 2424 3502 Cupiditas
2472 3433 2715 3501 quidem,
2760 3449 2828 3487 ne
2861 3434 2984 3488 ullis
3015 3433 3240 3502 quidem
3273 3435 3429 3489 adhi-

1844 3527 1976 3581 bitis
2032 3524 2325 3588 machinis,
2361 3525 2560 3578 mentis
2613 3533 2722 3578 tuae
2755 3539 2940 3578 arcem
2975 3525 3286 3580 obsidionis
3313 3527 3431 3596 lege

1822 3618 2087 3697 'capiens,
2125 3630 2189 3670 ac
2240 3630 2342 3669 ceu
2378 3618 2583 3683 praeses
2630 3614 2801 3675 nescii
2835 3616 2949 3683 regi
2977 3616 3146 3669 animi
3192 3616 3296 3678 tui.
3330 3630 3430 3671 ex-

1846 3710 2050 3764 sistens
2081 3727 2094 3762 :
2121 3707 2202 3761 ira
2243 3717 2425 3761 autem
2479 3705 2670 3759 tandiu
2704 3707 3014 3775 captivans,
3042 3707 3217 3761 donec
3250 3709 3303 3761 in
3338 3708 3424 3762 in-

1846 3800 1984 3855 ferni
2020 3800 2297 3869 laqueum,
2327 3813 2394 3853 ac
2417 3813 2730 3869 supremam
2758 3799 3030 3852 malorum
3062 3781 3426 3869 charybdin],

1845 3891 1994 3945 dedit
2018 3890 2375 3960 praecipitem.
2418 3891 2499 3943 An
2534 3905 2645 3943 non
2678 3889 2795 3945 haec
2826 3889 2909 3943 via
2950 3890 3167 3942 illorum
3199 3898 3285 3945 est
3333 3889 3429 3960 qui

1846 3985 2082 4039 scelesta
2141 3983 2400 4052 patranti
2444 3979 2585 4037 Num
2650 3984 2833 4048 aliter,
2887 3981 3092 4037 divinae
3158 3982 3432 4037 obnoxius

1848 4076 2067 4140 ultioni,
2121 4076 2187 4130 ad
2250 4089 2470 4146 pmnam
2525 4073 2928 4151 examinandos
2974 4074 3168 4145 putas?
3217 4073 3430 4151 Rursus

1846 4183 1977 4225 vero
2001 4154 2373 4238 evangelieam
2403 4180 2592 4222 vocem
2628 4149 2945 4223 audiamus.

1924 4367 1942 4399 ι
1977 4347 2114 4403 Cum
2139 4344 2399 4409 Herodis,
2435 4344 2636 4416 inquit,
2666 4342 2919 4398 natalitia
2951 4350 3274 4414 agerentur,
3312 4344 3430 4400 sal-

1848 4440 1983 4493 tavit
2012 4436 2341 4493 lier'odiadis
2376 4436 2484 4489 lilia
2518 4435 2572 4489 in
2602 4434 2803 4498 medio,
2832 4441 2888 4489 et
2917 4434 3122 4504 placuit
3152 4433 3377 4489 Herodi.
3405 4452 3424 4485 ι

1846 4529 2188 4586 Amentiam!
2231 4526 2465 4582 Saltatio
2510 4523 2954 4589 adolescentulae,
2996 4524 3140 4594 regis
3172 4522 3432 4593 pruden-

1849 4624 1980 4677 tiam
2018 4619 2185 4691 cepit.
2221 4618 2405 4674 Fracti
2445 4631 2706 4672 manuum
2739 4624 2955 4681 motus,
2987 4615 3297 4686 pedumque
3328 4615 3432 4669 im-

163 4720 380 4793 Χειρῶν
408 4722 762 4787 ἀνακλάσεις,
801 4723 894 4774 καὶ
921 4719 1096 4773 ποδῶν
1124 4710 1401 4789 λυγισμοὶ,
1440 4719 1536 4772 καὶ
1565 4716 1735 4786 μελῶν

1927 4713 2039 4768 dici
2085 4710 2282 4774 ﬂexus,
2309 4725 2374 4764 ac
2407 4707 2652 4764 membra
2703 4706 2769 4762 ad
2800 4706 3071 4761 luxuriam
3119 4707 3322 4772 soluta,
3348 4707 3435 4760 tir-

167 4812 438 4878 ικλῦσεις,
503 4813 565 4867 τὸ
603 4810 835 4885 στερῤδν
873 4810 970 4864 τοῦ
1013 4807 1281 4878 βασιλέως
1321 4807 1581 4873 ὲξέλυσαν
1610 4806 1745 4875 φρό-

167 4922 337 4976 νημα.
372 4909 488 4961 Οὐκ
518 4907 761 4979 ἡκούσας
791 4903 883 4959 τὸν
937 4901 1208 4956 Φιλίππου
1248 4900 1619 4970 Ἀλέξανδρον,
1652 4898 1746 4952 ἐπὶ

166 5000 285 5062 ταῖς
314 4998 543 5068 Δαρείου
572 4996 911 5067 θυγατράσιν
930 4992 1412 5067 προσενεχθείσαις
1438 4989 1586 5061 αὐτῷ
1607 4989 1745 5061 πρὸς

1852 4816 2000 4860 mum
2035 4817 2100 4858 ac
2151 4801 2385 4859 solidum
2418 4799 2566 4871 regis
2620 4813 2844 4855 sensum
2903 4808 3258 4853 enervarunt.
3308 4795 3431 4852 Non

1851 4891 2109 4948 audivisti
2171 4889 2543 4946 Alexandrum
2595 4887 2834 4958 Philippi
2899 4886 3069 4943 ﬁlium
3114 4888 3335 4943 oblatis
3363 4886 3433 4940 ad

1854 4984 2214 5041 concubitum
2253 4981 2396 5036 Darii
2434 4980 2650 5037 ﬁliabus
2694 4980 2845 5054 (‘22),
2876 4981 3047 5052 regali
3083 4978 3251 5035 animi
3289 4993 3433 5050 prte-

1490 5162 1877 5223 COMBEFISII
1910 5158 2139 5219 ΝΟΤΛΕ.

228 5312 353 5379 (9.1)
407 5309 493 5365 Uti
545 5309 633 5363 ira
686 5306 752 5360 iis
809 5304 1245 5379 obsequens._"n_;
1289 5302 1460 5379 θυμὸς
1519 5302 1747 5379 ταύταις

103 5372 682 5454 έξῦπηρετούμενος
712 5395 740 5454 '_
776 5372 1033 5454 nimirum
1078 5372 1435 5454 τῇάκρασίᾳ
1479 5376 1574 5427 καὶ
1625 5373 1745 5454 φιλ-

119 5396 509 5454 ειξυπηρετου
589 5396 677 5443 νος
712 5396 726 5409 ·
776 5396 1033 5431 lllmll'tllll
1078 5396 1143 5442 τῃ
1192 5396 1435 5444 ακρασιᾳ
1479 5396 1574 5427 και
1625 5396 1745 5441 φιλ·

119 5454 347 5521 τὶδὸνῳ
376 5396 602 5526 πράέῇτ
639 5449 777 5503 Male
813 5448 1083 5526 interpres
1119 5445 1427 5526 Lipomani,
1461 5458 1559 5511 pro
1590 5444 1745 5526 abse-

150 5514 344 5598 εἱειειὼ
374 5514 441 5576 ac
473 5514 818 5598 ministra-nus,
843 5517 1100 5598 reddidit,
1130 5514 1453 5598 «diuinitus;
1480 5514 1626 5598 quod
1657 5521 1745 5568 est

176 5585 412 5646 alienum
452 5605 580 5646 cum
620 5604 650 5642 a
689 5586 1052 5657 philosophia,
1085 5596 1198 5640 tum
1241 5600 1271 5640 a
1310 5592 1456 5639 textu
1491 5585 1742 5638 Andreae.

182 5655 331 5718 Deest
389 5663 556 5717 etiam
608 5662 749 5729 apud
786 5673 911 5715 cum
962 5657 1044 5719 τὸ,
1090 5659 1182 5729 τὸν
1224 5651 1373 5719 ἐντὸς
1422 5652 1740 5725 ἄνθρωπον·

179 5734 317 5803 (lusit!
352 5730 582 5789 omnino
610 5724 1010 5784 restituendum
1041 5742 1107 5783 ex
1146 5724 1280 5797 Reg.

1832 5292 1848 5301 ’
1924 5300 2035 5369 (22)
2082 5297 2293 5369 Oblatis
2325 5296 2396 5351 ad
2447 5298 2780 5369 concubitum
2832 5292 2990 5369 Darii
3031 5288 3429 5369 ﬁliaéus..’i'1:l

1850 5359 1969 5433 ταῖς
2001 5359 2573 5440 Ᾱαρείουλϐυγατράσι
2595 5362 3110 5440 ’πρ-οσενεχθείσαις.
3157 5359 3433 5440 Interprcs

1852 5430 2136 5508 Lipomaiti
2171 5457 2185 5493 :
2218 5430 2824 5510 Septcm_'l)arii_ﬁlias,
2847 5430 2962 5487 'ete.
3001 5430 3191 5485 Putem
3236 5431 3433 5510 legisse

1850 5511 2012 5571 ἒπτα,
2046 5510 2167 5581 ἀντὶ
2199 5508 2320 5573 τοῦ,
2345 5507 2473 5581 ὲπίί
2499 5507 2644 5581 quod
2671 5508 2811 5581 satis
2839 5518 3083 5556 crassum
3117 5514 3182 5553 ac
3205 5507 3434 5581 ,ποιου-

1852 5582 1962 5651 lum
1996 5589 2100 5635 est.
2128 5579 2274 5651 Duas
2297 5571 2398 5648 ego
2430 5571 2922 5651 sic’oblataslego,
2944 5582 3138 5651 _castas
3160 5571 3432 5651 virgines,

1849 5666 1913 5705 ac
1939 5650 2114 5705 forma
2143 5641 2400 5710 deaura's,
2431 5661 2667 5716 quarum
2712 5641 3023 5716 Alexander
3068 5641 3264 5710 pudori
3294 5656 3433 5696 cou-

1847 5722 2080 5777 suluerit
2109 5739 2121 5775 :
2151 5734 2257 5791 qua
2291 5721 2358 5774 de
2394 5714 2463 5773 re
2484 5720 2671 5772 multis
2707 5720 2759 5771 in
2795 5732 2861 5771 eo
2890 5714 3244 5769 Plutarchus.
