3790 6202
191 331 296 402 1125

1160 354 1243 415 ΙΝ
1272 355 1336 416 S.
1372 353 1694 416 JOANNIS
1732 356 2386 423 DECOLLATIONEM.

3246 370 3376 436 1126

184 473 284 525 μου.
302 472 319 507 ι
346 452 524 520 οὕτως
550 455 862 526 ἀφύλακτος
892 455 977 527 εἷς
1023 460 1196 525 οὕτως
1229 461 1482 534 εὐχερὴς,
1507 462 1580 526 ὡς
1626 464 1681 532 μί

1885 465 2062 535 elapsa
2087 469 2160 522 sit
2186 470 2612 541 absurditatem,
2648 473 3007 548 jurisjurandi
3046 496 3177 538 voce
3218 491 3382 540 tenus

181 547 320 619 μίτρα
342 546 524 601 θέσθαι
548 550 661 612 σοτς
685 550 966 622 λογισμοῖς
986 568 1001 583 ο
1040 553 1200 623 μηδὲ,
1229 553 1368 624 ὅπερ
1401 553 1502 606 οὐκ
1530 552 1697 623 ἐχρῆν

177 639 505 703 ἀϐασανίστως
557 641 942 712 προσήκασθαι
999 643 1269 712 συνιδετν;
1314 644 1518 699 Σκόπει
1559 643 1699 714 πρὸς

1801 558 2080 626 prolatio?
2103 560 2295 631 Magna
2322 564 2559 630 insania,
2600 570 2804 626 mentis
2822 574 3059 639 recitas,
3084 590 3382 632 sensuum-

1804 662 1911 714 que
1970 649 2270 717 ltebetudo,
2326 654 2469 711 hanc
2520 660 2619 713 tibi
2673 663 2966 720 stultitiam
3027 682 3382 737 pepererunt.

173 728 528 794 δσονάϐουλίας
555 730 817 802 ἐξηνέχθη
842 748 946 797 σοι,
979 732 1042 786 τὸ
1062 733 1351 805 προπετῶς
1380 734 1598 804 ὀμόσαι’
1625 733 1668 789 Τ

1883 738 1997 796 Pete
2025 756 2054 794 a
2086 758 2173 798 me
2201 746 2351 814 Quod
2384 748 2644 818 volueris,
2676 762 2731 807 et
2755 754 2900 810 dabo
2942 728 3062 821 tibi,
3096 728 3271 830 usque
3312 762 3380 815 ad

170 820 606 892 δὲσυνηρπάσθαι,
630 821 693 876 οὗ
724 841 869 895 φημι
901 825 1181 895 βασιλικὸν
1220 820 1363 880 εῐναι
1384 827 1667 898 γνώρισμα

1884 830 2096 886 nidinm
2126 835 2276 905 regni
2323 838 2449 893 mei.
2506 858 2526 893 ι
2588 841 2741 899 Adeo
2809 820 3066 904 incautus
3106 820 3195 913 es:
3241 852 3381 907 adeo

166 917 530 989 ἀθυροστομίας
545 917 602 971 δέ
626 916 798 981 πάθος
822 918 1061 989 ἀκρατὲς
1073 936 1088 948 °
1104 920 1240 991 ὅπερ
1259 918 1421 982 αὐτὸς
1438 918 1663 980 ὑποστὰς

1888 923 1947 979 ’ἱε
1972 932 2028 979 et
2064 923 2271 993 facilis,
2296 938 2356 983 ut
2383 946 2493 986 non
2535 937 2792 1002 posueris
2821 941 3043 996 modum
3075 945 3385 1003 rationibus

164 1010 215 1062 τὸ
263 1009 331 1080 μὴ
375 1008 702 1081 κεκριμένον
752 1008 920 1074 ἐδέξω
957 1010 1032 1073 ὼς
1059 1009 1411 1081 κεκριμένον.
1449 1009 1661 1063 Τοιοῦτι

1893 1031 1940 1083 s,
1981 1032 2160 1091 neque
2190 1028 2264 1105 t_e,
2297 1022 2446 1092 quod
2469 1030 2581 1079 non
2613 1036 2917 1098 oporteret,
2945 1033 3067 1089 sine
3102 1038 3389 1105 probatio-

170 1101 257 1173 γὰρ
294 1102 432 1165 ἄπας
471 1099 596 1164 νοῦς
615 1101 971 1171 ἀχαλίνωτος,
1003 1101 1099 1154 καὶ
1150 1101 1308 1171 λόγος
1347 1100 1661 1179 ἀφύλακτος

1903 1121 1966 1163 ac
1986 1097 2223 1179 judicio'
2238 1112 2528 1172 admittere
2558 1118 2921 1178 intellexeris.
2950 1097 3249 1184 Considera
3273 1146 3384 1200 quo

169 1191 227 1263 μὴ
252 1191 340 1261 τῆς
385 1190 482 1244 τοῦ
530 1190 697 1244 καλοῦ
733 1190 970 1262 κρίσεως
999 1190 1402 1262 ἐπιστατούσης
1436 1193 1548 1255 τοῖς
1568 1190 1666 1260 λογ

1887 1213 1899 1252 ι
1954 1200 2208 1267 cesserit,
2244 1212 2298 1257 et
2339 1218 2502 1274 quam
2536 1221 2736 1277 parum
2772 1210 2826 1264 in
2862 1220 2916 1266 te
2947 1217 3162 1270 consilii
3191 1190 3384 1289 argue-

166 1284 317 1353 σμοίς,
336 1282 466 1337 ἀλλά
476 1282 740 1337 τάναντία
760 1282 893 1354 δρᾷν
906 1281 1004 1336 τοῦ
1029 1282 1122 1336 νοῦ
1142 1282 1217 1354 μὴ
1232 1283 1554 1348 κωλύοντος,
1577 1302 1663 1357 πρε

1885 1327 1899 1354 ,
1923 1289 2071 1358 quod
2110 1299 2318 1348 temere
2346 1294 2646 1364 juraveris.
2677 1298 2770 1353 Sic
2793 1309 2973 1356 autem
2998 1301 3161 1360 facile
3190 1281 3382 1378 ariipi,

162 1374 519 1448 σαφῃρημένου
535 1374 629 1427 τοῦ
641 1374 788 1428 κατὰ
807 1373 969 1444 φύσιν
991 1375 1360 1445 φρονήματος.
1396 1374 1537 1429 Ἀλλ’
1553 1378 1583 1429 ὁ
1611 1376 1659 1447 μί

1887 1394 1918 1433 n
1939 1381 2106 1450 regiae
2131 1386 2338 1440 mentis
2365 1385 2635 1443 indicium
2670 1390 2928 1457 dixerim,
2959 1398 3055 1449 sed
3100 1373 3384 1466 profusio;

167 1463 387 1537 Ἡρώδης
427 1462 572 1519 οὕτω
616 1464 836 1533 κούφως
878 1465 1120 1535 ἐνεχθεὶς
1138 1465 1234 1518 καὶ
1269 1463 1490 1533 ἀθλίως,
1506 1464 1664 1520 ἀθλία

1916 1472 2193 1540 impotens
2216 1475 2448 1545 vitium;
2477 1480 2566 1534 cui
2604 1480 2723 1551 ipse
2750 1485 3058 1555 subjectus,
3098 1462 3244 1559 quod
3274 1506 3385 1547 non

154 1558 229 1610 nl
263 1555 359 1626 τὴν
386 1555 919 1629 μνήιιιηνδιαπσητὸι⁹
944 1555 1320 1625 ἀπηνέγκατο.

1882 1570 1924 1616 tt
1968 1563 2180 1634 judicio
2237 1569 2535 1639 probatum
2569 1574 2890 1644 suscepisti,
2937 1555 3204 1650 tanquam
3232 1596 3379 1642 esset

145 1650 344 1744 judicia
363 1652 672 1744 probatum.
701 1649 982 1729 Ejusmodi
1015 1651 1167 1744 enim
1199 1659 1287 1744 est
1321 1654 1693 1744 mensjomnis
1729 1655 1979 1723 effrenis,
2030 1668 2085 1714 et
2119 1660 2385 1720 incautus
2437 1679 2622 1720 sermo
2654 1706 2669 1730 .
2738 1679 2797 1725 ut
2825 1685 2934 1725 non
2978 1649 3109 1727 boni
3170 1674 3386 1744 judicio

147 1741 484 1811 cogitationes
545 1740 899 1806 moderante,
962 1740 1060 1798 sed
1094 1740 1295 1799 mentis
1332 1742 1545 1813 judicio
1605 1746 1746 1802 nihil
1812 1748 2164 1820 prohibente,
2191 1762 2472 1809 contraria
2504 1755 2689 1824 faciat,
2718 1761 2938 1816 sublato
2971 1778 3137 1820 sensu
3170 1740 3387 1824 natura

144 1842 513 1890 consentanea.
551 1833 643 1890 Sic
677 1850 810 1891 vero
853 1835 1101 1894 Herodes
1142 1836 1337 1894 leviter
1364 1852 1432 1893 ac
1476 1838 1676 1897 misere
1713 1851 1990 1914 arreptus,
2037 1845 2305 1902 miserum
2357 1863 2561 1904 nomen
2592 1850 2648 1905 in
2705 1863 3034 1923 perpetuum
3067 1856 3274 1916 retulit.

194 1953 258 2007 Ti
286 1954 341 2008 δὲ
363 1954 426 2008 τδ
445 1952 546 2023 τῆς
606 1954 834 2027 ἀνομίας
881 1927 1172 2027 κοράσιονς
1198 1956 1298 2028 τῆς
1358 1955 1605 2029 μοιχείας
1634 1956 1691 2011 τὸ

1885 1962 2012 2029 ξιιῙὰ
2065 1978 2200 2019 vero
2246 1946 2485 2022 scelesta
2509 1965 2696 2037 puella
2726 1967 2751 2023 ἲ
2786 1969 3053 2026 adulterii
3087 1985 3217 2028 esca
3266 1973 3382 2043 illa,

139 2045 308 2117 δέλεαρ
326 2087 344 2113 ,
370 2047 434 2100 τὸ
454 2046 550 2100 τοῦ
593 2046 840 2119 Ἡρώδου
897 2048 1224 2118 ἄγκιστρον·
1258 2050 1293 2121 ἡ
1328 2051 1494 2120 παγίς
1515 2048 1600 2119 ἐφ’
1626 2050 1694 2120 ἢν

147 2139 339 2202 ἐκεῐνος
405 2138 812 2211 παρολισθήσας
885 2139 1232 2211 προσέκοψε,
1284 2140 1380 2193 καὶ
1435 2139 1695 2212 θηραθεὶς

138 2234 221 2283 οὐκ
249 2229 531 2301 ἐξέφυγενς
569 2249 588 2283 ι
614 2224 802 2298 Εἶπεν,
854 2230 1041 2301 φησὶν,
1078 2234 1146 2303 τῇ
1178 2234 1348 2304 μητρὶ
1399 2233 1599 2304 αὐτῆς·
1630 2232 1695 2286 Τί

137 2322 444 2393 ιίτήσομαι;
484 2322 552 2375 Ἡ
601 2321 658 2377 δὲ
711 2321 1143 2395 προϐιϐασθεῖσα
1183 2364 1198 2388 ,
1258 2325 1361 2390 Δός
1421 2342 1514 2397 μοι
1556 2322 1693 2392 ὦδε,

140 2415 306 2484 φησὶν,
325 2413 385 2479 ἐξ
413 2413 587 2485 αὐτῆς
617 2414 716 2486 τὴν
746 2414 989 2486 κεφαλὴν
1044 2415 1294 2470 Ἰωάννου
1343 2416 1439 2470 τοῦ
1486 2417 1694 2471 Βαπτι-

143 2506 272 2559 ποῦ.
307 2525 327 2559 ι
374 2506 541 2578 Ὁρᾷς
573 2505 665 2559 τὸν
720 2506 1114 2578 εὒαγγελιστὴν
1154 2507 1365 2579 τάληθῆ
1411 2508 1693 2581 πανταχοῦ

141 2587 543 2669 προῖσχόμένον;
573 2598 639 2651 Τί
669 2598 773 2670 γάρ
803 2615 1007 2669 φησινς
1045 2617 1064 2651 ι
1094 2599 1161 2652 ἸΙ
1189 2598 1248 2653 δὲ
1288 2599 1559 2671 Ἡρωδιὰς
1611 2602 1696 2655 ἐν-

142 2691 268 2759 εῖχεν
306 2689 474 2759 αὐτῷ,
503 2690 597 2743 καὶ
628 2689 820 2761 ἢθελεν
873 2690 1037 2742 αὑτὸν
1085 2689 1435 2754 ἀποκτεῖναι,
1469 2691 1565 2743 καὶ
1593 2692 1695 2743 οὐκ

141 2780 366 2849 ἠδύνατο.
419 2782 478 2836 ⁸0
517 2782 627 2853 γὰρ
670 2780 918 2853 Ἡρώδης
950 2781 1202 2850 ἐφοϐεῖτο
1259 2781 1353 2836 τὸν
1405 2782 1692 2849 Ἰωάννην,

135 2873 281 2938 εἰδὼς
307 2874 469 2928 αὑτὸν
501 2875 671 2946 ἄνδρα
701 2873 910 2928 δίκαιον
954 2875 1051 2927 καὶ
1107 2874 1265 2942 ᾶγιον
1289 2892 1302 2905 ο
1339 2877 1435 2929 καὶ
1479 2874 1696 2929 ἀκούων

132 2965 288 3019 αὑτοῦ
346 2966 519 3021 πολλὰ
566 2966 763 3033 ἐποίει,
820 2967 917 3021 καὶ
978 2968 1151 3039 ἡδέως
1202 2967 1366 3021 αὐτοῦ
1427 2967 1688 3040 ἤκουεν.»

130 3056 345 3122 Βλέπεις
399 3061 496 3113 καὶ
545 3062 653 3131 πρὸ
708 3058 818 3113 τῶν
875 3060 1057 3131 ὅρκων
1086 3059 1186 3130 ἤδη
1217 3060 1695 3131 προσεγκειμένην

127 3151 191 3220 τῇ
220 3149 469 3223 βδελυρᾷ,
498 3151 600 3223 τὴν
628 3152 769 3207 κατὰ
795 3150 892 3206 τοῦ
924 3152 1215 3224 προφήτου
1246 3151 1695 3224 φιλαπεχθήμονα

126 3242 367 3315 γνώμηνς
395 3245 507 3298 Καὶ
537 3244 592 3297 τί
629 3245 834 3315 ταύτης
891 3245 1289 3315 ἐναργέστερον
1327 3245 1430 3314 τῆς
1489 3262 1698 3316 μαρτυ-

122 3334 237 3403 ρίας
284 3334 485 3405 γένοιτ’
528 3334 630 3398 iv;
688 3336 804 3406 Τήν
837 3353 897 3389 τε
929 3338 1035 3407 γὰρ
1063 3336 1401 3408 παρρησίαν,
1457 3336 1552 3389 καὶ
1602 3335 1694 3388 τὸν

122 3424 293 3494 ζῆλον,
322 3425 415 3481 διὰ
440 3428 534 3480 τὸν
568 3426 705 3497 πρὸς
730 3425 984 3499 Ἥρώδην
1043 3427 1265 3497 ἔλεγχον
1314 3426 1409 3478 τοῦ
1442 3427 1691 3480 Ἰωάννου

119 3518 435 3591 παρίστησι,
496 3520 593 3573 καὶ
622 3517 721 3591 τὴν
754 3518 1090 3590 ἀπὸχρόνου
1123 3517 1278 3595 κατὰμ
1322 3516 1522 3586 βάθους
1561 3516 1694 3569 ὑπο-

117 3609 622 3680 τρεφομένηναύτῇ
664 3607 847 3679 μῆνιν,
899 3606 992 3661 ὑπ’
1020 3606 1144 3678 ὄψιν
1177 3607 1301 3676 ἄγει
1328 3607 1440 3659 τῶν
1462 3606 1692 3661 ἀκουόν-

113 3715 230 3755 των.
264 3700 444 3755 Τοῦτο
461 3701 507 3734 ⁷⁸
561 3700 671 3772 γὰρ
699 3700 780 3765 τὸ,
814 3699 1071 3770 ἐνεῖχεν,
1100 3700 1340 3770 ὑπάρχει
1392 3715 1689 3770 προστατι-

113 3790 197 3843 κδν
230 3791 378 3862 ἅμα,
416 3793 511 3846 καὶ
538 3790 812 3845 δεικτικόν
832 3806 847 3821 ο
881 3790 1005 3844 ἐπεὶ
1029 3790 1123 3844 καὶ
1150 3788 1235 3856 τδ,
1264 3792 1377 3845 οὐκ
1402 3788 1690 3858 ἠδύνατο,

112 3881 391 3951 ἀπόδειξιν
448 3884 564 3954 ἔχει
622 3882 723 3953 τῆς
789 3880 1033 3953 Ἡρώδου
1085 3881 1223 3954 πρὸς
1274 3883 1528 3953 Ἰωάννην
1572 3882 1693 3953 μετ’

111 3972 399 4040 εὐλαϐείας
430 3975 603 4047 τιμῆς
627 3993 640 4005 ·
670 3975 750 4029 ὅτι
800 3991 861 4028 τε
893 3974 1053 4042 ἅγιον
1113 3974 1209 4028 xa‘t
1266 3958 1483 4029 δίκαιον-
1530 3975 1693 4029 αὑτὸν

109 4060 265 4137 εἶχεν,
326 4068 430 4121 καὶ
465 4066 684 4121 ἀκούων
735 4066 902 4120 αὐτοῦ
964 4065 1136 4122 πολλὰ
1166 4067 1362 4131 ἐποίει,
1395 4070 1490 4120 καὶ
1520 4066 1692 4138 ἡδέως

108 4157 266 4210 αὐτοῦ
320 4159 552 4231 ἡκουεν.
599 4160 662 4212 Et
701 4160 797 4212 καὶ
847 4159 943 4231 ἥδε
967 4158 1076 4212 τῶν
1113 4158 1227 4213 ἄνω
1275 4159 1412 4231 πρὸς
1445 4158 1512 4212 τὰ
1542 4162 1693 4214 κάτω

108 4249 425 4323 σύγκρισις,
448 4251 591 4307 πολὺ
633 4252 772 4323 πρὸς
802 4252 1005 4322 ἑαυτὴν
1032 4250 1095 4305 τδ
1120 4251 1379 4322 διάφορον
1412 4251 1527 4322 ἔχει
1547 4269 1560 4282 ·
1597 4253 1694 4304 καὶ

106 4342 198 4393 οὔκ
233 4344 331 4397 [σα
360 4344 435 4397 τὰ
466 4344 795 4414 πράγματα,
826 4344 925 4413 τὴν
950 4342 1126 4407 ἄλλως
1151 4343 1196 4373 ’³
1226 4342 1367 4395 αύτά
1394 4340 1489 4394 τοῦ
1552 4357 1693 4413 κρα-

106 4434 355 4501 τοῦντος.
390 4437 642 4506 ἄγοντος.
675 4437 757 4491 Τὰ
790 4436 891 4508 μὲν
945 4436 1055 4507 γὰρ
1105 4435 1342 4507 πρῶτα·
1399 4435 1691 4509 παρρησία

111 4526 202 4576 καὶ.
243 4526 415 4598 ζῆλος
439 4547 450 4558 ·
478 4528 574 4581 καὶ
600 4529 836 4599 ἔλεγχοι,
864 4528 964 4599 τὴν
986 4527 1082 4582 τοῦ
1118 4527 1382 4599 βασιλέως
1419 4528 1693 4600 ἐπέπλητ-

115 4629 199 4666 τον
236 4619 472 4673 ἄνοιανο
543 4619 855 4690 ἁνομοῦντά
900 4636 961 4672 τε
1014 4620 1177 4673 αὐτόν
1211 4636 1224 4650 ο
1276 4620 1400 4673 κατ’
1457 4619 1689 4688 ἀδελφοῦ

1796 2052 2033 2111 Herodis
2063 2055 2295 2124 hamus,
2336 2058 2570 2129 laqueus
2614 2059 2671 2115 in
2721 2075 2884 2130 quem
2936 2062 3031 2117 ille
3089 2065 3388 2135 prolapsus

1795 2146 2043 2214 offendit,
2097 2156 2153 2204 et
2207 2164 2318 2220 quo
2368 2158 2567 2221 captus
2600 2153 2830 2209 minime
2892 2152 3122 2225 effugit?
3153 2175 3173 2210 ι
3213 2157 3383 2223 Dixit,

1795 2239 1999 2310 inquit,
2030 2241 2198 2295 matri
2238 2256 2391 2298 suae:
2428 2241 2570 2308 Quid
2608 2244 2827 2315 petam?
2858 2244 2961 2300 Illa
2991 2255 3180 2303 autem
3229 2263 3386 2321 prat-

1797 2332 2006 2385 monita
2045 2347 2061 2385 :
2097 2330 2175 2387 Da
2215 2333 2351 2388 mihi
2410 2332 2525 2401 hic,
2596 2334 2802 2403 inquit,
2870 2337 3060 2392 statim
3117 2338 3175 2394 in
3227 2340 3386 2396 disco

1796 2428 1961 2490 caput
1997 2419 2229 2478 Joannis
2285 2420 2566 2494 Baptistae.
2617 2440 2636 2474 ι
2675 2421 2843 2479 Vides
2872 2425 3271 2497 evangelistam
3318 2442 3384 2484 ea

1798 2526 2014 2581 semper
2066 2528 2191 2582 quae
2247 2528 2377 2569 vera
2431 2524 2563 2571 sunt
2609 2514 3012 2571 adducentem?
3057 2517 3201 2583 Quid
3234 2518 3382 2573 enim

1798 2602 1913 2656 ait?
1944 2621 1962 2654 ι
1998 2601 2275 2662 Herodias
2328 2614 2512 2661 autem
2551 2606 2599 2662 ei
2643 2605 3035 2675 insidiabatur,
3074 2617 3127 2664 et
3168 2609 3387 2665 volebat

1809 2707 1935 2747 eum
1979 2694 2259 2760 occidere,
2286 2710 2389 2750 nec
2417 2702 2657 2766 poterat.
2707 2694 2953 2753 Herodes
2982 2696 3135 2752 enim
3172 2706 3387 2753 metue-

1798 2782 1892 2837 bat
1915 2782 2209 2851 Joannem,
2234 2785 2420 2842 sciens
2436 2801 2564 2840 eum
2594 2785 3001 2855 virumjustum
3021 2795 3077 2842 et
3100 2795 3386 2856 sanctum;

1798 2887 1850 2932 ct
1878 2878 2068 2933 audito
2094 2894 2162 2935 eo
2189 2880 2359 2934 multa
2398 2878 2659 2943 faciebat,
2689 2887 2745 2934 et
2774 2880 3006 2936 libenter
3032 2895 3157 2937 eum
3191 2879 3387 2937 audie-

1797 2971 1890 3026 bat
1925 2980 1971 3023 ι.
2013 2988 2033 3021 ι
2078 2955 2246 3027 Vides
2276 2978 2403 3026 ante
2427 2969 2594 3026 etiam
2626 2970 3020 3040 jusjurandum
3056 2971 3232 3028 fuisse
3260 2986 3386 3028 sce-

1798 3061 2027 3117 leratam
2081 3060 2344 3116 feminam
2408 3060 2631 3117 infenso
2684 3062 2873 3116 animo
2910 3062 2965 3116 in
3018 3063 3387 3133 prophetam?

1797 3152 1941 3220 Quid
1959 3162 2147 3207 autem
2182 3153 2504 3209 testimonio
2535 3152 2641 3208 hoc
2669 3152 2989 3209 evidentius
3017 3169 3142 3210 esse
3165 3162 3334 3225 queat
3358 3154 3387 3210 τ
3480 3198 3499 3207 -

1795 3244 1932 3300 Cum
1964 3244 2109 3299 enim
2139 3244 2452 3299 libertatem
2484 3242 2748 3314 loquendi
2812 3259 2878 3300 ac
2922 3245 3102 3300 zelum
3152 3245 3385 3303 Joannis

1800 3335 2082 3398 ostendit,
2117 3350 2185 3390 eo
2220 3334 2367 3406 quod
2411 3334 2503 3389 ille
2564 3333 2841 3391 Herodem
2899 3336 3333 3406 reprehenderet
3363 3356 3382 3395 :

1801 3435 1915 3481 tum
1940 3426 2069 3480 olim
2112 3426 2222 3480 imo
2255 3434 2482 3496 pectore
2523 3434 2726 3494 satam,
2758 3440 2823 3480 ac
2854 3427 3215 3483 inveteratam
3262 3444 3385 3482 mu-

1803 3516 2046 3571 liercula:
2076 3516 2235 3579 iram,
2273 3515 2328 3569 in
2386 3513 2703 3569 auditorum
2763 3522 3049 3583 aspectum
3098 3515 3381 3585 producit.

1801 3607 1916 3663 Hoc
1983 3606 2130 3665 enim
2182 3605 2459 3675 signiﬁcat
2511 3604 2720 3675 pariter
2758 3614 2926 3675 atque
2975 3607 3222 3661 ostendit
3277 3621 3381 3662 vox

1802 3701 1918 3763 illa,
1941 3697 2323 3753 insidiabatur.
2355 3694 2492 3751 Nam
2507 3694 2564 3752 et
2586 3696 2746 3756 illud.
2771 3712 2875 3752 non
2887 3705 3118 3764 poterat,
3138 3698 3384 3753 ostendit

1802 3791 2033 3848 Herodis
2089 3790 2147 3845 in
2194 3789 2464 3846 Joannem
2514 3791 2786 3847 honorem
2858 3801 2910 3846 et
2965 3789 3380 3845 reverentiam:

1799 3883 1949 3956 quod
1982 3884 2251 3939 nimirum
2289 3885 2339 3939 is
2389 3893 2645 3939 sanctum
2677 3898 2742 3937 ac
2767 3883 2983 3953 justum
3035 3896 3161 3936 eum
3210 3881 3386 3935 habe-

1801 3986 1906 4043 ret,
1934 3990 2114 4045 eoque
2157 3974 2348 4030 audito
2394 3975 2568 4029 multa
2615 3973 2846 4039 faceret,
2882 3987 2948 4027 ac
2985 3972 3223 4027 libenter
3255 3984 3382 4025 eum

1800 4068 2036 4124 audiret.
2098 4066 2425 4137 Quanquam
2469 4075 2532 4120 ut
2587 4066 2772 4135 priora
2832 4079 2961 4121 cum
3020 4063 3386 4134 sequentibus

1801 4160 2237 4232 comparaveris,
2294 4150 2553 4226 magnum
2608 4157 2913 4213 discrimen
2976 4167 3106 4222 est,
3140 4169 3242 4210 nec
3295 4169 3386 4208 res

1802 4262 1931 4311 sunt
1957 4253 2224 4324 aequales,
2265 4252 2321 4306 in
2360 4252 2564 4319 quibus
2611 4265 2707 4305 rex
2744 4251 2941 4304 leviter
2968 4249 3217 4304 haberet.
3244 4246 3384 4303 Nam

1800 4346 1981 4415 prima.
2005 4343 2229 4414 quidem
2251 4381 2268 4406 ,
2310 4357 2508 4412 nempe
2540 4341 2807 4411 loquendi
2837 4341 3070 4395 libertas
3107 4354 3172 4395 ac
3204 4340 3385 4404 zelus,

1802 4433 2399 4502 reprehensionesque,
2452 4430 2599 4501 regis
2648 4429 3010 4498 increpabant
3056 4428 3386 4492 amentiam,

1802 4527 2095 4597 ipsumque
2130 4522 2311 4592 palam
2364 4521 2636 4576 adversus
2674 4520 2900 4575 fratrem
2955 4518 3148 4589 inique
3196 4532 3382 4587 agere,

1802 4618 1962 4688 cujus
2022 4616 2191 4671 cubili
2256 4613 2637 4677 insidiaretur,
2696 4610 2989 4666 commode
3050 4609 3382 4679 arguebant.

115 4712 400 4781 φανερῶς,
467 4711 569 4783 τὴν
634 4710 822 4781 κοίτην
883 4701 1375 4775 ἐπιϐουλεύοντα(
1415 4709 1612 4779 προῦρπ

1886 4720 2075 4763 ctenus
2104 4718 2289 4761 tamen
2337 4705 2576 4760 habebat
2609 4706 2814 4769 locum,
2842 4712 2904 4757 ut
2931 4701 3028 4758 Dei
3060 4706 3383 4774 preplietam

104 4794 418 4874 διήλεγχεν.
465 4802 632 4874 Ὀμοῦ
654 4803 716 4856 τὸ
742 4801 810 4856 δι’
835 4801 1017 4865 αἰδοῦς
1070 4801 1216 4873 ἐχειν
1270 4800 1366 4855 τοῦ
1431 4800 1569 4854 Θεοῦ
1605 4800 1697 4853 τὸν

93 4895 405 4966 προφήτην
437 4935 453 4960 ,
510 4896 606 4949 ate
668 4894 877 4948 δίκαιον
938 4894 1033 4948 καὶ
1082 4894 1239 4962 ἅγιον
1307 4894 1493 4966 χώραν
1551 4888 1695 4965 εἶχεν

79 4981 269 5047 τέως·
303 4986 387 5040 τὰ
427 4986 488 5039 δὲ
546 4986 697 5058 ἑξῆς,
753 4986 989 5057 ἀνόμοια
1052 4988 1234 5056 πάντη
1286 4988 1380 5040 καὶ
1414 4987 1696 5056 ἀπεμφαίο

82 5084 282 5138 Ἴον-ια,
341 5078 442 5131 καὶ
496 5076 605 5131 τῶν
654 5080 939 5149 προτέρων
984 5078 1140 5132 οὐδὲν
1184 5077 1306 5132 κατ’
1336 5078 1527 5132 ούδένα
1569 5078 1696 5150 τρό-
1738 5118 1745 5124 .

62 5176 198 5217 ’πον
224 5159 547 5240 ἐφάμιλλον
593 5168 811 5240 ἔχοντα.
843 5171 1010 5224 Ὅτσυ
1039 5171 1104 5242 δὴ
1135 5172 1317 5241 χάριν,
1366 5172 1462 5223 καὶ
1512 5170 1655 5224 διατί
1673 5187 1690 5239 ;

103 5255 431 5335 Ὲᾷτράπη
451 5261 563 5335 γὰρ
585 5262 833 5327 οἰνωθεὶς
854 5261 994 5335 πρὸς
1009 5260 1071 5316 τὸ
1091 5263 1190 5333 τῆς
1217 5262 1389 5334 μέθης
1416 5261 1616 5330 κοῦφόν
1632 5278 1692 5316 τε

96 5348 202 5403 παὶ
251 5353 570 5427 ὑπηνέμιον
621 5356 828 5428 ἔρυμα,
896 5354 1019 5409 ὅθεν
1042 5353 1257 5426 ψυχρᾶς
1291 5354 1500 5408 εἵνεκεν
1533 5354 1691 5425 εὐορ-

181 5528 202 5558 '
227 5527 413 5589 Marc.
444 5600 453 5619 ι
486 5548 565 5597 τι,
596 5532 691 5598 l9,
721 5535 808 5594 20.
846 5517 859 5523 ν

1796 4809 2146 4871 revereretur
2175 4805 2441 4869 tanquam
2472 4797 2687 4867 justum
2728 4810 2794 4850 ac
2826 4803 3085 4850 sanctum
3118 4812 3133 4849 :
3172 4804 3227 4848 at
3258 4809 3388 4866 qua:

1797 4900 2108 4964 sequuntur
2148 4891 2446 4948 dissimilia
2475 4892 2702 4948 omnino
2725 4906 2791 4947 ac
2822 4891 3206 4963 discrepantia
3229 4900 3386 4956 sunt,

1797 5002 1900 5042 nec
1937 4985 2238 5057 quidquam
2274 5000 2507 5055 prorsus
2542 4984 2752 5041 habent
2782 4985 2928 5055 quod
2962 4983 3242 5055 prioribus
3298 4999 3390 5039 re.
3430 5058 3433 5063 λ

1802 5078 2094 5148 spondeat.
2134 5075 2416 5144 Quorsum
2467 5091 2623 5141 vero,
2674 5068 2749 5132 ac
2792 5091 3038 5147 quanam
3073 5091 3140 5130 ex
3172 5075 3390 5129 causa?

1802 5168 2161 5225 Temulentus
2193 5170 2366 5236 enim,
2392 5172 2461 5223 ad
2490 5168 2612 5224 leve
2642 5182 2709 5223 ac
2749 5166 3015 5223 frivolum
3064 5178 3384 5235 propugna-

1800 5263 1989 5319 culum
2034 5260 2322 5317 ebrietatis
2358 5275 2482 5318 sese
2516 5248 2808 5316 convertit
2839 5276 2854 5312 :
2911 5271 3025 5329 quo
3059 5256 3264 5310 factum
3297 5264 3384 5310 est

1803 5363 1862 5410 ut
1905 5364 2138 5426 propter
2166 5354 2430 5426 frigidum
2461 5352 2893 5425 jusjurandum,
2924 5357 2981 5406 et
3013 5346 3387 5405 convivarum

1372 5682 1610 5739 VARI!)
1643 5682 2049 5741 LECTIONES.

186 5771 229 5809 ⁷⁸
254 5794 353 5849 γρ.
379 5781 601 5836 τούτου.
679 5780 724 5813 "
743 5795 837 5849 τρ,
868 5777 968 5851 τὴν
992 5777 1189 5864 ἄλλως.
