3790 6202
484 321 620 387 113'!

1671 322 1734 382 S.
1762 320 2094 381 ANDREE
2134 319 2559 380 CRETENSIS

3522 320 3621 385 1128

434 436 869 499 'reverentiam,
922 433 1185 504 majorem
1238 432 1477 490 nefando
1508 433 1807 488 concubitu
1865 434 2059 503 nequi-

2166 432 2312 499 κίας,
2342 432 2560 501 καὶτῆς
2588 431 2724 502 πρὸς
2747 432 2866 496 τοὺς
2898 430 3180 504 συμπότας
3220 431 3397 499 αίδοῦς,
3420 435 3500 507 τὴν
3540 440 3622 507 μεί-

481 530 612 583 tiam
651 534 909 595 pareret;
966 533 1226 595 tanquam
1280 525 1337 579 in
1369 540 1535 580 scena
1580 522 1798 578 luderet
1830 522 2065 578 simula-

479 620 713 682 tionem,
752 624 906 670 ratus
940 614 1062 669 fore
1088 622 1147 669 ut
1182 616 1402 670 oculum
1443 614 1689 680 falleret,
1728 629 1894 686 quem
1928 613 2066 669 nihil

481 715 665 778 potest
698 708 893 762 latere.
914 708 1033 773 Qua
1067 706 1121 760 id
1152 707 1402 762 ratione?
1432 726 1451 759 ι
1489 706 1865 762 Contristatus
1893 707 2062 770 enim,

482 800 687 867 inquit,
718 806 804 853 est
834 814 932 852 rex
961 815 973 851 :
1005 799 1101 853 sed
1132 799 1788 869 propterjusjurandum,
1816 808 1872 854 et
1896 797 2065 854 simul

480 891 895 954 recumbentes,
928 889 1106 943 noluit
1134 890 1185 943 ei
1215 890 1479 944 abnuere.
1527 908 1545 941 ι
1573 888 1717 953 Quid
1754 889 1857 943 hac
1886 889 2063 943 simu-

482 980 688 1034 latione
728 980 905 1050 magis
934 980 1410 1034 abominandum?
1438 979 1582 1045 Quid
1614 994 1744 1034 vero
1774 977 2065 1033 miserabi-

480 1072 591 1127 lius
628 1071 933 1141 juramenti
987 1071 1141 1125 illius
1188 1070 1493 1140 religione?
1536 1068 1673 1124 Nam
1712 1085 1837 1123 cum
1873 1069 2063 1125 liceret

481 1165 572 1234 pio
620 1163 793 1233 magis
840 1169 1143 1233 praetextu,
1173 1176 1237 1215 ac
1273 1175 1440 1215 sensu
1481 1160 1634 1227 regio
1666 1159 2061 1228 jusjurandum

482 1256 777 1324 depellere,
804 1256 1009 1308 malum
1047 1255 1192 1308 malo
1225 1252 1486 1308 confecit.
1528 1272 1546 1304 ι
1572 1252 1742 1307 Misso
1771 1252 1921 1308 enim
1951 1252 2064 1321 spi-

481 1349 733 1403 culatore
784 1347 956 1415 jussit
1009 1348 1285 1415 amputari
1336 1356 1500 1415 caput
1536 1344 1767 1399 Joannis
1794 1384 1810 1410 ,
1852 1351 1906 1397 et
1940 1343 2062 1397 dari

481 1438 702 1508 puellae.
748 1456 765 1489 ι
808 1435 1009 1491 Vidisti
1057 1436 1443 1490 bcbetudinem
1474 1450 1775 1497 summam,
1819 1448 1884 1488 ac
1925 1434 2061 1489 levi-

480 1527 691 1581 tatem?
716 1526 911 1581 Nonne
941 1528 1239 1597 praestabat
1260 1526 1403 1581 bene
1427 1527 1705 1596 pejerarc,
1729 1540 1893 1595 quam
1919 1526 2062 1582 male

478 1618 872 1690 jusjurandum
909 1618 1169 1674 servare?
1206 1618 1408 1687 Aperte
1441 1618 1685 1683 mentiri,
1716 1633 1815 1673 nec
1839 1618 1893 1672 in
1926 1633 2060 1688 pro-

486 1710 706 1780 phetam
742 1726 965 1763 manum
1005 1708 1258 1764 mittere?
1292 1708 1483 1763 Delicti
1508 1749 1524 1775 ,
1580 1723 1644 1763 ac
1691 1708 2060 1779 imprudentis

2169 521 2300 586 ζονα
2329 522 2431 593 τῆς
2461 523 2720 594 ἀθεμίτου
2780 524 2976 594 μίξεως
3029 523 3251 593 ἀνομίαν
3294 522 3450 578 ὤδινεν
3471 542 3484 557 ·
3512 526 3622 589 ὼςίν

2170 618 2344 686 σκηνῇ
2376 615 2577 680 παίξας
2596 615 2659 669 τὸ
2685 614 2858 686 δρᾶμα
2885 616 2983 685 τῆς
3035 615 3376 685 ὑποκρίσεως,
3414 615 3624 673 λανθάνειν

2167 710 2395 779 νομίσας
2406 710 2499 762 τὸν
2516 709 2762 779 ἀληστον
2783 707 3080 777 ὀφθαλμόν.
3109 708 3239 760 Τίνα
3265 708 3464 777 τρόπον;
3487 711 3625 763 «Ἐλυ-

2168 802 2318 873 πήθη
2359 802 2490 874 γὰρ,
2553 802 2740 871 φησὶν,
2770 803 2799 854 ό
2832 799 3082 870 βασιλεύς
3109 814 3123 828 ⁸
3159 799 3288 851 ἀλλὰ
3339 798 3415 852 διά
3438 799 3535 863 τοὺς
3563 802 3625 870 δρ-

2167 912 2322 958 κους.
2357 897 2599 959 καὶτοὺς
2658 894 3163 962 συνανακειμένους,
3189 894 3286 945 οὑκ
3315 891 3478 961 ἢθελεν
3512 894 3625 962 αὐτὴν

2166 986 2455 1056 ἀθέτῆσαι.
2490 1006 2508 1039 ι
2551 988 2617 1040 Τί
2639 986 2843 1051 ταύτης
2872 987 2970 1055 τῆς
3023 984 3349 1055 ὑποκρίσεως
3373 982 3629 1051 βδελυκτότεο

2169 1093 2300 1148 ρον;
2332 1078 2397 1129 Τί
2420 1078 2478 1131 δὲ
2503 1079 2601 1147 τῆς
2635 1078 2891 1148 εὐορκίας
2931 1077 3143 1145 ἐκείνης
3188 1075 3486 1143 ,ἀθλιώτερον
3506 1073 3629 1134 ςἙνδν

2166 1169 2276 1239 γὰρ
2303 1168 2455 1239 αύτῷ
2477 1169 2809 1240 παρωθῆσαι
2840 1170 2966 1231 τοὺς
2994 1171 3184 1238 ὅρκους
3206 1166 3526 1238 εὐσεϐεστέρῳ
3541 1183 3630 1236 προ-

2166 1260 2430 1330 ϐλήματι,
2463 1263 2557 1314 καὶ
2588 1260 2852 1331 βασιλείῳ
2911 1262 3233 1331 φρονήματι,
3288 1260 3427 1329 κακῷ
3442 1261 3490 1311 τὸ
3518 1261 3632 1313 κακὸν

2181 1347 2573 1421 συνεπέρανεν.
2638 1372 2656 1403 ι
2692 1352 3048 1414 ’Δποστείλας
3103 1351 3206 1420 γὰρ
3250 1349 3631 1422 σπεκουλάτωρα,

2164 1440 2452 1493 ἐκέλευσεν
2501 1441 2899 1512 ἀποτμηθῆναι
2936 1433 3039 1509 τὴν
3068 1440 3296 1508 κεφαλὴν
3332 1439 3552 1503 Ἰωάννου,
3574 1440 3633 1491 καί

2163 1528 2389 1600 δοθῆναι
2419 1530 2497 1600 τῷ
2527 1531 2791 1601 κορασίῳ.
2830 1549 2851 1582 ι
2911 1524 3065 1589 Εἶδες
3116 1528 3329 1590 νωθείας
3374 1529 3457 1581 καὶ
3497 1529 3634 1596 raised-

2163 1640 2325 1692 τητος
2384 1624 2697 1695 ὑπερϐολήν
2746 1641 2762 1690 ;
2824 1623 2943 1677 Οὐκ
3000 1623 3106 1676 ἔδει
3167 1621 3351 1691 μᾶλλον
3396 1622 3634 1694 ἐπιορκῆσαι

2164 1712 2423 1783 καλῶς,ῆ
2463 1715 2651 1779 κακῶς
2689 1714 3032 1788 εὐορκῆσαι.
3064 1712 3357 1782 ψεύσασθαι
3402 1710 3633 1781 προφανῶς,

480 1802 901 1871 pollicitationis
931 1802 1161 1856 veniam.
1187 1808 1391 1870 petere,
1427 1812 1591 1870 quam
1622 1800 1774 1871 juste
1816 1815 1944 1855 vera
1974 1800 2057 1855 di-

2166 1805 2256 1859 καὶ
2309 1805 2408 1858 τοῦ
2457 1804 2741 1875 προφήτου
2808 1804 2887 1873 μὴ
2937 1803 3225 1872 seuseu;
3279 1800 3555 1870 συγγνώμην
3583 1802 3637 1853 at.

481 1905 693 1949 centem
730 1933 746 1957 .
827 1895 1094 1962 injustum
1158 1892 1297 1946 elﬁci
1360 1893 1643 1967 prophetat
1697 1895 2003 1948 occisorem
2038 1932 2054 1957 ,

475 1984 800 2054 justumque
831 1985 935 2039 sibi
969 1999 1233 2054 reponere
1258 1984 1531 2053 judicium
1558 2024 1573 2049 ,
1614 1997 1679 2037 ac
1710 1982 1848 2039 eliici
1883 1985 2055 2048 lilium

420 2100 435 2105 -
481 2075 783 2146 gehennae?
811 2076 868 2130 Si
903 2076 1127 2145 quidem
1154 2076 1299 2131 enim
1335 2076 1673 2144 postulasset
1705 2084 1766 2129 ut
1796 2078 1850 2129 in
1884 2075 2056 2130 Deum

480 2176 736 2238 peccaret
772 2175 827 2221 et
850 2166 998 2221 idola
1029 2171 1291 2238 erigeret,
1324 2169 1516 2238 eisque
1552 2169 1903 2224 subditorum
1932 2185 2058 2224 san-

481 2261 701 2331 guinem
734 2260 971 2327 libaret;
1007 2259 1280 2330 tiliosque,
1315 2274 1381 2314 ac
1426 2260 1604 2326 tilias,
1632 2269 1970 2330 matresque,
2002 2271 2058 2314 et

482 2350 706 2414 fratres.
746 2360 800 2407 et
832 2366 1032 2406 uxores
1056 2352 1285 2421 insuper
1313 2359 1580 2407 mactaret
1610 2368 1625 2407 :
1657 2352 1935 2422 quomodo
1976 2354 2061 2406 vir

481 2445 685 2499 stultus
701 2442 1096 2513 jusjurandum
1119 2444 1391 2514 superbis
1408 2444 1743 2525 depelleret?
1766 2444 2058 2510 Quomodo

480 2547 662 2592 autem
700 2536 753 2590 id
778 2536 1005 2591 auderet
1033 2536 1282 2605 implere,
1314 2552 1440 2590 eum
1471 2536 1658 2592 Judaaa
1688 2548 1834 2593 esset
1857 2535 2057 2591 Roma-

481 2628 569 2682 nis
603 2628 931 2693 tributaria,
993 2627 1153 2696 cujus
1203 2628 1323 2697 ipse
1360 2627 1730 2682 'tetrarcbiam
1782 2628 1921 2682 male
1964 2641 2059 2680 rex

478 2716 947 2772 administrabat?
980 2717 1049 2770 At
1106 2719 1199 2773 ille
1249 2719 1475 2788 quidem
1529 2719 1584 2773 in
1638 2719 1787 2773 hunc
1834 2722 2056 2775 modum

480 2809 767 2877 deceptus,
806 2809 1003 2878 puella:
1048 2810 1264 2864 miserae
1313 2812 1510 2879 laqueo
1562 2818 1761 2879 captus
1815 2820 1923 2865 est.
1960 2812 2061 2865 llla

483 2910 666 2954 autem
698 2915 824 2954 cum
877 2907 1029 2954 esset
1069 2901 1506 2955 instrumentum
1559 2900 1627 2954 ad
1663 2902 2057 2971 malignitatem

485 2992 791 3054 inventum,
823 2999 1113 3061 totamque
1153 2992 1208 3045 in
1267 3007 1326 3046 se
1362 2992 1559 3045 matris
1607 2993 1942 3047 malitiosum
1995 3009 2060 3049 ac

2158 1896 2323 1966 τῆσαι
2349 1894 2444 1948 τοῦ
2476 1895 2898 1966 παροράματος,
2933 1895 3078 1965 ἥπερ
3103 1892 3446 1964 ἀληθεύσαντα
3465 1890 3637 1953 δικαίως.

2160 1985 2343 2039 ἄδικον
2369 1986 2636 2056 φονευτὴν
2667 1985 3066 2056 ἀποδειχθῆναι
3096 1985 3395 2055 προφήτου,
3436 1981 3513 2035 καὶ
3560 1980 3638 2050 κρί-

2161 2093 2245 2130 σιν
2266 2075 2473 2130 ενδικον
2502 2075 2680 2147 ἑαυτῷ
2712 2075 3141 2146 ταμιεύσασθαι,
3190 2076 3280 2128 καὶ
3332 2072 3519 2140 γεέννης
3540 2069 3639 2137 γενέ-

2161 2165 2286 2219 σθαι
2343 2166 2585 2233 υἱόνςΕί
2635 2165 2745 2236 γὰρ
2818 2166 3032 2237 ᾔτησεν
3104 2164 3411 2234 ἐξαμαρτεῖν
3445 2164 3507 2224 είς
3538 2159 3637 2223 θεᾶν,

2159 2257 2259 2310 καί⁵
2304 2256 2499 2310 εἴδωλα
2533 2255 2752 2325 στῆσαι,
2780 2258 2879 2310 καὶ
2915 2258 3135 2309 σπεῖσαι
3164 2255 3361 2316 τούτοις
3388 2253 3552 2323 αἵματα
3572 2249 3638 2302 τῶν

2159 2348 2446 2419 ὑπηκόων·
2500 2349 2654 2412 υίούς
2681 2364 2761 2410 τε,
2792 2347 2895 2401 καὶ
2941 2347 3258 2417 θυγατέρας,
3314 2345 3400 2397 καὶ
3450 2342 3636 2414 μητέρας.

2161 2440 2252 2492 καὶ
2304 2437 2587 2508 ἀδελφοὺς,
2649 2439 2745 2492 καὶ
2792 2440 3071 2506 γυναῖκας
3129 2434 3509 2508 προσεπιθῦσαι,
3547 2430 3635 2493 πῶς.

2160 2532 2228 2586 ἂν
2258 2531 2387 2594 τοὺς
2410 2533 2502 2585 ἐπὶ
2527 2530 2738 2594 τούτοις
2763 2531 2969 2601 ὅρκους
2996 2532 3025 2582 ό
3056 2529 3277 2600 μάταιος
3324 2525 3637 2597 ἑξεκρούοατν;

2162 2623 2285 2686 Πῶς
2344 2622 2389 2675 δ’
2427 2622 2493 2676 ἂν
2564 2622 2664 2676 καλ⁵
2714 2621 2970 2692 πληροῦν
3041 2622 3238 2684 αὑτοὺς
3296 2616 3634 2686 κατετόλμησεν.

2172 2714 2463 2784 Ῥωμαίων
2522 2713 2691 2786 οὔσης
2720 2714 3008 2783 ὑποφόρου
3033 2712 3134 2782 τῆς
3179 2710 3436 2773 Ἰουδαίας,
3455 2704 3508 2779 ἧς
3532 2703 3634 2763 αὑτός

2158 2806 2478 2878 τετραρχῶν
2522 2806 2707 2870 κακῶς
2758 2805 3126 2870 ὲ6ασίλευεν;
3177 2802 3312 2855 Ἀλλ’
3340 2803 3365 2855 ό
3427 2801 3505 2869 μὲν
3544 2795 3635 2848 οὕτω

2161 2897 2475 2967 κεπφωθεὶς
2493 2898 2579 2962 ⁸⁸,
2635 2897 2742 2951 ὑπὸ
2797 2898 2978 2968 κόρης
3032 2896 3220 2956 ἀθλίας
3276 2888 3569 2961 ἑσαγηνεύθη.
3597 2883 3636 2936 Ἦ

2160 2991 2238 3057 δὲ,
2277 2989 2413 3060 πρὸς
2476 2990 2815 3060 κακουργίαν
2865 2990 3108 3060 ὄργανον
3161 2985 3493 3057 ὲξηυρημένον
3526 2978 3636 3045 tisip-

484 3083 809 3138 scelcratam
846 3092 1082 3135 mentem
1120 3082 1513 3151 expressisset.
1562 3097 1852 3152 personam
1882 3083 2059 3137 induit

2166 3099 2356 3152 χουσαν
2422 3082 2554 3152 ὅλην
2581 3099 2639 3134 τε
2676 3082 2774 3151 τῆς
2845 3082 3060 3153 μητρὸς
3108 3081 3193 3149 ἐφ’
3230 3078 3410 3146 ἑαυτὴν
3445 3069 3637 3184 ἀναμαξα·

484 3171 803 3238 creditoris,
865 3187 927 3225 ac
1010 3180 1271 3242 tanquam
1329 3173 1736 3243 indeprecabile
1816 3175 2062 3229 debitum

2173 3175 2311 3245 μένη
2360 3174 2462 3245 τὴν
2505 3173 2837 3227 κακάτεκνον
2866 3171 3127 3244 γνώμην,
3154 3168 3509 3244 χρεωφειλέτου
3536 3160 3639 3229 δῆθεν

484 3264 738 3333 exigens,
776 3262 916 3318 solvi
955 3266 1089 3333 petit
1123 3278 1154 3316 a
1185 3280 1312 3333 rege
1347 3283 1359 3320 :
1402 3284 1420 3315 ι
1457 3266 1533 3319 Da
1566 3266 1698 3319 milii
1752 3266 1842 3321 hic
1879 3268 2065 3322 statim

487 3356 542 3407 in
590 3355 745 3410 disco
786 3364 955 3425 caput
1009 3354 1242 3410 Joannis
1276 3357 1559 3427 Baptistae.
1601 3377 1619 3410 ι
1659 3358 1739 3412 Da
1789 3360 1942 3423 mihi,
1989 3361 2067 3414 in-

486 3445 630 3515 quit,
692 3444 809 3512 hic;
854 3446 1019 3516 idque
1066 3449 1274 3515 statim,
1336 3458 1391 3502 et
1431 3451 1484 3503 in
1528 3450 1693 3503 disco.
1722 3450 1861 3516 Quid
1904 3467 2067 3520 porro

487 3540 670 3596 dabo?
708 3541 827 3597 Non
861 3558 1092 3610 aurum,
1130 3544 1331 3614 inquit,
1385 3560 1493 3598 non
1545 3560 1801 3623 gemmas
1834 3546 2068 3615 pelluei-

487 3632 623 3699 das;
657 3650 767 3688 non
803 3637 848 3689 si
878 3637 1009 3706 quid
1044 3639 1194 3705 regia
1229 3633 1618 3705 Sumptuosum
1653 3637 1909 3693 babet'ac
1940 3654 2065 3708 pre-

487 3724 731 3791 tiosum;
769 3725 864 3780 sed
896 3737 1052 3793 caput
1084 3725 1314 3781 Joannis
1368 3727 1652 3797 Baptisms.
1692 3727 1835 3795 Quid
1886 3729 2067 3784 dicis?

487 3812 596 3868 D45
626 3823 812 3882 caput,
845 3815 992 3883 quod
1029 3818 1114 3870 vel
1157 3818 1260 3886 ipsi
1319 3826 1646 3871 reverentur
1690 3817 1906 3888 angeli?
1959 3817 2066 3874 Das

488 3917 653 3975 cupiti
686 3907 846 3971 illud,
876 3922 1043 3976 super
1076 3909 1369 3977 quodcum
1400 3907 1641 3963 Verbum
1668 3911 2064 3981 baptizaretur,

491 3995 732 4064 Spiritus
780 3996 835 4047 in
884 3996 1069 4063 specie
1118 3996 1387 4050 columbae
1428 3997 1773 4054 descendens
1819 4000 2067 4054 volavit?

492 4086 599 4141 Das
651 4100 749 4154 pro
812 4101 981 4155 parva
1039 4087 1339 4156 voluptatis
1393 4091 1843 4144 remuneratione
1898 4100 2066 4162 caput

491 4177 649 4237 illud.
684 4178 845 4246 cujus
904 4177 1131 4233 dextera
1169 4194 1294 4234 eum
1347 4180 1637 4250 baptizans
1704 4184 1798 4252 qui
1845 4185 2000 4240 sedet
2033 4200 2063 4240 a

490 4268 705 4325 dextris
732 4270 938 4336 Patris,
971 4273 1316 4327 sanctiﬁcata
1337 4274 1462 4329 est?
1490 4272 1666 4345 Caput
1702 4275 1838 4331 illud
1865 4277 2061 4333 nefarii

489 4362 604 4417 ludi
660 4364 931 4433 persolvis
968 4366 1299 4431 mercedem,
1338 4366 1499 4435 cujus
1537 4367 1725 4436 lingua
1756 4368 1810 4423 in
1841 4369 2061 4424 hodier-

2138 4292 2145 4299 ·
2166 4272 2359 4326 ίπτατο

2170 3266 2521 3337 ὑποκρίνεται
2581 3266 2873 3337 πρόσωπον
2907 3283 2922 3297 ·
2959 3267 3058 3319 καὶ
3087 3266 3272 3335 ὥσπερ
3314 3262 3449 3333 χρέος
3473 3254 3635 3325 ἀπαρτί-

2168 3372 2349 3422 τητον,
2382 3358 2526 3408 αίτεῖ
2579 3356 2729 3427 παρά
2761 3354 3034 3426 βασιλέως
3061 3358 3159 3428 τὴν
3194 3354 3389 3408 ἔκτισιν
3411 3369 3423 3382 ·
3456 3349 3567 3409 «Δός
3586 3338 3640 3413 ἔα

2168 3441 2271 3500 ὧδε
2312 3447 2371 3514 ἐξ
2406 3447 2573 3515 αὑτῆς
2635 3448 2729 3499 ἐπὶ
2780 3447 3000 3515 πίνακι,
3060 3447 3160 3518 τὴν
3214 3445 3434 3513 κεφαλὴν
3477 3440 3640 3493 Ίωὰννω

2165 3536 2261 3590 τοῦ
2292 3537 2622 3591 Βαπτιστοῦ.
2645 3538 2753 3604 Δός
2776 3554 2901 3607 μοι,
2925 3539 3125 3608 φησὶν,
3154 3533 3288 3600 ὧδε,
3318 3533 3473 3598 καὶὲξ
3503 3527 3643 3594 acuit.

2168 3629 2263 3681 καὶ
2321 3628 2420 3681 ἐπὶ
2475 3630 2708 3683 πίνακι.
2777 3629 3072 3695 Τίδὼσω;
3107 3632 3183 3685 Οὐ
3208 3629 3409 3703 χρυσὸν,
3454 3618 3644 3694 φησῖννθδ

2166 3717 2349 3782 λίθους
2404 3720 2684 3787 διαφανεῖς
2714 3738 2728 3752 ·
2778 3722 2879 3775 ούκ
2936 3722 2998 3775 εἴ
3031 3741 3085 3776 τι
3140 3722 3247 3775 τῶν
3275 3723 3328 3774 ἐν
3372 3714 3593 3790 βασιλείοις
3611 3708 3647 3760 τδ

2168 3808 2458 3873 πολυτελὲς
2509 3810 2643 3882 ἔχει,
2708 3814 2802 3865 καὶ
2848 3814 3042 3882 τίμιον
3077 3832 3092 3846 ο
3147 3813 3280 3868 ἀλλά
3322 3811 3409 3882 τὴν
3456 3803 3647 3874 κεφαλὴν

2179 3902 2465 3958 Ἰωάννου
2496 3904 2604 3959 τοῦ
2636 3907 3013 3963 Βαπτιστοῦ.
3047 3908 3114 3963 Τί
3167 3908 3364 3975 λέγεις;
3418 3902 3497 3971 τὴν
3534 3910 3646 3962 1‘?"

2165 3994 2264 4065 λὴν
2314 3994 2473 4059 δίδως
2503 3997 2571 4067 ἣν
2596 3998 2874 4052 αἰδοῦνται
2926 4003 3032 4055 καὶ
3090 4000 3306 4069 ἄγγελοι
3336 4016 3349 4064 ;
3393 3994 3579 4059 Ἐκείνην
3606 3987 3643 4037 σὲ

2164 4088 2321 4151 δίδως
2372 4089 2471 4160 τὴν
2506 4089 2773 4160 κεφαλὴν,
2802 4085 2870 4161 ἧς
2899 4091 3167 4163 ὑπεράνω
3211 4085 3553 4162 βαπτιζομένου
3586 4074 3642 4129 τα)

2163 4179 2359 4248 Λόγου,
2393 4180 2454 4234 τὸ
2478 4181 2705 4251 Πνεῦμα
2755 4184 2814 4233 ἐν
2854 4181 2994 4237 είδει
3054 4183 3376 4253 περιστερᾶς
3413 4173 3641 4241 καθιέμενον

2413 4290 2427 4337 ἱ
2484 4271 2705 4344 Ταύτην
2776 4273 3015 4346 ἀμοιϐήν
3075 4276 3278 4345 μικρᾶς
3331 4267 3500 4342 ἡδονῆς
3543 4259 3642 4317 65o;
3714 4268 3715 4305 ξ

2162 4365 2260 4436 τὴν
2290 4364 2556 4435 κεφαλὴν,
2586 4359 2655 4437 ἦς
2685 4367 2718 4435 ἠ
2742 4364 2916 4432 δεξιὰ,
2945 4368 3046 4419 τὸν
3068 4369 3135 4420 ὲκ
3162 4364 3347 4430 δεξιῶν
3390 4358 3470 4414 τοῦ
3502 4349 3641 4419 Πατρδς

490 4467 622 4506 num
676 4468 851 4522 usque
891 4452 1036 4508 diem
1095 4445 1209 4508 stat
1258 4455 1544 4509 clamans:
1580 4474 1598 4506 ι
1639 4455 1756 4510 Non
1798 4458 1924 4511 licet
1962 4461 2060 4513 tibi

2170 4456 2535 4527 καθεζόμενον
2569 4496 2584 4520 ,
2636 4456 2878 4527 ἡγιάσθη
2935 4456 3317 4528 ﬁam-(Coum;
3368 4451 3543 4517 ἐκείνην
3580 4440 3640 4530 τίὲν

490 4539 696 4595 habere
729 4530 955 4597 uxorem
989 4540 1221 4613 Philippi
1259 4542 1447 4598 fratris
1486 4545 1605 4599 tui?
1632 4563 1651 4596 ι
1686 4543 1799 4602 Hoc
1833 4554 2062 4619 tucapul

2171 4524 2416 4615 κεφαλην
2458 4524 2947 4616 μισθδννὰθεμίτουν
2996 4548 3221 4610 παιδιᾶς
3272 4524 3640 4598 ἀποτιννύειςιῆἶ

491 4629 590 4685 das
629 4632 683 4686 in
741 4632 902 4687 disco
955 4634 1174 4703 puella’,
1208 4635 1353 4703 quod
1394 4635 1486 4689 illa
1523 4645 1675 4690 tuum
1710 4651 1953 4693 amorem
2004 4640 2073 4694 ad

493 4723 788 4776 mtecbiam
827 4725 1167 4790 accenderit,
1201 4735 1255 4780 et
1284 4742 1382 4779 cor
1416 4727 1805 4785 saltationibus
1854 4731 2071 4784 saucia-

493 4810 675 4863 vcrit?
708 4808 850 4874 Quid
887 4812 1046 4879 lacis,
1095 4815 1309 4870 miser?
1349 4815 1715 4886 Ejusmodine
1770 4818 1884 4874 fers
1928 4820 2075 4890 leges

492 4911 629 4963 quas
661 4899 753 4967 qui
782 4909 989 4965 servat,
1024 4902 1231 4974 inique,
1266 4920 1329 4960 ac
1350 4907 1487 4977 legis
1512 4916 1895 4978 transgressor
1920 4912 2068 4981 agit?

492 4989 645 5045 Eane
699 4991 884 5058 sancis
918 5007 1041 5062 quae
1088 5007 1346 5065 separant
1398 5013 1428 5051 a
1485 4998 1610 5059 Deo.
1660 5008 1713 5054 et
1744 5001 1949 5069 quibus
1973 5001 2066 5070 jus

494 5081 752 5138 laeditur?
786 5083 943 5139 Unde
975 5084 1071 5139 tibi
1117 5087 1348 5160 impium
1396 5090 1501 5145 boc
1546 5106 1609 5145 ac
1641 5091 1918 5146 nefarium
1961 5094 2067 5148 sci-

490 5174 652 5230 tum?
694 5175 952 5243 Quaenam
990 5178 1156 5249 impia
1194 5181 1277 5234 lex
1309 5180 1424 5236 lucc
1473 5184 1791 5253 suggessit?
1837 5187 2022 5255 Apage
2049 5228 2064 5252 ,
2096 5260 2099 5261 ν

408 5352 417 5359 ἰ
492 5283 603 5324 non
636 5277 769 5325 sunt
805 5273 921 5325 haec
958 5270 1053 5327 Dei
1086 5273 1190 5327 mei
1224 5273 1364 5345 legis
1401 5313 1416 5337 ,
1468 5284 1562 5330 aut
1612 5275 1889 5331 Mosaicre.
1945 5276 2065 5332 Non

493 5359 757 5415 audivisti
775 5358 1196 5419 Proverbiorum
1219 5365 1550 5435 scriptorem
1575 5367 1845 5424 dicentem
1872 5388 1885 5424 :
1917 5387 1935 5420 ι
1972 5370 2065 5423 Li-

495 5446 623 5504 bera
664 5466 761 5507 eos
799 5454 890 5523 qui
946 5456 1301 5514 abducuntur
1352 5458 1418 5513 ad
1475 5466 1727 5527 mortem,
1755 5472 1815 5516 et
1847 5476 1945 5517 eos
1978 5462 2070 5531 qui

2168 4638 2203 4706 ἠ
2224 4636 2446 4704 γλῶσσα
2509 4637 2673 4709 μέχρι
2713 4638 2805 4689 καί
2836 4637 2931 4690 νῦν
2970 4638 3174 4709 ἕστηκε
3225 4636 3472 4709 κράζουσα
3497 4646 3509 4661 ι
3536 4622 3640 4677 ιυῦι

2166 4727 2378 4796 ἔξεστίν
2409 4746 2491 4783 σοι
2513 4729 2661 4800 ἔχειν
2700 4729 2799 4799 τὴν
2823 4732 3060 4798 γυναῖκα
3085 4731 3351 4783 Φιλίππου
3375 4723 3454 4779 τοῦ
3486 4710 3639 4784 ἀδικῶ

2171 4833 2304 4886 σου;
2339 4838 2357 4870 ι
2402 4818 2624 4889 Ταύτην
2686 4819 2843 4883 δίδως
2884 4822 2946 4873 σὺ
2975 4820 3074 4888 τὴν
3133 4818 3366 4889 κεφαλὴν
3411 4815 3485 4867 ἐπὶ
3517 4807 3642 4859 πίνακι

2173 4905 2252 4977 τῷ
2280 4907 2547 4978 κορασίῳ,
2615 4890 2817 4976 ἐπειδή·
2858 4923 2952 4961 σου
3015 4908 3155 4978 πρὸς
3198 4904 3427 4978 μοιχείαν
3472 4890 3641 4957 invii"

2172 4999 2263 5051 τὸν
2294 4998 2492 5069 ἔρωτα,
2521 4999 2619 5051 καὶ
2642 4997 2741 5069 τὴν
2769 4998 2999 5068 καρδίαν
3024 4999 3231 5069 ἔτρωσε
3262 4999 3373 5058 ταῖς
3400 4992 3637 5062 ὀρχήσεων

2173 5090 2239 5144 Τί
2268 5092 2465 5156 ποιεῖς,
2504 5088 2656 5144 ἄθλιε
2682 5107 2697 5156 ;
2728 5089 2969 5144 Τοιαῦτα
2992 5092 3321 5161 νομοθετεῖς,
3353 5082 3508 5153 ἀπερό
3529 5069 3637 5127 ποιῶν

2174 5184 2397 5253 ἀνομεϊ;
2449 5180 2673 5233 τοιαῦτα
2734 5180 3035 5246 θεσπίζεις,
3068 5181 3219 5234 ἆτοῦ
3275 5178 3399 5233 Θεοῦ
3444 5164 3632 5253 χωρίζεις

2176 5251 2287 5327 καὶὴ
2332 5271 2574 5324 λωϐᾶται
2621 5272 2682 5324 τὸ
2735 5270 2945 5325 δίκαιον
2997 5288 3013 5337 ;
3066 5271 3242 5326 Πόθεν
3299 5286 3374 5322 σοι
3419 5264 3470 5316 τὸ
3507 5251 3668 5312 ἀδεᾶ(

2175 5361 2334 5416 τοῦτο
2362 5362 2457 5415 καί
2484 5360 2745 5431 ἀθέμιτον
2771 5361 3099 5434 πρότταγμα
3121 5381 3136 5427 ;
3164 5363 3316 5424 Ποῖος
3336 5354 3505 5422 ἀσεϐὴς
3521 5343 3633 5438 coiit

2179 5454 2556 5525 ὑπηγόρευσεν
2610 5455 2816 5525 νόμος;
2861 5457 3097 5525 Ἀπαγε.
3155 5456 3229 5509 Οὑ
3274 5450 3360 5506 τοῦ
3396 5442 3507 5518 ἐμοῦ
3545 5435 3633 5488 θεοῦ

1768 5633 2005 5690 VARI/1'3
2033 5630 2440 5689 LECTIONES.

566 5714 610 5746 '°
642 5713 712 5768 ισ
735 5758 745 5767 .
763 5732 822 5769 κε
833 5719 1055 5787 κωφωθ.
