3790 6202
157 373 309 441 1129

1161 381 1241 440 IN
1276 382 1336 443 s.
1378 379 1703 442 JOANNIS
1734 368 2391 444 DECOLLATIONEM.

3276 381 3427 449 1130

155 489 361 556 ταῦτα,
411 491 445 560 ἢ
498 491 594 559 τῆς
647 489 893 555 Μωσέως
940 491 1285 562 νομοθεσίας.
1338 493 1452 546 Οὐκ
1504 493 1738 563 ἤκουσας

1926 495 2183 550 ciduntur
2226 493 2439 548 redime
2468 491 2532 545 ’ί
2593 506 2613 543 ι
2671 489 2730 546 Si
2791 490 2988 561 dicas:
3036 490 3235 549 Nescio
3286 495 3425 564 hoc;

155 581 257 634 τοῦ
304 578 716 650 Παροιμιαστοῦ
785 579 1032 649 λέγοντος
1066 598 1081 612 ε
1146 602 1164 632 ι
1204 580 1395 635 Ῥῦσαι
1457 582 1744 652 ἀπαγομέ-

159 692 288 739 νους
331 676 414 739 είς
475 676 737 739 θάνατον,
806 678 901 731 καὶ
968 675 1200 749 ἐκπρίου
1262 677 1643 747 κτεινομένους
1677 693 1738 741 ;»

174 765 302 819 Ἐἀν
356 767 520 839 εἴπης
555 783 569 797 ·
625 768 740 821 Οὐκ
794 763 910 821 οῖδα
963 768 1122 822 τοῦτο
1152 783 1168 798 ·
1204 768 1443 836 γίνωσκε
1501 767 1585 820 δτι
1631 766 1746 820 Κύ-

164 878 279 931 ριος
329 861 565 930 καρδίας
635 861 855 914 πάντων
918 859 1178 929 γινώσκει
1209 901 1223 924 ,
1283 858 1343 922 δς
1417 876 1435 909 ι
1472 855 1744 912 ἀποδώσει

163 953 383 1024 ἑκάστῳ
432 952 574 1009 κατά
596 951 666 1046 τά
694 951 832 1021 ἐργα
872 952 1059 1005 αὐτοῦ.
1092 971 1109 1000 ι
1146 948 1213 1004 Τί
1267 948 1451 1018 σαυτῷ
1491 948 1746 1016 συνάγεις

164 1044 301 1115 ῦλην
323 1042 464 1115 πρὸς
485 1038 683 1099 καῦσιν
710 1043 931 1097 αἰωνίου
966 1043 1137 1113 πυρός
1164 1060 1179 1107 ;
1223 1039 1405 1105 Ἀλλὰ,
1442 1057 1460 1091 ι
1490 1038 1592 1093 Διά
1616 1040 1745 1103 τοὺς

162 1137 363 1207 ὅρκους
395 1176 412 1203 ,
471 1134 637 1204 φησὶν
665 1177 680 1201 ,
710 1136 805 1189 καὶ
839 1136 968 1198 τοὺς
1033 1136 1527 1205 συνανακειμένους
1587 1134 1746 1188 τοῦτο

164 1227 326 1283 ποιῶ.
360 1247 380 1279 ι
457 1226 679 1291 Καλῶς.
743 1227 853 1280 Καὶ
898 1226 983 1291 τίς
1015 1227 1044 1279 δ
1101 1226 1434 1296 βιασάμενος
1476 1226 1536 1292 ἐξ
1567 1227 1746 1297 ἀρχῆς

162 1321 319 1375 τοῦτὸ
387 1336 447 1372 σε
490 1318 967 1388 καθυποσχέσθαι;
1008 1319 1105 1382 Τίς
1136 1318 1182 1371 δ’
1228 1319 1294 1373 ἀν
1339 1336 1399 1371 σε
1435 1318 1540 1372 κᾶν
1569 1320 1743 1371 ὁπωσ-

161 1414 254 1468 οῦν
288 1411 631 1477 ἀποδέξαιτο,
662 1411 697 1481 ἢ
728 1411 804 1474 ὡς
829 1410 891 1463 τὸ
938 1410 1104 1481 τυχὸν
1148 1410 1493 1465 ἐπαινέσειεν
1543 1410 1745 1481 δήπου-

162 1509 290 1572 θενς
343 1507 711 1579 Ἀπροόρατον
766 1506 874 1577 γάρ
911 1506 1006 1559 ἐπὶ
1048 1507 1156 1559 τῶν
1190 1505 1403 1577 ἀδήλων
1436 1506 1470 1577 ὴ
1505 1504 1622 1575 μεθ’
1654 1506 1747 1577 ὄρ·-

161 1611 259 1656 κου
305 1602 623 1670 ὑπόσχεσις,
670 1600 798 1652 ὅταν
832 1597 1072 1669 ἀκρίτως
1132 1598 1434 1668 ἐκφέρηται
1471 1596 1567 1651 τοῦ
1595 1596 1745 1666 λογι·

102 1746 111 1753 .
164 1695 303 1766 σμοῦ
337 1695 436 1766 τὴν
497 1693 590 1747 ἐπὶ
650 1693 855 1763 θάτερα
902 1690 1136 1761 βάσανον
1166 1692 1225 1745 οὐ
1280 1691 1558 1756 λαϐόντος,
1608 1691 1746 1763 πρὸς

162 1786 512 1851 συνεξέτασιν
535 1785 631 1838 τοῦ
663 1783 830 1838 καλοῦ
863 1784 958 1838 καὶ
990 1783 1085 1838 τοῦ
1115 1785 1379 1855 χείρονος.
1425 1786 1491 1839 Ὃ
1522 1776 1587 1857 δὴ
1616 1784 1746 1857 πρό-

1849 583 1995 640 seias
2073 581 2221 654 quod
2268 581 2537 636 Dominus
2595 579 2752 635 novit
2803 579 2969 634 corda
3004 584 3253 637 omnium
3293 585 3335 651 ί,
3374 594 3429 640 et

1855 692 1874 725 ι
1931 674 2126 730 reddet
2174 673 2475 745 tiliicuiqUe
2505 672 2813 729 secundum
2847 663 3024 744 opera.
3046 674 3224 743 ejus.“
3245 689 3262 722 ι
3286 674 3429 741 Quid

1848 766 1950 820 tibi
1978 766 2266 821 materiam
2296 766 2579 836 congeris,
2605 766 2671 819 ad
2704 766 2898 820 aeterni
2931 765 3077 835 ignis
3122 767 3431 838 conﬂagra-

1847 858 2089 912 tionem?
2112 858 2349 921 Verum,
2384 876 2402 909 ι
2434 855 2665 927 Propter
2691 857 3107 927 jusjurandum,
3143 858 3354 930 inquit,
3379 869 3433 915 et

1849 952 2015 1007 simul
2048 952 2465 1017 recumbentes,
2512 971 2530 1003 ι
2560 953 2664 1007 hoc
2697 951 2860 1007 facio.
2893 948 3060 1009 Bene.
3087 953 3222 1021 Quis
3254 957 3432 1011 enim-

1847 1057 1977 1100 vero
2007 1043 2258 1099 abinitio
2301 1045 2485 1115 coegit
2530 1044 2636 1100 hoc
2669 1042 2961 1113 polliceri?
2988 1046 3122 1111 Quis
3157 1056 3207 1102 te
3248 1057 3430 1101 autem

1851 1136 1963 1192 ulla
2021 1137 2239 1191 ratione
2294 1136 2604 1200 admiserit,
2662 1133 2757 1190 aut
2821 1137 3017 1192 leviter
3082 1139 3435 1194 laudaverit?

1851 1228 2153 1309 Improvisa
2203 1229 2352 1285 enim
2399 1238 2489 1285 res
2538 1238 2645 1293 est,
2693 1229 2748 1283 in
2799 1228 3029 1284 incertis
3071 1218 3433 1300 obscurisque

1849 1338 1973 1377 eum
2007 1322 2372 1393 jurejurando
2416 1323 2662 1394 praestita
2716 1322 3050 1392 promissio,
3109 1324 3155 1378 si
3210 1324 3433 1394 quando

1844 1417 2060 1488 judicio
2094 1433 2205 1473 non
2237 1412 2590 1475 discernente
2635 1417 2910 1488 proferas,
2958 1417 3108 1487 quod
3149 1419 3293 1472 ratio
3326 1434 3433 1474 non

1848 1512 2112 1582 utrinque
2145 1526 2402 1577 examen,
2445 1512 2513 1565 ad
2556 1512 2686 1567 boni
2742 1525 2807 1565 ac
2867 1510 2993 1564 mali
3049 1511 3433 1579 probationem

1816 1600 1821 1605 ’
1850 1606 2152 1676 acceperit.
2173 1591 2290 1660 lloc
2317 1606 2476 1675 prius
2505 1619 2726 1675 quoque
2740 1618 2844 1658 usu
2876 1603 3029 1658 venit
3051 1602 3281 1673 Jephtae,
3314 1619 3432 1657 rua-

1848 1713 1960 1770 gno
2013 1698 2094 1752 illi
2151 1712 2215 1752 ac
2268 1682 2472 1753 celebri
2528 1697 2673 1751 inter
2708 1694 2966 1758 Jndices,
3027 1695 3435 1750 inconsiderate

1818 1784 2073 1846 'voventi
2110 1804 2174 1844 ac
2204 1789 2338 1843 illud
2380 1787 2662 1858 pollicenti
2702 1785 2814 1841 Deo
2846 1786 2995 1857 quod
3048 1785 3265 1841 delectu
3299 1801 3434 1840 con-

158 1883 320 1949 τερον
369 1878 465 1931 καὶ
505 1876 719 1946 Ἰεφθάε
769 1868 1060 1940 πέπονθεν,
1110 1879 1138 1930 δ
1184 1878 1361 1947 μέγας
1408 1878 1465 1930 ὲν
1510 1879 1738 1948 Κριταῖς

1926 1883 1981 1946 ii,
2001 1897 2065 1936 ac
2098 1880 2351 1937 absentia
2379 1879 2644 1949 judicata:
2672 1878 2931 1943 rationis,
2958 1878 3434 1947 diseretionisque

159 1976 394 2040 ἐκεῖνος,
439 1974 532 2026 καὶ
582 1970 866 2042 διαϐόητος
894 2011 911 2038 ,
963 1969 1365 2036 ἀσυλλογίστως
1422 1968 1741 2037 εὐξάμενος,

157 2069 386 2122 κάκεῖνο
432 2065 552 2136 Θεῷ
594 2063 1079 2133 καθυποσχόμενος
1104 2105 1118 2128 ,
1161 2062 1196 2129 ,ὃ
1264 2062 1339 2133 μὴ
1392 2063 1635 2133 προϊδεῖν
1676 2061 1744 2115 δι’

156 2160 426 2223 ἀϐουλίας
470 2158 776 2228 δεδύνηται,
802 2157 870 2210 δι’
895 2155 1134 2227 ἐρημίαν
1179 2153 1273 2207 τοῦ
1297 2154 1626 2224 κεκριμένου
1656 2152 1745 2205 λό-

155 2270 281 2323 γου,
345 2252 440 2306 καὶ
462 2251 563 2320 τῆς
601 2250 730 2319 περὶ
765 2247 839 2301 τά
865 2246 1120 2318 πρακτέα
1145 2230 1239 2300 τοῦ
1269 2245 1361 2300 νοῦ
1390 2245 1739 2317 διακρίσεως.

160 2347 314 2401 Ἔδει
370 2338 465 2398 οὖν
521 2342 840 2413 σετῇκόρῃ
889 2340 1242 2411 ὀμομωκὸτα,
1307 2338 1656 2411 προδιορίσαι
1691 2356 1744 2392 τι

155 2439 258 2510 τῆς
317 2436 602 2508 ὀρχήσεως
652 2433 842 2499 ἄξιονο
870 2428 1084 2504 μὴ’γάρ
1139 2430 1240 2502 τὴν
1270 2429 1364 2483 τοῦ
1423 2430 1742 2501 Προδρόμου

158 2531 424 2602 κεφαλὴν,
462 2529 562 2600 τὴν
594 2526 781 2598 μηδενὶ
816 2524 1218 2595 παρισουμένην
1250 2523 1487 2598 πλούτῳ,
1518 2520 1744 2593 μισθαρ-

160 2628 253 2698 νία
309 2624 576 2694 ἀθεμίτου
620 2620 749 2682 θέας
777 2616 1068 2690 προέσθαι.
1113 2617 1179 2669 Τί
1227 2615 1337 2685 γάρ
1382 2631 1465 2667 σοι
1526 2612 1744 2682 βασιλεῖ

159 2717 506 2787 τυγχάνοντι,
566 2710 678 2764 τῶν
723 2708 940 2780 τιμίων,
990 2708 1024 2778 ἢ
1070 2706 1430 2777 κομψοτέρων
1496 2704 1743 2756 ἐλείπετο

161 2809 489 2879 ἀντιστῆσαι
521 2810 588 2877 τῇ
620 2802 938 2876 ὀρχηστρίδι
964 2802 1055 2855 τὸν
1089 2799 1279 2870 μισθὸν
1308 2799 1407 2869 τῆς
1423 2799 1739 2870 ὀρχήσεωςς

172 2901 338 2956 ’Δλλά
388 2897 590 2969 τρόπον
634 2898 822 2966 ἓτερον
855 2892 1083 2945 σεαυτοῦ
1110 2894 1200 2945 τὸν
1218 2892 1459 2961 ἔλεγχον,
1484 2893 1585 2960 τῆς
1612 2889 1744 2943 ἀθε-

165 2997 325 3067 μίτου
375 2991 575 3063 μίξεως
618 2986 1090 3050 ἁποσκυϐαλίξειν
1136 2985 1360 3049 ἐθέλων,
1412 2978 1626 3036 ἀνεῖναι
1672 2983 1740 3052 τῇ

162 3091 302 3162 κόρῃ
347 3087 681 3159 προέκρινας
729 3084 937 3134 ἐκεῖνον
992 3076 1318 3159 αἰτήσασθαι
1368 3076 1459 3129 τὸν
1509 3075 1739 3146 μισθὸν,

158 3184 273 3245 τὸν,
301 3181 379 3243 ὡς
407 3180 472 3232 σὺ
503 3176 682 3238 δοκεῖς
709 3215 725 3240 ,
766 3170 1100 3242 ἀναιροῦντα
1152 3170 1243 3222 τὸν
1285 3168 1503 3238 ἔλεγχον
1534 3186 1548 3198 ·
1593 3168 1652 3221 τὸ
1682 3167 1739 3221 δὲ

1852 1974 2021 2028 animi
2064 1974 2211 2029 circa
2252 1973 2485 2045 agenda,
2520 1972 2822 2040 praevidere
2852 1971 3213 2041 nequivisset.
3256 1970 3430 2041 Opor-

1850 2058 2006 2121 tebat
2037 2081 2170 2136 ergo
2219 2072 2307 2130 te,
2352 2064 2599 2134 jurando
2653 2064 2872 2133 puellae,
2930 2064 3179 2133 dignum,
3223 2063 3431 2132 aliquid

1849 2150 2147 2212 saltatioue
2191 2156 2488 2226 prmlinire,
2537 2169 2603 2209 ac
2654 2164 2783 2210 ante
2828 2155 3015 2210 animo
3056 2157 3428 2214 constituere:

1847 2246 2052 2303 nedum
2102 2246 2473 2302 Praecursoris
2530 2253 2702 2316 caput
2733 2286 2747 2307 ,
2809 2245 2978 2301 nullis
3029 2248 3429 2319 exmquandnm

1847 2336 2099 2404 divitiis,
2159 2324 2355 2393 nefarii
2419 2336 2728 2407 spectaculi
2804 2337 3116 2392 mercedem
3165 2320 3429 2408 prodere.

1847 2425 1991 2491 Quid
2024 2426 2170 2482 enim
2213 2426 2336 2494 tibi,
2373 2428 2471 2498 qui
2497 2442 2594 2482 rex
2626 2442 2802 2491 esses,
2839 2428 3145 2497 pretiosum
3191 2438 3285 2483 aut
3316 2446 3432 2483 ma—

1846 2516 2109 2589 gniﬁcum
2142 2518 2352 2582 deerat,
2384 2518 2531 2588 quod
2564 2518 2835 2574 saltatrici
2871 2519 2926 2572 in
2976 2519 3281 2573 mercedem
3322 2521 3433 2573 sal-
3486 2514 3495 2525 '

1846 2603 2078 2664 tationis
2114 2600 2711 2677 rependeres?Verum
2759 2610 2885 2664 enm
2940 2596 3049 2663 alio
3101 2611 3265 2664 modo
3298 2625 3328 2663 a
3378 2618 3431 2662 le

1846 2698 2018 2753 velles
2045 2699 2329 2769 projicere
2357 2700 2555 2755 nefarii
2587 2701 2923 2756 concubitus
2944 2701 3388 2756 criminationem
3413 2743 3427 2763 .

1846 2792 2089 2847 maluisti
2118 2794 2435 2861 permittere
2460 2794 2656 2863 puella:
2690 2801 2750 2847 ut
2773 2808 2893 2849 eam
2934 2792 3244 2848 mercedem
3280 2801 3430 2863 pete-

1844 2886 1951 2951 ret,
2022 2900 2143 2956 qua:
2201 2892 2298 2939 tuo
2345 2885 2559 2952 indicio
2620 2886 3114 2954 reprehensionem
3175 2886 3427 2941 ablatura

1845 2985 1995 3034 esset
2026 2995 2039 3031 :
2072 2964 2235 3049 caput
2281 2978 2539 3031 nimirum
2572 2974 2804 3032 Joannis
2837 2976 3135 3049 Baptistae,
3173 2980 3332 3049 cujus
3369 2987 3427 3032 tu

1846 3062 2128 3138 prophetae
2156 3068 2378 3122 occisor
2416 3067 2570 3122 fuisti
2601 3085 2616 3134 ;
2655 3075 2854 3137 prmtcr
2882 3069 3108 3139 quidem
3138 3055 3429 3141 exspecta-

1848 3164 2094 3228 tionem;
2125 3171 2179 3215 at
2214 3178 2321 3217 non
2358 3162 2679 3217 inconsulto
2725 3162 2859 3233 (Ἠ),
2907 3162 3149 3233 duplicis
3204 3164 3430 3221 sceleris

159 3272 251 3347 ἦν,
281 3276 319 3344 ἡ
343 3269 440 3325 τοῦ
478 3265 787 3322 Βαπτιστοῦ
823 3263 1072 3335 κεφαλή·
1106 3256 1168 3316 οὗ
1198 3263 1263 3314 σὺ
1303 3258 1738 3331 προφητοκτόνος

1926 3261 2078 3307 ectus
2130 3267 2283 3317 reus,
2333 3252 2591 3306 adulterii
2640 3253 2850 3307 scilicet
2884 3268 2950 3307 ac
2985 3254 3307 3322 homicidii;
3365 3273 3431 3311 ac

159 3370 429 3438 γέγονας,
473 3360 899 3433 ἀπροσδοκήτως
952 3357 1050 3427 μὲν
1082 3394 1098 3419 ,
1160 3354 1261 3407 οὐκ
1317 3352 1633 3421 ἀϐουλήτως
1666 3351 1743 3413 δὲ,

158 3462 316 3516 δυσὶν
388 3457 552 3520 ἁλοὺς
601 3454 974 3523 ἀτοπήμασιν,
1030 3447 1252 3518 μοιχείᾳ
1300 3446 1394 3498 καὶ
1439 3442 1744 3514 μιαιφονίᾳ,

157 3555 257 3609 καὶ
286 3551 369 3623 τῷ
401 3549 610 3620 χείρονι
669 3541 1094 3606 συναντεισάξας
1137 3539 1200 3592 τδ
1243 3538 1536 3610 χείριστον.
1592 3534 1685 3597 Τίς
1713 3535 1746 3603 ἠ

157 3646 404 3714 τοσαύτη
456 3638 797 3711 παραφορά;
855 3635 953 3698 Τίς
1002 3650 1087 3686 σοι
1128 3634 1157 3685 ὁ
1188 3630 1248 3683 τὸ
1294 3628 1468 3691 οὕτως
1512 3642 1748 3698 προσκε-

159 3737 462 3810 κρουκέναι
520 3731 661 3801 Θεῷ,
696 3729 794 3783 καὶ
846 3727 1013 3797 φονᾷν
1044 3726 1102 3778 ἐν
1137 3723 1258 3794 ὥρᾳ
1287 3719 1499 3791 τρυφῆς
1543 3716 1745 3770 ὑποθέ-

234 3848 324 3893 νοξ
346 3848 365 3893 ἶ

162 3850 445 3977 “lisfuit
480 3917 578 3989 μὲν
622 3914 731 3985 ᾤου
773 3911 866 3964 τὸν
902 3905 1217 3974 Βαπτιστὴν
1265 3899 1515 3973 ἀναιρῶν
1549 3904 1746 3953 συναν-

160 4019 420 4088 αιρήσειν
481 4008 636 4078 αὐτῷ
662 4006 758 4060 καὶ
799 4004 896 4058 τὸν
954 4001 1208 4070 ἔλεγχον·
1240 3998 1271 4050 δ
1302 3996 1379 4088 δὲί
1428 3994 1539 4088 καὶἈ
1576 3993 1749 4061 τάφον

161 4082 353 4174 οἰκιῦν,
394 4105 501 4161 κᾶν
524 4101 631 4157 ὑπὸ
658 4100 766 4169 γῆν
794 4096 1126 4168 κρύπτηται,
1161 4090 1315 4144 οὐδὲν
1341 4082 1747 4174 ἦττονὺποφω-

166 4206 248 4259 νεῖ
280 4173 365 4254 σοι
383 4197 478 4250 τὸν
501 4194 746 4262 ἔλεγχον.
779 4186 984 4249 Διττῶς
1019 4184 1112 4235 ἐπὶ
1154 4181 1352 4243 διττοῖς
1404 4179 1517 4240 τοῖς
1552 4173 1749 4245 ἐγκλίμ

165 4310 335 4368 μασιν
362 4284 657 4344 καταϐοῶν
688 4297 784 4335 σου
813 4277 916 4347 τῆς
957 4273 1344 4347 ματαιότητος.
1368 4268 1512 4368 -ᾯου
1538 4266 1619 4330 δὲ,
1653 4264 1749 4368 καὶ

254 4384 430 4446 πάθος
457 4379 721 4435 ἀνάπτειν
774 4370 1131 4441 σφοδρότερον
1162 4367 1229 4434 τῇ
1263 4362 1475 4416 ἐκείνου
1537 4359 1746 4428 σφαγῇ,

160 4479 254 4534 τόν
280 4494 341 4532 τε
363 4470 587 4543 οἶστρον
632 4462 913 4528 ἐπαύξειν,
940 4460 1033 4513 καλ⁵
1065 4457 1163 4529 τὴν
1194 4455 1390 4526 ἡδονὴν
1417 4450 1748 4521 άναφλέγειν

163 4571 362 4643 ἀϐρότε
371 4582 485 4640 ρον.

230 4756 346 4812 Καὶ
397 4749 591 4804 τούτου
641 4742 807 4810 δεῖξις
861 4736 1068 4807 ἀληθὴς
1109 4774 1125 4799 ,
1165 4731 1227 4784 τδ
1271 4728 1345 4799 μὴ
1409 4724 1607 4781 αὐτίκα
1650 4722 1750 4792 μὲν

159 4848 455 4920 ἀπομύσαι
506 4840 576 4894 τὰ
635 4832 751 4891 ὦτα
811 4830 949 4903 πρὸς
1007 4826 1152 4920 τὴνῌ
1186 4819 1484 4920 ἀπευκτὴν,
1531 4814 1787 4920 ἐκείνην⁶

156 4909 486 5006 ἀπαίτησιν,
522 4930 618 4985 καλ⁵
660 4926 856 4980 θᾶττον
902 4918 1282 4989 ἁποπηδῆσαι,
1340 4909 1655 5006 σχετλιάσαι
1688 4924 1746 4961 τε

154 5037 232 5107 τῷ
262 5003 717 5101 ἀσκαρδαμύκτῳ
766 5022 867 5089 τῆς
911 5012 1263 5107 ὀρχηστρίδος
1300 5008 1584 5107 ὁρμηματι
1610 5003 1745 5107 δυσ-

157 5094 492 5200 φορήσαντα
520 5094 539 5150 ’ν
598 5116 742 5187 μέγα
776 5129 836 5165 τε
877 5101 1322 5200 προσοῖνοιμιῦξαι
1343 5141 1358 5166 ,
1388 5098 1509 5200 ,Ἰοῦ
1539 5137 1554 5160 ,
1582 5094 1710 5200 βίου.
1729 5133 1744 5158 ,

459 5213 508 5265 εί
540 5207 797 5276 τοιαύτης
845 5200 957 5270 ἐγὼ
1000 5194 1259 5287 βραχείας
1316 5191 1411 5246 καὶ
1458 5189 1748 5287 οὲτιδαῖῇς

155 5274 432 5380 τέρψεως,
463 5301 656 5377 μισθὸν
709 5274 1028 5369 τηλικοῦτον
1080 5286 1432 5357 προήσομαιο
1463 5274 1526 5334 οῦ
1580 5278 1749 5348 μηδὲν

204 5503 227 5528 α
251 5488 581 5542 Pronum,
615 5477 706 5531 ll.
787 5473 806 5510 ί
842 5472 958 5524 Act.
1000 5482 1042 5530 ι,
1073 5465 1166 5518 ει.
1277 5464 1301 5491 ⁸³
1328 5458 1487 5514 Rom.
1556 5471 1619 5519 ιι,
1652 5452 1704 5507 6.

1851 3357 1959 3396 una
1999 3357 2124 3395 eum
2157 3340 2322 3407 malo,
2358 3341 2411 3394 id
2442 3342 2716 3396 inducens
2744 3341 2893 3412 quod
2925 3343 3088 3413 longe
3125 3347 3428 3413 pessimum
3510 3404 3523 3409 ,

1849 3440 2018 3487 esset.
2055 3431 2318 3497 Quaenam
2351 3438 2505 3485 tanta
2548 3431 2662 3484 haec
2708 3430 3029 3486 dementia?
3063 3430 3200 3496 Quis
3251 3440 3302 3487 te
3344 3434 3430 3486 in-

1851 3523 2007 3578 duxit
2039 3531 2099 3577 ut
2137 3521 2224 3576 sic
2256 3520 2423 3576 Deum
2455 3507 2788 3588 offenderes,
2822 3521 3144 3591 caedemque
3178 3530 3431 3591 patrares

1851 3627 2095 3688 tempore
2130 3614 2371 3669 laztitim‘.’

1925 3874 2004 3944 Ac
2051 3884 2110 3943 tu
2158 3874 2377 3958 quidem
2404 3872 2787 3949 arbitrabaris,
2821 3873 3069 3936 tollendo
3125 3880 3196 3936 de
3251 3858 3433 3936 medio

1850 3964 2317 4052 Baptistam,'una
2349 3990 2477 4030 eum
2507 3989 2575 4029 eo
2607 3971 3101 4044 reprehensionem
3132 3985 3352 4042 quoque
3379 3980 3434 4023 te

1851 4074 2203 4132 sublaturum
2228 4084 2350 4126 esse
2378 4088 2392 4124 :
2424 4075 2479 4121 at
2510 4066 2603 4122 ille
2640 4063 2860 4120 tametsi
2905 4063 3217 4133 sepulcrum
3278 4063 3437 4117 habi-

1852 4178 2014 4232 tans;
2059 4163 2280 4221 tametsi
2312 4163 2445 4218 latet
2488 4159 2591 4215 sub
2628 4166 2805 4222 terra,
2844 4156 2983 4212 nihil
3024 4164 3078 4211 te
3125 4156 3310 4211 minus
3350 4171 3435 4208 re.-

1853 4258 2180 4333 prebendit;
2250 4253 2461 4326 duplici
2536 4252 2700 4305 titulo
2754 4264 2856 4320 pro
2929 4248 3137 4318 duplici
3198 4248 3435 4303 crimine

1854 4354 2119 4409 adversus
2155 4359 2307 4404 tuam
2332 4342 2687 4400 conclamans
2712 4339 3036 4393 vanitatem.
3060 4337 3434 4392 Existimabas

1852 4460 1985 4501 vero
2018 4444 2168 4497 illius
2209 4448 2262 4494 te
2303 4435 2474 4500 crede,
2508 4429 2897 4489 vehementius
2931 4443 3295 4483 accensurum
3350 4429 3435 4480 vi-

1782 4576 1828 4635 D
1857 4541 1986 4598 tiosi
2011 4537 2239 4593 allectus
2271 4528 2571 4595 ﬂammam,
2621 4534 2968 4592 uestrumque
3003 4522 3207 4601 amoris
3240 4528 3436 4576 auctu-

2209 4626 2224 4635 .
2314 4632 2323 4635 _
2370 4631 2381 4635 _
2556 4633 2566 4635 _
2725 4614 3193 4635 ,ΛΨ-,μηνῶ-

1859 4648 2007 4695 rum,
2041 4644 2106 4683 ac
2138 4626 2477 4693 voluptatem
2510 4619 2695 4674 acrius
2725 4614 3222 4682 inﬂammaturpm.

1928 4722 2106 4790 Hujus
2134 4725 2317 4772 autem
2342 4715 2420 4769 rei
2460 4720 2711 4782 apertum
2746 4705 3014 4762 indicium
3043 4714 3127 4761 est
3155 4704 3300 4775 quod
3325 4719 3434 4759 non

1858 4814 2051 4871 statim
2086 4810 2154 4866 ad
2194 4802 2620 4862 abominandam
2679 4799 2826 4854 illam
2876 4797 3207 4868 petitionem
3270 4810 3435 4849 aures

1856 4900 2225 4964 ohstruxeris,
2258 4912 2436 4968 neque
2467 4896 2579 4951 cito
2604 4890 2897 4957 resilieris,
2919 4888 3433 4959 deploraverisque,

1855 5013 2000 5070 aegre
2036 4994 2225 5051 ferens
2255 4988 2630 5059 impudentem
2661 4982 2964 5042 saltatricis
3012 4980 3432 5070 appetitionem,

1856 5069 1960 5147 nec
2008 5084 2167 5142 valde
2219 5081 2539 5152 ejulaveris,
2587 5078 2830 5134 dicens:
2863 5075 3003 5141 Heu,
3050 5073 3189 5128 eheu
3231 5084 3341 5137 me,
3386 5069 3433 5123 si

1854 5192 1964 5238 tam
1993 5178 2199 5242 brevis,
2229 5183 2454 5244 tamque
2483 5170 2690 5245 nullius
2723 5165 2991 5245 momenti
3024 5159 3431 5221 delectationis,

1857 5281 2065 5329 tantam
2103 5242 2386 5323 tradidero
2425 5242 2777 5326 mercedem;
2816 5242 2907 5312 cui
2951 5253 3159 5309 nullius
3191 5252 3247 5305 in
3281 5247 3431 5318 regia

1480 5541 1871 5606 COMBEFlSll
1911 5538 2143 5599 NOTAE.

233 5678 350 5752 (Ἃ)
388 5677 457 5729 At
506 5660 967 5750 nonjnronsulto.
1178 5642 1747 5752 ξξῖνὶλήξιέεςηξέιοιωὲξ

165 5716 829 5813 rnéﬁ’e'a"pé3uiié§ione
868 5729 1142 5813 ignoratio
1167 5738 1345 5813 ‘quam
1372 5716 1748 5813 lnostJrint‘he‘o:

165 5789 765 5890 ίϐξίέοῆεἷιιιῖίοιίιεηι
817 5789 1036 5855 vocant.
1084 5789 1312 5850 Volebat
1344 5789 1640 5862 siquidem,
1683 5798 1748 5838 ac

448 5913 717 5974 PATROL.
748 5900 863 5962 GR.
895 5894 1130 5957 XCVII.

1857 5640 2079 5695 modum
2108 5634 2393 5706 quaerebat
2432 5610 2794 5706 interﬁciendi
2829 5624 3134 5706 Joannem;
3162 5620 3306 5678 haud
3344 5627 3434 5692 ta-_

1857 5694 1980 5765 men
2014 5724 2076 5765 ea
2107 5694 2403 5763 occasione
2436 5697 2875 5757 interficiendum
2908 5694 3157 5767 putabat.

2966 5856 3133 5919 36-
