3790 6202
410 284 547 352 1119
1572 287 1636 347 S.
1678 282 2006 346 ANDREE
2046 279 2471 342 CRETENSIS
3077 349 3081 352 ,
3481 279 3578 346 11!}

406 401 521 456 ﬁlia
574 400 752 472 ipsius
809 397 1164 461 Herodiadis,
1200 406 1255 453 et
1280 397 1562 464 saltasset,
1592 403 1650 451 et
1681 396 1899 466 placuis

2091 392 2192 463 τῆς
2216 390 2535 452 Γαλιλαίας.
2572 388 2679 442 Καὶ
2702 388 3063 459 εἰσελθούσης
3087 386 3182 457 τῆς
3206 386 3439 463 θυγατρὸς
3459 395 3580 468 αὐτῆς

405 490 633 555 Herodi,
666 492 942 559 simulque
974 490 1464 551 recumbentibus,
1521 503 1616 542 rex
1645 490 1725 543 ait
1753 488 1901 558 puell

2092 483 2195 552 τῆς
2260 480 2615 553 Ἡρωδιάδος,
2672 481 2763 535 καὶ
2815 483 3234 551 ὀρχησαμένης.
3264 481 3347 533 καὶ
3374 483 3582 558 ἀρεσάσης

404 577 540 639 Pete
570 598 601 637 a
635 596 724 637 me
774 582 922 651 quod
954 581 1056 645 vis,
1089 590 1145 637 et
1175 582 1322 636 dabo
1362 582 1483 648 tibi,
1514 596 1693 652 usque
1723 579 1794 633 ad
1826 579 1901 634 dit

2090 572 2169 642 τῷ
2216 570 2454 643 Ἡρώδῃ,
2490 571 2589 624 καὶ
2617 572 2721 634 τοῖς
2751 570 3258 656 συνανακειμένοις,
3282 565 3411 625 εἶπεν
3431 577 3455 627 ὁ
3473 574 3583 643 βασι.

404 674 556 727 dium
619 674 775 743 regni
817 673 944 729 mei.
982 672 1142 729 Unde
1186 690 1316 730 cum
1352 675 1676 742 juramento
1706 674 1901 744 pollicil

2092 664 2220 728 λεὺς
2246 664 2325 734 τῷ
2342 663 2609 734 κορασίῳ·
2635 662 2864 733 Αἴτησόν
2890 680 2955 733 με
2989 662 3018 716 ὃ
3054 663 3150 715 ὲάν
3180 661 3350 733 θέλῃς,
3379 665 3454 717 aui
3473 666 3586 720 δώσω

403 773 489 820 εει
506 765 556 820 ei
579 765 709 819 dare
732 764 1006 835 quidquid
1055 767 1414 835 postulasset.
1449 767 1586 834 Qua:
1606 782 1735 822 cum
1758 767 1900 823 exis:

2099 774 2206 823 σοι,
2230 754 2336 819 ἕως
2358 754 2595 825 ἡμίσους
2611 753 2709 824 τῆς
2728 754 3007 824 βασιλείας
3034 769 3159 822 μου.
3188 751 3340 804 Ὅθεν
3357 754 3454 822 μεθ’
3471 756 3586 826 ὅρκου

402 854 544 910 dixit
575 857 736 908 matri
772 872 930 911 suae:
960 855 1103 922 Quid
1130 859 1351 927 petam?
1382 860 1453 912 At
1477 858 1570 912 illa
1601 857 1742 913 dixit
1776 858 1899 927 :Ca]

2094 847 2456 917 ὡμολόγησεν
2514 845 2656 917 αὐτῇ
2722 844 2909 899 δοῦναι
2967 845 2997 898 ὃ
3050 847 3146 899 ὲάν
3172 846 3455 915 αἰτήσηται.
3484 849 3589 906 Ἦᾶ

401 943 632 1002 Joannis
663 946 946 1017 Baptistae.
969 946 1220 1018 Cumque
1255 950 1545 1005 introisset
1563 951 1749 1005 statim
1769 965 1893 1005 cum

2096 937 2413 1003 ἐξελθοῦσα,
2463 932 2618 991 εἶπεν
2676 939 2745 1007 τῇ
2799 936 2971 1008 μητρὶ
3012 937 3209 1005 αὐτῆς.
3243 937 3304 991 Τί
3333 939 3587 1009 αἰτήσομαις

403 1038 709 1093 stinatione
729 1039 794 1093 ad
828 1056 1035 1108 regem,
1062 1041 1431 1111 petiitdicens
1460 1042 1631 1097 :Volo
1660 1041 1900 1112 utprotit

2107 1029 2170 1082 Ἠ
2188 1028 2244 1082 δὲ
2275 1024 2434 1081 εἶπεν
2456 1045 2472 1060 ·
2502 1027 2613 1099 Τὴν
2641 1026 2891 1097 κεφαλὴν
2934 1026 3183 1081 Ἰωάννου
3215 1028 3304 1082 τοῦ
3335 1030 3591 1086 Βαπτιποῧ.

404 1127 501 1182 des
534 1129 665 1182 mibi
703 1132 758 1184 in
790 1130 947 1185 disco
977 1139 1141 1198 caput
1165 1131 1402 1188 Joannis
1447 1132 1730 1204 Baptistae.
1760 1133 1826 1188 Et
1857 1150 1901 1189 c1

2098 1121 2208 1175 Kal
2235 1119 2561 1174 εἰσελθοῦσα
2586 1119 2793 1182 εὐθέως
2851 1117 2993 1189 μετὰ
3023 1118 3251 1188 σπουδῆς
3278 1121 3401 1190 πρὸς
3428 1122 3502 1175 τὸν
3530 1121 3595 1191 βαι

407 1220 665 1273 tristatus
698 1229 783 1274 est
818 1236 913 1274 rex
947 1237 960 1272 :
997 1232 1218 1290 prepter
1235 1222 1635 1293 jusjurandum
1668 1232 1724 1279 et
1765 1237 1904 1294 prop

2100 1215 2269 1279 σιλέα,
2305 1213 2548 1284 ᾐτήσατο
2576 1212 2842 1281 λέγουσα·
2869 1210 3023 1264 Θέλω
3051 1211 3137 1264 ἵνα
3185 1229 3271 1281 μοι
3297 1212 3394 1283 δῷς
3414 1211 3464 1277 ἑξ
3476 1215 3597 1280 αὐτῆς

404 1309 1025 1376 simuldiscumbenles,
1056 1313 1375 1368 noluiteam
1405 1313 1643 1383 rejicere
1678 1314 1901 1369 :missot

2096 1304 2190 1356 ἐπὶ
2243 1302 2438 1356 πίνακι
2496 1302 2599 1371 τήν
2631 1301 2882 1370 κεφαλὴν
2920 1299 3168 1353 Ἰωάννου
3219 1300 3306 1353 τοῦ
3338 1302 3593 1358 Hammo}.

410 1399 598 1452 statim
656 1401 1020 1469 spiculatore,
1057 1404 1321 1474 praecepit
1358 1404 1542 1460 aﬂ‘erri
1584 1413 1749 1477 caput
1780 1404 1901 1474 ejus

2102 1396 2207 1449 Καὶ
2240 1396 2544 1466 περίλυπος
2598 1394 2902 1464 γενόμενος
2946 1395 2976 1446 ὁ
3014 1392 3281 1463 βασιλεὺς,
3317 1392 3397 1447 διὰ
3422 1396 3599 1465 τοῦςὸρ-

404 1490 579 1545 disco.
641 1491 848 1563 llleque
882 1495 1076 1551 abiens
1125 1496 1431 1551 decollavit
1460 1511 1585 1553 eum
1635 1498 1691 1552 in
1741 1512 1901 1552 carce

2102 1505 2227 1553 κους
2255 1488 2505 1551 καὶτοὺς
2546 1485 3077 1556 συνανακειμένους,
3128 1486 3224 1537 οὐκ
3268 1484 3498 1556 ἠθέλησεν
3520 1488 3599 1541 ἀθε-

406 1591 461 1636 et
488 1583 673 1637 attulit
693 1562 860 1653 caput
892 1584 1016 1655 ejus
1041 1587 1095 1639 in
1125 1586 1309 1653 disco;
1336 1595 1390 1642 et
1412 1588 1562 1642 dedit
1597 1588 1729 1641 illud
1755 1588 1897 1658 puell

2103 1580 2260 1649 τῆσαι
2319 1580 2534 1649 αὑτήν·
2598 1578 2695 1631 καὶ
2745 1578 2957 1641 εὐθέως
3014 1576 3330 1640 ἀποστείλας
3371 1578 3600 1631 σπεκουλὰο

404 1682 461 1728 et
508 1674 689 1753 puella
728 1675 882 1731 dedit
934 1678 1096 1732 matri
1130 1694 1248 1734 sua:
1287 1680 1330 1732 ί.
1374 1698 1392 1732 ι
1430 1678 1474 1733 Ο
1514 1680 1749 1736 acerbos
1780 1689 1901 1733 nata

2103 1688 2267 1741 τωρα,
2329 1669 2593 1736 ἐπέταξεν
2640 1669 2935 1739 ἐνεχθῆναι
2969 1669 3067 1737 τὴν
3098 1667 3336 1747 κεφαλὴν
3374 1668 3528 1721 αὑτοῦ.
3562 1669 3600 1721 '0

406 1781 471 1820 ac
528 1781 743 1822 caenam
794 1768 942 1823 caede
987 1771 1228 1838 plenam!
1276 1773 1435 1826 Hunc
1470 1773 1566 1826 tibi
1609 1773 1723 1841 ipse
1754 1788 1903 1826 serva

2104 1762 2151 1816 δὲ
2175 1754 2430 1816 ἀπελθὼν
2461 1759 2875 1830 ἀπεκεφάλισεν
2910 1758 3081 1829 αὐτὴν
3116 1759 3173 1811 ὲν
3218 1744 3283 1829 τῇ
3314 1760 3513 1829 φυλακῇ,
3537 1762 3601 1812 καὶ

406 1858 711 1913 honorem?
741 1857 854 1915 Has
914 1868 1010 1915 tuo
1044 1862 1215 1917 natali
1282 1863 1520 1919 intulisti
1558 1864 1831 1919 delicias?
1858 1864 1899 1918 T

2105 1856 2327 1926 ήνεγκεν
2355 1854 2454 1925 τὴν
2484 1854 2731 1924 κεφαλὴν
2761 1850 2936 1906 αὐτοῦ
2995 1852 3090 1903 ἐπὶ
3116 1851 3320 1915 πίνακι,
3347 1851 3430 1905 καὶ
3459 1852 3602 1904 ἔδωκεν

405 1951 504 2005 tibi
548 1953 754 2015 parasti
797 1953 1156 2008 convivium?
1196 1954 1342 2010 lisne
1402 1954 1626 2011 liuentis
1673 1956 1902 2025 sanguin

2106 1942 2260 2012 ιύτὴν
2289 1942 2367 2013 τῷ
2390 1944 2637 2014 κορασίῳ
2664 1961 2678 1973 ·
2710 1943 2810 1996 καὶ
2844 1943 2909 1996 τὸ
2940 1944 3196 2013 κοράσιον
3213 1942 3461 1996 ἐπέδωκεν
3483 1943 3603 2013 αὐτὴν

406 2057 622 2097 cenam
657 2044 909 2097 convivis
944 2052 1257 2115 temperare
1291 2047 1584 2102 habuisti?
1624 2047 1717 2101 Sic
1749 2046 1903 2102 bono

2105 2037 2158 2105 πῇ
2192 2036 2363 2107 μητρὶ
2395 2037 2589 2107 αὐτῆς.
2626 2055 2644 2087 t
2678 2037 2741 2088 Ὢ
2768 2037 3041 2104 γενεσίων
3077 2036 3311 2105 πικρῶν,
3336 2038 3421 2088 καὶ
3444 2035 3602 2087 δείπνου

406 2134 479 2188 sti
528 2133 805 2196 tribunos,
857 2146 1079 2205 tamque
1111 2137 1347 2208 benigne
1405 2139 1674 2209 excepisti
1735 2140 1903 2192 amiet

2104 2126 2256 2195 ,οόνου
2284 2126 2486 2198 μεστοῦ
2517 2130 2531 2181 l
2562 2126 2784 2197 Ταύτην
2809 2127 3028 2197 σεαυτῷ
3046 2128 3344 2198 τετήρηκας
3371 2127 3451 2195 τὴν
3470 2129 3601 2196 τιμὴν,

406 2221 598 2291 Neque
635 2223 894 2279 Davidem
929 2226 1204 2281 reveritus
1248 2243 1309 2282 cs
1343 2225 1390 2296 i,
1431 2228 1526 2296 qui
1559 2228 1902 2297 reprehenso

2108 2217 2298 2287 ταύτην
2344 2221 2460 2283 τοῖς
2515 2220 2629 2282 σοῖς
2690 2219 2967 2287 γενεσίοις
3022 2220 3363 2289 προσήγαγες
3389 2220 3471 2287 τὴν
3517 2235 3605 2286 τρν-

405 2310 644 2379 Natlzau,
697 2328 988 2385 peceatum
1020 2331 1047 2369 a
1089 2332 1168 2382 se,
1218 2333 1327 2371 non
1372 2321 1716 2389 arrogantia,
1745 2320 1839 2375 sed
1874 2336 1902 2390 ι]

2108 2311 2236 2379 ρήνς
2264 2310 2522 2364 Τοιοῦτον
2552 2310 2771 2380 σεαυτῷ
2804 2308 3232 2381 παρεσκεύασας
3252 2309 3310 2363 τὸ
3340 2308 3605 2377 συμπόσιονς

407 2405 641 2459 nitentia
696 2406 944 2477 depulit?
990 2406 1178 2479 Neque
1215 2417 1268 2464 te
1299 2408 1485 2465 Saulis
1534 2410 1800 2479 puduitk,
1832 2428 1903 2481 qu

2108 2402 2282 2464 J5me;
2308 2403 2541 2471 αἵματος
2566 2405 2775 2471 ὀχετοῖς
2810 2405 2929 2455 ἔδει
2957 2406 3191 2473 κεράσαι
3224 2405 3334 2464 τοῖς
3371 2402 3605 2468 συμπόταις

408 2511 610 2561 magno
676 2494 953 2562 Samuele,
1010 2513 1197 2554 coram
1248 2500 1367 2569 ipsa
1425 2499 1721 2555 lsraelitici
1792 2517 1905 2571 pop

2108 2493 2153 2545 τὸ
2182 2493 2434 2557 δεῖπνονς
2482 2493 2640 2547 υῦτω
2689 2497 2817 2557 τοὺς
2880 2501 3202 2565 χιλιάρχους
3232 2492 3605 2563 tamquam

408 2587 765 2643 multitudine
822 2590 1075 2646 severius
1124 2593 1462 2660 perstrictus
1512 2607 1579 2647 ac
1634 2594 1896 2663 objurgat

2108 2588 2219 2649 τοὺς
2252 2586 2443 2655 φίλους
2494 2587 3023 2657 πεφιλοφρόνηκαςς
3080 2588 3212 2642 esse
3266 2588 3350 2640 τὸν
3390 2586 3524 2638 Δαδὶδ
3546 2586 3605 2634 ἐνο

409 2675 546 2728 nihil
584 2685 771 2731 tamen
824 2678 878 2731 in
918 2695 1069 2744 eum,
1117 2695 1215 2749 pro
1245 2696 1343 2736 sua
1399 2682 1453 2736 in
1486 2682 1810 2752 prophetam
1842 2698 1901 2736 re

2108 2679 2342 2747 ετράπης
2392 2678 2499 2731 ὑπὸ
2550 2678 2645 2730 τοῦ
2674 2678 2864 2731 Νάθαν
2922 2679 3266 2748 ἐλεγχθέντα,
3299 2678 3386 2731 καὶ
3417 2674 3605 2746 parmis.

410 2768 613 2831 rentia,
647 2769 874 2835 gravius
915 2773 1264 2840 perpetrarit.
1299 2772 1417 2827 Non
1455 2774 1907 2829 animadvertisti

2111 2769 2322 2835 κᾶλλον,
2356 2770 2459 2822 οὐκ
2489 2769 2738 2840 ἀπονοίᾳ,
2782 2771 2883 2839 τὴν
2928 2772 3207 2842 ἁμαρτίαν
3231 2767 3608 2836 ἀποσκευασάμεο

410 2856 840 2913 miserlAchab
893 2867 947 2914 te
1005 2861 1186 2916 scelus
1251 2861 1308 2916 in
1364 2860 1584 2917 Naboth
1622 2863 1907 2933 duplicass

2106 2878 2223 2927 vov;
2254 2861 2389 2915 Ούδὲ
2427 2862 2519 2915 τὸν
2551 2862 2726 2915 Σαοὺλ
2756 2862 2999 2932 ᾑδέσθης
3043 2863 3147 2915 ὑπὸ
3187 2862 3276 2915 τοῦ
3311 2861 3509 2929 μεγάλου
3534 2859 3603 2910 Σε-

408 2946 556 3017 quod
587 2947 677 3003 ille
698 2949 919 3017 quidem
942 2950 1322 3019 deprehensus
1352 2952 1427 3008 sit
1471 2954 1651 3009 victus
1692 2954 1902 3025 cupidit

2104 2952 2296 3026 μουὴλ,
2327 2953 2420 3007 ἐπὶ
2450 2952 2633 3023 πάσης
2661 2953 2798 3024 ὁμοῦ
2856 2953 2965 3022 τῆς
3014 2952 3402 3026 Ἰσραηλιτικῆς
3426 2950 3601 3020 triatria;

408 3038 605 3104 vinea,
660 3046 913 3094 acterra:
953 3041 1212 3097 inanimis
1259 3044 1683 3114 plantarumque
1728 3045 1905 3101 vinifel

2105 3048 2214 3110 τοῖς
2252 3046 2521 3116 ἐλέγχοις,
2595 3045 3015 3116 ὲπιπληχθέντα
3063 3047 3181 3116 μὲν,
3235 3045 3363 3117 πλὴν
3401 3043 3513 3098 αἰδοῖ
3559 3042 3602 3111 τῇ

408 3144 530 3184 rum
568 3138 663 3184 :tu
690 3139 873 3186 autem
928 3132 1182 3189 mulieris
1246 3134 1517 3191 adulterio
1580 3136 1799 3193 [redata
1837 3154 1905 3194 rei

2105 3139 2235 3209 πρὸς
2257 3138 2348 3191 τὸν
2376 3139 2689 3209 προφήτην,
2752 3137 2929 3208 μηδὲν
2992 3138 3157 3192 πλέον
3209 3135 3602 3208 διαπραξάμενονς

409 3222 855 3293 insidiarumque
885 3224 1054 3280 cubili
1087 3224 1336 3282 fraterno
1369 3229 1712 3297 positarum;
1741 3245 1807 3284 ac
1838 3246 1906 3300 qu

2107 3231 2343 3301 Λέληθας
2400 3230 2652 3294 σεαυτὸν,
2687 3230 2865 3294 ἄθλιε,
2896 3229 3002 3302 τὴν
3049 3230 3252 3300 Ἀχαάύ
3297 3229 3386 3284 ἐπὶ
3422 3224 3604 3281 Ναύουθὲ

408 3314 679 3370 malorum
714 3317 963 3371 omnium
995 3332 1320 3387 supremum
1374 3326 1481 3386 est,
1520 3320 1674 3375 necis
1710 3323 1905 3392 propbc

2106 3322 2446 3393 παρανομίαν
2492 3321 2883 3385 διπλασιάσας,
2948 3323 3078 3375 ὅσον
3129 3325 3158 3375 ὁ
3205 3321 3301 3393 μὲν
3357 3310 3603 3391 ἀμπελῶνος

408 3412 576 3475 atque
628 3406 906 3477 Baplistte,
954 3405 1121 3478 idque
1163 3407 1216 3463 in
1259 3408 1350 3465 die
1389 3409 1741 3476 deliciarum,
1776 3422 1830 3467 et
1860 3426 1905 3467 οι

2108 3413 2393 3487 ἐπιθυμίᾳ,
2424 3414 2527 3483 γῆς
2551 3430 2610 3466 τε
2640 3413 2875 3484 ἀψύχου,
2917 3414 3018 3468 καὶ
3058 3413 3238 3483 φυτῶν
3258 3414 3519 3480 οἱνηφὸρων
3540 3411 3605 3477 ἡτ-

407 3496 787 3552 natalitiorum
813 3506 1070 3568 ageretur
1107 3496 1248 3554 dies.

2107 3503 2280 3573 ιηθεὶς
2305 3503 2569 3575 ἐφωράθη
2591 3522 2605 3535 ·
2643 3506 2708 3557 σὺ
2733 3505 2811 3567 δὲ,
2842 3506 3115 3573 γυναικὸς
3144 3504 3369 3576 μοιχείᾳ,
3402 3500 3604 3557 καὶάδελ-

357 3656 365 3664 .
407 3592 574 3660 φικῆς
612 3597 801 3661 κοίτης
831 3590 1092 3662 ὲπιεουλῇ
1126 3607 1140 3621 ·
1170 3591 1304 3659 καὶ,
1350 3590 1412 3646 τὸ
1469 3592 1687 3646 πάντων
1742 3592 1930 3648 κακῶν
2000 3592 2257 3665 ἔσχατον,
2314 3597 2600 3669 προφήτου
2657 3597 2753 3649 καὶ
2800 3595 3123 3650 Βαπτιστοῦ
3202 3596 3478 3666 μιαιφονίᾳ·
3541 3591 3605 3643 καὶ

405 3680 598 3744 ταῦτα,
626 3681 683 3733 ὲν
706 3680 922 3751 τρυφῆς
954 3680 1159 3752 ἡμέρᾳ,
1185 3680 1284 3734 καὶ
1311 3682 1574 3749 γενεσίων
1611 3682 1824 3753 τελετῇ.

480 3771 701 3827 Utinam
725 3789 825 3829 nec
857 3788 1012 3830 esses
1030 3783 1216 3840 natus,
1243 3791 1424 3844 neque
1446 3777 1501 3830 in
1537 3778 1714 3833 lucem
1741 3777 1977 3832 venisses

2118 3778 2127 3789 '
2178 3776 2266 3839 Ὠς
2315 3774 2427 3828 εἴθε
2482 3773 2559 3845 μὴ
2603 3773 2928 3845 γεγέννησο,
2969 3776 3110 3847 μηδὲ
3148 3777 3228 3838 εἰς
3274 3776 3382 3844 φῶς
3422 3768 3604 3844 mea

404 3879 576 3936 super
638 3867 883 3920 terram!
954 3863 1178 3920 Utinam
1212 3867 1489 3935 periisset
1546 3882 1730 3923 semen
1764 3883 1829 3924 ex
1877 3886 1901 3936 ι]

2108 3866 2238 3935 ὅπὲρ
2267 3865 2393 3937 γῆν.
2443 3866 2533 3929 Ὠς
2560 3866 2814 3919 ἀπόλοιτο
2858 3869 2892 3936 ἡ
2932 3868 3137 3940 σπορά,
3171 3863 3236 3939 ἧς
3271 3866 3418 3930 αὐτὸς
3444 3862 3605 3929 ὲεεόλίσ

406 3954 753 4022 germinasti,
774 3969 839 4008 ac
869 3961 1062 4008 uterus
1091 3968 1157 4007 ex
1188 3968 1298 4022 quo
1325 3956 1609 4022 prodiistil
1640 3956 1800 4021 Nam,
1828 3973 1903 4027 ro;

2106 3973 2323 4029 στησας,
2358 3956 2514 4027 καὶὴ
2550 3958 2736 4027 νηδὺς,
2772 3957 2831 4023 ἐξ
2860 3953 2930 4030 ἧς
2962 3958 3353 4030 προελήλυθας.
3388 3955 3603 4010 Ἀνθ’ὃτω

406 4058 648 4113 quanam
699 4059 764 4098 ex
816 4057 988 4098 causa
1048 4046 1397 4113 prophetam,
1459 4060 1582 4115 qua:
1643 4061 1771 4101 vera
1799 4048 1903 4103 esst

2106 4048 2222 4118 idP:
2254 4047 2398 4111 είπὲν
2423 4048 2517 4102 τὸν
2571 4051 2862 4120 προφήτην
2889 4040 3110 4114 ἀνεῖλες
3158 4048 3359 4119 τάληθῆ
3387 4041 3603 4115 διαγορεύ-

408 4134 823 4205 praedicantem,
883 4133 1233 4205 nefandaque
1290 4142 1386 4192 tua
1426 4149 1776 4217 arguentem,
1810 4141 1905 4195 ἰηιι

2106 4156 2284 4204 ταντα,
2310 4140 2405 4193 καὶ
2442 4139 2699 4210 περὶτῶν
2723 4141 2784 4193 οὐ
2819 4142 3120 4209 πρακτέων
3142 4141 3417 4207 ἐλέγξαντα
3439 4153 3451 4200 ;
3480 4132 3603 4200 παρὸν

409 4232 628 4287 fecisti?
686 4234 824 4288 Cum
882 4242 1033 4290 esset
1079 4234 1133 4290 in
1184 4246 1464 4307 promptu,
1505 4247 1565 4292 ut
1592 4237 1777 4297 scelus
1801 4247 1906 4292 lect

2104 4232 2229 4303 πρὸς
2254 4232 2356 4301 τὴν
2379 4232 2444 4286 ὲκ
2469 4230 2565 4285 τοῦ
2623 4232 2795 4300 ἄγους
2844 4232 3231 4303 συστραφέντα
3273 4231 3486 4301 μνήμην,
3508 4224 3601 4275 ἀτο-

407 4325 592 4380 auimo
625 4326 898 4396 cogitans,
937 4329 1007 4384 ab
1031 4344 1099 4385 eo
1130 4330 1469 4394 declinares,
1500 4345 1566 4385 ac
1591 4329 1904 4399 resipiscerr

2104 4324 2266 4379 ιλῖναι
2298 4323 2394 4377 τοῦ
2432 4323 2670 4394 μύσους·
2714 4323 2746 4394 ἦ
2805 4323 2945 4395 πρὸς
2980 4325 3085 4395 τὴν
3142 4325 3249 4377 τῶν
3278 4322 3486 4390 ἐλέγχων
3503 4316 3601 4384 παῤ-

406 4424 537 4471 utve
566 4417 632 4471 ad
671 4417 899 4473 liberam
935 4422 1422 4492 reprehensionem
1448 4421 1690 4475 animum
1712 4420 1903 4491 dirige:

2102 4417 2288 4489 ῥησίαν
2344 4418 2437 4471 τον
2497 4417 2623 4470 νοῦν
2676 4416 3085 4483 άπευθύναντα,
3156 4416 3380 4485 σώφρονι
3415 4402 3599 4476 λογισμῷ

376 4506 594 4566 sobria
649 4513 988 4582 cogitatione
1032 4524 1342 4587 assumpta,
1366 4514 1420 4569 id
1456 4515 1602 4585 quod
1631 4522 1866 4585 praestant

2100 4510 2186 4564 τοῦ
2211 4509 2520 4580 κρείττονος
2548 4507 2924 4578 περιέσεσθαι,
2954 4508 3094 4579 πρὸς
3128 4504 3414 4562 τούναντίον
3433 4499 3597 4566 ἐξώκει-

404 4608 576 4665 esset,
623 4580 943 4672 obtineres;
995 4605 1051 4659 in
1091 4580 1437 4660 contrarium
1474 4580 1661 4674 plane
1695 4605 1901 4675 prolaps

2155 4618 2217 4665 ις·
2241 4599 2399 4670 κακῴ
2427 4600 2489 4653 τδ
2521 4599 2694 4653 κακὸν
2723 4600 3234 4671 προσκτησάμενος.
3271 4597 3363 4665 οὐχ
3387 4595 3451 4656 ὡς
3480 4586 3598 4657 ἐχρῆν
3628 4580 3652 4599 κ

406 4704 487 4751 es,
536 4690 737 4745 malum
774 4694 967 4764 utique
1013 4697 1158 4751 malo
1198 4698 1429 4760 addens,
1469 4711 1579 4749 non
1611 4696 1689 4750 uti
1720 4704 1899 4765 oportt

2100 4692 2495 4763 παρωσάμενος
2515 4705 2530 4720 ·
2563 4691 2660 4743 καὶ
2693 4692 2741 4743 εί
2776 4690 2876 4759 μὲν
2888 4690 3029 4759 πρὸς
3051 4690 3177 4752 τοὺς
3198 4688 3431 4757 eum»;
3454 4682 3597 4743 δυσᾳοι

403 4779 691 4848 ,ἀορειιεηε
726 4798 739 4833 :
774 4799 838 4837 ac
880 4786 1154 4854 siquidem
1205 4803 1351 4859 aegre
1406 4786 1731 4856 reprehendi
1776 4787 1900 4840 terei

2099 4785 2206 4856 ρῶν
2258 4784 2340 4846 εἰς
2390 4780 2551 4834 τοῦτο
2601 4780 2810 4847 τάξεως
2855 4781 3100 4851 ήλασας·
3164 4775 3458 4835 ἀπαιδευσία
3484 4765 3596 4859 τοῦτο

408 4885 476 4923 eo
530 4869 802 4927 deductus
863 4890 958 4940 es;
992 4876 1120 4931 hinc
1161 4858 1322 4947 plane
1349 4879 1591 4934 alienqu
1630 4894 1657 4932 a
1687 4878 1905 4948 discipli

2095 4875 2291 4943 σαφής.
2328 4872 2575 4941 Ἀγαπᾷν
2599 4872 2730 4942 γὰρ,
2750 4871 2810 4923 οὐ
2831 4872 2999 4941 φονᾷν
3022 4871 3151 4934 ἔδει,
3182 4869 3255 4932 ὡς
3274 4867 3345 4936 τῷ
3364 4858 3592 4929 Σολομῶντι

410 4961 679 5017 ostendis.
740 4963 1064 5033 Diligentius
1098 4967 1270 5032 enim,
1305 4984 1414 5022 non
1446 4949 1791 5024 occidendus
1842 4984 1904 5023 er

2093 4966 2259 5030 δοκεῖ,
2312 4964 2643 5033 ἐλέγχοντα·
2692 4963 2769 5025 ὼς
2823 4961 2889 5015 ἂν
2939 4961 3014 5033 μὴ
3071 4960 3167 5016 καὶ
3207 4959 3361 5019 αὐτὸς
3390 4948 3590 5016 ἀκούσῃς·

412 5052 503 5121 qui
535 5065 810 5125 argueret,
846 5057 921 5110 uti
953 5056 1264 5112 Salomonis
1296 5050 1575 5113 sententia
1604 5068 1687 5114 est
1726 5058 1745 5098 1
1772 5075 1788 5125 ;
1827 5068 1885 5112 ut

2101 5078 2120 5111 ι
2171 5057 2476 5126 Ἐμίσησαν
2506 5056 2566 5106 ὲν
2596 5054 2795 5117 πύλαις
2844 5054 3159 5123 ἐλέγχοντα.
3202 5052 3293 5105 καὶ
3337 5048 3469 5113 λόγον
3490 5041 3588 5092 ὅσιον

410 5154 470 5199 et
520 5146 635 5217 ipse
662 5148 1166 5205 essetauditurus:
1203 5170 1222 5202 ι
1271 5149 1524 5206 Oderunt
1578 5158 1900 5221 arguentem

2098 5125 2474 5213 ἐϐδελύξαντο.
2516 5163 2536 5197 ›
2566 5146 2628 5198 El.
2657 5145 2713 5197 δὲ
2745 5144 2841 5197 τοῦ
2887 5145 3136 5214 εὐορκεῖν
3173 5140 3525 5212 περιεχόμενος,
3548 5125 3586 5176 τδ

415 5241 614 5308 portis,
643 5250 694 5295 et
721 5256 1035 5297 sermonem
1084 5248 1338 5297 'sanctum
1374 5242 1672 5297 abominati
1707 5250 1839 5298 sunt
1867 5253 1905 5281 ιη

2105 5242 2407 5314 μιαιφονεῖν
2442 5238 2847 5309 προετίμησας,
2903 5236 2978 5300 ὠς
3004 5237 3101 5306 τῆς
3138 5232 3401 5303 ἐπιορκίας
3430 5221 3584 5323 φεῦἵθξν

417 5327 515 5381 Sin
540 5339 720 5383 autem
745 5347 871 5387 cum
900 5332 1290 5402 jusjurandum
1319 5347 1541 5387 servare
1570 5333 1759 5396 velles,
1789 5331 1914 5386 caedi

2100 5334 2161 5386 το
2193 5332 2468 5404 βάραθρον
2491 5347 2505 5363 ·
2545 5330 2662 5384 ἀλλ’
2704 5330 2811 5383 ἔδει
2853 5329 3109 5400 βασιλείῳ
3137 5327 3435 5399 φρονήματι,
3455 5317 3583 5413 boui?

418 5422 791 5490 ιιτωροειιίειί.
874 5432 1137 5495 tauquam
1210 5424 1303 5495 qui
1375 5424 1604 5493 perjurii
1669 5422 1915 5476 barathri

2101 5424 2196 5477 τοῦ
2219 5423 2311 5477 νοῦ
2345 5422 2562 5493 στάθμῃ
2593 5421 3077 5476 ἁντιταλαντεῦσαι
3118 5420 3213 5489 τὴν
3243 5415 3500 5482 σύγκρισιν,
3520 5414 3581 5453 ναι

414 5506 645 5579 fugeres
679 5530 693 5566 :
723 5513 1003 5569 enimvero
1033 5531 1129 5584 par
1155 5523 1274 5572 erat
1313 5522 1373 5569 ut
1426 5531 1525 5585 pro
1546 5516 1716 5589 regali
1756 5514 1911 5585 [)I‘Udl

2103 5516 2201 5586 τῆς
2222 5516 2432 5585 ἀμείνω
2462 5512 2718 5584 γενέσθαι
2749 5513 2945 5584 μοίρας
2973 5529 2986 5545 ·
3015 5512 3159 5582 ’ὅπερ
3181 5507 3258 5562 σοὶ
3286 5501 3401 5574 πρὸς
3421 5496 3579 5549 τούναν-

493 5672 506 5710 ί
559 5683 625 5739 Μ·
650 5702 726 5741 rc.
776 5706 848 5755 vt,
910 5688 1097 5743 21-228.
1179 5695 1192 5743 ι
1242 5693 1283 5747 ιι
1336 5691 1469 5765 Reg.
1523 5710 1620 5760 xu,
1666 5696 1712 5750 ι.
1795 5695 1820 5735 Ιι
1864 5693 1882 5748 l
1924 5693 2056 5766 llcg.
2090 5708 2180 5758 xv,
2229 5690 2364 5744 2L-
2406 5688 2728 5756 ‘1'rov.tx,
2919 5687 3089 5744 'lsa.
3128 5698 3267 5752 nix,
3318 5678 3392 5733 21·
