3790 6202
166 333 283 400 1121

1170 336 1256 399 ΙΝ
1298 339 1358 399 8.
1397 336 1722 400 JOANNIS
1752 334 2418 397 DECOLLATIONEM.

3270 333 3408 398 1122

161 452 260 505 τίον
286 451 348 504 ἐκ
367 448 684 521 παραλόγου
704 448 1199 520 πεπραγμάτευται
1222 453 1467 523 γνώμης.
1502 452 1717 521 Τίςγὰρ

1910 488 1920 512 ,
1976 449 2209 504 alterius
2258 462 2383 503 cum
2416 446 2591 503 altero
2649 447 3128 517 comparationem
3170 447 3407 518 iustitiae

158 544 186 597 ό
209 541 294 595 τὴν
315 541 492 613 ἀρχὴν
532 543 731 613 ὀμόσαι
795 546 1299 613 προσαναγκάσας;
1347 546 1413 598 Τί
1452 545 1510 599 δὲ
1542 544 1719 598 κοινὸν

162 633 400 702 μαινάδος
429 632 657 703 ὀρχήσει
685 634 895 701 παιδὸς,
930 636 1024 690 καὶ
1055 638 1338 708 προφήτου
1372 640 1593 708 σφαγῆς
1626 637 1721 699 Τίς

154 725 208 778 δὲ
230 724 485 795 μετουσία
515 724 688 795 θυμοῦ
720 727 840 796 μετ’
868 728 1211 798 εὐφροσύνης
1241 744 1257 798 ;
1292 729 1355 782 Ei.
1391 728 1449 782 δὲ
1473 728 1563 782 διὰ
1594 729 1722 791 τοὺς

160 822 356 889 δρκους,
415 818 491 881 ὡς
551 819 716 883 αὐτὸς
756 820 891 874 οἴει·
918 822 1033 875 ἀλλ’
1075 823 1184 875 οὐδ’
1213 823 1389 885 οὕτως
1420 821 1589 892 ἐχρῆν
1622 822 1721 892 τὴν

158 912 319 982 ψῆφον
347 911 643 981 ἐπιτρέψαι
667 914 732 984 τῇ
767 912 926 986 μέθῃ.
981 914 1300 984 Εὑφρασίας
1341 913 1471 983 γὰρ,
1504 914 1603 966 οὐκ
1629 912 1724 966 ἀν-

157 1002 455 1072 δροκτονίας
486 997 556 1072 ἦν
583 1004 611 1055 ό
641 1002 852 1074 καιρός.
887 1004 999 1057 Καὶ
1020 1005 1078 1057 τό
1111 1021 1175 1072 γε
1199 1006 1434 1076 πρᾶγμα
1464 1003 1724 1067 ἐπιεικῶς

156 1095 362 1159 ἄτοπον,
391 1093 488 1148 καὶ
517 1095 860 1165 παρὰυορον.
921 1095 1207 1164 Νήφοντος
1258 1095 1371 1166 γὰρ
1407 1096 1579 1148 ἐδεῖτο
1604 1095 1726 1149 και-

155 1186 260 1254 poi,
288 1186 380 1236 καὶ
402 1184 664 1251 λογισμοῦ
699 1182 1012 1253 βεῦηκότος.
1060 1184 1133 1238 Οὐ
1165 1185 1273 1254 γὰρ
1330 1184 1460 1255 περὶ
1492 1181 1586 1236 τοῦ
1630 1199 1728 1235 τυ-

155 1264 381 1346 χόντοςή
416 1274 608 1345 βλάϐη.
638 1275 810 1341 Πλὴν,
840 1275 957 1327 ἀλλ’
986 1276 1040 1328 εἴ
1064 1293 1119 1328 τι
1163 1276 1260 1329 καὶ
1293 1275 1576 1346 κέκρυπτο
1599 1275 1725 1328 λαν-

158 1367 302 1420 θάνον
323 1365 460 1427 τέως
490 1362 599 1415 τῶν
624 1366 682 1415 ὲν
710 1362 794 1415 σοὶ
831 1361 1037 1425 κακῶν,
1069 1360 1227 1414 τοῦτο
1251 1362 1315 1414 σὺ
1348 1361 1491 1414 κατὰ
1523 1358 1722 1413 σαυτοῦ

156 1456 560 1528 πεφανέρωκας,
582 1455 887 1525 μιαιφονία,
910 1454 1010 1523 τῆς
1032 1452 1381 1524 παρανομίας
1397 1454 1725 1524 ἀπογυμνὼ-

154 1566 244 1613 σας
268 1551 358 1603 τὸν
382 1549 627 1617 ἔλεγχον.
660 1547 757 1611 Τίς
779 1547 888 1617 γὰρ
916 1546 1162 1617 ἀνάγκη,
1197 1546 1291 1599 τὸν
1333 1549 1392 1599 ὲν
1433 1545 1512 1616 τῷ
1542 1563 1724 1615 παρα-

152 1641 323 1710 ϐύστῳ
360 1638 639 1709 μοιχεύειν
696 1637 1057 1708 ἀπείργοντα,
1086 1638 1179 1690 ἐπὶ
1230 1636 1503 1708 θριάμϐου
1534 1638 1724 1707 φέρειν

152 1732 467 1802 ιλέγχοντας
498 1730 570 1784 ΣΞ)
597 1730 655 1784 δὲ
688 1729 993 1800 φιληδονῶν
1019 1729 1245 1803 ἐλέγχῃ,
1288 1730 1615 1800 μιαιφονῶν.

1824 540 2031 594 trutina
2090 539 2456 609 expenderes,
2521 553 2585 593 ac
2620 553 2650 592 a
2700 540 2915 593 meliori
2966 550 3124 610 parte
3178 551 3357 597 stares
3387 561 3412 621 ι⁹

1822 631 1970 701 quod
2024 646 2186 687 secus
2231 630 2460 685 omnino
2496 646 2561 685 ex
2587 631 2765 685 aliena
2802 646 2831 684 a
2864 633 3077 687 ratione
3118 635 3407 698 voluntate

1824 725 2056 780 molitus
2092 741 2174 780 cs.
2211 723 2348 789 Quis
2403 724 2551 779 enim
2592 731 2645 778 te
2671 726 2740 779 ab
2774 725 2931 780 initio
2964 727 3137 797 coegit
3165 727 3355 797 jurarc
3381 726 3408 782 2

1823 814 1968 881 Quid
2023 814 2297 869 Mainadis
2365 816 2562 884 puellae
2613 815 2836 869 saltatio
2890 830 3188 871 commune
3238 816 3406 871 habet

1825 921 1951 959 cum
2000 921 2134 959 nece
2181 905 2510 976 prapltetw?
2545 905 2805 971 Quaenam
2855 906 2953 961 iraa
2999 908 3238 962 societas
3278 923 3404 962 cum

1824 998 2054 1052 laetitia?
2110 995 2207 1050 Sin
2264 1012 2399 1051 vero
2466 1003 2692 1067 propter
2751 996 3170 1065 jusjurandum,
3210 983 3453 1069 utipse‘

1825 1091 2125 1161 opinaris:
2168 1104 2233 1143 ac
2292 1104 2360 1144 ne
2401 1090 2484 1144 sic
2539 1088 2763 1158 quidem
2815 1090 3104 1145 sententia:
3160 1092 3409 1147 calculus

1826 1180 2096 1235 ebrietate
2151 1179 2555 1249 permittendus
2589 1187 2729 1232 erat.
2778 1179 2992 1249 Quippe
3043 1188 3162 1233 erat
3207 1180 3411 1234 laetitia:

1825 1279 2069 1340 tempus,
2104 1287 2214 1325 non
2238 1270 2425 1326 caedis.
2459 1272 2533 1324 Ac
2558 1272 2719 1340 plane
2742 1286 2833 1325 res
2855 1271 3152 1339 ejusmodi.
3172 1272 3411 1326 absurda

1830 1378 1895 1418 ac
1946 1363 2249 1432 praecipitis
2310 1362 2534 1416 consilii
2591 1370 2732 1415 erat.
2798 1361 2930 1415 Erat
2961 1362 3235 1431 siquidem
3268 1376 3411 1431 epus

1832 1464 2078 1522 tempore
2107 1454 2317 1515 sobrio,
2350 1468 2414 1506 ac
2438 1452 2630 1507 sedata
2674 1454 2909 1507 ratione.
2950 1450 3069 1507 Non
3104 1453 3249 1507 enim
3278 1454 3413 1508 levis

1823 1545 2041 1615 jactura
2100 1543 2283 1598 futura
2318 1553 2460 1599 erat.
2497 1542 2603 1597 Sed
2645 1544 2954 1609 enimvero,
3002 1552 3060 1599 ut
3090 1545 3220 1614 quid
3245 1546 3411 1600 etiam

1828 1653 1859 1694 e
1887 1638 1999 1694 tuis
2038 1638 2167 1691 mali
2204 1640 2471 1693 hactenus
2497 1636 2776 1691 occultum
2820 1636 3039 1701 lateret,
3077 1638 3129 1691 id
3167 1638 3284 1707 ipse
3316 1638 3413 1691 ad-

1827 1745 2047 1787 versum
2094 1742 2145 1786 te
2196 1729 2551 1784 manifestum
2604 1727 2913 1792 reddidisti,
2963 1728 3111 1783 carde
3156 1728 3413 1798 aperiens

152 1826 429 1894 ﬂagitium,
480 1822 639 1893 cujus
696 1822 1041 1890 arguebaris.
1096 1821 1241 1889 Quid
1278 1822 1425 1877 enim
1479 1837 1706 1878 neCessc
1746 1831 1869 1877 erat
1901 1831 1961 1877 ut
1991 1837 2117 1877 eum
2142 1862 2157 1889 ,
2187 1822 2281 1892 qui
2320 1821 2373 1875 in
2440 1821 2663 1876 occulto
2708 1820 2975 1877 tutechari
3044 1821 3409 1893 prohibebat,

152 1916 631 1988 reprehendentem
669 1916 951 1996 triumpho
983 1916 1334 1973 traduceres?
1390 1916 1471 1971 Tu
1531 1917 1716 1986 igitur,
1757 1918 1886 1973 dum
1918 1917 2122 1974 caedem
2162 1925 2370 1983 patras,
2407 1917 2657 1988 argueris
2683 1916 2980 1972 libidinis..

213 2008 482 2079 Συνέχεας
532 2000 843 2077 τὴν’τᾶξιν
894 2008 994 2076 τῆς
1044 2008 1372 2073 ἑστιάσεως,
1444 2008 1722 2080 ἄνθρωπε.

1910 2008 2164 2065 Ordinem
2203 2010 2441 2064 convivii
2470 2008 2793 2072 confudisti,
2820 2024 2853 2064 ο
2881 2009 3067 2064 homo.
3110 2009 3243 2066 Nam
3278 2026 3407 2067 cum

161 2101 373 2172 Ἔστιᾷν
425 2099 818 2172 προελόμενος,
857 2101 1017 2171 ἀνιᾷν
1063 2101 1190 2165 τοὺς
1220 2102 1551 2175 δαιτυμόνας
1593 2120 1730 2173 προ-

156 2194 390 2263 ίκρινας.
423 2193 490 2244 Τί
516 2193 717 2256 ποιεῖς,
752 2190 943 2255 ἄθλιες
993 2192 1136 2245 Ἀντ’
1172 2193 1490 2264 ἐδέσματος,
1524 2194 1730 2267 ταύτην

157 2282 494 2353 προσεδωδὴν
518 2283 785 2350 είσάγεις,
804 2282 904 2351 τὴν
924 2280 1167 2353 κεφαλὴν
1195 2282 1288 2335 τοῦ
1316 2283 1685 2348 Βαπτίξοντος
1710 2301 1724 2351 ;

174 2375 305 2429 ’Δντὶ
333 2374 635 2447 κρατῆρος,
676 2372 922 2427 τοιοῦτον
965 2375 1229 2443 οίνοχοείς
1266 2376 1381 2437 τοῖς
1421 2375 1729 2446 συμπόταις

168 2470 243 2523 τὸν
262 2469 528 2540 ἀκρατον;
568 2467 826 2522 Τοιοῦτον
872 2468 1095 2540 κίρνησι
1131 2468 1389 2540 βασιλεὺς
1428 2470 1580 2539 πόμα
1614 2472 1728 2533 τοῖς

175 2562 477 2632 συμϐούλοις
500 2578 516 2626 ;
552 2561 621 2613 Ἦ
647 2562 747 2631 οὐχ
779 2562 912 2631 ὁρᾷς
946 2562 1073 2614 ὅσον
1089 2561 1263 2614 κακόν
1288 2564 1436 2615 ἐστιν
1464 2561 1725 2634 ἀκρασία,

180 2657 258 2708 καὶ
276 2655 542 2727 φιλήδονος
564 2653 798 2726 πρᾶξιςς
835 2653 1162 2724 Ἀνάνηψον,
1192 2655 1240 2707 εξ
1270 2653 1481 2725 βούλει,
1508 2652 1725 2725 μικρὸν,

181 2745 451 2809 ιαὶσύνεςθ
519 2746 597 2807 ὡς
655 2744 812 2797 οὐδὲν
860 2742 1037 2806 οὕτως
1082 2742 1422 2796 ὲπιλωὸἄται
1454 2745 1546 2797 τὸν
1575 2743 1728 2807 ἐντὸς

179 2836 518 2908 ἄνθρωπον,ἢ
550 2837 642 2890 τὸν
668 2835 830 2899 ὲκτδς
867 2834 1242 2901 ὲπιὸόσκεται,
1293 2834 1369 2899 ὡς
1400 2835 1570 2906 θυμὸς
1598 2834 1729 2889 ταύ-

178 2944 282 2991 ταις
305 2927 817 2999 ὲξυπηρετούμενος.
843 2927 915 2981 Σὺ
961 2926 1040 2989 δὲ,
1073 2926 1282 2990 τούτοις
1312 2928 1375 2979 ὲκ
1410 2927 1727 2997 περιουσίας

179 3015 447 3084 ὑποζεύξας
504 3017 597 3069 τὸν
628 3016 777 3077 νοῦν,
838 3015 899 3068 τὸ
934 3015 1033 3084 τῆς
1066 3014 1244 3084 ψυχῆς
1305 3013 1726 3078 κατεδούλωσας

179 3108 422 3178 φρόνημα.
464 3108 659 3163 Καίτοι
696 3106 791 3169 δύο
824 3106 1167 3175 γενικώτατα
1199 3106 1349 3175 πάθη
1374 3106 1481 3159 τῶν
1509 3109 1565 3160 ὲν
1595 3109 1725 3178 ἡμῖν

178 3201 403 3253 ἁπᾶντων
460 3199 676 3265 παθῶν,
710 3199 759 3250 οἱ
794 3215 859 3251 πε
872 3198 924 3269 ρὶ
947 3197 1117 3250 ταῦτα
1152 3197 1328 3266 σοφοὶ,
1357 3197 1682 3269 διορίζονται
1707 3215 1721 3230 ο

178 3292 341 3362 θυμὸν,
374 3294 466 3346 καὶ
500 3290 801 3362 ἐπιθυμίαν
822 3308 835 3323 ο
860 3285 935 3343 ὧν
957 3290 1218 3360 ἑκάτερον
1240 3291 1297 3341 ὲν
1317 3290 1400 3342 σοὶ
1426 3289 1725 3360 ἐπικρατῆ-

1832 2101 2127 2157 statuisses
2181 2101 2439 2155 convivio
2501 2100 2786 2170 excipere,
2862 2100 3108 2156 maluisti
3165 2102 3414 2158 convivis

1831 2192 2140 2247 molestiam
2176 2191 2379 2247 facere.
2402 2191 2542 2258 Quid
2577 2191 2788 2257 facis,o
2822 2193 3036 2247 miser?
3064 2192 3413 2258 Pro-cibone,

1828 2291 1996 2355 caput
2026 2284 2287 2355 Baptista:
2305 2286 2373 2339 ad
2409 2300 2566 2339 esum
2606 2284 2865 2339 inducis?
2897 2282 3003 2339 Pro
3032 2294 3271 2350 cratere,
3307 2286 3416 2340 tale

1829 2392 2045 2432 merum
2097 2375 2337 2432 all‘undis
2382 2378 2675 2433 convivis?
2706 2376 2892 2431 Talem
2943 2393 3037 2433 rex
3070 2386 3256 2449 potum
3294 2381 3415 2436 suis

1830 2476 2104 2540 temperat
2150 2469 2537 2525 consiliariis?
2565 2470 2645 2523 An
2679 2486 2787 2526 non
2824 2470 2978 2526 vides
3008 2480 3274 2541 quantum
3299 2487 3415 2525 ma-

1830 2562 1941 2616 lum
2000 2562 2070 2617 sit
2110 2562 2561 2630 intemperantia,
2606 2570 2661 2616 et
2690 2565 2833 2618 actio
2880 2562 3218 2619 libidinosa?
3247 2562 3328 2617 Ad
3359 2572 3415 2617 te

1831 2668 2023 2724 parum
2068 2653 2208 2717 redi,
2247 2654 2294 2708 si
2335 2653 2441 2719 vis,
2474 2663 2525 2708 et
2589 2653 2851 2725 intellige,
2886 2662 2946 2708 ut
2994 2655 3130 2709 nihil
3165 2655 3236 2710 sit
3263 2654 3413 2725 quod

1828 2746 2111 2800 internum
2163 2743 2300 2798 adeo
2333 2744 2496 2799 laedat
2541 2745 2850 2811 hominum,
2904 2760 2970 2800 ac
3009 2747 3091 2799 sic
3118 2754 3411 2801 externum

1827 2832 2110 2904 depztscat,
2153 2834 2231 2888 uti
2267 2834 2334 2886 iis
2368 2835 2678 2903 obsequens
2737 2835 2818 2888 ira
2840 2829 3078 2901 (21).Tu
3110 2843 3292 2890 autem
3345 2851 3413 2891 ex

1829 2924 2129 2979 abundanti
2183 2933 2421 2979 mentem
2450 2924 2561 2979 illis
2609 2925 2937 2996 subjugans,
2989 2926 3157 2981 animi
3188 2942 3411 2982 sensum

1829 3017 2103 3087 captivum
2133 3014 2386 3071 ellecisti.
2429 3016 2600 3086 Atqui
2625 3018 2870 3071 omnium
2898 3033 3089 3072 earum
3123 3034 3245 3087 qua:
3284 3027 3413 3074 sunt

1829 3112 1883 3166 in
1922 3110 2102 3175 nobis,
2145 3108 2519 3173 aliectionum,
2562 3114 2658 3164 has
2691 3110 2831 3165 duas
2864 3111 3101 3163 maxime
3126 3111 3414 3179 generales

1828 3199 2099 3254 definiunt
2148 3200 2388 3254 morales
2435 3201 2770 3270 philosophi.
2803 3201 2943 3254 iram
2979 3202 3197 3257 scilicet
3221 3211 3275 3257 et
3314 3216 3413 3256 cu-

1830 3291 2133 3358 piditatem,
2169 3306 2401 3360 quarum
2434 3302 2667 3361 utraque
2710 3293 2762 3345 in
2802 3300 2854 3345 te
2877 3292 3222 3347 dominatum
3267 3295 3413 3349 obti-

174 3400 277 3445 σαν,
302 3381 626 3454 τυραννικῷ,
680 3382 779 3436 οὐκ
824 3381 1082 3452 ἰδιωτικῷ
1112 3380 1189 3451 τῷ
1230 3380 1512 3452 ὁρμήματι
1536 3381 1720 3433 δυστυ-

1910 3400 1992 3449 ns,
2044 3386 2357 3454 tyrannico,
2409 3399 2520 3438 non
2567 3386 2784 3453 privato
2844 3386 3074 3453 impetu,
3111 3385 3411 3441 infeliciter

169 3474 262 3541 χὼς
287 3474 744 3543 ἑδασίλευσεν·ἡ
802 3473 921 3543 μὲν,
973 3474 1069 3526 καὶ
1128 3474 1261 3527 ἄνευ
1317 3473 1728 3541 μηχανημάτων

169 3568 300 3641 νόμῳ
326 3560 646 3638 πολιορκίας
676 3565 873 3619 ἑλοῦσα
904 3564 1014 3620 τῶν
1060 3566 1172 3618 σῶν
1208 3566 1420 3636 φρενῶν
1444 3564 1541 3635 τὴν
1566 3565 1731 3633 ἀκρό-

169 3659 329 3724 πολιν,
359 3658 450 3712 καὶ
481 3658 651 3710 οίονεὶ
694 3656 978 3728 πολιοῦχος
1024 3656 1123 3727 τῆς
1169 3658 1268 3728 σῆς
1310 3656 1727 3728 ἀπρυτανεύτου

166 3748 328 3819 ψυχῆς
359 3766 372 3781 ⁸
398 3752 425 3803 ό
446 3750 525 3813 δὲ,
555 3748 719 3819 μέχρι
750 3746 908 3801 τοῦδὲ
939 3764 998 3800 σε
1049 3746 1485 3816 δουλωσάμενος.
1520 3747 1626 3808 ἔως
1664 3745 1729 3798 ἂν

165 3840 237 3903 είς
268 3840 389 3911 ᾅδου
419 3840 716 3909 πέταυρον,
760 3837 857 3890 καὶ
884 3840 963 3900 είς
988 3837 1087 3905 τὴν
1141 3838 1378 3908 ἐσχάτην
1404 3835 1513 3889 τῶν
1539 3834 1728 3888 κακῶν

156 3931 514 4000 ἀπηκοντισεν
573 3927 874 3996 Χάρυϐδιν.
918 3927 987 3980 Ἢ
1041 3928 1163 4018 οὐλίὶ
1204 3927 1341 3997 αὕτη
1390 3928 1423 3995 ἡ
1471 3927 1595 3988 ὁδὸς
1622 3927 1728 3979 τῶν

147 4021 509 4074 ἐπιτελούντων
539 4020 607 4073 τὰ
636 4020 848 4089 ἅνομα;
885 4019 954 4071 Ἢ
1004 4015 1210 4089 ἑτέρως
1244 4020 1347 4072 οἴει
1398 4018 1524 4080 τοὺς
1556 4015 1730 4078 οὕτως

150 4114 375 4177 ἁλόντας
401 4114 506 4166 ὑπ’)
528 4112 629 4180 τῆς
665 4112 846 4180 δίκης,
874 4110 1385 4181 κολασθησομένους
1409 4109 1725 4174 ὲτάζεσθαι;

150 4207 264 4276 Τῆς
317 4206 371 4258 δὲ
427 4206 536 4260 τῶν
583 4203 931 4272 Εύαγγελὲων
1000 4203 1188 4272 φωνῆς
1263 4198 1420 4267 αὖθις
1479 4186 1729 4256 ἀκουσώέ

155 4301 319 4370 μεθα.

233 4411 250 4442 ι
281 4392 546 4445 Γενεσίων
607 4391 737 4462 γὰρ,
790 4388 977 4458 φησιν,
1003 4387 1286 4459 ἀγομένων
1316 4385 1411 4440 τοῦ
1464 4383 1728 4454 Ἡρώδου,

152 4483 443 4554 ὠρχήσατο
501 4484 536 4554 ἡ
585 4483 834 4559 θυγάτηρ
860 4480 1321 4559 τῆςἻίρωδιάδος
1354 4480 1412 4532 ὲν
1441 4477 1521 4549 τῷ
1557 4478 1727 4549 μέσῳ,

155 4578 248 4630 καὶ
285 4580 480 4650 ἤρεσεν
515 4554 871 4647 τῶιηρώδῃ.
909 4554 928 4626 ί
971 4573 1146 4627 Βαϐαὶ
1192 4574 1294 4642 τῆς
1343 4571 1565 4635 ἀνοίαςῑ
1602 4572 1732 4641 Ὀρ-

154 4684 317 4738 χησις
366 4669 631 4734 νεάνιδος,
676 4667 774 4740 τὴν
814 4665 1084 4737 βασιλέως
1132 4664 1403 4735 ἐθήρασεν
1442 4663 1726 4734 φρόνησιν.

1833 3475 2100 3545 regnavit.
2127 3474 2410 3542 Cupiditas
2457 3473 2701 3541 quidem,
2746 3489 2813 3526 ne
2847 3474 2970 3528 ullis
3000 3473 3225 3542 quidem
3258 3474 3414 3529 adhi-

1832 3567 1963 3621 bitis
2018 3565 2311 3628 machinis,
2347 3565 2546 3618 tneutis
2599 3573 2707 3618 tua:
2741 3579 2926 3618 arcem
2960 3565 3271 3620 obsidionis
3299 3566 3417 3636 lege

1807 3659 2074 3735 icapiens,
2111 3670 2175 3709 ac
2227 3670 2328 3709 ceu
2364 3669 2569 3723 praeses
2615 3654 2787 3710 nescii
2821 3656 2935 3723 regi
2963 3656 3132 3709 animi
3178 3656 3282 3717 tui.
3316 3670 3415 3710 ex-

1832 3750 2037 3804 sisteus
2068 3767 2080 3801 :
2108 3747 2188 3801 ira
2229 3757 2411 3801 autem
2465 3745 2655 3799 tandiu
2690 3747 2999 3815 captivans,
3028 3747 3203 3800 donec
3236 3748 3288 3801 in
3324 3748 3410 3802 in-

1833 3839 1970 3895 ferni
2006 3840 2283 3909 laqueum,
2313 3852 2380 3893 ac
2402 3853 2716 3908 supremam
2743 3839 3016 3892 malorum
3048 3820 3412 3909 charybdim.

1831 3931 1980 3985 dedit
2005 3930 2361 4000 praecipitem.
2404 3930 2485 3982 An
2520 3944 2630 3982 non
2664 3928 2781 3985 haec
2812 3929 2896 3982 via
2935 3931 3153 3982 illorum
3185 3938 3271 3984 est
3318 3929 3414 4000 qui

1833 4025 2068 4079 scelesta
2127 4022 2385 4092 patranti
2430 4019 2571 4076 Num
2636 4023 2819 4087 aliter,
2873 4021 3078 4077 divinae
3144 4022 3418 4077 obnoxius

1834 4116 2053 4179 ultioni,
2107 4117 2173 4169 ad
2237 4129 2455 4185 poenam
2510 4113 2914 4191 examinandos
2961 4114 3154 4185 putas?
3203 4113 3415 4191 Rursus

1833 4223 1963 4264 vero
1988 4193 2359 4277 evangelicam
2389 4220 2577 4262 vocem
2614 4190 2931 4263 audiamus.

1910 4407 1928 4439 ε
1963 4386 2100 4443 Cum
2125 4383 2386 4459 Herodis,
2420 4383 2621 4455 inquit,
2652 4382 2905 4438 natalitia
2937 4391 3260 4454 agerentur,
3298 4384 3416 4440 sal-

1834 4480 1968 4533 tavit
1998 4476 2327 4533 licrbdiadis
2362 4475 2470 4529 ﬁlia
2502 4474 2557 4529 in
2587 4473 2789 4538 medio,
2818 4482 2874 4529 et
2903 4474 3108 4544 placuit
3138 4474 3363 4529 Herodi.
3391 4492 3411 4525 ι

1832 4569 2174 4626 Amentiam!
2217 4566 2450 4621 Saltatio
2495 4563 2940 4630 adulescentulas,
2981 4564 3126 4634 regis
3158 4561 3418 4633 pruden-

1836 4663 1966 4717 tiam
2005 4659 2172 4731 cepit.
2206 4658 2390 4714 Fracti
2431 4671 2692 4712 manuum
2725 4663 2941 4721 motus,
2973 4655 3284 4726 pedumque
3314 4654 3418 4709 im-

152 4762 366 4835 Χειρῶν
395 4762 748 4826 ἀνακλάσεις,
788 4763 879 4814 καὶ
906 4759 1083 4813 ποδῶν
1110 4757 1387 4829 λυγισμοὶ,
1426 4758 1523 4811 καὶ
1553 4755 1722 4825 μελῶν

1914 4752 2025 4808 dici
2072 4749 2268 4814 ﬂexus,
2294 4764 2360 4803 ac
2393 4747 2637 4804 membra
2688 4747 2755 4802 ad
2786 4746 3058 4801 luxuriam
3105 4746 3308 4812 soluta,
3334 4746 3420 4799 lir-

154 4853 425 4918 ικλύσεις,
491 4853 552 4907 τὸ
590 4851 821 4925 στερρὸν
858 4850 956 4905 τοῦ
1000 4848 1267 4918 βασιλέως
1307 4846 1568 4913 ὲξέλυσαν
1597 4845 1731 4915 φρό-

151 4963 322 5019 νημα.
358 4949 474 5001 Οὐκ
506 4947 747 5019 ἦκουσας
778 4943 869 4999 τὸν
923 4941 1193 4995 Φιλίππου
1234 4940 1606 5009 Ἀλέξανδρον,
1639 4938 1733 4991 ἐπὶ

149 5042 269 5104 ταῖς
302 5038 530 5109 Δαρείου
559 5036 897 5107 θυγατράσιν
917 5031 1398 5106 προσενεχθείσαις
1425 5029 1573 5100 αὐτῷ
1594 5028 1732 5100 πρὸς

1839 4855 1987 4899 mum
2022 4856 2086 4897 ac
2137 4840 2371 4899 solidum
2404 4839 2552 4911 regis
2607 4852 2830 4895 sensum
2889 4848 3245 4892 enervarunt.
3294 4835 3416 4891 Non

1838 4930 2096 4987 audivisti
2158 4929 2529 4985 Alexandrum
2581 4926 2820 4998 Philippi
2885 4926 3056 4983 {ilium
3119 4927 3321 4982 oblatis
3349 4925 3418 4979 ad

1841 5024 2201 5081 concubitum
2239 5021 2383 5076 Darii
2420 5020 2636 5077 ﬁliabus
2680 5019 2832 5093 (ἓξ),
2862 5021 3033 5092 regali
3069 5018 3237 5075 animi
3275 5032 3418 5090 pra:-

1477 5201 1864 5263 COMBEFISII
1899 5198 2126 5259 ΝΟΤᾹΞ.

215 5352 341 5420 (2|)
394 5348 482 5404 Uti
532 5349 619 5403 ira
672 5346 739 5400 iis
796 5344 1231 5420 obsequens.“
1275 5342 1448 5420 θυμὸς
1506 5342 1734 5420 ταύταις

100 5413 668 5494 εξυπήρετούμενος
698 5434 727 5494 ο.
764 5413 1021 5494 nimirum
1066 5414 1421 5494 tjﬁxpaaiq
1466 5416 1561 5466 καὶ
1612 5413 1731 5494 Epil-

111 5484 587 5560 umquam
626 5488 764 5542 Male
800 5488 1070 5560 interpres
1106 5484 1412 5560 Lipontan't.
1447 5499 1546 5551 pro
1576 5484 1732 5560 obse-

139 5553 201 5628 ἡ
221 5553 331 5617 -eus
363 5553 427 5615 ac
461 5553 805 5622 ministrans,
831 5557 1087 5628 reddidit,
1117 5553 1439 5617 dominans;
1466 5553 1613 5628 quod
1644 5560 1731 5607 est

163 5624 400 5697 alienum
440 5645 567 5684 cum
606 5644 637 5682 a
676 5625 1040 5697 phil030pltia,
1071 5635 1185 5679 tum
1218 5640 1258 5697 7a
1296 5632 1443 5697 textu
1478 5624 1728 5697 dndreae.

168 5694 320 5757 “eest
378 5702 545 5756 etiam
596 5691 735 5769 apud
772 5691 909 5755 (μυί
950 5697 1031 5759 τὸ,
1077 5699 1169 5769 τὸν
1210 5691 1360 5759 ἐντὸς
1408 5692 1727 5765 ἄνθρωπον*

166 5772 307 5843 qugd
342 5770 570 5829 omnino
597 5764 996 5825 restituendum
1028 5782 1093 5822 ex
1133 5764 1267 5837 Reg.

1820 5332 1835 5341 ”
1911 5339 2022 5408 (22)
2070 5337 2279 5408 Oblalis
2312 5336 2382 5390 ad
2434 5336 2766 5390 concubitum
2820 5331 2976 5408 Darii
3018 5327 3255 5408 ﬁliabus.
3295 5327 3415 5381 ‘i‘ni

1836 5398 1956 5472 ταῖς
1989 5398 2559 5479 Δαρείου-θυγατρᾴσι
2581 5401 3096 5479 -πριοσενεχθείσαιᾳ
3143 5398 3417 5479 Interprcs

1839 5468 2172 5550 Lipomaiti:
2205 5468 2949 5550 Sgpt§m_'1)arii_'ﬁlies,'etc.
2987 5468 3176 5524 Putem
3221 5470 3418 5550 legisse

1837 5545 1999 5609 ἓπτα.
2032 5549 2153 5602 ἀντὶ
2186 5547 2307 5611 τοῦ,
2332 5546 2454 5598 ὲπί·
2485 5545 2630 5613 quod
2658 5547 2797 5598 satis
2825 5557 3070 5594 crassum
3103 5553 3167 5592 ac
3191 5545 3420 5613 ridicu-

1839 5622 1949 5673 lum
1983 5608 2086 5673 est.
2115 5618 2260 5672 Duas
2284 5608 2384 5686 ego
2416 5608 2908 5689 sic‘oblatasjlege,
2931 5621 3124 5689 _castas
3146 5608 3417 5689 virgines,

1836 5706 1899 5744 ac
1926 5689 2100 5743 forma
2129 5680 2386 5749 decursis,
2417 5700 2653 5755 quarum
2698 5680 3009 5755 Alexander
3054 5680 3249 5749 pudori
3280 5694 3418 5735 can-

1834 5760 2066 5816 suluerit
2095 5778 2107 5814 :
2137 5772 2244 5830 qua
2277 5759 2345 5812 de
2381 5752 2449 5812 ω’
2470 5759 2657 5810 multis
2693 5758 2746 5810 iu
2781 5771 2848 5810 eu
2877 5752 3230 5808 Plutarchus.
