  <div class='ocr_page' id='page_1' title='image "/cluster/home/n/w/nwhite01/storage/ocr_20150623/97/hvd.32044073502130/608.png"; bbox 0 0 3790 6202; ppageno 0'>
   <div class='ocr_carea' id='block_1_1' title="bbox 152 344 273 415">
    <p class='ocr_par' dir='ltr' id='par_1_1' title="bbox 152 344 273 415">
     <span class='ocr_line' id='line_1_1' title="bbox 152 344 273 415; baseline 0.05 -5"><span class='ocrx_word' id='word_1_1' title='bbox 152 344 273 415; x_wconf 73' lang='grc'><strong>1125</strong></span> 
     </span>
    </p>
   </div>
   <div class='ocr_carea' id='block_1_2' title="bbox 1154 368 2381 437">
    <p class='ocr_par' dir='ltr' id='par_1_2' title="bbox 1154 368 2381 437">
     <span class='ocr_line' id='line_1_2' title="bbox 1154 368 2381 437; baseline 0.003 -10"><span class='ocrx_word' id='word_1_2' title='bbox 1154 368 1236 429; x_wconf 89' lang='grc' dir='ltr'><strong>ΙΝ</strong></span> <span class='ocrx_word' id='word_1_3' title='bbox 1266 370 1330 431; x_wconf 82' lang='grc'><strong>8.</strong></span> <span class='ocrx_word' id='word_1_4' title='bbox 1366 368 1609 430; x_wconf 82' lang='lat' dir='ltr'><strong>JOANN</strong></span> <span class='ocrx_word' id='word_1_5' title='bbox 1616 370 1687 431; x_wconf 83' lang='lat' dir='ltr'><strong>IS</strong></span> <span class='ocrx_word' id='word_1_6' title='bbox 1726 370 2381 437; x_wconf 79' lang='lat' dir='ltr'><strong>DECOLLATIONEM.</strong></span> 
     </span>
    </p>
   </div>
   <div class='ocr_carea' id='block_1_3' title="bbox 3240 386 3370 452">
    <p class='ocr_par' dir='ltr' id='par_1_3' title="bbox 3240 386 3370 452">
     <span class='ocr_line' id='line_1_3' title="bbox 3240 386 3370 452; baseline -0.008 0"><span class='ocrx_word' id='word_1_7' title='bbox 3240 386 3370 452; x_wconf 68' lang='lat'><strong>11:26</strong></span> 
     </span>
    </p>
   </div>
   <div class='ocr_carea' id='block_1_4' title="bbox 147 466 1688 564">
    <p class='ocr_par' dir='ltr' id='par_1_4' title="bbox 147 466 1688 549">
     <span class='ocr_line' id='line_1_4' title="bbox 147 466 1688 549; baseline 0.006 -28"><span class='ocrx_word' id='word_1_8' title='bbox 147 486 260 538; x_wconf 76' lang='grc' dir='ltr'><strong>μου.</strong></span> <span class='ocrx_word' id='word_1_9' title='bbox 281 486 301 520; x_wconf 75' lang='grc' dir='ltr'><strong>ι</strong></span> <span class='ocrx_word' id='word_1_10' title='bbox 331 466 518 534; x_wconf 77' lang='grc' dir='ltr'><strong>Οὕτως</strong></span> <span class='ocrx_word' id='word_1_11' title='bbox 545 469 855 540; x_wconf 72' lang='grc' dir='ltr'><strong>ἀφύλακτος</strong></span> <span class='ocrx_word' id='word_1_12' title='bbox 886 469 970 541; x_wconf 63' lang='lat' dir='ltr'><strong>ei;</strong></span> <span class='ocrx_word' id='word_1_13' title='bbox 1017 474 1190 539; x_wconf 79' lang='grc' dir='ltr'><strong>οὕτως</strong></span> <span class='ocrx_word' id='word_1_14' title='bbox 1223 475 1475 549; x_wconf 76' lang='grc' dir='ltr'><strong>εὐχερὴς,</strong></span> <span class='ocrx_word' id='word_1_15' title='bbox 1501 477 1573 541; x_wconf 83' lang='grc' dir='ltr'><strong>ὡς</strong></span> <span class='ocrx_word' id='word_1_16' title='bbox 1619 479 1688 549; x_wconf 74' lang='grc' dir='ltr'><strong>μή</strong></span> 
     </span>
    </p>
   </div>
   <div class='ocr_carea' id='block_1_5' title="bbox 1804 466 3377 564">
    <p class='ocr_par' dir='ltr' id='par_1_5' title="bbox 1804 479 3377 564">
     <span class='ocr_line' id='line_1_5' title="bbox 1804 479 3377 564; baseline 0.015 -33"><span class='ocrx_word' id='word_1_17' title='bbox 1804 479 2056 550; x_wconf 85' lang='lat' dir='ltr'><strong>prolapsa</strong></span> <span class='ocrx_word' id='word_1_18' title='bbox 2082 484 2155 537; x_wconf 87' lang='lat' dir='ltr'><strong>sit</strong></span> <span class='ocrx_word' id='word_1_19' title='bbox 2180 485 2605 557; x_wconf 82' lang='lat' dir='ltr'><strong>absurditatem,</strong></span> <span class='ocrx_word' id='word_1_20' title='bbox 2642 488 3001 564; x_wconf 86' lang='lat' dir='ltr'><strong>jurisjurandi</strong></span> <span class='ocrx_word' id='word_1_21' title='bbox 3040 511 3171 554; x_wconf 84' lang='lat' dir='ltr'><strong>voce</strong></span> <span class='ocrx_word' id='word_1_22' title='bbox 3212 507 3377 556; x_wconf 77' lang='lat' dir='ltr'><strong>tenus</strong></span> 
     </span>
    </p>
   </div>
   <div class='ocr_carea' id='block_1_6' title="bbox 145 559 1691 639">
    <p class='ocr_par' dir='ltr' id='par_1_6' title="bbox 145 559 1691 639">
     <span class='ocr_line' id='line_1_6' title="bbox 145 559 1691 639; baseline 0.006 -27"><span class='ocrx_word' id='word_1_23' title='bbox 145 560 303 632; x_wconf 79' lang='grc' dir='ltr'><strong>μίτρα</strong></span> <span class='ocrx_word' id='word_1_24' title='bbox 328 559 517 615; x_wconf 72' lang='grc' dir='ltr'><strong>θέσθαι</strong></span> <span class='ocrx_word' id='word_1_25' title='bbox 542 564 655 626; x_wconf 74' lang='grc' dir='ltr'><strong>σοῖς</strong></span> <span class='ocrx_word' id='word_1_26' title='bbox 678 564 961 636; x_wconf 74' lang='grc' dir='ltr'><strong>λογισμοῖς</strong></span> <span class='ocrx_word' id='word_1_27' title='bbox 980 582 995 597; x_wconf 74' lang='grc' dir='ltr'><strong><em>ο</em></strong></span> <span class='ocrx_word' id='word_1_28' title='bbox 1034 567 1194 638; x_wconf 72' lang='grc' dir='ltr'><strong>μηδὲ,</strong></span> <span class='ocrx_word' id='word_1_29' title='bbox 1223 568 1361 639; x_wconf 77' lang='grc' dir='ltr'><strong>ὅπερ</strong></span> <span class='ocrx_word' id='word_1_30' title='bbox 1395 568 1495 621; x_wconf 81' lang='grc' dir='ltr'><strong>οὐκ</strong></span> <span class='ocrx_word' id='word_1_31' title='bbox 1524 568 1691 639; x_wconf 70' lang='grc' dir='ltr'><strong>ἐχρῆν</strong></span> 
     </span>
    </p>
   </div>
   <div class='ocr_carea' id='block_1_7' title="bbox 143 651 1692 729">
    <p class='ocr_par' dir='ltr' id='par_1_7' title="bbox 143 651 1692 729">
     <span class='ocr_line' id='line_1_7' title="bbox 143 651 1692 729; baseline 0.008 -26"><span class='ocrx_word' id='word_1_32' title='bbox 143 651 499 716; x_wconf 76' lang='grc' dir='ltr'><strong>ἀϐασανίστως</strong></span> <span class='ocrx_word' id='word_1_33' title='bbox 551 656 936 727; x_wconf 78' lang='grc' dir='ltr'><strong>προσήκασθαι</strong></span> <span class='ocrx_word' id='word_1_34' title='bbox 992 657 1263 726; x_wconf 83' lang='grc' dir='ltr'><strong>συνιδεῖν;</strong></span> <span class='ocrx_word' id='word_1_35' title='bbox 1308 660 1511 714; x_wconf 80' lang='grc' dir='ltr'><strong>Σκόπει</strong></span> <span class='ocrx_word' id='word_1_36' title='bbox 1554 659 1692 729; x_wconf 75' lang='grc' dir='ltr'><strong>πρὸς</strong></span> 
     </span>
    </p>
   </div>
   <div class='ocr_carea' id='block_1_8' title="bbox 142 742 1693 819">
    <p class='ocr_par' dir='ltr' id='par_1_8' title="bbox 142 742 1693 819">
     <span class='ocr_line' id='line_1_8' title="bbox 142 742 1693 819; baseline 0.005 -22"><span class='ocrx_word' id='word_1_37' title='bbox 142 743 252 797; x_wconf 72' lang='grc' dir='ltr'><strong>ὅσον</strong></span> <span class='ocrx_word' id='word_1_38' title='bbox 273 742 522 807; x_wconf 79' lang='grc' dir='ltr'><strong>ἀϐουλίας</strong></span> <span class='ocrx_word' id='word_1_39' title='bbox 549 744 811 817; x_wconf 74' lang='grc' dir='ltr'><strong>ἐξηνέχθη</strong></span> <span class='ocrx_word' id='word_1_40' title='bbox 837 763 941 811; x_wconf 82' lang='grc' dir='ltr'><strong>σοι,</strong></span> <span class='ocrx_word' id='word_1_41' title='bbox 972 747 1035 802; x_wconf 82' lang='grc' dir='ltr'><strong>τὺ</strong></span> <span class='ocrx_word' id='word_1_42' title='bbox 1056 748 1345 819; x_wconf 72' lang='grc' dir='ltr'><strong>προπετῶς</strong></span> <span class='ocrx_word' id='word_1_43' title='bbox 1374 749 1591 819; x_wconf 82' lang='grc' dir='ltr'><strong>ὀμόσαι’</strong></span> <span class='ocrx_word' id='word_1_44' title='bbox 1618 748 1693 804; x_wconf 83' lang='grc' dir='ltr'><strong>Τὸ</strong></span> 
     </span>
    </p>
   </div>
   <div class='ocr_carea' id='block_1_9' title="bbox 140 833 1691 913">
    <p class='ocr_par' dir='ltr' id='par_1_9' title="bbox 140 833 1691 913">
     <span class='ocr_line' id='line_1_9' title="bbox 140 833 1691 913; baseline 0.005 -24"><span class='ocrx_word' id='word_1_45' title='bbox 140 833 191 889; x_wconf 66' lang='grc' dir='ltr'><strong>δὲ</strong></span> <span class='ocrx_word' id='word_1_46' title='bbox 212 834 600 905; x_wconf 78' lang='grc' dir='ltr'><strong>συνηρπάσθαι,</strong></span> <span class='ocrx_word' id='word_1_47' title='bbox 624 836 687 890; x_wconf 79' lang='grc' dir='ltr'><strong>οὗ</strong></span> <span class='ocrx_word' id='word_1_48' title='bbox 718 855 862 909; x_wconf 85' lang='grc' dir='ltr'><strong>φημι</strong></span> <span class='ocrx_word' id='word_1_49' title='bbox 894 839 1174 910; x_wconf 78' lang='grc' dir='ltr'><strong>βασιλικὸν</strong></span> <span class='ocrx_word' id='word_1_50' title='bbox 1214 835 1357 895; x_wconf 75' lang='grc' dir='ltr'><strong>εἶναι</strong></span> <span class='ocrx_word' id='word_1_51' title='bbox 1378 842 1691 913; x_wconf 83' lang='grc' dir='ltr'><strong>γνώρισμα,</strong></span> 
     </span>
    </p>
   </div>
   <div class='ocr_carea' id='block_1_10' title="bbox 144 930 1694 1005">
    <p class='ocr_par' dir='ltr' id='par_1_10' title="bbox 144 930 1694 1005">
     <span class='ocr_line' id='line_1_10' title="bbox 144 930 1694 1005; baseline 0.002 -20"><span class='ocrx_word' id='word_1_52' title='bbox 144 931 523 1003; x_wconf 71' lang='grc' dir='ltr'><strong>ἀθυροστομίας</strong></span> <span class='ocrx_word' id='word_1_53' title='bbox 538 932 596 985; x_wconf 65' lang='grc' dir='ltr'><strong>δὲ</strong></span> <span class='ocrx_word' id='word_1_54' title='bbox 621 930 792 995; x_wconf 77' lang='grc' dir='ltr'><strong>πάθος</strong></span> <span class='ocrx_word' id='word_1_55' title='bbox 816 933 1055 1004; x_wconf 79' lang='grc' dir='ltr'><strong>ἁκρατές</strong></span> <span class='ocrx_word' id='word_1_56' title='bbox 1067 951 1081 963; x_wconf 79' lang='grc'><em>’</em></span> <span class='ocrx_word' id='word_1_57' title='bbox 1097 934 1235 1005; x_wconf 83' lang='grc' dir='ltr'><strong>ὅπερ</strong></span> <span class='ocrx_word' id='word_1_58' title='bbox 1253 932 1415 997; x_wconf 82' lang='grc' dir='ltr'><strong>αὐτὸς</strong></span> <span class='ocrx_word' id='word_1_59' title='bbox 1431 932 1694 1001; x_wconf 77' lang='grc' dir='ltr'><strong>ὑποστὰς,</strong></span> 
     </span>
    </p>
   </div>
   <div class='ocr_carea' id='block_1_11' title="bbox 143 1022 1697 1096">
    <p class='ocr_par' dir='ltr' id='par_1_11' title="bbox 143 1022 1697 1096">
     <span class='ocr_line' id='line_1_11' title="bbox 143 1022 1697 1096; baseline 0.001 -20"><span class='ocrx_word' id='word_1_60' title='bbox 143 1023 193 1076; x_wconf 76' lang='grc' dir='ltr'><strong>τὺ</strong></span> <span class='ocrx_word' id='word_1_61' title='bbox 248 1023 320 1094; x_wconf 75' lang='grc' dir='ltr'><strong>μὴ</strong></span> <span class='ocrx_word' id='word_1_62' title='bbox 366 1022 696 1094; x_wconf 76' lang='grc' dir='ltr'><strong>κεκριμένον</strong></span> <span class='ocrx_word' id='word_1_63' title='bbox 746 1022 914 1088; x_wconf 73' lang='grc' dir='ltr'><strong>ἐδέξω</strong></span> <span class='ocrx_word' id='word_1_64' title='bbox 951 1024 1026 1088; x_wconf 86' lang='grc' dir='ltr'><strong>ὡς</strong></span> <span class='ocrx_word' id='word_1_65' title='bbox 1053 1024 1404 1096; x_wconf 82' lang='grc' dir='ltr'><strong>κεκριμένον.</strong></span> <span class='ocrx_word' id='word_1_66' title='bbox 1442 1024 1697 1088; x_wconf 80' lang='grc' dir='ltr'><strong>Τοιοῦτος</strong></span> 
     </span>
    </p>
   </div>
   <div class='ocr_carea' id='block_1_12' title="bbox 146 1114 1693 1193">
    <p class='ocr_par' dir='ltr' id='par_1_12' title="bbox 146 1114 1693 1193">
     <span class='ocr_line' id='line_1_12' title="bbox 146 1114 1693 1193; baseline 0 -25"><span class='ocrx_word' id='word_1_67' title='bbox 146 1114 241 1187; x_wconf 80' lang='grc' dir='ltr'><strong>γὰρ</strong></span> <span class='ocrx_word' id='word_1_68' title='bbox 282 1115 426 1179; x_wconf 73' lang='grc' dir='ltr'><strong>ἄπας</strong></span> <span class='ocrx_word' id='word_1_69' title='bbox 466 1114 591 1179; x_wconf 82' lang='grc' dir='ltr'><strong>νοῦς</strong></span> <span class='ocrx_word' id='word_1_70' title='bbox 609 1115 964 1186; x_wconf 78' lang='grc' dir='ltr'><strong>ἀχαλίνωτος,</strong></span> <span class='ocrx_word' id='word_1_71' title='bbox 997 1115 1093 1168; x_wconf 80' lang='grc' dir='ltr'><strong>καὶ</strong></span> <span class='ocrx_word' id='word_1_72' title='bbox 1143 1115 1302 1185; x_wconf 83' lang='grc' dir='ltr'><strong>λόγος</strong></span> <span class='ocrx_word' id='word_1_73' title='bbox 1341 1114 1655 1193; x_wconf 70' lang='grc' dir='ltr'><strong>ᾁφύλακτος</strong></span> <span class='ocrx_word' id='word_1_74' title='bbox 1679 1131 1693 1146; x_wconf 86' lang='grc'><strong>·</strong></span> 
     </span>
    </p>
   </div>
   <div class='ocr_carea' id='block_1_13' title="bbox 145 1204 1716 1276">
    <p class='ocr_par' dir='ltr' id='par_1_13' title="bbox 145 1204 1716 1276">
     <span class='ocr_line' id='line_1_13' title="bbox 145 1204 1716 1276; baseline -0.001 -19"><span class='ocrx_word' id='word_1_75' title='bbox 145 1205 211 1276; x_wconf 83' lang='grc' dir='ltr'><strong>μὴ</strong></span> <span class='ocrx_word' id='word_1_76' title='bbox 237 1205 330 1275; x_wconf 84' lang='grc' dir='ltr'><strong>τῆς</strong></span> <span class='ocrx_word' id='word_1_77' title='bbox 377 1204 476 1258; x_wconf 79' lang='grc' dir='ltr'><strong>τοῦ</strong></span> <span class='ocrx_word' id='word_1_78' title='bbox 524 1204 690 1258; x_wconf 82' lang='grc' dir='ltr'><strong>καλοῦ</strong></span> <span class='ocrx_word' id='word_1_79' title='bbox 727 1205 963 1276; x_wconf 79' lang='grc' dir='ltr'><strong>κρίσεως</strong></span> <span class='ocrx_word' id='word_1_80' title='bbox 993 1205 1395 1276; x_wconf 75' lang='grc' dir='ltr'><strong>ὲπιστατούσης</strong></span> <span class='ocrx_word' id='word_1_81' title='bbox 1430 1208 1542 1271; x_wconf 84' lang='grc' dir='ltr'><strong>τοῖς</strong></span> <span class='ocrx_word' id='word_1_82' title='bbox 1562 1205 1716 1276; x_wconf 84' lang='grc' dir='ltr'><strong>λογι-</strong></span> 
     </span>
    </p>
   </div>
   <div class='ocr_carea' id='block_1_14' title="bbox 140 1295 1706 1372">
    <p class='ocr_par' dir='ltr' id='par_1_14' title="bbox 140 1295 1706 1372">
     <span class='ocr_line' id='line_1_14' title="bbox 140 1295 1706 1372; baseline 0.003 -24"><span class='ocrx_word' id='word_1_83' title='bbox 140 1298 305 1365; x_wconf 75' lang='grc' dir='ltr'><strong>σμοῖς,</strong></span> <span class='ocrx_word' id='word_1_84' title='bbox 325 1296 460 1351; x_wconf 76' lang='grc' dir='ltr'><strong>ἀλλὰ</strong></span> <span class='ocrx_word' id='word_1_85' title='bbox 472 1296 734 1351; x_wconf 79' lang='grc' dir='ltr'><strong>τάναντία</strong></span> <span class='ocrx_word' id='word_1_86' title='bbox 753 1297 886 1368; x_wconf 78' lang='grc' dir='ltr'><strong>δρᾷν</strong></span> <span class='ocrx_word' id='word_1_87' title='bbox 899 1295 997 1350; x_wconf 79' lang='grc' dir='ltr'><strong>τοῦ</strong></span> <span class='ocrx_word' id='word_1_88' title='bbox 1022 1296 1116 1351; x_wconf 79' lang='grc' dir='ltr'><strong>νοῦ</strong></span> <span class='ocrx_word' id='word_1_89' title='bbox 1134 1296 1210 1369; x_wconf 79' lang='grc' dir='ltr'><strong>μὴ</strong></span> <span class='ocrx_word' id='word_1_90' title='bbox 1224 1298 1548 1364; x_wconf 81' lang='grc' dir='ltr'><strong>κωλύοντος,</strong></span> <span class='ocrx_word' id='word_1_91' title='bbox 1572 1317 1706 1372; x_wconf 81' lang='grc' dir='ltr'><strong>προ·-</strong></span> 
     </span>
    </p>
   </div>
   <div class='ocr_carea' id='block_1_15' title="bbox 1795 572 3376 654">
    <p class='ocr_par' dir='ltr' id='par_1_15' title="bbox 1795 572 3376 654">
     <span class='ocr_line' id='line_1_15' title="bbox 1795 572 3376 654; baseline 0.016 -31"><span class='ocrx_word' id='word_1_92' title='bbox 1795 572 2075 641; x_wconf 89' lang='lat' dir='ltr'><strong>prolatio?</strong></span> <span class='ocrx_word' id='word_1_93' title='bbox 2098 575 2291 647; x_wconf 78' lang='lat' dir='ltr'><strong>Magna</strong></span> <span class='ocrx_word' id='word_1_94' title='bbox 2316 579 2552 646; x_wconf 87' lang='lat' dir='ltr'><strong>insania,</strong></span> <span class='ocrx_word' id='word_1_95' title='bbox 2594 586 2798 641; x_wconf 88' lang='lat' dir='ltr'><strong>mentis</strong></span> <span class='ocrx_word' id='word_1_96' title='bbox 2816 590 3054 654; x_wconf 64' lang='lat' dir='ltr'><strong>caecitas,</strong></span> <span class='ocrx_word' id='word_1_97' title='bbox 3079 606 3376 648; x_wconf 64' lang='lat' dir='ltr'><strong>sensuum-</strong></span> 
     </span>
    </p>
   </div>
   <div class='ocr_carea' id='block_1_16' title="bbox 1797 664 3376 753">
    <p class='ocr_par' dir='ltr' id='par_1_16' title="bbox 1797 664 3376 753">
     <span class='ocr_line' id='line_1_16' title="bbox 1797 664 3376 753; baseline 0.015 -37"><span class='ocrx_word' id='word_1_98' title='bbox 1797 677 1906 729; x_wconf 81' lang='lat' dir='ltr'><strong>quo</strong></span> <span class='ocrx_word' id='word_1_99' title='bbox 1964 664 2265 733; x_wconf 86' lang='lat' dir='ltr'><strong>hebetudo,</strong></span> <span class='ocrx_word' id='word_1_100' title='bbox 2320 670 2463 727; x_wconf 89' lang='lat' dir='ltr'><strong>hanc</strong></span> <span class='ocrx_word' id='word_1_101' title='bbox 2513 675 2612 729; x_wconf 89' lang='lat' dir='ltr'><strong>tibi</strong></span> <span class='ocrx_word' id='word_1_102' title='bbox 2666 679 2960 735; x_wconf 94' lang='lat' dir='ltr'><strong>stultitiam</strong></span> <span class='ocrx_word' id='word_1_103' title='bbox 3020 698 3376 753; x_wconf 86' lang='lat' dir='ltr'><strong>pepererunt.</strong></span> 
     </span>
    </p>
   </div>
   <div class='ocr_carea' id='block_1_17' title="bbox 1804 753 3376 845">
    <p class='ocr_par' dir='ltr' id='par_1_17' title="bbox 1804 753 3376 845">
     <span class='ocr_line' id='line_1_17' title="bbox 1804 753 3376 845; baseline 0.015 -37"><span class='ocrx_word' id='word_1_104' title='bbox 1804 774 1825 808; x_wconf 82' lang='grc' dir='ltr'><strong>ι</strong></span> <span class='ocrx_word' id='word_1_105' title='bbox 1858 753 1991 811; x_wconf 89' lang='lat' dir='ltr'><strong>Pete</strong></span> <span class='ocrx_word' id='word_1_106' title='bbox 2019 771 2048 809; x_wconf 83' lang='lat' dir='ltr'><strong>a</strong></span> <span class='ocrx_word' id='word_1_107' title='bbox 2081 773 2168 814; x_wconf 92' lang='lat' dir='ltr'><strong>me</strong></span> <span class='ocrx_word' id='word_1_108' title='bbox 2196 761 2345 830; x_wconf 66' lang='lat' dir='ltr'><strong>Quod</strong></span> <span class='ocrx_word' id='word_1_109' title='bbox 2377 763 2638 835; x_wconf 87' lang='lat' dir='ltr'><strong>volueris,</strong></span> <span class='ocrx_word' id='word_1_110' title='bbox 2670 779 2724 823; x_wconf 91' lang='lat' dir='ltr'><strong>et</strong></span> <span class='ocrx_word' id='word_1_111' title='bbox 2748 770 2893 826; x_wconf 83' lang='lat' dir='ltr'><strong>dabo</strong></span> <span class='ocrx_word' id='word_1_112' title='bbox 2936 772 3056 837; x_wconf 93' lang='lat' dir='ltr'><strong>tibi,</strong></span> <span class='ocrx_word' id='word_1_113' title='bbox 3090 790 3265 845; x_wconf 85' lang='lat' dir='ltr'><strong>usque</strong></span> <span class='ocrx_word' id='word_1_114' title='bbox 3306 777 3376 831; x_wconf 89' lang='lat' dir='ltr'><strong>ad</strong></span> 
     </span>
    </p>
   </div>
   <div class='ocr_carea' id='block_1_18' title="bbox 1800 845 3376 928">
    <p class='ocr_par' dir='ltr' id='par_1_18' title="bbox 1800 845 3376 928">
     <span class='ocr_line' id='line_1_18' title="bbox 1800 845 3376 928; baseline 0.013 -27"><span class='ocrx_word' id='word_1_115' title='bbox 1800 845 2090 902; x_wconf 88' lang='lat' dir='ltr'><strong>dimidium</strong></span> <span class='ocrx_word' id='word_1_116' title='bbox 2120 850 2271 920; x_wconf 93' lang='lat' dir='ltr'><strong>regni</strong></span> <span class='ocrx_word' id='word_1_117' title='bbox 2318 853 2444 908; x_wconf 90' lang='lat' dir='ltr'><strong>mei.</strong></span> <span class='ocrx_word' id='word_1_118' title='bbox 2500 874 2520 908; x_wconf 76' lang='grc' dir='ltr'><strong>ι</strong></span> <span class='ocrx_word' id='word_1_119' title='bbox 2581 857 2734 915; x_wconf 85' lang='lat' dir='ltr'><strong>Adeo</strong></span> <span class='ocrx_word' id='word_1_120' title='bbox 2802 862 3060 920; x_wconf 89' lang='lat' dir='ltr'><strong>incautus</strong></span> <span class='ocrx_word' id='word_1_121' title='bbox 3100 881 3183 928; x_wconf 89' lang='lat' dir='ltr'><strong>es,</strong></span> <span class='ocrx_word' id='word_1_122' title='bbox 3235 868 3376 924; x_wconf 86' lang='lat' dir='ltr'><strong>adeo</strong></span> 
     </span>
    </p>
   </div>
   <div class='ocr_carea' id='block_1_19' title="bbox 1802 937 3379 1018">
    <p class='ocr_par' dir='ltr' id='par_1_19' title="bbox 1802 937 3379 1018">
     <span class='ocr_line' id='line_1_19' title="bbox 1802 937 3379 1018; baseline 0.015 -25"><span class='ocrx_word' id='word_1_123' title='bbox 1802 937 1940 995; x_wconf 80' lang='lat' dir='ltr'><strong>levis</strong></span> <span class='ocrx_word' id='word_1_124' title='bbox 1965 947 2022 994; x_wconf 90' lang='lat' dir='ltr'><strong>et</strong></span> <span class='ocrx_word' id='word_1_125' title='bbox 2058 939 2265 1008; x_wconf 75' lang='lat' dir='ltr'><strong>facilis,</strong></span> <span class='ocrx_word' id='word_1_126' title='bbox 2290 952 2351 998; x_wconf 90' lang='lat' dir='ltr'><strong>ut</strong></span> <span class='ocrx_word' id='word_1_127' title='bbox 2378 961 2486 1002; x_wconf 88' lang='lat' dir='ltr'><strong>non</strong></span> <span class='ocrx_word' id='word_1_128' title='bbox 2529 953 2785 1017; x_wconf 84' lang='lat' dir='ltr'><strong>posueris</strong></span> <span class='ocrx_word' id='word_1_129' title='bbox 2814 957 3036 1011; x_wconf 91' lang='lat' dir='ltr'><strong>modum</strong></span> <span class='ocrx_word' id='word_1_130' title='bbox 3068 961 3379 1018; x_wconf 84' lang='lat' dir='ltr'><strong>rationibus</strong></span> 
     </span>
    </p>
   </div>
   <div class='ocr_carea' id='block_1_20' title="bbox 1801 1031 3383 1124">
    <p class='ocr_par' dir='ltr' id='par_1_20' title="bbox 1801 1031 3383 1124">
     <span class='ocr_line' id='line_1_20' title="bbox 1801 1031 3383 1124; baseline 0.016 -40"><span class='ocrx_word' id='word_1_131' title='bbox 1801 1031 1934 1098; x_wconf 83' lang='lat' dir='ltr'><strong>tuis,</strong></span> <span class='ocrx_word' id='word_1_132' title='bbox 1974 1047 2154 1106; x_wconf 82' lang='lat' dir='ltr'><strong>neque</strong></span> <span class='ocrx_word' id='word_1_133' title='bbox 2184 1043 2258 1124; x_wconf 78' lang='lat' dir='ltr'><strong>t_e,</strong></span> <span class='ocrx_word' id='word_1_134' title='bbox 2292 1037 2440 1107; x_wconf 89' lang='lat' dir='ltr'><strong>quod</strong></span> <span class='ocrx_word' id='word_1_135' title='bbox 2464 1046 2575 1095; x_wconf 75' lang='lat' dir='ltr'><strong>rion</strong></span> <span class='ocrx_word' id='word_1_136' title='bbox 2606 1052 2910 1113; x_wconf 87' lang='lat' dir='ltr'><strong>oporteret,</strong></span> <span class='ocrx_word' id='word_1_137' title='bbox 2938 1049 3061 1104; x_wconf 88' lang='lat' dir='ltr'><strong>sine</strong></span> <span class='ocrx_word' id='word_1_138' title='bbox 3095 1053 3383 1121; x_wconf 83' lang='lat' dir='ltr'><strong>probatio-</strong></span> 
     </span>
    </p>
   </div>
   <div class='ocr_carea' id='block_1_21' title="bbox 1801 1124 3380 1216">
    <p class='ocr_par' dir='ltr' id='par_1_21' title="bbox 1801 1124 3380 1216">
     <span class='ocr_line' id='line_1_21' title="bbox 1801 1124 3380 1216; baseline 0.015 -39"><span class='ocrx_word' id='word_1_139' title='bbox 1801 1137 1871 1179; x_wconf 90' lang='lat' dir='ltr'><strong>ne</strong></span> <span class='ocrx_word' id='word_1_140' title='bbox 1896 1136 1959 1178; x_wconf 86' lang='lat' dir='ltr'><strong>ac</strong></span> <span class='ocrx_word' id='word_1_141' title='bbox 1979 1124 2194 1194; x_wconf 80' lang='lat' dir='ltr'><strong>judicio</strong></span> <span class='ocrx_word' id='word_1_142' title='bbox 2232 1127 2523 1187; x_wconf 83' lang='lat' dir='ltr'><strong>admittere</strong></span> <span class='ocrx_word' id='word_1_143' title='bbox 2551 1133 2914 1193; x_wconf 86' lang='lat' dir='ltr'><strong>intellexeris.</strong></span> <span class='ocrx_word' id='word_1_144' title='bbox 2943 1139 3243 1199; x_wconf 88' lang='lat' dir='ltr'><strong>Considera</strong></span> <span class='ocrx_word' id='word_1_145' title='bbox 3267 1162 3380 1216; x_wconf 89' lang='lat' dir='ltr'><strong>quo</strong></span> 
     </span>
    </p>
   </div>
   <div class='ocr_carea' id='block_1_22' title="bbox 1801 1214 3379 1304">
    <p class='ocr_par' dir='ltr' id='par_1_22' title="bbox 1801 1214 3379 1304">
     <span class='ocr_line' id='line_1_22' title="bbox 1801 1214 3379 1304; baseline 0.015 -38"><span class='ocrx_word' id='word_1_146' title='bbox 1801 1226 1892 1269; x_wconf 90' lang='lat' dir='ltr'><strong>res</strong></span> <span class='ocrx_word' id='word_1_147' title='bbox 1947 1214 2201 1283; x_wconf 85' lang='lat' dir='ltr'><strong>cesserit,</strong></span> <span class='ocrx_word' id='word_1_148' title='bbox 2237 1227 2291 1273; x_wconf 90' lang='lat' dir='ltr'><strong>et</strong></span> <span class='ocrx_word' id='word_1_149' title='bbox 2333 1234 2496 1289; x_wconf 90' lang='lat' dir='ltr'><strong>quam</strong></span> <span class='ocrx_word' id='word_1_150' title='bbox 2530 1237 2728 1292; x_wconf 87' lang='lat' dir='ltr'><strong>parum</strong></span> <span class='ocrx_word' id='word_1_151' title='bbox 2765 1226 2819 1280; x_wconf 90' lang='lat' dir='ltr'><strong>in</strong></span> <span class='ocrx_word' id='word_1_152' title='bbox 2855 1234 2909 1282; x_wconf 91' lang='lat' dir='ltr'><strong>te</strong></span> <span class='ocrx_word' id='word_1_153' title='bbox 2939 1232 3155 1285; x_wconf 86' lang='lat' dir='ltr'><strong>consilii</strong></span> <span class='ocrx_word' id='word_1_154' title='bbox 3184 1214 3379 1304; x_wconf 84' lang='lat' dir='ltr'><strong>argue-</strong></span> 
     </span>
    </p>
   </div>
   <div class='ocr_carea' id='block_1_23' title="bbox 1798 1303 3377 1393">
    <p class='ocr_par' dir='ltr' id='par_1_23' title="bbox 1798 1303 3377 1393">
     <span class='ocr_line' id='line_1_23' title="bbox 1798 1303 3377 1393; baseline 0.011 -36"><span class='ocrx_word' id='word_1_155' title='bbox 1798 1303 1892 1369; x_wconf 88' lang='lat' dir='ltr'><strong>rit,</strong></span> <span class='ocrx_word' id='word_1_156' title='bbox 1916 1304 2064 1374; x_wconf 89' lang='lat' dir='ltr'><strong>quod</strong></span> <span class='ocrx_word' id='word_1_157' title='bbox 2103 1314 2311 1364; x_wconf 84' lang='lat' dir='ltr'><strong>temere</strong></span> <span class='ocrx_word' id='word_1_158' title='bbox 2339 1309 2640 1379; x_wconf 90' lang='lat' dir='ltr'><strong>juraveris.</strong></span> <span class='ocrx_word' id='word_1_159' title='bbox 2670 1313 2763 1369; x_wconf 90' lang='lat' dir='ltr'><strong>Sic</strong></span> <span class='ocrx_word' id='word_1_160' title='bbox 2786 1324 2965 1372; x_wconf 86' lang='lat' dir='ltr'><strong>autem</strong></span> <span class='ocrx_word' id='word_1_161' title='bbox 2990 1317 3153 1376; x_wconf 81' lang='lat' dir='ltr'><strong>facile</strong></span> <span class='ocrx_word' id='word_1_162' title='bbox 3183 1303 3377 1393; x_wconf 69' lang='lat' dir='ltr'><strong>arripi,</strong></span> 
     </span>
    </p>
   </div>
   <div class='ocr_carea' id='block_1_24' title="bbox 137 1387 1688 1482">
    <p class='ocr_par' dir='ltr' id='par_1_24' title="bbox 137 1387 1688 1461">
     <span class='ocr_line' id='line_1_24' title="bbox 137 1387 1688 1461; baseline 0.003 -21"><span class='ocrx_word' id='word_1_163' title='bbox 137 1387 513 1460; x_wconf 75' lang='grc' dir='ltr'><strong>οαφῃρημένου</strong></span> <span class='ocrx_word' id='word_1_164' title='bbox 529 1388 624 1441; x_wconf 78' lang='grc' dir='ltr'><strong>τοῦ</strong></span> <span class='ocrx_word' id='word_1_165' title='bbox 634 1388 781 1442; x_wconf 78' lang='grc' dir='ltr'><strong>κατὰ</strong></span> <span class='ocrx_word' id='word_1_166' title='bbox 800 1387 963 1458; x_wconf 81' lang='grc' dir='ltr'><strong>φύσιν</strong></span> <span class='ocrx_word' id='word_1_167' title='bbox 985 1389 1353 1460; x_wconf 79' lang='grc' dir='ltr'><strong>φρονήματος.</strong></span> <span class='ocrx_word' id='word_1_168' title='bbox 1390 1389 1530 1444; x_wconf 72' lang='grc' dir='ltr'><strong>Ἀλλ’</strong></span> <span class='ocrx_word' id='word_1_169' title='bbox 1547 1393 1577 1443; x_wconf 80' lang='grc' dir='ltr'><strong>ὁ</strong></span> <span class='ocrx_word' id='word_1_170' title='bbox 1605 1391 1688 1461; x_wconf 63' lang='grc' dir='ltr'><strong>μὲι</strong></span> 
     </span>
    </p>
   </div>
   <div class='ocr_carea' id='block_1_25' title="bbox 1804 1387 3379 1482">
    <p class='ocr_par' dir='ltr' id='par_1_25' title="bbox 1804 1387 3379 1482">
     <span class='ocr_line' id='line_1_25' title="bbox 1804 1387 3379 1482; baseline 0.015 -35"><span class='ocrx_word' id='word_1_171' title='bbox 1804 1406 1910 1448; x_wconf 85' lang='lat' dir='ltr'><strong>non</strong></span> <span class='ocrx_word' id='word_1_172' title='bbox 1933 1396 2099 1465; x_wconf 75' lang='lat' dir='ltr'><strong>regia:</strong></span> <span class='ocrx_word' id='word_1_173' title='bbox 2124 1401 2331 1456; x_wconf 87' lang='lat' dir='ltr'><strong>mentis</strong></span> <span class='ocrx_word' id='word_1_174' title='bbox 2358 1400 2629 1458; x_wconf 89' lang='lat' dir='ltr'><strong>indicium</strong></span> <span class='ocrx_word' id='word_1_175' title='bbox 2663 1405 2920 1473; x_wconf 79' lang='lat' dir='ltr'><strong>dixerim,</strong></span> <span class='ocrx_word' id='word_1_176' title='bbox 2952 1414 3048 1465; x_wconf 88' lang='lat' dir='ltr'><strong>sed</strong></span> <span class='ocrx_word' id='word_1_177' title='bbox 3092 1387 3379 1482; x_wconf 52' lang='lat' dir='ltr'><strong>prolusio;</strong></span> 
     </span>
    </p>
   </div>
   <div class='ocr_carea' id='block_1_26' title="bbox 145 1477 1688 1575">
    <p class='ocr_par' dir='ltr' id='par_1_26' title="bbox 145 1477 1688 1550">
     <span class='ocr_line' id='line_1_26' title="bbox 145 1477 1688 1550; baseline 0.003 -18"><span class='ocrx_word' id='word_1_178' title='bbox 145 1477 380 1550; x_wconf 79' lang='grc' dir='ltr'><strong>Ἡρώδης</strong></span> <span class='ocrx_word' id='word_1_179' title='bbox 420 1477 567 1533; x_wconf 81' lang='grc' dir='ltr'><strong>οὕτω</strong></span> <span class='ocrx_word' id='word_1_180' title='bbox 609 1478 830 1548; x_wconf 81' lang='grc' dir='ltr'><strong>κούφως</strong></span> <span class='ocrx_word' id='word_1_181' title='bbox 871 1479 1114 1550; x_wconf 63' lang='grc' dir='ltr'><strong>ἐνεχθεὶς</strong></span> <span class='ocrx_word' id='word_1_182' title='bbox 1131 1480 1228 1533; x_wconf 71' lang='grc' dir='ltr'><strong>καὶ</strong></span> <span class='ocrx_word' id='word_1_183' title='bbox 1262 1479 1688 1548; x_wconf 61' lang='grc' dir='ltr'><strong>ἀθλίως,ἀθλίαὶ</strong></span> 
     </span>
    </p>
   </div>
   <div class='ocr_carea' id='block_1_27' title="bbox 1804 1477 3379 1575">
    <p class='ocr_par' dir='ltr' id='par_1_27' title="bbox 1804 1477 3379 1575">
     <span class='ocr_line' id='line_1_27' title="bbox 1804 1477 3379 1575; baseline 0.015 -36"><span class='ocrx_word' id='word_1_184' title='bbox 1804 1485 1878 1542; x_wconf 87' lang='lat' dir='ltr'><strong>ris</strong></span> <span class='ocrx_word' id='word_1_185' title='bbox 1909 1486 2187 1555; x_wconf 81' lang='lat' dir='ltr'><strong>impOtens</strong></span> <span class='ocrx_word' id='word_1_186' title='bbox 2209 1491 2441 1561; x_wconf 88' lang='lat' dir='ltr'><strong>vitium;</strong></span> <span class='ocrx_word' id='word_1_187' title='bbox 2470 1496 2561 1550; x_wconf 87' lang='lat' dir='ltr'><strong>cui</strong></span> <span class='ocrx_word' id='word_1_188' title='bbox 2597 1496 2716 1566; x_wconf 89' lang='lat' dir='ltr'><strong>ipse</strong></span> <span class='ocrx_word' id='word_1_189' title='bbox 2743 1500 3050 1570; x_wconf 85' lang='lat' dir='ltr'><strong>subjectus,</strong></span> <span class='ocrx_word' id='word_1_190' title='bbox 3090 1477 3236 1575; x_wconf 80' lang='lat' dir='ltr'><strong>quod</strong></span> <span class='ocrx_word' id='word_1_191' title='bbox 3267 1522 3379 1563; x_wconf 87' lang='lat' dir='ltr'><strong>non</strong></span> 
     </span>
    </p>
   </div>
   <div class='ocr_carea' id='block_1_28' title="bbox 134 1569 1313 1643">
    <p class='ocr_par' dir='ltr' id='par_1_28' title="bbox 134 1569 1313 1643">
     <span class='ocr_line' id='line_1_28' title="bbox 134 1569 1313 1643; baseline 0.001 -19"><span class='ocrx_word' id='word_1_192' title='bbox 134 1570 219 1624; x_wconf 77' lang='grc' dir='ltr'><strong>καὶ</strong></span> <span class='ocrx_word' id='word_1_193' title='bbox 254 1569 351 1639; x_wconf 78' lang='grc' dir='ltr'><strong>τὴν</strong></span> <span class='ocrx_word' id='word_1_194' title='bbox 378 1569 912 1643; x_wconf 72' lang='grc' dir='ltr'><strong>μνήμηνδιαπαντὺι·</strong></span> <span class='ocrx_word' id='word_1_195' title='bbox 937 1569 1313 1640; x_wconf 79' lang='grc' dir='ltr'><strong>ἀπηνέγκατο.</strong></span> 
     </span>
    </p>
   </div>
   <div class='ocr_carea' id='block_1_29' title="bbox 1794 1577 3373 1666">
    <p class='ocr_par' dir='ltr' id='par_1_29' title="bbox 1794 1577 3373 1666">
     <span class='ocr_line' id='line_1_29' title="bbox 1794 1577 3373 1666; baseline 0.016 -35"><span class='ocrx_word' id='word_1_196' title='bbox 1794 1585 1916 1632; x_wconf 88' lang='lat' dir='ltr'><strong>erat</strong></span> <span class='ocrx_word' id='word_1_197' title='bbox 1961 1577 2173 1649; x_wconf 83' lang='lat' dir='ltr'><strong>judicio</strong></span> <span class='ocrx_word' id='word_1_198' title='bbox 2230 1584 2528 1654; x_wconf 86' lang='lat' dir='ltr'><strong>probatum</strong></span> <span class='ocrx_word' id='word_1_199' title='bbox 2561 1590 2883 1660; x_wconf 83' lang='lat' dir='ltr'><strong>suscepisti,</strong></span> <span class='ocrx_word' id='word_1_200' title='bbox 2928 1601 3197 1666; x_wconf 82' lang='lat' dir='ltr'><strong>tanquam</strong></span> <span class='ocrx_word' id='word_1_201' title='bbox 3226 1611 3373 1657; x_wconf 82' lang='lat' dir='ltr'><strong>esset</strong></span> 
     </span>
    </p>
   </div>
   <div class='ocr_carea' id='block_1_30' title="bbox 125 1664 3379 1760">
    <p class='ocr_par' dir='ltr' id='par_1_30' title="bbox 125 1664 3379 1760">
     <span class='ocr_line' id='line_1_30' title="bbox 125 1664 3379 1760; baseline 0.008 -41"><span class='ocrx_word' id='word_1_202' title='bbox 125 1664 336 1760; x_wconf 35' lang='lat' dir='ltr'><strong>judicio-</strong></span> <span class='ocrx_word' id='word_1_203' title='bbox 355 1666 666 1760; x_wconf 69' lang='lat' dir='ltr'><strong>probatum.</strong></span> <span class='ocrx_word' id='word_1_204' title='bbox 695 1664 976 1743; x_wconf 81' lang='lat' dir='ltr'><strong>Ejusmodi</strong></span> <span class='ocrx_word' id='word_1_205' title='bbox 1007 1665 1160 1760; x_wconf 75' lang='lat' dir='ltr'><strong>enim</strong></span> <span class='ocrx_word' id='word_1_206' title='bbox 1192 1674 1279 1760; x_wconf 77' lang='lat' dir='ltr'><strong>est</strong></span> <span class='ocrx_word' id='word_1_207' title='bbox 1314 1668 1686 1760; x_wconf 67' lang='lat' dir='ltr'><strong>mensomnis</strong></span> <span class='ocrx_word' id='word_1_208' title='bbox 1721 1670 1973 1738; x_wconf 71' lang='lat' dir='ltr'><strong>eﬂrenis,</strong></span> <span class='ocrx_word' id='word_1_209' title='bbox 2022 1683 2077 1730; x_wconf 90' lang='lat' dir='ltr'><strong>et</strong></span> <span class='ocrx_word' id='word_1_210' title='bbox 2111 1675 2377 1734; x_wconf 89' lang='lat' dir='ltr'><strong>incautus</strong></span> <span class='ocrx_word' id='word_1_211' title='bbox 2429 1694 2616 1736; x_wconf 89' lang='lat' dir='ltr'><strong>sermo</strong></span> <span class='ocrx_word' id='word_1_212' title='bbox 2647 1722 2661 1746; x_wconf 92' lang='lat'><strong>.</strong></span> <span class='ocrx_word' id='word_1_213' title='bbox 2730 1694 2790 1740; x_wconf 88' lang='lat' dir='ltr'><strong>ut</strong></span> <span class='ocrx_word' id='word_1_214' title='bbox 2817 1701 2927 1741; x_wconf 90' lang='lat' dir='ltr'><strong>non</strong></span> <span class='ocrx_word' id='word_1_215' title='bbox 2971 1664 3101 1743; x_wconf 80' lang='lat' dir='ltr'><strong>boni</strong></span> <span class='ocrx_word' id='word_1_216' title='bbox 3163 1690 3379 1760; x_wconf 88' lang='lat' dir='ltr'><strong>judicio</strong></span> 
     </span>
    </p>
   </div>
   <div class='ocr_carea' id='block_1_31' title="bbox 128 1754 3379 1847">
    <p class='ocr_par' dir='ltr' id='par_1_31' title="bbox 128 1754 3379 1847">
     <span class='ocr_line' id='line_1_31' title="bbox 128 1754 3379 1847; baseline 0.01 -40"><span class='ocrx_word' id='word_1_217' title='bbox 128 1754 478 1825; x_wconf 66' lang='lat' dir='ltr'><strong>cogitationes</strong></span> <span class='ocrx_word' id='word_1_218' title='bbox 538 1754 892 1821; x_wconf 82' lang='lat' dir='ltr'><strong>moderante,</strong></span> <span class='ocrx_word' id='word_1_219' title='bbox 955 1755 1053 1813; x_wconf 84' lang='lat' dir='ltr'><strong>sed</strong></span> <span class='ocrx_word' id='word_1_220' title='bbox 1087 1756 1288 1814; x_wconf 87' lang='lat' dir='ltr'><strong>mentis</strong></span> <span class='ocrx_word' id='word_1_221' title='bbox 1325 1756 1538 1828; x_wconf 81' lang='lat' dir='ltr'><strong>judicio</strong></span> <span class='ocrx_word' id='word_1_222' title='bbox 1598 1760 1739 1818; x_wconf 84' lang='lat' dir='ltr'><strong>nihil</strong></span> <span class='ocrx_word' id='word_1_223' title='bbox 1804 1763 2157 1834; x_wconf 81' lang='lat' dir='ltr'><strong>prohibente,</strong></span> <span class='ocrx_word' id='word_1_224' title='bbox 2183 1776 2465 1847; x_wconf 81' lang='lat' dir='ltr'><strong>contraria</strong></span> <span class='ocrx_word' id='word_1_225' title='bbox 2497 1770 2682 1840; x_wconf 74' lang='lat' dir='ltr'><strong>faciat,</strong></span> <span class='ocrx_word' id='word_1_226' title='bbox 2710 1776 2931 1832; x_wconf 86' lang='lat' dir='ltr'><strong>sublato</strong></span> <span class='ocrx_word' id='word_1_227' title='bbox 2963 1794 3130 1835; x_wconf 76' lang='lat' dir='ltr'><strong>sensu</strong></span> <span class='ocrx_word' id='word_1_228' title='bbox 3163 1754 3379 1839; x_wconf 64' lang='lat' dir='ltr'><strong>natura</strong></span> 
     </span>
    </p>
   </div>
   <div class='ocr_carea' id='block_1_32' title="bbox 124 1847 3268 1938">
    <p class='ocr_par' dir='ltr' id='par_1_32' title="bbox 124 1847 3268 1938">
     <span class='ocr_line' id='line_1_32' title="bbox 124 1847 3268 1938; baseline 0.01 -36"><span class='ocrx_word' id='word_1_229' title='bbox 124 1856 507 1904; x_wconf 72' lang='lat' dir='ltr'><strong>censentaneo.</strong></span> <span class='ocrx_word' id='word_1_230' title='bbox 544 1847 636 1904; x_wconf 89' lang='lat' dir='ltr'><strong>Sie</strong></span> <span class='ocrx_word' id='word_1_231' title='bbox 671 1864 803 1906; x_wconf 87' lang='lat' dir='ltr'><strong>vero</strong></span> <span class='ocrx_word' id='word_1_232' title='bbox 846 1850 1094 1908; x_wconf 83' lang='lat' dir='ltr'><strong>Herodes</strong></span> <span class='ocrx_word' id='word_1_233' title='bbox 1136 1851 1331 1909; x_wconf 80' lang='lat' dir='ltr'><strong>leviter</strong></span> <span class='ocrx_word' id='word_1_234' title='bbox 1357 1867 1425 1908; x_wconf 86' lang='lat' dir='ltr'><strong>ac</strong></span> <span class='ocrx_word' id='word_1_235' title='bbox 1469 1853 1669 1912; x_wconf 87' lang='lat' dir='ltr'><strong>misere</strong></span> <span class='ocrx_word' id='word_1_236' title='bbox 1706 1866 1983 1929; x_wconf 87' lang='lat' dir='ltr'><strong>arreptus,</strong></span> <span class='ocrx_word' id='word_1_237' title='bbox 2030 1860 2297 1917; x_wconf 87' lang='lat' dir='ltr'><strong>miserum</strong></span> <span class='ocrx_word' id='word_1_238' title='bbox 2350 1878 2553 1919; x_wconf 83' lang='lat' dir='ltr'><strong>nomen</strong></span> <span class='ocrx_word' id='word_1_239' title='bbox 2584 1864 2641 1920; x_wconf 90' lang='lat' dir='ltr'><strong>in</strong></span> <span class='ocrx_word' id='word_1_240' title='bbox 2698 1879 3027 1938; x_wconf 85' lang='lat' dir='ltr'><strong>perpetuum</strong></span> <span class='ocrx_word' id='word_1_241' title='bbox 3060 1872 3268 1932; x_wconf 89' lang='lat' dir='ltr'><strong>retulit.</strong></span> 
     </span>
    </p>
   </div>
   <div class='ocr_carea' id='block_1_33' title="bbox 184 1962 1688 2058">
    <p class='ocr_par' dir='ltr' id='par_1_33' title="bbox 184 1966 1688 2044">
     <span class='ocr_line' id='line_1_33' title="bbox 184 1966 1688 2044; baseline 0.005 -24"><span class='ocrx_word' id='word_1_242' title='bbox 184 1966 248 2020; x_wconf 81' lang='grc' dir='ltr'><strong>Τί</strong></span> <span class='ocrx_word' id='word_1_243' title='bbox 278 1968 333 2021; x_wconf 81' lang='grc' dir='ltr'><strong>δὲ</strong></span> <span class='ocrx_word' id='word_1_244' title='bbox 357 1967 420 2021; x_wconf 70' lang='grc' dir='ltr'><strong>τὸ</strong></span> <span class='ocrx_word' id='word_1_245' title='bbox 439 1966 540 2037; x_wconf 82' lang='grc' dir='ltr'><strong>τῆς</strong></span> <span class='ocrx_word' id='word_1_246' title='bbox 598 1968 827 2041; x_wconf 76' lang='grc' dir='ltr'><strong>ἀνομίας</strong></span> <span class='ocrx_word' id='word_1_247' title='bbox 875 1970 1164 2041; x_wconf 77' lang='grc' dir='ltr'><strong>κοράσιονς</strong></span> <span class='ocrx_word' id='word_1_248' title='bbox 1191 1970 1291 2043; x_wconf 80' lang='grc' dir='ltr'><strong>τῆς</strong></span> <span class='ocrx_word' id='word_1_249' title='bbox 1350 1970 1598 2044; x_wconf 78' lang='grc' dir='ltr'><strong>μοιχείας</strong></span> <span class='ocrx_word' id='word_1_250' title='bbox 1626 1971 1688 2027; x_wconf 85' lang='grc' dir='ltr'><strong>τὸ</strong></span> 
     </span>
    </p>
   </div>
   <div class='ocr_carea' id='block_1_34' title="bbox 1804 1962 3376 2058">
    <p class='ocr_par' dir='ltr' id='par_1_34' title="bbox 1861 1962 3376 2058">
     <span class='ocr_line' id='line_1_34' title="bbox 1861 1962 3376 2058; baseline 0.009 -27"><span class='ocrx_word' id='word_1_251' title='bbox 1861 1977 2006 2044; x_wconf 84' lang='lat' dir='ltr'><strong>Quid</strong></span> <span class='ocrx_word' id='word_1_252' title='bbox 2058 1993 2193 2035; x_wconf 88' lang='lat' dir='ltr'><strong>vero</strong></span> <span class='ocrx_word' id='word_1_253' title='bbox 2239 1962 2477 2038; x_wconf 83' lang='lat' dir='ltr'><strong>scelesta</strong></span> <span class='ocrx_word' id='word_1_254' title='bbox 2501 1980 2689 2052; x_wconf 88' lang='lat' dir='ltr'><strong>puella</strong></span> <span class='ocrx_word' id='word_1_255' title='bbox 2718 1982 2744 2038; x_wconf 66' lang='grc' dir='ltr'><em>ἲ</em></span> <span class='ocrx_word' id='word_1_256' title='bbox 2779 1984 3047 2042; x_wconf 90' lang='lat' dir='ltr'><strong>adulterii</strong></span> <span class='ocrx_word' id='word_1_257' title='bbox 3080 2001 3211 2045; x_wconf 84' lang='lat' dir='ltr'><strong>esca</strong></span> <span class='ocrx_word' id='word_1_258' title='bbox 3259 1988 3376 2058; x_wconf 81' lang='lat' dir='ltr'><strong>illa,</strong></span> 
     </span>
    </p>
   </div>
   <div class='ocr_carea' id='block_1_35' title="bbox 120 2059 1687 2136">
    <p class='ocr_par' dir='ltr' id='par_1_35' title="bbox 120 2059 1687 2136">
     <span class='ocr_line' id='line_1_35' title="bbox 120 2059 1687 2136; baseline 0.004 -24"><span class='ocrx_word' id='word_1_259' title='bbox 120 2059 299 2131; x_wconf 72' lang='grc' dir='ltr'><strong>δέλεαρ</strong></span> <span class='ocrx_word' id='word_1_260' title='bbox 318 2101 337 2126; x_wconf 95' lang='grc'><strong>,</strong></span> <span class='ocrx_word' id='word_1_261' title='bbox 364 2060 427 2114; x_wconf 83' lang='grc' dir='ltr'><strong>τὺ</strong></span> <span class='ocrx_word' id='word_1_262' title='bbox 447 2059 544 2114; x_wconf 82' lang='grc' dir='ltr'><strong>τοῦ</strong></span> <span class='ocrx_word' id='word_1_263' title='bbox 587 2060 833 2133; x_wconf 85' lang='grc' dir='ltr'><strong>Ἡρώδου</strong></span> <span class='ocrx_word' id='word_1_264' title='bbox 891 2062 1217 2133; x_wconf 79' lang='grc' dir='ltr'><strong>ἄγκιστρονο</strong></span> <span class='ocrx_word' id='word_1_265' title='bbox 1252 2065 1287 2136; x_wconf 78' lang='grc' dir='ltr'><strong>η</strong></span> <span class='ocrx_word' id='word_1_266' title='bbox 1320 2066 1486 2134; x_wconf 82' lang='grc' dir='ltr'><strong>παγὶς</strong></span> <span class='ocrx_word' id='word_1_267' title='bbox 1507 2063 1592 2134; x_wconf 63' lang='grc' dir='ltr'><strong>ἐφ’</strong></span> <span class='ocrx_word' id='word_1_268' title='bbox 1618 2064 1687 2135; x_wconf 72' lang='grc' dir='ltr'><strong>ἦν</strong></span> 
     </span>
    </p>
   </div>
   <div class='ocr_carea' id='block_1_36' title="bbox 131 2151 1687 2227">
    <p class='ocr_par' dir='ltr' id='par_1_36' title="bbox 131 2151 1687 2227">
     <span class='ocr_line' id='line_1_36' title="bbox 131 2151 1687 2227; baseline 0.003 -23"><span class='ocrx_word' id='word_1_269' title='bbox 131 2151 331 2216; x_wconf 61' lang='lat' dir='ltr'><strong>helvo;</strong></span> <span class='ocrx_word' id='word_1_270' title='bbox 400 2152 805 2225; x_wconf 81' lang='grc' dir='ltr'><strong>παρολισθήσας</strong></span> <span class='ocrx_word' id='word_1_271' title='bbox 878 2152 1225 2224; x_wconf 76' lang='grc' dir='ltr'><strong>προσέκοψε,</strong></span> <span class='ocrx_word' id='word_1_272' title='bbox 1277 2155 1373 2208; x_wconf 77' lang='grc' dir='ltr'><strong>καὶ</strong></span> <span class='ocrx_word' id='word_1_273' title='bbox 1427 2154 1687 2227; x_wconf 77' lang='grc' dir='ltr'><strong>θηραθεὶς</strong></span> 
     </span>
    </p>
   </div>
   <div class='ocr_carea' id='block_1_37' title="bbox 122 2238 1688 2319">
    <p class='ocr_par' dir='ltr' id='par_1_37' title="bbox 122 2238 1688 2319">
     <span class='ocr_line' id='line_1_37' title="bbox 122 2238 1688 2319; baseline 0.004 -23"><span class='ocrx_word' id='word_1_274' title='bbox 122 2248 211 2297; x_wconf 71' lang='grc' dir='ltr'><strong>οὐκ</strong></span> <span class='ocrx_word' id='word_1_275' title='bbox 239 2243 524 2314; x_wconf 73' lang='grc' dir='ltr'><strong>ὲξέφυγενς</strong></span> <span class='ocrx_word' id='word_1_276' title='bbox 563 2263 582 2297; x_wconf 84' lang='grc' dir='ltr'><strong>ι</strong></span> <span class='ocrx_word' id='word_1_277' title='bbox 605 2238 794 2311; x_wconf 76' lang='grc' dir='ltr'><strong>Εἶπεν,</strong></span> <span class='ocrx_word' id='word_1_278' title='bbox 846 2244 1034 2315; x_wconf 77' lang='grc' dir='ltr'><strong>φησὶν,</strong></span> <span class='ocrx_word' id='word_1_279' title='bbox 1071 2247 1140 2317; x_wconf 75' lang='grc' dir='ltr'><strong>τῇ</strong></span> <span class='ocrx_word' id='word_1_280' title='bbox 1172 2248 1341 2318; x_wconf 78' lang='grc' dir='ltr'><strong>μητρὶ</strong></span> <span class='ocrx_word' id='word_1_281' title='bbox 1392 2248 1591 2319; x_wconf 80' lang='grc' dir='ltr'><strong>αὐτῆς·</strong></span> <span class='ocrx_word' id='word_1_282' title='bbox 1622 2247 1688 2301; x_wconf 88' lang='grc' dir='ltr'><strong>Τί</strong></span> 
     </span>
    </p>
   </div>
   <div class='ocr_carea' id='block_1_38' title="bbox 123 2335 1684 2411">
    <p class='ocr_par' dir='ltr' id='par_1_38' title="bbox 123 2335 1684 2411">
     <span class='ocr_line' id='line_1_38' title="bbox 123 2335 1684 2411; baseline 0.003 -23"><span class='ocrx_word' id='word_1_283' title='bbox 123 2336 439 2407; x_wconf 78' lang='grc' dir='ltr'><strong>ιίτήσομαι;</strong></span> <span class='ocrx_word' id='word_1_284' title='bbox 479 2336 546 2389; x_wconf 83' lang='grc' dir='ltr'><strong><em>Ἦ</em></strong></span> <span class='ocrx_word' id='word_1_285' title='bbox 594 2335 651 2389; x_wconf 73' lang='grc' dir='ltr'><strong>δὲ</strong></span> <span class='ocrx_word' id='word_1_286' title='bbox 703 2335 1136 2409; x_wconf 84' lang='grc' dir='ltr'><strong>προϐιϐασθεῖσα</strong></span> <span class='ocrx_word' id='word_1_287' title='bbox 1176 2378 1191 2401; x_wconf 95' lang='grc'><strong>,</strong></span> <span class='ocrx_word' id='word_1_288' title='bbox 1252 2339 1354 2404; x_wconf 84' lang='grc' dir='ltr'><strong>Δός</strong></span> <span class='ocrx_word' id='word_1_289' title='bbox 1414 2356 1507 2411; x_wconf 90' lang='grc' dir='ltr'><strong>μοι</strong></span> <span class='ocrx_word' id='word_1_290' title='bbox 1549 2337 1684 2407; x_wconf 83' lang='grc' dir='ltr'><strong>ὦδε,</strong></span> 
     </span>
    </p>
   </div>
   <div class='ocr_carea' id='block_1_39' title="bbox 128 2426 1686 2500">
    <p class='ocr_par' dir='ltr' id='par_1_39' title="bbox 128 2426 1686 2500">
     <span class='ocr_line' id='line_1_39' title="bbox 128 2426 1686 2500; baseline 0.003 -20"><span class='ocrx_word' id='word_1_291' title='bbox 128 2429 298 2498; x_wconf 72' lang='grc' dir='ltr'><strong>φησὶν,</strong></span> <span class='ocrx_word' id='word_1_292' title='bbox 318 2427 380 2492; x_wconf 75' lang='grc' dir='ltr'><strong>ἒξ</strong></span> <span class='ocrx_word' id='word_1_293' title='bbox 406 2426 579 2498; x_wconf 77' lang='grc' dir='ltr'><strong>αὐτῆς</strong></span> <span class='ocrx_word' id='word_1_294' title='bbox 609 2427 708 2500; x_wconf 77' lang='grc' dir='ltr'><strong>τὴν</strong></span> <span class='ocrx_word' id='word_1_295' title='bbox 738 2428 981 2500; x_wconf 81' lang='grc' dir='ltr'><strong>κεφαλὴν</strong></span> <span class='ocrx_word' id='word_1_296' title='bbox 1038 2429 1287 2484; x_wconf 71' lang='grc' dir='ltr'><strong>Ἰωάννου</strong></span> <span class='ocrx_word' id='word_1_297' title='bbox 1337 2430 1433 2484; x_wconf 77' lang='grc' dir='ltr'><strong>τοῦ</strong></span> <span class='ocrx_word' id='word_1_298' title='bbox 1479 2431 1686 2486; x_wconf 88' lang='grc' dir='ltr'><strong>Βαπτι-</strong></span> 
     </span>
    </p>
   </div>
   <div class='ocr_carea' id='block_1_40' title="bbox 130 2519 1685 2596">
    <p class='ocr_par' dir='ltr' id='par_1_40' title="bbox 130 2519 1685 2596">
     <span class='ocr_line' id='line_1_40' title="bbox 130 2519 1685 2596; baseline 0.004 -23"><span class='ocrx_word' id='word_1_299' title='bbox 130 2520 265 2573; x_wconf 79' lang='grc' dir='ltr'><strong>στοῦ.</strong></span> <span class='ocrx_word' id='word_1_300' title='bbox 300 2539 321 2573; x_wconf 70' lang='grc' dir='ltr'><strong>ι</strong></span> <span class='ocrx_word' id='word_1_301' title='bbox 368 2519 533 2591; x_wconf 68' lang='grc' dir='ltr'><strong>Ὁρᾷς</strong></span> <span class='ocrx_word' id='word_1_302' title='bbox 566 2519 658 2572; x_wconf 80' lang='grc' dir='ltr'><strong>τὸν</strong></span> <span class='ocrx_word' id='word_1_303' title='bbox 712 2520 1107 2591; x_wconf 67' lang='grc' dir='ltr'><strong>εὔαγγελιστὴν</strong></span> <span class='ocrx_word' id='word_1_304' title='bbox 1147 2520 1358 2594; x_wconf 69' lang='grc' dir='ltr'><strong>τάληθῆ</strong></span> <span class='ocrx_word' id='word_1_305' title='bbox 1404 2523 1685 2596; x_wconf 81' lang='grc' dir='ltr'><strong>πανταχοῦ</strong></span> 
     </span>
    </p>
   </div>
   <div class='ocr_carea' id='block_1_41' title="bbox 133 2601 1689 2686">
    <p class='ocr_par' dir='ltr' id='par_1_41' title="bbox 133 2601 1689 2686">
     <span class='ocr_line' id='line_1_41' title="bbox 133 2601 1689 2686; baseline 0.005 -24"><span class='ocrx_word' id='word_1_306' title='bbox 133 2601 536 2683; x_wconf 72' lang='grc' dir='ltr'><strong>σιροῖσχὸμένον;</strong></span> <span class='ocrx_word' id='word_1_307' title='bbox 566 2611 632 2665; x_wconf 84' lang='grc' dir='ltr'><strong>Τί</strong></span> <span class='ocrx_word' id='word_1_308' title='bbox 661 2611 765 2685; x_wconf 84' lang='grc' dir='ltr'><strong>γάρ</strong></span> <span class='ocrx_word' id='word_1_309' title='bbox 796 2628 1000 2683; x_wconf 81' lang='grc' dir='ltr'><strong>φησινς</strong></span> <span class='ocrx_word' id='word_1_310' title='bbox 1039 2631 1057 2664; x_wconf 79' lang='grc' dir='ltr'><strong>ι</strong></span> <span class='ocrx_word' id='word_1_311' title='bbox 1087 2612 1154 2666; x_wconf 84' lang='grc' dir='ltr'><strong>Ἦ</strong></span> <span class='ocrx_word' id='word_1_312' title='bbox 1183 2613 1241 2666; x_wconf 81' lang='grc' dir='ltr'><strong>δὲ</strong></span> <span class='ocrx_word' id='word_1_313' title='bbox 1281 2613 1551 2686; x_wconf 78' lang='grc' dir='ltr'><strong>Ἡρωδιὰς</strong></span> <span class='ocrx_word' id='word_1_314' title='bbox 1603 2618 1689 2670; x_wconf 71' lang='grc' dir='ltr'><strong>ἐν·</strong></span> 
     </span>
    </p>
   </div>
   <div class='ocr_carea' id='block_1_42' title="bbox 135 2702 1687 2774">
    <p class='ocr_par' dir='ltr' id='par_1_42' title="bbox 135 2702 1687 2774">
     <span class='ocr_line' id='line_1_42' title="bbox 135 2702 1687 2774; baseline 0.003 -20"><span class='ocrx_word' id='word_1_315' title='bbox 135 2704 262 2772; x_wconf 78' lang='grc' dir='ltr'><strong>εἶχεν</strong></span> <span class='ocrx_word' id='word_1_316' title='bbox 300 2703 467 2773; x_wconf 82' lang='grc' dir='ltr'><strong>αὐτῷ,</strong></span> <span class='ocrx_word' id='word_1_317' title='bbox 494 2703 589 2757; x_wconf 76' lang='grc' dir='ltr'><strong>καὶ</strong></span> <span class='ocrx_word' id='word_1_318' title='bbox 620 2702 813 2774; x_wconf 75' lang='grc' dir='ltr'><strong>ἥθελεν</strong></span> <span class='ocrx_word' id='word_1_319' title='bbox 865 2704 1029 2756; x_wconf 78' lang='grc' dir='ltr'><strong>αὐτὸν</strong></span> <span class='ocrx_word' id='word_1_320' title='bbox 1078 2703 1427 2768; x_wconf 75' lang='grc' dir='ltr'><strong>ἀποκτεῖναι,</strong></span> <span class='ocrx_word' id='word_1_321' title='bbox 1462 2706 1557 2758; x_wconf 80' lang='grc' dir='ltr'><strong>καὶ</strong></span> <span class='ocrx_word' id='word_1_322' title='bbox 1585 2706 1687 2759; x_wconf 73' lang='grc' dir='ltr'><strong>οὐκ</strong></span> 
     </span>
    </p>
   </div>
   <div class='ocr_carea' id='block_1_43' title="bbox 136 2793 1684 2867">
    <p class='ocr_par' dir='ltr' id='par_1_43' title="bbox 136 2793 1684 2867">
     <span class='ocr_line' id='line_1_43' title="bbox 136 2793 1684 2867; baseline 0.004 -21"><span class='ocrx_word' id='word_1_323' title='bbox 136 2793 360 2863; x_wconf 70' lang='grc' dir='ltr'><strong>ἠδύνατο.</strong></span> <span class='ocrx_word' id='word_1_324' title='bbox 411 2796 470 2849; x_wconf 90' lang='lat'><strong>&#39;0</strong></span> <span class='ocrx_word' id='word_1_325' title='bbox 507 2795 619 2867; x_wconf 82' lang='grc' dir='ltr'><strong>γὰρ</strong></span> <span class='ocrx_word' id='word_1_326' title='bbox 663 2793 911 2867; x_wconf 83' lang='grc' dir='ltr'><strong>Ἡρώδης</strong></span> <span class='ocrx_word' id='word_1_327' title='bbox 944 2795 1194 2863; x_wconf 78' lang='grc' dir='ltr'><strong>ἐφοϐεῖτο</strong></span> <span class='ocrx_word' id='word_1_328' title='bbox 1252 2796 1346 2850; x_wconf 78' lang='grc' dir='ltr'><strong>τὸν</strong></span> <span class='ocrx_word' id='word_1_329' title='bbox 1398 2796 1684 2864; x_wconf 78' lang='grc' dir='ltr'><strong>Ἰωάννην,</strong></span> 
     </span>
    </p>
   </div>
   <div class='ocr_carea' id='block_1_44' title="bbox 128 2886 1689 2960">
    <p class='ocr_par' dir='ltr' id='par_1_44' title="bbox 128 2886 1689 2960">
     <span class='ocr_line' id='line_1_44' title="bbox 128 2886 1689 2960; baseline 0.003 -21"><span class='ocrx_word' id='word_1_330' title='bbox 128 2886 275 2951; x_wconf 64' lang='lat' dir='ltr'><strong>usa;</strong></span> <span class='ocrx_word' id='word_1_331' title='bbox 301 2888 462 2942; x_wconf 71' lang='grc' dir='ltr'><strong>αὑτὸν</strong></span> <span class='ocrx_word' id='word_1_332' title='bbox 492 2888 663 2960; x_wconf 82' lang='grc' dir='ltr'><strong>ἄνδρα</strong></span> <span class='ocrx_word' id='word_1_333' title='bbox 692 2887 903 2941; x_wconf 81' lang='grc' dir='ltr'><strong>δίκαιον</strong></span> <span class='ocrx_word' id='word_1_334' title='bbox 947 2889 1044 2941; x_wconf 72' lang='grc' dir='ltr'><strong>καὶ</strong></span> <span class='ocrx_word' id='word_1_335' title='bbox 1098 2887 1256 2957; x_wconf 85' lang='grc' dir='ltr'><strong>ἆγιον</strong></span> <span class='ocrx_word' id='word_1_336' title='bbox 1281 2906 1294 2919; x_wconf 91' lang='grc'><strong>·</strong></span> <span class='ocrx_word' id='word_1_337' title='bbox 1331 2891 1427 2943; x_wconf 76' lang='grc' dir='ltr'><strong>καὶ</strong></span> <span class='ocrx_word' id='word_1_338' title='bbox 1472 2889 1689 2944; x_wconf 83' lang='grc' dir='ltr'><strong>ἀκούων</strong></span> 
     </span>
    </p>
   </div>
   <div class='ocr_carea' id='block_1_45' title="bbox 127 2978 1680 3054">
    <p class='ocr_par' dir='ltr' id='par_1_45' title="bbox 127 2978 1680 3054">
     <span class='ocr_line' id='line_1_45' title="bbox 127 2978 1680 3054; baseline 0.004 -24"><span class='ocrx_word' id='word_1_339' title='bbox 127 2978 281 3032; x_wconf 80' lang='grc' dir='ltr'><strong>αὑτοῦ</strong></span> <span class='ocrx_word' id='word_1_340' title='bbox 339 2980 510 3035; x_wconf 83' lang='grc' dir='ltr'><strong>πολλὰ</strong></span> <span class='ocrx_word' id='word_1_341' title='bbox 559 2981 756 3047; x_wconf 73' lang='grc' dir='ltr'><strong>ἐποίει,</strong></span> <span class='ocrx_word' id='word_1_342' title='bbox 813 2981 910 3035; x_wconf 57' lang='grc' dir='ltr'><strong>καὶ⁵</strong></span> <span class='ocrx_word' id='word_1_343' title='bbox 971 2982 1143 3052; x_wconf 79' lang='grc' dir='ltr'><strong>ἡδέως</strong></span> <span class='ocrx_word' id='word_1_344' title='bbox 1193 2981 1358 3036; x_wconf 84' lang='grc' dir='ltr'><strong>αὐτοῦ</strong></span> <span class='ocrx_word' id='word_1_345' title='bbox 1418 2982 1680 3054; x_wconf 76' lang='grc' dir='ltr'><strong>ἦκουεν.»</strong></span> 
     </span>
    </p>
   </div>
   <div class='ocr_carea' id='block_1_46' title="bbox 125 3069 1687 3144">
    <p class='ocr_par' dir='ltr' id='par_1_46' title="bbox 125 3069 1687 3144">
     <span class='ocr_line' id='line_1_46' title="bbox 125 3069 1687 3144; baseline 0.002 -21"><span class='ocrx_word' id='word_1_346' title='bbox 125 3069 340 3136; x_wconf 74' lang='grc' dir='ltr'><strong>Βλέπεις</strong></span> <span class='ocrx_word' id='word_1_347' title='bbox 393 3075 488 3127; x_wconf 83' lang='grc' dir='ltr'><strong>καὶ</strong></span> <span class='ocrx_word' id='word_1_348' title='bbox 537 3074 645 3144; x_wconf 82' lang='grc' dir='ltr'><strong>πρὸ</strong></span> <span class='ocrx_word' id='word_1_349' title='bbox 699 3071 810 3125; x_wconf 71' lang='grc' dir='ltr'><strong>τῶν</strong></span> <span class='ocrx_word' id='word_1_350' title='bbox 867 3073 1050 3144; x_wconf 83' lang='grc' dir='ltr'><strong>ὅρκων</strong></span> <span class='ocrx_word' id='word_1_351' title='bbox 1078 3073 1178 3144; x_wconf 70' lang='grc' dir='ltr'><strong>ἤδη</strong></span> <span class='ocrx_word' id='word_1_352' title='bbox 1209 3074 1687 3144; x_wconf 79' lang='grc' dir='ltr'><strong>προσεγχειμένην</strong></span> 
     </span>
    </p>
   </div>
   <div class='ocr_carea' id='block_1_47' title="bbox 122 3162 1687 3237">
    <p class='ocr_par' dir='ltr' id='par_1_47' title="bbox 122 3162 1687 3237">
     <span class='ocr_line' id='line_1_47' title="bbox 122 3162 1687 3237; baseline 0.005 -26"><span class='ocrx_word' id='word_1_353' title='bbox 122 3165 186 3233; x_wconf 76' lang='grc' dir='ltr'><strong>τῇ</strong></span> <span class='ocrx_word' id='word_1_354' title='bbox 217 3162 461 3236; x_wconf 57' lang='grc' dir='ltr'><strong>βὰλυρᾷ,</strong></span> <span class='ocrx_word' id='word_1_355' title='bbox 489 3164 592 3236; x_wconf 79' lang='grc' dir='ltr'><strong>τὴν</strong></span> <span class='ocrx_word' id='word_1_356' title='bbox 620 3166 761 3220; x_wconf 79' lang='grc' dir='ltr'><strong>κατὰ</strong></span> <span class='ocrx_word' id='word_1_357' title='bbox 788 3162 884 3219; x_wconf 76' lang='grc' dir='ltr'><strong>τοῦ</strong></span> <span class='ocrx_word' id='word_1_358' title='bbox 916 3165 1206 3237; x_wconf 79' lang='grc' dir='ltr'><strong>προφήτου</strong></span> <span class='ocrx_word' id='word_1_359' title='bbox 1236 3165 1687 3237; x_wconf 80' lang='grc' dir='ltr'><strong>φιλαπεχθήμονα</strong></span> 
     </span>
    </p>
   </div>
   <div class='ocr_carea' id='block_1_48' title="bbox 120 3254 1689 3329">
    <p class='ocr_par' dir='ltr' id='par_1_48' title="bbox 120 3254 1689 3329">
     <span class='ocr_line' id='line_1_48' title="bbox 120 3254 1689 3329; baseline 0 -19"><span class='ocrx_word' id='word_1_360' title='bbox 120 3254 361 3327; x_wconf 68' lang='grc' dir='ltr'><strong>γνιῖιμηνς</strong></span> <span class='ocrx_word' id='word_1_361' title='bbox 388 3259 498 3311; x_wconf 69' lang='grc' dir='ltr'><strong>Καὶ</strong></span> <span class='ocrx_word' id='word_1_362' title='bbox 528 3258 583 3310; x_wconf 88' lang='grc' dir='ltr'><strong>τί</strong></span> <span class='ocrx_word' id='word_1_363' title='bbox 621 3258 827 3329; x_wconf 79' lang='grc' dir='ltr'><strong>ταύτης</strong></span> <span class='ocrx_word' id='word_1_364' title='bbox 884 3258 1281 3328; x_wconf 74' lang='grc' dir='ltr'><strong>ἐναργέστερον</strong></span> <span class='ocrx_word' id='word_1_365' title='bbox 1319 3258 1422 3326; x_wconf 78' lang='grc' dir='ltr'><strong>τῆς</strong></span> <span class='ocrx_word' id='word_1_366' title='bbox 1481 3275 1689 3329; x_wconf 88' lang='grc' dir='ltr'><strong>μαρτυ-</strong></span> 
     </span>
    </p>
   </div>
   <div class='ocr_carea' id='block_1_49' title="bbox 118 3319 1756 3421">
    <p class='ocr_par' dir='ltr' id='par_1_49' title="bbox 118 3319 1756 3421">
     <span class='ocr_line' id='line_1_49' title="bbox 118 3319 1756 3421; baseline -0.009 -8"><span class='ocrx_word' id='word_1_367' title='bbox 118 3319 244 3417; x_wconf 24' lang='lat' dir='ltr'><strong>Pii“.</strong></span> <span class='ocrx_word' id='word_1_368' title='bbox 280 3319 476 3418; x_wconf 63' lang='grc' dir='ltr'><strong>γένοιτ’</strong></span> <span class='ocrx_word' id='word_1_369' title='bbox 519 3347 622 3411; x_wconf 78' lang='grc' dir='ltr'><strong>ἇνς</strong></span> <span class='ocrx_word' id='word_1_370' title='bbox 680 3319 888 3419; x_wconf 15' lang='grc' dir='ltr'><strong>Τήνῖτε</strong></span> <span class='ocrx_word' id='word_1_371' title='bbox 920 3319 1413 3421; x_wconf 36' lang='grc' dir='ltr'><strong>γὰρ-παρρησίαν,</strong></span> <span class='ocrx_word' id='word_1_372' title='bbox 1449 3319 1687 3403; x_wconf 46' lang='grc' dir='ltr'><strong>καὶ-τὸν</strong></span> <span class='ocrx_word' id='word_1_373' title='bbox 1713 3319 1756 3378; x_wconf 78' lang='lat' dir='ltr'>c</span> 
     </span>
    </p>
   </div>
   <div class='ocr_carea' id='block_1_50' title="bbox 119 3436 1684 3512">
    <p class='ocr_par' dir='ltr' id='par_1_50' title="bbox 119 3436 1684 3512">
     <span class='ocr_line' id='line_1_50' title="bbox 119 3436 1684 3512; baseline 0.003 -23"><span class='ocrx_word' id='word_1_374' title='bbox 119 3436 290 3507; x_wconf 68' lang='grc' dir='ltr'><strong>ζῆλον,</strong></span> <span class='ocrx_word' id='word_1_375' title='bbox 318 3438 406 3493; x_wconf 82' lang='grc' dir='ltr'><strong>διὰ</strong></span> <span class='ocrx_word' id='word_1_376' title='bbox 432 3441 525 3493; x_wconf 75' lang='grc' dir='ltr'><strong>τὸν</strong></span> <span class='ocrx_word' id='word_1_377' title='bbox 560 3438 697 3511; x_wconf 72' lang='grc' dir='ltr'><strong>πρὸς</strong></span> <span class='ocrx_word' id='word_1_378' title='bbox 722 3438 977 3512; x_wconf 79' lang='grc' dir='ltr'><strong>Ἡρώδην</strong></span> <span class='ocrx_word' id='word_1_379' title='bbox 1035 3440 1257 3510; x_wconf 74' lang='grc' dir='ltr'><strong>ἔλεγχον</strong></span> <span class='ocrx_word' id='word_1_380' title='bbox 1306 3439 1401 3491; x_wconf 83' lang='grc' dir='ltr'><strong>τοῦ</strong></span> <span class='ocrx_word' id='word_1_381' title='bbox 1435 3440 1684 3493; x_wconf 81' lang='grc' dir='ltr'><strong>Ἰωάννου</strong></span> 
     </span>
    </p>
   </div>
   <div class='ocr_carea' id='block_1_51' title="bbox 119 3529 1687 3607">
    <p class='ocr_par' dir='ltr' id='par_1_51' title="bbox 119 3529 1687 3607">
     <span class='ocr_line' id='line_1_51' title="bbox 119 3529 1687 3607; baseline 0.001 -25"><span class='ocrx_word' id='word_1_382' title='bbox 119 3531 427 3604; x_wconf 72' lang='grc' dir='ltr'><strong>παρίστησι,</strong></span> <span class='ocrx_word' id='word_1_383' title='bbox 487 3532 584 3586; x_wconf 79' lang='grc' dir='ltr'><strong>καὶ</strong></span> <span class='ocrx_word' id='word_1_384' title='bbox 614 3531 713 3604; x_wconf 74' lang='grc' dir='ltr'><strong>τὴν</strong></span> <span class='ocrx_word' id='word_1_385' title='bbox 746 3531 854 3585; x_wconf 76' lang='grc' dir='ltr'><strong>ἀπὸ</strong></span> <span class='ocrx_word' id='word_1_386' title='bbox 884 3532 1082 3603; x_wconf 87' lang='grc' dir='ltr'><strong>χρόνου</strong></span> <span class='ocrx_word' id='word_1_387' title='bbox 1115 3529 1271 3607; x_wconf 27' lang='grc' dir='ltr'><strong>κατὰί</strong></span> <span class='ocrx_word' id='word_1_388' title='bbox 1315 3529 1514 3599; x_wconf 80' lang='grc' dir='ltr'><strong>βάθους</strong></span> <span class='ocrx_word' id='word_1_389' title='bbox 1554 3529 1687 3583; x_wconf 82' lang='grc' dir='ltr'><strong>ὐπο-</strong></span> 
     </span>
    </p>
   </div>
   <div class='ocr_carea' id='block_1_52' title="bbox 117 3619 1684 3694">
    <p class='ocr_par' dir='ltr' id='par_1_52' title="bbox 117 3619 1684 3694">
     <span class='ocr_line' id='line_1_52' title="bbox 117 3619 1684 3694; baseline 0.003 -24"><span class='ocrx_word' id='word_1_390' title='bbox 117 3621 613 3694; x_wconf 72' lang='grc' dir='ltr'><strong>τρεφομένηναύτῇ</strong></span> <span class='ocrx_word' id='word_1_391' title='bbox 657 3620 839 3693; x_wconf 84' lang='grc' dir='ltr'><strong>μῆνιν,</strong></span> <span class='ocrx_word' id='word_1_392' title='bbox 891 3620 984 3674; x_wconf 82' lang='grc' dir='ltr'><strong>ὑπ’</strong></span> <span class='ocrx_word' id='word_1_393' title='bbox 1012 3620 1136 3691; x_wconf 80' lang='grc' dir='ltr'><strong>ὖψιν</strong></span> <span class='ocrx_word' id='word_1_394' title='bbox 1170 3619 1294 3688; x_wconf 83' lang='grc' dir='ltr'><strong>ἄγει</strong></span> <span class='ocrx_word' id='word_1_395' title='bbox 1320 3620 1432 3674; x_wconf 82' lang='grc' dir='ltr'><strong>τῶν</strong></span> <span class='ocrx_word' id='word_1_396' title='bbox 1454 3620 1684 3675; x_wconf 83' lang='grc' dir='ltr'><strong>ἀκουόν-</strong></span> 
     </span>
    </p>
   </div>
   <div class='ocr_carea' id='block_1_53' title="bbox 115 3712 1682 3785">
    <p class='ocr_par' dir='ltr' id='par_1_53' title="bbox 115 3712 1682 3785">
     <span class='ocr_line' id='line_1_53' title="bbox 115 3712 1682 3785; baseline 0.001 -21"><span class='ocrx_word' id='word_1_397' title='bbox 115 3727 235 3767; x_wconf 81' lang='grc' dir='ltr'><strong>των.</strong></span> <span class='ocrx_word' id='word_1_398' title='bbox 266 3713 437 3768; x_wconf 78' lang='grc' dir='ltr'><strong>Τοῦτο</strong></span> <span class='ocrx_word' id='word_1_399' title='bbox 453 3714 498 3747; x_wconf 79' lang='grc'>⁷⁸</span> <span class='ocrx_word' id='word_1_400' title='bbox 553 3713 663 3785; x_wconf 83' lang='grc' dir='ltr'><strong>γὰρ</strong></span> <span class='ocrx_word' id='word_1_401' title='bbox 691 3714 771 3778; x_wconf 75' lang='grc' dir='ltr'><strong>τὸ,</strong></span> <span class='ocrx_word' id='word_1_402' title='bbox 806 3712 1063 3782; x_wconf 78' lang='grc' dir='ltr'><strong>ἐνεῖχεν,</strong></span> <span class='ocrx_word' id='word_1_403' title='bbox 1093 3713 1332 3784; x_wconf 82' lang='grc' dir='ltr'><strong>ὑπάρχει</strong></span> <span class='ocrx_word' id='word_1_404' title='bbox 1385 3729 1682 3783; x_wconf 83' lang='grc' dir='ltr'><strong>προστατι-</strong></span> 
     </span>
    </p>
   </div>
   <div class='ocr_carea' id='block_1_54' title="bbox 118 3801 1682 3875">
    <p class='ocr_par' dir='ltr' id='par_1_54' title="bbox 118 3801 1682 3875">
     <span class='ocr_line' id='line_1_54' title="bbox 118 3801 1682 3875; baseline 0.002 -20"><span class='ocrx_word' id='word_1_405' title='bbox 118 3802 205 3856; x_wconf 65' lang='lat' dir='ltr'><strong>xcv</strong></span> <span class='ocrx_word' id='word_1_406' title='bbox 236 3803 374 3875; x_wconf 70' lang='grc' dir='ltr'><strong>ἅμα,</strong></span> <span class='ocrx_word' id='word_1_407' title='bbox 407 3806 503 3859; x_wconf 74' lang='grc' dir='ltr'><strong>καὶ</strong></span> <span class='ocrx_word' id='word_1_408' title='bbox 530 3804 804 3859; x_wconf 82' lang='grc' dir='ltr'><strong>δεικτικόν</strong></span> <span class='ocrx_word' id='word_1_409' title='bbox 824 3819 840 3834; x_wconf 72' lang='grc' dir='ltr'><strong>ο</strong></span> <span class='ocrx_word' id='word_1_410' title='bbox 874 3804 998 3856; x_wconf 74' lang='grc' dir='ltr'><strong>ἐπεὶ</strong></span> <span class='ocrx_word' id='word_1_411' title='bbox 1021 3803 1114 3857; x_wconf 73' lang='grc' dir='ltr'><strong>καὶ</strong></span> <span class='ocrx_word' id='word_1_412' title='bbox 1141 3801 1227 3869; x_wconf 79' lang='grc' dir='ltr'><strong>τὸ,</strong></span> <span class='ocrx_word' id='word_1_413' title='bbox 1257 3805 1369 3859; x_wconf 77' lang='grc' dir='ltr'><strong>οὐκ</strong></span> <span class='ocrx_word' id='word_1_414' title='bbox 1395 3802 1682 3872; x_wconf 79' lang='grc' dir='ltr'><strong>ἠδύνατο,</strong></span> 
     </span>
    </p>
   </div>
   <div class='ocr_carea' id='block_1_55' title="bbox 118 3893 1686 3973">
    <p class='ocr_par' dir='ltr' id='par_1_55' title="bbox 118 3893 1686 3973">
     <span class='ocr_line' id='line_1_55' title="bbox 118 3893 1686 3973; baseline 0.002 -28"><span class='ocrx_word' id='word_1_415' title='bbox 118 3894 384 3965; x_wconf 73' lang='grc' dir='ltr'><strong>ἀπόδειξιν</strong></span> <span class='ocrx_word' id='word_1_416' title='bbox 440 3896 556 3967; x_wconf 77' lang='grc' dir='ltr'><strong>ἔχει</strong></span> <span class='ocrx_word' id='word_1_417' title='bbox 615 3895 715 3967; x_wconf 82' lang='grc' dir='ltr'><strong>τῆς</strong></span> <span class='ocrx_word' id='word_1_418' title='bbox 782 3893 1025 3966; x_wconf 84' lang='grc' dir='ltr'><strong>Ἡρώδου</strong></span> <span class='ocrx_word' id='word_1_419' title='bbox 1077 3894 1215 3966; x_wconf 79' lang='grc' dir='ltr'><strong>πρὸς</strong></span> <span class='ocrx_word' id='word_1_420' title='bbox 1266 3895 1521 3973; x_wconf 71' lang='grc' dir='ltr'><strong>Ἰωάννην</strong></span> <span class='ocrx_word' id='word_1_421' title='bbox 1565 3895 1686 3966; x_wconf 85' lang='grc' dir='ltr'><strong>μετ’</strong></span> 
     </span>
    </p>
   </div>
   <div class='ocr_carea' id='block_1_56' title="bbox 118 3985 1685 4059">
    <p class='ocr_par' dir='ltr' id='par_1_56' title="bbox 118 3985 1685 4059">
     <span class='ocr_line' id='line_1_56' title="bbox 118 3985 1685 4059; baseline 0.003 -21"><span class='ocrx_word' id='word_1_422' title='bbox 118 3985 391 4053; x_wconf 75' lang='grc' dir='ltr'><strong>εὐλαϐείας</strong></span> <span class='ocrx_word' id='word_1_423' title='bbox 422 3988 594 4059; x_wconf 79' lang='grc' dir='ltr'><strong>τιμῆς</strong></span> <span class='ocrx_word' id='word_1_424' title='bbox 619 4006 632 4018; x_wconf 88' lang='grc'>·</span> <span class='ocrx_word' id='word_1_425' title='bbox 662 3988 743 4042; x_wconf 85' lang='grc' dir='ltr'><strong>ὅτι</strong></span> <span class='ocrx_word' id='word_1_426' title='bbox 792 4004 853 4041; x_wconf 87' lang='grc' dir='ltr'><strong>τε</strong></span> <span class='ocrx_word' id='word_1_427' title='bbox 886 3988 1045 4056; x_wconf 72' lang='grc' dir='ltr'><strong>ἅγιον</strong></span> <span class='ocrx_word' id='word_1_428' title='bbox 1104 3987 1200 4040; x_wconf 79' lang='grc' dir='ltr'><strong>καὶ</strong></span> <span class='ocrx_word' id='word_1_429' title='bbox 1257 3987 1476 4042; x_wconf 73' lang='grc' dir='ltr'><strong>δίκαιον»</strong></span> <span class='ocrx_word' id='word_1_430' title='bbox 1523 3989 1685 4043; x_wconf 73' lang='grc' dir='ltr'><strong>αὑτὸν</strong></span> 
     </span>
    </p>
   </div>
   <div class='ocr_carea' id='block_1_57' title="bbox 117 4072 1685 4151">
    <p class='ocr_par' dir='ltr' id='par_1_57' title="bbox 117 4072 1685 4151">
     <span class='ocr_line' id='line_1_57' title="bbox 117 4072 1685 4151; baseline -0.002 -17"><span class='ocrx_word' id='word_1_431' title='bbox 117 4072 269 4149; x_wconf 79' lang='grc' dir='ltr'><strong>εἶχεν,</strong></span> <span class='ocrx_word' id='word_1_432' title='bbox 327 4081 422 4134; x_wconf 81' lang='grc' dir='ltr'><strong>καὶ</strong></span> <span class='ocrx_word' id='word_1_433' title='bbox 457 4079 676 4134; x_wconf 77' lang='grc' dir='ltr'><strong>ἁκούων</strong></span> <span class='ocrx_word' id='word_1_434' title='bbox 727 4079 894 4133; x_wconf 78' lang='grc' dir='ltr'><strong>αὐτοῦ</strong></span> <span class='ocrx_word' id='word_1_435' title='bbox 955 4078 1127 4134; x_wconf 79' lang='grc' dir='ltr'><strong>πολλὰ</strong></span> <span class='ocrx_word' id='word_1_436' title='bbox 1157 4080 1354 4143; x_wconf 81' lang='grc' dir='ltr'><strong>ἐποίει,</strong></span> <span class='ocrx_word' id='word_1_437' title='bbox 1388 4083 1482 4133; x_wconf 78' lang='grc' dir='ltr'><strong>καὶ</strong></span> <span class='ocrx_word' id='word_1_438' title='bbox 1513 4080 1685 4151; x_wconf 77' lang='grc' dir='ltr'><strong>ἡδέως</strong></span> 
     </span>
    </p>
   </div>
   <div class='ocr_carea' id='block_1_58' title="bbox 116 4170 1685 4245">
    <p class='ocr_par' dir='ltr' id='par_1_58' title="bbox 116 4170 1685 4245">
     <span class='ocr_line' id='line_1_58' title="bbox 116 4170 1685 4245; baseline 0.003 -24"><span class='ocrx_word' id='word_1_439' title='bbox 116 4170 269 4224; x_wconf 72' lang='grc' dir='ltr'><strong>αὑτοῦ</strong></span> <span class='ocrx_word' id='word_1_440' title='bbox 321 4173 545 4245; x_wconf 68' lang='grc' dir='ltr'><strong>ἧκουεν.</strong></span> <span class='ocrx_word' id='word_1_441' title='bbox 591 4172 654 4225; x_wconf 80' lang='lat' dir='ltr'><strong>Ei</strong></span> <span class='ocrx_word' id='word_1_442' title='bbox 693 4172 789 4225; x_wconf 81' lang='grc' dir='ltr'><strong>καὶ</strong></span> <span class='ocrx_word' id='word_1_443' title='bbox 839 4172 935 4243; x_wconf 73' lang='grc' dir='ltr'><strong>ἥδε</strong></span> <span class='ocrx_word' id='word_1_444' title='bbox 958 4171 1066 4225; x_wconf 84' lang='grc' dir='ltr'><strong>τῶν</strong></span> <span class='ocrx_word' id='word_1_445' title='bbox 1103 4171 1218 4225; x_wconf 71' lang='grc' dir='ltr'><strong>ἅνω</strong></span> <span class='ocrx_word' id='word_1_446' title='bbox 1266 4172 1403 4244; x_wconf 82' lang='grc' dir='ltr'><strong>πρὸς</strong></span> <span class='ocrx_word' id='word_1_447' title='bbox 1436 4171 1505 4224; x_wconf 78' lang='grc' dir='ltr'><strong>τὰ</strong></span> <span class='ocrx_word' id='word_1_448' title='bbox 1536 4175 1685 4226; x_wconf 75' lang='grc' dir='ltr'><strong>κάτω</strong></span> 
     </span>
    </p>
   </div>
   <div class='ocr_carea' id='block_1_59' title="bbox 116 4262 1686 4337">
    <p class='ocr_par' dir='ltr' id='par_1_59' title="bbox 116 4262 1686 4337">
     <span class='ocr_line' id='line_1_59' title="bbox 116 4262 1686 4337; baseline 0.002 -23"><span class='ocrx_word' id='word_1_449' title='bbox 116 4262 415 4335; x_wconf 74' lang='grc' dir='ltr'><strong>σύγκρισις,</strong></span> <span class='ocrx_word' id='word_1_450' title='bbox 441 4264 583 4319; x_wconf 76' lang='grc' dir='ltr'><strong>πολὺ</strong></span> <span class='ocrx_word' id='word_1_451' title='bbox 625 4264 764 4337; x_wconf 81' lang='grc' dir='ltr'><strong>πρὸς</strong></span> <span class='ocrx_word' id='word_1_452' title='bbox 794 4265 996 4334; x_wconf 74' lang='grc' dir='ltr'><strong>ἑαυτὴν</strong></span> <span class='ocrx_word' id='word_1_453' title='bbox 1023 4263 1085 4318; x_wconf 84' lang='grc' dir='ltr'><strong>τδ</strong></span> <span class='ocrx_word' id='word_1_454' title='bbox 1111 4264 1372 4335; x_wconf 82' lang='grc' dir='ltr'><strong>διάφορον</strong></span> <span class='ocrx_word' id='word_1_455' title='bbox 1404 4264 1519 4335; x_wconf 74' lang='grc' dir='ltr'><strong>ἔχει</strong></span> <span class='ocrx_word' id='word_1_456' title='bbox 1539 4282 1552 4295; x_wconf 73' lang='grc' dir='ltr'><strong>ο</strong></span> <span class='ocrx_word' id='word_1_457' title='bbox 1590 4266 1686 4317; x_wconf 75' lang='grc' dir='ltr'><strong>καὶ</strong></span> 
     </span>
    </p>
   </div>
   <div class='ocr_carea' id='block_1_60' title="bbox 115 4353 1685 4427">
    <p class='ocr_par' dir='ltr' id='par_1_60' title="bbox 115 4353 1685 4427">
     <span class='ocr_line' id='line_1_60' title="bbox 115 4353 1685 4427; baseline 0.003 -23"><span class='ocrx_word' id='word_1_458' title='bbox 115 4354 205 4407; x_wconf 69' lang='grc' dir='ltr'><strong>οὐκ</strong></span> <span class='ocrx_word' id='word_1_459' title='bbox 238 4358 329 4410; x_wconf 69' lang='lat' dir='ltr'><strong>ica</strong></span> <span class='ocrx_word' id='word_1_460' title='bbox 355 4357 426 4410; x_wconf 80' lang='grc' dir='ltr'><strong>τὰ</strong></span> <span class='ocrx_word' id='word_1_461' title='bbox 458 4356 786 4427; x_wconf 83' lang='grc' dir='ltr'><strong>πράγματα,</strong></span> <span class='ocrx_word' id='word_1_462' title='bbox 818 4356 916 4426; x_wconf 80' lang='grc' dir='ltr'><strong>τὴν</strong></span> <span class='ocrx_word' id='word_1_463' title='bbox 942 4354 1117 4419; x_wconf 76' lang='grc' dir='ltr'><strong>ἄλλως</strong></span> <span class='ocrx_word' id='word_1_464' title='bbox 1142 4355 1187 4386; x_wconf 71' lang='grc' dir='ltr'><strong>τ’</strong></span> <span class='ocrx_word' id='word_1_465' title='bbox 1217 4355 1359 4408; x_wconf 79' lang='grc' dir='ltr'><strong>αὐτὰ</strong></span> <span class='ocrx_word' id='word_1_466' title='bbox 1386 4353 1482 4408; x_wconf 79' lang='grc' dir='ltr'><strong>τοῦ</strong></span> <span class='ocrx_word' id='word_1_467' title='bbox 1543 4370 1685 4425; x_wconf 87' lang='grc' dir='ltr'><strong>κρα-</strong></span> 
     </span>
    </p>
   </div>
   <div class='ocr_carea' id='block_1_61' title="bbox 117 4447 1683 4521">
    <p class='ocr_par' dir='ltr' id='par_1_61' title="bbox 117 4447 1683 4521">
     <span class='ocr_line' id='line_1_61' title="bbox 117 4447 1683 4521; baseline 0.003 -23"><span class='ocrx_word' id='word_1_468' title='bbox 117 4447 351 4515; x_wconf 79' lang='grc' dir='ltr'><strong>τοῦντος.</strong></span> <span class='ocrx_word' id='word_1_469' title='bbox 380 4449 633 4518; x_wconf 75' lang='grc' dir='ltr'><strong>ἄγοντος.</strong></span> <span class='ocrx_word' id='word_1_470' title='bbox 666 4449 748 4503; x_wconf 80' lang='grc' dir='ltr'><strong>Τὰ</strong></span> <span class='ocrx_word' id='word_1_471' title='bbox 781 4448 883 4520; x_wconf 83' lang='grc' dir='ltr'><strong>μὲν</strong></span> <span class='ocrx_word' id='word_1_472' title='bbox 936 4448 1046 4520; x_wconf 81' lang='grc' dir='ltr'><strong>γὰρ</strong></span> <span class='ocrx_word' id='word_1_473' title='bbox 1096 4448 1334 4520; x_wconf 72' lang='grc' dir='ltr'><strong>πρῶτασ</strong></span> <span class='ocrx_word' id='word_1_474' title='bbox 1391 4448 1683 4521; x_wconf 77' lang='grc' dir='ltr'><strong>παρρησία</strong></span> 
     </span>
    </p>
   </div>
   <div class='ocr_carea' id='block_1_62' title="bbox 121 4539 1684 4612">
    <p class='ocr_par' dir='ltr' id='par_1_62' title="bbox 121 4539 1684 4612">
     <span class='ocr_line' id='line_1_62' title="bbox 121 4539 1684 4612; baseline 0.003 -23"><span class='ocrx_word' id='word_1_475' title='bbox 121 4539 199 4592; x_wconf 79' lang='grc' dir='ltr'><strong>καὶ</strong></span> <span class='ocrx_word' id='word_1_476' title='bbox 243 4540 405 4611; x_wconf 81' lang='grc' dir='ltr'><strong>ζῆλος</strong></span> <span class='ocrx_word' id='word_1_477' title='bbox 431 4559 442 4570; x_wconf 84' lang='grc'><strong>·</strong></span> <span class='ocrx_word' id='word_1_478' title='bbox 470 4541 566 4595; x_wconf 77' lang='grc' dir='ltr'><strong>καὶ</strong></span> <span class='ocrx_word' id='word_1_479' title='bbox 590 4541 827 4611; x_wconf 74' lang='grc' dir='ltr'><strong>ἔλεγχοι,</strong></span> <span class='ocrx_word' id='word_1_480' title='bbox 855 4541 955 4610; x_wconf 83' lang='grc' dir='ltr'><strong>τὴν</strong></span> <span class='ocrx_word' id='word_1_481' title='bbox 977 4539 1073 4594; x_wconf 79' lang='grc' dir='ltr'><strong>τοῦ</strong></span> <span class='ocrx_word' id='word_1_482' title='bbox 1109 4540 1373 4611; x_wconf 75' lang='grc' dir='ltr'><strong>βασιλέως</strong></span> <span class='ocrx_word' id='word_1_483' title='bbox 1410 4540 1684 4612; x_wconf 75' lang='grc' dir='ltr'><strong>ἐπέπλητ-</strong></span> 
     </span>
    </p>
   </div>
   <div class='ocr_carea' id='block_1_63' title="bbox 120 4631 1681 4703">
    <p class='ocr_par' dir='ltr' id='par_1_63' title="bbox 120 4631 1681 4703">
     <span class='ocr_line' id='line_1_63' title="bbox 120 4631 1681 4703; baseline 0.003 -22"><span class='ocrx_word' id='word_1_484' title='bbox 120 4643 196 4681; x_wconf 81' lang='grc' dir='ltr'><strong>τον</strong></span> <span class='ocrx_word' id='word_1_485' title='bbox 234 4633 464 4686; x_wconf 77' lang='grc' dir='ltr'><strong>ἄνοιαν·</strong></span> <span class='ocrx_word' id='word_1_486' title='bbox 536 4631 846 4703; x_wconf 82' lang='grc' dir='ltr'><strong>ὰνομοῦντά</strong></span> <span class='ocrx_word' id='word_1_487' title='bbox 892 4649 952 4685; x_wconf 86' lang='grc' dir='ltr'><strong>τε</strong></span> <span class='ocrx_word' id='word_1_488' title='bbox 1005 4632 1167 4685; x_wconf 79' lang='grc' dir='ltr'><strong>αὐτόν</strong></span> <span class='ocrx_word' id='word_1_489' title='bbox 1202 4648 1215 4662; x_wconf 76' lang='grc' dir='ltr'><strong>ο</strong></span> <span class='ocrx_word' id='word_1_490' title='bbox 1268 4634 1391 4685; x_wconf 77' lang='grc' dir='ltr'><strong>κατ’</strong></span> <span class='ocrx_word' id='word_1_491' title='bbox 1448 4632 1681 4701; x_wconf 72' lang='grc' dir='ltr'><strong>ἀδελφοῦ</strong></span> 
     </span>
    </p>
   </div>
   <div class='ocr_carea' id='block_1_64' title="bbox 122 4707 1684 4796">
    <p class='ocr_par' dir='ltr' id='par_1_64' title="bbox 122 4707 1684 4796">
     <span class='ocr_line' id='line_1_64' title="bbox 122 4707 1684 4796; baseline 0 -20"><span class='ocrx_word' id='word_1_492' title='bbox 122 4724 390 4796; x_wconf 73' lang='grc' dir='ltr'><strong>φανερῶς,</strong></span> <span class='ocrx_word' id='word_1_493' title='bbox 460 4723 561 4794; x_wconf 80' lang='grc' dir='ltr'><strong>τὴν</strong></span> <span class='ocrx_word' id='word_1_494' title='bbox 627 4723 813 4793; x_wconf 84' lang='grc' dir='ltr'><strong>κοίτην</strong></span> <span class='ocrx_word' id='word_1_495' title='bbox 873 4707 1365 4787; x_wconf 43' lang='grc' dir='ltr'><strong>ὲπιϐουλεύονταξ</strong></span> <span class='ocrx_word' id='word_1_496' title='bbox 1407 4722 1684 4792; x_wconf 76' lang='grc' dir='ltr'><strong>προῦργου</strong></span> 
     </span>
    </p>
   </div>
   <div class='ocr_carea' id='block_1_65' title="bbox 119 4806 1688 4887">
    <p class='ocr_par' dir='ltr' id='par_1_65' title="bbox 119 4806 1688 4887">
     <span class='ocr_line' id='line_1_65' title="bbox 119 4806 1688 4887; baseline -0.001 -19"><span class='ocrx_word' id='word_1_497' title='bbox 119 4806 409 4887; x_wconf 66' lang='grc' dir='ltr'><strong>διήλεγχεν.</strong></span> <span class='ocrx_word' id='word_1_498' title='bbox 458 4814 624 4885; x_wconf 75' lang='grc' dir='ltr'><strong>Ὁμοῦ</strong></span> <span class='ocrx_word' id='word_1_499' title='bbox 646 4815 707 4868; x_wconf 84' lang='grc' dir='ltr'><strong>τὸ</strong></span> <span class='ocrx_word' id='word_1_500' title='bbox 733 4814 801 4869; x_wconf 84' lang='grc' dir='ltr'><strong>δι’</strong></span> <span class='ocrx_word' id='word_1_501' title='bbox 827 4814 1009 4878; x_wconf 75' lang='grc' dir='ltr'><strong>αἰδοῦς</strong></span> <span class='ocrx_word' id='word_1_502' title='bbox 1062 4814 1206 4885; x_wconf 76' lang='grc' dir='ltr'><strong>ἔχειν</strong></span> <span class='ocrx_word' id='word_1_503' title='bbox 1262 4813 1357 4867; x_wconf 81' lang='grc' dir='ltr'><strong>τοῦ</strong></span> <span class='ocrx_word' id='word_1_504' title='bbox 1423 4813 1560 4866; x_wconf 84' lang='grc' dir='ltr'><strong>Θεοῦ</strong></span> <span class='ocrx_word' id='word_1_505' title='bbox 1597 4812 1688 4866; x_wconf 80' lang='grc' dir='ltr'><strong>τὸν</strong></span> 
     </span>
    </p>
   </div>
   <div class='ocr_carea' id='block_1_66' title="bbox 116 4901 1687 4980">
    <p class='ocr_par' dir='ltr' id='par_1_66' title="bbox 116 4901 1687 4980">
     <span class='ocr_line' id='line_1_66' title="bbox 116 4901 1687 4980; baseline 0.001 -21"><span class='ocrx_word' id='word_1_506' title='bbox 116 4909 396 4980; x_wconf 75' lang='grc' dir='ltr'><strong>προφήτην</strong></span> <span class='ocrx_word' id='word_1_507' title='bbox 431 4947 446 4971; x_wconf 96' lang='grc'><strong>,</strong></span> <span class='ocrx_word' id='word_1_508' title='bbox 503 4907 599 4961; x_wconf 83' lang='grc' dir='ltr'><strong>ἇτε</strong></span> <span class='ocrx_word' id='word_1_509' title='bbox 660 4906 868 4961; x_wconf 73' lang='grc' dir='ltr'><strong>δίκαιον</strong></span> <span class='ocrx_word' id='word_1_510' title='bbox 929 4907 1023 4961; x_wconf 76' lang='grc' dir='ltr'><strong>καὶ</strong></span> <span class='ocrx_word' id='word_1_511' title='bbox 1073 4906 1230 4974; x_wconf 77' lang='grc' dir='ltr'><strong>ἅγιον</strong></span> <span class='ocrx_word' id='word_1_512' title='bbox 1297 4907 1482 4978; x_wconf 85' lang='grc' dir='ltr'><strong>χώραν</strong></span> <span class='ocrx_word' id='word_1_513' title='bbox 1542 4901 1687 4978; x_wconf 73' lang='grc' dir='ltr'><strong>εἶχεν</strong></span> 
     </span>
    </p>
   </div>
   <div class='ocr_carea' id='block_1_67' title="bbox 109 4993 1688 5070">
    <p class='ocr_par' dir='ltr' id='par_1_67' title="bbox 109 4993 1688 5070">
     <span class='ocr_line' id='line_1_67' title="bbox 109 4993 1688 5070; baseline -0.001 -18"><span class='ocrx_word' id='word_1_514' title='bbox 109 4993 264 5064; x_wconf 50' lang='grc' dir='ltr'><strong>τέως</strong></span> <span class='ocrx_word' id='word_1_515' title='bbox 300 4999 377 5052; x_wconf 77' lang='grc' dir='ltr'><strong>τὰ</strong></span> <span class='ocrx_word' id='word_1_516' title='bbox 421 4998 481 5052; x_wconf 85' lang='grc' dir='ltr'><strong>δὲ</strong></span> <span class='ocrx_word' id='word_1_517' title='bbox 540 4998 689 5070; x_wconf 77' lang='grc' dir='ltr'><strong>ἑξῆς,</strong></span> <span class='ocrx_word' id='word_1_518' title='bbox 745 4999 980 5070; x_wconf 83' lang='grc' dir='ltr'><strong>ἀνόμοια</strong></span> <span class='ocrx_word' id='word_1_519' title='bbox 1043 5000 1224 5068; x_wconf 83' lang='grc' dir='ltr'><strong>πάντη</strong></span> <span class='ocrx_word' id='word_1_520' title='bbox 1277 5000 1371 5052; x_wconf 78' lang='grc' dir='ltr'><strong>καὶ</strong></span> <span class='ocrx_word' id='word_1_521' title='bbox 1404 5000 1688 5069; x_wconf 80' lang='grc' dir='ltr'><strong>ἀπεμφαί-</strong></span> 
     </span>
    </p>
   </div>
   <div class='ocr_carea' id='block_1_68' title="bbox 108 5089 1736 5162">
    <p class='ocr_par' dir='ltr' id='par_1_68' title="bbox 108 5089 1736 5162">
     <span class='ocr_line' id='line_1_68' title="bbox 108 5089 1736 5162; baseline -0.001 -17"><span class='ocrx_word' id='word_1_522' title='bbox 108 5096 278 5153; x_wconf 77' lang='grc' dir='ltr'><strong>νοντα,</strong></span> <span class='ocrx_word' id='word_1_523' title='bbox 336 5090 437 5143; x_wconf 74' lang='grc' dir='ltr'><strong>καὶ</strong></span> <span class='ocrx_word' id='word_1_524' title='bbox 488 5089 598 5143; x_wconf 83' lang='grc' dir='ltr'><strong>τῶν</strong></span> <span class='ocrx_word' id='word_1_525' title='bbox 647 5092 929 5162; x_wconf 85' lang='grc' dir='ltr'><strong>προτέρων</strong></span> <span class='ocrx_word' id='word_1_526' title='bbox 976 5090 1131 5144; x_wconf 74' lang='grc' dir='ltr'><strong>οὐδὲν</strong></span> <span class='ocrx_word' id='word_1_527' title='bbox 1175 5089 1297 5144; x_wconf 81' lang='grc' dir='ltr'><strong>κατ’</strong></span> <span class='ocrx_word' id='word_1_528' title='bbox 1326 5090 1518 5144; x_wconf 78' lang='grc' dir='ltr'><strong>οὐδένα</strong></span> <span class='ocrx_word' id='word_1_529' title='bbox 1560 5090 1688 5161; x_wconf 87' lang='grc' dir='ltr'><strong>τρό-</strong></span> <span class='ocrx_word' id='word_1_530' title='bbox 1730 5131 1736 5136; x_wconf 85' lang='grc'><strong>.</strong></span> 
     </span>
    </p>
   </div>
   <div class='ocr_carea' id='block_1_69' title="bbox 100 5172 1681 5254">
    <p class='ocr_par' dir='ltr' id='par_1_69' title="bbox 100 5172 1681 5254">
     <span class='ocr_line' id='line_1_69' title="bbox 100 5172 1681 5254; baseline 0.003 -24"><span class='ocrx_word' id='word_1_531' title='bbox 100 5185 192 5234; x_wconf 79' lang='grc' dir='ltr'><strong>πον</strong></span> <span class='ocrx_word' id='word_1_532' title='bbox 219 5172 539 5253; x_wconf 75' lang='grc' dir='ltr'><strong>ἐφάμιλλον</strong></span> <span class='ocrx_word' id='word_1_533' title='bbox 585 5180 801 5253; x_wconf 74' lang='grc' dir='ltr'><strong>ἔχοντα.</strong></span> <span class='ocrx_word' id='word_1_534' title='bbox 835 5184 1001 5236; x_wconf 85' lang='grc' dir='ltr'><strong>Ὀτου</strong></span> <span class='ocrx_word' id='word_1_535' title='bbox 1030 5183 1095 5254; x_wconf 85' lang='grc' dir='ltr'><strong>δὴ</strong></span> <span class='ocrx_word' id='word_1_536' title='bbox 1126 5184 1308 5253; x_wconf 76' lang='grc' dir='ltr'><strong>χάριν,</strong></span> <span class='ocrx_word' id='word_1_537' title='bbox 1356 5184 1452 5235; x_wconf 80' lang='grc' dir='ltr'><strong>καὶ</strong></span> <span class='ocrx_word' id='word_1_538' title='bbox 1503 5182 1681 5251; x_wconf 76' lang='grc' dir='ltr'><strong>διατίς</strong></span> 
     </span>
    </p>
   </div>
   <div class='ocr_carea' id='block_1_70' title="bbox 104 5262 1684 5348">
    <p class='ocr_par' dir='ltr' id='par_1_70' title="bbox 104 5262 1684 5348">
     <span class='ocr_line' id='line_1_70' title="bbox 104 5262 1684 5348; baseline 0 -20"><span class='ocrx_word' id='word_1_539' title='bbox 104 5262 425 5347; x_wconf 73' lang='grc' dir='ltr'><strong>Ἐξιτράπη</strong></span> <span class='ocrx_word' id='word_1_540' title='bbox 446 5273 556 5347; x_wconf 83' lang='grc' dir='ltr'><strong>γὰρ</strong></span> <span class='ocrx_word' id='word_1_541' title='bbox 577 5274 824 5340; x_wconf 73' lang='grc' dir='ltr'><strong>οἰνωθεὶς</strong></span> <span class='ocrx_word' id='word_1_542' title='bbox 845 5273 983 5348; x_wconf 80' lang='grc' dir='ltr'><strong>πρὸς</strong></span> <span class='ocrx_word' id='word_1_543' title='bbox 999 5272 1060 5328; x_wconf 84' lang='grc' dir='ltr'><strong>τὸ</strong></span> <span class='ocrx_word' id='word_1_544' title='bbox 1081 5275 1180 5345; x_wconf 82' lang='grc' dir='ltr'><strong>τῆς</strong></span> <span class='ocrx_word' id='word_1_545' title='bbox 1207 5274 1380 5345; x_wconf 84' lang='grc' dir='ltr'><strong>μέθης</strong></span> <span class='ocrx_word' id='word_1_546' title='bbox 1406 5273 1607 5341; x_wconf 81' lang='grc' dir='ltr'><strong>κοῦφόν</strong></span> <span class='ocrx_word' id='word_1_547' title='bbox 1623 5290 1684 5328; x_wconf 84' lang='grc' dir='ltr'><strong>τε</strong></span> 
     </span>
    </p>
   </div>
   <div class='ocr_carea' id='block_1_71' title="bbox 83 5365 1682 5440">
    <p class='ocr_par' dir='ltr' id='par_1_71' title="bbox 83 5365 1682 5440">
     <span class='ocr_line' id='line_1_71' title="bbox 83 5365 1682 5440; baseline 0 -21"><span class='ocrx_word' id='word_1_548' title='bbox 83 5368 188 5423; x_wconf 64' lang='grc' dir='ltr'><strong>κιὶ</strong></span> <span class='ocrx_word' id='word_1_549' title='bbox 249 5367 562 5439; x_wconf 78' lang='grc' dir='ltr'><strong>ὑπηνέμιον</strong></span> <span class='ocrx_word' id='word_1_550' title='bbox 614 5368 818 5440; x_wconf 75' lang='grc' dir='ltr'><strong>ἔρυμα,</strong></span> <span class='ocrx_word' id='word_1_551' title='bbox 886 5367 1009 5421; x_wconf 82' lang='grc' dir='ltr'><strong>ὅθεν</strong></span> <span class='ocrx_word' id='word_1_552' title='bbox 1032 5365 1248 5437; x_wconf 77' lang='grc' dir='ltr'><strong>ψυχρᾶς</strong></span> <span class='ocrx_word' id='word_1_553' title='bbox 1282 5365 1491 5419; x_wconf 81' lang='grc' dir='ltr'><strong>εἵνεκεν</strong></span> <span class='ocrx_word' id='word_1_554' title='bbox 1524 5366 1682 5437; x_wconf 73' lang='grc' dir='ltr'><strong>εὐορ-</strong></span> 
     </span>
    </p>
   </div>
   <div class='ocr_carea' id='block_1_72' title="bbox 161 5530 845 5631">
    <p class='ocr_par' dir='ltr' id='par_1_72' title="bbox 161 5530 845 5631">
     <span class='ocr_line' id='line_1_72' title="bbox 161 5530 845 5631; baseline 0.016 -35"><span class='ocrx_word' id='word_1_555' title='bbox 161 5550 191 5581; x_wconf 64' lang='lat'><strong><em>?</em></strong></span> <span class='ocrx_word' id='word_1_556' title='bbox 224 5541 409 5600; x_wconf 73' lang='lat' dir='ltr'><strong>Marc.</strong></span> <span class='ocrx_word' id='word_1_557' title='bbox 439 5612 447 5631; x_wconf 40' lang='grc' dir='ltr'><strong><em>Ι</em></strong></span> <span class='ocrx_word' id='word_1_558' title='bbox 481 5559 557 5610; x_wconf 84' lang='lat' dir='ltr'><strong>vt,</strong></span> <span class='ocrx_word' id='word_1_559' title='bbox 588 5544 682 5611; x_wconf 77' lang='lat' dir='ltr'><strong>i9,</strong></span> <span class='ocrx_word' id='word_1_560' title='bbox 712 5546 798 5606; x_wconf 75' lang='lat'><strong>20.</strong></span> <span class='ocrx_word' id='word_1_561' title='bbox 836 5530 845 5533; x_wconf 41' lang='grc'><em>’</em></span> 
     </span>
    </p>
   </div>
   <div class='ocr_carea' id='block_1_73' title="bbox 1789 2067 3381 2151">
    <p class='ocr_par' dir='ltr' id='par_1_73' title="bbox 1789 2067 3381 2151">
     <span class='ocr_line' id='line_1_73' title="bbox 1789 2067 3381 2151; baseline 0.009 -28"><span class='ocrx_word' id='word_1_562' title='bbox 1789 2067 2027 2126; x_wconf 81' lang='lat' dir='ltr'><strong>Herodis</strong></span> <span class='ocrx_word' id='word_1_563' title='bbox 2057 2070 2286 2140; x_wconf 88' lang='lat' dir='ltr'><strong>hamus,</strong></span> <span class='ocrx_word' id='word_1_564' title='bbox 2329 2074 2562 2145; x_wconf 79' lang='lat' dir='ltr'><strong>laqueus</strong></span> <span class='ocrx_word' id='word_1_565' title='bbox 2606 2074 2664 2130; x_wconf 91' lang='lat' dir='ltr'><strong>in</strong></span> <span class='ocrx_word' id='word_1_566' title='bbox 2714 2090 2877 2146; x_wconf 87' lang='lat' dir='ltr'><strong>quem</strong></span> <span class='ocrx_word' id='word_1_567' title='bbox 2930 2078 3024 2133; x_wconf 88' lang='lat' dir='ltr'><strong>ille</strong></span> <span class='ocrx_word' id='word_1_568' title='bbox 3083 2080 3381 2151; x_wconf 88' lang='lat' dir='ltr'><strong>prolapsus</strong></span> 
     </span>
    </p>
   </div>
   <div class='ocr_carea' id='block_1_74' title="bbox 1788 2161 3376 2240">
    <p class='ocr_par' dir='ltr' id='par_1_74' title="bbox 1788 2161 3376 2240">
     <span class='ocr_line' id='line_1_74' title="bbox 1788 2161 3376 2240; baseline 0.007 -25"><span class='ocrx_word' id='word_1_569' title='bbox 1788 2161 2037 2231; x_wconf 71' lang='lat' dir='ltr'><strong>offendit,</strong></span> <span class='ocrx_word' id='word_1_570' title='bbox 2090 2172 2146 2219; x_wconf 90' lang='lat' dir='ltr'><strong>et</strong></span> <span class='ocrx_word' id='word_1_571' title='bbox 2199 2180 2311 2236; x_wconf 92' lang='lat' dir='ltr'><strong>quo</strong></span> <span class='ocrx_word' id='word_1_572' title='bbox 2360 2174 2559 2237; x_wconf 89' lang='lat' dir='ltr'><strong>captus</strong></span> <span class='ocrx_word' id='word_1_573' title='bbox 2592 2168 2822 2224; x_wconf 87' lang='lat' dir='ltr'><strong>minime</strong></span> <span class='ocrx_word' id='word_1_574' title='bbox 2885 2168 3115 2240; x_wconf 81' lang='lat' dir='ltr'><strong>eﬂ‘ugit?</strong></span> <span class='ocrx_word' id='word_1_575' title='bbox 3145 2190 3166 2225; x_wconf 80' lang='grc' dir='ltr'><strong>ι</strong></span> <span class='ocrx_word' id='word_1_576' title='bbox 3206 2172 3376 2239; x_wconf 91' lang='lat' dir='ltr'><strong>Dixit,</strong></span> 
     </span>
    </p>
   </div>
   <div class='ocr_carea' id='block_1_75' title="bbox 1788 2254 3379 2335">
    <p class='ocr_par' dir='ltr' id='par_1_75' title="bbox 1788 2254 3379 2335">
     <span class='ocr_line' id='line_1_75' title="bbox 1788 2254 3379 2335; baseline 0.006 -25"><span class='ocrx_word' id='word_1_577' title='bbox 1788 2254 1993 2325; x_wconf 89' lang='lat' dir='ltr'><strong>inquit,</strong></span> <span class='ocrx_word' id='word_1_578' title='bbox 2024 2256 2191 2311; x_wconf 85' lang='lat' dir='ltr'><strong>matri</strong></span> <span class='ocrx_word' id='word_1_579' title='bbox 2230 2272 2382 2313; x_wconf 62' lang='lat' dir='ltr'><strong>suae:</strong></span> <span class='ocrx_word' id='word_1_580' title='bbox 2420 2256 2561 2324; x_wconf 89' lang='lat' dir='ltr'><strong>Quid</strong></span> <span class='ocrx_word' id='word_1_581' title='bbox 2600 2259 2819 2330; x_wconf 81' lang='lat' dir='ltr'><strong>petam?</strong></span> <span class='ocrx_word' id='word_1_582' title='bbox 2851 2259 2954 2315; x_wconf 88' lang='lat' dir='ltr'><strong>Illa</strong></span> <span class='ocrx_word' id='word_1_583' title='bbox 2984 2270 3172 2318; x_wconf 85' lang='lat' dir='ltr'><strong>autem</strong></span> <span class='ocrx_word' id='word_1_584' title='bbox 3222 2278 3379 2335; x_wconf 71' lang='lat' dir='ltr'><strong>prte-</strong></span> 
     </span>
    </p>
   </div>
   <div class='ocr_carea' id='block_1_76' title="bbox 1789 2346 3380 2419">
    <p class='ocr_par' dir='ltr' id='par_1_76' title="bbox 1789 2346 3380 2419">
     <span class='ocr_line' id='line_1_76' title="bbox 1789 2346 3380 2419; baseline 0.008 -20"><span class='ocrx_word' id='word_1_585' title='bbox 1789 2348 1999 2400; x_wconf 88' lang='lat' dir='ltr'><strong>monita</strong></span> <span class='ocrx_word' id='word_1_586' title='bbox 2038 2361 2055 2400; x_wconf 89' lang='lat'><strong>:</strong></span> <span class='ocrx_word' id='word_1_587' title='bbox 2090 2346 2167 2403; x_wconf 89' lang='lat' dir='ltr'><strong>Da</strong></span> <span class='ocrx_word' id='word_1_588' title='bbox 2208 2349 2342 2404; x_wconf 88' lang='lat' dir='ltr'><strong>mihi</strong></span> <span class='ocrx_word' id='word_1_589' title='bbox 2402 2348 2516 2417; x_wconf 88' lang='lat' dir='ltr'><strong>hic,</strong></span> <span class='ocrx_word' id='word_1_590' title='bbox 2587 2349 2794 2419; x_wconf 80' lang='lat' dir='ltr'><strong>inquit,</strong></span> <span class='ocrx_word' id='word_1_591' title='bbox 2863 2352 3053 2408; x_wconf 86' lang='lat' dir='ltr'><strong>statim</strong></span> <span class='ocrx_word' id='word_1_592' title='bbox 3110 2353 3167 2409; x_wconf 91' lang='lat' dir='ltr'><strong>in</strong></span> <span class='ocrx_word' id='word_1_593' title='bbox 3219 2354 3380 2411; x_wconf 88' lang='lat' dir='ltr'><strong>disco</strong></span> 
     </span>
    </p>
   </div>
   <div class='ocr_carea' id='block_1_77' title="bbox 1788 2433 3377 2513">
    <p class='ocr_par' dir='ltr' id='par_1_77' title="bbox 1788 2433 3377 2513">
     <span class='ocr_line' id='line_1_77' title="bbox 1788 2433 3377 2513; baseline 0.007 -25"><span class='ocrx_word' id='word_1_594' title='bbox 1788 2443 1955 2506; x_wconf 87' lang='lat' dir='ltr'><strong>caput</strong></span> <span class='ocrx_word' id='word_1_595' title='bbox 1990 2433 2222 2493; x_wconf 81' lang='lat' dir='ltr'><strong>Joannis</strong></span> <span class='ocrx_word' id='word_1_596' title='bbox 2277 2435 2557 2509; x_wconf 64' lang='lat' dir='ltr'><strong>Baptism.</strong></span> <span class='ocrx_word' id='word_1_597' title='bbox 2608 2455 2627 2490; x_wconf 75' lang='grc' dir='ltr'><strong>ι</strong></span> <span class='ocrx_word' id='word_1_598' title='bbox 2666 2435 2835 2496; x_wconf 74' lang='lat' dir='ltr'><strong>Vides</strong></span> <span class='ocrx_word' id='word_1_599' title='bbox 2864 2441 3264 2513; x_wconf 69' lang='lat' dir='ltr'><strong>evangelistam</strong></span> <span class='ocrx_word' id='word_1_600' title='bbox 3311 2457 3377 2499; x_wconf 85' lang='lat' dir='ltr'><strong>ea</strong></span> 
     </span>
    </p>
   </div>
   <div class='ocr_carea' id='block_1_78' title="bbox 1790 2530 3375 2599">
    <p class='ocr_par' dir='ltr' id='par_1_78' title="bbox 1790 2530 3375 2599">
     <span class='ocr_line' id='line_1_78' title="bbox 1790 2530 3375 2599; baseline 0.004 -17"><span class='ocrx_word' id='word_1_601' title='bbox 1790 2541 2008 2596; x_wconf 88' lang='lat' dir='ltr'><strong>semper</strong></span> <span class='ocrx_word' id='word_1_602' title='bbox 2060 2543 2185 2597; x_wconf 67' lang='lat' dir='ltr'><strong>quae</strong></span> <span class='ocrx_word' id='word_1_603' title='bbox 2240 2543 2369 2584; x_wconf 87' lang='lat' dir='ltr'><strong>vera</strong></span> <span class='ocrx_word' id='word_1_604' title='bbox 2422 2539 2555 2586; x_wconf 88' lang='lat' dir='ltr'><strong>sunt</strong></span> <span class='ocrx_word' id='word_1_605' title='bbox 2601 2530 3005 2586; x_wconf 76' lang='lat' dir='ltr'><strong>adducentem?</strong></span> <span class='ocrx_word' id='word_1_606' title='bbox 3050 2532 3193 2599; x_wconf 86' lang='lat' dir='ltr'><strong>Quid</strong></span> <span class='ocrx_word' id='word_1_607' title='bbox 3226 2533 3375 2588; x_wconf 87' lang='lat' dir='ltr'><strong>enim</strong></span> 
     </span>
    </p>
   </div>
   <div class='ocr_carea' id='block_1_79' title="bbox 1791 2616 3380 2691">
    <p class='ocr_par' dir='ltr' id='par_1_79' title="bbox 1791 2616 3380 2691">
     <span class='ocr_line' id='line_1_79' title="bbox 1791 2616 3380 2691; baseline 0.006 -21"><span class='ocrx_word' id='word_1_608' title='bbox 1791 2617 1907 2671; x_wconf 79' lang='lat' dir='ltr'><strong>ait?</strong></span> <span class='ocrx_word' id='word_1_609' title='bbox 1937 2636 1955 2670; x_wconf 82' lang='grc' dir='ltr'><strong>ι</strong></span> <span class='ocrx_word' id='word_1_610' title='bbox 1991 2616 2268 2676; x_wconf 86' lang='lat' dir='ltr'><strong>Herodias</strong></span> <span class='ocrx_word' id='word_1_611' title='bbox 2320 2628 2504 2677; x_wconf 91' lang='lat' dir='ltr'><strong>autem</strong></span> <span class='ocrx_word' id='word_1_612' title='bbox 2541 2622 2590 2678; x_wconf 92' lang='lat' dir='ltr'><strong>ei</strong></span> <span class='ocrx_word' id='word_1_613' title='bbox 2635 2621 3027 2691; x_wconf 88' lang='lat' dir='ltr'><strong>insidiabatur,</strong></span> <span class='ocrx_word' id='word_1_614' title='bbox 3066 2633 3119 2679; x_wconf 89' lang='lat' dir='ltr'><strong>et</strong></span> <span class='ocrx_word' id='word_1_615' title='bbox 3161 2625 3380 2680; x_wconf 89' lang='lat' dir='ltr'><strong>volebat</strong></span> 
     </span>
    </p>
   </div>
   <div class='ocr_carea' id='block_1_80' title="bbox 1801 2708 3379 2781">
    <p class='ocr_par' dir='ltr' id='par_1_80' title="bbox 1801 2708 3379 2781">
     <span class='ocr_line' id='line_1_80' title="bbox 1801 2708 3379 2781; baseline 0.005 -20"><span class='ocrx_word' id='word_1_616' title='bbox 1801 2723 1928 2762; x_wconf 91' lang='lat' dir='ltr'><strong>eum</strong></span> <span class='ocrx_word' id='word_1_617' title='bbox 1971 2708 2252 2774; x_wconf 86' lang='lat' dir='ltr'><strong>occidere,</strong></span> <span class='ocrx_word' id='word_1_618' title='bbox 2279 2725 2380 2765; x_wconf 90' lang='lat' dir='ltr'><strong>nec</strong></span> <span class='ocrx_word' id='word_1_619' title='bbox 2409 2718 2649 2781; x_wconf 86' lang='lat' dir='ltr'><strong>poterat.</strong></span> <span class='ocrx_word' id='word_1_620' title='bbox 2699 2710 2945 2768; x_wconf 80' lang='lat' dir='ltr'><strong>Herodes</strong></span> <span class='ocrx_word' id='word_1_621' title='bbox 2974 2711 3127 2768; x_wconf 84' lang='lat' dir='ltr'><strong>enim</strong></span> <span class='ocrx_word' id='word_1_622' title='bbox 3164 2721 3379 2769; x_wconf 87' lang='lat' dir='ltr'><strong>metue-</strong></span> 
     </span>
    </p>
   </div>
   <div class='ocr_carea' id='block_1_81' title="bbox 1790 2796 3378 2872">
    <p class='ocr_par' dir='ltr' id='par_1_81' title="bbox 1790 2796 3378 2872">
     <span class='ocr_line' id='line_1_81' title="bbox 1790 2796 3378 2872; baseline 0.004 -19"><span class='ocrx_word' id='word_1_623' title='bbox 1790 2797 1883 2853; x_wconf 89' lang='lat' dir='ltr'><strong>bat</strong></span> <span class='ocrx_word' id='word_1_624' title='bbox 1907 2796 2201 2866; x_wconf 82' lang='lat' dir='ltr'><strong>Joannem,</strong></span> <span class='ocrx_word' id='word_1_625' title='bbox 2226 2800 2411 2856; x_wconf 90' lang='lat' dir='ltr'><strong>sciens</strong></span> <span class='ocrx_word' id='word_1_626' title='bbox 2428 2816 2555 2855; x_wconf 92' lang='lat' dir='ltr'><strong>eum</strong></span> <span class='ocrx_word' id='word_1_627' title='bbox 2585 2801 2992 2871; x_wconf 86' lang='lat' dir='ltr'><strong>virumjustum</strong></span> <span class='ocrx_word' id='word_1_628' title='bbox 3012 2810 3069 2858; x_wconf 88' lang='lat' dir='ltr'><strong>et</strong></span> <span class='ocrx_word' id='word_1_629' title='bbox 3092 2812 3378 2872; x_wconf 78' lang='lat' dir='ltr'><strong>sanctum;</strong></span> 
     </span>
    </p>
   </div>
   <div class='ocr_carea' id='block_1_82' title="bbox 1790 2892 3379 2959">
    <p class='ocr_par' dir='ltr' id='par_1_82' title="bbox 1790 2892 3379 2959">
     <span class='ocr_line' id='line_1_82' title="bbox 1790 2892 3379 2959; baseline 0.005 -14"><span class='ocrx_word' id='word_1_630' title='bbox 1790 2902 1842 2946; x_wconf 89' lang='lat' dir='ltr'><strong>et</strong></span> <span class='ocrx_word' id='word_1_631' title='bbox 1869 2893 2060 2948; x_wconf 91' lang='lat' dir='ltr'><strong>audito</strong></span> <span class='ocrx_word' id='word_1_632' title='bbox 2086 2909 2154 2949; x_wconf 87' lang='lat' dir='ltr'><strong>eo</strong></span> <span class='ocrx_word' id='word_1_633' title='bbox 2180 2894 2351 2949; x_wconf 89' lang='lat' dir='ltr'><strong>multa</strong></span> <span class='ocrx_word' id='word_1_634' title='bbox 2388 2892 2650 2959; x_wconf 78' lang='lat' dir='ltr'><strong>faciebat,</strong></span> <span class='ocrx_word' id='word_1_635' title='bbox 2680 2903 2736 2949; x_wconf 91' lang='lat' dir='ltr'><strong>et</strong></span> <span class='ocrx_word' id='word_1_636' title='bbox 2766 2896 2998 2951; x_wconf 87' lang='lat' dir='ltr'><strong>libenter</strong></span> <span class='ocrx_word' id='word_1_637' title='bbox 3024 2911 3149 2952; x_wconf 90' lang='lat' dir='ltr'><strong>eum</strong></span> <span class='ocrx_word' id='word_1_638' title='bbox 3183 2896 3379 2953; x_wconf 88' lang='lat' dir='ltr'><strong>audie-</strong></span> 
     </span>
    </p>
   </div>
   <div class='ocr_carea' id='block_1_83' title="bbox 1788 2970 3378 3056">
    <p class='ocr_par' dir='ltr' id='par_1_83' title="bbox 1788 2970 3378 3056">
     <span class='ocr_line' id='line_1_83' title="bbox 1788 2970 3378 3056; baseline 0.003 -17"><span class='ocrx_word' id='word_1_639' title='bbox 1788 2985 1882 3040; x_wconf 89' lang='lat' dir='ltr'><strong>bat</strong></span> <span class='ocrx_word' id='word_1_640' title='bbox 1917 2994 1962 3037; x_wconf 86' lang='grc' dir='ltr'><strong>ι’.</strong></span> <span class='ocrx_word' id='word_1_641' title='bbox 2004 3002 2024 3036; x_wconf 83' lang='grc'>›</span> <span class='ocrx_word' id='word_1_642' title='bbox 2070 2970 2238 3042; x_wconf 80' lang='lat' dir='ltr'><strong>Vides</strong></span> <span class='ocrx_word' id='word_1_643' title='bbox 2267 2993 2395 3041; x_wconf 89' lang='lat' dir='ltr'><strong>ante</strong></span> <span class='ocrx_word' id='word_1_644' title='bbox 2418 2984 2584 3041; x_wconf 87' lang='lat' dir='ltr'><strong>etiam</strong></span> <span class='ocrx_word' id='word_1_645' title='bbox 2616 2986 3012 3056; x_wconf 83' lang='lat' dir='ltr'><strong>jusjurandum</strong></span> <span class='ocrx_word' id='word_1_646' title='bbox 3047 2987 3224 3044; x_wconf 80' lang='lat' dir='ltr'><strong>fuisse</strong></span> <span class='ocrx_word' id='word_1_647' title='bbox 3252 3002 3378 3043; x_wconf 86' lang='lat' dir='ltr'><strong>sce-</strong></span> 
     </span>
    </p>
   </div>
   <div class='ocr_carea' id='block_1_84' title="bbox 1789 3074 3379 3148">
    <p class='ocr_par' dir='ltr' id='par_1_84' title="bbox 1789 3074 3379 3148">
     <span class='ocr_line' id='line_1_84' title="bbox 1789 3074 3379 3148; baseline 0.002 -18"><span class='ocrx_word' id='word_1_648' title='bbox 1789 3074 2018 3131; x_wconf 88' lang='lat' dir='ltr'><strong>leratam</strong></span> <span class='ocrx_word' id='word_1_649' title='bbox 2072 3075 2335 3130; x_wconf 77' lang='lat' dir='ltr'><strong>feminam</strong></span> <span class='ocrx_word' id='word_1_650' title='bbox 2400 3075 2622 3132; x_wconf 83' lang='lat' dir='ltr'><strong>infenso</strong></span> <span class='ocrx_word' id='word_1_651' title='bbox 2675 3078 2865 3131; x_wconf 88' lang='lat' dir='ltr'><strong>animo</strong></span> <span class='ocrx_word' id='word_1_652' title='bbox 2901 3078 2957 3132; x_wconf 91' lang='lat' dir='ltr'><strong>in</strong></span> <span class='ocrx_word' id='word_1_653' title='bbox 3010 3079 3379 3148; x_wconf 75' lang='lat' dir='ltr'><strong>pr0phetam?</strong></span> 
     </span>
    </p>
   </div>
   <div class='ocr_carea' id='block_1_85' title="bbox 1789 3166 3489 3240">
    <p class='ocr_par' dir='ltr' id='par_1_85' title="bbox 1789 3166 3489 3240">
     <span class='ocr_line' id='line_1_85' title="bbox 1789 3166 3489 3240; baseline 0.001 -20"><span class='ocrx_word' id='word_1_654' title='bbox 1789 3166 1932 3234; x_wconf 84' lang='lat' dir='ltr'><strong>Quid</strong></span> <span class='ocrx_word' id='word_1_655' title='bbox 1950 3175 2139 3222; x_wconf 89' lang='lat' dir='ltr'><strong>autem</strong></span> <span class='ocrx_word' id='word_1_656' title='bbox 2173 3167 2495 3224; x_wconf 90' lang='lat' dir='ltr'><strong>testimonio</strong></span> <span class='ocrx_word' id='word_1_657' title='bbox 2526 3168 2632 3223; x_wconf 89' lang='lat' dir='ltr'><strong>hoc</strong></span> <span class='ocrx_word' id='word_1_658' title='bbox 2659 3168 2980 3225; x_wconf 88' lang='lat' dir='ltr'><strong>evidentius</strong></span> <span class='ocrx_word' id='word_1_659' title='bbox 3008 3184 3133 3225; x_wconf 88' lang='lat' dir='ltr'><strong>esse</strong></span> <span class='ocrx_word' id='word_1_660' title='bbox 3157 3177 3325 3240; x_wconf 90' lang='lat' dir='ltr'><strong>queat</strong></span> <span class='ocrx_word' id='word_1_661' title='bbox 3350 3169 3379 3224; x_wconf 67' lang='grc' dir='ltr'>τ</span> <span class='ocrx_word' id='word_1_662' title='bbox 3472 3212 3489 3222; x_wconf 87' lang='grc'><strong>.</strong></span> 
     </span>
    </p>
   </div>
   <div class='ocr_carea' id='block_1_86' title="bbox 1787 3258 3376 3329">
    <p class='ocr_par' dir='ltr' id='par_1_86' title="bbox 1787 3258 3376 3329">
     <span class='ocr_line' id='line_1_86' title="bbox 1787 3258 3376 3329; baseline 0.003 -15"><span class='ocrx_word' id='word_1_663' title='bbox 1787 3258 1924 3315; x_wconf 86' lang='lat' dir='ltr'><strong>Cum</strong></span> <span class='ocrx_word' id='word_1_664' title='bbox 1956 3259 2101 3313; x_wconf 89' lang='lat' dir='ltr'><strong>enim</strong></span> <span class='ocrx_word' id='word_1_665' title='bbox 2130 3259 2444 3314; x_wconf 86' lang='lat' dir='ltr'><strong>libertatem</strong></span> <span class='ocrx_word' id='word_1_666' title='bbox 2476 3259 2739 3329; x_wconf 86' lang='lat' dir='ltr'><strong>loquendi</strong></span> <span class='ocrx_word' id='word_1_667' title='bbox 2803 3274 2869 3314; x_wconf 90' lang='lat' dir='ltr'><strong>ac</strong></span> <span class='ocrx_word' id='word_1_668' title='bbox 2912 3260 3093 3315; x_wconf 79' lang='lat' dir='ltr'><strong>zelum</strong></span> <span class='ocrx_word' id='word_1_669' title='bbox 3143 3260 3376 3318; x_wconf 72' lang='lat' dir='ltr'><strong>Joannis</strong></span> 
     </span>
    </p>
   </div>
   <div class='ocr_carea' id='block_1_87' title="bbox 1793 3349 3373 3420">
    <p class='ocr_par' dir='ltr' id='par_1_87' title="bbox 1793 3349 3373 3420">
     <span class='ocr_line' id='line_1_87' title="bbox 1793 3349 3373 3420; baseline 0.003 -16"><span class='ocrx_word' id='word_1_670' title='bbox 1793 3350 2034 3404; x_wconf 89' lang='lat' dir='ltr'><strong>ostendit</strong></span> <span class='ocrx_word' id='word_1_671' title='bbox 2058 3387 2073 3413; x_wconf 89' lang='lat'><strong>,</strong></span> <span class='ocrx_word' id='word_1_672' title='bbox 2109 3365 2177 3404; x_wconf 90' lang='lat' dir='ltr'><strong>eo</strong></span> <span class='ocrx_word' id='word_1_673' title='bbox 2212 3349 2358 3420; x_wconf 91' lang='lat' dir='ltr'><strong>quod</strong></span> <span class='ocrx_word' id='word_1_674' title='bbox 2402 3350 2494 3405; x_wconf 92' lang='lat' dir='ltr'><strong>ille</strong></span> <span class='ocrx_word' id='word_1_675' title='bbox 2556 3349 2832 3406; x_wconf 82' lang='lat' dir='ltr'><strong>Herodem</strong></span> <span class='ocrx_word' id='word_1_676' title='bbox 2890 3351 3373 3420; x_wconf 77' lang='lat' dir='ltr'><strong>reprehenderet:</strong></span> 
     </span>
    </p>
   </div>
   <div class='ocr_carea' id='block_1_88' title="bbox 1793 3440 3376 3511">
    <p class='ocr_par' dir='ltr' id='par_1_88' title="bbox 1793 3440 3376 3511">
     <span class='ocr_line' id='line_1_88' title="bbox 1793 3440 3376 3511; baseline 0.002 -17"><span class='ocrx_word' id='word_1_677' title='bbox 1793 3449 1908 3495; x_wconf 92' lang='lat' dir='ltr'><strong>tum</strong></span> <span class='ocrx_word' id='word_1_678' title='bbox 1933 3440 2061 3494; x_wconf 93' lang='lat' dir='ltr'><strong>olim</strong></span> <span class='ocrx_word' id='word_1_679' title='bbox 2104 3440 2214 3494; x_wconf 90' lang='lat' dir='ltr'><strong>imo</strong></span> <span class='ocrx_word' id='word_1_680' title='bbox 2247 3449 2474 3511; x_wconf 88' lang='lat' dir='ltr'><strong>pectore</strong></span> <span class='ocrx_word' id='word_1_681' title='bbox 2516 3450 2718 3508; x_wconf 81' lang='lat' dir='ltr'><strong>satam,</strong></span> <span class='ocrx_word' id='word_1_682' title='bbox 2749 3455 2814 3495; x_wconf 89' lang='lat' dir='ltr'><strong>ac</strong></span> <span class='ocrx_word' id='word_1_683' title='bbox 2846 3441 3207 3497; x_wconf 89' lang='lat' dir='ltr'><strong>inveteratam</strong></span> <span class='ocrx_word' id='word_1_684' title='bbox 3254 3458 3376 3497; x_wconf 85' lang='lat' dir='ltr'><strong>mu-</strong></span> 
     </span>
    </p>
   </div>
   <div class='ocr_carea' id='block_1_89' title="bbox 1796 3528 3372 3599">
    <p class='ocr_par' dir='ltr' id='par_1_89' title="bbox 1796 3528 3372 3599">
     <span class='ocr_line' id='line_1_89' title="bbox 1796 3528 3372 3599; baseline 0.002 -16"><span class='ocrx_word' id='word_1_685' title='bbox 1796 3530 2038 3585; x_wconf 82' lang='lat' dir='ltr'><strong>lierculae</strong></span> <span class='ocrx_word' id='word_1_686' title='bbox 2069 3529 2228 3594; x_wconf 89' lang='lat' dir='ltr'><strong>iram,</strong></span> <span class='ocrx_word' id='word_1_687' title='bbox 2266 3530 2320 3582; x_wconf 91' lang='lat' dir='ltr'><strong>in</strong></span> <span class='ocrx_word' id='word_1_688' title='bbox 2378 3528 2695 3584; x_wconf 85' lang='lat' dir='ltr'><strong>auditurum</strong></span> <span class='ocrx_word' id='word_1_689' title='bbox 2755 3536 3039 3598; x_wconf 80' lang='lat' dir='ltr'><strong>aspectum</strong></span> <span class='ocrx_word' id='word_1_690' title='bbox 3090 3529 3372 3599; x_wconf 88' lang='lat' dir='ltr'><strong>producit.</strong></span> 
     </span>
    </p>
   </div>
   <div class='ocr_carea' id='block_1_90' title="bbox 1794 3619 3371 3690">
    <p class='ocr_par' dir='ltr' id='par_1_90' title="bbox 1794 3619 3371 3690">
     <span class='ocr_line' id='line_1_90' title="bbox 1794 3619 3371 3690; baseline -0.001 -14"><span class='ocrx_word' id='word_1_691' title='bbox 1794 3621 1908 3677; x_wconf 87' lang='lat' dir='ltr'><strong>Hoc</strong></span> <span class='ocrx_word' id='word_1_692' title='bbox 1975 3620 2122 3679; x_wconf 81' lang='lat' dir='ltr'><strong>enim</strong></span> <span class='ocrx_word' id='word_1_693' title='bbox 2174 3620 2451 3690; x_wconf 79' lang='lat' dir='ltr'><strong>signiﬁcat</strong></span> <span class='ocrx_word' id='word_1_694' title='bbox 2503 3619 2711 3690; x_wconf 89' lang='lat' dir='ltr'><strong>pariter</strong></span> <span class='ocrx_word' id='word_1_695' title='bbox 2749 3628 2917 3690; x_wconf 89' lang='lat' dir='ltr'><strong>atque</strong></span> <span class='ocrx_word' id='word_1_696' title='bbox 2966 3621 3213 3676; x_wconf 87' lang='lat' dir='ltr'><strong>ostendit</strong></span> <span class='ocrx_word' id='word_1_697' title='bbox 3269 3635 3371 3676; x_wconf 84' lang='lat' dir='ltr'><strong>vox</strong></span> 
     </span>
    </p>
   </div>
   <div class='ocr_carea' id='block_1_91' title="bbox 1794 3709 3376 3779">
    <p class='ocr_par' dir='ltr' id='par_1_91' title="bbox 1794 3709 3376 3779">
     <span class='ocr_line' id='line_1_91' title="bbox 1794 3709 3376 3779; baseline 0 -13"><span class='ocrx_word' id='word_1_698' title='bbox 1794 3715 1912 3777; x_wconf 85' lang='lat' dir='ltr'><strong>illa,</strong></span> <span class='ocrx_word' id='word_1_699' title='bbox 1933 3711 2315 3767; x_wconf 79' lang='lat' dir='ltr'><strong>insidiabatur.</strong></span> <span class='ocrx_word' id='word_1_700' title='bbox 2347 3709 2484 3766; x_wconf 83' lang='lat' dir='ltr'><strong>Nam</strong></span> <span class='ocrx_word' id='word_1_701' title='bbox 2503 3720 2557 3767; x_wconf 91' lang='lat' dir='ltr'><strong>et</strong></span> <span class='ocrx_word' id='word_1_702' title='bbox 2578 3710 2738 3770; x_wconf 90' lang='lat' dir='ltr'><strong>illud.</strong></span> <span class='ocrx_word' id='word_1_703' title='bbox 2762 3726 2865 3766; x_wconf 80' lang='lat' dir='ltr'><strong>non</strong></span> <span class='ocrx_word' id='word_1_704' title='bbox 2878 3719 3109 3779; x_wconf 82' lang='lat' dir='ltr'><strong>poterat,</strong></span> <span class='ocrx_word' id='word_1_705' title='bbox 3129 3712 3376 3767; x_wconf 85' lang='lat' dir='ltr'><strong>ostendit</strong></span> 
     </span>
    </p>
   </div>
   <div class='ocr_carea' id='block_1_92' title="bbox 1794 3803 3372 3862">
    <p class='ocr_par' dir='ltr' id='par_1_92' title="bbox 1794 3803 3372 3862">
     <span class='ocr_line' id='line_1_92' title="bbox 1794 3803 3372 3862; baseline -0.001 -2"><span class='ocrx_word' id='word_1_706' title='bbox 1794 3805 2025 3862; x_wconf 82' lang='lat' dir='ltr'><strong>Herodis</strong></span> <span class='ocrx_word' id='word_1_707' title='bbox 2081 3805 2139 3860; x_wconf 93' lang='lat' dir='ltr'><strong>in</strong></span> <span class='ocrx_word' id='word_1_708' title='bbox 2186 3804 2455 3860; x_wconf 87' lang='lat' dir='ltr'><strong>Joannem</strong></span> <span class='ocrx_word' id='word_1_709' title='bbox 2506 3806 2777 3861; x_wconf 88' lang='lat' dir='ltr'><strong>honorem</strong></span> <span class='ocrx_word' id='word_1_710' title='bbox 2849 3814 2901 3860; x_wconf 85' lang='lat' dir='ltr'><strong>et</strong></span> <span class='ocrx_word' id='word_1_711' title='bbox 2956 3803 3372 3859; x_wconf 87' lang='lat' dir='ltr'><strong>reverentiam:</strong></span> 
     </span>
    </p>
   </div>
   <div class='ocr_carea' id='block_1_93' title="bbox 1792 3895 3377 3971">
    <p class='ocr_par' dir='ltr' id='par_1_93' title="bbox 1792 3895 3377 3971">
     <span class='ocr_line' id='line_1_93' title="bbox 1792 3895 3377 3971; baseline -0.003 -18"><span class='ocrx_word' id='word_1_712' title='bbox 1792 3896 1941 3971; x_wconf 86' lang='lat' dir='ltr'><strong>quod</strong></span> <span class='ocrx_word' id='word_1_713' title='bbox 1975 3898 2242 3953; x_wconf 90' lang='lat' dir='ltr'><strong>nimirum</strong></span> <span class='ocrx_word' id='word_1_714' title='bbox 2282 3899 2331 3952; x_wconf 92' lang='lat' dir='ltr'><strong>is</strong></span> <span class='ocrx_word' id='word_1_715' title='bbox 2380 3907 2636 3952; x_wconf 85' lang='lat' dir='ltr'><strong>sanctum</strong></span> <span class='ocrx_word' id='word_1_716' title='bbox 2668 3911 2733 3950; x_wconf 89' lang='lat' dir='ltr'><strong>ac</strong></span> <span class='ocrx_word' id='word_1_717' title='bbox 2757 3897 2973 3967; x_wconf 89' lang='lat' dir='ltr'><strong>justum</strong></span> <span class='ocrx_word' id='word_1_718' title='bbox 3025 3910 3151 3950; x_wconf 90' lang='lat' dir='ltr'><strong>eum</strong></span> <span class='ocrx_word' id='word_1_719' title='bbox 3201 3895 3377 3950; x_wconf 88' lang='lat' dir='ltr'><strong>habe-</strong></span> 
     </span>
    </p>
   </div>
   <div class='ocr_carea' id='block_1_94' title="bbox 1794 3985 3373 4059">
    <p class='ocr_par' dir='ltr' id='par_1_94' title="bbox 1794 3985 3373 4059">
     <span class='ocr_line' id='line_1_94' title="bbox 1794 3985 3373 4059; baseline -0.004 -14"><span class='ocrx_word' id='word_1_720' title='bbox 1794 3999 1898 4056; x_wconf 90' lang='lat' dir='ltr'><strong>ret,</strong></span> <span class='ocrx_word' id='word_1_721' title='bbox 1926 4004 2106 4059; x_wconf 88' lang='lat' dir='ltr'><strong>eoque</strong></span> <span class='ocrx_word' id='word_1_722' title='bbox 2149 3989 2339 4043; x_wconf 88' lang='lat' dir='ltr'><strong>audito</strong></span> <span class='ocrx_word' id='word_1_723' title='bbox 2385 3989 2559 4043; x_wconf 90' lang='lat' dir='ltr'><strong>multa</strong></span> <span class='ocrx_word' id='word_1_724' title='bbox 2606 3986 2836 4053; x_wconf 79' lang='lat' dir='ltr'><strong>faceret,</strong></span> <span class='ocrx_word' id='word_1_725' title='bbox 2872 4000 2937 4040; x_wconf 90' lang='lat' dir='ltr'><strong>ac</strong></span> <span class='ocrx_word' id='word_1_726' title='bbox 2976 3985 3214 4040; x_wconf 87' lang='lat' dir='ltr'><strong>libenter</strong></span> <span class='ocrx_word' id='word_1_727' title='bbox 3246 3999 3373 4039; x_wconf 90' lang='lat' dir='ltr'><strong>eum</strong></span> 
     </span>
    </p>
   </div>
   <div class='ocr_carea' id='block_1_95' title="bbox 1792 4077 3377 4151">
    <p class='ocr_par' dir='ltr' id='par_1_95' title="bbox 1792 4077 3377 4151">
     <span class='ocr_line' id='line_1_95' title="bbox 1792 4077 3377 4151; baseline -0.004 -14"><span class='ocrx_word' id='word_1_728' title='bbox 1792 4081 2028 4137; x_wconf 88' lang='lat' dir='ltr'><strong>audiret.</strong></span> <span class='ocrx_word' id='word_1_729' title='bbox 2090 4079 2415 4151; x_wconf 85' lang='lat' dir='ltr'><strong>Quanquam</strong></span> <span class='ocrx_word' id='word_1_730' title='bbox 2460 4089 2522 4134; x_wconf 93' lang='lat' dir='ltr'><strong>ut</strong></span> <span class='ocrx_word' id='word_1_731' title='bbox 2578 4079 2762 4148; x_wconf 87' lang='lat' dir='ltr'><strong>priora</strong></span> <span class='ocrx_word' id='word_1_732' title='bbox 2822 4093 2951 4134; x_wconf 90' lang='lat' dir='ltr'><strong>cum</strong></span> <span class='ocrx_word' id='word_1_733' title='bbox 3010 4077 3377 4147; x_wconf 89' lang='lat' dir='ltr'><strong>sequentibus</strong></span> 
     </span>
    </p>
   </div>
   <div class='ocr_carea' id='block_1_96' title="bbox 1794 4164 3377 4244">
    <p class='ocr_par' dir='ltr' id='par_1_96' title="bbox 1794 4164 3377 4244">
     <span class='ocr_line' id='line_1_96' title="bbox 1794 4164 3377 4244; baseline -0.004 -14"><span class='ocrx_word' id='word_1_734' title='bbox 1794 4173 2228 4244; x_wconf 87' lang='lat' dir='ltr'><strong>comparaveris.</strong></span> <span class='ocrx_word' id='word_1_735' title='bbox 2285 4164 2543 4240; x_wconf 84' lang='lat' dir='ltr'><strong>magnum</strong></span> <span class='ocrx_word' id='word_1_736' title='bbox 2598 4171 2903 4227; x_wconf 88' lang='lat' dir='ltr'><strong>discrimen</strong></span> <span class='ocrx_word' id='word_1_737' title='bbox 2966 4180 3069 4236; x_wconf 90' lang='lat' dir='ltr'><strong>est,</strong></span> <span class='ocrx_word' id='word_1_738' title='bbox 3130 4183 3232 4223; x_wconf 91' lang='lat' dir='ltr'><strong>nec</strong></span> <span class='ocrx_word' id='word_1_739' title='bbox 3285 4182 3377 4223; x_wconf 77' lang='lat' dir='ltr'><strong>res</strong></span> 
     </span>
    </p>
   </div>
   <div class='ocr_carea' id='block_1_97' title="bbox 1793 4259 3374 4336">
    <p class='ocr_par' dir='ltr' id='par_1_97' title="bbox 1793 4259 3374 4336">
     <span class='ocr_line' id='line_1_97' title="bbox 1793 4259 3374 4336; baseline -0.005 -13"><span class='ocrx_word' id='word_1_740' title='bbox 1793 4274 1923 4323; x_wconf 88' lang='lat' dir='ltr'><strong>sunt</strong></span> <span class='ocrx_word' id='word_1_741' title='bbox 1949 4266 2215 4336; x_wconf 68' lang='lat' dir='ltr'><strong>aequales,</strong></span> <span class='ocrx_word' id='word_1_742' title='bbox 2256 4265 2311 4319; x_wconf 88' lang='lat' dir='ltr'><strong>in</strong></span> <span class='ocrx_word' id='word_1_743' title='bbox 2350 4266 2554 4333; x_wconf 84' lang='lat' dir='ltr'><strong>quibus</strong></span> <span class='ocrx_word' id='word_1_744' title='bbox 2602 4279 2697 4319; x_wconf 76' lang='lat' dir='ltr'><strong>rex</strong></span> <span class='ocrx_word' id='word_1_745' title='bbox 2734 4264 2930 4317; x_wconf 87' lang='lat' dir='ltr'><strong>leviter</strong></span> <span class='ocrx_word' id='word_1_746' title='bbox 2957 4262 3207 4318; x_wconf 86' lang='lat' dir='ltr'><strong>haberet.</strong></span> <span class='ocrx_word' id='word_1_747' title='bbox 3234 4259 3374 4316; x_wconf 72' lang='lat' dir='ltr'><strong>Nam</strong></span> 
     </span>
    </p>
   </div>
   <div class='ocr_carea' id='block_1_98' title="bbox 1791 4353 3376 4428">
    <p class='ocr_par' dir='ltr' id='par_1_98' title="bbox 1791 4353 3376 4428">
     <span class='ocr_line' id='line_1_98' title="bbox 1791 4353 3376 4428; baseline -0.002 -17"><span class='ocrx_word' id='word_1_748' title='bbox 1791 4359 1970 4428; x_wconf 87' lang='lat' dir='ltr'><strong>prima</strong></span> <span class='ocrx_word' id='word_1_749' title='bbox 1997 4357 2221 4427; x_wconf 86' lang='lat' dir='ltr'><strong>quidem</strong></span> <span class='ocrx_word' id='word_1_750' title='bbox 2242 4394 2258 4420; x_wconf 84' lang='lat'><strong>,</strong></span> <span class='ocrx_word' id='word_1_751' title='bbox 2301 4371 2499 4426; x_wconf 89' lang='lat' dir='ltr'><strong>nempe</strong></span> <span class='ocrx_word' id='word_1_752' title='bbox 2531 4354 2797 4425; x_wconf 86' lang='lat' dir='ltr'><strong>loquendi</strong></span> <span class='ocrx_word' id='word_1_753' title='bbox 2828 4355 3060 4408; x_wconf 88' lang='lat' dir='ltr'><strong>libertas</strong></span> <span class='ocrx_word' id='word_1_754' title='bbox 3097 4368 3163 4409; x_wconf 90' lang='lat' dir='ltr'><strong>ac</strong></span> <span class='ocrx_word' id='word_1_755' title='bbox 3195 4353 3376 4419; x_wconf 85' lang='lat' dir='ltr'><strong>zelus,</strong></span> 
     </span>
    </p>
   </div>
   <div class='ocr_carea' id='block_1_99' title="bbox 1793 4442 3377 4516">
    <p class='ocr_par' dir='ltr' id='par_1_99' title="bbox 1793 4442 3377 4516">
     <span class='ocr_line' id='line_1_99' title="bbox 1793 4442 3377 4516; baseline -0.003 -17"><span class='ocrx_word' id='word_1_756' title='bbox 1793 4445 2390 4516; x_wconf 85' lang='lat' dir='ltr'><strong>reprehensionesque,</strong></span> <span class='ocrx_word' id='word_1_757' title='bbox 2443 4444 2590 4514; x_wconf 85' lang='lat' dir='ltr'><strong>regis</strong></span> <span class='ocrx_word' id='word_1_758' title='bbox 2638 4442 3000 4512; x_wconf 88' lang='lat' dir='ltr'><strong>increpabant</strong></span> <span class='ocrx_word' id='word_1_759' title='bbox 3046 4442 3377 4505; x_wconf 85' lang='lat' dir='ltr'><strong>amentiam,</strong></span> 
     </span>
    </p>
   </div>
   <div class='ocr_carea' id='block_1_100' title="bbox 1793 4532 3374 4610">
    <p class='ocr_par' dir='ltr' id='par_1_100' title="bbox 1793 4532 3374 4610">
     <span class='ocr_line' id='line_1_100' title="bbox 1793 4532 3374 4610; baseline -0.004 -17"><span class='ocrx_word' id='word_1_760' title='bbox 1793 4540 2087 4610; x_wconf 86' lang='lat' dir='ltr'><strong>ipsumque</strong></span> <span class='ocrx_word' id='word_1_761' title='bbox 2121 4536 2302 4606; x_wconf 84' lang='lat' dir='ltr'><strong>palam</strong></span> <span class='ocrx_word' id='word_1_762' title='bbox 2355 4535 2626 4590; x_wconf 84' lang='lat' dir='ltr'><strong>adversus</strong></span> <span class='ocrx_word' id='word_1_763' title='bbox 2663 4534 2890 4589; x_wconf 78' lang='lat' dir='ltr'><strong>fratrem</strong></span> <span class='ocrx_word' id='word_1_764' title='bbox 2945 4532 3138 4603; x_wconf 87' lang='lat' dir='ltr'><strong>inique</strong></span> <span class='ocrx_word' id='word_1_765' title='bbox 3187 4547 3374 4602; x_wconf 86' lang='lat' dir='ltr'><strong>agere,</strong></span> 
     </span>
    </p>
   </div>
   <div class='ocr_carea' id='block_1_101' title="bbox 1793 4624 3374 4701">
    <p class='ocr_par' dir='ltr' id='par_1_101' title="bbox 1793 4624 3374 4701">
     <span class='ocr_line' id='line_1_101' title="bbox 1793 4624 3374 4701; baseline -0.004 -18"><span class='ocrx_word' id='word_1_766' title='bbox 1793 4631 1954 4701; x_wconf 83' lang='lat' dir='ltr'><strong>cujus</strong></span> <span class='ocrx_word' id='word_1_767' title='bbox 2014 4629 2182 4684; x_wconf 90' lang='lat' dir='ltr'><strong>cubili</strong></span> <span class='ocrx_word' id='word_1_768' title='bbox 2248 4626 2628 4691; x_wconf 87' lang='lat' dir='ltr'><strong>insidiaretur,</strong></span> <span class='ocrx_word' id='word_1_769' title='bbox 2686 4624 2978 4680; x_wconf 90' lang='lat' dir='ltr'><strong>commode</strong></span> <span class='ocrx_word' id='word_1_770' title='bbox 3040 4624 3374 4694; x_wconf 87' lang='lat' dir='ltr'><strong>arguebant.</strong></span> 
     </span>
    </p>
   </div>
   <div class='ocr_carea' id='block_1_102' title="bbox 1789 4716 3376 4789">
    <p class='ocr_par' dir='ltr' id='par_1_102' title="bbox 1789 4716 3376 4789">
     <span class='ocr_line' id='line_1_102' title="bbox 1789 4716 3376 4789; baseline -0.004 -14"><span class='ocrx_word' id='word_1_771' title='bbox 1789 4722 2067 4776; x_wconf 84' lang='lat' dir='ltr'><strong>Hactenus</strong></span> <span class='ocrx_word' id='word_1_772' title='bbox 2096 4731 2280 4774; x_wconf 85' lang='lat' dir='ltr'><strong>tamen</strong></span> <span class='ocrx_word' id='word_1_773' title='bbox 2328 4718 2567 4773; x_wconf 88' lang='lat' dir='ltr'><strong>habebat</strong></span> <span class='ocrx_word' id='word_1_774' title='bbox 2600 4719 2805 4783; x_wconf 89' lang='lat' dir='ltr'><strong>locum,</strong></span> <span class='ocrx_word' id='word_1_775' title='bbox 2833 4726 2895 4771; x_wconf 91' lang='lat' dir='ltr'><strong>ut</strong></span> <span class='ocrx_word' id='word_1_776' title='bbox 2922 4716 3018 4773; x_wconf 89' lang='lat' dir='ltr'><strong>Dei</strong></span> <span class='ocrx_word' id='word_1_777' title='bbox 3050 4720 3376 4789; x_wconf 75' lang='lat' dir='ltr'><strong>prephetam</strong></span> 
     </span>
    </p>
   </div>
   <div class='ocr_carea' id='block_1_103' title="bbox 1787 4810 3379 4883">
    <p class='ocr_par' dir='ltr' id='par_1_103' title="bbox 1787 4810 3379 4883">
     <span class='ocr_line' id='line_1_103' title="bbox 1787 4810 3379 4883; baseline -0.004 -13"><span class='ocrx_word' id='word_1_778' title='bbox 1787 4822 2138 4883; x_wconf 85' lang='lat' dir='ltr'><strong>revereretur</strong></span> <span class='ocrx_word' id='word_1_779' title='bbox 2167 4819 2432 4882; x_wconf 87' lang='lat' dir='ltr'><strong>tanquam</strong></span> <span class='ocrx_word' id='word_1_780' title='bbox 2462 4810 2678 4880; x_wconf 88' lang='lat' dir='ltr'><strong>justum</strong></span> <span class='ocrx_word' id='word_1_781' title='bbox 2719 4824 2785 4864; x_wconf 90' lang='lat' dir='ltr'><strong>ac</strong></span> <span class='ocrx_word' id='word_1_782' title='bbox 2817 4818 3075 4865; x_wconf 89' lang='lat' dir='ltr'><strong>sanctum</strong></span> <span class='ocrx_word' id='word_1_783' title='bbox 3109 4826 3123 4864; x_wconf 90' lang='lat'><strong>:</strong></span> <span class='ocrx_word' id='word_1_784' title='bbox 3158 4819 3218 4881; x_wconf 84' lang='lat' dir='ltr'><strong>at</strong></span> <span class='ocrx_word' id='word_1_785' title='bbox 3250 4824 3379 4881; x_wconf 77' lang='lat' dir='ltr'><strong>qua:</strong></span> 
     </span>
    </p>
   </div>
   <div class='ocr_carea' id='block_1_104' title="bbox 1789 4905 3376 4978">
    <p class='ocr_par' dir='ltr' id='par_1_104' title="bbox 1789 4905 3376 4978">
     <span class='ocr_line' id='line_1_104' title="bbox 1789 4905 3376 4978; baseline -0.002 -16"><span class='ocrx_word' id='word_1_786' title='bbox 1789 4913 2100 4978; x_wconf 86' lang='lat' dir='ltr'><strong>sequuntur</strong></span> <span class='ocrx_word' id='word_1_787' title='bbox 2140 4905 2437 4960; x_wconf 86' lang='lat' dir='ltr'><strong>dissimilia</strong></span> <span class='ocrx_word' id='word_1_788' title='bbox 2466 4905 2694 4961; x_wconf 78' lang='lat' dir='ltr'><strong>otnuinn</strong></span> <span class='ocrx_word' id='word_1_789' title='bbox 2717 4921 2783 4961; x_wconf 88' lang='lat' dir='ltr'><strong>ac</strong></span> <span class='ocrx_word' id='word_1_790' title='bbox 2813 4906 3197 4978; x_wconf 88' lang='lat' dir='ltr'><strong>discrepantia</strong></span> <span class='ocrx_word' id='word_1_791' title='bbox 3220 4915 3376 4971; x_wconf 85' lang='lat' dir='ltr'><strong>sunt,</strong></span> 
     </span>
    </p>
   </div>
   <div class='ocr_carea' id='block_1_105' title="bbox 1789 4997 3425 5078">
    <p class='ocr_par' dir='ltr' id='par_1_105' title="bbox 1789 4997 3425 5078">
     <span class='ocr_line' id='line_1_105' title="bbox 1789 4997 3425 5078; baseline 0 -24"><span class='ocrx_word' id='word_1_792' title='bbox 1789 5014 1891 5055; x_wconf 89' lang='lat' dir='ltr'><strong>nec</strong></span> <span class='ocrx_word' id='word_1_793' title='bbox 1928 4997 2229 5070; x_wconf 87' lang='lat' dir='ltr'><strong>quidquam</strong></span> <span class='ocrx_word' id='word_1_794' title='bbox 2264 5013 2498 5067; x_wconf 88' lang='lat' dir='ltr'><strong>prorsus</strong></span> <span class='ocrx_word' id='word_1_795' title='bbox 2534 4998 2743 5055; x_wconf 88' lang='lat' dir='ltr'><strong>habent</strong></span> <span class='ocrx_word' id='word_1_796' title='bbox 2773 4999 2917 5070; x_wconf 89' lang='lat' dir='ltr'><strong>quod</strong></span> <span class='ocrx_word' id='word_1_797' title='bbox 2952 4999 3233 5070; x_wconf 87' lang='lat' dir='ltr'><strong>prioribus</strong></span> <span class='ocrx_word' id='word_1_798' title='bbox 3288 5014 3381 5054; x_wconf 85' lang='lat' dir='ltr'><strong>re-</strong></span> <span class='ocrx_word' id='word_1_799' title='bbox 3419 5072 3425 5078; x_wconf 84' lang='lat'><em>_</em></span> 
     </span>
    </p>
   </div>
   <div class='ocr_carea' id='block_1_106' title="bbox 1794 5089 3381 5161">
    <p class='ocr_par' dir='ltr' id='par_1_106' title="bbox 1794 5089 3381 5161">
     <span class='ocr_line' id='line_1_106' title="bbox 1794 5089 3381 5161; baseline -0.002 -16"><span class='ocrx_word' id='word_1_800' title='bbox 1794 5090 2085 5161; x_wconf 81' lang='lat' dir='ltr'><strong>spondeat.</strong></span> <span class='ocrx_word' id='word_1_801' title='bbox 2125 5089 2407 5157; x_wconf 85' lang='lat' dir='ltr'><strong>Quorsum</strong></span> <span class='ocrx_word' id='word_1_802' title='bbox 2458 5104 2614 5154; x_wconf 86' lang='lat' dir='ltr'><strong>vero,</strong></span> <span class='ocrx_word' id='word_1_803' title='bbox 2674 5105 2740 5147; x_wconf 86' lang='lat' dir='ltr'><strong>ac</strong></span> <span class='ocrx_word' id='word_1_804' title='bbox 2783 5105 3028 5161; x_wconf 82' lang='lat' dir='ltr'><strong>quanam</strong></span> <span class='ocrx_word' id='word_1_805' title='bbox 3063 5105 3129 5144; x_wconf 76' lang='lat' dir='ltr'><strong>ex</strong></span> <span class='ocrx_word' id='word_1_806' title='bbox 3162 5090 3381 5144; x_wconf 86' lang='lat' dir='ltr'><strong>causa?</strong></span> 
     </span>
    </p>
   </div>
   <div class='ocr_carea' id='block_1_107' title="bbox 1794 5180 3375 5250">
    <p class='ocr_par' dir='ltr' id='par_1_107' title="bbox 1794 5180 3375 5250">
     <span class='ocr_line' id='line_1_107' title="bbox 1794 5180 3375 5250; baseline -0.003 -14"><span class='ocrx_word' id='word_1_807' title='bbox 1794 5181 2152 5239; x_wconf 88' lang='lat' dir='ltr'><strong>Temulentus</strong></span> <span class='ocrx_word' id='word_1_808' title='bbox 2184 5183 2356 5250; x_wconf 88' lang='lat' dir='ltr'><strong>enim,</strong></span> <span class='ocrx_word' id='word_1_809' title='bbox 2383 5183 2451 5237; x_wconf 86' lang='lat' dir='ltr'><strong>ad</strong></span> <span class='ocrx_word' id='word_1_810' title='bbox 2482 5182 2604 5237; x_wconf 83' lang='lat' dir='ltr'><strong>leve</strong></span> <span class='ocrx_word' id='word_1_811' title='bbox 2633 5196 2700 5237; x_wconf 84' lang='lat' dir='ltr'><strong>ac</strong></span> <span class='ocrx_word' id='word_1_812' title='bbox 2740 5180 3004 5238; x_wconf 82' lang='lat' dir='ltr'><strong>frivolum</strong></span> <span class='ocrx_word' id='word_1_813' title='bbox 3053 5193 3375 5250; x_wconf 83' lang='lat' dir='ltr'><strong>propugna-</strong></span> 
     </span>
    </p>
   </div>
   <div class='ocr_carea' id='block_1_108' title="bbox 1793 5262 3376 5343">
    <p class='ocr_par' dir='ltr' id='par_1_108' title="bbox 1793 5262 3376 5343">
     <span class='ocr_line' id='line_1_108' title="bbox 1793 5262 3376 5343; baseline -0.003 -15"><span class='ocrx_word' id='word_1_814' title='bbox 1793 5275 1980 5331; x_wconf 89' lang='lat' dir='ltr'><strong>culum</strong></span> <span class='ocrx_word' id='word_1_815' title='bbox 2026 5274 2313 5330; x_wconf 88' lang='lat' dir='ltr'><strong>ebrietatis</strong></span> <span class='ocrx_word' id='word_1_816' title='bbox 2348 5290 2473 5332; x_wconf 89' lang='lat' dir='ltr'><strong>sese</strong></span> <span class='ocrx_word' id='word_1_817' title='bbox 2506 5262 2801 5330; x_wconf 73' lang='lat' dir='ltr'><strong>convertit</strong></span> <span class='ocrx_word' id='word_1_818' title='bbox 2830 5290 2845 5327; x_wconf 88' lang='lat'><strong>:</strong></span> <span class='ocrx_word' id='word_1_819' title='bbox 2902 5286 3015 5343; x_wconf 92' lang='lat' dir='ltr'><strong>quo</strong></span> <span class='ocrx_word' id='word_1_820' title='bbox 3050 5272 3255 5325; x_wconf 78' lang='lat' dir='ltr'><strong>factum</strong></span> <span class='ocrx_word' id='word_1_821' title='bbox 3288 5280 3376 5325; x_wconf 84' lang='lat' dir='ltr'><strong>est</strong></span> 
     </span>
    </p>
   </div>
   <div class='ocr_carea' id='block_1_109' title="bbox 1795 5362 3378 5439">
    <p class='ocr_par' dir='ltr' id='par_1_109' title="bbox 1795 5362 3378 5439">
     <span class='ocr_line' id='line_1_109' title="bbox 1795 5362 3378 5439; baseline -0.003 -17"><span class='ocrx_word' id='word_1_822' title='bbox 1795 5375 1854 5422; x_wconf 88' lang='lat' dir='ltr'><strong>ut</strong></span> <span class='ocrx_word' id='word_1_823' title='bbox 1898 5376 2129 5438; x_wconf 86' lang='lat' dir='ltr'><strong>propter</strong></span> <span class='ocrx_word' id='word_1_824' title='bbox 2157 5367 2419 5439; x_wconf 84' lang='lat' dir='ltr'><strong>frigidum</strong></span> <span class='ocrx_word' id='word_1_825' title='bbox 2452 5366 2884 5439; x_wconf 84' lang='lat' dir='ltr'><strong>jusjurandum,</strong></span> <span class='ocrx_word' id='word_1_826' title='bbox 2915 5372 2972 5420; x_wconf 91' lang='lat' dir='ltr'><strong>et</strong></span> <span class='ocrx_word' id='word_1_827' title='bbox 3004 5362 3378 5419; x_wconf 82' lang='lat' dir='ltr'><strong>convivarum</strong></span> 
     </span>
    </p>
   </div>
   <div class='ocr_carea' id='block_1_110' title="bbox 1362 5694 2041 5754">
    <p class='ocr_par' dir='ltr' id='par_1_110' title="bbox 1362 5694 2041 5754">
     <span class='ocr_line' id='line_1_110' title="bbox 1362 5694 2041 5754; baseline 0.003 -2"><span class='ocrx_word' id='word_1_828' title='bbox 1362 5694 1600 5752; x_wconf 68' lang='lat' dir='ltr'><strong>VARIJ‘J</strong></span> <span class='ocrx_word' id='word_1_829' title='bbox 1634 5695 1929 5753; x_wconf 81' lang='lat' dir='ltr'><strong>LECTION</strong></span> <span class='ocrx_word' id='word_1_830' title='bbox 1939 5696 2041 5754; x_wconf 81' lang='lat' dir='ltr'><strong>ES.</strong></span> 
     </span>
    </p>
   </div>
   <div class='ocr_carea' id='block_1_111' title="bbox 171 5789 1179 5876">
    <p class='ocr_par' dir='ltr' id='par_1_111' title="bbox 171 5789 1179 5876">
     <span class='ocr_line' id='line_1_111' title="bbox 171 5789 1179 5876; baseline 0 -29"><span class='ocrx_word' id='word_1_831' title='bbox 171 5792 223 5826; x_wconf 81' lang='grc'><strong><em>⁸³³</em></strong></span> <span class='ocrx_word' id='word_1_832' title='bbox 249 5807 345 5864; x_wconf 75' lang='grc' dir='ltr'><strong>γρ.</strong></span> <span class='ocrx_word' id='word_1_833' title='bbox 373 5792 593 5848; x_wconf 82' lang='grc' dir='ltr'><strong>τούτου.</strong></span> <span class='ocrx_word' id='word_1_834' title='bbox 670 5791 715 5824; x_wconf 85' lang='lat'><strong>&quot;</strong></span> <span class='ocrx_word' id='word_1_835' title='bbox 732 5807 826 5860; x_wconf 70' lang='grc' dir='ltr'><strong>γρ,</strong></span> <span class='ocrx_word' id='word_1_836' title='bbox 858 5789 959 5862; x_wconf 75' lang='grc' dir='ltr'><strong>τὴν</strong></span> <span class='ocrx_word' id='word_1_837' title='bbox 982 5789 1179 5876; x_wconf 69' lang='grc' dir='ltr'><strong>ἄλλως.</strong></span> 
     </span>
    </p>
   </div>
  </div>
