3790 6202
162 358 306 426 1129

1157 366 1238 426 ΙΝ
1272 367 1333 428 S.
1375 367 1408 426 Ι
1414 365 1619 428 ΟΑΝΝ
1629 367 1700 427 IS
1732 368 2387 429 DECOLLATIONEM.

3284 366 3423 434 1130

158 474 357 541 ταῦτα,
408 475 441 545 ἦ
494 476 590 544 τῆς
645 474 890 539 Μωσέως
937 477 1281 547 νομοθεσίας.
1335 479 1449 532 Οὐκ
1500 479 1729 549 ἤκουσας

1922 480 2181 536 ciduntur
2222 478 2435 533 redime
2464 476 2529 530 ’ἲ
2590 492 2609 528 ι
2668 474 2727 532 Si
2789 475 2985 533 dicas:
3033 475 3231 535 Nescio
3283 481 3421 549 hoc;

156 565 251 619 τοῦ
300 563 714 635 Παροιμιαστοῦ
782 564 1030 635 λέγοντος
1064 583 1078 597 ο
1142 586 1161 618 ι
1200 565 1392 620 Ῥῦσαι
1454 567 1741 638 ἀπαγομέ-

159 677 284 723 νους
328 661 410 723 είς
471 660 734 725 θάνατον,
803 662 898 716 καὶ
965 660 1196 734 ὲκπρίου
1258 663 1640 733 κτεινομένους
1674 680 1735 727 ;ι

171 750 299 805 Ἐὰν
350 751 515 823 εἴπῃς
552 768 566 782 ·
621 752 737 806 Οὐκ
791 749 908 806 οῖδα
960 753 1119 807 τοῦτο
1148 768 1166 784 θ
1201 753 1439 821 γίνωσκε
1497 753 1583 805 ὃτι
1614 752 1744 805 Κύ-

160 862 275 915 ριος
326 846 560 915 καρδίας
632 846 852 899 πάντων
915 845 1175 914 γινώσκει
1206 886 1220 910 ,
1279 843 1340 907 ὃς
1414 862 1433 895 ι
1469 840 1741 897 ἀποδώσει

157 938 377 1009 ἑκάστῳ
428 937 571 993 κατά
593 936 662 1031 τεὶ
691 936 829 1006 ἔργα
869 937 1056 989 αὐτοῦ.
1090 957 1107 986 ι
1143 934 1210 989 Τί
1264 933 1447 1004 σαυτῷ
1488 934 1743 1002 συνάγεις

156 1028 297 1100 ὓλην
320 1027 459 1100 πρὸς
482 1024 679 1084 καῦσιν
707 1028 928 1082 αἰωνίου
964 1028 1134 1099 πυρός
1161 1045 1176 1093 ;
1219 1026 1401 1091 Ἀλλὰ,
1439 1043 1457 1076 ι
1487 1024 1742 1088 Διὰιτοὺς

153 1122 358 1191 ὅρκους
390 1161 408 1188 ,
467 1120 633 1189 φησὶν
662 1163 677 1187 ,
706 1120 802 1174 καὶ
836 1121 965 1183 τοὺς
1030 1121 1524 1191 συνανακειμένους
1584 1119 1743 1174 τοῦτο

154 1212 324 1267 ποιῶ.
354 1231 375 1264 ι
453 1212 676 1276 Καλῶς.
739 1212 851 1265 Καὶ
896 1212 980 1277 τίς
1012 1213 1041 1265 ό
1098 1211 1430 1282 βιασάμενος
1473 1212 1533 1277 ἐξ
1563 1213 1742 1283 ἀρχῆς

151 1305 316 1359 τοῦτό
384 1321 443 1357 σε
487 1304 964 1374 καθυποσχέσθαι;
1005 1304 1102 1367 Τίς
1132 1303 1179 1356 δ’
1225 1304 1291 1358 ἄν
1336 1321 1395 1356 σε
1432 1302 1537 1357 κᾶν
1565 1306 1740 1356 ὁπωσ-

150 1398 251 1453 οῦν
287 1396 628 1462 ἀποδέξαιτο,
659 1397 693 1466 ἢ
725 1396 801 1459 ὡς
826 1396 889 1449 τὸ
935 1396 1100 1467 τυχὸν
1144 1395 1489 1450 ἐπαινέσειεν
1539 1395 1742 1467 δήπου-

151 1494 287 1557 θενς
340 1492 708 1564 ’Δπροόρατον
763 1491 871 1563 γὰρ
909 1491 1003 1545 ὲπὶ
1045 1493 1153 1544 τῶν
1186 1490 1399 1562 ἀδήλων
1432 1492 1467 1562 ἠ
1501 1489 1619 1560 μεθ’
1650 1491 1743 1561 ὄρ-

152 1605 256 1641 κου
304 1586 619 1655 ὑπόσχεσις,
667 1585 795 1638 ὅταν
829 1583 1069 1654 ἀκρίτως
1129 1583 1430 1654 ἐκφέρηται
1466 1581 1563 1636 τοῦ
1591 1581 1743 1651 λογι-

85 1730 97 1739 .
157 1680 300 1751 σμοῦ
334 1680 433 1751 τὴν
494 1679 587 1732 ἐπὶ
646 1677 852 1748 θάτερα
899 1675 1133 1746 βάσανον
1162 1677 1221 1730 οὐ
1277 1676 1554 1741 λαϐόντος,
1604 1677 1743 1748 πρὸς

156 1771 509 1836 συνεξέτασιν
531 1771 629 1823 τοῦ
660 1768 827 1823 καλοῦ
860 1769 955 1823 καλ⁵
987 1768 1082 1823 τοῦ
1112 1770 1375 1840 χείρονος.
1421 1771 1487 1825 Ὃ
1519 1760 1583 1843 δὴ
1613 1769 1743 1842 πρό-

1846 569 1992 625 scias
2070 566 2218 639 quod
2265 566 2534 621 Dominus
2592 565 2748 620 novit
2800 564 2966 620 corda
3001 568 3249 623 omnium
3290 571 3331 636 ί,
3370 580 3425 625 et

1852 678 1872 711 ‹
1928 659 2123 715 reddet
2170 658 2472 730 nnicuiqhe
2502 657 2809 714 secundum
2844 662 3012 729 opera
3043 660 3259 729 ejusﬁn
3283 660 3425 727 Quid

1846 751 1948 805 tibi
1976 751 2263 807 materiam
2293 751 2575 820 congeris,
2602 751 2667 805 ad
2700 751 2895 805 (ειειηί
2929 751 3074 821 ignis
3119 752 3427 823 conﬂagra-

1844 843 2086 898 tionem?
2107 843 2345 906 'Verum,
2381 861 2399 894 ι
2430 840 2661 912 Propter
2687 843 3103 913 jusjurandum,
3140 843 3351 914 inquit,
3376 854 3430 900 et

1846 937 2011 993 simul
2045 937 2462 1003 recumbentes,
2508 956 2527 989 ι
2556 939 2661 992 hoc
2693 937 2857 992 facio.
2889 935 3056 994 Bene.
3084 938 3220 1005 Quis
3251 942 3429 996 enim-

1844 1043 1973 1085 vero
2004 1028 2255 1084 abinitio
2298 1030 2481 1100 coegit
2527 1029 2633 1085 hoc
2665 1029 2957 1099 polliceri?
2985 1031 3120 1097 Quis
3154 1041 3205 1087 te
3244 1042 3427 1087 autem

1848 1121 1959 1177 ulla
2017 1122 2236 1177 ratione
2291 1121 2600 1185 admiserit,
2659 1118 2753 1176 aut
2817 1122 3014 1177 leviter
3078 1124 3432 1180 laudaverit?

1846 1213 2150 1293 Improvisa
2200 1215 2349 1270 enim
2396 1228 2485 1271 res
2535 1223 2642 1278 est,
2690 1214 2744 1268 in
2796 1214 3025 1269 incertis
3067 1216 3430 1285 obscurisque

1846 1322 1969 1362 cum
2003 1308 2369 1378 jurejurando
2413 1308 2659 1379 praestita
2713 1308 3046 1378 promissio,
3105 1310 3152 1363 si
3206 1310 3429 1379 quando

1840 1402 2057 1473 judicio
2091 1418 2202 1458 non
2234 1398 2586 1461 discernente
2632 1404 2906 1473 proferas,
2954 1402 3105 1472 quod
3145 1404 3288 1457 ratio
3322 1418 3429 1459 non

1845 1497 2109 1567 utrinque
2142 1512 2398 1562 examen,
2442 1498 2509 1551 ad
2552 1498 2682 1551 boni
2739 1510 2804 1550 ac
2864 1495 2989 1549 mali
3045 1496 3429 1564 probationem

1812 1586 1817 1589 ’
1847 1590 2148 1662 acceperit.
2171 1587 2286 1645 Hoc
2314 1591 2472 1660 prius
2501 1603 2723 1660 quoque
2737 1603 2841 1643 usu
2873 1588 3024 1643 venit
3047 1587 3278 1658 Jephtac,
3310 1604 3428 1642 ma-

1845 1698 1957 1755 gno
2010 1683 2091 1737 illi
2148 1696 2213 1737 ac
2266 1666 2469 1737 celebri
2525 1682 2669 1736 inter
2705 1679 2962 1744 Judices,
3022 1680 3431 1735 inconsiderate

1812 1770 2070 1832 'voventi
2107 1790 2171 1830 ac
2200 1774 2336 1829 illud
2376 1772 2659 1843 pollicenti
2699 1770 2812 1826 Deo
2844 1771 2992 1842 quod
3044 1770 3262 1827 defectu
3295 1786 3430 1825 eon-

152 1868 317 1935 τερον
363 1864 461 1916 καὶ
502 1861 715 1932 Ἰεφθάε
766 1854 1056 1926 πέπονθεν,
1106 1864 1134 1915 ὁ
1179 1862 1357 1931 μέγας
1404 1864 1461 1915 ἐν
1507 1864 1729 1934 Κριταίς

1922 1868 1978 1931 ii,
1998 1882 2063 1921 ae
2095 1866 2348 1922 absentia
2376 1864 2641 1933 judicataa
2669 1864 2927 1927 rationis,
2954 1863 3430 1932 discretionisque

153 1962 390 2026 ἐκεῖνος,
435 1960 529 2011 καὶ
579 1955 863 2027 διαϐόητος
891 1996 908 2023 ,
959 1946 1361 2022 ἀσυλλογίστως
1418 1953 1737 2023 εὐξάμενος,

153 2055 382 2108 κάκεῖνο
429 2051 548 2121 Θεῷ
590 2049 1074 2119 καθυποσχόμενος
1099 2090 1114 2113 ,
1156 2047 1193 2114 ,ὅ
1260 2047 1336 2118 μὴ
1389 2048 1632 2119 προϊδεῖν
1674 2047 1741 2100 δι’

151 2146 422 2209 ἀϐουλίας
466 2144 772 2214 δεδύνηται,
798 2142 866 2194 δι’
892 2140 1130 2212 ἐρημίαν
1175 2138 1269 2192 τοῦ
1293 2139 1623 2209 κεκριμένου
1653 2138 1742 2191 λό-

150 2255 278 2308 γου,
341 2238 436 2291 καὶ
457 2236 559 2305 τῆς
598 2234 726 2304 περὶ
761 2232 835 2286 τὰ
862 2232 1116 2303 πρακτέα
1141 2215 1235 2285 τοῦ
1265 2230 1358 2285 νοῦ
1387 2230 1736 2302 διακρίσεως.

156 2332 311 2386 Ἔδει
366 2324 461 2383 οὖν
519 2345 579 2380 σε
606 2329 670 2397 τῇ
697 2326 836 2398 κόρῃ
886 2324 1239 2396 όμομωκότα,
1304 2324 1653 2395 προδιορίσαι
1689 2342 1741 2378 τι

151 2424 255 2495 τῆς
315 2421 598 2493 ὀρχήσεως
647 2418 838 2485 ἀξιονο
866 2412 1081 2488 μὴ’γάρ
1136 2414 1237 2486 τὴν
1267 2414 1361 2468 τοῦ
1420 2415 1739 2486 Προδρόμου

153 2517 420 2587 κεφαλὴν,
457 2514 558 2585 τὴν
590 2498 777 2583 μηδενὶ
812 2509 1216 2580 παρισουμένην
1247 2507 1483 2583 πλούτῳ,
1515 2506 1741 2578 μισθαρ-

155 2613 249 2683 νία
306 2609 572 2679 ἀθεμίτου
616 2604 745 2667 θέας
773 2602 1066 2674 προέσθαι.
1110 2602 1175 2654 Τί
1224 2600 1334 2670 γάρ
1379 2616 1462 2652 σοι
1523 2597 1742 2668 βασιλεῖ

155 2703 502 2773 τυγχάνοντι,
562 2696 674 2749 τῶν
718 2693 936 2765 τιμίων,
987 2693 1021 2762 ἦ
1067 2690 1427 2762 κομψοτέρων
1493 2689 1741 2741 ἐλείπετο

156 2795 485 2864 ἀντιστῆσαι
518 2794 585 2863 τῇ
615 2787 935 2862 ὀρχηστρίδι
960 2787 1051 2840 τὸν
1085 2784 1276 2855 μισθὸν
1304 2784 1404 2853 τῆς
1419 2783 1737 2855 όρχήσεως;

168 2886 335 2941 ’Δλλά
383 2882 586 2954 τρόπον
630 2883 818 2951 ἕτερον
852 2877 1079 2931 σεαυτοῦ
1106 2878 1196 2929 τὸν
1214 2877 1456 2945 ἔλεγχον,
1481 2878 1582 2945 τῆς
1609 2874 1741 2928 ἀθε-

160 2982 322 3052 μίτου
370 2976 571 3048 μίξεως
614 2971 1086 3035 ἁποσκυϐαλίζειν
1132 2970 1356 3034 ἐθέλων,
1409 2968 1623 3021 ἀνεῖναι
1669 2968 1737 3036 τῇ

157 3076 299 3147 κόρῃ
343 3073 677 3144 προέκρινας
725 3068 933 3119 ἐκεῖνον
987 3061 1314 3144 αἰτήσασθαι
1364 3060 1455 3113 τὸν
1506 3059 1736 3130 μισθὸν,

154 3169 271 3230 τὸν,
299 3165 376 3228 ὠς
403 3165 468 3217 σὺ
499 3161 679 3223 δοκεῖς
705 3200 721 3225 ,
762 3155 1095 3227 ἀναιροῦντα
1148 3155 1239 3207 τὸν
1281 3153 1500 3223 ἔλεγχον
1530 3170 1544 3183 ⁸
1590 3153 1648 3206 τὸ
1679 3152 1735 3206 δὲ

1848 1960 2018 2014 animi
2061 1960 2208 2014 circa
2250 1958 2482 2030 agenda,
2517 1957 2819 2026 prazvidere
2849 1956 3209 2026 nequivisset.
3254 1955 3426 2027 Opor-
3477 1981 3480 1985 ι

1847 2044 2003 2107 tehat
2034 2067 2167 2122 ergo
2216 2058 2303 2116 te,
2349 2050 2595 2120 jurando
2650 2048 2868 2119 puellae,
2927 2049 3177 2119 dignum
3219 2048 3428 2118 aliquid

1846 2136 2145 2198 saltatione
2188 2141 2485 2212 praeﬁnire,
2535 2155 2600 2195 ac
2651 2149 2780 2196 ante
2825 2141 3011 2195 animo
3052 2142 3424 2199 constituere:

1844 2232 2049 2288 nedum
2099 2224 2470 2288 Praecursoris
2527 2239 2699 2301 caput
2730 2272 2744 2293 ,
2806 2230 2975 2287 nullis
3025 2233 3425 2303 exaequandum

1844 2322 2096 2389 divitiis,
2157 2322 2352 2377 nefarii
2416 2322 2724 2393 spectaculi
2801 2322 3112 2377 mercedem
3161 2305 3425 2394 prodere.

1844 2410 1989 2477 Quid
2021 2411 2167 2467 enim
2210 2411 2332 2479 tibi,
2370 2413 2468 2483 qui
2495 2427 2591 2467 rex
2623 2427 2799 2477 esses,
2836 2413 3142 2482 pretiosum
3187 2423 3282 2468 ant
3312 2431 3429 2469 mn-

1843 2501 2106 2574 gniﬁcum
2138 2503 2349 2568 deerat,
2380 2504 2528 2573 quod
2561 2504 2832 2559 saltatrici
2868 2504 2923 2557 in
2972 2504 3277 2559 mercedem
3318 2507 3429 2559 salo
3480 2500 3491 2511 “

1843 2589 2075 2649 tationis
2111 2585 2708 2663 rependeres?Verum
2756 2609 2883 2649 cum
2936 2595 3045 2648 alio
3097 2596 3261 2649 modo
3294 2610 3323 2648 a
3374 2604 3426 2648 te

1844 2683 2015 2738 velles
2043 2685 2326 2754 projicere
2354 2685 2552 2740 nefarii
2584 2686 2919 2740 concubitus
2940 2686 3383 2742 criminationem
3409 2729 3423 2749 ,

1843 2776 2086 2832 'maluisti
2114 2779 2432 2846 permittere
2457 2778 2653 2848 puella.-
2687 2785 2747 2831 ut
2770 2794 2890 2834 eam
2931 2778 3240 2833 mercedem
3277 2786 3426 2848 pete-

1841 2872 1948 2936 ret,
2019 2885 2140 2940 quae
2198 2876 2295 2923 tuo
2342 2870 2556 2936 judicio
2617 2871 3110 2939 reprehensionem
3171 2871 3423 2926 ablatura

1842 2970 1991 3019 esset
2023 2980 2036 3016 :
2069 2949 2231 3033 caput
2277 2962 2535 3016 nimirum
2568 2956 2800 3017 Joannis
2833 2961 3131 3034 Baptistae,
3169 2966 3329 3034 cujus
3365 2973 3423 3017 tu

1843 3048 2125 3123 propheta:
2153 3052 2374 3107 Occisor
2413 3052 2566 3107 luisti
2597 3069 2613 3119 ;
2651 3060 2851 3122 praeter
2878 3054 3103 3123 quidem
3134 3040 3426 3126 exspecta-

1845 3149 2090 3212 tionem;
2122 3156 2175 3201 at
2210 3163 2317 3202 non
2356 3147 2675 3202 inconsulto
2722 3146 2855 3217 (ει),
2903 3147 3144 3218 duplicis
3201 3148 3426 3205 sceleris

155 3256 248 3333 ἦν,
278 3261 316 3330 ἠ
340 3254 437 3311 τοῦ
474 3249 784 3308 Βαπτιστοῦ
820 3248 1068 3320 κεφαλή·
1101 3241 1165 3300 οῦ
1194 3248 1259 3299 σὺ
1299 3243 1729 3316 προφητοκτόνος

1922 3246 2075 3292 cetus
2126 3252 2279 3302 reus,
2330 3237 2588 3291 adulterii
2636 3238 2845 3291 scilicet
2881 3252 2946 3291 ac
2981 3239 3305 3307 homicidii;
3362 3257 3427 3295 ac

156 3355 426 3423 γέγονας,
468 3344 895 3418 ἀπροσδοκήτως
948 3342 1046 3412 μὲν
1077 3379 1094 3403 ,
1156 3339 1257 3392 οὐκ
1314 3337 1630 3406 ἀϐουλήτως
1663 3335 1739 3398 δὲ,

155 3447 313 3501 δυσὶν
385 3442 547 3504 ἁλοὺς
597 3438 970 3508 ἀτοπήμασιν,
1026 3431 1248 3504 μοιχείᾳ
1296 3430 1390 3483 καὶ⁸
1436 3428 1741 3499 μιαιφονίᾳ,

156 3540 255 3595 καὶ
284 3536 366 3608 τῷ
398 3534 606 3605 χείρονι
665 3526 1089 3591 συναντεισάξας
1134 3524 1196 3577 τὸ
1238 3522 1532 3595 χείριστον.
1589 3518 1743 3588 Τίςή

156 3630 401 3698 τοσαύτη
452 3622 793 3696 παραφοράς
851 3620 949 3683 Τίς
999 3635 1083 3671 σοι
1124 3619 1153 3669 ὁ
1184 3614 1245 3668 τὸ
1290 3613 1464 3676 οὓτως
1508 3626 1745 3682 προσκε-

157 3721 459 3795 κρουκέναι
516 3716 658 3785 Θεῷ,
693 3714 790 3767 καὶ
842 3711 1010 3781 φονᾷν
1040 3710 1099 3763 ὲν
1133 3707 1253 3778 ὥρᾳ
1283 3703 1497 3775 τρυφῆς
1540 3700 1742 3754 ὑποθέ-

242 3833 323 3878 νοἷ
344 3832 363 3878 ἶ

161 3836 441 3962 μῖῒξίσὺ
476 3902 575 3973 μὲν
618 3898 728 3969 ᾤου
769 3895 861 3948 τδν
898 3889 1213 3958 Βαπτιστὴν
1261 3884 1512 3957 ἀναιρῶν
1546 3892 1743 3937 συναν-

163 4004 417 4073 αιρὴσειν
479 3992 632 4063 αὐτῷ
659 3991 755 4045 καὶ
795 3988 891 4042 τὸν
950 3986 1205 4054 ἔλεγχον·
1237 3982 1267 4034 ό
1297 3980 1375 4073 δὲ)
1425 3978 1536 4073 καὶ-
1573 3977 1746 4045 τάφον

164 4067 349 4160 οίκιῦν,
391 4090 497 4146 κᾶν
520 4085 627 4142 ὑπὸ
655 4084 763 4154 γῆν
790 4079 1122 4152 κρύπτηται,
1157 4074 1311 4128 οὐδὲν
1337 4067 1744 4160 ἦττονὺποφω-

169 4191 245 4243 νεῖ
276 4158 361 4239 σοι
379 4182 474 4235 τδν
497 4179 742 4247 ἔλεγχον.
774 4170 980 4233 Διττῶς
1015 4169 1108 4220 ἐπὶ
1150 4166 1349 4227 διττοϊς
1400 4164 1513 4225 τοῖς
1548 4158 1746 4229 ὲγκλήι

164 4295 331 4353 μασιν
358 4268 654 4329 καταϐοῶν
685 4282 780 4319 σου
808 4261 912 4332 τῆς
953 4257 1340 4331 ματαιότητος.
1365 4253 1508 4353 -ᾬου
1535 4251 1615 4315 δὲ,
1650 4248 1746 4353 καὶ

249 4369 427 4431 πάθος
453 4365 717 4419 ἀνάπτειν
770 4354 1128 4426 σφοδρότερον
1158 4353 1226 4419 τῇ
1260 4346 1472 4401 ἐκείνου
1533 4343 1742 4413 σφαγῇ,

157 4465 251 4519 τόν
277 4479 339 4516 τε
360 4455 584 4528 οἶστρον
628 4447 909 4513 ὶπαύξειν,
936 4444 1029 4499 καὶ
1061 4442 1160 4513 τὴν
1190 4440 1386 4511 ἡδονὴν
1414 4435 1744 4505 ἀναφλέγειν

160 4556 359 4629 ἁϐρότε
368 4568 481 4625 ρονι

223 4736 342 4797 Καὶ
394 4735 588 4789 τούτου
632 4728 803 4795 δεῖξις
858 4721 1064 4792 ἀληθὴς
1105 4758 1121 4784 ,
1161 4706 1223 4770 τδ
1267 4713 1341 4784 μὴ
1405 4708 1603 4766 αὐτίκα
1646 4707 1747 4777 μὲν

152 4833 451 4905 ἀπομύσαι
503 4824 573 4879 τὰ
632 4817 748 4876 ὦτα
807 4816 946 4888 πρὸς
1004 4812 1104 4883 τὴν
1183 4804 1481 4905 ἀπευκτὴν.
1527 4798 1783 4905 εκείνην⁸

150 4894 482 4991 ἀπαίτησιν,
518 4914 615 4970 καλ⁵
657 4911 852 4965 θᾶττον
899 4902 1278 4974 ἀποπηδῆσαι,
1336 4894 1651 4991 σχετλιάσαι
1684 4909 1743 4945 τε

146 5023 227 5093 τῷ
257 4988 713 5087 ἀσκαρδαμύκτῳ
764 5007 863 5073 τῆς
908 4996 1260 5093 ὀρχηστρίδος
1296 4993 1581 5093 appr-lpus.
1607 4988 1741 5093 ρος-

149 5081 530 5184 φοοήσανταο
595 5101 739 5171 μέγα
773 5113 833 5150 τε
874 5086 1355 5165 προσαῗιοιμῶξαι,
1398 5083 1500 5135 ἰοὺ
1534 5123 1550 5145 ,
1606 5081 1688 5134 iob
1724 5117 1739 5142 ,

456 5198 505 5251 εί
537 5191 795 5261 τοιαύτης
842 5185 955 5255 ἐγὼ
997 5180 1255 5255 βραχείας
1311 5176 1407 5231 καὶ
1455 5174 1743 5271 mandavi-ie;

146 5259 429 5364 τέρψεως,
460 5287 653 5361 μισθὸν
705 5259 1025 5354 τηλικοῦτον
1078 5271 1391 5342 προήσομαι
1415 5284 1429 5297 ·
1460 5259 1522 5319 οῦ
1576 5263 1744 5333 μηδὲν

200 5488 223 5512 ιι
248 5473 579 5527 I‘rov.xx|v,
612 5463 703 5516 Η.
784 5458 803 5495 ί
839 5458 955 5510 Act.
998 5468 1038 5516 I,
1070 5451 1163 5505 24.
1273 5450 1296 5477 υ
1323 5444 1483 5500 Rom.
1552 5456 1615 5505 ιι,
1648 5437 1700 5491 6.

1847 3342 1956 3381 una
1996 3342 2121 3379 cum
2153 3314 2319 3392 malo,
2355 3326 2408 3379 id
2440 3326 2712 3380 inducens
2740 3326 2888 3396 quod
2921 3328 3084 3397 longe
3121 3331 3424 3398 pessimum
3506 3388 3517 3394 ,

1846 3425 2015 3471 esset.
2051 3416 2315 3481 Quaenam
2347 3423 2502 3469 tanta
2545 3416 2658 3468 haec
2704 3415 3026 3470 dementia?
3060 3415 3196 3481 Quis
3247 3426 3299 3471 te
3341 3418 3426 3470 ir.-

1848 3507 2003 3563 duxit
2035 3516 2095 3561 ut
2134 3506 2221 3560 sic
2253 3504 2420 3560 Deum
2451 3491 2784 3573 offenderes,
2818 3505 3140 3575 caedemque
3175 3514 3428 3576 patrarcs

1848 3612 2091 3672 tempore
2126 3598 2367 3654 laztitizn?

1921 3859 2000 3928 Ac
2048 3868 2107 3927 tu
2154 3858 2373 3942 quidem
2401 3860 2783 3934 arbitrabaris,
2817 3856 3066 3920 tollendo
3123 3864 3192 3920 de
3248 3864 3430 3920 medio

1847 3948 2313 4037 Baptistam,'una
2346 3974 2473 4014 cum
2504 3972 2572 4013 eo
2603 3955 3098 4027 reprehensionem
3129 3969 3349 4026 quoque
3375 3963 3430 4007 te

1848 4059 2199 4116 sublaturum
2225 4069 2346 4112 esse
2374 4072 2388 4108 :
2421 4060 2476 4105 at
2507 4050 2599 4106 ille
2636 4048 2857 4105 tametsi
2902 4048 3214 4118 sepulcrum
3275 4047 3433 4101 habi-

1849 4162 2011 4216 tans;
2056 4147 2276 4205 tametsi
2308 4148 2442 4202 latet
2484 4143 2587 4199 sub
2624 4150 2801 4207 terra,
2840 4140 2980 4196 nihil
3021 4148 3075 4195 te
3122 4140 3308 4201 minus
3347 4155 3432 4192 re-

1849 4242 2177 4317 prehendit;
2247 4238 2458 4309 duplici
2532 4236 2696 4289 titulo
2751 4248 2852 4304 pro
2926 4232 3135 4302 duplici
3196 4232 3432 4287 crimine

1850 4338 2116 4393 adversus
2152 4343 2304 4387 tuam
2329 4327 2684 4385 conclamans
2708 4324 3033 4379 vanitatem.
3058 4321 3431 4377 Existimabas

1848 4444 1981 4486 vero
2015 4427 2165 4481 illius
2206 4422 2259 4478 te
2300 4420 2471 4485 caede,
2504 4414 2894 4473 vehementius
2928 4427 3292 4468 accensurqu
3346 4413 3431 4464 vi-

1778 4560 1824 4620 Β
1853 4525 1982 4582 tiosi
2008 4521 2237 4577 allectus
2269 4516 2568 4579 ﬂammam,
2617 4518 2966 4578 castrumque
3000 4507 3205 4585 amoris
3237 4513 3433 4560 auctu—

2206 4611 2221 4620 .
2312 4616 2320 4620 -
2367 4615 2378 4620 _
2553 4618 2563 4620 -
2606 4604 2618 4615 .
2671 4617 2685 4620 _
2723 4599 3190 4620 εηηηψμημημ

1855 4633 2002 4679 rum,
2038 4628 2103 4668 ac
2136 4611 2474 4678 voluptatem
2507 4604 2693 4659 acrius
2722 4599 3219 4668 inﬂammatnrum.

1924 4706 2103 4775 Hujus
2131 4710 2315 4757 autem
2340 4700 2417 4753 rei
2457 4705 2709 4767 apertum
2743 4690 3011 4747 indicium
3040 4700 3124 4746 est
3152 4688 3298 4759 quod
3322 4704 3431 4744 non

1854 4800 2047 4857 statim
2082 4795 2151 4851 ad
2192 4787 2617 4847 abominandam
2676 4784 2823 4838 illam
2873 4782 3203 4853 petitionem
3266 4794 3432 4833 aures

1852 4886 2222 4948 obstruxeris,
2256 4896 2434 4951 neque
2464 4880 2577 4934 cito
2602 4875 2895 4940 resilieris,
2916 4871 3430 4943 deploraverisqnc,

1852 4996 1996 5053 aegre
2032 4978 2222 5035 ferens
2252 4972 2626 5042 impudentem
2658 4965 2962 5025 saltatricis
3009 4964 3428 5035 appetitionem,

1852 5052 1957 5132 nec
2005 5068 2163 5126 valde
2215 5065 2537 5137 ejulaveris,
2584 5062 2827 5118 dicens:
2861 5059 3000 5125 Heu,
3048 5057 3187 5111 eheu
3228 5068 3337 5120 me,
3382 5052 3430 5107 si

1851 5176 1960 5223 tam
1991 5163 2195 5229 brevis,
2225 5168 2451 5230 tamque
2480 5155 2687 5229 nullius
2720 5150 2987 5230 momenti
3020 5142 3428 5204 delectationis,

1854 5266 2063 5314 tantam
2100 5228 2383 5308 tradidero
2422 5228 2774 5311 mercedem;
2813 5228 2905 5297 cui
2948 5238 3157 5293 nullius
3188 5235 3243 5289 in
3278 5230 3428 5302 regia

1476 5526 1867 5591 COMBEFISII
1907 5523 2141 5583 ΝΟΤᾸΞ.

224 5662 350 5737 (τί)
389 5662 456 5713 At
504 5628 1742 5737 ποη.ίηςρξιξυέίι1;-9.τὲἕἐῗῖὶέήξίέἒ..ῗέ;ι.ρῖἶξ

148 5702 827 5797 Nealce-promissione
866 5712 1140 5797 ignoratio
1164 5702 1743 5797 .qnamlnost‘lrintlte‘o:

147 5774 763 5876 iXEi'E55c5.i&iamm
814 5774 1032 5840 vocant.
1079 5774 1309 5835 Volebat
1340 5774 1636 5846 siquidem,
1679 5783 1743 5823 ac

449 5897 714 5957 ΡΑτιιοῐ..
745 5885 861 5947 GR.
891 5878 1067 5942 XCVI
1078 5877 1127 5937 l.

1852 5624 2077 5679 modum
2106 5618 2389 5689 quaerebat
2428 5596 2792 5689 interﬁciendi
2827 5609 3129 5689 Joannem;
3157 5604 3302 5663 haud
3341 5611 3429 5677 ιιι-ι

1854 5710 1977 5750 men
2012 5708 2074 5748 ea
2105 5680 2400 5747 occasione
2432 5683 2873 5741 interﬁciendum
2905 5680 3152 5752 putabat.

2963 5838 3129 5903 36-
