3790 6202
209 362 233 428 Ῑ
251 364 348 431 133

1203 363 1286 435 IN
1330 375 1392 435 S.
1430 366 1755 435 JOANNIS
1788 374 2453 436 DECOLLATIONEM.

3336 382 3475 450 1134

206 482 312 553 γὰρ
341 479 515 553 ἄνδρα
551 482 901 554 άγρεύουσιν.
946 502 964 534 ι
1024 483 1239 555 Έκείνη
1270 485 1350 549 δέ,
1395 485 1532 557 πρὸς
1567 485 1646 557 τῷ
1681 489 1781 556 τῆς

1971 494 2041 540 mt
2070 487 2248 541 virum
2280 503 2327 541 ι.
2360 506 2380 540 ι
2417 487 2512 543 illa
2552 500 2755 555 autem,
2788 496 2985 562 praeter
3020 490 3284 567 ﬂagitium
3312 501 3476 556 adul-

207 572 457 645 μοιχείας
510 576 803 644 μιάσματι,
860 576 957 629 καὶ
1001 576 1064 630 τὺ
1113 578 1212 648 τῆς
1267 579 1581 649 μιαιφονίας
1614 595 1784 649 προσ-

202 665 478 736 εκτήσατο
514 665 704 737 μῦσος.
735 686 754 717 ι
792 667 934 739 Γυνὴ
958 668 1066 738 γὰρ
1092 668 1303 740 ἄφρων,
1339 672 1526 741 φησὶν,
1553 670 1652 723 οὐκ
1670 669 1788 722 ἐπί-

201 774 398 812 σταται
428 756 714 828 αἰσχύνην,
750 759 867 815 ἀλλ’
897 760 993 813 ἐπὶ
1013 760 1285 831 πέταυρον
1318 760 1448 832 ᾅδου
1481 761 1736 832 συναντᾷ.
1763 778 1782 812 ι

212 847 279 901 Ἠ
331 848 394 902 δὲ
426 848 527 918 τῆς
580 848 879 919 μαχλώσης
935 848 1270 921 μαστρωπὺς
1322 850 1645 923 ὀρχηστρὶς,
1680 868 1789 922 μη-

199 936 399 1009 τρῲοις
471 940 970 1011 συμπαροινήσασα
1033 941 1242 1011 φόνοις,
1309 940 1462 994 οὐδὲν
1530 938 1790 995 ἀπώνατο

201 1030 369 1085 πλέον
403 1030 504 1101 τῆς
543 1030 604 1081 ἐν
654 1030 852 1101 γεέννῃ
891 1030 1114 1099 φλογὸς,
1148 1029 1271 1086 καθ’
1316 1032 1384 1102 ἡν
1417 1031 1646 1094 ἐνδίκως
1690 1032 1792 1095 τὰς

197 1120 432 1184 εὐθύνας
474 1120 890 1191 εἰσπράττεται.
944 1140 964 1173 ι
1011 1122 1124 1192 Τῆς
1174 1121 1490 1194 ἀφροσύνης
1528 1122 1579 1175 οἱ
1632 1122 1791 1185 πόδες

199 1214 507 1282 κατάγουσι
542 1212 670 1277 τοὺς
715 1212 1037 1284 χρωμένους
1071 1213 1209 1282 αὐτῇ
1254 1212 1396 1281 μετὰ
1433 1211 1670 1267 θανάτου
1708 1214 1790 1278 είς

196 1305 292 1358 τὸν
322 1305 486 1377 ᾅδην,
508 1304 579 1358 τά
603 1304 662 1357 δέ
690 1304 810 1376 ῐχνη
844 1304 1017 1374 αὐτῆς
1046 1305 1147 1359 οὐκ
1171 1306 1461 1377 ἐρείδεται.
1500 1324 1518 1356 ι
1552 1304 1794 1372 Τοιαῦτα

144 1396 153 1405 “
193 1393 307 1451 τῶν
362 1396 708 1467 ἀνομούντων
760 1397 831 1451 τά
881 1396 1159 1467 δράματα·
1208 1396 1418 1468 ταύτην
1471 1396 1656 1450 δίδωσι
1691 1396 1792 1466 τὴν

195 1489 541 1559 ἐπικαρπίαν
578 1490 693 1552 τοῖς
726 1488 898 1559 αὐτῆς
926 1490 1188 1560 ἐρασταῖς
1232 1490 1265 1559 ἡ
1310 1488 1537 1558 λαγνεία
1560 1504 1583 1522 ι
1616 1487 1793 1542 ταῦτα

192 1581 308 1643 τοῖς
340 1581 669 1643 ἀκολάστοις
694 1582 729 1651 ἡ
762 1580 1019 1650 ἐμπαθὴς
1046 1581 1158 1637 τῶν
1182 1581 1389 1651 ἡδονῶν
1414 1581 1660 1652 ἀκρασία
1689 1598 1794 1652 χα-

197 1672 415 1744 ρίζεται
435 1672 506 1726 τὰ
534 1666 813 1744 ἐπίχειρα.

268 1763 491 1818 Τούτων
523 1765 773 1827 ἀκούετε,
802 1766 916 1819 ὅσοι
941 1783 998 1819 τε
1026 1766 1271 1837 μιγάδες,
1300 1766 1396 1820 καὶ
1424 1768 1473 1821 οῖ
1495 1768 1558 1821 τὸ
1584 1767 1790 1837 ἄζυγον

1891 578 2040 643 terii,
2073 580 2240 636 modis
2270 595 2492 651 quoque
2520 581 2737 640 facinus
2768 585 2986 658 adjecit.
3027 607 3044 640 ι
3088 590 3280 648 Mulier
3324 596 3471 650 enim

1892 669 2182 743 insipiens,
2218 673 2420 744 inquit,
2472 676 2738 746 pudorem
2788 682 2990 746 nescit,
3027 683 3123 738 sed
3165 684 3235 740 ad
3270 686 3472 743 inferni

1890 762 2226 833 profundum
2252 766 2497 821 occurrit
2534 774 2585 821 1.
2626 787 2645 819 ι
2677 766 3011 829 Libidinosa:
3044 783 3228 830 autem
3255 776 3474 834 femina:

1893 855 2020 910 lena
2067 856 2342 923 saltatrix,
2371 873 2479 913 una
2528 874 2652 914 cum
2691 869 2863 917 matre
2908 864 2963 918 in
3019 867 3166 921 caede
3198 871 3470 938 petulans.

1894 947 2182 1039 nihilhinc
2214 951 2455 1021 amplius
2485 953 2757 1009 commodi
2808 959 3129 1026 reportavit,
3177 976 3341 1030 quam
3380 979 3474 1031 ge-

1894 1039 2089 1094 henna:
2115 1038 2419 1109 ﬂammam,
2453 1042 2507 1096 in
2533 1058 2643 1113 qua
2668 1044 2862 1098 merito
2903 1061 3098 1116 plenas
3131 1048 3230 1103 luit
3259 1070 3272 1105 :
3308 1070 3327 1102 ι
3368 1051 3475 1106 lm-

1894 1129 2200 1200 prudentiae
2245 1132 2411 1201 pedes
2457 1134 2740 1189 deducunt
2790 1144 3009 1194 utentes
3042 1155 3105 1195 ea
3148 1135 3271 1195 cum
3304 1154 3478 1198 morte

1895 1222 1962 1276 ad
1999 1222 2275 1278 infernum
2312 1239 2325 1275 :
2359 1232 2415 1280 et
2461 1228 2694 1298 vestigia
2744 1227 2865 1297 ejus
2914 1245 3023 1284 non
3059 1221 3348 1286 firmantur
3374 1243 3419 1285 ι.
3453 1253 3470 1285 ι

1895 1312 2058 1372 Tales
2106 1326 2237 1372 sunt
2280 1318 2676 1373 sceleratorum
2737 1319 2933 1375 fahnlm
2976 1337 2991 1375 :
3049 1321 3196 1377 hunc
3260 1323 3477 1379 luxuria

1897 1406 2138 1463 fructum
2186 1410 2304 1466 suis
2349 1410 2546 1467 tribuit
2598 1413 2984 1469 amatoribus:
3039 1413 3154 1468 haec
3190 1415 3477 1484 impudicis

1895 1499 2145 1568 prtemia,
2196 1501 2395 1557 vitiosa
2466 1503 2814 1571 voluptatum
2890 1504 3317 1574 intemperantia
3374 1507 3480 1561 Iar-

1896 1588 2062 1659 gitur.

1970 1762 2097 1823 Haec
2127 1767 2332 1834 audite,
2388 1777 2661 1839 quotquot
2705 1768 2908 1827 saeculo
2961 1773 3087 1828 aliis
3128 1776 3476 1831 commistum

195 1856 578 1926 περιέποντες,
611 1857 707 1908 καὶ
739 1855 923 1924 λόγοις
975 1831 1374 1926 Παροιμιακοῖς
1427 1831 1786 1925 ἐστιαθῶμεν,

1971 1858 2100 1920 ritis,
2140 1871 2204 1912 ac
2233 1858 2279 1913 si
2306 1831 2598 1927 qui-vitain
2632 1857 2879 1913 ctelibem
2911 1859 3091 1928 agitis,
3135 1860 3481 1931 sumptisque

195 1947 295 2000 xci.
316 1948 538 2011 τούτοις
583 1946 784 2017 μᾶλλον
818 1946 918 2018 τὴν
947 1947 1117 2018 ἀκοὴν
1155 1947 1613 2018 καταυλήσωμεν.
1648 1947 1796 2001 Τίδέ

190 2041 273 2094 δεῖ
302 2040 446 2113 πρὸς
495 2024 704 2104 εῖδότας
747 2041 950 2103 εἰπεῖν,
1003 2040 1040 2095 ὃ.
1083 2040 1157 2110 μὴ
1196 2041 1512 2108 πεφύκασιν
1548 2041 1793 2108 ἁγνοεῖν;

189 2135 404 2196 Πάντες
431 2135 541 2204 γάρ
573 2135 741 2204 ἐσμεν
762 2132 1005 2187 διδακτοὶ
1033 2132 1170 2186 Θεοῦ
1188 2135 1246 2186 ἐν
1272 2132 1518 2206 Χριστῷ,
1538 2131 1681 2186 κατὰ
1704 2132 1795 2185 τδν

202 2222 566 2277 ’Δπὸστολον.
608 2222 696 2285 Ὠς
718 2220 932 2291 ὤφελον
960 2214 1058 2275 καὶ
1095 2222 1282 2294 ἡμεῖς,
1303 2224 1333 2275 ὁ
1358 2222 1485 2292 τῇδε
1515 2221 1794 2290 συνειλεγ-

193 2316 364 2388 μένος
395 2314 748 2387 ίερότευκτος
776 2314 1061 2385 σύλλογος,
1078 2314 1178 2384 τῆς
1201 2313 1371 2385 αὐτῆς
1399 2313 1683 2384 ἡξιώμεθα
1698 2311 1795 2382 χά-

192 2424 369 2477 ριτος,
402 2406 482 2470 ὡς
521 2406 599 2477 μὴ
629 2405 842 2460 δεῖσθαι
890 2405 988 2460 τοῦ
1026 2404 1356 2471 διδάξοντας,
1394 2404 1429 2474 ἡ
1465 2403 1793 2474 ἐπιπλήξον-

190 2515 303 2562 eos"
330 2497 455 2552 ἁλλ’
501 2497 791 2569 ἀρκεῖσθαι
831 2498 981 2569 μόνῳ
1005 2496 1085 2567 τῷ
1112 2495 1497 2566 ὑποδείγματι,
1539 2494 1677 2563 πρὸς
1731 2493 1792 2547 τὸ

196 2594 381 2646 πᾶσαν
416 2592 682 2660 ἐκφυγεῖν
721 2591 823 2661 τῆς
867 2590 1111 2661 Ἡρώδου
1144 2586 1537 2659 παραπληξίας
1566 2587 1668 2656 τὴν
1702 2585 1792 2656 μί-

1895 1962 1926 2003 e
1964 1945 2388 2002 Proverbiorum
2445 1947 2586 2003 libro
2623 1948 2808 2004 verbis
2857 1951 3166 2025 epulemur,
3214 1959 3380 2021 atque
3412 1952 3479 2007 iis

1894 2038 2132 2095 maxime
2166 2052 2329 2094 aures
2356 2039 2717 2094 mulceamus.
2748 2039 2891 2107 Quid
2928 2056 3099 2111 porro
3124 2042 3191 2096 ad
3226 2058 3322 2097 eos
3350 2044 3479 2096 atti-

1893 2139 1987 2187 net
2015 2130 2217 2195 dicere,
2244 2128 2338 2200 qui
2366 2130 2571 2186 sciunt.
2590 2130 2795 2187 Omnes
2815 2132 2962 2187 enim
2989 2133 3289 2189 didicimus
3313 2149 3343 2188 a
3369 2132 3479 2190 Deo

1894 2222 1949 2277 in
1997 2212 2239 2286 Christo,
2286 2220 2445 2290 juxta
2509 2207 2831 2293 Apostolum
2864 2234 2889 2262 ι
2923 2221 3057 2296 (26).
3104 2223 3329 2279 Utinam
3378 2239 3479 2281 nos

1891 2329 2133 2385 quoque,
2158 2313 2250 2368 hic
2286 2312 2392 2369 loci
2411 2313 2678 2371 collectus
2706 2329 2867 2370 sacer
2895 2325 3223 2379 conventus,
3244 2317 3476 2387 gratiam

1892 2406 2161 2476 ejusmodi
2200 2407 2724 2478 promeruissemus,
2744 2415 2807 2461 ut
2837 2422 2946 2461 non
2979 2408 3309 2465 haberemus
3339 2424 3476 2480 opus

1890 2500 2138 2563 docente,
2166 2507 2263 2555 aut
2298 2497 2771 2569 increpante;sed
2806 2500 2964 2556 nobis
2987 2498 3258 2573 suiljeerct
3294 2514 3479 2554 exem-

1889 2592 2063 2661 plum,
2096 2597 2156 2645 ut
2189 2606 2408 2647 omnem
2442 2590 2674 2647 Herodis
2701 2592 2956 2647 amentia:
2987 2590 3350 2646 imitationem
3392 2591 3481 2644 fu-

201 2702 390 2757 μησιν,
414 2686 513 2738 καὶ
552 2684 693 2754 μήτε
732 2681 992 2754 ῥᾳστώνῃ
1031 2680 1141 2735 τινί
1172 2694 1277 2733 που
1310 2683 1430 2744 ταῖς
1465 2678 1786 2741 ἀκαθέκτοις

1971 2697 2165 2750 remus,
2198 2698 2263 2738 ac
2299 2676 2479 2754 neque
2534 2684 2866 2739 remissione
2918 2684 3029 2737 ulla
3079 2684 3480 2753 impotentibus

202 2777 308 2831 τῶν
341 2775 606 2847 ἐμπαθῶν
649 2773 884 2849 ὀρέξεων
914 2776 1116 2845 ὁρμαῖς
1169 2774 1468 2842 ἐπαφεῖναι
1493 2771 1586 2825 τὸν
1636 2769 1786 2833 νοῦν,

212 2870 345 2939 μήτε
374 2867 452 2937 τῷ
486 2866 617 2936 λείῳ
658 2867 768 2920 τῶν
816 2866 1022 2937 ἡδονῶν
1049 2865 1353 2937 συληθέντα
1391 2864 1482 2917 τὸν
1505 2861 1787 2931 λογισμὸν,

218 2960 546 3031 ύποσυρῆναι
574 2959 711 3029 πρὸς
757 2958 1164 3028 συγκατάθεσιν
1188 2975 1203 2990 ⁸
1231 2958 1355 3029 ἣτις
1390 2954 1659 3010 ὠδίνουσα
1689 2952 1789 3022 τῆς

224 3050 477 3119 ἁμαρτίας
521 3048 584 3102 τὺ
639 3048 958 3120 φάρμακον,
1015 3046 1351 3103 συναποκύει
1397 3041 1799 3104 τδνθάνατον⁸¹.

1890 2775 2218 2831 vitiosarum
2268 2775 2634 2845 cupiditatum
2678 2775 2925 2832 motibus
2966 2775 3210 2830 animum
3251 2774 3481 2829 dedere-

1889 2879 2052 2934 mus;
2085 2871 2268 2937 neque
2295 2866 2640 2936 voluptatum
2695 2866 2986 2923 blanditiis
3036 2865 3320 2921 inescatus
3357 2866 3483 2920 ani-

1888 2971 2037 3023 mus,
2079 2957 2134 3012 in
2162 2971 2496 3012 consensum
2555 2958 2780 3013 sinistre
2810 2956 3211 3028 ageretur:qni
3262 2955 3480 3026 quidem

1890 3048 2018 3102 dum
2069 3049 2280 3118 peccati
2317 3048 2630 3106 remedium
2682 3050 2921 3119 parturit
2962 3046 3099 3120 (27),
3153 3062 3261 3101 una
3315 3048 3480 3101 etiam

227 3138 386 3213 Ὅπερ
414 3143 500 3195 ἵνα
536 3141 611 3211 μὴ
637 3140 907 3210 πάθωμεν
946 3140 1130 3211 ἡμεῖς,
1171 3140 1504 3211 τηρήσωμεν
1536 3137 1784 3202 ἑαυτοὺς,

1971 3151 2123 3197 irtem
2175 3143 2342 3211 parit.
2387 3140 2545 3209 Quod
2589 3157 2658 3197 ne
2708 3141 2870 3210 nobis
2907 3140 3193 3203 acciderit,
3241 3153 3343 3193 nos
3376 3136 3480 3207 ipsi

229 3230 477 3301 ὀφθαλμὸς
504 3231 573 3284 δι’
597 3231 720 3285 ὅλου
756 3230 1055 3301 γινόμενοι,
1093 3228 1394 3299 νυσταγμῷ
1426 3227 1620 3298 μηδενὶ¹
1652 3240 1788 3295 συγ-

230 3323 537 3394 κλειόμενος,
573 3324 662 3378 ἵνα
696 3325 771 3397 μὴ
796 3321 980 3377 λαθὼν
1015 3325 1045 3376 ὁ
1074 3322 1316 3395 δράκων,
1353 3322 1678 3394 ὑπσυλὴσῃ
1700 3321 1793 3374 τὸν

228 3414 497 3488 θησαυρόν.
520 3416 795 3486 Λάδωμεν
825 3415 922 3470 οὖν
944 3417 1099 3486 κοινῇ
1129 3413 1337 3477 πάντες
1354 3413 1679 3467 διδάσκαλον
1702 3413 1795 3466 τὸν

228 3500 619 3578 Βαροιμιαστὴν
666 3508 931 3579 σήμερον,
974 3506 1445 3577 προφυλακτικοῖς
1476 3506 1630 3575 ἡμᾶς
1661 3521 1795 3558 κατ-

230 3601 668 3673 ασφαλιζόμενονο
688 3600 891 3668 λόγοις,
940 3601 1032 3654 καὶ
1065 3598 1512 3667 διεξοδικώτερόν
1550 3613 1666 3660 πως
1692 3596 1795 3650 ὐπ-

232 3690 419 3756 ιξιόντα
448 3693 515 3748 τά
562 3692 623 3758 ἐξ
648 3692 949 3761 ἐπιϐουλῆς
980 3692 1263 3761 γυναικῶν
1290 3690 1663 3760 ὑποτιθέμενα
1683 3691 1796 3753 τοῖς

231 3783 604 3857 ἁπλουστέροις
626 3784 841 3855 ἐνεδρα.
862 3782 1031 3854 Φησὶν
1048 3783 1198 3852 γοῦν
1229 3801 1248 3834 ι
1278 3782 1369 3852 Μὴ
1394 3782 1626 3853 πρόσεχε
1656 3779 1796 3849 φαύ-

228 3871 290 3947 λῃ
316 3878 544 3945 γυναικί.
579 3876 729 3931 Μέλι
752 3876 862 3946 γὰρ
892 3874 1191 3940 ἀποστάζει
1221 3874 1329 3929 ἀπὸ
1355 3873 1582 3945 χειλέων
1608 3888 1797 3941 γυναι-

220 3965 314 4029 κὸς
332 3968 550 4038 πόρνης,
592 3967 628 4037 ἡ
662 3964 799 4037 πρὸς
837 3965 1032 4035 καιρὸν
1080 3964 1323 4016 λιπαίνει
1377 3962 1468 4015 σὺν
1512 3963 1791 4033 φάρυγγαδ

220 4056 435 4129 ὕστερον
483 4060 710 4128 μέντοι,
761 4058 1091 4128 πικρότερον
1148 4054 1311 4125 χολῆς
1357 4055 1611 4126 εὑρήσεις
1640 4069 1653 4082 ·
1701 4053 1797 4108 καὶ

219 4148 539 4221 ἠκονημένον
567 4148 769 4219 μᾶλλον
800 4149 1078 4217 μαχαίρας
1100 4146 1381 4215 διστόμου.
1409 4163 1428 4195 ι

306 4324 430 4377 Ἀλλ’
460 4326 535 4391 ὡς
588 4325 656 4380 ἂν
704 4325 778 4396 μὴ
819 4298 1204 4398 προπορὴςχὸ
1262 4322 1420 4393 λόγος
1465 4321 1497 4398 ἢ
1538 4328 1797 4397 φορτικὸς

225 4416 485 4486 φαίνηται,
539 4422 712 4489 μικρά
768 4419 908 4472 ἄττα
950 4417 1246 4487 προσθήσω
1294 4420 1408 4481 τοῖς
1455 4419 1793 4490 εἰρημένοις

1896 3245 2313 3294 conservemus,
2351 3230 2484 3287 facti
2519 3230 2752 3287 omnino
2787 3230 3001 3293 oculus,
3039 3230 3132 3299 qui
3171 3229 3322 3283 nulla
3354 3229 3483 3283 dor-

1894 3320 2183 3376 mitatione
2221 3320 2539 3387 claudatur,
2569 3327 2628 3375 ut
2668 3336 2738 3375 ne
2789 3321 2933 3374 clam
2966 3318 3126 3374 nobis
3165 3318 3334 3374 draco
3367 3319 3482 3373 the-

1898 3423 2124 3464 saurum
2165 3408 2401 3465 furetur.
2433 3409 2728 3465 Communi
2763 3424 2905 3479 ergo.
2950 3424 3144 3465 omnes
3193 3412 3481 3479 couSpEra-

1897 3501 2068 3565 tione,
2104 3501 2386 3556 doctorem
2440 3501 2604 3556 hodie
2654 3501 3075 3557 Paruemiastem
3106 3516 3480 3566 assumamus,

1898 3593 1990 3663 qui
2028 3607 2130 3648 nos
2175 3592 2358 3648 verbis
2383 3593 2452 3648 ad
2495 3593 2602 3647 hoc
2637 3593 2963 3664 compositis
2996 3593 3198 3662 praevie
3246 3593 3480 3655 muniat,

1900 3682 2191 3753 fusiusque
2222 3691 2462 3748 enarret,
2498 3699 2635 3752 quas
2665 3697 2731 3738 ex
2764 3683 3058 3737 mulierum
3090 3684 3309 3739 insidiis
3356 3684 3482 3739 sim-

1897 3772 2157 3842 pliciores
2185 3773 2440 3828 homines
2488 3768 2823 3829 offensiones
2863 3758 3166 3843 accipiunt.
3201 3774 3343 3828 Dicit
3375 3776 3481 3828 ita-

1898 3879 2047 3935 que:
2088 3883 2108 3916 ι
2160 3863 2281 3921 Noli
2340 3866 2629 3921 attendere
2679 3864 2901 3920 mulieri
2956 3864 3162 3919 fallaci.
3192 3865 3292 3920 Mel
3328 3867 3480 3921 cnim

1899 3956 2131 4013 distillat
2169 3972 2198 4011 a
2229 3956 2394 4013 labiis
2437 3957 2687 4013 mulieris
2729 3957 3062 4021 meretricis,
3095 3974 3219 4028 qua:
3245 3959 3312 4013 ad
3352 3968 3482 4014 tem-

1900 4065 2004 4120 pus
2038 4050 2347 4121 impipguat
2378 4048 2567 4106 fauces
2606 4058 2730 4105 tuas
2774 4068 2788 4104 :
2838 4059 3037 4125 postea
3069 4067 3203 4108 vero
3243 4053 3477 4107 amario-

1900 4156 2014 4195 rem
2049 4142 2177 4199 felle
2210 4143 2480 4208 invenies,
2513 4150 2568 4198 et
2617 4151 2832 4199 acutam
2888 4143 3064 4215 magis
3114 4144 3296 4215 gladio
3348 4144 3482 4199 bici-

1897 4235 1995 4308 piti
2024 4237 2072 4287 b.
2106 4253 2125 4287 ι
2990 4230 2995 4235 ’

1972 4326 2078 4383 Sed
2116 4342 2183 4381 ne
2213 4335 2306 4380 aut
2337 4325 2643 4380 satietatem
2668 4324 2877 4391 aﬂ'erat,
2911 4335 3005 4379 aut
3037 4327 3267 4381 molesta
3301 4327 3484 4382 videa-

1902 4429 1991 4475 tur
2025 4420 2226 4483 oratio,
2260 4399 2446 4489 pauca.
2475 4418 2723 4487 quaedam
2762 4417 3017 4486 adjiciam
3071 4418 3138 4472 iis
3170 4433 3292 4487 qua:
3335 4417 3478 4470 dicta

226 4507 327 4568 τοῖς
374 4508 465 4577 μὲν
510 4509 712 4562 εἰδόσιν
732 4507 1080 4578 ὑπόμνησιν,
1117 4510 1231 4568 τοῖς
1281 4507 1335 4560 δέ
1374 4508 1660 4576 ἀγνοοῦσιν
1689 4511 1786 4563 ἀσ-

1971 4521 2051 4575 nt‘,
2087 4510 2206 4580 ipsa
2253 4508 2499 4576 quidem,
2550 4506 2620 4562 iis
2656 4507 2748 4577 qui
2780 4514 3006 4570 norunt,
3061 4507 3127 4560 ad
3157 4507 3479 4562 memoriam

230 4594 428 4659 φάλειαν
457 4600 517 4652 ού
540 4602 639 4669 τὴν
669 4597 942 4669 τυχοῦσαν
968 4598 1342 4667 προσάγοντα.
1374 4618 1392 4649 ι
1434 4600 1583 4663 flius,
1612 4604 1798 4672 φησὶν,

210 4684 383 4746 {ariam
410 4691 518 4744 ἀπὺ
549 4693 662 4745 σῶν
700 4691 968 4762 ἀγγείων,
994 4689 1087 4742 καὶ
1111 4690 1217 4743 ἀπὸ
1259 4690 1368 4743 σῶν
1405 4692 1659 4760 φρεάτων
1675 4710 1796 4764 ,πη-

294 4883 319 4911 ι
353 4870 508 4926 l‘rov.
530 4886 565 4925 v
594 4910 610 4936 ,
642 4866 737 4923 22.

813 4879 844 4917 1
877 4867 1038 4927 Prov.
1086 4887 1166 4937 ix,
1202 4870 1292 4938 15,
1356 4873 1447 4939 18,
1527 4876 1550 4913 ι
1590 4874 1751 4932 Prov.
1782 4892 1835 4941 v,
1861 4875 1894 4929 5

1902 4601 2109 4664 futura,
2144 4599 2213 4653 iis
2236 4607 2418 4653 autem
2453 4597 2546 4668 qui
2579 4599 2861 4661 nesciunt,
2905 4612 3012 4650 non
3057 4596 3225 4651 levem
3259 4594 3481 4650 cautio-

1902 4707 2027 4747 nem
2068 4688 2388 4760 prtebitura.
2417 4707 2436 4740 ι
2473 4688 2628 4755 Bibe,
2657 4688 2862 4758 inquit,
2897 4702 3070 4758 aquas
3094 4687 3161 4743 de
3192 4687 3303 4742 tuis
3327 4687 3479 4741 vasis

1992 4888 2017 4915 α
2057 4875 2079 4929 ι
2158 4874 2351 4930 Thess.
2400 4887 2467 4935 tv.
2503 4870 2556 4924 9.
2630 4870 2659 4909 ιι
2685 4864 2847 4923 Prov.
2886 4884 2938 4932 v,
2974 4869 3114 4928 2-4.

1488 5008 1721 5066 νΑιιιτΕ
1744 5011 2175 5069 LECTIONES.’

288 5094 323 5127 "
352 5098 551 5169 luterp.
580 5095 799 5168 Lipom.
825 5095 1076 5163 θάνατον,
1106 5115 1212 5153 non
1246 5099 1407 5155 bene.

1500 5236 1898 5300 COMBEFISII
1938 5242 2172 5301 NOTAE.

280 5352 390 5423 (26)
426 5349 597 5407 Juxta
637 5352 971 5421 Apostolum.
1034 5351 1313 5423 Interpres
1354 5352 1571 5422 Lipom.
1626 5353 1796 5408 δοκη-

174 5424 331 5494 ειεηι
373 5425 824 5494 evangelistam:
881 5423 1025 5490 apud
1068 5438 1246 5494 quem
1302 5425 1468 5479 etiam
1518 5425 1797 5492 reperitur

168 5493 205 5565 ἕ
233 5495 301 5549 lla
335 5503 654 5549 sanctorum
691 5509 722 5565 a
765 5493 872 5548 Deo
901 5493 1152 5565 doctrina
1181 5513 1193 5547 :
1250 5508 1441 5565 eoque
1463 5509 1573 5547 non
1622 5494 1796 5565 liquet

148 5560 392 5618 ἤπυσα)
423 5565 675 5618 Andreas
694 5564 928 5618 Paulum
960 5573 1055 5616 aut
1086 5560 1356 5618 Joannem
1399 5563 1682 5616 citaverit.

144 5696 314 5767 Nil:
345 5696 625 5775 ἅμαρτίας
672 5704 736 5756 τὸ
787 5704 1123 5775 φάρμακονογ
1176 5696 1352 5775 palam
1396 5700 1668 5775 referens,
1712 5705 1797 5765 τὸ,

194 5771 578 5840 mmmam,
640 5771 972 5829 consensum.
1037 5771 1429 5829 Veltt’dicere
1491 5772 1615 5842 ejus
1676 5790 1800 5829 esse

1899 5360 2110 5430 peccati
2140 5369 2398 5425 mortem,
2431 5373 2494 5415 ac
2536 5358 2837 5416 remedium
2871 5356 3081 5430 peccati
3116 5374 3129 5412 :
3158 5358 3295 5430 sive,
3338 5374 3485 5414 moro

1900 5427 2011 5486 tem
2042 5447 2108 5487 ac
2134 5431 2303 5484 vitam
2339 5450 2353 5485 :
2388 5431 2536 5501 quod
2572 5431 2651 5486 sic
2684 5430 2844 5499 plane
2878 5428 3058 5489 habet.
3086 5444 3149 5486 ac
3184 5427 3484 5501 formaliter

1903 5510 1962 5573 ut
1996 5511 2251 5573 vocantt
2280 5499 2567 5573 supposita
2619 5514 2839 5573 semper
2888 5500 3219 5573 circitatioue
3270 5499 3481 5573 divina.

1900 5572 2179 5643 Interpres
2234 5568 2451 5639 Lipoui.
2494 5573 2652 5625 aliter
2697 5569 2829 5643 legit
2871 5570 2955 5626 vel
3001 5571 3228 5643 habuit:
3269 5568 3487 5643 Pet-cati

275 5633 393 5712 (τί)
430 5632 574 5712 Di"?
614 5634 1159 5712 ρεσραιί,νειηεάίιιηι
1204 5633 1482 5712 ρᾳνιιινίιο,
1519 5633 1799 5712 Ὡδίνουιξα
1904 5632 2125 5697 mai-tim
2188 5632 2425 5712 cupiens,
2459 5653 2676 5695 mortem
2721 5632 2888 5709 ipsum
2941 5641 3120 5710 parit,
3175 5642 3321 5712 quod
3375 5632 3485 5697 non

1905 5715 2044 5770 satis
2085 5715 2357 5785 intelligo.
