3790 6202
1131 267 1176 317 "’-
1195 268 1201 275 ,
1239 262 1252 270 .

414 336 559 404 113⁸5

1606 338 1670 401 S.
1695 339 2030 402 ANDRE/E
2063 340 2487 407 CRETENSIS

3455 355 3558 423 1136

408 454 559 509 etde
589 458 877 523 puteorum
912 455 1130 503 tuorum
1162 445 1334 502 fonte.
1375 444 1523 504 Fons
1572 465 1728 520 aqua:
1762 453 1835 508 sit
1880 453 1973 508 tibi

2086 456 2210 525 γῆς.
2253 457 2318 511 Ἦ
2362 458 2514 531 πηγὴ
2552 458 2647 512 τοῦ
2675 459 2873 528 ὓδατος,
2908 462 3048 518 ἔστω
3075 482 3155 520 σοι
3176 466 3291 531 ίδία,
3312 470 3391 524 καὶ
3414 489 3561 531 συνευο

405 543 687 614 proprius,
724 548 779 596 et
799 539 1107 609 jucundare
1129 555 1253 594 cum
1278 554 1472 606 uxore,
1498 556 1620 611 quae
1644 558 1675 596 a
1697 543 1984 612 juventute

406 644 546 699 tua:
586 634 641 687 in
673 631 796 702 ejus
828 632 976 686 enim
1007 632 1249 687 amicitia
1277 642 1657 699 conversatus,
1694 634 1986 693 diuturnus

405 723 516 778 eris
552 732 602 777 ε.
643 740 661 773 ι
701 719 769 775 Ει
796 721 993 779 iterum
1028 737 1042 773 :
1089 739 1109 773 ι
1150 720 1230 777 Ne
1270 727 1477 793 multus
1518 723 1596 779 sis
1622 723 1690 777 ad
1725 725 1982 792 alienam,

405 827 583 882 neque
616 820 670 866 te
716 812 861 865 ulnae
917 811 1359 882 complectantur
1408 827 1518 867 non
1550 814 1810 884 propria.
1845 815 1984 869 Sunt

404 905 550 960 enim
578 918 763 962 coram
797 902 892 958 Dei
912 902 1091 958 oculis
1121 903 1222 956 viae
1240 902 1457 957 viri.Ne
1483 904 1702 960 dederis
1730 920 1983 960 somnum

404 998 585 1053 oculis
614 996 750 1062 tuis,
783 1010 964 1066 neque
1023 995 1352 1053 indormites
1400 997 1676 1067 palpebris
1704 998 1814 1054 tuis
1846 1013 1861 1051 :
1925 1006 1985 1054 ut

404 1089 632 1147 salveris
662 1096 922 1159 tanquam
978 1086 1201 1143 damula
1244 1103 1275 1143 e
1336 1089 1570 1158 laqueis,
1626 1097 1682 1143 ct
1725 1097 1981 1160 tanquam

403 1179 521 1234 avis
558 1193 589 1232 e
620 1175 797 1232 retia.
840 1195 858 1228 ι
891 1175 957 1230 Et
1006 1175 1205 1230 iterum
1247 1192 1260 1227 :
1307 1194 1325 1228 ι
1361 1174 1438 1231 Ne
1466 1183 1519 1230 te
1550 1176 1739 1231 vincat
1792 1177 1984 1233 formae

400 1266 878 1338 concupiscentia,
911 1280 1091 1336 neque
1138 1265 1372 1335 capiaris
1405 1264 1586 1321 oculis
1631 1267 1763 1332 tuis,
1802 1281 1984 1336 neque

401 1359 691 1431 abripiaris
718 1359 787 1414 ab
813 1357 936 1428 ejus
961 1356 1239 1427 palpebris
1263 1373 1278 1410 :
1314 1355 1507 1410 Mulier
1533 1356 1678 1411 enim
1736 1356 1980 1411 virorum

403 1453 680 1524 pretiosas
729 1456 963 1506 venatur
997 1447 1238 1503 animas.
1286 1444 1403 1501 Via:
1449 1454 1631 1501 autem
1673 1445 1979 1501 inferorum

403 1545 600 1598 domus
629 1540 769 1610 ejus,
801 1538 1144 1596 deducentes
1172 1539 1225 1593 iu
1257 1554 1511 1596 secessus
1534 1539 1752 1596 mortis.
1773 1539 1856 1594 Tu
1884 1555 1982 1596 au-

402 1645 537 1700 tem,
570 1634 668 1696 illi,
704 1632 831 1687 audi
866 1647 954 1687 me
987 1646 1207 1701 :ncque
1236 1631 1477 1686 declinet
1512 1631 1567 1685 in
1591 1632 1710 1687 vias
1731 1632 1854 1701 ejus
1882 1646 1982 1687 cor

401 1736 594 1793 tuum;
626 1739 728 1780 nec
760 1723 1059 1793 decipiaris
1096 1722 1150 1777 in
1186 1722 1398 1778 semitis
1427 1723 1571 1792 ejus.
1606 1721 1802 1779 Multos
1831 1723 1975 1778 enim

398 1816 743 1874 vulnerando
769 1815 978 1886 dejicit,
1010 1823 1064 1869 et
1094 1814 1525 1870 innumerabiles
1554 1823 1683 1870 sunt
1703 1829 1844 1885 quos
1866 1822 1981 1870 tru-

400 1909 606 1964 cidavit
642 1918 686 1963 θ.
733 1925 751 1959 ι
809 1935 882 1945 -
926 1923 945 1957 ι
983 1903 1065 1959 Tu
1109 1913 1293 1960 autem
1351 1920 1422 1960 ne
1479 1905 1702 1976 injicias
1759 1905 1977 1961 oculum

402 2010 555 2055 tuum
581 1997 650 2054 ad
690 2012 846 2061 eam,
879 1994 975 2052 sed
997 1994 1149 2050 resili
1170 2034 1187 2061 ,
1211 2009 1282 2049 ne
1324 1995 1559 2053 moreris
1588 1996 1645 2050 in
1699 1995 1823 2052 loco
1855 2011 1871 2050 :
1904 1995 1979 2050 ita

398 2097 543 2151 enim
585 2093 853 2149 transibis
901 2106 1102 2163 aquam
1162 2090 1420 2146 alienam.
1472 2089 1556 2145 Ab
1606 2105 1748 2161 aqua
1797 2102 1977 2146 autem

397 2187 578 2242 aliena
614 2185 828 2240 abstine
854 2192 932 2250 te,
972 2192 1025 2239 et
1061 2182 1130 2238 de
1162 2182 1309 2237 fonte
1335 2181 1518 2236 alieno
1542 2197 1612 2237 ne
1643 2181 1849 2238 biberis
1875 2197 1889 2234 :
1919 2191 1979 2237 ut

396 2278 622 2348 longum
650 2276 801 2331 vivas
832 2282 1087 2344 tempus;
1131 2284 1186 2329 et
1224 2271 1560 2342 adjicientur
1592 2273 1689 2327 tibi
1731 2272 1861 2327 anni
1892 2271 1976 2327 vi-

398 2379 468 2424 ta:
502 2366 546 2423 ί.
596 2387 616 2420 ι
655 2368 834 2438 Atque
866 2365 1155 2422 sufficiunt
1182 2363 1301 2420 haec
1337 2363 1557 2435 quidem
1586 2364 1655 2419 ad
1696 2363 1979 2436 castigan-

396 2460 525 2515 dum
554 2474 672 2525 eos,
704 2459 802 2529 qui
852 2466 982 2515 sunt
1034 2454 1340 2529 segniores,
1370 2456 1574 2526 quibus
1622 2471 1721 2511 nos
1760 2455 1979 2512 abunde

397 2550 731 2605 communiit
759 2547 1119 2619 depromptus
1168 2563 1352 2603 sermo
1393 2560 1461 2602 ex
1490 2545 1832 2613 Proverbiis,
1881 2561 1977 2603 so-

394 2641 528 2697 bria:
554 2642 756 2712 lingua:
789 2640 959 2695 divini
1005 2639 1156 2694 illius
1195 2638 1300 2693 viri
1322 2652 1548 2693 causam
1581 2652 1781 2706 agens;
1813 2652 1977 2692 vene-

395 2732 579 2798 randi,
613 2732 860 2801 inquam,
891 2730 1178 2799 Baptistae,
1215 2728 1310 2800 qui
1339 2728 1483 2783 hanc
1531 2728 1693 2784 nobis
1722 2718 1977 2799 apposuit

397 2837 642 2878 mensam
676 2839 690 2876 :
721 2836 831 2876 non
867 2821 1139 2892 sanguine
1173 2829 1483 2883 cruentam,
1510 2833 1704 2873 recens
1744 2818 1974 2888 jugulati

395 2923 563 2985 caput
594 2919 961 2983 apponentem
994 2921 1052 2966 ut
1084 2924 1288 2973 escam,
1323 2925 1432 2965 non
1460 2909 1775 2966 crateribus
1809 2924 1974 2964 cruo-

394 3019 511 3059 rem
541 3017 693 3057 mero
721 3001 1197 3056 commiscentem.
1238 2997 1365 3053 Haec
1403 2998 1728 3053 llerodianaa
1765 2998 1972 3068 iniqui-

397 3096 529 3149 tatis
559 3091 941 3163 manupretia;
985 3090 1054 3147 iis
1086 3090 1178 3145 ille
1219 3089 1533 3146 convivium
1570 3088 1818 3155 instruit,
1844 3090 1973 3145 talia
2000 3122 2043 3181 ε

395 3187 489 3242 ille
542 3185 794 3241 convivis
844 3184 1038 3239 miscet
1065 3183 1289 3254 pocula.
1330 3180 1438 3237 Sed
1485 3196 1599 3237 non
1637 3181 1714 3237 ita
1768 3183 1816 3240 is
1877 3183 1972 3254 qui

383 3287 583 3334 nostro
618 3285 817 3346 praeest
849 3275 1147 3341 convivio;
1203 3273 1383 3328 absit!
1417 3271 1623 3328 Contra
1669 3274 1838 3340 enim,
1866 3274 1976 3330 for-

398 3368 657 3425 titudinis
692 3382 757 3423 ac
782 3366 1123 3432 sobrietatis,
1156 3364 1546 3434 pudicitimquc
1579 3364 1740 3435 nobis
1770 3366 1975 3421 instru-

393 3465 475 3517 xit
514 3476 751 3526 coenam,
799 3459 962 3531 cujus
1017 3457 1342 3528 ingurgitati
1398 3456 1671 3524 obsoniis,
1716 3457 1975 3514 meliores

392 3568 698 3610 ογυειιιιυε.

466 3737 738 3804 Quoniam
770 3742 951 3791 autem
993 3746 1192 3803 magno
1221 3729 1454 3788 Joannis
1493 3729 1758 3784 adversus
1804 3725 1975 3782 Hero-

391 3828 512 3882 dem
559 3825 804 3881 convivii
834 3824 1166 3879 transmisso
1193 3823 1408 3891 pelago,
1452 3821 1507 3874 in
1552 3828 1770 3889 portum
1823 3827 1977 3873 tran-

391 3921 653 3986 quillum,
696 3916 962 3973 secundis
1016 3915 1139 3984 ejus
1197 3913 1264 3966 ad
1315 3912 1484 3966 Deum
1544 3926 1769 3981 precum
1824 3910 1975 3965 auris

388 4010 785 4081 pervenimus;
834 4019 1050 4075 tempus
1077 4011 1166 4059 est
1207 4014 1266 4057 ut
1309 4003 1431 4057 vela
1461 4002 1830 4067 demittentes,
1860 4016 1977 4058 ser-

2086 547 2314 617 φραίνου
2358 551 2498 620 μετὰ
2542 553 2814 620 γυναικὸς,
2856 555 2957 625 τῆς
3000 559 3065 610 ὲκ
3116 559 3345 630 νεότητός
3373 579 3467 619 σου.
3500 569 3564 626 Ἐν

2085 636 2194 707 γὰρ
2223 641 2289 710 τῇ
2328 639 2535 710 ταύτης
2572 641 2727 713 φιλίᾳ
2764 646 3309 718 συμπεριφερόμενος,
3341 653 3565 722 πολλοστὸς

2083 726 2205 796 ἔσῃ.
2238 746 2256 778 ι
2296 730 2407 781 Καὶ
2444 725 2601 793 αὖθις
2621 746 2636 761 ⁸
2670 750 2688 782 ι
2731 732 2818 802 Μὴ
2846 734 3008 796 πολὺς
3036 735 3142 788 ἴσθι
3174 738 3300 806 πρὸς
3325 738 3565 814 ἀλλοτρίαν,

2087 814 2221 907 μηδὲ
2251 818 2476 907 συνέχον
2500 819 2767 886 ἀγκάλαις
2788 825 2905 884 ταῖς
2944 824 3015 893 μὴ
3042 824 3215 889 ἰδίαις.
3254 827 3477 887 Ἐνὼπιον
3490 837 3593 907 γάρ,

2083 905 2222 996 εἰσιν
2252 906 2366 961 τῶν
2392 908 2488 962 τοῦ
2519 911 2655 963 Θεοῦ
2701 912 3007 983 ὀφθαλμῶν,
3033 915 3141 968 ὁδοὶ
3167 919 3365 988 ἀνδρός.
3392 924 3466 993 Μὴ
3492 905 3566 996 δῷ,

2085 992 2253 1049 ὕπνον
2283 1000 2396 1062 σοῖς
2432 998 2699 1070 ὄμμασιν,
2740 1004 2874 1073 μηδὲ
2913 1005 3261 1080 ὲπινυστᾶξῃς
3302 1015 3399 1078 σοῖς
3420 992 3568 1086 sua;

2085 1103 2223 1180 ροιςο
2259 1087 2348 1180 ἵνα
2386 1088 2534 1161 σώσῃ
2573 1090 2764 1164 ὥσπερ
2786 1094 2987 1166 δορκὰς
3013 1098 3074 1150 ὲκ
3092 1098 3309 1169 βρόχων,
3335 1106 3415 1157 καὶ
3430 1104 3569 1180 ὥσπερ

2082 1176 2272 1267 ὄρνεον
2296 1178 2361 1232 ὲκ
2392 1181 2640 1249 παγίδος.
2677 1201 2698 1235 ι
2754 1182 3063 1249 Καὶ-αὗθις·
3102 1207 3120 1239 ι
3153 1191 3236 1262 Μή
3266 1208 3320 1245 σε
3358 1176 3573 1267 tamquam

2083 1266 2311 1331 κάλλους
2361 1269 2652 1340 ἐπιθυμία,
2702 1273 2840 1344 μηδὲ
2885 1274 3154 1347 ἀγρευθῇς
3188 1283 3291 1343 σοῖς
3319 1266 3570 1355 aquaam,

2086 1356 2223 1447 μηδὲ
2256 1361 2646 1432 συναρπασθῇς
2688 1363 2799 1416 ἀπὸ
2826 1364 2938 1416 τῶν
2968 1365 3136 1435 αὐτῆς
3163 1367 3435 1442 βλεφάρων.
3470 1375 3573 1447 Γυνὴ

2083 1445 2216 1536 γὰρ,
2253 1450 2465 1518 ἀνδρῶν
2506 1454 2694 1525 τιμίας
2732 1455 2918 1526 ψυχὰς
2952 1457 3189 1528 ἀγρεύει.
3227 1463 3352 1516 Ὀδοὶ
3382 1465 3431 1517 δὲ

2080 1537 2109 1590 ὁ
2143 1533 2293 1603 οἶκος
2329 1542 2525 1612 αὐτῆς,
2558 1544 2901 1614 κατάγουσαι
2929 1550 3006 1612 είς
3050 1550 3115 1602 τὰ
3142 1555 3346 1621 ταμιεῖα
3379 1533 3573 1612 Θανάτου.

2083 1629 2156 1682 Σὺ
2183 1629 2260 1694 δὲ,
2280 1632 2384 1694 υἱὲ,
2408 1633 2574 1688 ἄκουέ
2591 1653 2716 1706 μου,
2746 1639 2846 1691 καὶ
2869 1639 2944 1709 μὴ
2964 1640 3255 1696 ἐκκλινάτω
3272 1646 3347 1708 είς
3364 1648 3447 1710 τὰς
3463 1650 3574 1713 ὀδοὺς

2080 1718 2251 1788 αὐτῆς
2289 1722 2324 1793 ἡ
2355 1723 2552 1793 καρδία
2589 1742 2708 1790 σου,
2755 1729 2853 1781 καὶ
2882 1728 2960 1800 μὴ
3000 1730 3269 1803 πλανηθῇς
3294 1736 3345 1787 ἐν
3372 1738 3576 1806 ἀτραποῖς

2015 1795 2057 1850 Β
2082 1811 2273 1881 αὐτῆς.
2318 1814 2554 1880 Πολλοὺς
2591 1818 2858 1889 τρώσασα
2884 1795 3304 1896 καταϐέϐληκεν,
3340 1830 3419 1881 καὶ
3432 1795 3579 1900 ungi;

2082 1902 2281 1974 θμητοί
2309 1907 2467 1973 εἰσιν,
2500 1908 2597 1971 οὒς
2635 1911 2999 1979 πεφόνευκεν.
3030 1931 3049 1964 ι
3087 1944 3151 1953 -—
3175 1935 3192 1966 ι
3230 1916 3295 1969 Σὺ
3321 1917 3371 1969 δὲ
3402 1918 3464 1987 μὴ
3490 1920 3579 1972 ἐπι·

2082 1995 2290 2067 στήσῃς
2313 1995 2374 2049 τὸ
2413 1997 2505 2050 σὺν
2533 1997 2691 2069 ὄμμα
2718 2000 2863 2071 πρὸς
2900 2002 3088 2074 αὑτήν·
3126 2003 3254 2058 ἀλλὰ
3278 2007 3578 2078 aman

2082 2084 2160 2157 μὴ
2188 2087 2445 2159 χρονίσῃς
2468 2090 2529 2142 ὲν
2562 2091 2640 2160 τῷ
2673 2090 2854 2162 τόπον
2887 2092 3061 2157 οὕτως
3092 2094 3198 2165 γὰρ
3232 2096 3440 2170 διαϐήσῃ
3477 2098 3579 2170 ὕδωρ

2078 2177 2380 2249 ἀλλότριον.
2437 2180 2570 2233 Ἀπδ
2609 2181 2667 2234 δὲ
2707 2180 2910 2248 ὕδατος
2947 2184 3222 2257 ἀλλοτρίου
3258 2188 3483 2257 ἀπόσχου,
3515 2190 3581 2243 καὶ

2078 2268 2186 2321 ἀπὸ
2215 2270 2399 2340 πηγῆς
2441 2270 2728 2340 ἀλλοτρίας
2762 2272 2839 2344 μὴ
2868 2275 3021 2346 πίῃς,
3049 2276 3131 2329 ἵνα
3155 2277 3312 2330 πολὺν
3336 2277 3581 2349 ζήσῃςχρό-

2078 2377 2188 2427 νον,
2215 2362 2311 2414 καὶ
2326 2363 2783 2434 ,προστεθήσεταί
2817 2383 2911 2421 σοι
2955 2367 3048 2438 ἐτη
3081 2368 3241 2435 ζωῆς.
3277 2389 3294 2422 ι
3330 2370 3485 2424 Ἱκαιὰ
3512 2371 3580 2440 μὲν

2079 2452 2176 2506 καὶ
2224 2454 2398 2508 ταῦτα
2446 2458 2781 2527 σωφρονίσαι
2816 2461 2953 2523 τοὺς
2984 2461 3354 2532 νωθεστέρους,
3389 2459 3458 2525 οἷς
3485 2463 3580 2514 ἀτο-

2077 2543 2320 2614 χρόντως
2346 2546 2494 2615 ἡμᾶς
2530 2549 2558 2600 ὁ
2588 2548 2973 2619 Παροιμιακῦς
2999 2552 3418 2623 κατησςραλίσατο
3437 2552 3581 2620 λόγος’

2075 2634 2105 2687 ὁ
2128 2634 2228 2704 τῆς
2265 2635 2544 2707 σώφρονος
2571 2638 2825 2710 γλώσσης
2862 2643 3082 2696 ἐκείνου
3103 2642 3194 2696 τοῦ
3217 2643 3470 2696 Θεσπεσίου
3492 2660 3581 2695 συν-

2076 2725 2296 2797 ήγορος·
2329 2727 2426 2780 τοῦ
2455 2727 2778 2799 σεϐασμίου,
2814 2733 2989 2802 φημὶ,
3024 2732 3340 2786 Βαπτιστοῦ·
3363 2731 3581 2802 64135179:

2076 2817 2209 2887 ἡμῖν
2256 2818 2570 2890 παρέθηκεν
2615 2819 2714 2891 τὴν
2743 2825 3036 2893 τράπεζαν
3081 2826 3328 2894 σήμερον·
3352 2825 3408 2877 οὗ
3437 2840 3579 2892 πεφοι-

2076 2908 2339 2980 νιγμὲνην
2368 2911 2614 2980 αἵμασινο
2637 2912 2697 2965 οὐ
2730 2916 3012 2985 νεοσφαγῆ
3048 2915 3286 2985 κεφαλὴν
3318 2913 3579 2986 προτιθεμέ-

2075 3012 2174 3067 νην
2200 2997 2276 3061 ὡς
2296 2998 2517 3069 ἔδεσμα·
2543 3001 2606 3055 ού
2635 3003 3042 3072 συνεκχέουσαν
3075 3004 3154 3073 τῷ
3186 3003 3357 3074 λύθρῳ
3376 3005 3468 3065 τοῖς
3485 3017 3581 3070 xpu-

2074 3089 2242 3159 τῆρσι
2273 3091 2364 3146 τὸν
2415 3091 2674 3164 ἄκρατον.
2730 3096 2926 3151 Ταῦτα
2973 3098 3075 3168 τῆς
3120 3099 3349 3169 Ἡρώδου
3393 3111 3579 3169 mpm-

2079 3181 2210 3250 μίας
2232 3182 2281 3215 ⁸³
2321 3183 2392 3237 τὰ
2429 3186 2704 3258 ὲπίχειρα’
2733 3187 2956 3253 τούτοις
2984 3191 3190 3253 ἐκεῖνος
3228 3191 3369 3262 ἑστιᾷ
3400 3188 3451 3241 τό
3481 3203 3583 3256 συμ-

2077 3273 2288 3327 πόσιονο
2315 3276 2545 3331 τοιαῦτα
2591 3278 2810 3349 κίρνησι
2850 3283 2972 3345 τοῖς
3016 3282 3317 3353 συμπόταις
3351 3275 3583 3341 ἐκεῖνοςώ

2076 3366 2317 3436 πόματα.
2379 3369 2493 3439 Οὐχ
2545 3372 2574 3423 ὁ
2623 3370 2898 3443 ἡμέτερος
2959 3374 3382 3445 συμποσιάρχης·
3422 3368 3581 3437 arma!

2075 3456 2402 3511 Τούναντίον
2455 3459 2576 3529 μὲν,
2639 3460 2894 3531 ἀνδρείας
2954 3465 3054 3517 xal
3110 3461 3438 3534 σωφροσύνης
3488 3458 3584 3529 ἡμῖν

2075 3546 2365 3601 ἐστιάσατο
2406 3547 2641 3615 δεῖπνον,
2675 3544 2738 3603 οὗ
2769 3550 2877 3604 τῶν
2902 3551 3063 3623 ὄψων
3091 3546 3586 3625 ὲμφοςπλθέντεςᾼελ·

2073 3635 2223 3699 τίους
2257 3638 2588 3710 γεγόναμεν.

2157 3728 2313 3782 Ἐπεὶ
2333 3726 2428 3784 οὖν
2470 3731 2531 3784 τὸ
2575 3730 2717 3802 μέγα
2768 3733 2870 3802 τῆς
2933 3735 3183 3791 Ἰωάννου
3231 3736 3357 3808 πρὸς
3398 3730 3585 3804 Ἡρώδην

2075 3818 2372 3884 ἑστιάσεως
2392 3821 2928 3893 διαπορθμεύσαντες
2966 3828 3226 3896 πέλαγος.
3250 3829 3330 3896 ἐφ’
3354 3827 3496 3897 ὅρμον
3511 3838 3585 3889 γα·

2074 3909 2258 3981 λήνιον
2294 3915 2419 3976 ταῖς
2468 3914 2637 3967 αὑτοῦ
2670 3916 2810 3985 πρὸς
2844 3915 2988 3971 Θεὸν
3012 3920 3292 3983 εὐκτικαῖς
3311 3916 3587 3986 κατηντήκα-

2079 4017 2179 4070 μεν
2206 4000 2426 4080 αὔραις,
2460 4004 2655 4075 καιρὸς
2687 4005 2787 4075 ἠδη
2815 4006 2885 4059 τὰ
2917 4008 3074 4063 ἱστία
3121 4010 3457 4078 χαλάσαντας,
3490 4003 3587 4055 εἵσω

390 4099 571 4154 monis
593 4095 1006 4166 remigatiouem
1027 4094 1172 4151 intra
1199 4100 1415 4162 portum
1434 4091 1713 4148 sistamus.
1732 4091 1973 4162 Equum

2079 4090 2309 4162 λιμένων
2330 4094 2699 4150 διαναπαῦσαι
2720 4096 2813 4149 τοῦ
2847 4097 3016 4167 λόγου
3037 4098 3137 4171 τὴν
3164 4099 3405 4171 εἰρεσίαν.
3421 4095 3587 4150 Δίκαιον

388 4198 571 4245 autem
605 4187 847 4241 arbitror
874 4204 889 4254 ;
921 4198 1046 4240 nam
1078 4194 1133 4239 ct
1157 4189 1337 4238 nauta:
1368 4182 1420 4237 id
1459 4182 1631 4236 moris
1657 4183 1880 4247 habent,
1916 4192 1973 4238 ut

2079 4183 2130 4236 δὲ
2160 4180 2315 4253 οἶμαι
2348 4186 2467 4250 (καὶ
2500 4186 2610 4258 γὰρ
2638 4187 2765 4250 τοὺς
2791 4188 3097 4260 πλωτῆρας
3121 4190 3240 4254 ἔθος
3259 4189 3401 4243 τοῦτο
3420 4182 3584 4251 ποιεῖν),

390 4297 493 4336 nos
526 4293 745 4350 quoque
778 4276 928 4348 quod
955 4282 1212 4330 sanctum
1255 4272 1507 4329 videatur
1530 4270 1821 4335 facientes,
1851 4287 1973 4342 par-

2079 4276 2169 4328 καὶ
2186 4277 2333 4345 ἡμᾶς
2361 4276 2489 4330 ὅσιά
2513 4294 2577 4346 γε
2609 4280 2975 4349 πράττοντας,
3005 4280 3201 4352 μικρὸν
3218 4281 3500 4351 παρενεῖραι
3521 4273 3587 4327 λό-

388 4386 513 4426 vam
562 4369 780 4441 epilogo
847 4367 1155 4422 orationem
1220 4372 1640 4425 connectamus,
1709 4362 1973 4433 lectisque

2079 4383 2170 4434 γον
2200 4367 2279 4438 τῷ
2314 4366 2554 4438 ἐπιλόγῳ
2579 4407 2593 4431 ,
2627 4370 2722 4423 καὶ
2756 4370 3061 4440 Γραφικοίς
3089 4370 3272 4426 ἄνθεσι
3309 4366 3586 4437 στεφανῶσαι

389 4464 690 4534 Scriptura:
739 4459 987 4517 ﬂosculis
1043 4457 1222 4512 virum
1272 4468 1655 4511 coronemns:
1703 4454 1971 4525 siquidem

2079 4456 2167 4509 τὸν
2198 4456 2384 4528 ἄνδραο
2413 4458 2466 4511 εἴ
2507 4475 2572 4527 γε
2602 4461 2697 4513 καὶ
2728 4460 2898 4530 ἄνδρα
2929 4461 3040 4532 χρὴ
3071 4462 3275 4531 λέγειν,
3308 4460 3393 4513 τὸν
3420 4458 3585 4511 πάντων

392 4568 574 4610 tamen
610 4557 787 4609 virum
819 4563 1148 4621 nuncupare
1173 4547 1364 4603 deceat
1400 4561 1524 4602 eum
1548 4548 1638 4615 qui
1675 4547 1826 4602 omni
1856 4561 1973 4599 ma-

386 4647 473 4716 jnr
509 4648 749 4711 homine,
804 4645 949 4699 inter
997 4650 1156 4697 natos
1214 4640 1506 4695 mulierum
1558 4639 1830 4709 apparuit.
1874 4638 1975 4693 Hic

390 4737 537 4790 enim
562 4745 648 4790 cst
674 4750 838 4804 quem
873 4733 1063 4787 multis
1106 4730 1407 4800 Scriptura:
1438 4728 1574 4783 locis
1623 4728 1772 4782 varie
1812 4727 1974 4782 desi-

391 4832 619 4894 gnatum
667 4821 1064 4886 invenerimus,
1115 4820 1281 4874 modo
1330 4825 1392 4872 ut
1439 4817 1559 4888 apis
1590 4826 1976 4887 argumentosa

390 4913 684 4984 diligenter
708 4912 1030 4967 lustremus.
1057 4909 1256 4965 Multas
1285 4911 1429 4964 enim
1461 4909 1619 4965 nobis
1647 4909 1766 4979 ejus
1791 4894 1976 4980 appel-

392 5000 629 5056 lationes
683 5015 868 5055 rerum
910 4998 1287 5053 consideratio
1336 4999 1543 5062 attulit,
1595 5013 1831 5068 quarum
1865 4998 1980 5053 sin-

391 5094 539 5164 gulis
566 5105 870 5161 congruum
913 5088 1292 5144 testimonium
1321 5090 1618 5156 adhibens,
1653 5106 1819 5160 quam
1859 5090 1979 5148 fue-

362 5186 499 5253 rint
531 5183 932 5241 rationabiliter
963 5182 1206 5249 ascripta
1229 5182 1476 5248 nomina,
1510 5183 1761 5237 ostendo.

458 5275 557 5331 Est
612 5279 799 5346 itaque
853 5276 1024 5346 prima
1087 5273 1206 5342 ejus
1253 5272 1566 5343 appellatio,
1608 5273 1805 5329 Filius.
1839 5293 1857 5324 ι
1894 5272 1972 5329 Ne

388 5365 578 5419 timeas
609 5366 777 5428 enim,
820 5362 1021 5433 inquit,
1059 5359 1364 5426 Zacharia;
1398 5377 1529 5417 ecce
1572 5360 1846 5418 Elisabctb
1881 5378 1972 5434 pa-

2081 4547 2385 4617 ἀνΘρώπων
2426 4550 2485 4602 ὲν
2524 4553 2806 4620 γεννητοῖς
2843 4554 3125 4619 γυναικῶν
3168 4549 3478 4621 ἀναφανέντα
3498 4544 3585 4615 μεί·

2081 4638 2230 4704 ζονα.
2260 4633 2427 4703 Οὗτος
2449 4639 2558 4712 γάρ
2580 4643 2750 4707 ἐστιν,
2772 4641 2832 4694 ὃν
2862 4643 3140 4713 πολλαχοῦ
3170 4642 3270 4711 τῆς
3296 4637 3490 4710 Γραφῆς
3511 4648 3583 4702 9ε⁹

2082 4730 2313 4801 ρόμενον
2362 4729 2697 4802 πολυσήμως
2742 4733 3075 4804 εὑρήσομεν,
3122 4733 3201 4804 τῷ
3244 4729 3488 4800 φιλοπόνῳ
3511 4722 3584 4790 τῆς

2080 4821 2343 4893 μελίσσης
2372 4822 2578 4892 ταύτην
2628 4824 3150 4895 ὲμπεριερχόμενοι.
3188 4822 3385 4884 Πολλὰς
3405 4819 3493 4886 γὰρ
3510 4813 3581 4866 αὖ·

2076 4911 2170 4965 τοῦ
2216 4913 2317 4977 τὰς
2361 4913 2737 4988 προσηγορίας
2769 4916 2905 4986 ἡμῖν
2945 4917 3264 4992 ἐνεποίησεν
3298 4911 3447 4984 ἡτῶν
3476 4921 3581 4977 πμ·

2077 5004 2306 5073 γμάτων
2367 5006 2646 5076 περιωπήο
2702 4998 2778 5059 ὧν
2833 5006 3045 5078 ἑκάστῃ
3105 5006 3207 5077 τὴν
3266 5004 3581 5078 προσήκουσαν

2080 5087 2388 5159 μαρτυρίαν
2440 5090 2733 5159 παραθεὶς,
2780 5090 2843 5144 τὸ
2890 5077 3174 5161 ἀξιόλογον
3217 5077 3581 5156 τῶν’ὀνομάτων

2079 5182 2348 5250 δείκνυμι.

2157 5274 2313 5327 Ἔστι
2343 5272 2475 5341 γοῦν
2522 5273 2690 5327 αὐτοῦ
2738 5275 2771 5344 ἡ
2828 5274 3018 5345 πρώτη
3052 5275 3262 5344 κλῆσις,
3314 5269 3444 5331 Υίός.
3470 5281 3485 5315 ι
3512 5256 3577 5319 Μὴ

2078 5363 2243 5434 φοϐοῦ
2267 5365 2398 5435 γὰρ,
2436 5363 2702 5435 Ζαχαρία,
2732 5365 2919 5435 φησιν’
2951 5364 3057 5417 ίδου
3092 5360 3365 5418 Ἐλισάϐετ
3385 5352 3576 5426 γιεννήπ⁸

459 5514 485 5545 °
524 5503 660 5559 Prov
712 5519 767 5567 v,
797 5501 981 5557 15-17.
1054 5503 1082 5541 (1
1107 5504 1263 5557 Prov.
1298 5518 1372 5567 vn,
1404 5502 1458 5567 4,
1495 5501 1549 5568 5,
1590 5502 1683 5566 ‘25,
1710 5501 1817 5575 26.;
1880 5511 1905 5559 ιτ
1940 5501 1973 5555 Ρ

2079 5522 2100 5559 π.
2163 5519 2260 5567 vn,
2316 5504 2511 5560 Ωιι-27.
2591 5505 2615 5543 τ
2650 5504 2810 5565 Prov.
2851 5504 3048 5574 ις,19,
3094 5518 3206 5560 sec.
3240 5498 3388 5555 LXX.

1667 5615 1897 5690 vanis;
1927 5615 2340 5672 LECTIONES.
3107 5574 3123 5591 ’

458 5700 752 5774 "lutcrpr.
787 5704 998 5772 Lipun.
1057 5704 1202 5775 legit.
1256 5707 1553 5777 παροινίας.
