3790 6202
186 345 314 412 1137

1175 355 1255 420 ΙΝ
1285 358 1346 419 S.
1385 359 1709 424 JOANNIS
1751 362 2408 434 DECOI.LATIONEM.

3304 365 3440 434 1138

188 474 265 510 σοι
297 457 436 519 υίδν,
474 457 570 510 καὶ
596 455 782 511 πολλοὶ
815 457 872 510 ἐν
907 459 974 529 τῇ
1004 462 1258 532 γεννήσει
1299 465 1466 519 αὐτοῦ
1490 469 1758 540 χαρήσον-

1872 473 1966 526 riet
1993 473 2091 528 tibi
2149 477 2345 538 tilium,
2388 486 2442 531 et
2475 477 2632 532 multi
2676 477 2728 532 in
2757 478 3042 534 nativitate
3071 479 3196 550 ejus
3236 486 3442 552 gaude-

186 564 292 601 ται.
337 564 357 597 ι
389 575 459 586 -
493 565 511 597 ι
554 548 630 619 Τῇ
663 549 718 601 δὲ
767 548 1046 602 Ἐλισάϐετ
1091 552 1343 626 ἐπλήσθη
1372 559 1400 610 6
1444 558 1635 629 χρόνος
1667 559 1759 613 τοῦ

183 639 362 691 τεκεῖν
397 637 590 709 αὐτὴν,
621 639 717 694 καὶ
749 641 1042 712 ἐγέννησεν
1071 643 1206 699 υἱόν.
1251 663 1269 697 ι
1308 647 1519 719 Βρέφος
1543 669 1558 683 ·
1595 669 1612 702 ι
1651 651 1761 704 Kal

183 730 402 822 ἐγένετο
436 731 513 796 ὡς
546 733 779 804 ήκουσεν
811 739 844 807 ή
897 740 1177 797 Ἐλισάϐετ
1223 745 1318 800 τὸν
1344 749 1635 820 ἀσπασμὸν
1661 752 1763 822 τῆς

180 821 426 891 Μαρίας,
464 824 793 896 ἐσκίρτησεν
822 830 882 883 τὸ
927 831 1127 903 βρέφος
1165 837 1223 891 ἐν
1239 841 1303 909 τῇ
1350 839 1529 911 κοιλίᾳ
1562 821 1759 914 αὐτῆς,

157 914 274 966 ’καὶ
330 916 580 988 ἐπλήσθη
624 919 948 992 Πνεῦματος
984 927 1140 996 ἁγίου
1194 933 1226 1000 ή
1277 932 1582 990 Ἐλισάϐετ.
1627 937 1759 990 Ἰδοὺ

176 1004 283 1075 γὰρ
306 1005 386 1069 ὡς
410 1007 628 1075 ἐγένετο
655 1011 688 1082 ή
716 1014 870 1086 φωνὴ
892 1016 986 1070 τοῦ
1006 1019 1298 1091 ἀσπασμοῦ
1332 1014 1425 1078 σου
1450 1025 1529 1090 είς
1556 1024 1625 1080 τὰ
1645 1021 1762 1082 ὦτά

177 1113 303 1190 μου,
325 1100 519 1170 φησὶν,
536 1102 862 1174 ἐσκίρτησεν
883 1107 946 1160 τὸ
967 1108 1166 1179 βρέφος
1190 1112 1248 1162 ἐν
1271 1113 1590 1180 ἀγαλλιάσει
1619 1119 1675 1172 ἐν
1689 1123 1756 1190 τῇ

171 1189 359 1282 κοιλίᾳ
380 1208 537 1260 μου.»
561 1195 810 1249 Παιδίον·
834 1216 852 1250 ι
877 1199 986 1253 Καὶ
1007 1202 1070 1254 σὺ
1097 1202 1174 1272 δὲ,
1191 1204 1402 1259 παιδίον
1423 1189 1756 1282 [προφήτης]

181 1280 450 1373 Ὑψίστου
490 1285 758 1360 κληθήσῃ.
791 1290 865 1343 Τδ
904 1291 962 1344 δέ
991 1293 1451 1367 παιδίονηῦξανε,
1474 1280 1762 1373 καιέκραζ

167 1372 398 1428 ταιοῦτο
438 1379 731 1448 πνεύματι,
761 1381 856 1434 καλ⁸
882 1377 950 1452 ἦν
981 1385 1038 1436 ἐν
1066 1387 1187 1450 ταῖς
1217 1389 1472 1459 ἐρήμοις,
1515 1410 1533 1443 ι
1568 1372 1760 1447 καὶτὰ

167 1464 552 1564 ἐξίῃ-Μέγας
576 1484 591 1499 ·
621 1489 647 1564 ιΔ
677 1466 848 1536 Οὗτος
879 1473 1032 1529 ἔσται
1061 1477 1236 1547 μέγας
1269 1479 1499 1535 ἐνώπιον
1525 1484 1756 1564 Κυρίου,

166 1561 268 1611 καὶ
298 1556 443 1625 οἶνον
468 1561 565 1615 καὶ
595 1561 786 1634 σίκερα
809 1566 870 1618 οὐ
898 1565 974 1636 μὴ
991 1567 1113 1639 πίῃ·
1141 1571 1234 1623 καὶ
1257 1571 1570 1643 Πνεῦματος
1599 1556 1758 1644 ἁγίου

167 1656 576 1728 πλησθήσεται,
611 1659 691 1714 ἔτι
712 1662 776 1714 ἐκ
810 1662 1022 1728 κοιλίας
1055 1667 1267 1739 μητρὸς
1296 1669 1484 1723 αὐτοῦ.
1522 1691 1540 1724 ι
1577 1673 1760 1728 Ἰωάν-

165 1765 271 1820 νης
287 1763 306 1781 ο
327 1767 348 1800 ‹
379 1750 488 1802 Καὶ
514 1750 734 1816 ἐγένετο
750 1756 818 1825 τῇ
842 1755 1004 1827 ὀγδόῃ
1025 1759 1230 1830 ἡμέρᾳ,
1251 1757 1413 1832 ἦλθον
1441 1769 1759 1838 περιτεμεῖν

166 1840 231 1893 τὺ
263 1841 508 1906 παιδίον,
561 1843 660 1896 καὶ
705 1845 938 1898 ἐκάλουν
970 1847 1104 1901 αὐτὸ
1146 1851 1240 1904 ἐπὶ
1283 1852 1362 1923 τῷ
1395 1856 1618 1926 ὀνόματι
1665 1859 1762 1913 τοῦ

168 1934 383 2004 πατρὸς
438 1934 632 2002 αὑτοῦ,
667 1939 975 2009 Ζαχαρίαν.
1030 1941 1144 1996 Kal
1196 1943 1472 2020 ἀπεκρίθη
1509 1951 1540 2020 ή
1583 1953 1768 2024 μήτηρ

168 2027 365 2091 αὐτοῦ,
396 2028 494 2082 καὶ
523 2024 699 2083 εἶπεν·
734 2030 870 2101 Οὐχί
891 2048 906 2064 ·
952 2032 1093 2087 άλλὰ
1118 2035 1453 2108 κληθήσεται
1487 2041 1766 2115 Ἰωάννης.

169 2120 284 2173 Καὶ
340 2119 623 2191 Ζαχαρίας
654 2122 683 2174 6
717 2123 906 2194 πατὴρ
946 2124 1113 2179 αὑτοῦ
1159 2128 1392 2198 αἰτήσας
1440 2133 1764 2188 πινακίδιον,

171 2205 441 2280 ἔγραψεν·
488 2213 743 2284 Ἰωάννης
772 2213 930 2268 ἐσται
958 2216 1018 2270 τὺ
1046 2216 1217 2289 ὄνομα
1245 2220 1432 2274 αὐτοῦ.
1467 2240 1486 2274 ι
1525 2223 1770 2294 Ἀνθρω-

174 2320 276 2368 πος
295 2319 310 2332 ο
335 2322 356 2355 ι
383 2305 634 2373 Ἐγένετο
659 2307 951 2380 ἄνθρωπος
982 2311 1402 2384 ἀπεσταλμένος
1429 2317 1581 2385 παρὰ
1606 2317 1766 2386 Θεοῦ,

175 2392 348 2462 ὄνομα
377 2395 529 2465 αὐτῷ
584 2396 860 2468 Ἰωάννης.
902 2417 921 2450 ι
972 2401 1288 2481 Προφήτης·
1351 2421 1370 2455 ι
1408 2404 1472 2456 Τί
1511 2404 1768 2477 ἐξήλθετε

181 2483 257 2544 είς
288 2484 391 2554 τὴν
438 2483 646 2557 ξρημον
691 2486 1026 2556 θεάσασθαι;
1078 2493 1398 2562 προφήτην;
1441 2495 1571 2561 Nal,
1624 2497 1769 2565 λέγω

187 2573 312 2643 ὑμῖν
359 2575 456 2629 καὶ
513 2579 900 2651 περισσότερον
955 2586 1262 2654 προφήτου.
1317 2584 1526 2650 Πάντες
1577 2587 1686 2658 γὰρ
1719 2591 1768 2641 οί

193 2667 464 2738 προφῆται
500 2671 594 2724 καὶ
623 2673 652 2724 6
673 2674 857 2744 νόμος,
886 2673 993 2738 ἓως
1009 2675 1256 2730 Ἰωάννου
1294 2681 1762 2750 προεφήτευσαν.»

210 2757 401 2820 Ἠλίας·
421 2761 621 2815 ιΚαὶεί
653 2762 837 2816 θέλετε
859 2765 1135 2844 δέξασθαι·
1173 2788 1192 2821 ι
1220 2770 1391 2834 Αὐτός
1421 2772 1568 2824 ἐστιν
1585 2772 1768 2836 Ἠλίας

207 2849 230 2901 6
251 2851 449 2918 μέλλων
483 2853 766 2925 ἔρχεσθαι.
811 2877 829 2910 ι
873 2889 942 2898 -
985 2878 1004 2911 ι
1037 2861 1145 2915 Kal
1176 2862 1338 2928 αὐτὸς
1377 2865 1767 2936 προελεύσεται

214 2939 417 2993 ἐνώπιον
446 2944 652 3012 Κυρίου
688 2947 745 2998 ἐν
787 2951 1061 3018 πνεύματι
1101 2953 1194 3005 καὶ
1229 2952 1453 3023 δυνάμει
1491 2955 1698 3012 Ἠλιοῦ.
1742 2976 1760 3009 ι

217 3029 538 3118 Διδάσκαλος·
579 3054 598 3087 ι
629 3030 836 3091 Ἦλθον
874 3039 932 3092 δέ
975 3041 1069 3094 καὶ
1113 3043 1344 3098 τελῶναι
1377 3045 1762 3118 βαπτισθῆναι,

218 3121 295 3173 καὶ
316 3117 458 3178 εἷπον
487 3126 624 3198 πρὸς
653 3129 818 3182 αὐτόν
836 3146 849 3161 ·

220 3211 295 3263 καὶ
339 3216 400 3268 τά
441 3218 519 3284 ἐξ.
561 3218 926 3293 Ἐτοιμαστής
961 3240 975 3254 ·
1014 3243 1033 3277 ι
1085 3217 1447 3298 Προπορεῦσῃ
1497 3231 1606 3301 γὰρ
1657 3232 1764 3303 πρὸ

222 3306 480 3374 προσώπου
509 3313 718 3383 Κυρίου
755 3316 1047 3386 ἑτοιμάσαι
1079 3319 1235 3382 ὁδοὺς
1263 3321 1453 3374 αὐτοῦ.
1493 3339 1512 3373 ι
1550 3322 1760 3393 Κῆρυξ·

222 3411 238 3445 ι
278 3397 511 3467 Ἐγένετο
558 3404 812 3477 Ἰωάννης
853 3407 1132 3478 βαπτίζων
1179 3414 1236 3464 ἐν
1281 3416 1348 3484 τῇ
1400 3415 1615 3486 ἐρήμῳ,
1671 3418 1766 3471 καὶ

213 3489 475 3559 κηρύσσων
493 3495 778 3569 βάπτισμα
806 3501 1100 3570 μετανοίας
1120 3505 1202 3565 είς
1231 3504 1426 3574 ἄφεσιν
1455 3507 1761 3580 ἁμαρτιῶν.

195 3581 310 3634 Kal
349 3586 611 3668 ἐκήρυξεν
649 3589 843 3659 λέγων·
886 3593 1148 3666 Ἔρχεται
1182 3596 1210 3648 6
1261 3598 1609 3669 ἰσχυρότερός
1662 3619 1764 3672 μου

194 3675 364 3730 ὀπίσω
395 3697 518 3750 μου,
551 3701 570 3734 ι
615 3685 712 3737 καὶ
755 3684 826 3738 τά
865 3686 944 3752 ἐξ.
976 3688 1133 3758 Φωνή
1161 3704 1174 3718 ·
1206 3708 1225 3740 ι
1271 3690 1366 3753 Τίς
1396 3686 1466 3756 εἴ,
1513 3693 1599 3746 ἵνα
1626 3694 1764 3748 ἀστός-

196 3784 371 3838 κρισιν
397 3772 579 3843 δῶμεν
621 3779 733 3840 τοῖς
781 3777 1064 3848 πέμψασιν
1091 3781 1268 3850 ήμᾶς;
1308 3781 1360 3835 τί
1410 3782 1590 3853 λέγεις
1635 3788 1765 3857 περὶ

195 3862 447 3927 assure-3;
481 3865 648 3937 Ἔφη·
692 3866 832 3935 Ἐγὼ
862 3870 1014 3942 φωνὴ
1049 3870 1280 3941 βοῶντος
1305 3874 1364 3929 ἐν
1408 3877 1472 3947 τῇ
1502 3878 1711 3948 ἐρήμῳ.
1738 3897 1758 3932 ι

195 3950 498 4026 Βαπτιστής
521 3973 536 3986 ·
574 3975 594 4009 ι
635 3961 1002 4029 Παραγίνεται
1038 3963 1066 4016 6
1102 3964 1310 4035 Ἰησοῦς
1332 3967 1439 4021 ἀπὸ
1477 3969 1575 4038 τῆς
1609 3969 1766 4023 Γαλι-

195 4042 350 4106 λαίας
383 4046 476 4100 ἐπὶ
503 4048 596 4102 τὸν
645 4050 942 4123 Ἰορδάνην,
981 4054 1077 4107 τοῦ
1131 4055 1635 4128 βαπτισθῆναιὺπ⁹
1668 4062 1766 4114 a6-

196 4130 315 4186 τοῦ.
350 4130 454 4190 Ἦν
499 4138 556 4192 δὲ
613 4141 866 4211 Ἰωάννης
899 4143 1202 4213 βαπτίζων,
1260 4148 1354 4201 καὶ
1396 4127 1764 4218 παρεγένοντο

195 4226 413 4296 πάντες,
459 4232 554 4285 καὶ
616 4232 999 4298 ἐϐαπτίζοντο.
1049 4256 1067 4288 ι
1135 4238 1529 4312 Ὀμολογητήςο
1597 4263 1616 4294 ι
1653 4243 1763 4297 Καὶ

197 4316 559 4393 ὡμολόγησεν,
594 4326 687 4379 καὶ
713 4327 812 4381 οὐκ
831 4330 1132 4400 ἠρνήσατο,
1160 4331 1255 4384 καὶ
1279 4331 1647 4405 ὡμολόγησεν,
1678 4336 1763 4388 ὃτι

198 4406 311 4496 οὐκ
339 4414 447 4482 είμὶ
479 4415 591 4482 ἐγὼ
627 4416 880 4486 Χριστός.
919 4437 938 4470 ι
972 4420 1232 4486 Μάρτυς·
1267 4439 1288 4474 ι
1320 4423 1434 4476 Οὐκ
1459 4418 1528 4496 ἦν
1555 4425 1762 4489 ἐκεῖνος

1862 562 2021 617 bunt.
2061 582 2079 615 ι
2115 594 2187 604 —
2213 585 2232 616 ι
2260 567 2539 622 Elisabeth
2577 562 2761 623 autem
2801 569 3085 638 impletum
3115 579 3203 626 est
3224 579 3442 642 tempus

1862 654 2135 724 pariendi,
2175 665 2229 711 et
2265 660 2478 728 peperit
2513 659 2681 714 tilium
2716 662 2761 714 ³.
2785 679 2803 713 ι
2835 661 3056 716 lnl’ans:
3096 680 3115 714 ι
3148 663 3212 716 Et
3236 663 3438 718 factum

1859 755 1965 810 est,
2003 757 2295 818 postquam
2347 748 2553 803 audivit
2600 749 2985 806 salutationem
3026 751 3210 808 Mariae
3263 755 3440 809 Elisa-

1861 841 2013 906 beth,
2042 843 2346 897 exsultavit
2388 841 2585 898 infans.
2627 844 2681 896 in
2714 852 2870 899 utero
2910 844 3031 914 ejus
3077 864 3088 898 :
3136 852 3190 899 et
3233 847 3441 915 repleta

1860 939 1947 988 est
1981 931 2194 1002 Spiritu
2219 939 2413 989 sancto
2446 932 2729 987 Elisabeth
2767 932 2815 989 ιι.
2857 951 2875 984 ι
2903 963 2972 975 -
3005 952 3022 986 ι
3051 933 3192 992 Ecce
3214 937 3357 990 enim
3385 946 3444 990 ut

1861 1021 2008 1077 facta
2034 1031 2119 1078 est
2150 1040 2252 1080 vox
2297 1023 2646 1079 salutationis
2681 1031 2786 1077 tua:
2811 1024 2865 1078 in
2910 1025 3145 1080 auribus
3173 1026 3333 1090 meis,
3361 1027 3444 1080 in-

1860 1114 2000 1182 quit,
2032 1113 2333 1169 exsultavit
2357 1115 2410 1167 in
2451 1112 2653 1183 gaudio
2691 1113 2875 1167 infans
2905 1113 2959 1166 in
2993 1120 3147 1170 utero
3175 1130 3296 1170 meo
3333 1118 3376 1167 ι.
3420 1135 3438 1166 ι

1861 1204 2003 1259 Puer
2034 1223 2049 1260 :
2105 1203 2228 1271 «Et
2259 1212 2318 1258 tu
2354 1220 2491 1275 puer
2533 1203 2806 1273 Propheta
2837 1203 3105 1258 Altissimi
3137 1204 3442 1258 vocaberis.

1860 1293 2004 1350 Puer
2035 1302 2215 1351 autem
2247 1297 2550 1361 crescebat,
2589 1305 2644 1352 et
2693 1295 3111 1350 confortabatur
3145 1296 3364 1366 spiritu,
3390 1303 3446 1350 et

1859 1395 1979 1440 erat
2015 1387 2071 1441 in
2114 1388 2350 1444 desertis
2387 1386 2434 1452 ἱ,
2478 1407 2497 1440 ι
2535 1395 2644 1443 etc.
2679 1388 2908 1459 Magnus
2938 1404 2951 1440 :
2987 1407 3005 1439 ‹
3036 1389 3138 1443 Hic
3171 1388 3274 1442 erit
3327 1402 3446 1464 mas

1861 1494 2002 1547 gnus
2026 1493 2211 1534 coram
2263 1478 2494 1533 Domino
2525 1494 2539 1530 :
2585 1485 2642 1532 et
2672 1477 2860 1530 vinum
2890 1485 2943 1530 et
2967 1477 3200 1531 siceram
3233 1489 3340 1529 non
3367 1473 3447 1527 bi-

1861 1570 1973 1637 bet,
2014 1581 2068 1626 et
2104 1572 2311 1642 Spiritu
2364 1579 2562 1626 sancto
2613 1570 2935 1640 replebitur,
2967 1569 3148 1624 adimo
3179 1583 3242 1622 ex
3293 1575 3447 1620 utero

1862 1663 2056 1718 matris
2099 1680 2215 1718 suae
2250 1663 2298 1716 Ιί.
2351 1685 2371 1716 ι
2407 1661 2649 1718 Joannes
2687 1681 2700 1716 :
2739 1682 2756 1714 ι
2791 1662 2860 1715 Ει
2898 1662 3103 1716 factum
3158 1667 3244 1715 est
3273 1661 3326 1713 in
3360 1660 3448 1712 die

1867 1764 2088 1821 octavo,
2124 1763 2393 1812 venerunt
2431 1756 2834 1812 circumcidere
2884 1768 3136 1824 puerum,
3186 1761 3237 1805 et
3283 1765 3449 1807 voca-

1871 1849 2005 1905 bant
2062 1865 2187 1905 eum
2241 1850 2466 1906 nomine
2517 1849 2686 1918 patris
2733 1847 2841 1913 sui,
2892 1843 3330 1900 Zachariam.Et
3363 1859 3448 1898 re-

1873 1941 2155 2012 spondens
2209 1952 2384 1997 mater
2439 1942 2582 2012 ejus,
2639 1940 2780 1994 dixit
2830 1957 2842 1992 :
2903 1938 3260 2007 Nequaquam
3295 1952 3307 1987 :
3349 1935 3446 1990 sed

1872 2033 2164 2089 vocabitur
2185 2033 2449 2090 Joannes.
2479 2031 2542 2087 Et
2575 2030 2874 2086 Zacharias
2898 2038 3053 2099 pater
3081 2027 3226 2098 ejus,
3257 2034 3446 2096 postu-

1872 2125 1993 2179 lans
2055 2123 2664 2198 pugillarem,scripsit
2721 2141 2733 2177 :
2796 2120 3039 2176 Joannes
3107 2126 3191 2174 est
3245 2131 3445 2172 nomen

1871 2215 1994 2284 ejus
2029 2214 2071 2268 ι.
2105 2235 2123 2267 ι
2168 2217 2346 2271 Homo
2380 2231 2393 2268 :
2456 2233 2474 2266 ι
2511 2213 2638 2267 Fuit
2690 2214 2856 2269 homo
2902 2211 3106 2267 missus
3134 2225 3164 2264 a
3195 2209 3328 2272 Deo,
3354 2208 3445 2262 cui

1871 2321 2068 2361 nomen
2096 2313 2216 2361 erat
2246 2303 2489 2362 Joannes
2512 2317 2573 2362 ιιι.
2612 2325 2630 2358 ι
2670 2303 2944 2376 Propheta
2971 2323 2982 2359 :
3027 2322 3046 2354 ‹
3076 2300 3215 2368 Quid
3250 2301 3445 2357 existis

1872 2399 1928 2452 in
1961 2399 2240 2454 desertum
2274 2399 2495 2453 videre?
2519 2397 2896 2468 Prophetam?
2919 2395 3095 2451 Etiam
3121 2394 3247 2450 dico
3263 2393 3442 2460 vobis,

1871 2497 1924 2543 et
1948 2490 2072 2558 plus
2103 2504 2266 2556 quam
2302 2490 2648 2560 prephetam.
2671 2488 2874 2544 Omnes
2900 2489 3047 2543 enim
3087 2488 3365 2558 prophetae
3391 2493 3446 2540 et

1873 2582 1982 2645 lex,
2015 2596 2192 2651 usque
2218 2581 2282 2636 ad
2312 2581 2580 2636 Joannem
2608 2581 3079 2651 prophetaverunt
3111 2586 3162 2634 ³.
3198 2598 3215 2631 ι
3253 2578 3440 2633 Elias:

1877 2692 1893 2723 (
1935 2672 2001 2725 Et
2032 2675 2078 2728 si
2138 2674 2307 2729 vultis
2346 2675 2511 2738 scire,
2541 2675 2655 2744 ipse
2697 2680 2781 2728 est
2835 2657 2984 2729 Eli‘as
3030 2673 3126 2740 qui
3178 2681 3444 2726 venturus

1875 2774 1957 2820 est
1987 2775 2034 2822 ο.
2063 2786 2082 2818 ι
2112 2795 2174 2806 η
2234 2787 2252 2818 ι
2290 2766 2351 2820 Et
2394 2767 2510 2838 ipse
2558 2767 2827 2836 prtecedet
2869 2774 2998 2821 ante
3045 2764 3335 2821 Dominum
3388 2764 3443 2817 in

1871 2861 2071 2930 spiritu
2091 2869 2145 2918 et
2175 2863 2377 2918 virtute
2436 2861 2565 2916 Elia:
2590 2872 2638 2916 ιι.
2673 2880 2691 2913 ι
2730 2860 2994 2932 Magister
3029 2877 3043 2913 :
3102 2878 3120 2911 ι
3161 2857 3445 2913 Venerunt

1869 2962 2048 3009 autem
2086 2963 2140 3010 et
2166 2953 2453 3010 Puhlicani
2507 2963 2567 3010 ut
2607 2954 3052 3025 bapt‘izarentur,
3088 2960 3144 3006 et
3185 2950 3445 3005 dixerunt

1869 3045 1936 3099 ad
1969 3044 2122 3099 illum
2155 3061 2172 3100 :
2211 3044 2489 3116 Magister,
2510 3045 2654 3116 .quid
2709 3044 2975 3099 faciemus
3009 3053 3057 3111 ιι,
3092 3061 3111 3094 ι
3159 3050 3266 3097 etc.
3299 3040 3446 3094 Pw:-

941 3133 1264 3201 Διδάσκαλε,
1283 3137 1335 3189 τί
1365 3139 1678 3210 ποιήσωμεν
1699 3158 1714 3206 ;
1737 3159 1755 3188 ι

1873 3147 2102 3208 parator
2130 3181 2142 3191 .
2174 3157 2191 3188 ι
2226 3138 2454 3194 Prteibis
2488 3139 2632 3194 enim
2665 3147 2793 3192 ante
2839 3137 3035 3192 faciem
3096 3133 3311 3189 Domini
3347 3148 3446 3203 pa-

2358 3241 2405 3284 ι’.
2447 3249 2467 3282 ›
2519 3229 2854 3284 Praedicator
2908 3246 2923 3282 :
2971 3246 2990 3279 ι
3033 3224 3158 3280 Fuit
3203 3225 3444 3279 Joannes

1866 3245 1992 3286 rare
2018 3230 2139 3286 vias
2185 3230 2306 3299 ejus

1867 3323 2154 3392 baptizans
2185 3323 2240 3375 in
2277 3323 2516 3388 deserto,
2545 3329 2600 3374 et
2631 3322 2938 3391 praedicans
2962 3319 3298 3390 baptismum
3331 3331 3444 3386 pm.

1866 3412 2113 3466 nitentiae
2162 3412 2218 3466 in
2260 3410 2641 3467 remissionem
2677 3413 3051 3479 pe‘ccatorum.
3085 3409 3148 3461 Et
3175 3407 3444 3477 praedicau

1868 3505 1943 3559 vit
1967 3505 2196 3560 dicens:
2224 3503 2384 3558 Venit
2415 3502 2612 3558 fortior
2639 3517 2725 3556 me
2746 3510 2869 3572 post
2890 3515 2979 3555 me
3010 3502 3058 3566 ',
3092 3518 3111 3551 ι
3146 3507 3254 3554 etc.
3283 3497 3398 3552 Vox
3425 3512 3438 3548 :
3483 3519 3494 3529 -

1873 3619 1890 3654 ι
1929 3600 2065 3668 Quis
2104 3615 2187 3665 es,
2219 3605 2279 3653 ut
2302 3611 2631 3668 responsum
2663 3596 2854 3651 demus
2914 3594 3004 3660 iis,
3035 3592 3129 3663 qui
3171 3592 3446 3646 miserunt

1868 3692 1998 3746 nos?
2026 3691 2155 3744 Ait:
2184 3690 2297 3760 Ego
2351 3703 2457 3743 vox
2498 3685 2791 3741 clamantis
2834 3684 2890 3738 in
2923 3683 3148 3738 deserto
3181 3680 3227 3733 ⁸.
3267 3698 3286 3732 ι
3336 3679 3443 3733 Ba-

1866 3784 2036 3854 ptista
2071 3799 2084 3837 :
2127 3800 2146 3834 ι
2195 3780 2361 3837 Venit
2384 3777 2545 3835 Jesus
2588 3793 2620 3832 a
2650 3776 2876 3832 Galilaea
2914 3775 2970 3829 in
3010 3771 3332 3836 Jordanem,
3385 3780 3445 3826 ut

1865 3870 2240 3941 baptizaretur
2265 3869 2334 3923 ab
2352 3883 2418 3923 eo
2457 3869 2507 3920 “.
2556 3885 2576 3919 ι
2613 3896 2684 3908 -
2737 3885 2756 3919 ι
2794 3864 2926 3920 Erat
2965 3873 3146 3920 autem
3202 3861 3443 3917 Joannes

1867 3961 2177 4032 baptizans,
2213 3970 2268 4016 et
2299 3960 2594 4015 veniebant
2622 3966 2912 4024 omnes,et
2945 3957 3392 4027 baptizabantur.
3417 3974 3439 4007 ι
3515 3967 3519 3972 '

1866 4054 2170 4110 Confessor
2203 4073 2216 4108 :
2248 4073 2266 4106 ι
2313 4051 2380 4106 Ει
2423 4051 2714 4108 confessus
2741 4059 2849 4119 est,
2881 4061 2936 4108 et
2963 4065 3075 4107 non
3101 4053 3322 4121 negavit
3348 4067 3362 4103 :
3388 4057 3446 4104 et

1865 4145 2154 4202 confessus
2183 4155 2285 4209 est,
2316 4147 2442 4215 quia
2472 4159 2581 4200 non
2611 4160 2734 4200 sum
2766 4160 2866 4217 ego
2893 4143 3152 4200 Christus
3167 4151 3215 4197 ν.
3261 4161 3281 4195 ι
3307 4140 3446 4196 Mar-

1866 4247 1952 4310 tyr
1984 4254 2049 4294 ac
2074 4239 2232 4294 testis
2269 4257 2282 4293 :
2331 4255 2350 4290 ι
2396 4235 2516 4291 Non
2542 4244 2660 4292 erat
2689 4238 2780 4292 ille
2831 4239 2953 4303 lux;
2983 4236 3077 4292 sed
3114 4244 3174 4290 ut
3203 4236 3447 4291 testimo-

1865 4332 2014 4385 nium
2043 4330 2357 4400 perhiberet
2387 4329 2453 4384 de
2483 4329 2689 4384 lumine
2711 4336 2761 4395 ι,
2794 4348 2812 4380 ι
2852 4338 2962 4384 etc.
2989 4327 3274 4382 Trinitatis
3311 4327 3446 4381 sub-

1865 4421 2103 4491 scriptor
2135 4433 2150 4474 :
2179 4438 2199 4471 ι
2231 4418 2340 4474 Sed
2363 4419 2457 4489 qui
2504 4419 2656 4474 misit
2689 4434 2798 4482 me,
2829 4418 3030 4488 inquit,
3063 4417 3346 4486 baptizare
3389 4414 3445 4468 in

195 4495 265 4549 τὸ
287 4501 410 4566 φῶς·
441 4505 557 4557 ἀλλ’
593 4505 680 4560 ἴνα
713 4509 1039 4582 μαρτυρήσῃ
1069 4512 1198 4581 περὶ
1226 4512 1322 4564 τοῦ
1361 4515 1538 4583 φωτός
1564 4532 1579 4547 ·
1610 4533 1629 4568 ι
1665 4516 1759 4570 καὶ

1872 4528 2026 4584 aqua,
2051 4513 2144 4567 ille
2163 4511 2295 4565 mihi
2322 4511 2460 4567 dixit
2491 4529 2505 4566 :
2540 4510 2718 4580 Super
2745 4526 2908 4581 quem
2933 4510 3141 4564 videris
3176 4507 3444 4578 Spiritum

195 4586 271 4640 τὰ
294 4590 365 4655 ἐξ.
397 4594 625 4665 Τριάδος
673 4597 1026 4668 ὑπογραφεύς
1051 4619 1064 4632 ·
1102 4620 1121 4653 ι
1168 4601 1307 4656 Ἀλλ’
1339 4607 1366 4657 6
1410 4605 1632 4676 πέμψας
1665 4625 1755 4678 με,

197 4682 377 4769 φησὶν,
407 4685 693 4755 βαπτίζειν
741 4691 800 4742 ἐν
843 4689 1016 4755 ὕδατι,
1053 4694 1261 4758 ἐκεῖνός
1303 4713 1393 4766 μοι
1429 4693 1599 4751 εἶπεν·
1643 4700 1759 4769 Ἐφ’

192 4767 261 4820 ὃν
283 4771 345 4826 ἂν
370 4776 482 4848 ίδης
508 4779 571 4830 τὸ
601 4779 827 4849 Πνεῦμα
866 4783 1211 4847 καταϐαῖνον,
1243 4785 1336 4838 καὶ
1367 4789 1531 4856 μένον
1557 4791 1643 4844 ἐπ’
1672 4767 1763 4843 αῦ-

186 4860 304 4929 τὸν,
345 4861 493 4930 οὗτός
532 4870 682 4923 ἐστιν
737 4873 766 4925 6
814 4871 1096 4942 βαπτίζων
1146 4878 1205 4928 ἐν
1270 4877 1549 4948 Πνεύματι
1598 4882 1758 4953 ἁγίῳ.

187 4955 360 5025 Κάγὼ
383 4959 628 5032 ἑώρακα,
675 4965 768 5016 καὶ
817 4967 1240 5039 μεμαρτύρηκα,
1267 4970 1350 5023 ὅτι
1371 4963 1525 5036 οὗτός
1563 4975 1712 5027 ἐστιν
1737 4978 1764 5029 6

186 5044 317 5112 Ὺίδς
343 5051 438 5104 τοῦ
466 5052 625 5107 Θεοῦ.
655 5072 675 5106 ι
707 5054 924 5120 Δίκαιος
963 5059 1056 5111 καὶ
1087 5059 1242 5128 ἅγιος
1269 5077 1283 5091 ·
1325 5079 1343 5113 t
1387 5063 1446 5116 Ὀ
1479 5063 1538 5116 δὲ
1582 5065 1762 5137 Ἠρώο

169 5137 284 5211 aq;
306 5144 553 5212 ἐφοϐεῖτο
568 5146 659 5200 τὸν
673 5147 948 5220 Ἰωάννην,
977 5150 1133 5215 εἰδὼς
1162 5153 1327 5207 αὐτὸν
1355 5155 1524 5226 ἄνδρα
1551 5157 1762 5213 δίκαιον

153 5235 281 5321 ἶξαῖ
304 5236 476 5304 ἅγιον.
513 5257 532 5291 ι
581 5240 903 5303 Ἀπόστολος
923 5256 936 5272 ο
969 5260 988 5294 ι
1017 5242 1182 5297 Αὐτοὶ
1208 5245 1363 5314 ὑμεῖς
1408 5254 1759 5321 μαρτυρεῖτε,

159 5319 279 5375 ὅτι
298 5322 464 5381 εἷπον·
492 5330 610 5382 Οὐκ
628 5330 746 5400 είμὶ
763 5330 875 5399 ἐγὼ
893 5333 922 5384 6
937 5333 1194 5403 Χριστός·
1221 5334 1336 5388 ἀλλ’
1357 5337 1438 5390 ὅτι
1463 5319 1761 5394 Ἀπεσταλ-

182 5412 350 5484 μένος
363 5422 481 5492 εἰμὶ
496 5419 810 5494 ἔμπροσθεν
831 5425 1062 5478 ἐκείνου.
1077 5444 1096 5477 ι
1125 5425 1550 5501 Εὐαγγελιστής·
1582 5449 1602 5484 ι
1624 5433 1760 5488 Πολ-

275 5541 452 5614 flare.
483 5561 523 5608 I,
555 5546 645 5614 15,
684 5547 772 5614 14,
805 5540 925 5604 57.’
967 5552 994 5592 δ
1028 5551 1162 5609 ibid.
1195 5554 1285 5610 41.

1859 4604 2308 4668 descendentem,
2356 4614 2409 4659 et
2442 4611 2762 4657 manentem
2808 4615 2974 4670 super
3014 4615 3166 4664 eum,
3214 4600 3329 4668 ipse
3361 4608 3446 4652 est

1861 4695 1952 4766 qui
2006 4695 2251 4764 baptizat
2307 4695 2365 4748 in
2410 4693 2621 4763 Spiritu
2682 4704 2874 4747 sancto
2915 4710 2928 4746 :
2965 4690 3032 4744 Et
3087 4706 3186 4762 ego
3223 4689 3360 4753 vidi,
3392 4698 3447 4743 et

1862 4787 2241 4843 testimonium
2294 4787 2572 4856 perhibui,
2605 4787 2738 4857 quia
2768 4785 2862 4840 hic
2893 4791 2977 4840 est
3011 4783 3188 4839 Filius
3215 4783 3309 4837 Dei
3334 4790 3382 4836 γ.
3419 4803 3438 4834 ι

1861 4879 2052 4936 Justus
2091 4889 2147 4936 et
2195 4887 2424 4935 sanctus
2487 4897 2502 4932 :
2566 4899 2586 4932 ι
2642 4878 2885 4934 Herodes
2936 4886 3119 4933 autem
3166 4875 3446 4932 metuebat

1861 4971 2151 5039 Joannem,
2179 4973 2361 5029 sciens
2393 4988 2518 5029 eum
2555 4974 2734 5030 virum
2761 4973 2970 5043 justum
2995 4980 3051 5029 et
3079 4979 3331 5028 sanctum
3361 4980 3439 5024 ι.»

1862 5065 2187 5132 Apostolus,
2215 5066 2268 5120 id
2299 5074 2405 5132 est,
2437 5066 2660 5122 missus.
2700 5084 2718 5117 ι
2758 5066 2867 5136 Ipsi
2902 5082 3001 5122 vos
3028 5067 3162 5120 mihi
3194 5065 3444 5120 testimo-

1868 5161 2019 5214 nium
2078 5156 2402 5227 perhibetis,
2459 5159 2605 5228 quod
2651 5157 2883 5213 dixerim
2935 5199 2947 5212 .
3000 5157 3117 5212 Non
3166 5171 3286 5210 sum
3341 5171 3443 5225 ego

1868 5248 2159 5314 Christus;
2221 5249 2318 5304 sed
2365 5249 2494 5318 quia
2550 5250 2753 5306 missus
2806 5264 2928 5304 sum
2983 5255 3111 5302 ante
3165 5246 3318 5300 illum
3362 5256 3438 5298 ο.»

1868 5340 2216 5412 Evangelista
2263 5361 2276 5396 :
2320 5359 2338 5392 ι
2385 5341 2556 5396 Multa
2588 5342 2810 5412 quidem
2856 5348 2910 5396 et
2963 5341 3070 5394 alia
3114 5339 3438 5406 exhortans,

1866 5432 2284 5503 evangelizahat
2337 5434 2540 5502 populo
2571 5435 2623 5486 ι».
2661 5453 2680 5486 ›
2712 5432 2998 5487 Pronubus
3038 5451 3051 5486 :
3083 5450 3102 5482 ι
3132 5431 3233 5498 Qui
3278 5432 3442 5487 habet

1369 5559 1382 5598 ί
1418 5557 1554 5617 ibid.
1585 5561 1695 5618 44..
1754 5561 1762 5611 1

1872 5561 1943 5617 id.
1971 5564 2062 5620 76.
2141 5564 2165 5601 ι
2199 5564 2333 5619 ibid.
2391 5564 2478 5619 15.
2566 5565 2582 5602 ι
2613 5563 2747 5618 ibid.
2780 5561 2968 5616 59-63.
3057 5569 3093 5591 "
3125 5560 3283 5615 Joan.
3316 5573 3354 5622 l,
3383 5558 3438 5612 6.

185 5614 229 5642 ’³
263 5605 436 5667 Matth.
469 5605 546 5674 xi.
581 5605 771 5678 7,’15.’
833 5605 1329 5688 οΜθιιΙιί-έιξῖί.
1409 5605 1697 5688 Fille:

195 5674 221 5708 ‘
257 5675 403 5739 Juan.
439 5701 478 5740 t.
505 5685 598 5738 22.
669 5695 698 5723 υ
727 5687 914 5740 Matth.
952 5707 1032 5740 Ill.
1066 5693 1132 5740 13
1159 5713 1172 5740 τ
1208 5694 1373 5740 Mam-
1419 5715 1431 5740 ι
1485 5700 1536 5740 Α,
1613 5711 1638 5738 γ
1666 5702 1756 5740 1M

1902 5643 1928 5684 τι
1970 5605 2104 5690 Luc.
2160 5605 2490 5696 ιιῖῗωίῖίνῖ·
2881 5605 2968 5667 υἷ’
2989 5605 3355 5694 λιστα-δῖ,Πῇ

1925 5703 1996 5740 on
2094 5705 2258 5740 xihm
2325 5705 2355 5740 ρ
2455 5713 2481 5740 ν
2522 5703 2631 5740 ιιιῖά
2685 5704 2754 5740 xx
2807 5703 2874 5740 tu
2980 5700 3171 5740 zMnrn
3241 5716 3312 5740 In,
3351 5699 3440 5740 φηΔ

391 5727 403 5739 .
439 5691 610 5770 ηεξ.
669 5691 914 5770 “‘blattlt.
952 5693 1172 5770 tudﬁ;
1208 5694 1375 5754 Marc.
1419 5715 1456 5768 ι,
1485 5700 1539 5756 4.
1613 5711 1638 5738 ν
1663 5702 1758 5760 Jna

1882 5703 2020 5769 .20.
2094 5691 2285 5760 xibid.
2324 5705 2377 5759 8.
2454 5713 2481 5753 γ
2522 5703 2655 5761 ibid.
2685 5704 2776 5770 ss,
2807 5703 2896 5758 δι.
2980 5700 3190 5757 tum.
3234 5691 3443 5765 meo.

181 5753 221 5782 ⁸
251 5744 394 5806 Joan.
429 5744 513 5817 m,
539 5755 628 5810 28.
699 5757 727 5798 ι)
755 5757 888 5815 Luc.
911 5744 1108 5818 uill8.
