3790 6202
421 323 560 389 1139

1610 327 1668 386 S.
1710 324 2038 387 ANDREEE
2074 323 2496 384 CRETENSIS

3451 326 3552 394 Ῑίίθ

418 450 701 509 sponsam,
726 448 966 506 sponsus
992 443 1078 491 est
1110 453 1125 491 :
1161 434 1374 491 amicus
1409 444 1593 493 autem
1641 439 1852 508 sponsi,
1905 438 1987 507 qui

2104 435 2168 487 λὰ
2194 435 2295 505 μὲν
2325 430 2420 488 οὖν
2462 433 2553 487 καὶ
2581 433 2738 503 ἕτερα
2761 430 3102 506 παρακαλῶν,
3148 435 3468 507 εὐηγγελίζετο
3495 444 3559 498 τιν

419 542 550 598 stat,
582 542 637 587 et
665 531 822 586 audit
857 545 1009 597 eum,
1045 529 1249 600 gaudio
1288 531 1491 601 gaudet
1531 541 1759 602 propter
1809 546 2001 587 vocem

421 626 633 696 sponsi.
661 624 774 680 Hoc
789 640 921 694 ergo
947 625 1210 694 gaudium
1237 640 1418 680 meum
1447 626 1736 695 impletum
1766 632 1851 681 est
1891 634 1937 679 ο.
1978 643 1996 677 ι

421 715 710 773 Lucerna:
751 735 770 768 ι
816 717 913 771 Ille
964 727 1086 772 erat
1135 718 1365 773 lucerna
1407 719 1634 783 ardens,
1673 726 1731 772 et
1768 717 1998 780 lucens:

420 805 533 861 Vos
577 817 759 862 autem
796 807 1056 863 voluistis
1112 808 1179 862 ad
1222 808 1414 862 horam
1460 809 1741 864 exsultare
1789 808 1844 862 in
1881 809 2004 862 luce

420 897 544 968 ejus
572 897 623 951 τι.
662 916 683 950 ι
722 897 1110 969 chrehensio
1149 901 1423 956 Herodis:
1464 920 1484 952 ι
1523 900 1755 956 Dicebat
1774 901 1920 955 enim
1951 900 2001 955 ei

420 986 664 1043 Joannes
699 1004 714 1040 :
746 987 866 1043 Non
920 989 1048 1044 licet
1098 989 1197 1043 libi
1230 989 1433 1045 habere
1478 1005 1709 1046 uxorem
1762 990 2003 1060 Philippi

422 1077 614 1134 (ratris
639 1077 718 1132 tui
739 1088 785 1131 θ.
835 1097 856 1131 ι
895 1077 1140 1136 Herodes
1169 1089 1377 1146 autem,
1425 1095 1549 1135 cum
1584 1081 1632 1136 is
1666 1096 1788 1136 eum
1816 1096 2004 1151 repre-

425 1170 688 1225 henderet
719 1179 949 1242 propter
998 1170 1383 1239 Herodiadem,
1437 1173 1668 1231 inclusit
1718 1174 1896 1244 ipsum
1944 1175 2001 1231 in

420 1276 662 1318 carcere.

495 1524 595 1580 llis
620 1523 864 1581 Joannes
892 1538 1122 1584 vocatus
1148 1538 1235 1586 est
1262 1531 1582 1589 nominibus
1620 1550 1633 1587 :
1678 1532 1834 1590 hisce
1869 1533 2005 1588 titu-

425 1615 495 1671 lis
520 1614 626 1670 fuit
656 1616 996 1685 honoratus;
1028 1620 1336 1693 habuitque
1357 1623 1609 1682 actiones
1628 1626 1701 1682 iis
1727 1641 2002 1698 congruas

424 1709 913 1779 appellationibus.
947 1714 1065 1781 llle,
1103 1715 1352 1785 inquam,
1377 1716 1639 1781 Joannes,
1667 1702 1779 1790 quo
1822 1740 1842 1773 ι
1889 1737 1999 1776 non

424 1802 671 1856 surrexit
701 1804 880 1873 major
919 1809 1063 1860 inter
1086 1818 1246 1864 natos
1280 1809 1577 1866 mulierum
1612 1810 1655 1864 ί.
1689 1830 1708 1864 ι
1746 1813 1851 1867 Hic
1874 1828 2004 1870 vere

422 1902 533 1956 est,
586 1893 656 1949 de
702 1911 815 1965 quo
869 1893 1042 1953 David
1092 1906 1353 1970 tanquam
1389 1917 1454 1958 ex
1506 1890 1741 1972 persona
1780 1902 1901 1969 Dei,
1946 1913 2004 1961 et

423 1982 604 2039 Patris
637 1987 1100 2053 pullittharavi
1136 1991 1421 2048 lucernam
1468 1992 1695 2050 Christo
1724 2010 1882 2051 meo:
1911 2011 2006 2051 su-

420 2092 523 2147 per
558 2079 740 2148 ipsum
775 2090 960 2137 autem
1004 2082 1278 2140 etllorebit
1331 2085 1702 2141 sanctiﬁcatio
1743 2102 1862 2142 mea
1892 2089 1935 2142 ε.
1977 2106 1996 2140 ι

423 2166 525 2223 Hic
552 2176 638 2226 est
673 2182 912 2240 magnus
950 2170 1118 2238 Elias,
1156 2188 1264 2228 non
1303 2174 1635 2242 Thesbites;
1664 2177 1757 2231 sed
1793 2177 1887 2246 qui
1923 2176 2003 2232 le-

422 2274 544 2330 gem
599 2261 749 2315 inter
794 2263 1171 2333 gratiamque,
1207 2263 1424 2320 medius
1456 2256 1819 2333 intercessit;
1874 2266 2004 2320 iuit-

423 2366 531 2431 que
579 2352 807 2423 prioris,
858 2369 1177 2429 quanquam
1230 2355 1351 2424 ipse
1408 2358 1685 2427 posterior
1735 2367 2002 2428 tempore,

423 2446 697 2501 adventus
739 2446 1008 2501 Dominici
1045 2463 1394 2517 prmeursor;
1440 2465 1566 2504 cum
1606 2449 1799 2505 eodem
1839 2458 2003 2520 atque

427 2539 516 2593 ille
550 2539 775 2609 spiritu,
808 2555 873 2593 ac
903 2540 1111 2596 virtute
1144 2542 1482 2610 pra-cedens,
1515 2544 1591 2596 uti
1621 2543 2002 2614 Arehangelus

426 2631 681 2699 praedixit
716 2631 999 2688 Zachariae
1036 2631 1086 2688 ιι.
1116 2632 1217 2688 Cui
1252 2633 1573 2690 Zachariae?
1606 2635 1691 2690 llli
1738 2636 2000 2691 nimirum

423 2724 585 2793 cujus
612 2724 843 2795 sanguis
872 2725 1078 2779 clamat
1115 2724 1227 2795 (28)
1259 2726 1547 2796 plusquam
1597 2728 1786 2783 Abelis
1826 2730 1868 2781 ί.
1903 2727 2002 2783 llic

423 2824 508 2871 est
544 2818 641 2886 qui
671 2817 832 2885 prius
881 2817 1216 2882 exsultavit,
1254 2827 1310 2874 et
1353 2826 1649 2889 antequam
1701 2820 1756 2874 in
1814 2821 1999 2877 lucem

424 2908 690 2977 prodiret,
720 2907 1017 2963 Dominum
1054 2924 1217 2964 suum
1262 2910 1484 2980 agnovit
1535 2910 1593 2966 in
1650 2920 1866 2968 ventre.
1900 2911 2002 2968 Hic

425 3005 673 3053 materna
707 2998 895 3069 lingua
943 2999 1322 3055 instrumento
1381 3008 1582 3068 utens,
1617 3002 1830 3071 prolem
1882 2990 2002 3059 sine

332 3160 341 3165 _
424 3096 579 3154 patre
605 3087 882 3141 allocutus
919 3095 1026 3150 est,
1057 3101 1185 3141 cum
1223 3087 1316 3143 illa
1345 3088 1527 3146 adhuc
1552 3097 1716 3148 utero
1744 3100 1997 3163 gestare-
2025 3126 2069 3184 ο

328 3188 335 3195 ·
424 3191 513 3233 tur
548 3197 562 3233 :
617 3197 636 3230 c
668 3178 825 3235 Unde
862 3179 968 3235 hoc
1002 3180 1160 3248 mihi,
1213 3181 1443 3251 dicens,
1480 3192 1540 3240 ut
1586 3187 1775 3243 veniat
1826 3187 1999 3245 Mater

424 3270 637 3325 Domini
669 3272 803 3327 mihi
833 3272 901 3326 ad
937 3286 1023 3326 me
1058 3271 1109 3325 i?
1144 3292 1162 3324 ι
1195 3303 1264 3314 —
1299 3293 1318 3326 ι
1358 3274 1458 3331 Hic
1487 3291 1614 3333 cum
1638 3281 2000 3337 convertisset

424 3360 596 3415 corda
637 3363 859 3430 patrum
892 3361 948 3415 in
990 3360 1157 3427 ﬁlios,
1186 3373 1242 3418 et
1276 3365 1599 3422 incredulos
1641 3366 1710 3421 ad
1757 3370 2001 3438 pruden-

422 3450 553 3506 tiam
598 3450 922 3523 iustorum,
973 3457 1189 3524 paravit
1244 3454 1479 3512 Domino
1546 3458 1758 3528 plebem
1823 3461 2001 3529 perfe-

423 3554 569 3598 ctam
603 3545 667 3598 lt:
700 3564 721 3598 ι
780 3545 1173 3616 promissionis
1232 3548 1470 3617 fructus,
1505 3550 1682 3608 fausta
1725 3552 2001 3609 Gabrielis

424 3638 799 3704 annuntiatio,
834 3654 1063 3709 germen
1095 3639 1310 3699 defecta
1360 3652 1544 3711 aetate,
1593 3646 1853 3713 genitalis
1900 3644 2001 3703 llos

424 3729 668 3793 sterilis,
701 3732 971 3800 propheta
1021 3740 1185 3788 ortus
1225 3734 1525 3803 prepheta,
1570 3734 1778 3791 deserti
1822 3736 1999 3803 civis,

423 3820 622 3890 aliptes
648 3818 804 3876 orbis
845 3828 1146 3888 terrarum,
1176 3824 1318 3879 solis
1357 3825 1539 3892 stella,
1572 3826 1796 3883 lucerna
1839 3828 2000 3896 lucis,

422 3912 568 3982 regis
599 3911 781 3975 miles,
811 3910 1003 3982 sponsi
1035 3913 1343 3981 pronubus,
1382 3915 1602 3975 Domini
1643 3934 1860 3987 servus,
1894 3935 1998 3977 vox

423 4000 627 4055 Verbi:
691 4001 814 4070 ejus
873 3999 1177 4067 sacerdos,
1239 4002 1333 4070 qui
1395 4006 1702 4061 secundum
1746 4010 1998 4067 ordinem

423 4091 790 4148 Melchisedec
818 4091 1189 4147 sacerdotium
1217 4094 1406 4163 gessit,
1437 4097 1661 4165 quando
1686 4102 1852 4155 etiam
1884 4118 2002 4156 tne-

424 4183 537 4237 ruit
566 4181 784 4252 cperari
814 4195 974 4237 sacro
1003 4181 1125 4250 ejus
1163 4180 1485 4252 baptismati
1522 4203 1536 4239 :
1570 4200 1668 4253 per
1702 4201 1762 4242 se
1785 4189 2004 4244 auditor

423 4275 627 4340 Patris,
659 4274 906 4344 Baptista
937 4271 1087 4337 Filii,
1116 4287 1181 4328 ac
1206 4281 1487 4345 spectator
1522 4275 1765 4346 Spiritus
1799 4281 2000 4347 sancti,

423 4369 563 4443 legis
601 4368 907 4432 silentium,
934 4375 1222 4437 sequester
1252 4367 1468 4438 gratite,
1501 4372 1725 4427 coronis
1768 4374 2004 4447 prophe-

2105 524 2256 580 λαόν.
2281 545 2302 577 ι
2337 523 2723 595 Νυμφαγωγός
2742 542 2756 557 ·
2795 544 2813 576 ι
2873 526 2929 579 '0
2954 525 3090 596 ἔχων
3120 525 3215 595 τὴν
3243 528 3441 598 νύμφην,
3463 550 3562 604 νυμ.

2105 616 2227 684 φιος
2259 616 2431 671 ἐστίν.
2472 617 2531 669 '0
2559 616 2619 669 δὲ
2654 615 2798 685 φίλος
2828 615 2919 669 τοῦ
2950 617 3203 687 νυμφίου,
3231 619 3257 671 6
3282 619 3477 691 ἑστηκὼς
3500 627 3564 678 καὶ

2104 708 2324 762 ἀκούων
2355 707 2544 773 αὐτοῦ,
2588 710 2729 780 χαρᾷ.
2753 709 2925 779 χαίρει
2951 710 3035 764 διὰ
3067 711 3162 779 τήν
3194 710 3357 781 φωνήν
3381 712 3452 765 τοῦ
3470 732 3565 786 vop-

2105 799 2252 869 φίου.
2292 798 2444 870 Αὕτη
2490 796 2584 854 οὖν
2627 801 2660 869 ή
2691 800 2831 871 χαρὰ
2860 802 2895 871 ή
2931 801 3035 872 ὲμή
3084 801 3424 874 πεπλήρωται.
3452 824 3467 858 ι
3492 807 3566 860 Δύ-

2104 908 2260 961 χνος’
2292 910 2310 943 ι
2335 892 2574 955 Ἐκεῖνος
2601 888 2669 962 ἦν
2693 895 2719 945 6
2745 891 2930 961 λύχνος
2950 894 2979 946 6
2995 893 3286 961 καιόμενος,
3308 896 3386 948 καί
3403 897 3565 965 φαίνων

2105 984 2264 1053 ὑμεῖς
2291 983 2347 1036 δὲ
2370 983 2673 1055 ἠθελήσατε
2712 982 3128 1053 ἀγαλλιασθῆναι
3158 985 3287 1054 πρὸς
3311 986 3435 1056 ὥραν
3455 989 3570 1060 ἐντῷ

2107 1078 2249 1146 φωτὶ
2282 1076 2466 1131 αὑτοῦ.
2515 1094 2534 1128 t
2584 1076 2845 1146 Ἔλεγχος
2897 1075 3128 1145 Ἡρώδου
3156 1094 3173 1109 '
3211 1096 3227 1127 ι
3270 1079 3461 1146 Ἔλεγεν
3497 1080 3573 1153 γὰρ

2104 1166 2254 1236 αὐτῷ
2279 1168 2308 1219 ό
2348 1168 2625 1238 Ἰωάννης·
2660 1168 2782 1238 Οὐκ
2805 1166 3014 1231 ἔξεστίν
3044 1184 3122 1220 σοι
3152 1168 3283 1238 ἔχειν
3308 1168 3392 1241 τήν
3405 1175 3574 1237 γυναίκα

2102 1256 2371 1309 Φιλίππου
2409 1256 2505 1311 τοῦ
2536 1255 2770 1326 ἀδελφοῦ
2806 1273 2920 1310 σου.
2953 1274 2971 1308 ι
3014 1256 3069 1309 Ὀ
3104 1256 3157 1308 δὲ
3186 1256 3399 1326 Ἡρώδης
3420 1259 3568 1327 ἐλεγχό

2106 1362 2268 1415 μενος
2303 1347 2395 1399 ὑπ’
2422 1348 2589 1401 αὐτοῦ
2610 1348 2678 1401 δι’
2714 1346 3035 1417 Ἡρωδιάδα,
3061 1340 3375 1402 κατέκλεισεν
3398 1349 3574 1405 αὒτδνέν

2103 1439 2172 1507 τῇ
2206 1435 2446 1507 φυλακῇ.

2173 1525 2401 1589 Τούτοις
2438 1526 2694 1594 Ἰωάννης
2720 1526 2840 1595 τοῖς
2875 1526 3099 1595 ὀνόμασι
3125 1525 3358 1594 κέκληται
3382 1542 3396 1559 ’
3428 1526 3578 1592 τούτοις

2102 1615 2426 1689 τετίμηται·
2442 1616 2649 1675 τούτων
2673 1617 2774 1680 τὰς
2796 1617 3025 1687 πράξεις
3044 1615 3470 1688 καταλλήλωςταῖς
3488 1620 3581 1689 κλή-

2110 1728 2226 1764 σεσι
2252 1713 2689 1782 προσεκτήσατο.
2707 1712 2966 1782 Ἰωάννης
2989 1712 3208 1776 ἐκεῖνος,
3236 1706 3291 1764 οὗ
3319 1729 3335 1762 ι
3368 1711 3525 1783 μείζων
3543 1714 3582 1765 tv

2103 1806 2385 1873 γεννητοῖς
2442 1804 2727 1873 γυναικῶν
2756 1804 2862 1858 οὐκ
2913 1805 3221 1875 ἐγήγερται.
3253 1823 3271 1855 ι
3306 1798 3446 1867 Οὗτός
3478 1807 3582 1859 ἐστιν

2105 1894 2322 1967 ἀληθῶς
2346 1896 2475 1967 περὶ
2501 1890 2562 1950 οὗ
2581 1897 2609 1949 6
2634 1897 2822 1966 μέγας
2848 1895 3041 1966 ψάλλει
3087 1896 3272 1960 Δασλδ,
3307 1896 3374 1959 ὡς
3392 1900 3444 1949 ἐκ
3468 1913 3567 1968 προσ

2103 1987 2254 2040 ώπου
2276 1987 2372 2040 τοῦ
2382 1987 2526 2041 θεοῦ
2545 1990 2640 2041 καὶ
2664 1989 2885 2059 [ἰατρὸς
2900 1989 3070 2057 λέγων
3092 2006 3107 2021 ’
3128 2008 3146 2041 ι
3165 1990 3433 2060 Ἠτοίμασα
3450 1990 3586 2060 λύχνον

2103 2081 2182 2150 τῷ
2211 2080 2435 2152 Χριστῷ
2473 2096 2608 2150 μουο
2635 2081 2732 2134 ἐπὶ
2756 2081 2819 2134 δὲ
2846 2081 3012 2139 αὑτὸν
3041 2081 3309 2151 ἐξανθήσει
3335 2080 3389 2134 τὺ
3412 2081 3585 2151 mm

2107 2188 2232 2240 μου.
2271 2188 2289 2221 ι
2334 2166 2505 2235 Οὗτός
2548 2172 2701 2223 ἐστιν
2739 2170 2934 2234 Ἠλίας
2965 2172 3162 2234 ἐκεῖνος
3203 2172 3231 2224 6
3261 2170 3444 2240 μέγαςο
3479 2171 3587 2238 οὐκί

2103 2260 2372 2330 Θεσὸίτης
2398 2277 2412 2290 ⁸
2438 2260 2559 2314 ἀλλ’
2605 2262 2634 2313 ό
2689 2262 2928 2332 μεσίτης
2969 2261 3131 2331 νόμου
3180 2261 3270 2314 καὶ⁸
3295 2262 3505 2332 χάριτος,
3527 2261 3587 2313 καὶ

2101 2353 2201 2423 τῆς
2234 2353 2511 2424 προτέρας
2530 2392 2545 2414 ,
2575 2354 2624 2405 εί
2664 2353 2759 2406 καὶ
2785 2353 2869 2424 τῷ
2902 2353 3080 2424 χρόνῳ
3108 2351 3343 2424 δεύτερος
3364 2392 3378 2419 ,
3399 2353 3478 2422 τῆς
3502 2352 3588 2422 Χρι-

2104 2443 2231 2496 στοῦ
2254 2443 2563 2512 παρουσίας
2598 2443 2941 2515 πρόδρομος,
2969 2444 2998 2496 6
3021 2443 3154 2515 μετὰ
3175 2447 3268 2514 τῆς
3293 2443 3440 2512 αὐτῆς
3455 2444 3588 2510 ἐκείνῳ

2105 2533 2384 2605 προελθὼν
2434 2534 2791 2605 ὲμπνεύσεως
2842 2536 2945 2589 καὶ
2980 2536 3284 2605 δυνάμεως,
3314 2535 3381 2598 ὡς
3404 2533 3588 2603 669161-

2101 2627 2261 2694 γελος
2286 2625 2366 2696 τῷ
2393 2627 2640 2698 Ζαχαρία
2662 2628 3005 2699 προέφησεν.
3037 2628 3271 2697 Ζαχαρία
3300 2627 3453 2695 ποίῳς
3478 2616 3532 2676 Oi:
3551 2623 3590 2674 τὺ

2102 2714 2245 2787 αἷμα
2276 2718 2468 2789 κράζει
2503 2718 2667 2772 πλέον
2704 2719 2802 2772 τοῦ
2855 2718 3046 2773 Ἀδελ.
3088 2712 3249 2780 Οὗτός
3277 2719 3405 2769 ἐστιν
3437 2717 3461 2768 6
3496 2729 3590 2783 προ·

2103 2811 2426 2881 σκιρτήσας,
2458 2810 2557 2864 καὶ
2584 2811 2714 2880 πρὶν
2745 2812 2824 2873 είς
2848 2810 2971 2880 φῶς
3001 2811 3272 2879 προελθεῖν
3303 2808 3511 2875 ἐπιγνοὺς
3528 2804 3590 2855 τὸν

2101 2901 2297 2957 ἑαυτοῦ
2325 2903 2605 2974 Δεσπότην
2641 2903 2999 2973 ὲγγάστριον.
3034 2894 3199 2963 Οὗτος
3233 2900 3492 2971 όργάνῳτῇ
3526 2894 3590 2963 τῆς

2101 2995 2372 3063 τεκούσης
2401 2993 2618 3066 γλώττῃ
2641 2997 3021 3066 χρησάμενος,
3039 2995 3127 3050 τὸν
3150 2994 3381 3062 ἀπάτορα
3397 2990 3519 3044 τόκον
3539 2985 3591 3038 ἐτι

2103 3085 2542 3157 κυοφορούμενος
2597 3087 3021 3158 προηγόρευσεν
3046 3127 3061 3154 ,
3099 3106 3118 3139 ι
3152 3087 3313 3140 Πόθεν
3360 3100 3435 3155 μοι
3463 3080 3587 3141 τοῦτο,

2102 3176 2298 3245 λέγων,
2325 3176 2412 3230 ἵνα
2442 3177 2476 3248 ή
2507 3178 2689 3248 μήτηρ
2714 3177 2811 3233 τοῦ
2838 3178 3057 3249 Κυρίου
3089 3196 3188 3249 μου
3213 3177 3332 3249 ἔλθῃ
3359 3177 3471 3248 πρός
3495 3189 3587 3242 μεςι

2100 3286 2199 3319 -ι
2221 3261 2388 3330 Οὗτος
2405 3268 2727 3340 ἐπιστρέψει
2744 3270 2978 3339 καρδίας
3003 3270 3251 3341 πατέρων
3275 3269 3358 3322 ἐπὶ
3374 3263 3592 3327 τεχνικαί

2102 3358 2352 3422 ἀπειθεῖς
2378 3361 2436 3413 ὲν
2462 3362 2728 3431 φρονήσει
2749 3359 2999 3426 δικαίων,
3029 3360 3308 3431 ἑτοιμάσαι
3330 3359 3486 3429 Κυρίῳ
3507 3354 3593 3408 λαὸν

2102 3449 2608 3520 κατεσκευασμένον
2634 3466 2647 3481 ο
2683 3470 2702 3502 ι
2734 3450 2765 3502 ό
2792 3449 2854 3514 ἐξ
2882 3451 3217 3520 ἐπαγγελίας
3244 3449 3445 3518 καρπὸς,
3463 3446 3510 3498 τὸ
3531 3441 3592 3497 τοῦ

2103 3541 2349 3613 Γαϐριὴλ
2378 3541 2723 3612 εὐαγγέλιον,
2757 3545 2787 3596 ό
2810 3546 2947 3615 παρ’
2977 3544 3196 3616 ἠλικίαν
3220 3541 3439 3614 βλαστὸς,
3464 3535 3594 3603 τὸτῆς

2103 3636 2329 3707 στείρας
2359 3635 2584 3706 γόνιμον
2636 3633 2817 3698 ἄνθος,
2848 3636 2880 3688 6
2908 3635 2978 3688 ὲκ
3013 3634 3286 3707 προφήτου
3313 3626 3595 3703 προφήτηςοδ

2102 3728 2203 3796 τῆς
2246 3725 2460 3795 ἐρήμου
2511 3723 2736 3794 πολίτης
2755 3764 2770 3787 ,
2809 3725 2839 3777 6
2864 3727 2970 3796 τῆς
2993 3724 3313 3796 οίκουμένης
3332 3716 3597 3787 ἀλείπτηςιὸ

2102 3816 2198 3872 τοῦ
2230 3816 2381 3888 ήλίου
2414 3817 2615 3889 ἀστήρ,
2656 3814 2751 3869 τοῦ
2782 3816 2974 3884 τρωτὸς
3015 3819 3045 3870 6
3068 3817 3271 3888 λύχνος,
3291 3814 3376 3868 τοῦ
3401 3806 3596 3881 βασιλέως

2103 3912 2133 3964 6
2161 3908 2524 3982 στρατιώτης,
2558 3909 2587 3961 6
2619 3908 2997 3978 νυμφαγωγὸς
3030 3907 3124 3961 τοῦ
3153 3906 3389 3978 νυμφίου,
3415 3902 3443 3954 ό
3465 3896 3598 3956 δοῦλος

2103 4000 2198 4055 τοῦ
2229 4001 2524 4064 Δεσπότου,
2552 4001 2586 4070 ή
2630 4000 2784 4070 φωνὴ
2822 3999 2920 4053 τοῦ
2954 4001 3152 4070 Λόγου,
3182 3998 3269 4054 τοῦ
3293 3997 3417 4052 κατά
3435 3994 3513 4062 τὴν
3533 3989 3598 4041 1&-

2108 4094 2190 4159 ξιν
2217 4093 2554 4164 Μελχισεδὲκ
2583 4091 3030 4166 ίερατεύσαντος,
3063 4095 3093 4146 ό
3122 4092 3311 4162 ἱερεὺς,
3335 4092 3432 4159 ὅσῳ
3453 4084 3526 4139 καὶ
3545 4082 3596 4132 ἱε-

2109 4187 2409 4258 ρουργῆσαι
2437 4183 2603 4239 αὐτοῦ
2635 4184 2715 4256 τῷ
2754 4184 3105 4255 βαπτίσματι
3136 4182 3456 4252 κατηξίωται,
3485 4169 3594 4269 ὁτοξ

2106 4278 2319 4349 Πατρὸς
2369 4277 2658 4347 αὐτήκοος,
2700 4277 2730 4329 6
2772 4276 2869 4329 τοῦ
2922 4276 3059 4330 Υίοῦ
3118 4272 3427 4346 βαπτιστής,
3470 4269 3494 4320 ὁ
3531 4279 3594 4316 τω

2106 4371 2428 4442 Πνεύματος
2454 4369 2646 4439 θεατὴς
2670 4409 2685 4435 ,
2712 4371 2747 4439 ἡ
2775 4367 2870 4421 τοῦ
2894 4369 3067 4440 νόμου
3095 4368 3243 4437 σιγὴ,
3271 4366 3297 4417 6
3325 4364 3515 4434 μεσίτης
3528 4355 3595 4421 τῆς

423 4441 533 4535 the,
569 4469 961 4540 prophetarum
1020 4466 1148 4523 ﬁnis
1170 4506 1185 4531 ,
1220 4466 1375 4537 regni
1427 4480 1607 4535 praeco
1630 4504 1646 4530 ,
1687 4446 1987 4536 praecurso:

2104 4441 2325 4536 χάριέος
2343 4502 2359 4525 υ
2394 4462 2494 4533 τῆς
2515 4460 2863 4533 προφητείας
2888 4460 3141 4533 κορωνὶς,
3168 4458 3274 4511 τῶν
3303 4441 3594 4540 προφητῶνηὼ

423 4564 692 4628 veritatis,
749 4571 903 4632 porta
956 4559 1319 4631 pmnitentize,
1366 4559 1711 4630 virginitatis
1744 4569 2000 4626 ornatur,

426 4656 623 4710 salutis
679 4663 1043 4727 praeparator,
1075 4654 1352 4711 castitatis
1384 4654 1688 4725 legislator,
1714 4655 2002 4725 improbo-

425 4762 547 4801 rum
582 4746 824 4812 (renum,
854 4747 966 4804 dux
995 4760 1191 4802 eorum
1216 4747 1311 4818 qui
1335 4747 1507 4818 probe
1533 4746 1702 4800 vitatu
1738 4752 1927 4813 agunt.

499 5006 736 5063 Joannes
795 5004 887 5061 ille
933 5019 1199 5076 magnus:
1237 5020 1269 5061 a
1307 5005 1417 5062 Deo
1470 5019 1719 5062 vocatum
1772 5024 1992 5074 nomen,

427 5103 591 5157 allata
636 5100 705 5156 de
754 5098 914 5155 caelis
943 5111 1039 5168 per
1076 5096 1411 5169 Archangeli
1445 5114 1636 5156 vocem
1686 5103 1998 5155 nomencla-

2109 4554 2506 4626 συμπέρασμα,
2536 4556 2635 4624 τῆς
2664 4551 2957 4622 ¹βασιλείας
3001 4553 3032 4605 6
3058 4549 3251 4621 κῆρυξ,
3281 4546 3373 4614 τῆς
3406 4537 3594 4608 ἀληθείας

2105 4648 2135 4700 ὁ
2166 4647 2501 4717 πρόδρομος,
2542 4647 2640 4716 τῆς
2673 4644 2971 4716 μετανοίας
2998 4646 3032 4714 ή
3072 4643 3228 4714 θύρα,
3256 4641 3347 4709 τῆς
3370 4629 3593 4704 παρθενίας

2105 4740 2134 4790 ό
2158 4737 2460 4809 στολιστῂς,
2494 4738 2521 4789 6
2543 4737 2642 4807 τῆς
2665 4734 2942 4807 σωτηρίας
2966 4734 3314 4804 ὲτοιμαστὴς,
3340 4729 3592 4820 τῆς-σωφρ-

2121 4828 2283 4900 sum;
2307 4830 2337 4880 6
2371 4826 2690 4898 νομοθέτης,
2733 4826 2843 4879 τῶν
2882 4826 3228 4898 ὰνομούντων
3251 4826 3279 4877 6
3296 4818 3494 4894 χαλινὸς,
3517 4818 3591 4863 τῶν

2113 4918 2487 4989 εὐνομούντων
2516 4919 2545 4972 ό
2576 4907 2942 4987 χειραγωγός.

2186 5009 2439 5080 Ἰωάννης
2466 5011 2495 5062 6
2525 5009 2700 5079 μέγας
2723 5025 2737 5039 ⁶
2764 5007 2827 5061 τὸ
2852 5007 3147 5077 θεόκλητον
3165 5007 3348 5076 ὄνομα,
3369 5001 3397 5069 ἡ
3415 4992 3591 5090 ὲξόὖρξθ

2104 5102 2211 5157 νῶν
2240 5102 2308 5155 δι’
2342 5100 2684 5173 ἀρχαγγέλου
2716 5098 2905 5171 φωνῆς
2939 5092 3477 5171 ὀνοματογραφηθεῖσα
3499 5083 3589 5147 κλῆ⁶

501 5303 524 5331 ο
547 5293 705 5360 Joan.
730 5311 815 5360 ιιι,
845 5293 935 5356 29.
967 5293 1059 5349 50.
1111 5289 1161 5360 ,ἀ
1202 5288 1363 5346 Joanl
1395 5286 1568 5360 ηδε,
1591 5357 1600 5360 Α
1626 5298 1673 5360 ὀ
1698 5286 1872 5360 hiare.
1898 5305 1973 5356 νι,

2165 5286 2186 5327 ί
2212 5290 2498 5357 Μοιιίωιι,
2524 5292 2611 5346 Η.
2691 5296 2719 5334 δ
2743 5292 2894 5349 Psal.
2921 5306 3108 5356 cum,
3138 5292 3224 5346 l7.
3291 5289 3316 5329 ιι
3340 5285 3453 5339 Luc.
3473 5293 3504 5343 I,
3524 5266 3580 5323 Π·

430 5358 678 5420 ι’Μειίίιι.
704 5354 866 5433 xxiii,
898 5354 992 5421 35.
1073 5357 1385 5427 ian.t,65.
1434 5354 1491 5400 Vi
1528 5356 1668 5414 ibid.
1706 5354 1793 5415 Π.

1756 5524 2161 5585 ἘΟΜΒΕΕῙΞῙΙ
2200 5526 2433 5585 ΝΟΤιΕ.

502 5620 615 5692 (ξε)
643 5622 823 5707 ,θυρίδι
855 5621 1070 5707 sua?!"
1098 5616 1997 5707 "9",”31U‘9°]???"5PHWW9

429 5688 894 5751 ac'no'vissimum
923 5688 1142 5745 Iustum
1170 5691 1388 5746 occisos
1419 5688 1686 5752 referens,
1722 5688 1858 5743 nihil
1887 5703 1996 5742 non

428 5763 486 5826 iu
512 5760 691 5833 iustos
721 5761 1079 5821 commissum
1106 5775 1135 5814 a
1159 5758 1363 5815 Iudaeis
1390 5760 1622 5814 inultum
1649 5760 1900 5814 relictum
1932 5757 1995 5811 iri

2103 5620 2283 5691 palam
2301 5619 2643 5691 declararet.
2685 5616 2780 5691 Sic
2818 5617 3060 5688 plerique
3085 5615 3272 5691 Patres
3305 5592 3576 5691 deffflfvi’

2107 5677 2264 5761 patre
2294 5689 2524 5746 Joannis
2554 5677 2888 5744 Dominica'm
2922 5677 3240 5745 sententiam
3266 5677 3509 5748 explicant-
