  <div class='ocr_page' id='page_1' title='image "/cluster/home/n/w/nwhite01/storage/ocr_20150623/97/hvd.32044073502130/616.png"; bbox 0 0 3790 6202; ppageno 0'>
   <div class='ocr_carea' id='block_1_1' title="bbox 181 228 310 293">
    <p class='ocr_par' dir='ltr' id='par_1_1' title="bbox 181 228 310 293">
     <span class='ocr_line' id='line_1_1' title="bbox 181 228 310 293; baseline -0.008 0"><span class='ocrx_word' id='word_1_1' title='bbox 181 228 310 293; x_wconf 78' lang='grc'><strong>1141</strong></span> 
     </span>
    </p>
   </div>
   <div class='ocr_carea' id='block_1_2' title="bbox 1353 229 2245 292">
    <p class='ocr_par' dir='ltr' id='par_1_2' title="bbox 1353 229 2245 292">
     <span class='ocr_line' id='line_1_2' title="bbox 1353 229 2245 292; baseline 0.004 -4"><span class='ocrx_word' id='word_1_2' title='bbox 1353 229 1435 289; x_wconf 81' lang='grc' dir='ltr'><strong>ΙΝ</strong></span> <span class='ocrx_word' id='word_1_3' title='bbox 1482 230 1935 292; x_wconf 71' lang='lat' dir='ltr'><strong>APOSTOLUM</strong></span> <span class='ocrx_word' id='word_1_4' title='bbox 1975 231 2245 292; x_wconf 80' lang='lat' dir='ltr'><strong>TITUM.</strong></span> 
     </span>
    </p>
   </div>
   <div class='ocr_carea' id='block_1_3' title="bbox 3303 233 3440 319">
    <p class='ocr_par' dir='ltr' id='par_1_3' title="bbox 3303 233 3440 319">
     <span class='ocr_line' id='line_1_3' title="bbox 3303 233 3440 319; baseline -0.007 -18"><span class='ocrx_word' id='word_1_5' title='bbox 3303 233 3440 319; x_wconf 72' lang='lat' dir='ltr'><strong>m2</strong></span> 
     </span>
    </p>
   </div>
   <div class='ocr_carea' id='block_1_4' title="bbox 178 326 1768 429">
    <p class='ocr_par' dir='ltr' id='par_1_4' title="bbox 178 334 1759 415">
     <span class='ocr_line' id='line_1_4' title="bbox 178 334 1759 415; baseline 0 -20"><span class='ocrx_word' id='word_1_6' title='bbox 178 361 284 407; x_wconf 80' lang='grc' dir='ltr'><strong>σις,</strong></span> <span class='ocrx_word' id='word_1_7' title='bbox 317 343 352 412; x_wconf 76' lang='grc' dir='ltr'><strong>ἠ</strong></span> <span class='ocrx_word' id='word_1_8' title='bbox 385 341 449 393; x_wconf 85' lang='grc' dir='ltr'><strong>ἐκ</strong></span> <span class='ocrx_word' id='word_1_9' title='bbox 472 338 732 408; x_wconf 64' lang='grc' dir='ltr'><strong>σιγῶντος</strong></span> <span class='ocrx_word' id='word_1_10' title='bbox 755 338 928 410; x_wconf 80' lang='grc' dir='ltr'><strong>φωνὴ,</strong></span> <span class='ocrx_word' id='word_1_11' title='bbox 959 340 986 393; x_wconf 92' lang='lat'><strong>6</strong></span> <span class='ocrx_word' id='word_1_12' title='bbox 1011 334 1316 413; x_wconf 72' lang='grc' dir='ltr'><strong>τῇάφωνίᾳ</strong></span> <span class='ocrx_word' id='word_1_13' title='bbox 1336 343 1428 396; x_wconf 90' lang='grc' dir='ltr'><strong>τοῦ</strong></span> <span class='ocrx_word' id='word_1_14' title='bbox 1468 343 1668 415; x_wconf 77' lang='grc' dir='ltr'><strong>πατρὸς</strong></span> <span class='ocrx_word' id='word_1_15' title='bbox 1698 343 1759 396; x_wconf 83' lang='grc' dir='ltr'><strong>τὸ</strong></span> 
     </span>
    </p>
   </div>
   <div class='ocr_carea' id='block_1_5' title="bbox 1883 326 3438 429">
    <p class='ocr_par' dir='ltr' id='par_1_5' title="bbox 1886 326 3438 429">
     <span class='ocr_line' id='line_1_5' title="bbox 1886 326 3438 429; baseline 0.008 -31"><span class='ocrx_word' id='word_1_16' title='bbox 1886 360 2019 409; x_wconf 87' lang='lat' dir='ltr'><strong>ura;</strong></span> <span class='ocrx_word' id='word_1_17' title='bbox 2052 360 2153 399; x_wconf 80' lang='lat' dir='ltr'><strong>vox</strong></span> <span class='ocrx_word' id='word_1_18' title='bbox 2187 355 2309 429; x_wconf 68' lang='lat' dir='ltr'><strong>orta</strong></span> <span class='ocrx_word' id='word_1_19' title='bbox 2339 359 2401 401; x_wconf 76' lang='lat' dir='ltr'><strong>ex</strong></span> <span class='ocrx_word' id='word_1_20' title='bbox 2441 352 2631 416; x_wconf 88' lang='lat' dir='ltr'><strong>muto,</strong></span> <span class='ocrx_word' id='word_1_21' title='bbox 2658 345 2755 418; x_wconf 86' lang='lat' dir='ltr'><strong>qui</strong></span> <span class='ocrx_word' id='word_1_22' title='bbox 2804 347 3028 429; x_wconf 83' lang='lat' dir='ltr'><strong>silentio</strong></span> <span class='ocrx_word' id='word_1_23' title='bbox 3060 326 3295 429; x_wconf 82' lang='lat' dir='ltr'><strong>paterno</strong></span> <span class='ocrx_word' id='word_1_24' title='bbox 3325 326 3438 410; x_wconf 71' lang='lat' dir='ltr'><strong>ste-</strong></span> 
     </span>
    </p>
   </div>
   <div class='ocr_carea' id='block_1_6' title="bbox 175 429 1757 506">
    <p class='ocr_par' dir='ltr' id='par_1_6' title="bbox 175 429 1757 506">
     <span class='ocr_line' id='line_1_6' title="bbox 175 429 1757 506; baseline 0 -19"><span class='ocrx_word' id='word_1_25' title='bbox 175 437 375 502; x_wconf 78' lang='grc' dir='ltr'><strong>ἀγονον</strong></span> <span class='ocrx_word' id='word_1_26' title='bbox 394 430 610 501; x_wconf 80' lang='grc' dir='ltr'><strong>ὑφελὼν</strong></span> <span class='ocrx_word' id='word_1_27' title='bbox 644 432 742 501; x_wconf 83' lang='grc' dir='ltr'><strong>τῆς</strong></span> <span class='ocrx_word' id='word_1_28' title='bbox 774 429 1113 504; x_wconf 83' lang='grc' dir='ltr'><strong>στειρώσεως</strong></span> <span class='ocrx_word' id='word_1_29' title='bbox 1132 473 1146 496; x_wconf 92' lang='grc'><strong>,</strong></span> <span class='ocrx_word' id='word_1_30' title='bbox 1174 434 1201 486; x_wconf 98' lang='lat'><strong>6</strong></span> <span class='ocrx_word' id='word_1_31' title='bbox 1230 432 1322 488; x_wconf 81' lang='grc' dir='ltr'><strong>τὸν</strong></span> <span class='ocrx_word' id='word_1_32' title='bbox 1345 435 1515 506; x_wconf 82' lang='grc' dir='ltr'><strong>ἀμνὸν</strong></span> <span class='ocrx_word' id='word_1_33' title='bbox 1538 434 1757 489; x_wconf 80' lang='grc' dir='ltr'><strong>ὑποδεί-</strong></span> 
     </span>
    </p>
   </div>
   <div class='ocr_carea' id='block_1_7' title="bbox 178 519 1759 593">
    <p class='ocr_par' dir='ltr' id='par_1_7' title="bbox 178 519 1759 593">
     <span class='ocr_line' id='line_1_7' title="bbox 178 519 1759 593; baseline -0.008 -15"><span class='ocrx_word' id='word_1_34' title='bbox 178 524 300 591; x_wconf 78' lang='grc' dir='ltr'><strong>ξας,</strong></span> <span class='ocrx_word' id='word_1_35' title='bbox 325 521 407 592; x_wconf 85' lang='grc' dir='ltr'><strong>τῷ</strong></span> <span class='ocrx_word' id='word_1_36' title='bbox 433 519 689 574; x_wconf 78' lang='grc' dir='ltr'><strong>λαλοῦντι</strong></span> <span class='ocrx_word' id='word_1_37' title='bbox 716 519 985 590; x_wconf 79' lang='grc' dir='ltr'><strong>δακτύλῳ,</strong></span> <span class='ocrx_word' id='word_1_38' title='bbox 1012 519 1076 572; x_wconf 77' lang='grc' dir='ltr'><strong>τὸ</strong></span> <span class='ocrx_word' id='word_1_39' title='bbox 1126 519 1267 590; x_wconf 87' lang='grc' dir='ltr'><strong>μέγα</strong></span> <span class='ocrx_word' id='word_1_40' title='bbox 1295 521 1396 591; x_wconf 80' lang='grc' dir='ltr'><strong>τῆς</strong></span> <span class='ocrx_word' id='word_1_41' title='bbox 1431 521 1759 593; x_wconf 71' lang='grc' dir='ltr'><strong>ἐγκρατείας</strong></span> 
     </span>
    </p>
   </div>
   <div class='ocr_carea' id='block_1_8' title="bbox 176 610 1758 684">
    <p class='ocr_par' dir='ltr' id='par_1_8' title="bbox 176 610 1758 684">
     <span class='ocr_line' id='line_1_8' title="bbox 176 610 1758 684; baseline -0.001 -17"><span class='ocrx_word' id='word_1_42' title='bbox 176 613 412 684; x_wconf 72' lang='grc' dir='ltr'><strong>αὔχημα</strong></span> <span class='ocrx_word' id='word_1_43' title='bbox 436 654 452 678; x_wconf 98' lang='grc'><strong>,</strong></span> <span class='ocrx_word' id='word_1_44' title='bbox 490 612 519 664; x_wconf 89' lang='lat'><strong>6</strong></span> <span class='ocrx_word' id='word_1_45' title='bbox 552 612 610 665; x_wconf 91' lang='grc' dir='ltr'><strong>ἐν</strong></span> <span class='ocrx_word' id='word_1_46' title='bbox 641 610 853 684; x_wconf 82' lang='grc' dir='ltr'><strong>σώματι</strong></span> <span class='ocrx_word' id='word_1_47' title='bbox 875 612 1134 681; x_wconf 78' lang='grc' dir='ltr'><strong>ἄσαρκος.</strong></span> <span class='ocrx_word' id='word_1_48' title='bbox 1168 614 1196 665; x_wconf 86' lang='grc' dir='ltr'><strong>ό</strong></span> <span class='ocrx_word' id='word_1_49' title='bbox 1220 614 1276 665; x_wconf 84' lang='grc' dir='ltr'><strong>ἐν</strong></span> <span class='ocrx_word' id='word_1_50' title='bbox 1301 612 1456 684; x_wconf 83' lang='grc' dir='ltr'>πηλῷ</span> <span class='ocrx_word' id='word_1_51' title='bbox 1485 613 1758 684; x_wconf 87' lang='grc' dir='ltr'><strong>μαργαρί-</strong></span> 
     </span>
    </p>
   </div>
   <div class='ocr_carea' id='block_1_9' title="bbox 175 701 1759 774">
    <p class='ocr_par' dir='ltr' id='par_1_9' title="bbox 175 701 1759 774">
     <span class='ocr_line' id='line_1_9' title="bbox 175 701 1759 774; baseline -0.001 -17"><span class='ocrx_word' id='word_1_52' title='bbox 175 722 302 774; x_wconf 86' lang='grc' dir='ltr'><strong>της,</strong></span> <span class='ocrx_word' id='word_1_53' title='bbox 334 706 364 757; x_wconf 90' lang='lat'><strong>6</strong></span> <span class='ocrx_word' id='word_1_54' title='bbox 391 705 448 756; x_wconf 91' lang='grc' dir='ltr'><strong>ἐν</strong></span> <span class='ocrx_word' id='word_1_55' title='bbox 490 703 802 773; x_wconf 83' lang='grc' dir='ltr'><strong>όστρακίνῳ</strong></span> <span class='ocrx_word' id='word_1_56' title='bbox 833 702 1016 754; x_wconf 78' lang='grc' dir='ltr'>σκεύει</span> <span class='ocrx_word' id='word_1_57' title='bbox 1059 701 1353 774; x_wconf 82' lang='grc' dir='ltr'><strong>πολυτελὴς</strong></span> <span class='ocrx_word' id='word_1_58' title='bbox 1384 703 1653 774; x_wconf 78' lang='grc' dir='ltr'><strong>θησαυρὸς</strong></span> <span class='ocrx_word' id='word_1_59' title='bbox 1676 745 1691 768; x_wconf 88' lang='grc'><strong>,</strong></span> <span class='ocrx_word' id='word_1_60' title='bbox 1730 704 1759 756; x_wconf 90' lang='lat'><strong>6</strong></span> 
     </span>
    </p>
   </div>
   <div class='ocr_carea' id='block_1_10' title="bbox 178 793 1760 867">
    <p class='ocr_par' dir='ltr' id='par_1_10' title="bbox 178 793 1760 867">
     <span class='ocr_line' id='line_1_10' title="bbox 178 793 1760 867; baseline -0.001 -19"><span class='ocrx_word' id='word_1_61' title='bbox 178 799 245 867; x_wconf 74' lang='grc' dir='ltr'><strong>τῇ</strong></span> <span class='ocrx_word' id='word_1_62' title='bbox 272 794 435 867; x_wconf 79' lang='grc' dir='ltr'><strong>ἀξίνῃ</strong></span> <span class='ocrx_word' id='word_1_63' title='bbox 449 795 552 864; x_wconf 78' lang='grc' dir='ltr'><strong>τὴν</strong></span> <span class='ocrx_word' id='word_1_64' title='bbox 571 795 747 864; x_wconf 81' lang='grc' dir='ltr'><strong>τομὴν</strong></span> <span class='ocrx_word' id='word_1_65' title='bbox 772 794 1139 867; x_wconf 88' lang='grc' dir='ltr'><strong>προσεπάγων</strong></span> <span class='ocrx_word' id='word_1_66' title='bbox 1157 796 1222 864; x_wconf 81' lang='grc' dir='ltr'><strong>τῇ</strong></span> <span class='ocrx_word' id='word_1_67' title='bbox 1247 794 1355 847; x_wconf 89' lang='grc' dir='ltr'><strong>τῶν</strong></span> <span class='ocrx_word' id='word_1_68' title='bbox 1371 793 1558 865; x_wconf 72' lang='grc' dir='ltr'><strong>ψυχῶν</strong></span> <span class='ocrx_word' id='word_1_69' title='bbox 1584 795 1760 864; x_wconf 87' lang='grc' dir='ltr'><strong>ἀκαρ-</strong></span> 
     </span>
    </p>
   </div>
   <div class='ocr_carea' id='block_1_11' title="bbox 179 883 1763 956">
    <p class='ocr_par' dir='ltr' id='par_1_11' title="bbox 179 883 1763 956">
     <span class='ocr_line' id='line_1_11' title="bbox 179 883 1763 956; baseline -0.003 -16"><span class='ocrx_word' id='word_1_70' title='bbox 179 886 303 955; x_wconf 78' lang='grc' dir='ltr'><strong>πία,</strong></span> <span class='ocrx_word' id='word_1_71' title='bbox 340 888 376 955; x_wconf 83' lang='grc' dir='ltr'><strong>ἡ</strong></span> <span class='ocrx_word' id='word_1_72' title='bbox 404 885 711 955; x_wconf 84' lang='grc' dir='ltr'><strong>φιλέρημος</strong></span> <span class='ocrx_word' id='word_1_73' title='bbox 733 885 833 955; x_wconf 84' lang='grc' dir='ltr'><strong>τῆς</strong></span> <span class='ocrx_word' id='word_1_74' title='bbox 868 884 1190 954; x_wconf 83' lang='grc' dir='ltr'><strong>Ἐκκλησίας</strong></span> <span class='ocrx_word' id='word_1_75' title='bbox 1213 884 1452 956; x_wconf 84' lang='grc' dir='ltr'><strong>τρυγὼν,</strong></span> <span class='ocrx_word' id='word_1_76' title='bbox 1481 883 1543 936; x_wconf 84' lang='grc' dir='ltr'><strong>τὸ</strong></span> <span class='ocrx_word' id='word_1_77' title='bbox 1568 883 1763 956; x_wconf 78' lang='grc' dir='ltr'><strong>ἀσιγη-</strong></span> 
     </span>
    </p>
   </div>
   <div class='ocr_carea' id='block_1_12' title="bbox 177 974 1765 1046">
    <p class='ocr_par' dir='ltr' id='par_1_12' title="bbox 177 974 1765 1046">
     <span class='ocr_line' id='line_1_12' title="bbox 177 974 1765 1046; baseline -0.003 -14"><span class='ocrx_word' id='word_1_78' title='bbox 177 993 273 1032; x_wconf 75' lang='grc' dir='ltr'><strong>ςον</strong></span> <span class='ocrx_word' id='word_1_79' title='bbox 295 975 497 1045; x_wconf 82' lang='grc' dir='ltr'><strong>στόμα,</strong></span> <span class='ocrx_word' id='word_1_80' title='bbox 526 975 561 1046; x_wconf 84' lang='grc' dir='ltr'><strong>ή</strong></span> <span class='ocrx_word' id='word_1_81' title='bbox 588 975 865 1043; x_wconf 78' lang='grc' dir='ltr'><strong>πανταχοῦ</strong></span> <span class='ocrx_word' id='word_1_82' title='bbox 920 975 1201 1046; x_wconf 78' lang='grc' dir='ltr'><strong>βροντῶσα</strong></span> <span class='ocrx_word' id='word_1_83' title='bbox 1237 996 1255 1028; x_wconf 84' lang='grc' dir='ltr'><strong>ι</strong></span> <span class='ocrx_word' id='word_1_84' title='bbox 1284 975 1434 1044; x_wconf 82' lang='grc' dir='ltr'><strong>φωνὴ</strong></span> <span class='ocrx_word' id='word_1_85' title='bbox 1466 974 1559 1027; x_wconf 85' lang='grc' dir='ltr'><strong>τοῦ</strong></span> <span class='ocrx_word' id='word_1_86' title='bbox 1598 974 1765 1045; x_wconf 72' lang='grc' dir='ltr'><strong>βοῶν·</strong></span> 
     </span>
    </p>
   </div>
   <div class='ocr_carea' id='block_1_13' title="bbox 179 1065 1760 1139">
    <p class='ocr_par' dir='ltr' id='par_1_13' title="bbox 179 1065 1760 1139">
     <span class='ocr_line' id='line_1_13' title="bbox 179 1065 1760 1139; baseline -0.003 -17"><span class='ocrx_word' id='word_1_87' title='bbox 179 1086 273 1132; x_wconf 87' lang='grc' dir='ltr'><strong>τος</strong></span> <span class='ocrx_word' id='word_1_88' title='bbox 305 1071 366 1121; x_wconf 86' lang='grc' dir='ltr'><strong>ἐν</strong></span> <span class='ocrx_word' id='word_1_89' title='bbox 384 1070 453 1138; x_wconf 79' lang='grc' dir='ltr'><strong>τῇ</strong></span> <span class='ocrx_word' id='word_1_90' title='bbox 477 1067 672 1139; x_wconf 81' lang='grc' dir='ltr'><strong>ἐρήμῳ</strong></span> <span class='ocrx_word' id='word_1_91' title='bbox 693 1084 707 1099; x_wconf 76' lang='grc' dir='ltr'><strong><em>ο</em></strong></span> <span class='ocrx_word' id='word_1_92' title='bbox 727 1067 1089 1136; x_wconf 78' lang='grc' dir='ltr'><strong>Ἑτοιμάσατε</strong></span> <span class='ocrx_word' id='word_1_93' title='bbox 1118 1068 1216 1136; x_wconf 84' lang='grc' dir='ltr'><strong>τὴν</strong></span> <span class='ocrx_word' id='word_1_94' title='bbox 1254 1067 1371 1121; x_wconf 83' lang='grc' dir='ltr'><strong>ὁδὸν</strong></span> <span class='ocrx_word' id='word_1_95' title='bbox 1399 1067 1495 1120; x_wconf 87' lang='grc' dir='ltr'><strong>τοῦ</strong></span> <span class='ocrx_word' id='word_1_96' title='bbox 1529 1068 1610 1119; x_wconf 85' lang='grc' dir='ltr'><strong>Κυ</strong></span> <span class='ocrx_word' id='word_1_97' title='bbox 1619 1065 1760 1137; x_wconf 86' lang='grc' dir='ltr'><strong>ρίου·</strong></span> 
     </span>
    </p>
   </div>
   <div class='ocr_carea' id='block_1_14' title="bbox 181 1158 1763 1231">
    <p class='ocr_par' dir='ltr' id='par_1_14' title="bbox 181 1158 1763 1231">
     <span class='ocr_line' id='line_1_14' title="bbox 181 1158 1763 1231; baseline 0.001 -19"><span class='ocrx_word' id='word_1_98' title='bbox 181 1159 405 1222; x_wconf 78' lang='grc' dir='ltr'><strong>εὐθείας</strong></span> <span class='ocrx_word' id='word_1_99' title='bbox 459 1162 663 1213; x_wconf 81' lang='grc' dir='ltr'><strong>ποιεῖτε</strong></span> <span class='ocrx_word' id='word_1_100' title='bbox 696 1159 797 1223; x_wconf 76' lang='grc' dir='ltr'><strong>τὰς</strong></span> <span class='ocrx_word' id='word_1_101' title='bbox 834 1158 1055 1229; x_wconf 73' lang='grc' dir='ltr'><strong>τρίδους</strong></span> <span class='ocrx_word' id='word_1_102' title='bbox 1098 1159 1293 1212; x_wconf 78' lang='grc' dir='ltr'><strong>αὐτοῦ’</strong></span> <span class='ocrx_word' id='word_1_103' title='bbox 1334 1180 1352 1212; x_wconf 73' lang='grc' dir='ltr'><strong>ι</strong></span> <span class='ocrx_word' id='word_1_104' title='bbox 1381 1161 1415 1231; x_wconf 84' lang='grc' dir='ltr'><strong>ἡ</strong></span> <span class='ocrx_word' id='word_1_105' title='bbox 1440 1160 1763 1231; x_wconf 80' lang='grc' dir='ltr'><strong>θεορῤήμων</strong></span> 
     </span>
    </p>
   </div>
   <div class='ocr_carea' id='block_1_15' title="bbox 182 1247 1764 1323">
    <p class='ocr_par' dir='ltr' id='par_1_15' title="bbox 182 1247 1764 1323">
     <span class='ocr_line' id='line_1_15' title="bbox 182 1247 1764 1323; baseline -0.001 -19"><span class='ocrx_word' id='word_1_106' title='bbox 182 1252 432 1322; x_wconf 88' lang='grc' dir='ltr'><strong>γλῶσσα,</strong></span> <span class='ocrx_word' id='word_1_107' title='bbox 457 1247 522 1323; x_wconf 81' lang='grc' dir='ltr'><strong>ἦς</strong></span> <span class='ocrx_word' id='word_1_108' title='bbox 543 1254 577 1322; x_wconf 82' lang='grc' dir='ltr'><strong>ἡ</strong></span> <span class='ocrx_word' id='word_1_109' title='bbox 603 1252 778 1322; x_wconf 81' lang='grc' dir='ltr'><strong>φωνὴ,</strong></span> <span class='ocrx_word' id='word_1_110' title='bbox 809 1252 904 1305; x_wconf 72' lang='grc' dir='ltr'><strong>καὶ</strong></span> <span class='ocrx_word' id='word_1_111' title='bbox 941 1252 1080 1322; x_wconf 78' lang='grc' dir='ltr'><strong>μετὰ</strong></span> <span class='ocrx_word' id='word_1_112' title='bbox 1109 1251 1170 1305; x_wconf 84' lang='grc' dir='ltr'><strong>τὸ</strong></span> <span class='ocrx_word' id='word_1_113' title='bbox 1200 1251 1354 1316; x_wconf 82' lang='grc' dir='ltr'><strong>τέλος</strong></span> <span class='ocrx_word' id='word_1_114' title='bbox 1379 1252 1472 1305; x_wconf 73' lang='grc' dir='ltr'><strong>τὸν</strong></span> <span class='ocrx_word' id='word_1_115' title='bbox 1517 1251 1764 1323; x_wconf 73' lang='grc' dir='ltr'><strong>Ἡρῴδην</strong></span> 
     </span>
    </p>
   </div>
   <div class='ocr_carea' id='block_1_16' title="bbox 182 1342 1760 1415">
    <p class='ocr_par' dir='ltr' id='par_1_16' title="bbox 182 1342 1760 1415">
     <span class='ocr_line' id='line_1_16' title="bbox 182 1342 1760 1415; baseline -0.001 -19"><span class='ocrx_word' id='word_1_116' title='bbox 182 1342 423 1412; x_wconf 85' lang='grc' dir='ltr'><strong>ἐλέγχει,</strong></span> <span class='ocrx_word' id='word_1_117' title='bbox 458 1343 553 1396; x_wconf 77' lang='grc' dir='ltr'><strong>καὶ</strong></span> <span class='ocrx_word' id='word_1_118' title='bbox 577 1343 668 1395; x_wconf 77' lang='grc' dir='ltr'><strong>τὸν</strong></span> <span class='ocrx_word' id='word_1_119' title='bbox 699 1342 995 1413; x_wconf 73' lang='grc' dir='ltr'><strong>ἐρχόμενον</strong></span> <span class='ocrx_word' id='word_1_120' title='bbox 1022 1342 1282 1415; x_wconf 79' lang='grc' dir='ltr'><strong>κηρύττει</strong></span> <span class='ocrx_word' id='word_1_121' title='bbox 1305 1358 1319 1372; x_wconf 75' lang='grc'><strong>’</strong></span> <span class='ocrx_word' id='word_1_122' title='bbox 1358 1360 1377 1392; x_wconf 81' lang='grc' dir='ltr'><strong>ι</strong></span> <span class='ocrx_word' id='word_1_123' title='bbox 1410 1343 1760 1407; x_wconf 84' lang='grc' dir='ltr'><strong>Μετανοεῖτε,</strong></span> 
     </span>
    </p>
   </div>
   <div class='ocr_carea' id='block_1_17' title="bbox 184 1430 1764 1505">
    <p class='ocr_par' dir='ltr' id='par_1_17' title="bbox 184 1430 1764 1505">
     <span class='ocr_line' id='line_1_17' title="bbox 184 1430 1764 1505; baseline -0.001 -19"><span class='ocrx_word' id='word_1_124' title='bbox 184 1432 445 1502; x_wconf 82' lang='grc' dir='ltr'><strong>λέγουσα,</strong></span> <span class='ocrx_word' id='word_1_125' title='bbox 478 1433 708 1504; x_wconf 71' lang='grc' dir='ltr'><strong>Ιἡγγικεν</strong></span> <span class='ocrx_word' id='word_1_126' title='bbox 732 1435 764 1505; x_wconf 80' lang='grc' dir='ltr'><strong>ἡ</strong></span> <span class='ocrx_word' id='word_1_127' title='bbox 792 1432 1043 1503; x_wconf 82' lang='grc' dir='ltr'><strong>βασιλεία</strong></span> <span class='ocrx_word' id='word_1_128' title='bbox 1072 1433 1182 1486; x_wconf 86' lang='grc' dir='ltr'><strong>τῶν</strong></span> <span class='ocrx_word' id='word_1_129' title='bbox 1204 1432 1469 1503; x_wconf 81' lang='grc' dir='ltr'><strong>οὐρανῶν.</strong></span> <span class='ocrx_word' id='word_1_130' title='bbox 1494 1450 1513 1483; x_wconf 70' lang='grc' dir='ltr'><strong>ι</strong></span> <span class='ocrx_word' id='word_1_131' title='bbox 1547 1430 1706 1502; x_wconf 81' lang='grc' dir='ltr'><strong>Αὐτῷ</strong></span> <span class='ocrx_word' id='word_1_132' title='bbox 1730 1432 1764 1502; x_wconf 79' lang='grc' dir='ltr'><strong>ἡ</strong></span> 
     </span>
    </p>
   </div>
   <div class='ocr_carea' id='block_1_18' title="bbox 189 1522 1765 1596">
    <p class='ocr_par' dir='ltr' id='par_1_18' title="bbox 189 1522 1765 1596">
     <span class='ocr_line' id='line_1_18' title="bbox 189 1522 1765 1596; baseline 0 -19"><span class='ocrx_word' id='word_1_133' title='bbox 189 1523 340 1590; x_wconf 75' lang='grc' dir='ltr'><strong>δόξα,</strong></span> <span class='ocrx_word' id='word_1_134' title='bbox 395 1527 491 1577; x_wconf 75' lang='grc' dir='ltr'><strong>καὶ</strong></span> <span class='ocrx_word' id='word_1_135' title='bbox 528 1524 591 1578; x_wconf 79' lang='grc' dir='ltr'><strong>τὸ</strong></span> <span class='ocrx_word' id='word_1_136' title='bbox 636 1525 837 1596; x_wconf 81' lang='grc' dir='ltr'><strong>κράτος</strong></span> <span class='ocrx_word' id='word_1_137' title='bbox 880 1526 960 1588; x_wconf 82' lang='grc' dir='ltr'><strong>είς</strong></span> <span class='ocrx_word' id='word_1_138' title='bbox 983 1525 1108 1588; x_wconf 81' lang='grc' dir='ltr'><strong>τοὺς</strong></span> <span class='ocrx_word' id='word_1_139' title='bbox 1142 1523 1346 1587; x_wconf 74' lang='grc' dir='ltr'><strong>αἰῶνας</strong></span> <span class='ocrx_word' id='word_1_140' title='bbox 1391 1522 1499 1577; x_wconf 89' lang='grc' dir='ltr'><strong>τῶν</strong></span> <span class='ocrx_word' id='word_1_141' title='bbox 1529 1523 1765 1578; x_wconf 76' lang='grc' dir='ltr'><strong>αἰώνων.</strong></span> 
     </span>
    </p>
   </div>
   <div class='ocr_carea' id='block_1_19' title="bbox 203 1604 399 1688">
    <p class='ocr_par' dir='ltr' id='par_1_19' title="bbox 203 1604 399 1688">
     <span class='ocr_line' id='line_1_19' title="bbox 203 1604 399 1688; baseline -0.005 -19"><span class='ocrx_word' id='word_1_142' title='bbox 203 1604 399 1688; x_wconf 74' lang='grc' dir='ltr'><strong>’Δμήν.</strong></span> 
     </span>
    </p>
   </div>
   <div class='ocr_carea' id='block_1_20' title="bbox 782 1747 1175 1816">
    <p class='ocr_par' dir='ltr' id='par_1_20' title="bbox 782 1747 1175 1816">
     <span class='ocr_line' id='line_1_20' title="bbox 782 1747 1175 1816; baseline 0.003 -14"><span class='ocrx_word' id='word_1_143' title='bbox 782 1749 1001 1803; x_wconf 83' lang='grc' dir='ltr'><strong>ΛΟΓΟΣ</strong></span> <span class='ocrx_word' id='word_1_144' title='bbox 1061 1747 1175 1816; x_wconf 68' lang='lat' dir='ltr'><strong>IG&#39;.</strong></span> 
     </span>
    </p>
   </div>
   <div class='ocr_carea' id='block_1_21' title="bbox 189 1856 1766 1943">
    <p class='ocr_par' dir='ltr' id='par_1_21' title="bbox 189 1856 1766 1943">
     <span class='ocr_line' id='line_1_21' title="bbox 189 1856 1766 1943; baseline 0.001 -30"><span class='ocrx_word' id='word_1_145' title='bbox 189 1856 300 1925; x_wconf 80' lang='grc' dir='ltr'><strong>Εἰς</strong></span> <span class='ocrx_word' id='word_1_146' title='bbox 321 1856 431 1913; x_wconf 78' lang='grc' dir='ltr'><strong>τὸν</strong></span> <span class='ocrx_word' id='word_1_147' title='bbox 450 1857 640 1943; x_wconf 57' lang='lat' dir='ltr'><strong>(irier,</strong></span> <span class='ocrx_word' id='word_1_148' title='bbox 658 1860 758 1914; x_wconf 75' lang='grc' dir='ltr'><strong>καί</strong></span> <span class='ocrx_word' id='word_1_149' title='bbox 773 1859 1213 1943; x_wconf 41' lang='grc' dir='ltr'><strong>μακάριον-..καὶ</strong></span> <span class='ocrx_word' id='word_1_150' title='bbox 1225 1862 1638 1943; x_wconf 51' lang='grc' dir='ltr'><strong>ἐζανεύφημον</strong></span> <span class='ocrx_word' id='word_1_151' title='bbox 1658 1859 1766 1915; x_wconf 81' lang='grc' dir='ltr'><strong>τοῦ</strong></span> 
     </span>
    </p>
   </div>
   <div class='ocr_carea' id='block_1_22' title="bbox 546 1932 1410 2000">
    <p class='ocr_par' dir='ltr' id='par_1_22' title="bbox 546 1932 1410 2000">
     <span class='ocr_line' id='line_1_22' title="bbox 546 1932 1410 2000; baseline -0.001 -14"><span class='ocrx_word' id='word_1_152' title='bbox 546 1932 804 2000; x_wconf 80' lang='grc' dir='ltr'><strong>Χριστοῦ</strong></span> <span class='ocrx_word' id='word_1_153' title='bbox 835 1932 1185 1987; x_wconf 71' lang='grc' dir='ltr'><strong>ἀπόστολον</strong></span> <span class='ocrx_word' id='word_1_154' title='bbox 1224 1932 1284 1987; x_wconf 83' lang='grc' dir='ltr'><strong>Τί</strong></span> <span class='ocrx_word' id='word_1_155' title='bbox 1286 1948 1410 1986; x_wconf 80' lang='grc' dir='ltr'><strong>τον.</strong></span> 
     </span>
    </p>
   </div>
   <div class='ocr_carea' id='block_1_23' title="bbox 1860 418 3440 511">
    <p class='ocr_par' dir='ltr' id='par_1_23' title="bbox 1860 418 3440 511">
     <span class='ocr_line' id='line_1_23' title="bbox 1860 418 3440 511; baseline 0.007 -22"><span class='ocrx_word' id='word_1_156' title='bbox 1860 435 2090 490; x_wconf 89' lang='lat' dir='ltr'><strong>rilitatis</strong></span> <span class='ocrx_word' id='word_1_157' title='bbox 2150 418 2378 501; x_wconf 61' lang='lat' dir='ltr'><strong>alisiulit</strong></span> <span class='ocrx_word' id='word_1_158' title='bbox 2449 424 2948 509; x_wconf 73' lang='lat' dir='ltr'><strong>infecunditatem,</strong></span> <span class='ocrx_word' id='word_1_159' title='bbox 3017 418 3129 510; x_wconf 85' lang='lat' dir='ltr'><strong>qui</strong></span> <span class='ocrx_word' id='word_1_160' title='bbox 3178 430 3440 511; x_wconf 82' lang='lat' dir='ltr'><strong>loquente</strong></span> 
     </span>
    </p>
   </div>
   <div class='ocr_carea' id='block_1_24' title="bbox 1860 510 3441 599">
    <p class='ocr_par' dir='ltr' id='par_1_24' title="bbox 1860 510 3441 599">
     <span class='ocr_line' id='line_1_24' title="bbox 1860 510 3441 599; baseline 0.006 -19"><span class='ocrx_word' id='word_1_161' title='bbox 1860 527 2032 595; x_wconf 88' lang='lat' dir='ltr'><strong>digito</strong></span> <span class='ocrx_word' id='word_1_162' title='bbox 2083 527 2295 595; x_wconf 84' lang='lat' dir='ltr'><strong>Agnnm</strong></span> <span class='ocrx_word' id='word_1_163' title='bbox 2353 529 2634 596; x_wconf 72' lang='lat' dir='ltr'><strong>ostendit;</strong></span> <span class='ocrx_word' id='word_1_164' title='bbox 2689 544 2886 599; x_wconf 89' lang='lat' dir='ltr'><strong>magna</strong></span> <span class='ocrx_word' id='word_1_165' title='bbox 2942 516 3033 585; x_wconf 79' lang='lat' dir='ltr'><strong>illa</strong></span> <span class='ocrx_word' id='word_1_166' title='bbox 3085 510 3441 590; x_wconf 66' lang='lat' dir='ltr'><strong>continentiae</strong></span> 
     </span>
    </p>
   </div>
   <div class='ocr_carea' id='block_1_25' title="bbox 1860 602 3438 695">
    <p class='ocr_par' dir='ltr' id='par_1_25' title="bbox 1860 602 3438 695">
     <span class='ocr_line' id='line_1_25' title="bbox 1860 602 3438 695; baseline 0.008 -29"><span class='ocrx_word' id='word_1_167' title='bbox 1860 615 2133 695; x_wconf 82' lang='lat' dir='ltr'><strong>gloriatio,</strong></span> <span class='ocrx_word' id='word_1_168' title='bbox 2167 615 2355 670; x_wconf 89' lang='lat' dir='ltr'><strong>carnis</strong></span> <span class='ocrx_word' id='word_1_169' title='bbox 2405 630 2602 695; x_wconf 64' lang='lat' dir='ltr'><strong>expers</strong></span> <span class='ocrx_word' id='word_1_170' title='bbox 2654 618 2707 671; x_wconf 92' lang='lat' dir='ltr'><strong>in</strong></span> <span class='ocrx_word' id='word_1_171' title='bbox 2758 610 3020 688; x_wconf 87' lang='lat' dir='ltr'><strong>corpore,</strong></span> <span class='ocrx_word' id='word_1_172' title='bbox 3055 602 3438 693; x_wconf 82' lang='lat' dir='ltr'><strong>margaritain</strong></span> 
     </span>
    </p>
   </div>
   <div class='ocr_carea' id='block_1_26' title="bbox 1860 708 3439 787">
    <p class='ocr_par' dir='ltr' id='par_1_26' title="bbox 1860 708 3439 787">
     <span class='ocr_line' id='line_1_26' title="bbox 1860 708 3439 787; baseline 0.006 -25"><span class='ocrx_word' id='word_1_173' title='bbox 1860 722 2061 772; x_wconf 71' lang='lat' dir='ltr'><strong>caeno,</strong></span> <span class='ocrx_word' id='word_1_174' title='bbox 2096 708 2369 777; x_wconf 86' lang='lat' dir='ltr'><strong>pretiosus</strong></span> <span class='ocrx_word' id='word_1_175' title='bbox 2420 709 2475 783; x_wconf 85' lang='lat' dir='ltr'><strong>in</strong></span> <span class='ocrx_word' id='word_1_176' title='bbox 2526 709 2745 764; x_wconf 82' lang='lat' dir='ltr'><strong>lictibili</strong></span> <span class='ocrx_word' id='word_1_177' title='bbox 2788 718 2920 766; x_wconf 85' lang='lat' dir='ltr'><strong>vase</strong></span> <span class='ocrx_word' id='word_1_178' title='bbox 2973 714 3287 781; x_wconf 87' lang='lat' dir='ltr'><strong>thesaurus,</strong></span> <span class='ocrx_word' id='word_1_179' title='bbox 3344 717 3439 787; x_wconf 86' lang='lat' dir='ltr'><strong>qui</strong></span> 
     </span>
    </p>
   </div>
   <div class='ocr_carea' id='block_1_27' title="bbox 1860 797 3439 870">
    <p class='ocr_par' dir='ltr' id='par_1_27' title="bbox 1860 797 3439 870">
     <span class='ocr_line' id='line_1_27' title="bbox 1860 797 3439 870; baseline 0.004 -16"><span class='ocrx_word' id='word_1_180' title='bbox 1860 798 2071 861; x_wconf 90' lang='lat' dir='ltr'><strong>securi,</strong></span> <span class='ocrx_word' id='word_1_181' title='bbox 2102 797 2409 869; x_wconf 75' lang='lat' dir='ltr'><strong>animarum</strong></span> <span class='ocrx_word' id='word_1_182' title='bbox 2437 806 2682 868; x_wconf 89' lang='lat' dir='ltr'><strong>amputat</strong></span> <span class='ocrx_word' id='word_1_183' title='bbox 2712 802 3097 870; x_wconf 87' lang='lat' dir='ltr'><strong>sterilitatem;</strong></span> <span class='ocrx_word' id='word_1_184' title='bbox 3124 805 3439 860; x_wconf 89' lang='lat' dir='ltr'><strong>solitudinis</strong></span> 
     </span>
    </p>
   </div>
   <div class='ocr_carea' id='block_1_28' title="bbox 1861 888 3441 954">
    <p class='ocr_par' dir='ltr' id='par_1_28' title="bbox 1861 888 3441 954">
     <span class='ocr_line' id='line_1_28' title="bbox 1861 888 3441 954; baseline 0.006 -13"><span class='ocrx_word' id='word_1_185' title='bbox 1861 903 2055 942; x_wconf 85' lang='lat' dir='ltr'><strong>amans</strong></span> <span class='ocrx_word' id='word_1_186' title='bbox 2088 888 2350 943; x_wconf 73' lang='lat' dir='ltr'><strong>Ecclesiae</strong></span> <span class='ocrx_word' id='word_1_187' title='bbox 2394 898 2616 954; x_wconf 89' lang='lat' dir='ltr'><strong>turtur;</strong></span> <span class='ocrx_word' id='word_1_188' title='bbox 2649 906 2746 947; x_wconf 89' lang='lat' dir='ltr'><strong>eos</strong></span> <span class='ocrx_word' id='word_1_189' title='bbox 2781 894 2947 948; x_wconf 90' lang='lat' dir='ltr'><strong>silere</strong></span> <span class='ocrx_word' id='word_1_190' title='bbox 2988 896 3237 950; x_wconf 90' lang='lat' dir='ltr'><strong>nescium</strong></span> <span class='ocrx_word' id='word_1_191' title='bbox 3272 913 3286 949; x_wconf 87' lang='lat'><strong>:</strong></span> <span class='ocrx_word' id='word_1_192' title='bbox 3323 895 3441 952; x_wconf 81' lang='lat' dir='ltr'><strong>Vox</strong></span> 
     </span>
    </p>
   </div>
   <div class='ocr_carea' id='block_1_29' title="bbox 1863 970 3440 1057">
    <p class='ocr_par' dir='ltr' id='par_1_29' title="bbox 1863 970 3440 1057">
     <span class='ocr_line' id='line_1_29' title="bbox 1863 970 3440 1057; baseline 0.007 -26"><span class='ocrx_word' id='word_1_193' title='bbox 1863 980 2067 1057; x_wconf 81' lang='lat' dir='ltr'><strong>ubique</strong></span> <span class='ocrx_word' id='word_1_194' title='bbox 2098 986 2299 1053; x_wconf 84' lang='lat' dir='ltr'><strong>tonans</strong></span> <span class='ocrx_word' id='word_1_195' title='bbox 2330 981 2621 1036; x_wconf 85' lang='lat' dir='ltr'><strong>clamantis</strong></span> <span class='ocrx_word' id='word_1_196' title='bbox 2646 981 2700 1035; x_wconf 90' lang='lat' dir='ltr'><strong>in</strong></span> <span class='ocrx_word' id='word_1_197' title='bbox 2726 982 2948 1037; x_wconf 88' lang='lat' dir='ltr'><strong>deserto</strong></span> <span class='ocrx_word' id='word_1_198' title='bbox 2984 1003 2998 1038; x_wconf 90' lang='lat'><strong>:</strong></span> <span class='ocrx_word' id='word_1_199' title='bbox 3027 1002 3045 1036; x_wconf 85' lang='grc' dir='ltr'><strong>ι</strong></span> <span class='ocrx_word' id='word_1_200' title='bbox 3070 984 3271 1042; x_wconf 85' lang='lat' dir='ltr'><strong>Parate</strong></span> <span class='ocrx_word' id='word_1_201' title='bbox 3294 970 3440 1042; x_wconf 86' lang='lat' dir='ltr'><strong>viam</strong></span> 
     </span>
    </p>
   </div>
   <div class='ocr_carea' id='block_1_30' title="bbox 1866 1070 3442 1147">
    <p class='ocr_par' dir='ltr' id='par_1_30' title="bbox 1866 1070 3442 1147">
     <span class='ocr_line' id='line_1_30' title="bbox 1866 1070 3442 1147; baseline 0.006 -24"><span class='ocrx_word' id='word_1_202' title='bbox 1866 1070 2123 1126; x_wconf 86' lang='lat' dir='ltr'><strong>Domini:</strong></span> <span class='ocrx_word' id='word_1_203' title='bbox 2162 1080 2344 1128; x_wconf 88' lang='lat' dir='ltr'><strong>rectas</strong></span> <span class='ocrx_word' id='word_1_204' title='bbox 2393 1070 2557 1127; x_wconf 88' lang='lat' dir='ltr'><strong>facite</strong></span> <span class='ocrx_word' id='word_1_205' title='bbox 2602 1072 2831 1128; x_wconf 85' lang='lat' dir='ltr'><strong>semitas</strong></span> <span class='ocrx_word' id='word_1_206' title='bbox 2879 1074 3001 1143; x_wconf 87' lang='lat' dir='ltr'><strong>ejus</strong></span> <span class='ocrx_word' id='word_1_207' title='bbox 3044 1073 3090 1140; x_wconf 79' lang='lat'><strong>1;</strong></span> <span class='ocrx_word' id='word_1_208' title='bbox 3130 1094 3148 1127; x_wconf 72' lang='grc' dir='ltr'><strong>ι</strong></span> <span class='ocrx_word' id='word_1_209' title='bbox 3185 1076 3442 1147; x_wconf 84' lang='lat' dir='ltr'><strong>deiloqua</strong></span> 
     </span>
    </p>
   </div>
   <div class='ocr_carea' id='block_1_31' title="bbox 1864 1154 3447 1233">
    <p class='ocr_par' dir='ltr' id='par_1_31' title="bbox 1864 1154 3447 1233">
     <span class='ocr_line' id='line_1_31' title="bbox 1864 1154 3447 1233; baseline 0.004 -18"><span class='ocrx_word' id='word_1_210' title='bbox 1864 1161 2076 1232; x_wconf 81' lang='lat' dir='ltr'><strong>lingua,</strong></span> <span class='ocrx_word' id='word_1_211' title='bbox 2114 1160 2273 1229; x_wconf 82' lang='lat' dir='ltr'><strong>cujus</strong></span> <span class='ocrx_word' id='word_1_212' title='bbox 2309 1178 2414 1217; x_wconf 79' lang='lat' dir='ltr'><strong>vox</strong></span> <span class='ocrx_word' id='word_1_213' title='bbox 2453 1169 2580 1233; x_wconf 88' lang='lat' dir='ltr'><strong>post</strong></span> <span class='ocrx_word' id='word_1_214' title='bbox 2610 1163 2780 1218; x_wconf 88' lang='lat' dir='ltr'><strong>etiam</strong></span> <span class='ocrx_word' id='word_1_215' title='bbox 2809 1163 3016 1217; x_wconf 87' lang='lat' dir='ltr'><strong>obitum</strong></span> <span class='ocrx_word' id='word_1_216' title='bbox 3057 1154 3447 1222; x_wconf 24' lang='lat' dir='ltr'><strong>Ilerodem‘re-</strong></span> 
     </span>
    </p>
   </div>
   <div class='ocr_carea' id='block_1_32' title="bbox 1864 1252 3444 1327">
    <p class='ocr_par' dir='ltr' id='par_1_32' title="bbox 1864 1252 3444 1327">
     <span class='ocr_line' id='line_1_32' title="bbox 1864 1252 3444 1327; baseline 0.004 -21"><span class='ocrx_word' id='word_1_217' title='bbox 1864 1253 2183 1322; x_wconf 84' lang='lat' dir='ltr'><strong>prehendit,</strong></span> <span class='ocrx_word' id='word_1_218' title='bbox 2234 1259 2289 1309; x_wconf 88' lang='lat' dir='ltr'><strong>et</strong></span> <span class='ocrx_word' id='word_1_219' title='bbox 2340 1269 2467 1327; x_wconf 82' lang='lat' dir='ltr'><strong>eum</strong></span> <span class='ocrx_word' id='word_1_220' title='bbox 2531 1254 2819 1327; x_wconf 71' lang='lat' dir='ltr'><strong>praedicat,</strong></span> <span class='ocrx_word' id='word_1_221' title='bbox 2872 1252 2967 1324; x_wconf 89' lang='lat' dir='ltr'><strong>qui</strong></span> <span class='ocrx_word' id='word_1_222' title='bbox 3020 1261 3105 1308; x_wconf 87' lang='lat' dir='ltr'><strong>est</strong></span> <span class='ocrx_word' id='word_1_223' title='bbox 3154 1264 3444 1320; x_wconf 86' lang='lat' dir='ltr'><strong>venturus.</strong></span> 
     </span>
    </p>
   </div>
   <div class='ocr_carea' id='block_1_33' title="bbox 1865 1332 3445 1433">
    <p class='ocr_par' dir='ltr' id='par_1_33' title="bbox 1865 1332 3445 1433">
     <span class='ocr_line' id='line_1_33' title="bbox 1865 1332 3445 1433; baseline 0.003 -36"><span class='ocrx_word' id='word_1_224' title='bbox 1865 1338 2063 1425; x_wconf 80' lang='lat' dir='ltr'><strong>dicens</strong></span> <span class='ocrx_word' id='word_1_225' title='bbox 2092 1360 2107 1399; x_wconf 89' lang='lat'><strong>:</strong></span> <span class='ocrx_word' id='word_1_226' title='bbox 2142 1361 2161 1395; x_wconf 84' lang='grc' dir='ltr'><strong>ι</strong></span> <span class='ocrx_word' id='word_1_227' title='bbox 2205 1332 2809 1415; x_wconf 43' lang='lat' dir='ltr'><strong>Pmnitentiam&#39;agite;</strong></span> <span class='ocrx_word' id='word_1_228' title='bbox 2854 1344 3320 1433; x_wconf 68' lang='lat' dir='ltr'><strong>appropinquavit</strong></span> <span class='ocrx_word' id='word_1_229' title='bbox 3356 1360 3445 1401; x_wconf 86' lang='lat' dir='ltr'><strong>re-</strong></span> 
     </span>
    </p>
   </div>
   <div class='ocr_carea' id='block_1_34' title="bbox 1867 1424 3445 1513">
    <p class='ocr_par' dir='ltr' id='par_1_34' title="bbox 1867 1424 3445 1513">
     <span class='ocr_line' id='line_1_34' title="bbox 1867 1424 3445 1513; baseline 0.001 -26"><span class='ocrx_word' id='word_1_230' title='bbox 1867 1449 2031 1513; x_wconf 89' lang='lat' dir='ltr'><strong>gnum</strong></span> <span class='ocrx_word' id='word_1_231' title='bbox 2050 1433 2319 1489; x_wconf 85' lang='lat' dir='ltr'><strong>caelorum</strong></span> <span class='ocrx_word' id='word_1_232' title='bbox 2341 1443 2402 1490; x_wconf 72' lang='grc' dir='ltr'><strong>ω,</strong></span> <span class='ocrx_word' id='word_1_233' title='bbox 2433 1454 2452 1487; x_wconf 73' lang='grc' dir='ltr'><strong>ι</strong></span> <span class='ocrx_word' id='word_1_234' title='bbox 2483 1434 2589 1507; x_wconf 88' lang='lat' dir='ltr'><strong>Ipsi</strong></span> <span class='ocrx_word' id='word_1_235' title='bbox 2618 1430 2793 1507; x_wconf 81' lang='lat' dir='ltr'><strong>gloria</strong></span> <span class='ocrx_word' id='word_1_236' title='bbox 2819 1443 2874 1491; x_wconf 88' lang='lat' dir='ltr'><strong>et</strong></span> <span class='ocrx_word' id='word_1_237' title='bbox 2895 1424 3145 1507; x_wconf 80' lang='lat' dir='ltr'><strong>potestas</strong></span> <span class='ocrx_word' id='word_1_238' title='bbox 3167 1424 3221 1490; x_wconf 74' lang='lat' dir='ltr'><strong>in</strong></span> <span class='ocrx_word' id='word_1_239' title='bbox 3244 1436 3445 1493; x_wconf 75' lang='lat' dir='ltr'><strong>saecula</strong></span> 
     </span>
    </p>
   </div>
   <div class='ocr_carea' id='block_1_35' title="bbox 1865 1512 3333 1609">
    <p class='ocr_par' dir='ltr' id='par_1_35' title="bbox 1865 1512 3333 1609">
     <span class='ocr_line' id='line_1_35' title="bbox 1865 1512 3333 1609; baseline 0 -28"><span class='ocrx_word' id='word_1_240' title='bbox 1865 1526 2217 1609; x_wconf 66' lang='lat' dir='ltr'><strong>saeculorum.</strong></span> <span class='ocrx_word' id='word_1_241' title='bbox 2244 1526 2440 1605; x_wconf 74' lang='lat' dir='ltr'><strong>Alpen.</strong></span> <span class='ocrx_word' id='word_1_242' title='bbox 2976 1512 2981 1523; x_wconf 36' lang='grc'>⁸</span> <span class='ocrx_word' id='word_1_243' title='bbox 3034 1518 3039 1523; x_wconf 80' lang='grc'><strong>’</strong></span> <span class='ocrx_word' id='word_1_244' title='bbox 3089 1514 3117 1521; x_wconf 71' lang='grc'>”</span> <span class='ocrx_word' id='word_1_245' title='bbox 3170 1517 3193 1523; x_wconf 43' lang='grc'><strong>’⁷</strong></span> <span class='ocrx_word' id='word_1_246' title='bbox 3328 1514 3333 1521; x_wconf 67' lang='grc'><em>’</em></span> 
     </span>
    </p>
   </div>
   <div class='ocr_carea' id='block_1_36' title="bbox 2428 1746 2873 1815">
    <p class='ocr_par' dir='ltr' id='par_1_36' title="bbox 2428 1746 2873 1815">
     <span class='ocr_line' id='line_1_36' title="bbox 2428 1746 2873 1815; baseline 0.004 -11"><span class='ocrx_word' id='word_1_247' title='bbox 2428 1746 2695 1815; x_wconf 73' lang='grc' dir='ltr'><strong>ΟΒΑῙΙΟ</strong></span> <span class='ocrx_word' id='word_1_248' title='bbox 2731 1749 2873 1806; x_wconf 81' lang='lat' dir='ltr'><strong>XVI.</strong></span> 
     </span>
    </p>
   </div>
   <div class='ocr_carea' id='block_1_37' title="bbox 1869 1858 3449 1931">
    <p class='ocr_par' dir='ltr' id='par_1_37' title="bbox 1869 1858 3449 1931">
     <span class='ocr_line' id='line_1_37' title="bbox 1869 1858 3449 1931; baseline 0.001 -17"><span class='ocrx_word' id='word_1_249' title='bbox 1869 1859 1932 1914; x_wconf 88' lang='lat' dir='ltr'><strong>In</strong></span> <span class='ocrx_word' id='word_1_250' title='bbox 1974 1869 2220 1914; x_wconf 73' lang='lat' dir='ltr'><strong>sanctum</strong></span> <span class='ocrx_word' id='word_1_251' title='bbox 2248 1868 2301 1914; x_wconf 84' lang='lat' dir='ltr'><strong>et</strong></span> <span class='ocrx_word' id='word_1_252' title='bbox 2336 1858 2602 1931; x_wconf 64' lang='lat' dir='ltr'><strong>beatum,</strong></span> <span class='ocrx_word' id='word_1_253' title='bbox 2628 1859 3203 1931; x_wconf 59' lang='lat' dir='ltr'><strong>celejratiuimumqtte</strong></span> <span class='ocrx_word' id='word_1_254' title='bbox 3241 1858 3449 1916; x_wconf 70' lang='lat' dir='ltr'><strong>Christi</strong></span> 
     </span>
    </p>
   </div>
   <div class='ocr_carea' id='block_1_38' title="bbox 2014 1928 2918 1999">
    <p class='ocr_par' dir='ltr' id='par_1_38' title="bbox 2014 1928 2918 1999">
     <span class='ocr_line' id='line_1_38' title="bbox 2014 1928 2918 1999; baseline 0 -17"><span class='ocrx_word' id='word_1_255' title='bbox 2014 1941 2017 1943; x_wconf 81' lang='lat'>‘</span> <span class='ocrx_word' id='word_1_256' title='bbox 2392 1929 2693 1998; x_wconf 77' lang='lat' dir='ltr'><strong>apostolum</strong></span> <span class='ocrx_word' id='word_1_257' title='bbox 2720 1928 2918 1999; x_wconf 75' lang='lat' dir='ltr'><strong>Titum.</strong></span> 
     </span>
    </p>
   </div>
   <div class='ocr_carea' id='block_1_39' title="bbox 1495 2064 2141 2132">
    <p class='ocr_par' dir='ltr' id='par_1_39' title="bbox 1495 2064 2141 2132">
     <span class='ocr_line' id='line_1_39' title="bbox 1495 2064 2141 2132; baseline -0.008 -13"><span class='ocrx_word' id='word_1_258' title='bbox 1495 2068 1765 2132; x_wconf 86' lang='lat' dir='ltr'><strong>(Galland.,</strong></span> <span class='ocrx_word' id='word_1_259' title='bbox 1778 2071 1814 2117; x_wconf 88' lang='lat' dir='ltr'><strong>t.</strong></span> <span class='ocrx_word' id='word_1_260' title='bbox 1839 2065 1971 2127; x_wconf 82' lang='lat' dir='ltr'><strong>XIII,</strong></span> <span class='ocrx_word' id='word_1_261' title='bbox 2007 2064 2141 2128; x_wconf 76' lang='lat'><strong>156.)</strong></span> 
     </span>
    </p>
   </div>
   <div class='ocr_carea' id='block_1_40' title="bbox 242 2169 1766 2244">
    <p class='ocr_par' dir='ltr' id='par_1_40' title="bbox 242 2169 1766 2244">
     <span class='ocr_line' id='line_1_40' title="bbox 242 2169 1766 2244; baseline 0.003 -22"><span class='ocrx_word' id='word_1_262' title='bbox 242 2169 679 2224; x_wconf 76' lang='grc' dir='ltr'><strong>’Ἂποστολικῶν</strong></span> <span class='ocrx_word' id='word_1_263' title='bbox 733 2172 1027 2242; x_wconf 85' lang='grc' dir='ltr'><strong>ἐγκωμίων</strong></span> <span class='ocrx_word' id='word_1_264' title='bbox 1083 2173 1423 2242; x_wconf 77' lang='grc' dir='ltr'><strong>ἐφάπτεσθαι</strong></span> <span class='ocrx_word' id='word_1_265' title='bbox 1480 2174 1766 2244; x_wconf 84' lang='grc' dir='ltr'><strong>μέλλοντι,</strong></span> 
     </span>
    </p>
   </div>
   <div class='ocr_carea' id='block_1_41' title="bbox 194 2261 1770 2336">
    <p class='ocr_par' dir='ltr' id='par_1_41' title="bbox 194 2261 1770 2336">
     <span class='ocr_line' id='line_1_41' title="bbox 194 2261 1770 2336; baseline 0.004 -23"><span class='ocrx_word' id='word_1_266' title='bbox 194 2261 430 2333; x_wconf 74' lang='grc' dir='ltr'><strong>παρήτω</strong></span> <span class='ocrx_word' id='word_1_267' title='bbox 468 2278 558 2333; x_wconf 90' lang='grc' dir='ltr'><strong>μοι</strong></span> <span class='ocrx_word' id='word_1_268' title='bbox 578 2263 637 2317; x_wconf 73' lang='grc' dir='ltr'><strong>τὸ</strong></span> <span class='ocrx_word' id='word_1_269' title='bbox 663 2263 907 2334; x_wconf 85' lang='grc' dir='ltr'><strong>Πνεῦμα,</strong></span> <span class='ocrx_word' id='word_1_270' title='bbox 933 2265 1030 2319; x_wconf 66' lang='grc' dir='ltr'><strong>καὶ.</strong></span> <span class='ocrx_word' id='word_1_271' title='bbox 1058 2265 1247 2321; x_wconf 84' lang='grc' dir='ltr'><strong>διδότω</strong></span> <span class='ocrx_word' id='word_1_272' title='bbox 1271 2267 1431 2336; x_wconf 82' lang='grc' dir='ltr'><strong>λόγον</strong></span> <span class='ocrx_word' id='word_1_273' title='bbox 1456 2267 1652 2321; x_wconf 84' lang='grc' dir='ltr'><strong>ὁπόσον</strong></span> <span class='ocrx_word' id='word_1_274' title='bbox 1672 2267 1770 2321; x_wconf 78' lang='grc' dir='ltr'><strong>καὶ</strong></span> 
     </span>
    </p>
   </div>
   <div class='ocr_carea' id='block_1_42' title="bbox 194 2348 1767 2428">
    <p class='ocr_par' dir='ltr' id='par_1_42' title="bbox 194 2348 1767 2428">
     <span class='ocr_line' id='line_1_42' title="bbox 194 2348 1767 2428; baseline 0.004 -24"><span class='ocrx_word' id='word_1_275' title='bbox 194 2348 478 2424; x_wconf 71' lang='grc' dir='ltr'><strong>βούλομαι.</strong></span> <span class='ocrx_word' id='word_1_276' title='bbox 502 2355 651 2408; x_wconf 78' lang='grc' dir='ltr'><strong>Φιλεῖ</strong></span> <span class='ocrx_word' id='word_1_277' title='bbox 692 2355 801 2426; x_wconf 79' lang='grc' dir='ltr'><strong>γὰρ</strong></span> <span class='ocrx_word' id='word_1_278' title='bbox 839 2358 926 2410; x_wconf 73' lang='grc' dir='ltr'><strong>ἀεὶ</strong></span> <span class='ocrx_word' id='word_1_279' title='bbox 968 2361 1334 2428; x_wconf 83' lang='grc' dir='ltr'><strong>συμπαρεῖναι</strong></span> <span class='ocrx_word' id='word_1_280' title='bbox 1367 2361 1481 2423; x_wconf 90' lang='grc' dir='ltr'><strong>τοῖς</strong></span> <span class='ocrx_word' id='word_1_281' title='bbox 1499 2359 1566 2412; x_wconf 86' lang='grc' dir='ltr'><strong>δι’</strong></span> <span class='ocrx_word' id='word_1_282' title='bbox 1598 2358 1767 2414; x_wconf 85' lang='grc' dir='ltr'><strong>αὐτοῦ</strong></span> 
     </span>
    </p>
   </div>
   <div class='ocr_carea' id='block_1_43' title="bbox 191 2443 1771 2522">
    <p class='ocr_par' dir='ltr' id='par_1_43' title="bbox 191 2443 1771 2522">
     <span class='ocr_line' id='line_1_43' title="bbox 191 2443 1771 2522; baseline 0.003 -24"><span class='ocrx_word' id='word_1_283' title='bbox 191 2443 373 2499; x_wconf 80' lang='grc' dir='ltr'><strong>λαλεῖν</strong></span> <span class='ocrx_word' id='word_1_284' title='bbox 432 2446 750 2517; x_wconf 76' lang='grc' dir='ltr'><strong>ᾑρημένοις,</strong></span> <span class='ocrx_word' id='word_1_285' title='bbox 800 2447 988 2519; x_wconf 80' lang='grc' dir='ltr'><strong>ὥσπερ</strong></span> <span class='ocrx_word' id='word_1_286' title='bbox 1031 2449 1132 2520; x_wconf 70' lang='grc' dir='ltr'><strong>ἤδη</strong></span> <span class='ocrx_word' id='word_1_287' title='bbox 1183 2450 1447 2522; x_wconf 88' lang='grc' dir='ltr'><strong>πρότερον</strong></span> <span class='ocrx_word' id='word_1_288' title='bbox 1497 2450 1771 2519; x_wconf 85' lang='grc' dir='ltr'><strong>γλώσσαις</strong></span> 
     </span>
    </p>
   </div>
   <div class='ocr_carea' id='block_1_44' title="bbox 196 2525 1768 2610">
    <p class='ocr_par' dir='ltr' id='par_1_44' title="bbox 196 2525 1768 2610">
     <span class='ocr_line' id='line_1_44' title="bbox 196 2525 1768 2610; baseline 0.003 -23"><span class='ocrx_word' id='word_1_289' title='bbox 196 2534 401 2588; x_wconf 82' lang='grc' dir='ltr'><strong>ἀνωθεν</strong></span> <span class='ocrx_word' id='word_1_290' title='bbox 432 2535 809 2606; x_wconf 66' lang='grc' dir='ltr'><strong>καθιεμέναις,</strong></span> <span class='ocrx_word' id='word_1_291' title='bbox 847 2538 932 2607; x_wconf 82' lang='grc' dir='ltr'><strong>ἐφ’</strong></span> <span class='ocrx_word' id='word_1_292' title='bbox 971 2538 1068 2592; x_wconf 75' lang='grc' dir='ltr'><strong>ἕνα</strong></span> <span class='ocrx_word' id='word_1_293' title='bbox 1108 2525 1339 2593; x_wconf 74' lang='grc' dir='ltr'><strong>ἕκαστον</strong></span> <span class='ocrx_word' id='word_1_294' title='bbox 1361 2539 1768 2610; x_wconf 81' lang='grc' dir='ltr'><strong>καταφοιτῆσαν</strong></span> 
     </span>
    </p>
   </div>
   <div class='ocr_carea' id='block_1_45' title="bbox 193 2622 1769 2699">
    <p class='ocr_par' dir='ltr' id='par_1_45' title="bbox 193 2622 1769 2699">
     <span class='ocr_line' id='line_1_45' title="bbox 193 2622 1769 2699; baseline 0.004 -25"><span class='ocrx_word' id='word_1_295' title='bbox 193 2622 301 2676; x_wconf 82' lang='grc' dir='ltr'><strong>τῶν</strong></span> <span class='ocrx_word' id='word_1_296' title='bbox 326 2623 567 2693; x_wconf 81' lang='grc' dir='ltr'><strong>Χριστοῦ</strong></span> <span class='ocrx_word' id='word_1_297' title='bbox 621 2625 880 2696; x_wconf 83' lang='grc' dir='ltr'><strong>μαθητῶν</strong></span> <span class='ocrx_word' id='word_1_298' title='bbox 928 2627 1247 2681; x_wconf 87' lang='grc' dir='ltr'><strong>ἐπεκάθισε.</strong></span> <span class='ocrx_word' id='word_1_299' title='bbox 1296 2629 1534 2699; x_wconf 87' lang='grc' dir='ltr'><strong>Παρήτω</strong></span> <span class='ocrx_word' id='word_1_300' title='bbox 1576 2627 1656 2692; x_wconf 81' lang='grc' dir='ltr'><strong>δὲ,</strong></span> <span class='ocrx_word' id='word_1_301' title='bbox 1693 2628 1769 2698; x_wconf 82' lang='grc' dir='ltr'><strong>μὴ</strong></span> 
     </span>
    </p>
   </div>
   <div class='ocr_carea' id='block_1_46' title="bbox 194 2715 1770 2791">
    <p class='ocr_par' dir='ltr' id='par_1_46' title="bbox 194 2715 1770 2791">
     <span class='ocr_line' id='line_1_46' title="bbox 194 2715 1770 2791; baseline 0.003 -23"><span class='ocrx_word' id='word_1_302' title='bbox 194 2715 290 2784; x_wconf 75' lang='grc' dir='ltr'><strong>τὴν</strong></span> <span class='ocrx_word' id='word_1_303' title='bbox 312 2715 475 2780; x_wconf 81' lang='grc' dir='ltr'><strong>ἀξίαν</strong></span> <span class='ocrx_word' id='word_1_304' title='bbox 497 2716 599 2785; x_wconf 79' lang='grc' dir='ltr'><strong>τῆς</strong></span> <span class='ocrx_word' id='word_1_305' title='bbox 626 2717 765 2787; x_wconf 83' lang='grc' dir='ltr'><strong>ἐμῆς</strong></span> <span class='ocrx_word' id='word_1_306' title='bbox 806 2718 1110 2789; x_wconf 84' lang='grc' dir='ltr'><strong>ἐκμετροῦν</strong></span> <span class='ocrx_word' id='word_1_307' title='bbox 1152 2718 1496 2785; x_wconf 75' lang='grc' dir='ltr'><strong>ἀναϐάσεως,</strong></span> <span class='ocrx_word' id='word_1_308' title='bbox 1529 2719 1664 2772; x_wconf 86' lang='grc' dir='ltr'><strong>ἀλλά</strong></span> <span class='ocrx_word' id='word_1_309' title='bbox 1691 2719 1770 2791; x_wconf 81' lang='grc' dir='ltr'><strong>τῷ</strong></span> 
     </span>
    </p>
   </div>
   <div class='ocr_carea' id='block_1_47' title="bbox 202 2805 1771 2887">
    <p class='ocr_par' dir='ltr' id='par_1_47' title="bbox 202 2805 1771 2887">
     <span class='ocr_line' id='line_1_47' title="bbox 202 2805 1771 2887; baseline 0.004 -29"><span class='ocrx_word' id='word_1_310' title='bbox 202 2805 424 2876; x_wconf 83' lang='grc' dir='ltr'><strong>μεγέθει</strong></span> <span class='ocrx_word' id='word_1_311' title='bbox 453 2807 553 2878; x_wconf 80' lang='grc' dir='ltr'><strong>τῆς</strong></span> <span class='ocrx_word' id='word_1_312' title='bbox 580 2809 659 2871; x_wconf 84' lang='grc' dir='ltr'><strong>είς</strong></span> <span class='ocrx_word' id='word_1_313' title='bbox 694 2809 1293 2887; x_wconf 45' lang='grc' dir='ltr'><strong>ἡμᾶς’ἁγαθοπρεποῦς</strong></span> <span class='ocrx_word' id='word_1_314' title='bbox 1329 2811 1638 2881; x_wconf 86' lang='grc' dir='ltr'><strong>θεουργίας,</strong></span> <span class='ocrx_word' id='word_1_315' title='bbox 1671 2812 1771 2883; x_wconf 70' lang='grc' dir='ltr'><strong>τὴν</strong></span> 
     </span>
    </p>
   </div>
   <div class='ocr_carea' id='block_1_48' title="bbox 196 2897 1772 2971">
    <p class='ocr_par' dir='ltr' id='par_1_48' title="bbox 196 2897 1772 2971">
     <span class='ocr_line' id='line_1_48' title="bbox 196 2897 1772 2971; baseline 0.002 -19"><span class='ocrx_word' id='word_1_316' title='bbox 196 2897 623 2968; x_wconf 83' lang='grc' dir='ltr'><strong>ἁπειροπλάσιον</strong></span> <span class='ocrx_word' id='word_1_317' title='bbox 648 2898 813 2953; x_wconf 84' lang='grc' dir='ltr'><strong>αὑτοῦ</strong></span> <span class='ocrx_word' id='word_1_318' title='bbox 851 2899 1011 2971; x_wconf 81' lang='grc' dir='ltr'><strong>χάριν</strong></span> <span class='ocrx_word' id='word_1_319' title='bbox 1038 2901 1166 2969; x_wconf 83' lang='grc' dir='ltr'><strong>ἡμῖν</strong></span> <span class='ocrx_word' id='word_1_320' title='bbox 1200 2901 1635 2971; x_wconf 81' lang='grc' dir='ltr'><strong>ἐπιδαψιλεῦσον,</strong></span> <span class='ocrx_word' id='word_1_321' title='bbox 1668 2904 1772 2971; x_wconf 84' lang='grc' dir='ltr'><strong>Εῖη</strong></span> 
     </span>
    </p>
   </div>
   <div class='ocr_carea' id='block_1_49' title="bbox 196 2983 1772 3062">
    <p class='ocr_par' dir='ltr' id='par_1_49' title="bbox 196 2983 1772 3062">
     <span class='ocr_line' id='line_1_49' title="bbox 196 2983 1772 3062; baseline 0.004 -25"><span class='ocrx_word' id='word_1_322' title='bbox 196 2983 256 3039; x_wconf 76' lang='grc' dir='ltr'><strong>δὲ</strong></span> <span class='ocrx_word' id='word_1_323' title='bbox 300 2987 396 3040; x_wconf 76' lang='grc' dir='ltr'><strong>καὶ</strong></span> <span class='ocrx_word' id='word_1_324' title='bbox 446 2989 576 3058; x_wconf 86' lang='grc' dir='ltr'><strong>ὑμῖν</strong></span> <span class='ocrx_word' id='word_1_325' title='bbox 613 2990 727 3053; x_wconf 87' lang='grc' dir='ltr'><strong>τοῖς</strong></span> <span class='ocrx_word' id='word_1_326' title='bbox 786 2990 1011 3044; x_wconf 78' lang='grc' dir='ltr'><strong>αὐτόθεν</strong></span> <span class='ocrx_word' id='word_1_327' title='bbox 1066 2991 1314 3062; x_wconf 77' lang='grc' dir='ltr'><strong>ἀφθόνως</strong></span> <span class='ocrx_word' id='word_1_328' title='bbox 1366 2991 1772 3062; x_wconf 74' lang='grc' dir='ltr'><strong>ἐκόλυζομένης</strong></span> 
     </span>
    </p>
   </div>
   <div class='ocr_carea' id='block_1_50' title="bbox 1943 2166 3450 2244">
    <p class='ocr_par' dir='ltr' id='par_1_50' title="bbox 1943 2166 3450 2244">
     <span class='ocr_line' id='line_1_50' title="bbox 1943 2166 3450 2244; baseline -0.002 -19"><span class='ocrx_word' id='word_1_329' title='bbox 1943 2172 2290 2244; x_wconf 85' lang='lat' dir='ltr'><strong>Aggressuro</strong></span> <span class='ocrx_word' id='word_1_330' title='bbox 2310 2169 2445 2226; x_wconf 87' lang='lat' dir='ltr'><strong>mihi</strong></span> <span class='ocrx_word' id='word_1_331' title='bbox 2474 2169 2724 2225; x_wconf 86' lang='lat' dir='ltr'><strong>encomia</strong></span> <span class='ocrx_word' id='word_1_332' title='bbox 2755 2168 3077 2240; x_wconf 89' lang='lat' dir='ltr'><strong>apostolica,</strong></span> <span class='ocrx_word' id='word_1_333' title='bbox 3098 2167 3246 2224; x_wconf 84' lang='lat' dir='ltr'><strong>adsit</strong></span> <span class='ocrx_word' id='word_1_334' title='bbox 3272 2166 3450 2238; x_wconf 81' lang='lat' dir='ltr'><strong>Spiri-</strong></span> 
     </span>
    </p>
   </div>
   <div class='ocr_carea' id='block_1_51' title="bbox 1875 2245 3447 2333">
    <p class='ocr_par' dir='ltr' id='par_1_51' title="bbox 1875 2245 3447 2333">
     <span class='ocr_line' id='line_1_51' title="bbox 1875 2245 3447 2333; baseline -0.004 -16"><span class='ocrx_word' id='word_1_335' title='bbox 1875 2271 1967 2319; x_wconf 89' lang='lat' dir='ltr'><strong>tus</strong></span> <span class='ocrx_word' id='word_1_336' title='bbox 1996 2271 2248 2328; x_wconf 87' lang='lat' dir='ltr'><strong>sanctus,</strong></span> <span class='ocrx_word' id='word_1_337' title='bbox 2284 2276 2518 2333; x_wconf 86' lang='lat' dir='ltr'><strong>eamque</strong></span> <span class='ocrx_word' id='word_1_338' title='bbox 2555 2245 2829 2316; x_wconf 82' lang='lat' dir='ltr'><strong>sermonis</strong></span> <span class='ocrx_word' id='word_1_339' title='bbox 2869 2260 2978 2316; x_wconf 91' lang='lat' dir='ltr'><strong>vim</strong></span> <span class='ocrx_word' id='word_1_340' title='bbox 3012 2258 3239 2325; x_wconf 85' lang='lat' dir='ltr'><strong>tribuat,</strong></span> <span class='ocrx_word' id='word_1_341' title='bbox 3279 2272 3447 2328; x_wconf 89' lang='lat' dir='ltr'><strong>quam</strong></span> 
     </span>
    </p>
   </div>
   <div class='ocr_carea' id='block_1_52' title="bbox 1875 2341 3450 2431">
    <p class='ocr_par' dir='ltr' id='par_1_52' title="bbox 1875 2341 3450 2431">
     <span class='ocr_line' id='line_1_52' title="bbox 1875 2341 3450 2431; baseline -0.003 -22"><span class='ocrx_word' id='word_1_342' title='bbox 1875 2345 1930 2409; x_wconf 79' lang='lat' dir='ltr'><strong>et</strong></span> <span class='ocrx_word' id='word_1_343' title='bbox 1958 2361 2109 2431; x_wconf 86' lang='lat' dir='ltr'><strong>opto.</strong></span> <span class='ocrx_word' id='word_1_344' title='bbox 2128 2353 2333 2410; x_wconf 89' lang='lat' dir='ltr'><strong>Libens</strong></span> <span class='ocrx_word' id='word_1_345' title='bbox 2353 2353 2557 2424; x_wconf 88' lang='lat' dir='ltr'><strong>quippe</strong></span> <span class='ocrx_word' id='word_1_346' title='bbox 2581 2353 2652 2409; x_wconf 87' lang='lat' dir='ltr'><strong>iis</strong></span> <span class='ocrx_word' id='word_1_347' title='bbox 2684 2366 2901 2423; x_wconf 83' lang='lat' dir='ltr'><strong>semper</strong></span> <span class='ocrx_word' id='word_1_348' title='bbox 2923 2351 3098 2416; x_wconf 87' lang='lat' dir='ltr'><strong>adest,</strong></span> <span class='ocrx_word' id='word_1_349' title='bbox 3116 2351 3211 2421; x_wconf 91' lang='lat' dir='ltr'><strong>qui</strong></span> <span class='ocrx_word' id='word_1_350' title='bbox 3231 2341 3450 2431; x_wconf 76' lang='lat' dir='ltr'><strong>amante</strong></span> 
     </span>
    </p>
   </div>
   <div class='ocr_carea' id='block_1_53' title="bbox 1876 2428 3449 2515">
    <p class='ocr_par' dir='ltr' id='par_1_53' title="bbox 1876 2428 3449 2515">
     <span class='ocr_line' id='line_1_53' title="bbox 1876 2428 3449 2515; baseline -0.004 -15"><span class='ocrx_word' id='word_1_351' title='bbox 1876 2428 2254 2515; x_wconf 27' lang='lat' dir='ltr'><strong>ipso‘cupiunt</strong></span> <span class='ocrx_word' id='word_1_352' title='bbox 2288 2443 2440 2514; x_wconf 91' lang='lat' dir='ltr'><strong>loqui</strong></span> <span class='ocrx_word' id='word_1_353' title='bbox 2471 2460 2487 2499; x_wconf 90' lang='lat'><strong>:</strong></span> <span class='ocrx_word' id='word_1_354' title='bbox 2520 2441 2984 2514; x_wconf 88' lang='lat' dir='ltr'><strong>quemadmodum</strong></span> <span class='ocrx_word' id='word_1_355' title='bbox 3008 2436 3121 2513; x_wconf 81' lang='lat' dir='ltr'><strong>jam</strong></span> <span class='ocrx_word' id='word_1_356' title='bbox 3152 2440 3306 2506; x_wconf 88' lang='lat' dir='ltr'><strong>olim,</strong></span> <span class='ocrx_word' id='word_1_357' title='bbox 3341 2428 3449 2494; x_wconf 84' lang='lat' dir='ltr'><strong>lin-</strong></span> 
     </span>
    </p>
   </div>
   <div class='ocr_carea' id='block_1_54' title="bbox 1872 2529 3448 2608">
    <p class='ocr_par' dir='ltr' id='par_1_54' title="bbox 1872 2529 3448 2608">
     <span class='ocr_line' id='line_1_54' title="bbox 1872 2529 3448 2608; baseline -0.004 -17"><span class='ocrx_word' id='word_1_358' title='bbox 1872 2539 1998 2608; x_wconf 86' lang='lat' dir='ltr'><strong>guis</strong></span> <span class='ocrx_word' id='word_1_359' title='bbox 2027 2536 2095 2592; x_wconf 89' lang='lat' dir='ltr'><strong>de</strong></span> <span class='ocrx_word' id='word_1_360' title='bbox 2128 2536 2271 2592; x_wconf 66' lang='lat' dir='ltr'><strong>caelo</strong></span> <span class='ocrx_word' id='word_1_361' title='bbox 2299 2535 2512 2600; x_wconf 88' lang='lat' dir='ltr'><strong>missis,</strong></span> <span class='ocrx_word' id='word_1_362' title='bbox 2552 2550 2717 2606; x_wconf 87' lang='lat' dir='ltr'><strong>supra</strong></span> <span class='ocrx_word' id='word_1_363' title='bbox 2751 2534 3002 2606; x_wconf 87' lang='lat' dir='ltr'><strong>singulos</strong></span> <span class='ocrx_word' id='word_1_364' title='bbox 3038 2532 3248 2588; x_wconf 86' lang='lat' dir='ltr'><strong>Christi</strong></span> <span class='ocrx_word' id='word_1_365' title='bbox 3277 2529 3448 2587; x_wconf 84' lang='lat' dir='ltr'><strong>disci-</strong></span> 
     </span>
    </p>
   </div>
   <div class='ocr_carea' id='block_1_55' title="bbox 1875 2614 3450 2699">
    <p class='ocr_par' dir='ltr' id='par_1_55' title="bbox 1875 2614 3450 2699">
     <span class='ocr_line' id='line_1_55' title="bbox 1875 2614 3450 2699; baseline -0.004 -18"><span class='ocrx_word' id='word_1_366' title='bbox 1875 2628 2037 2699; x_wconf 84' lang='lat' dir='ltr'><strong>pulos</strong></span> <span class='ocrx_word' id='word_1_367' title='bbox 2069 2626 2413 2689; x_wconf 83' lang='lat' dir='ltr'><strong>descendens</strong></span> <span class='ocrx_word' id='word_1_368' title='bbox 2443 2625 2606 2699; x_wconf 84' lang='lat' dir='ltr'><strong>sedit.</strong></span> <span class='ocrx_word' id='word_1_369' title='bbox 2647 2625 2808 2682; x_wconf 89' lang='lat' dir='ltr'><strong>Adsit</strong></span> <span class='ocrx_word' id='word_1_370' title='bbox 2843 2615 3003 2689; x_wconf 81' lang='lat' dir='ltr'><strong>vero,</strong></span> <span class='ocrx_word' id='word_1_371' title='bbox 3050 2638 3160 2677; x_wconf 91' lang='lat' dir='ltr'><strong>non</strong></span> <span class='ocrx_word' id='word_1_372' title='bbox 3189 2616 3293 2692; x_wconf 87' lang='lat' dir='ltr'><strong>pro</strong></span> <span class='ocrx_word' id='word_1_373' title='bbox 3339 2614 3450 2675; x_wconf 81' lang='lat' dir='ltr'><strong>inei</strong></span> 
     </span>
    </p>
   </div>
   <div class='ocr_carea' id='block_1_56' title="bbox 1876 2704 3450 2788">
    <p class='ocr_par' dir='ltr' id='par_1_56' title="bbox 1876 2704 3450 2788">
     <span class='ocr_line' id='line_1_56' title="bbox 1876 2704 3450 2788; baseline -0.005 -15"><span class='ocrx_word' id='word_1_374' title='bbox 1876 2733 2144 2774; x_wconf 83' lang='lat' dir='ltr'><strong>ascensus</strong></span> <span class='ocrx_word' id='word_1_375' title='bbox 2173 2706 2407 2781; x_wconf 87' lang='lat' dir='ltr'><strong>ratione,</strong></span> <span class='ocrx_word' id='word_1_376' title='bbox 2439 2716 2533 2771; x_wconf 90' lang='lat' dir='ltr'><strong>sed</strong></span> <span class='ocrx_word' id='word_1_377' title='bbox 2560 2715 2877 2788; x_wconf 68' lang='lat' dir='ltr'><strong>prodivina:</strong></span> <span class='ocrx_word' id='word_1_378' title='bbox 2907 2715 2961 2770; x_wconf 91' lang='lat' dir='ltr'><strong>in</strong></span> <span class='ocrx_word' id='word_1_379' title='bbox 2990 2704 3275 2769; x_wconf 25' lang='lat' dir='ltr'><strong>nos-bonae</strong></span> <span class='ocrx_word' id='word_1_380' title='bbox 3303 2709 3450 2786; x_wconf 83' lang='lat' dir='ltr'><strong>illius</strong></span> 
     </span>
    </p>
   </div>
   <div class='ocr_carea' id='block_1_57' title="bbox 1876 2788 3445 2884">
    <p class='ocr_par' dir='ltr' id='par_1_57' title="bbox 1876 2788 3445 2884">
     <span class='ocr_line' id='line_1_57' title="bbox 1876 2788 3445 2884; baseline -0.005 -21"><span class='ocrx_word' id='word_1_381' title='bbox 1876 2808 2215 2879; x_wconf 88' lang='lat' dir='ltr'><strong>operationis</strong></span> <span class='ocrx_word' id='word_1_382' title='bbox 2251 2804 2666 2877; x_wconf 77' lang='lat' dir='ltr'><strong>magnitudine,</strong></span> <span class='ocrx_word' id='word_1_383' title='bbox 2716 2806 3051 2884; x_wconf 88' lang='lat' dir='ltr'><strong>immensum</strong></span> <span class='ocrx_word' id='word_1_384' title='bbox 3083 2788 3445 2884; x_wconf 72' lang='lat' dir='ltr'><strong>multiplicem</strong></span> 
     </span>
    </p>
   </div>
   <div class='ocr_carea' id='block_1_58' title="bbox 1878 2878 3449 2973">
    <p class='ocr_par' dir='ltr' id='par_1_58' title="bbox 1878 2878 3449 2973">
     <span class='ocr_line' id='line_1_58' title="bbox 1878 2878 3449 2973; baseline -0.006 -23"><span class='ocrx_word' id='word_1_385' title='bbox 1878 2878 2111 2973; x_wconf 73' lang='lat' dir='ltr'><strong>gratiam</strong></span> <span class='ocrx_word' id='word_1_386' title='bbox 2146 2910 2303 2951; x_wconf 87' lang='lat' dir='ltr'><strong>suam</strong></span> <span class='ocrx_word' id='word_1_387' title='bbox 2340 2895 2492 2965; x_wconf 82' lang='lat' dir='ltr'><strong>large</strong></span> <span class='ocrx_word' id='word_1_388' title='bbox 2520 2893 2685 2949; x_wconf 90' lang='lat' dir='ltr'><strong>nobis</strong></span> <span class='ocrx_word' id='word_1_389' title='bbox 2701 2878 3075 2949; x_wconf 71' lang='lat' dir='ltr'><strong>exlnibiturus.</strong></span> <span class='ocrx_word' id='word_1_390' title='bbox 3104 2878 3296 2960; x_wconf 79' lang='lat' dir='ltr'><strong>Operae</strong></span> <span class='ocrx_word' id='word_1_391' title='bbox 3320 2902 3449 2943; x_wconf 89' lang='lat' dir='ltr'><strong>vero</strong></span> 
     </span>
    </p>
   </div>
   <div class='ocr_carea' id='block_1_59' title="bbox 1879 2982 3450 3063">
    <p class='ocr_par' dir='ltr' id='par_1_59' title="bbox 1879 2982 3450 3063">
     <span class='ocr_line' id='line_1_59' title="bbox 1879 2982 3450 3063; baseline -0.005 -21"><span class='ocrx_word' id='word_1_392' title='bbox 1879 2989 2114 3060; x_wconf 88' lang='lat' dir='ltr'><strong>pretium</strong></span> <span class='ocrx_word' id='word_1_393' title='bbox 2159 2987 2362 3053; x_wconf 82' lang='lat' dir='ltr'><strong>fuerit,</strong></span> <span class='ocrx_word' id='word_1_394' title='bbox 2414 2995 2472 3040; x_wconf 89' lang='lat' dir='ltr'><strong>ut</strong></span> <span class='ocrx_word' id='word_1_395' title='bbox 2517 2995 2572 3042; x_wconf 89' lang='lat' dir='ltr'><strong>et</strong></span> <span class='ocrx_word' id='word_1_396' title='bbox 2618 3000 2755 3051; x_wconf 73' lang='lat' dir='ltr'><strong>vos,</strong></span> <span class='ocrx_word' id='word_1_397' title='bbox 2809 2985 2903 3054; x_wconf 91' lang='lat' dir='ltr'><strong>qui</strong></span> <span class='ocrx_word' id='word_1_398' title='bbox 2940 2982 3227 3063; x_wconf 78' lang='lat' dir='ltr'><strong>copiosum</strong></span> <span class='ocrx_word' id='word_1_399' title='bbox 3265 2983 3334 3035; x_wconf 87' lang='lat' dir='ltr'><strong>ab</strong></span> <span class='ocrx_word' id='word_1_400' title='bbox 3381 2993 3450 3035; x_wconf 87' lang='lat' dir='ltr'><strong>eo</strong></span> 
     </span>
    </p>
   </div>
   <div class='ocr_carea' id='block_1_60' title="bbox 199 3070 1768 3150">
    <p class='ocr_par' dir='ltr' id='par_1_60' title="bbox 199 3077 1768 3150">
     <span class='ocr_line' id='line_1_60' title="bbox 199 3077 1768 3150; baseline 0.003 -23"><span class='ocrx_word' id='word_1_401' title='bbox 199 3077 546 3147; x_wconf 58' lang='grc' dir='ltr'><strong>φωτοχυσίας</strong></span> <span class='ocrx_word' id='word_1_402' title='bbox 573 3080 756 3147; x_wconf 83' lang='grc' dir='ltr'><strong>τυχεῖν</strong></span> <span class='ocrx_word' id='word_1_403' title='bbox 799 3079 1130 3148; x_wconf 84' lang='grc' dir='ltr'><strong>ἐφιεμένοις,</strong></span> <span class='ocrx_word' id='word_1_404' title='bbox 1162 3080 1229 3132; x_wconf 78' lang='grc' dir='ltr'><strong>τὰ</strong></span> <span class='ocrx_word' id='word_1_405' title='bbox 1266 3079 1408 3133; x_wconf 85' lang='grc' dir='ltr'><strong>αὐτά</strong></span> <span class='ocrx_word' id='word_1_406' title='bbox 1452 3097 1543 3150; x_wconf 89' lang='grc' dir='ltr'><strong>μοι</strong></span> <span class='ocrx_word' id='word_1_407' title='bbox 1579 3079 1768 3132; x_wconf 81' lang='grc' dir='ltr'><strong>συνεύ-</strong></span> 
     </span>
    </p>
   </div>
   <div class='ocr_carea' id='block_1_61' title="bbox 1883 3070 3446 3150">
    <p class='ocr_par' dir='ltr' id='par_1_61' title="bbox 1883 3070 3446 3146">
     <span class='ocr_line' id='line_1_61' title="bbox 1883 3070 3446 3146; baseline -0.006 -12"><span class='ocrx_word' id='word_1_408' title='bbox 1883 3080 2030 3135; x_wconf 89' lang='lat' dir='ltr'><strong>fonte</strong></span> <span class='ocrx_word' id='word_1_409' title='bbox 2091 3074 2325 3133; x_wconf 86' lang='lat' dir='ltr'><strong>manans</strong></span> <span class='ocrx_word' id='word_1_410' title='bbox 2378 3077 2564 3133; x_wconf 89' lang='lat' dir='ltr'><strong>lumen</strong></span> <span class='ocrx_word' id='word_1_411' title='bbox 2617 3075 2840 3146; x_wconf 87' lang='lat' dir='ltr'><strong>assequi</strong></span> <span class='ocrx_word' id='word_1_412' title='bbox 2901 3073 3197 3137; x_wconf 87' lang='lat' dir='ltr'><strong>studeatis,</strong></span> <span class='ocrx_word' id='word_1_413' title='bbox 3252 3070 3446 3127; x_wconf 86' lang='lat' dir='ltr'><strong>eadem</strong></span> 
     </span>
    </p>
   </div>
   <div class='ocr_carea' id='block_1_62' title="bbox 196 3165 1775 3240">
    <p class='ocr_par' dir='ltr' id='par_1_62' title="bbox 196 3165 1775 3240">
     <span class='ocr_line' id='line_1_62' title="bbox 196 3165 1775 3240; baseline 0.002 -22"><span class='ocrx_word' id='word_1_414' title='bbox 196 3165 394 3230; x_wconf 79' lang='grc' dir='ltr'><strong>ξασθαι</strong></span> <span class='ocrx_word' id='word_1_415' title='bbox 427 3168 520 3220; x_wconf 70' lang='grc' dir='ltr'><strong>καὶ</strong></span> <span class='ocrx_word' id='word_1_416' title='bbox 550 3170 726 3222; x_wconf 79' lang='grc' dir='ltr'><strong>εἰπεῖν</strong></span> <span class='ocrx_word' id='word_1_417' title='bbox 746 3186 760 3200; x_wconf 87' lang='grc'><strong>·</strong></span> <span class='ocrx_word' id='word_1_418' title='bbox 794 3168 988 3239; x_wconf 77' lang='grc' dir='ltr'><strong>Κύριε,</strong></span> <span class='ocrx_word' id='word_1_419' title='bbox 1015 3168 1283 3240; x_wconf 84' lang='grc' dir='ltr'><strong>γνὼρισόν</strong></span> <span class='ocrx_word' id='word_1_420' title='bbox 1307 3186 1419 3239; x_wconf 90' lang='grc' dir='ltr'><strong>μοι,</strong></span> <span class='ocrx_word' id='word_1_421' title='bbox 1449 3169 1547 3223; x_wconf 65' lang='grc' dir='ltr'><strong>καῖ⁵</strong></span> <span class='ocrx_word' id='word_1_422' title='bbox 1570 3169 1775 3238; x_wconf 84' lang='grc' dir='ltr'><strong>γνώσο-</strong></span> 
     </span>
    </p>
   </div>
   <div class='ocr_carea' id='block_1_63' title="bbox 199 3256 1775 3331">
    <p class='ocr_par' dir='ltr' id='par_1_63' title="bbox 199 3256 1775 3331">
     <span class='ocr_line' id='line_1_63' title="bbox 199 3256 1775 3331; baseline 0.006 -22"><span class='ocrx_word' id='word_1_423' title='bbox 199 3273 322 3324; x_wconf 77' lang='grc' dir='ltr'><strong>μαι,</strong></span> <span class='ocrx_word' id='word_1_424' title='bbox 350 3256 449 3311; x_wconf 88' lang='grc' dir='ltr'><strong>τοῦ</strong></span> <span class='ocrx_word' id='word_1_425' title='bbox 486 3258 688 3327; x_wconf 85' lang='grc' dir='ltr'><strong>γνῶναι</strong></span> <span class='ocrx_word' id='word_1_426' title='bbox 724 3260 886 3331; x_wconf 77' lang='grc' dir='ltr'><strong>ἡνίκα</strong></span> <span class='ocrx_word' id='word_1_427' title='bbox 912 3262 993 3314; x_wconf 88' lang='grc' dir='ltr'><strong>δεῖ</strong></span> <span class='ocrx_word' id='word_1_428' title='bbox 1037 3262 1216 3314; x_wconf 77' lang='grc' dir='ltr'><strong>εἰπεῖν</strong></span> <span class='ocrx_word' id='word_1_429' title='bbox 1257 3260 1416 3329; x_wconf 88' lang='grc' dir='ltr'><strong>λόγον</strong></span> <span class='ocrx_word' id='word_1_430' title='bbox 1442 3277 1458 3291; x_wconf 89' lang='grc'><strong>·</strong></span> <span class='ocrx_word' id='word_1_431' title='bbox 1497 3280 1517 3313; x_wconf 86' lang='grc' dir='ltr'><strong>ι</strong></span> <span class='ocrx_word' id='word_1_432' title='bbox 1560 3261 1672 3315; x_wconf 72' lang='grc' dir='ltr'><strong>Καὶ</strong></span> <span class='ocrx_word' id='word_1_433' title='bbox 1694 3260 1775 3331; x_wconf 68' lang='grc' dir='ltr'><strong>μὴ</strong></span> 
     </span>
    </p>
   </div>
   <div class='ocr_carea' id='block_1_64' title="bbox 196 3346 1776 3422">
    <p class='ocr_par' dir='ltr' id='par_1_64' title="bbox 196 3346 1776 3422">
     <span class='ocr_line' id='line_1_64' title="bbox 196 3346 1776 3422; baseline 0.004 -24"><span class='ocrx_word' id='word_1_434' title='bbox 196 3346 459 3421; x_wconf 81' lang='grc' dir='ltr'><strong>περιέλῃς</strong></span> <span class='ocrx_word' id='word_1_435' title='bbox 484 3351 549 3402; x_wconf 83' lang='grc' dir='ltr'><strong>ἐκ</strong></span> <span class='ocrx_word' id='word_1_436' title='bbox 582 3350 680 3403; x_wconf 87' lang='grc' dir='ltr'><strong>τοῦ</strong></span> <span class='ocrx_word' id='word_1_437' title='bbox 729 3351 997 3421; x_wconf 84' lang='grc' dir='ltr'><strong>στόματός</strong></span> <span class='ocrx_word' id='word_1_438' title='bbox 1036 3368 1138 3422; x_wconf 91' lang='grc' dir='ltr'><strong>μου</strong></span> <span class='ocrx_word' id='word_1_439' title='bbox 1179 3351 1337 3420; x_wconf 88' lang='grc' dir='ltr'><strong>λόγον</strong></span> <span class='ocrx_word' id='word_1_440' title='bbox 1370 3351 1630 3422; x_wconf 82' lang='grc' dir='ltr'><strong>ἀληθείας</strong></span> <span class='ocrx_word' id='word_1_441' title='bbox 1667 3350 1776 3413; x_wconf 72' lang='grc' dir='ltr'><strong>ἕως</strong></span> 
     </span>
    </p>
   </div>
   <div class='ocr_carea' id='block_1_65' title="bbox 198 3438 1777 3515">
    <p class='ocr_par' dir='ltr' id='par_1_65' title="bbox 198 3438 1777 3515">
     <span class='ocr_line' id='line_1_65' title="bbox 198 3438 1777 3515; baseline 0.003 -25"><span class='ocrx_word' id='word_1_442' title='bbox 198 3439 428 3510; x_wconf 76' lang='grc' dir='ltr'><strong>σφόδρα.</strong></span> <span class='ocrx_word' id='word_1_443' title='bbox 460 3459 479 3492; x_wconf 85' lang='grc'><strong>›</strong></span> <span class='ocrx_word' id='word_1_444' title='bbox 509 3439 665 3495; x_wconf 81' lang='grc' dir='ltr'><strong>Οῦτω</strong></span> <span class='ocrx_word' id='word_1_445' title='bbox 692 3443 790 3512; x_wconf 77' lang='grc' dir='ltr'><strong>μὲν</strong></span> <span class='ocrx_word' id='word_1_446' title='bbox 815 3438 908 3497; x_wconf 80' lang='grc' dir='ltr'><strong>οὖν</strong></span> <span class='ocrx_word' id='word_1_447' title='bbox 931 3445 1070 3515; x_wconf 58' lang='grc' dir='ltr'><strong>πρὶς</strong></span> <span class='ocrx_word' id='word_1_448' title='bbox 1100 3443 1162 3496; x_wconf 81' lang='grc' dir='ltr'><strong>τὸ</strong></span> <span class='ocrx_word' id='word_1_449' title='bbox 1195 3442 1426 3513; x_wconf 83' lang='grc' dir='ltr'><strong>μέγεθος</strong></span> <span class='ocrx_word' id='word_1_450' title='bbox 1455 3442 1777 3515; x_wconf 82' lang='grc' dir='ltr'><strong>ἀφορῶντας</strong></span> 
     </span>
    </p>
   </div>
   <div class='ocr_carea' id='block_1_66' title="bbox 197 3533 1778 3607">
    <p class='ocr_par' dir='ltr' id='par_1_66' title="bbox 197 3533 1778 3607">
     <span class='ocr_line' id='line_1_66' title="bbox 197 3533 1778 3607; baseline 0.001 -21"><span class='ocrx_word' id='word_1_451' title='bbox 197 3533 290 3587; x_wconf 84' lang='grc' dir='ltr'><strong>τοῦ</strong></span> <span class='ocrx_word' id='word_1_452' title='bbox 318 3535 683 3606; x_wconf 87' lang='grc' dir='ltr'><strong>προκειμένου</strong></span> <span class='ocrx_word' id='word_1_453' title='bbox 710 3537 935 3605; x_wconf 81' lang='grc' dir='ltr'><strong>σκοποῦ,</strong></span> <span class='ocrx_word' id='word_1_454' title='bbox 972 3539 1054 3590; x_wconf 88' lang='grc' dir='ltr'><strong>δεῖ</strong></span> <span class='ocrx_word' id='word_1_455' title='bbox 1086 3538 1305 3601; x_wconf 86' lang='grc' dir='ltr'><strong>πάντως</strong></span> <span class='ocrx_word' id='word_1_456' title='bbox 1332 3538 1476 3607; x_wconf 82' lang='grc' dir='ltr'><strong>ἡμᾶς</strong></span> <span class='ocrx_word' id='word_1_457' title='bbox 1505 3535 1778 3607; x_wconf 77' lang='grc' dir='ltr'><strong>εὐκτικῶς</strong></span> 
     </span>
    </p>
   </div>
   <div class='ocr_carea' id='block_1_67' title="bbox 197 3626 1778 3700">
    <p class='ocr_par' dir='ltr' id='par_1_67' title="bbox 197 3626 1778 3700">
     <span class='ocr_line' id='line_1_67' title="bbox 197 3626 1778 3700; baseline 0.001 -23"><span class='ocrx_word' id='word_1_458' title='bbox 197 3626 553 3696; x_wconf 78' lang='grc' dir='ltr'><strong>ἐντυγχάνειν</strong></span> <span class='ocrx_word' id='word_1_459' title='bbox 594 3627 672 3698; x_wconf 83' lang='grc' dir='ltr'><strong>τῷ</strong></span> <span class='ocrx_word' id='word_1_460' title='bbox 698 3627 1000 3699; x_wconf 86' lang='grc' dir='ltr'><strong>Πνεόματι,</strong></span> <span class='ocrx_word' id='word_1_461' title='bbox 1042 3629 1135 3682; x_wconf 75' lang='grc' dir='ltr'><strong>καὶ</strong></span> <span class='ocrx_word' id='word_1_462' title='bbox 1177 3627 1506 3700; x_wconf 27' lang='grc' dir='ltr'><strong>παρ’,αὐτοῦ</strong></span> <span class='ocrx_word' id='word_1_463' title='bbox 1552 3628 1621 3681; x_wconf 79' lang='grc' dir='ltr'><strong>τὰ</strong></span> <span class='ocrx_word' id='word_1_464' title='bbox 1653 3628 1778 3680; x_wconf 85' lang='grc' dir='ltr'><strong>κατ’</strong></span> 
     </span>
    </p>
   </div>
   <div class='ocr_carea' id='block_1_68' title="bbox 198 3716 1780 3793">
    <p class='ocr_par' dir='ltr' id='par_1_68' title="bbox 198 3716 1780 3793">
     <span class='ocr_line' id='line_1_68' title="bbox 198 3716 1780 3793; baseline 0.001 -24"><span class='ocrx_word' id='word_1_465' title='bbox 198 3716 360 3781; x_wconf 78' lang='grc' dir='ltr'><strong>ἀξίαν</strong></span> <span class='ocrx_word' id='word_1_466' title='bbox 379 3718 563 3788; x_wconf 80' lang='grc' dir='ltr'><strong>λέγειν</strong></span> <span class='ocrx_word' id='word_1_467' title='bbox 584 3719 640 3771; x_wconf 86' lang='grc' dir='ltr'><strong>ἐν</strong></span> <span class='ocrx_word' id='word_1_468' title='bbox 660 3718 736 3790; x_wconf 84' lang='grc' dir='ltr'><strong>τῷ</strong></span> <span class='ocrx_word' id='word_1_469' title='bbox 761 3718 903 3790; x_wconf 84' lang='grc' dir='ltr'><strong>ὑπὲρ</strong></span> <span class='ocrx_word' id='word_1_470' title='bbox 929 3719 1086 3784; x_wconf 77' lang='grc' dir='ltr'><strong>ἀξίαν</strong></span> <span class='ocrx_word' id='word_1_471' title='bbox 1115 3720 1308 3786; x_wconf 84' lang='grc' dir='ltr'><strong>αἰτεῖν,</strong></span> <span class='ocrx_word' id='word_1_472' title='bbox 1336 3719 1411 3793; x_wconf 78' lang='grc' dir='ltr'><strong>ῶς</strong></span> <span class='ocrx_word' id='word_1_473' title='bbox 1439 3717 1504 3772; x_wconf 81' lang='grc' dir='ltr'><strong>ἂν</strong></span> <span class='ocrx_word' id='word_1_474' title='bbox 1537 3718 1611 3789; x_wconf 81' lang='grc' dir='ltr'><strong>μὴ</strong></span> <span class='ocrx_word' id='word_1_475' title='bbox 1633 3716 1780 3789; x_wconf 85' lang='grc' dir='ltr'><strong>λόγῳ</strong></span> 
     </span>
    </p>
   </div>
   <div class='ocr_carea' id='block_1_69' title="bbox 199 3794 1780 3880">
    <p class='ocr_par' dir='ltr' id='par_1_69' title="bbox 199 3794 1780 3880">
     <span class='ocr_line' id='line_1_69' title="bbox 199 3794 1780 3880; baseline -0.003 -18"><span class='ocrx_word' id='word_1_476' title='bbox 199 3807 597 3880; x_wconf 77' lang='grc' dir='ltr'><strong>καθυϐρισθείη</strong></span> <span class='ocrx_word' id='word_1_477' title='bbox 629 3808 689 3861; x_wconf 76' lang='grc' dir='ltr'><strong>τὸ</strong></span> <span class='ocrx_word' id='word_1_478' title='bbox 715 3809 1152 3879; x_wconf 81' lang='grc' dir='ltr'><strong>εὐφημούμενον.</strong></span> <span class='ocrx_word' id='word_1_479' title='bbox 1195 3794 1419 3861; x_wconf 87' lang='grc' dir='ltr'><strong>Ποθεῖτε</strong></span> <span class='ocrx_word' id='word_1_480' title='bbox 1454 3807 1513 3859; x_wconf 82' lang='grc' dir='ltr'><strong>δὲ</strong></span> <span class='ocrx_word' id='word_1_481' title='bbox 1559 3805 1780 3867; x_wconf 87' lang='grc' dir='ltr'><strong>πάντως</strong></span> 
     </span>
    </p>
   </div>
   <div class='ocr_carea' id='block_1_70' title="bbox 205 3894 1780 3971">
    <p class='ocr_par' dir='ltr' id='par_1_70' title="bbox 205 3894 1780 3971">
     <span class='ocr_line' id='line_1_70' title="bbox 205 3894 1780 3971; baseline -0.002 -20"><span class='ocrx_word' id='word_1_482' title='bbox 205 3898 421 3969; x_wconf 85' lang='grc' dir='ltr'><strong>μαθεῖν,</strong></span> <span class='ocrx_word' id='word_1_483' title='bbox 452 3897 507 3951; x_wconf 89' lang='grc' dir='ltr'><strong>τί</strong></span> <span class='ocrx_word' id='word_1_484' title='bbox 533 3899 662 3952; x_wconf 82' lang='grc' dir='ltr'><strong>ποτέ</strong></span> <span class='ocrx_word' id='word_1_485' title='bbox 697 3901 845 3953; x_wconf 89' lang='grc' dir='ltr'><strong>ἐστιν</strong></span> <span class='ocrx_word' id='word_1_486' title='bbox 871 3898 982 3971; x_wconf 76' lang='grc' dir='ltr'><strong>ἄρα</strong></span> <span class='ocrx_word' id='word_1_487' title='bbox 1011 3900 1071 3954; x_wconf 79' lang='grc' dir='ltr'><strong>τὸ</strong></span> <span class='ocrx_word' id='word_1_488' title='bbox 1099 3898 1193 3953; x_wconf 86' lang='grc' dir='ltr'><strong>νῦν</strong></span> <span class='ocrx_word' id='word_1_489' title='bbox 1229 3896 1671 3970; x_wconf 78' lang='grc' dir='ltr'><strong>εὐφημούμενον.</strong></span> <span class='ocrx_word' id='word_1_490' title='bbox 1704 3894 1780 3948; x_wconf 78' lang='lat' dir='ltr'><em>T6</em></span> 
     </span>
    </p>
   </div>
   <div class='ocr_carea' id='block_1_71' title="bbox 201 3986 1779 4062">
    <p class='ocr_par' dir='ltr' id='par_1_71' title="bbox 201 3986 1779 4062">
     <span class='ocr_line' id='line_1_71' title="bbox 201 3986 1779 4062; baseline -0.002 -19"><span class='ocrx_word' id='word_1_491' title='bbox 201 3989 258 4043; x_wconf 83' lang='grc' dir='ltr'><strong>δὲ</strong></span> <span class='ocrx_word' id='word_1_492' title='bbox 290 3986 579 4062; x_wconf 78' lang='grc' dir='ltr'><strong>προδήλως</strong></span> <span class='ocrx_word' id='word_1_493' title='bbox 616 3992 763 4044; x_wconf 73' lang='grc' dir='ltr'><strong>ἐστὶν</strong></span> <span class='ocrx_word' id='word_1_494' title='bbox 801 3994 829 4045; x_wconf 87' lang='lat'><strong>6</strong></span> <span class='ocrx_word' id='word_1_495' title='bbox 867 3990 1157 4054; x_wconf 86' lang='grc' dir='ltr'><strong>θεσπέσιος</strong></span> <span class='ocrx_word' id='word_1_496' title='bbox 1185 3990 1342 4053; x_wconf 86' lang='grc' dir='ltr'><strong>Τίτος</strong></span> <span class='ocrx_word' id='word_1_497' title='bbox 1374 3991 1402 4043; x_wconf 90' lang='lat'><strong>6</strong></span> <span class='ocrx_word' id='word_1_498' title='bbox 1436 3989 1652 4060; x_wconf 85' lang='grc' dir='ltr'><strong>πρῶτος</strong></span> <span class='ocrx_word' id='word_1_499' title='bbox 1677 3986 1779 4057; x_wconf 84' lang='grc' dir='ltr'><strong>τῆς</strong></span> 
     </span>
    </p>
   </div>
   <div class='ocr_carea' id='block_1_72' title="bbox 203 4071 1781 4147">
    <p class='ocr_par' dir='ltr' id='par_1_72' title="bbox 203 4071 1781 4147">
     <span class='ocr_line' id='line_1_72' title="bbox 203 4071 1781 4147; baseline -0.003 -19"><span class='ocrx_word' id='word_1_500' title='bbox 203 4076 443 4147; x_wconf 80' lang='grc' dir='ltr'><strong>Κρητῶν</strong></span> <span class='ocrx_word' id='word_1_501' title='bbox 484 4077 813 4146; x_wconf 85' lang='grc' dir='ltr'><strong>Ἐκκλησίας</strong></span> <span class='ocrx_word' id='word_1_502' title='bbox 854 4075 1129 4146; x_wconf 83' lang='grc' dir='ltr'><strong>θεμέλιος,</strong></span> <span class='ocrx_word' id='word_1_503' title='bbox 1174 4078 1275 4139; x_wconf 80' lang='grc' dir='ltr'><strong>τῆς</strong></span> <span class='ocrx_word' id='word_1_504' title='bbox 1312 4072 1572 4144; x_wconf 81' lang='grc' dir='ltr'><strong>ἀληθείας</strong></span> <span class='ocrx_word' id='word_1_505' title='bbox 1598 4074 1629 4127; x_wconf 90' lang='lat'><strong>6</strong></span> <span class='ocrx_word' id='word_1_506' title='bbox 1660 4071 1781 4125; x_wconf 80' lang='grc' dir='ltr'><strong>στύ-</strong></span> 
     </span>
    </p>
   </div>
   <div class='ocr_carea' id='block_1_73' title="bbox 204 4155 1780 4237">
    <p class='ocr_par' dir='ltr' id='par_1_73' title="bbox 204 4155 1780 4237">
     <span class='ocr_line' id='line_1_73' title="bbox 204 4155 1780 4237; baseline -0.003 -20"><span class='ocrx_word' id='word_1_507' title='bbox 204 4164 316 4229; x_wconf 86' lang='grc' dir='ltr'><strong>λος,</strong></span> <span class='ocrx_word' id='word_1_508' title='bbox 342 4166 408 4218; x_wconf 80' lang='grc' dir='ltr'><strong>τὸ</strong></span> <span class='ocrx_word' id='word_1_509' title='bbox 436 4166 535 4237; x_wconf 79' lang='grc' dir='ltr'><strong>τῆς</strong></span> <span class='ocrx_word' id='word_1_510' title='bbox 560 4165 796 4228; x_wconf 86' lang='grc' dir='ltr'><strong>πίστεως</strong></span> <span class='ocrx_word' id='word_1_511' title='bbox 832 4164 1064 4234; x_wconf 82' lang='grc' dir='ltr'><strong>ἔρεισμα</strong></span> <span class='ocrx_word' id='word_1_512' title='bbox 1106 4161 1218 4215; x_wconf 86' lang='grc' dir='ltr'><strong>τῶν</strong></span> <span class='ocrx_word' id='word_1_513' title='bbox 1249 4155 1466 4230; x_wconf 81' lang='grc' dir='ltr'><strong>ἀληθῶν</strong></span> <span class='ocrx_word' id='word_1_514' title='bbox 1493 4158 1780 4228; x_wconf 85' lang='grc' dir='ltr'><strong>δογμάτων</strong></span> 
     </span>
    </p>
   </div>
   <div class='ocr_carea' id='block_1_74' title="bbox 204 4249 1779 4327">
    <p class='ocr_par' dir='ltr' id='par_1_74' title="bbox 204 4249 1779 4327">
     <span class='ocr_line' id='line_1_74' title="bbox 204 4249 1779 4327; baseline -0.004 -18"><span class='ocrx_word' id='word_1_515' title='bbox 204 4256 234 4309; x_wconf 89' lang='grc' dir='ltr'><strong>ό</strong></span> <span class='ocrx_word' id='word_1_516' title='bbox 265 4256 550 4327; x_wconf 76' lang='grc' dir='ltr'><strong>πρόϐολος.</strong></span> <span class='ocrx_word' id='word_1_517' title='bbox 586 4256 745 4317; x_wconf 89' lang='grc' dir='ltr'><strong>Τίτος</strong></span> <span class='ocrx_word' id='word_1_518' title='bbox 776 4255 885 4317; x_wconf 80' lang='grc' dir='ltr'><strong>τῶν</strong></span> <span class='ocrx_word' id='word_1_519' title='bbox 929 4252 1306 4322; x_wconf 82' lang='grc' dir='ltr'><strong>εὐαγγελικῶν</strong></span> <span class='ocrx_word' id='word_1_520' title='bbox 1340 4249 1719 4322; x_wconf 82' lang='grc' dir='ltr'><strong>κηρυγμάτων</strong></span> <span class='ocrx_word' id='word_1_521' title='bbox 1745 4249 1779 4319; x_wconf 84' lang='grc' dir='ltr'><strong>ή</strong></span> 
     </span>
    </p>
   </div>
   <div class='ocr_carea' id='block_1_75' title="bbox 207 4338 1781 4418">
    <p class='ocr_par' dir='ltr' id='par_1_75' title="bbox 207 4338 1781 4418">
     <span class='ocr_line' id='line_1_75' title="bbox 207 4338 1781 4418; baseline -0.008 -15"><span class='ocrx_word' id='word_1_522' title='bbox 207 4349 468 4418; x_wconf 75' lang='grc' dir='ltr'><strong>ἀσίγητος</strong></span> <span class='ocrx_word' id='word_1_523' title='bbox 500 4346 758 4414; x_wconf 77' lang='grc' dir='ltr'><strong>σάλπιγξ,</strong></span> <span class='ocrx_word' id='word_1_524' title='bbox 796 4346 857 4399; x_wconf 79' lang='grc' dir='ltr'><strong>τὸ</strong></span> <span class='ocrx_word' id='word_1_525' title='bbox 894 4343 1098 4414; x_wconf 77' lang='grc' dir='ltr'><strong>ὑψηλὸν</strong></span> <span class='ocrx_word' id='word_1_526' title='bbox 1133 4343 1233 4413; x_wconf 81' lang='grc' dir='ltr'><strong>τῆς</strong></span> <span class='ocrx_word' id='word_1_527' title='bbox 1279 4342 1496 4395; x_wconf 85' lang='grc' dir='ltr'><strong>Παύλου</strong></span> <span class='ocrx_word' id='word_1_528' title='bbox 1530 4338 1781 4410; x_wconf 85' lang='grc' dir='ltr'><strong>γλώττης</strong></span> 
     </span>
    </p>
   </div>
   <div class='ocr_carea' id='block_1_76' title="bbox 1876 3156 3447 3238">
    <p class='ocr_par' dir='ltr' id='par_1_76' title="bbox 1876 3156 3447 3238">
     <span class='ocr_line' id='line_1_76' title="bbox 1876 3156 3447 3238; baseline -0.003 -15"><span class='ocrx_word' id='word_1_529' title='bbox 1876 3184 2091 3225; x_wconf 90' lang='lat' dir='ltr'><strong>mecum</strong></span> <span class='ocrx_word' id='word_1_530' title='bbox 2136 3167 2464 3238; x_wconf 84' lang='lat' dir='ltr'><strong>precemini,</strong></span> <span class='ocrx_word' id='word_1_531' title='bbox 2500 3181 2565 3220; x_wconf 88' lang='lat' dir='ltr'><strong>ac</strong></span> <span class='ocrx_word' id='word_1_532' title='bbox 2591 3167 2793 3221; x_wconf 88' lang='lat' dir='ltr'><strong>dicatis</strong></span> <span class='ocrx_word' id='word_1_533' title='bbox 2826 3183 2840 3219; x_wconf 92' lang='lat'><strong>:</strong></span> <span class='ocrx_word' id='word_1_534' title='bbox 2888 3166 3031 3221; x_wconf 86' lang='lat' dir='ltr'><strong>Doce</strong></span> <span class='ocrx_word' id='word_1_535' title='bbox 3061 3179 3169 3230; x_wconf 88' lang='lat' dir='ltr'><strong>me,</strong></span> <span class='ocrx_word' id='word_1_536' title='bbox 3194 3156 3447 3224; x_wconf 81' lang='lat' dir='ltr'><strong>Domine.</strong></span> 
     </span>
    </p>
   </div>
   <div class='ocr_carea' id='block_1_77' title="bbox 1876 3239 3451 3325">
    <p class='ocr_par' dir='ltr' id='par_1_77' title="bbox 1876 3239 3451 3325">
     <span class='ocr_line' id='line_1_77' title="bbox 1876 3239 3451 3325; baseline -0.003 -15"><span class='ocrx_word' id='word_1_537' title='bbox 1876 3264 1932 3310; x_wconf 85' lang='lat' dir='ltr'><strong>et</strong></span> <span class='ocrx_word' id='word_1_538' title='bbox 1979 3255 2151 3310; x_wconf 87' lang='lat' dir='ltr'><strong>sciam</strong></span> <span class='ocrx_word' id='word_1_539' title='bbox 2203 3255 2345 3324; x_wconf 73' lang='lat'><strong>(29);</strong></span> <span class='ocrx_word' id='word_1_540' title='bbox 2400 3264 2459 3308; x_wconf 91' lang='lat' dir='ltr'><strong>ut</strong></span> <span class='ocrx_word' id='word_1_541' title='bbox 2498 3242 2746 3309; x_wconf 82' lang='lat' dir='ltr'><strong>noverim</strong></span> <span class='ocrx_word' id='word_1_542' title='bbox 2796 3239 3025 3325; x_wconf 82' lang='lat' dir='ltr'><strong>quando</strong></span> <span class='ocrx_word' id='word_1_543' title='bbox 3070 3242 3320 3322; x_wconf 86' lang='lat' dir='ltr'><strong>oporteat</strong></span> <span class='ocrx_word' id='word_1_544' title='bbox 3362 3265 3451 3306; x_wconf 87' lang='lat' dir='ltr'><strong>me</strong></span> 
     </span>
    </p>
   </div>
   <div class='ocr_carea' id='block_1_78' title="bbox 1876 3328 3449 3414">
    <p class='ocr_par' dir='ltr' id='par_1_78' title="bbox 1876 3328 3449 3414">
     <span class='ocr_line' id='line_1_78' title="bbox 1876 3328 3449 3414; baseline -0.001 -17"><span class='ocrx_word' id='word_1_545' title='bbox 1876 3344 2025 3414; x_wconf 90' lang='lat' dir='ltr'><strong>loqui</strong></span> <span class='ocrx_word' id='word_1_546' title='bbox 2051 3328 2278 3399; x_wconf 78' lang='lat' dir='ltr'><strong>verbum</strong></span> <span class='ocrx_word' id='word_1_547' title='bbox 2305 3362 2320 3398; x_wconf 92' lang='lat'><strong>:</strong></span> <span class='ocrx_word' id='word_1_548' title='bbox 2357 3363 2376 3395; x_wconf 86' lang='grc' dir='ltr'><strong>ι</strong></span> <span class='ocrx_word' id='word_1_549' title='bbox 2417 3343 2483 3399; x_wconf 85' lang='lat' dir='ltr'><strong>Et</strong></span> <span class='ocrx_word' id='word_1_550' title='bbox 2514 3360 2582 3399; x_wconf 92' lang='lat' dir='ltr'><strong>ne</strong></span> <span class='ocrx_word' id='word_1_551' title='bbox 2607 3344 2827 3399; x_wconf 78' lang='lat' dir='ltr'><strong>auferas</strong></span> <span class='ocrx_word' id='word_1_552' title='bbox 2850 3343 3073 3398; x_wconf 84' lang='lat' dir='ltr'><strong>verbum</strong></span> <span class='ocrx_word' id='word_1_553' title='bbox 3107 3328 3363 3396; x_wconf 76' lang='lat' dir='ltr'><strong>veritatis</strong></span> <span class='ocrx_word' id='word_1_554' title='bbox 3382 3357 3449 3396; x_wconf 76' lang='lat' dir='ltr'><strong>ex</strong></span> 
     </span>
    </p>
   </div>
   <div class='ocr_carea' id='block_1_79' title="bbox 1875 3422 3452 3502">
    <p class='ocr_par' dir='ltr' id='par_1_79' title="bbox 1875 3422 3452 3502">
     <span class='ocr_line' id='line_1_79' title="bbox 1875 3422 3452 3502; baseline -0.003 -14"><span class='ocrx_word' id='word_1_555' title='bbox 1875 3447 1972 3488; x_wconf 91' lang='lat' dir='ltr'><strong>ore</strong></span> <span class='ocrx_word' id='word_1_556' title='bbox 2002 3446 2122 3487; x_wconf 90' lang='lat' dir='ltr'><strong>meo</strong></span> <span class='ocrx_word' id='word_1_557' title='bbox 2153 3446 2331 3502; x_wconf 91' lang='lat' dir='ltr'><strong>usque</strong></span> <span class='ocrx_word' id='word_1_558' title='bbox 2361 3431 2519 3486; x_wconf 86' lang='lat' dir='ltr'><strong>valde</strong></span> <span class='ocrx_word' id='word_1_559' title='bbox 2553 3442 2604 3486; x_wconf 78' lang='grc' dir='ltr'><strong>ιι.</strong></span> <span class='ocrx_word' id='word_1_560' title='bbox 2642 3451 2663 3485; x_wconf 77' lang='grc' dir='ltr'><strong>ι</strong></span> <span class='ocrx_word' id='word_1_561' title='bbox 2701 3422 2794 3486; x_wconf 85' lang='lat' dir='ltr'><strong>Sic</strong></span> <span class='ocrx_word' id='word_1_562' title='bbox 2823 3445 2957 3487; x_wconf 87' lang='lat' dir='ltr'><strong>sane</strong></span> <span class='ocrx_word' id='word_1_563' title='bbox 2978 3422 3239 3485; x_wconf 79' lang='lat' dir='ltr'><strong>animum</strong></span> <span class='ocrx_word' id='word_1_564' title='bbox 3270 3431 3452 3485; x_wconf 88' lang='lat' dir='ltr'><strong>inten-</strong></span> 
     </span>
    </p>
   </div>
   <div class='ocr_carea' id='block_1_80' title="bbox 1877 3509 3452 3594">
    <p class='ocr_par' dir='ltr' id='par_1_80' title="bbox 1877 3509 3452 3594">
     <span class='ocr_line' id='line_1_80' title="bbox 1877 3509 3452 3594; baseline -0.004 -15"><span class='ocrx_word' id='word_1_565' title='bbox 1877 3522 2135 3579; x_wconf 87' lang='lat' dir='ltr'><strong>dentibus</strong></span> <span class='ocrx_word' id='word_1_566' title='bbox 2168 3523 2226 3577; x_wconf 91' lang='lat' dir='ltr'><strong>in</strong></span> <span class='ocrx_word' id='word_1_567' title='bbox 2261 3523 2501 3593; x_wconf 89' lang='lat' dir='ltr'><strong>subjecti</strong></span> <span class='ocrx_word' id='word_1_568' title='bbox 2521 3523 2828 3594; x_wconf 88' lang='lat' dir='ltr'><strong>argumenti</strong></span> <span class='ocrx_word' id='word_1_569' title='bbox 2853 3509 3254 3593; x_wconf 67' lang='lat' dir='ltr'><strong>praestantiam,</strong></span> <span class='ocrx_word' id='word_1_570' title='bbox 3289 3520 3452 3574; x_wconf 87' lang='lat' dir='ltr'><strong>fuerit</strong></span> 
     </span>
    </p>
   </div>
   <div class='ocr_carea' id='block_1_81' title="bbox 1876 3610 3448 3684">
    <p class='ocr_par' dir='ltr' id='par_1_81' title="bbox 1876 3610 3448 3684">
     <span class='ocr_line' id='line_1_81' title="bbox 1876 3610 3448 3684; baseline -0.003 -15"><span class='ocrx_word' id='word_1_571' title='bbox 1876 3613 2104 3669; x_wconf 84' lang='lat' dir='ltr'><strong>omnino</strong></span> <span class='ocrx_word' id='word_1_572' title='bbox 2140 3613 2431 3668; x_wconf 89' lang='lat' dir='ltr'><strong>adeundus</strong></span> <span class='ocrx_word' id='word_1_573' title='bbox 2459 3628 2585 3668; x_wconf 92' lang='lat' dir='ltr'><strong>cum</strong></span> <span class='ocrx_word' id='word_1_574' title='bbox 2622 3613 2883 3684; x_wconf 88' lang='lat' dir='ltr'><strong>precibus</strong></span> <span class='ocrx_word' id='word_1_575' title='bbox 2924 3612 3147 3667; x_wconf 88' lang='lat' dir='ltr'><strong>divinus</strong></span> <span class='ocrx_word' id='word_1_576' title='bbox 3183 3610 3448 3682; x_wconf 84' lang='lat' dir='ltr'><strong>Spiritus,</strong></span> 
     </span>
    </p>
   </div>
   <div class='ocr_carea' id='block_1_82' title="bbox 1878 3696 3454 3777">
    <p class='ocr_par' dir='ltr' id='par_1_82' title="bbox 1878 3696 3454 3777">
     <span class='ocr_line' id='line_1_82' title="bbox 1878 3696 3454 3777; baseline -0.001 -17"><span class='ocrx_word' id='word_1_577' title='bbox 1878 3713 2042 3777; x_wconf 83' lang='lat' dir='ltr'><strong>atque</strong></span> <span class='ocrx_word' id='word_1_578' title='bbox 2079 3706 2146 3760; x_wconf 90' lang='lat' dir='ltr'><strong>ab</strong></span> <span class='ocrx_word' id='word_1_579' title='bbox 2179 3721 2245 3761; x_wconf 86' lang='lat' dir='ltr'><strong>eo</strong></span> <span class='ocrx_word' id='word_1_580' title='bbox 2278 3705 2574 3774; x_wconf 87' lang='lat' dir='ltr'><strong>petendum</strong></span> <span class='ocrx_word' id='word_1_581' title='bbox 2600 3745 2615 3770; x_wconf 94' lang='lat'><strong>,</strong></span> <span class='ocrx_word' id='word_1_582' title='bbox 2653 3715 2716 3760; x_wconf 92' lang='lat' dir='ltr'><strong>ut</strong></span> <span class='ocrx_word' id='word_1_583' title='bbox 2777 3720 2879 3776; x_wconf 92' lang='lat' dir='ltr'><strong>pro</strong></span> <span class='ocrx_word' id='word_1_584' title='bbox 2917 3704 3186 3776; x_wconf 81' lang='lat' dir='ltr'><strong>dignitate</strong></span> <span class='ocrx_word' id='word_1_585' title='bbox 3219 3696 3454 3759; x_wconf 81' lang='lat' dir='ltr'><strong>conces-</strong></span> 
     </span>
    </p>
   </div>
   <div class='ocr_carea' id='block_1_83' title="bbox 1878 3786 3455 3867">
    <p class='ocr_par' dir='ltr' id='par_1_83' title="bbox 1878 3786 3455 3867">
     <span class='ocr_line' id='line_1_83' title="bbox 1878 3786 3455 3867; baseline -0.001 -15"><span class='ocrx_word' id='word_1_586' title='bbox 1878 3796 2011 3852; x_wconf 88' lang='lat' dir='ltr'><strong>serit</strong></span> <span class='ocrx_word' id='word_1_587' title='bbox 2037 3795 2252 3860; x_wconf 87' lang='lat' dir='ltr'><strong>dicere,</strong></span> <span class='ocrx_word' id='word_1_588' title='bbox 2279 3796 2336 3850; x_wconf 90' lang='lat' dir='ltr'><strong>in</strong></span> <span class='ocrx_word' id='word_1_589' title='bbox 2371 3810 2438 3851; x_wconf 93' lang='lat' dir='ltr'><strong>eo</strong></span> <span class='ocrx_word' id='word_1_590' title='bbox 2462 3794 2612 3866; x_wconf 91' lang='lat' dir='ltr'><strong>quod</strong></span> <span class='ocrx_word' id='word_1_591' title='bbox 2642 3795 2968 3867; x_wconf 83' lang='lat' dir='ltr'><strong>dignitatem</strong></span> <span class='ocrx_word' id='word_1_592' title='bbox 3001 3786 3250 3865; x_wconf 79' lang='lat' dir='ltr'><strong>superat,</strong></span> <span class='ocrx_word' id='word_1_593' title='bbox 3291 3801 3353 3847; x_wconf 91' lang='lat' dir='ltr'><strong>ut</strong></span> <span class='ocrx_word' id='word_1_594' title='bbox 3382 3808 3455 3850; x_wconf 82' lang='lat' dir='ltr'><strong>ne</strong></span> 
     </span>
    </p>
   </div>
   <div class='ocr_carea' id='block_1_84' title="bbox 1878 3878 3454 3960">
    <p class='ocr_par' dir='ltr' id='par_1_84' title="bbox 1878 3878 3454 3960">
     <span class='ocr_line' id='line_1_84' title="bbox 1878 3878 3454 3960; baseline -0.003 -17"><span class='ocrx_word' id='word_1_595' title='bbox 1878 3888 2021 3960; x_wconf 84' lang='lat' dir='ltr'><strong>quod</strong></span> <span class='ocrx_word' id='word_1_596' title='bbox 2064 3888 2346 3959; x_wconf 66' lang='lat' dir='ltr'><strong>praeconio</strong></span> <span class='ocrx_word' id='word_1_597' title='bbox 2362 3888 2764 3944; x_wconf 87' lang='lat' dir='ltr'><strong>celebrandum</strong></span> <span class='ocrx_word' id='word_1_598' title='bbox 2799 3880 3163 3951; x_wconf 87' lang='lat' dir='ltr'><strong>assumimus,</strong></span> <span class='ocrx_word' id='word_1_599' title='bbox 3192 3878 3454 3943; x_wconf 84' lang='lat' dir='ltr'><strong>sermone</strong></span> 
     </span>
    </p>
   </div>
   <div class='ocr_carea' id='block_1_85' title="bbox 1878 3970 3453 4054">
    <p class='ocr_par' dir='ltr' id='par_1_85' title="bbox 1878 3970 3453 4054">
     <span class='ocr_line' id='line_1_85' title="bbox 1878 3970 3453 4054; baseline -0.002 -16"><span class='ocrx_word' id='word_1_600' title='bbox 1878 3982 2182 4038; x_wconf 83' lang='lat' dir='ltr'><strong>infametur</strong></span> <span class='ocrx_word' id='word_1_601' title='bbox 2243 3983 2605 4054; x_wconf 86' lang='lat' dir='ltr'><strong>vilescatque.</strong></span> <span class='ocrx_word' id='word_1_602' title='bbox 2672 3982 2844 4039; x_wconf 84' lang='lat' dir='ltr'><strong>Plane</strong></span> <span class='ocrx_word' id='word_1_603' title='bbox 2913 3970 3048 4039; x_wconf 82' lang='lat' dir='ltr'><strong>vero</strong></span> <span class='ocrx_word' id='word_1_604' title='bbox 3115 3980 3453 4038; x_wconf 84' lang='lat' dir='ltr'><strong>desideratis</strong></span> 
     </span>
    </p>
   </div>
   <div class='ocr_carea' id='block_1_86' title="bbox 1879 4071 3456 4145">
    <p class='ocr_par' dir='ltr' id='par_1_86' title="bbox 1879 4071 3456 4145">
     <span class='ocr_line' id='line_1_86' title="bbox 1879 4071 3456 4145; baseline -0.003 -14"><span class='ocrx_word' id='word_1_605' title='bbox 1879 4074 2027 4131; x_wconf 87' lang='lat' dir='ltr'><strong>scire</strong></span> <span class='ocrx_word' id='word_1_606' title='bbox 2073 4074 2337 4145; x_wconf 88' lang='lat' dir='ltr'><strong>quidnam</strong></span> <span class='ocrx_word' id='word_1_607' title='bbox 2371 4073 2514 4131; x_wconf 68' lang='lat' dir='ltr'><strong>laetis</strong></span> <span class='ocrx_word' id='word_1_608' title='bbox 2566 4075 2866 4145; x_wconf 77' lang='lat' dir='ltr'><strong>praeconiis</strong></span> <span class='ocrx_word' id='word_1_609' title='bbox 2920 4074 3312 4131; x_wconf 86' lang='lat' dir='ltr'><strong>celebrandum</strong></span> <span class='ocrx_word' id='word_1_610' title='bbox 3369 4071 3456 4127; x_wconf 90' lang='lat' dir='ltr'><strong>in-</strong></span> 
     </span>
    </p>
   </div>
   <div class='ocr_carea' id='block_1_87' title="bbox 1878 4156 3453 4235">
    <p class='ocr_par' dir='ltr' id='par_1_87' title="bbox 1878 4156 3453 4235">
     <span class='ocr_line' id='line_1_87' title="bbox 1878 4156 3453 4235; baseline 0.001 -17"><span class='ocrx_word' id='word_1_611' title='bbox 1878 4163 2139 4220; x_wconf 74' lang='lat' dir='ltr'><strong>cumbat?</strong></span> <span class='ocrx_word' id='word_1_612' title='bbox 2180 4162 2386 4235; x_wconf 87' lang='lat' dir='ltr'><strong>Utique</strong></span> <span class='ocrx_word' id='word_1_613' title='bbox 2415 4156 2766 4220; x_wconf 86' lang='lat' dir='ltr'><strong>admirabilis</strong></span> <span class='ocrx_word' id='word_1_614' title='bbox 2805 4166 2899 4221; x_wconf 92' lang='lat' dir='ltr'><strong>ille</strong></span> <span class='ocrx_word' id='word_1_615' title='bbox 2927 4172 2984 4220; x_wconf 88' lang='lat' dir='ltr'><strong>et</strong></span> <span class='ocrx_word' id='word_1_616' title='bbox 3014 4166 3233 4220; x_wconf 89' lang='lat' dir='ltr'><strong>divinus</strong></span> <span class='ocrx_word' id='word_1_617' title='bbox 3267 4163 3453 4227; x_wconf 87' lang='lat' dir='ltr'><strong>Titus,</strong></span> 
     </span>
    </p>
   </div>
   <div class='ocr_carea' id='block_1_88' title="bbox 1879 4253 3449 4327">
    <p class='ocr_par' dir='ltr' id='par_1_88' title="bbox 1879 4253 3449 4327">
     <span class='ocr_line' id='line_1_88' title="bbox 1879 4253 3449 4327; baseline 0 -18"><span class='ocrx_word' id='word_1_618' title='bbox 1879 4258 2116 4327; x_wconf 87' lang='lat' dir='ltr'><strong>primum</strong></span> <span class='ocrx_word' id='word_1_619' title='bbox 2180 4255 2316 4311; x_wconf 90' lang='lat' dir='ltr'><strong>illud</strong></span> <span class='ocrx_word' id='word_1_620' title='bbox 2369 4253 2650 4311; x_wconf 85' lang='lat' dir='ltr'><strong>Cretensis</strong></span> <span class='ocrx_word' id='word_1_621' title='bbox 2689 4257 2951 4312; x_wconf 75' lang='lat' dir='ltr'><strong>Ecclesia:</strong></span> <span class='ocrx_word' id='word_1_622' title='bbox 3005 4255 3449 4319; x_wconf 75' lang='lat' dir='ltr'><strong>fundamentum,</strong></span> 
     </span>
    </p>
   </div>
   <div class='ocr_carea' id='block_1_89' title="bbox 1880 4340 3457 4415">
    <p class='ocr_par' dir='ltr' id='par_1_89' title="bbox 1880 4340 3457 4415">
     <span class='ocr_line' id='line_1_89' title="bbox 1880 4340 3457 4415; baseline -0.002 -13"><span class='ocrx_word' id='word_1_623' title='bbox 1880 4348 2139 4402; x_wconf 90' lang='lat' dir='ltr'><strong>columna</strong></span> <span class='ocrx_word' id='word_1_624' title='bbox 2170 4347 2268 4401; x_wconf 86' lang='lat' dir='ltr'><strong>illa</strong></span> <span class='ocrx_word' id='word_1_625' title='bbox 2294 4347 2569 4413; x_wconf 76' lang='lat' dir='ltr'><strong>veritatis,</strong></span> <span class='ocrx_word' id='word_1_626' title='bbox 2601 4346 2726 4401; x_wconf 84' lang='lat' dir='ltr'><strong>fidei</strong></span> <span class='ocrx_word' id='word_1_627' title='bbox 2761 4340 3193 4411; x_wconf 76' lang='lat' dir='ltr'><strong>firmamentum,</strong></span> <span class='ocrx_word' id='word_1_628' title='bbox 3229 4347 3457 4415; x_wconf 86' lang='lat' dir='ltr'><strong>dogma-</strong></span> 
     </span>
    </p>
   </div>
   <div class='ocr_carea' id='block_1_90' title="bbox 209 4421 1768 4513">
    <p class='ocr_par' dir='ltr' id='par_1_90' title="bbox 209 4429 1768 4513">
     <span class='ocr_line' id='line_1_90' title="bbox 209 4429 1768 4513; baseline -0.007 -17"><span class='ocrx_word' id='word_1_629' title='bbox 209 4443 502 4513; x_wconf 77' lang='grc' dir='ltr'><strong>ἀπήχημα,</strong></span> <span class='ocrx_word' id='word_1_630' title='bbox 544 4441 646 4511; x_wconf 82' lang='grc' dir='ltr'><strong>τῆς</strong></span> <span class='ocrx_word' id='word_1_631' title='bbox 697 4440 938 4493; x_wconf 79' lang='grc' dir='ltr'><strong>ἀπλάνου</strong></span> <span class='ocrx_word' id='word_1_632' title='bbox 982 4437 1236 4506; x_wconf 85' lang='grc' dir='ltr'><strong>γνώσεως</strong></span> <span class='ocrx_word' id='word_1_633' title='bbox 1277 4438 1307 4489; x_wconf 89' lang='grc' dir='ltr'><strong>ό</strong></span> <span class='ocrx_word' id='word_1_634' title='bbox 1356 4435 1559 4491; x_wconf 85' lang='grc' dir='ltr'><strong>κανών.</strong></span> <span class='ocrx_word' id='word_1_635' title='bbox 1606 4429 1768 4496; x_wconf 76' lang='grc' dir='ltr'><strong>Οὗτος</strong></span> 
     </span>
    </p>
   </div>
   <div class='ocr_carea' id='block_1_91' title="bbox 1883 4421 3459 4513">
    <p class='ocr_par' dir='ltr' id='par_1_91' title="bbox 1884 4433 3459 4505">
     <span class='ocr_line' id='line_1_91' title="bbox 1884 4433 3459 4505; baseline -0.003 -14"><span class='ocrx_word' id='word_1_636' title='bbox 1884 4443 1995 4491; x_wconf 89' lang='lat' dir='ltr'><strong>tum</strong></span> <span class='ocrx_word' id='word_1_637' title='bbox 2027 4434 2279 4490; x_wconf 89' lang='lat' dir='ltr'><strong>veritatis</strong></span> <span class='ocrx_word' id='word_1_638' title='bbox 2313 4434 2649 4504; x_wconf 69' lang='lat' dir='ltr'><strong>praesidium.</strong></span> <span class='ocrx_word' id='word_1_639' title='bbox 2672 4433 2855 4499; x_wconf 88' lang='lat' dir='ltr'><strong>Titus,</strong></span> <span class='ocrx_word' id='word_1_640' title='bbox 2883 4435 3133 4505; x_wconf 89' lang='lat' dir='ltr'><strong>inquam,</strong></span> <span class='ocrx_word' id='word_1_641' title='bbox 3168 4433 3459 4503; x_wconf 88' lang='lat' dir='ltr'><strong>Evangeli-</strong></span> 
     </span>
    </p>
   </div>
   <div class='ocr_carea' id='block_1_92' title="bbox 214 4524 1768 4602">
    <p class='ocr_par' dir='ltr' id='par_1_92' title="bbox 214 4526 1768 4602">
     <span class='ocr_line' id='line_1_92' title="bbox 214 4526 1768 4602; baseline -0.006 -16"><span class='ocrx_word' id='word_1_642' title='bbox 214 4532 357 4602; x_wconf 70' lang='grc' dir='ltr'><strong>ἡμᾶς</strong></span> <span class='ocrx_word' id='word_1_643' title='bbox 395 4535 425 4585; x_wconf 88' lang='grc' dir='ltr'><strong>ό</strong></span> <span class='ocrx_word' id='word_1_644' title='bbox 460 4533 635 4602; x_wconf 83' lang='grc' dir='ltr'><strong>μέγας</strong></span> <span class='ocrx_word' id='word_1_645' title='bbox 675 4531 957 4601; x_wconf 74' lang='grc' dir='ltr'><strong>ἑστιάτωρ</strong></span> <span class='ocrx_word' id='word_1_646' title='bbox 982 4528 1081 4600; x_wconf 79' lang='grc' dir='ltr'><strong>τὴν</strong></span> <span class='ocrx_word' id='word_1_647' title='bbox 1131 4527 1514 4598; x_wconf 75' lang='grc' dir='ltr'><strong>πνευματικὴν</strong></span> <span class='ocrx_word' id='word_1_648' title='bbox 1550 4526 1768 4580; x_wconf 84' lang='grc' dir='ltr'><strong>πανδαι-</strong></span> 
     </span>
    </p>
   </div>
   <div class='ocr_carea' id='block_1_93' title="bbox 1883 4524 3459 4602">
    <p class='ocr_par' dir='ltr' id='par_1_93' title="bbox 1883 4524 3459 4596">
     <span class='ocr_line' id='line_1_93' title="bbox 1883 4524 3459 4596; baseline -0.001 -15"><span class='ocrx_word' id='word_1_649' title='bbox 1883 4541 2069 4582; x_wconf 90' lang='lat' dir='ltr'><strong>carum</strong></span> <span class='ocrx_word' id='word_1_650' title='bbox 2092 4525 2548 4596; x_wconf 84' lang='lat' dir='ltr'><strong>praedicationum</strong></span> <span class='ocrx_word' id='word_1_651' title='bbox 2579 4526 2768 4581; x_wconf 90' lang='lat' dir='ltr'><strong>nescia</strong></span> <span class='ocrx_word' id='word_1_652' title='bbox 2813 4525 3022 4581; x_wconf 90' lang='lat' dir='ltr'><strong>silentii</strong></span> <span class='ocrx_word' id='word_1_653' title='bbox 3073 4526 3240 4591; x_wconf 88' lang='lat' dir='ltr'><strong>tuba,</strong></span> <span class='ocrx_word' id='word_1_654' title='bbox 3282 4524 3459 4580; x_wconf 87' lang='lat' dir='ltr'><strong>subli-</strong></span> 
     </span>
    </p>
   </div>
   <div class='ocr_carea' id='block_1_94' title="bbox 214 4615 1768 4691">
    <p class='ocr_par' dir='ltr' id='par_1_94' title="bbox 214 4616 1768 4691">
     <span class='ocr_line' id='line_1_94' title="bbox 214 4616 1768 4691; baseline -0.005 -15"><span class='ocrx_word' id='word_1_655' title='bbox 214 4623 332 4677; x_wconf 86' lang='grc' dir='ltr'><strong>σίαν</strong></span> <span class='ocrx_word' id='word_1_656' title='bbox 356 4622 467 4677; x_wconf 87' lang='grc' dir='ltr'><strong>τῶν</strong></span> <span class='ocrx_word' id='word_1_657' title='bbox 496 4623 673 4691; x_wconf 87' lang='grc' dir='ltr'><strong>λόγων</strong></span> <span class='ocrx_word' id='word_1_658' title='bbox 708 4622 1035 4676; x_wconf 84' lang='grc' dir='ltr'><strong>συνεκάλεσε</strong></span> <span class='ocrx_word' id='word_1_659' title='bbox 1070 4622 1314 4691; x_wconf 82' lang='grc' dir='ltr'><strong>τήμερον</strong></span> <span class='ocrx_word' id='word_1_660' title='bbox 1336 4632 1353 4651; x_wconf 79' lang='grc'><strong>⁸</strong></span> <span class='ocrx_word' id='word_1_661' title='bbox 1375 4618 1484 4687; x_wconf 77' lang='grc' dir='ltr'><strong>δψα</strong></span> <span class='ocrx_word' id='word_1_662' title='bbox 1516 4616 1617 4689; x_wconf 78' lang='grc' dir='ltr'><strong>μὲν</strong></span> <span class='ocrx_word' id='word_1_663' title='bbox 1648 4633 1768 4687; x_wconf 62' lang='grc' dir='ltr'><strong>προς</strong></span> 
     </span>
    </p>
   </div>
   <div class='ocr_carea' id='block_1_95' title="bbox 1883 4615 3459 4691">
    <p class='ocr_par' dir='ltr' id='par_1_95' title="bbox 1883 4615 3459 4689">
     <span class='ocr_line' id='line_1_95' title="bbox 1883 4615 3459 4689; baseline -0.001 -17"><span class='ocrx_word' id='word_1_664' title='bbox 1883 4618 1986 4674; x_wconf 89' lang='lat' dir='ltr'><strong>mis</strong></span> <span class='ocrx_word' id='word_1_665' title='bbox 2012 4615 2261 4672; x_wconf 79' lang='lat' dir='ltr'><strong>Paulinae</strong></span> <span class='ocrx_word' id='word_1_666' title='bbox 2301 4617 2502 4689; x_wconf 73' lang='lat' dir='ltr'><strong>linguae</strong></span> <span class='ocrx_word' id='word_1_667' title='bbox 2531 4616 2851 4673; x_wconf 88' lang='lat' dir='ltr'><strong>resonantia</strong></span> <span class='ocrx_word' id='word_1_668' title='bbox 2875 4658 2891 4683; x_wconf 93' lang='lat'><strong>,</strong></span> <span class='ocrx_word' id='word_1_669' title='bbox 2923 4632 3065 4673; x_wconf 64' lang='lat' dir='ltr'><strong>verae</strong></span> <span class='ocrx_word' id='word_1_670' title='bbox 3098 4616 3344 4672; x_wconf 67' lang='lat' dir='ltr'><strong>scientiae</strong></span> <span class='ocrx_word' id='word_1_671' title='bbox 3368 4630 3459 4671; x_wconf 78' lang='lat' dir='ltr'><strong>re-</strong></span> 
     </span>
    </p>
   </div>
   <div class='ocr_carea' id='block_1_96' title="bbox 213 4706 1768 4785">
    <p class='ocr_par' dir='ltr' id='par_1_96' title="bbox 213 4707 1768 4785">
     <span class='ocr_line' id='line_1_96' title="bbox 213 4707 1768 4785; baseline -0.004 -19"><span class='ocrx_word' id='word_1_672' title='bbox 213 4712 321 4779; x_wconf 77' lang='grc' dir='ltr'><strong>θεῖς</strong></span> <span class='ocrx_word' id='word_1_673' title='bbox 347 4715 417 4768; x_wconf 80' lang='grc' dir='ltr'><strong>τὰ</strong></span> <span class='ocrx_word' id='word_1_674' title='bbox 454 4713 695 4785; x_wconf 73' lang='grc' dir='ltr'><strong>μυστικὰ</strong></span> <span class='ocrx_word' id='word_1_675' title='bbox 718 4715 819 4784; x_wconf 80' lang='grc' dir='ltr'><strong>τῆς</strong></span> <span class='ocrx_word' id='word_1_676' title='bbox 847 4713 1099 4785; x_wconf 83' lang='grc' dir='ltr'><strong>ἀγράφου</strong></span> <span class='ocrx_word' id='word_1_677' title='bbox 1130 4710 1321 4780; x_wconf 82' lang='grc' dir='ltr'><strong>σοφίας</strong></span> <span class='ocrx_word' id='word_1_678' title='bbox 1340 4727 1355 4742; x_wconf 84' lang='grc'>⁶</span> <span class='ocrx_word' id='word_1_679' title='bbox 1393 4709 1504 4763; x_wconf 85' lang='grc' dir='ltr'><strong>εῐτε</strong></span> <span class='ocrx_word' id='word_1_680' title='bbox 1525 4707 1768 4778; x_wconf 71' lang='grc' dir='ltr'><strong>θαύματα</strong></span> 
     </span>
    </p>
   </div>
   <div class='ocr_carea' id='block_1_97' title="bbox 1883 4706 3456 4785">
    <p class='ocr_par' dir='ltr' id='par_1_97' title="bbox 1883 4706 3456 4779">
     <span class='ocr_line' id='line_1_97' title="bbox 1883 4706 3456 4779; baseline -0.001 -17"><span class='ocrx_word' id='word_1_681' title='bbox 1883 4707 2028 4779; x_wconf 90' lang='lat' dir='ltr'><strong>gula.</strong></span> <span class='ocrx_word' id='word_1_682' title='bbox 2063 4706 2162 4763; x_wconf 81' lang='lat' dir='ltr'><strong>ilic</strong></span> <span class='ocrx_word' id='word_1_683' title='bbox 2192 4722 2295 4765; x_wconf 92' lang='lat' dir='ltr'><strong>nos</strong></span> <span class='ocrx_word' id='word_1_684' title='bbox 2337 4723 2575 4778; x_wconf 88' lang='lat' dir='ltr'><strong>magnus</strong></span> <span class='ocrx_word' id='word_1_685' title='bbox 2605 4707 2833 4764; x_wconf 87' lang='lat' dir='ltr'><strong>conviva</strong></span> <span class='ocrx_word' id='word_1_686' title='bbox 2878 4708 2944 4761; x_wconf 87' lang='lat' dir='ltr'><strong>ad</strong></span> <span class='ocrx_word' id='word_1_687' title='bbox 2991 4707 3242 4778; x_wconf 88' lang='lat' dir='ltr'><strong>spiritale</strong></span> <span class='ocrx_word' id='word_1_688' title='bbox 3271 4706 3456 4777; x_wconf 88' lang='lat' dir='ltr'><strong>splen-</strong></span> 
     </span>
    </p>
   </div>
   <div class='ocr_carea' id='block_1_98' title="bbox 210 4791 1768 4878">
    <p class='ocr_par' dir='ltr' id='par_1_98' title="bbox 210 4799 1768 4878">
     <span class='ocr_line' id='line_1_98' title="bbox 210 4799 1768 4878; baseline -0.007 -17"><span class='ocrx_word' id='word_1_689' title='bbox 210 4806 315 4878; x_wconf 77' lang='grc' dir='ltr'><strong>χρὴ</strong></span> <span class='ocrx_word' id='word_1_690' title='bbox 343 4805 550 4875; x_wconf 74' lang='grc' dir='ltr'><strong>λέγειν,</strong></span> <span class='ocrx_word' id='word_1_691' title='bbox 570 4806 680 4859; x_wconf 81' lang='grc' dir='ltr'><strong>εἴτε</strong></span> <span class='ocrx_word' id='word_1_692' title='bbox 707 4805 954 4874; x_wconf 89' lang='grc' dir='ltr'><strong>δόγματα</strong></span> <span class='ocrx_word' id='word_1_693' title='bbox 976 4819 991 4835; x_wconf 81' lang='grc'><em>’</em></span> <span class='ocrx_word' id='word_1_694' title='bbox 1014 4800 1269 4875; x_wconf 84' lang='grc' dir='ltr'><strong>κρατῆρα</strong></span> <span class='ocrx_word' id='word_1_695' title='bbox 1288 4802 1344 4854; x_wconf 80' lang='grc' dir='ltr'><strong>δὲ</strong></span> <span class='ocrx_word' id='word_1_696' title='bbox 1366 4799 1659 4872; x_wconf 80' lang='grc' dir='ltr'><strong>ὑπερφερῆ</strong></span> <span class='ocrx_word' id='word_1_697' title='bbox 1685 4799 1768 4852; x_wconf 63' lang='lat' dir='ltr'><strong>uel</strong></span> 
     </span>
    </p>
   </div>
   <div class='ocr_carea' id='block_1_99' title="bbox 1883 4791 3454 4878">
    <p class='ocr_par' dir='ltr' id='par_1_99' title="bbox 1883 4791 3454 4856">
     <span class='ocr_line' id='line_1_99' title="bbox 1883 4791 3454 4856; baseline -0.003 0"><span class='ocrx_word' id='word_1_698' title='bbox 1883 4796 2234 4856; x_wconf 89' lang='lat' dir='ltr'><strong>didissimum</strong></span> <span class='ocrx_word' id='word_1_699' title='bbox 2293 4797 2564 4854; x_wconf 85' lang='lat' dir='ltr'><strong>hodierna</strong></span> <span class='ocrx_word' id='word_1_700' title='bbox 2625 4798 2717 4854; x_wconf 86' lang='lat' dir='ltr'><strong>die</strong></span> <span class='ocrx_word' id='word_1_701' title='bbox 2752 4799 3080 4855; x_wconf 87' lang='lat' dir='ltr'><strong>convocavit</strong></span> <span class='ocrx_word' id='word_1_702' title='bbox 3134 4791 3454 4854; x_wconf 84' lang='lat' dir='ltr'><strong>sermonum</strong></span> 
     </span>
    </p>
   </div>
   <div class='ocr_carea' id='block_1_100' title="bbox 212 4884 1768 4969">
    <p class='ocr_par' dir='ltr' id='par_1_100' title="bbox 212 4890 1768 4969">
     <span class='ocr_line' id='line_1_100' title="bbox 212 4890 1768 4969; baseline -0.005 -19"><span class='ocrx_word' id='word_1_703' title='bbox 212 4896 339 4969; x_wconf 83' lang='grc' dir='ltr'><strong>θείῳ</strong></span> <span class='ocrx_word' id='word_1_704' title='bbox 369 4895 704 4969; x_wconf 86' lang='grc' dir='ltr'><strong>κιρνώμενον</strong></span> <span class='ocrx_word' id='word_1_705' title='bbox 735 4896 961 4966; x_wconf 87' lang='grc' dir='ltr'><strong>πόματι,</strong></span> <span class='ocrx_word' id='word_1_706' title='bbox 1000 4894 1092 4948; x_wconf 79' lang='grc' dir='ltr'><strong>τὸν</strong></span> <span class='ocrx_word' id='word_1_707' title='bbox 1134 4892 1453 4948; x_wconf 76' lang='grc' dir='ltr'><strong>συνεκτικὸν</strong></span> <span class='ocrx_word' id='word_1_708' title='bbox 1490 4892 1589 4963; x_wconf 85' lang='grc' dir='ltr'><strong>τῆς</strong></span> <span class='ocrx_word' id='word_1_709' title='bbox 1628 4890 1768 4954; x_wconf 66' lang='grc' dir='ltr'><strong>θείας</strong></span> 
     </span>
    </p>
   </div>
   <div class='ocr_carea' id='block_1_101' title="bbox 1883 4884 3459 4969">
    <p class='ocr_par' dir='ltr' id='par_1_101' title="bbox 1883 4884 3459 4963">
     <span class='ocr_line' id='line_1_101' title="bbox 1883 4884 3459 4963; baseline 0 -19"><span class='ocrx_word' id='word_1_710' title='bbox 1883 4890 2150 4959; x_wconf 87' lang='lat' dir='ltr'><strong>epulum:</strong></span> <span class='ocrx_word' id='word_1_711' title='bbox 2181 4904 2282 4946; x_wconf 90' lang='lat' dir='ltr'><strong>ceu</strong></span> <span class='ocrx_word' id='word_1_712' title='bbox 2311 4889 2536 4961; x_wconf 86' lang='lat' dir='ltr'><strong>quidem</strong></span> <span class='ocrx_word' id='word_1_713' title='bbox 2583 4890 2767 4947; x_wconf 90' lang='lat' dir='ltr'><strong>edulia</strong></span> <span class='ocrx_word' id='word_1_714' title='bbox 2814 4884 3047 4963; x_wconf 73' lang='lat' dir='ltr'><strong>mystica</strong></span> <span class='ocrx_word' id='word_1_715' title='bbox 3090 4905 3202 4947; x_wconf 89' lang='lat' dir='ltr'><strong>non</strong></span> <span class='ocrx_word' id='word_1_716' title='bbox 3234 4891 3459 4961; x_wconf 64' lang='lat' dir='ltr'><strong>scripta:</strong></span> 
     </span>
    </p>
   </div>
   <div class='ocr_carea' id='block_1_102' title="bbox 209 4976 1768 5058">
    <p class='ocr_par' dir='ltr' id='par_1_102' title="bbox 209 4979 1768 5054">
     <span class='ocr_line' id='line_1_102' title="bbox 209 4979 1768 5054; baseline -0.004 -15"><span class='ocrx_word' id='word_1_717' title='bbox 209 4985 559 5049; x_wconf 81' lang='grc' dir='ltr'><strong>διδασκαλίας</strong></span> <span class='ocrx_word' id='word_1_718' title='bbox 583 4986 740 5054; x_wconf 87' lang='grc' dir='ltr'><strong>λόγον</strong></span> <span class='ocrx_word' id='word_1_719' title='bbox 771 4985 933 5038; x_wconf 73' lang='grc' dir='ltr'><strong>οίονεῖ</strong></span> <span class='ocrx_word' id='word_1_720' title='bbox 956 4982 1321 5053; x_wconf 84' lang='grc' dir='ltr'><strong>προχεόμενόν</strong></span> <span class='ocrx_word' id='word_1_721' title='bbox 1352 4997 1412 5034; x_wconf 84' lang='grc' dir='ltr'><strong>τε</strong></span> <span class='ocrx_word' id='word_1_722' title='bbox 1436 4981 1530 5035; x_wconf 81' lang='grc' dir='ltr'><strong>καὶ</strong></span> <span class='ocrx_word' id='word_1_723' title='bbox 1560 4979 1768 5051; x_wconf 83' lang='grc' dir='ltr'><strong>μετεχό·</strong></span> 
     </span>
    </p>
   </div>
   <div class='ocr_carea' id='block_1_103' title="bbox 1883 4976 3458 5058">
    <p class='ocr_par' dir='ltr' id='par_1_103' title="bbox 1885 4976 3458 5058">
     <span class='ocr_line' id='line_1_103' title="bbox 1885 4976 3458 5058; baseline 0 -19"><span class='ocrx_word' id='word_1_724' title='bbox 1885 4982 2194 5054; x_wconf 67' lang='lat' dir='ltr'><strong>sapientiae,</strong></span> <span class='ocrx_word' id='word_1_725' title='bbox 2235 4984 2354 5041; x_wconf 85' lang='lat' dir='ltr'><strong>sive</strong></span> <span class='ocrx_word' id='word_1_726' title='bbox 2391 4985 2662 5043; x_wconf 88' lang='lat' dir='ltr'><strong>miracula</strong></span> <span class='ocrx_word' id='word_1_727' title='bbox 2696 4993 2915 5058; x_wconf 80' lang='lat' dir='ltr'><strong>Oportet</strong></span> <span class='ocrx_word' id='word_1_728' title='bbox 2951 4987 3136 5044; x_wconf 87' lang='lat' dir='ltr'><strong>dicere</strong></span> <span class='ocrx_word' id='word_1_729' title='bbox 3188 4986 3308 5043; x_wconf 81' lang='lat' dir='ltr'><strong>sive</strong></span> <span class='ocrx_word' id='word_1_730' title='bbox 3360 4976 3458 5040; x_wconf 81' lang='lat' dir='ltr'><strong>do-</strong></span> 
     </span>
    </p>
   </div>
   <div class='ocr_carea' id='block_1_104' title="bbox 214 5070 1768 5150">
    <p class='ocr_par' dir='ltr' id='par_1_104' title="bbox 214 5070 1768 5145">
     <span class='ocr_line' id='line_1_104' title="bbox 214 5070 1768 5145; baseline -0.005 -14"><span class='ocrx_word' id='word_1_731' title='bbox 214 5092 392 5144; x_wconf 82' lang='grc' dir='ltr'><strong>μενον.</strong></span> <span class='ocrx_word' id='word_1_732' title='bbox 416 5076 588 5145; x_wconf 78' lang='grc' dir='ltr'><strong>Λόγον</strong></span> <span class='ocrx_word' id='word_1_733' title='bbox 612 5076 669 5129; x_wconf 81' lang='grc' dir='ltr'><strong>δέ</strong></span> <span class='ocrx_word' id='word_1_734' title='bbox 700 5076 790 5129; x_wconf 73' lang='grc' dir='ltr'><strong>τὸν</strong></span> <span class='ocrx_word' id='word_1_735' title='bbox 819 5074 943 5139; x_wconf 72' lang='grc' dir='ltr'><strong>ὀξὺν</strong></span> <span class='ocrx_word' id='word_1_736' title='bbox 974 5073 1067 5128; x_wconf 74' lang='grc' dir='ltr'><strong>καὶ</strong></span> <span class='ocrx_word' id='word_1_737' title='bbox 1098 5071 1410 5142; x_wconf 87' lang='grc' dir='ltr'><strong>τομώτατον</strong></span> <span class='ocrx_word' id='word_1_738' title='bbox 1431 5070 1572 5142; x_wconf 82' lang='grc' dir='ltr'><strong>ὑπὲρ</strong></span> <span class='ocrx_word' id='word_1_739' title='bbox 1600 5072 1768 5125; x_wconf 64' lang='grc' dir='ltr'><strong>πᾶσαι</strong></span> 
     </span>
    </p>
   </div>
   <div class='ocr_carea' id='block_1_105' title="bbox 1883 5070 3458 5150">
    <p class='ocr_par' dir='ltr' id='par_1_105' title="bbox 1887 5075 3458 5150">
     <span class='ocr_line' id='line_1_105' title="bbox 1887 5075 3458 5150; baseline 0.001 -22"><span class='ocrx_word' id='word_1_740' title='bbox 1887 5075 2154 5146; x_wconf 89' lang='lat' dir='ltr'><strong>gmatica;</strong></span> <span class='ocrx_word' id='word_1_741' title='bbox 2184 5090 2285 5133; x_wconf 90' lang='lat' dir='ltr'><strong>ceu</strong></span> <span class='ocrx_word' id='word_1_742' title='bbox 2319 5087 2502 5134; x_wconf 87' lang='lat' dir='ltr'><strong>autem</strong></span> <span class='ocrx_word' id='word_1_743' title='bbox 2531 5079 2859 5150; x_wconf 75' lang='lat' dir='ltr'><strong>praeclarum</strong></span> <span class='ocrx_word' id='word_1_744' title='bbox 2914 5089 3208 5144; x_wconf 81' lang='lat' dir='ltr'><strong>craterem,</strong></span> <span class='ocrx_word' id='word_1_745' title='bbox 3247 5091 3310 5130; x_wconf 85' lang='lat' dir='ltr'><strong>ac</strong></span> <span class='ocrx_word' id='word_1_746' title='bbox 3366 5076 3458 5130; x_wconf 78' lang='lat' dir='ltr'><strong>di-</strong></span> 
     </span>
    </p>
   </div>
   <div class='ocr_carea' id='block_1_106' title="bbox 290 5249 1880 5337">
    <p class='ocr_par' dir='ltr' id='par_1_106' title="bbox 290 5249 1880 5337">
     <span class='ocr_line' id='line_1_106' title="bbox 290 5249 1880 5337; baseline -0.005 -25"><span class='ocrx_word' id='word_1_747' title='bbox 290 5254 308 5294; x_wconf 81' lang='grc' dir='ltr'><strong>ι</strong></span> <span class='ocrx_word' id='word_1_748' title='bbox 345 5254 507 5312; x_wconf 85' lang='lat' dir='ltr'><strong>Joan.</strong></span> <span class='ocrx_word' id='word_1_749' title='bbox 537 5273 578 5322; x_wconf 90' lang='grc' dir='ltr'><strong>ι,</strong></span> <span class='ocrx_word' id='word_1_750' title='bbox 625 5255 715 5311; x_wconf 73' lang='grc'><strong>25.</strong></span> <span class='ocrx_word' id='word_1_751' title='bbox 793 5263 830 5286; x_wconf 78' lang='grc'><em>³</em></span> <span class='ocrx_word' id='word_1_752' title='bbox 861 5254 1058 5337; x_wconf 86' lang='lat' dir='ltr'><strong>Matth.</strong></span> <span class='ocrx_word' id='word_1_753' title='bbox 1090 5268 1174 5318; x_wconf 87' lang='grc' dir='ltr'><strong>ιιι,</strong></span> <span class='ocrx_word' id='word_1_754' title='bbox 1205 5253 1260 5315; x_wconf 75' lang='grc'><strong>2.</strong></span> <span class='ocrx_word' id='word_1_755' title='bbox 1338 5263 1364 5290; x_wconf 80' lang='grc' dir='ltr'>ι</span> <span class='ocrx_word' id='word_1_756' title='bbox 1406 5251 1763 5316; x_wconf 69' lang='lat' dir='ltr'><strong>l’sal.cxvm,</strong></span> <span class='ocrx_word' id='word_1_757' title='bbox 1789 5249 1880 5305; x_wconf 70' lang='grc'><strong>45.</strong></span> 
     </span>
    </p>
   </div>
   <div class='ocr_carea' id='block_1_107' title="bbox 1490 5387 2146 5450">
    <p class='ocr_par' dir='ltr' id='par_1_107' title="bbox 1490 5387 2146 5450">
     <span class='ocr_line' id='line_1_107' title="bbox 1490 5387 2146 5450; baseline -0.008 0"><span class='ocrx_word' id='word_1_758' title='bbox 1490 5388 1882 5450; x_wconf 81' lang='lat' dir='ltr'><strong>COMBEFISII</strong></span> <span class='ocrx_word' id='word_1_759' title='bbox 1912 5387 2146 5447; x_wconf 64' lang='lat' dir='ltr'><strong>NOTAE.</strong></span> 
     </span>
    </p>
   </div>
   <div class='ocr_carea' id='block_1_108' title="bbox 284 5478 3459 5563">
    <p class='ocr_par' dir='ltr' id='par_1_108' title="bbox 284 5478 3459 5563">
     <span class='ocr_line' id='line_1_108' title="bbox 284 5478 3459 5563; baseline -0.005 -17"><span class='ocrx_word' id='word_1_760' title='bbox 284 5491 399 5563; x_wconf 74' lang='lat'><strong>(29)</strong></span> <span class='ocrx_word' id='word_1_761' title='bbox 442 5490 970 5563; x_wconf 76' lang='lat' dir='ltr'><strong>Doce_me,_Domin¢,</strong></span> <span class='ocrx_word' id='word_1_762' title='bbox 996 5490 1250 5563; x_wconf 73' lang='lat' dir='ltr'><strong>etsciam,</strong></span> <span class='ocrx_word' id='word_1_763' title='bbox 1276 5498 1384 5563; x_wconf 84' lang='lat' dir='ltr'><strong>etc.</strong></span> <span class='ocrx_word' id='word_1_764' title='bbox 1404 5489 1632 5563; x_wconf 58' lang='lat' dir='ltr'><strong>videtur</strong></span> <span class='ocrx_word' id='word_1_765' title='bbox 1654 5489 1792 5544; x_wconf 88' lang='lat' dir='ltr'><strong>allu-</strong></span> <span class='ocrx_word' id='word_1_766' title='bbox 1896 5487 2191 5563; x_wconf 83' lang='lat' dir='ltr'><strong>lectionem</strong></span> <span class='ocrx_word' id='word_1_767' title='bbox 2225 5484 2313 5563; x_wconf 78' lang='lat' dir='ltr'><strong>illi</strong></span> <span class='ocrx_word' id='word_1_768' title='bbox 2338 5482 2570 5563; x_wconf 72' lang='lat' dir='ltr'><strong>affinem,</strong></span> <span class='ocrx_word' id='word_1_769' title='bbox 2598 5478 2749 5536; x_wconf 66' lang='lat' dir='ltr'><strong>Mala</strong></span> <span class='ocrx_word' id='word_1_770' title='bbox 2780 5480 3041 5563; x_wconf 49' lang='lat' dir='ltr'><strong>attremit:</strong></span> <span class='ocrx_word' id='word_1_771' title='bbox 3077 5478 3232 5563; x_wconf 65' lang='lat' dir='ltr'><strong>lectis</strong></span> <span class='ocrx_word' id='word_1_772' title='bbox 3270 5494 3459 5548; x_wconf 81' lang='lat' dir='ltr'><strong>argen-</strong></span> 
     </span>
    </p>
   </div>
   <div class='ocr_carea' id='block_1_109' title="bbox 218 5551 3456 5629">
    <p class='ocr_par' dir='ltr' id='par_1_109' title="bbox 218 5551 3456 5629">
     <span class='ocr_line' id='line_1_109' title="bbox 218 5551 3456 5629; baseline -0.004 -15"><span class='ocrx_word' id='word_1_773' title='bbox 218 5551 348 5616; x_wconf 77' lang='lat' dir='ltr'><strong>dei&#39;e</strong></span> <span class='ocrx_word' id='word_1_774' title='bbox 384 5551 460 5616; x_wconf 61' lang='lat' dir='ltr'><strong>&#39;ad</strong></span> <span class='ocrx_word' id='word_1_775' title='bbox 496 5561 660 5617; x_wconf 87' lang='lat' dir='ltr'><strong>verba</strong></span> <span class='ocrx_word' id='word_1_776' title='bbox 692 5551 867 5618; x_wconf 46' lang='lat' dir='ltr'><strong>&#39;Pauli</strong></span> <span class='ocrx_word' id='word_1_777' title='bbox 927 5551 1128 5629; x_wconf 75' lang='lat' dir='ltr'><strong>Ephes.</strong></span> <span class='ocrx_word' id='word_1_778' title='bbox 1167 5551 1246 5624; x_wconf 74' lang='lat' dir='ltr'><strong>tv,</strong></span> <span class='ocrx_word' id='word_1_779' title='bbox 1294 5562 1386 5616; x_wconf 72' lang='lat'><strong>20.</strong></span> <span class='ocrx_word' id='word_1_780' title='bbox 1442 5559 1607 5619; x_wconf 84' lang='lat' dir='ltr'><strong>Forte</strong></span> <span class='ocrx_word' id='word_1_781' title='bbox 1654 5574 1787 5615; x_wconf 88' lang='lat' dir='ltr'><strong>vero</strong></span> <span class='ocrx_word' id='word_1_782' title='bbox 1897 5559 2033 5621; x_wconf 80' lang='lat' dir='ltr'><strong>teis,</strong></span> <span class='ocrx_word' id='word_1_783' title='bbox 2088 5556 2171 5629; x_wconf 59' lang='lat' dir='ltr'><strong>sic</strong></span> <span class='ocrx_word' id='word_1_784' title='bbox 2224 5556 2313 5627; x_wconf 85' lang='lat' dir='ltr'><strong>qui</strong></span> <span class='ocrx_word' id='word_1_785' title='bbox 2402 5553 2634 5625; x_wconf 78' lang='lat' dir='ltr'><strong>loquitur</strong></span> <span class='ocrx_word' id='word_1_786' title='bbox 2686 5551 2898 5607; x_wconf 80' lang='lat' dir='ltr'><strong>verbum</strong></span> <span class='ocrx_word' id='word_1_787' title='bbox 2954 5553 3007 5605; x_wconf 81' lang='lat' dir='ltr'><strong>in</strong></span> <span class='ocrx_word' id='word_1_788' title='bbox 3071 5559 3302 5618; x_wconf 78' lang='lat' dir='ltr'><strong>tempore</strong></span> <span class='ocrx_word' id='word_1_789' title='bbox 3359 5564 3456 5601; x_wconf 74' lang='lat' dir='ltr'><strong>tua</strong></span> 
     </span>
    </p>
   </div>
   <div class='ocr_carea' id='block_1_110' title="bbox 223 5626 2188 5711">
    <p class='ocr_par' dir='ltr' id='par_1_110' title="bbox 223 5626 2188 5711">
     <span class='ocr_line' id='line_1_110' title="bbox 223 5626 2188 5711; baseline -0.002 -26"><span class='ocrx_word' id='word_1_790' title='bbox 223 5631 446 5703; x_wconf 84' lang='lat' dir='ltr'><strong>respicit</strong></span> <span class='ocrx_word' id='word_1_791' title='bbox 474 5632 657 5688; x_wconf 90' lang='lat' dir='ltr'><strong>locum</strong></span> <span class='ocrx_word' id='word_1_792' title='bbox 699 5626 1576 5711; x_wconf 58' lang='lat' dir='ltr'><strong>aliquem&#39;Proverbiorumjuxta</strong></span> <span class='ocrx_word' id='word_1_793' title='bbox 1619 5629 1785 5709; x_wconf 79' lang='lat' dir='ltr'><strong>aliam</strong></span> <span class='ocrx_word' id='word_1_794' title='bbox 1896 5629 2046 5703; x_wconf 54' lang='grc' dir='ltr'><strong>(λιν,</strong></span> <span class='ocrx_word' id='word_1_795' title='bbox 2079 5626 2188 5696; x_wconf 80' lang='lat' dir='ltr'><strong>ll).</strong></span> 
     </span>
    </p>
   </div>
  </div>
