3790 6202
398 271 534 378 ius

1579 304 1637 367 3.
1673 309 2000 368 ANDRE/E
2029 309 2448 370 CRETENSIS

3447 319 3544 382 1H4

391 429 522 482 vino
563 435 923 496 temperatum
959 431 1093 494 potu
1120 463 1135 486 ,
1175 421 1419 477 divinam
1461 421 1772 476 doctrinam
1816 424 1936 477 velu

2069 423 2348 494 μάχαιραν
2374 423 2652 492 δίστομον,
2686 423 2779 476 καὶ
2812 423 3172 495 διικνούμενον
3193 426 3305 495 ἄχρι
3335 439 3548 501 μερισμοῦ

392 532 614 571 snnnna
642 515 990 584 complexum
1021 527 1356 576 sermonem,
1399 511 1493 581 qui
1547 511 1960 582 participandus

310 659 315 663 .
390 617 755 678 proponetur,
787 605 1116 677 propinans.
1143 603 1490 668 Sermonem,
1515 604 1762 673 inquam,
1804 603 1959 656 illum

387 708 633 767 acutum,
675 698 1357 772 penetrabilissimumque
1391 713 1562 767 supra
1593 711 1812 751 omnem
1843 695 1960 765 gla-

384 791 532 846 dium
564 793 878 862 ancipitem,
911 801 964 848 et
996 793 1397 863 pertingentem
1430 805 1606 859 usque
1633 789 1700 842 ad
1736 787 1962 852 divisio-

2072 515 2276 583 σαρκὸς
2315 517 2406 568 καὶ
2437 515 2764 584 πνεύματος,
2784 517 2856 580 ὡς
2882 517 2943 588 δὴ
2971 517 3164 587 μικρὸν
3193 518 3406 589 ὕστερον,
3433 524 3490 584 ὡς
3510 527 3549 575 ἐν

2069 607 2321 675 ἐπιλόγου
2347 608 2498 672 τάξει
2537 609 2646 668 τοῖς
2693 607 2950 675 φιλοθέοις
2989 610 3300 678 ἐκθήσομαι.
3337 610 3428 663 Νῦν
3451 613 3552 679 δὲ,ἃ

2069 697 2221 765 φίλον
2251 699 2388 761 τέως
2424 700 2552 768 ὑμῖν
2594 698 2692 768 μὲν
2727 699 2958 767 ἀκούειν,
2987 701 3110 770 ἐμοὶ
3153 701 3207 753 δέ
3249 701 3403 769 λέγειν
3429 707 3549 770 εἰκὸς,

2067 787 2238 842 ταῦτα
2263 789 2560 856 λελέξεται.

384 897 510 940 nem
556 884 742 937 carnis
772 891 826 938 et
851 883 1080 951 spiritus
1102 922 1117 946 ,
1153 889 1214 935 ut
1257 881 1420 951 paulo
1470 880 1700 934 inferius
1742 879 1891 934 velut
1931 891 2024 955 per
2056 880 2326 936 orationis
2358 883 2600 952 speciem
2637 882 2731 938 Dei
2760 882 3060 936 amantibus
3082 897 3146 935 ac
3172 881 3403 952 religioso
3427 885 3550 936 ειεῑυὶ

382 990 505 1028 sum
523 977 900 1044 expositurus.
927 977 1147 1029 Interim
1169 989 1459 1044 vero,qua3
1480 983 1533 1026 et
1553 988 1650 1027 vos
1679 980 1928 1025 amanter
1962 969 2274 1037 audieritis,
2308 985 2362 1029 et
2400 975 2528 1028 mihi
2573 976 2758 1030 dicere
2798 988 3094 1044 congruum
3137 983 3238 1035 est,
3276 975 3378 1026 hac
3400 974 3552 1028 dicam.

453 1071 677 1125 Maximi
714 1072 904 1141 itaque
936 1072 1110 1141 patris
1138 1072 1258 1125 dies
1292 1070 1468 1125 festus
1487 1069 1732 1124 advenit.
1759 1067 1962 1121 Adeste

380 1181 534 1228 vero,
566 1174 732 1235 atque
760 1175 818 1220 ut
860 1165 1111 1219 benevoli
1149 1164 1265 1228 ﬁlii,
1299 1163 1442 1233 patri
1481 1163 1718 1216 ﬁliorum
1753 1160 1958 1213 amanti

381 1256 606 1310 laudum
667 1258 887 1312 cantica
948 1256 1270 1311 oll‘eramus.
1331 1254 1448 1308 lloe
1504 1255 1650 1310 enim
1703 1261 1956 1307 nostrum

380 1348 432 1399 in
471 1347 647 1416 ipsum
683 1347 925 1407 debitum
947 1356 1053 1401 est.
1090 1347 1172 1400 Sit
1195 1347 1356 1401 nobis
1391 1346 1653 1414 templum
1681 1345 1780 1398 hoc
1805 1358 1958 1398 com-

378 1438 566 1501 munis
609 1438 674 1491 ad
727 1437 1102 1492 submittenda
1156 1437 1346 1494 divina
1398 1437 1617 1491 cantica
1654 1436 1810 1490 locus
1837 1477 1851 1500 ,
1890 1450 1954 1490 ac

377 1529 525 1602 velut
545 1543 836 1599 organum.
858 1529 1130 1585 Caeterum
1151 1529 1244 1583 det
1265 1528 1425 1583 nobis
1449 1542 1757 1588 sermonem
1795 1528 1954 1582 Pater

377 1621 471 1674 ille
497 1620 805 1695 Sermonis,
828 1636 1139 1676 sermonem
1179 1629 1434 1676 nostrum
1465 1620 1530 1675 ad
1561 1620 1949 1675 inveniendam

376 1713 662 1767 veritatem
689 1710 956 1780 dirigens.
990 1711 1182 1766 Merito
1202 1719 1385 1765 autem
1419 1725 1724 1780 congruum
1761 1710 1948 1773 fuerit,

376 1802 566 1871 utqui
624 1803 801 1871 patris
858 1813 1044 1872 partes
1098 1803 1443 1866 sustineam,
1490 1802 1721 1871 apicula:
1771 1802 1953 1855 instar

373 1894 664 1960 operosius
685 1894 1154 1949 circumlustratis
1201 1893 1548 1964 spiritalibus
1595 1893 1792 1961 pratis,
1824 1893 1952 1947 inde

371 1985 532 2041 vobis
582 2001 748 2042 sacro
806 1987 874 2041 ab
921 1985 1098 2043 sacris
1144 1987 1381 2056 eloquiis
1427 1996 1576 2042 serto
1625 1993 1948 2039 coronatum

371 2078 551 2132 virum
588 2078 898 2134 exhibeam.
938 2077 1150 2134 Vereor
1199 2087 1382 2133 autem
1415 2094 1481 2133 ne
1511 2093 1540 2132 a
1583 2079 1718 2132 recti
1750 2092 1950 2131 cursus

372 2170 695 2226 carceribus
724 2171 1040 2224 clanculum
1095 2185 1402 2226 excurrens
1456 2185 1640 2225 sermo
1676 2167 1948 2238 propositi

372 2262 696 2316 certaminis
755 2270 933 2322 metas
997 2263 1268 2327 excedat;
1330 2277 1393 2316 ac
1428 2277 1496 2316 ne
1556 2261 1949 2314 tumultuarius

372 2363 746 2424 spectatorum
777 2371 988 2421 rumor,
1025 2357 1136 2410 alio
1169 2371 1332 2424 quam
1371 2354 1564 2408 tendat
1596 2368 1797 2408 cursus
1822 2368 1946 2422 spes

371 2447 648 2501 ctaculum
728 2458 1099 2511 convertens.
1167 2448 1357 2502 eadem
1418 2455 1762 2516 spectatores
1821 2459 1948 2513 Spes

371 2543 624 2594 cocheat
663 2538 942 2609 edantque
996 2539 1218 2594 inanem
1250 2548 1305 2594 et
1348 2537 1683 2592 inefﬁcacem
1735 2551 1946 2590 sermo-

371 2644 520 2694 nem,
556 2630 653 2699 qui
681 2631 959 2686 sermonis
987 2646 1263 2686 sessorem
1295 2640 1621 2700 provocant.
1650 2628 1946 2684 Enimvero

371 2734 688 2789 quanquam
714 2736 942 2780 necesse
973 2730 1083 2787 est,
1123 2730 1181 2775 ut
1213 2722 1400 2775 multis
1431 2732 1578 2776 retro
1611 2722 1804 2790 spatiis
1836 2721 1939 2774 viri

369 2811 694 2882 dignitatem
739 2823 1006 2884 sequatur
1033 2816 1210 2869 oratio
1247 2816 1344 2884 (ita
1387 2815 1534 2868 enim
1567 2813 1944 2868 encomiorum

367 2906 537 2976 exigit
563 2907 710 2976 lex);
736 2909 920 2963 sancti
954 2908 1324 2962 nihilominus
1357 2907 1425 2960 ad
1459 2906 1626 2960 Deum
1677 2906 1946 2959 interces-

367 2994 648 3062 sionibus,
685 3011 787 3054 ceu
823 2999 1158 3068 quibusdam
1195 2998 1526 3052 infrenatum
1561 2999 1716 3062 loris,
1749 2996 1841 3050 ubi
1875 2995 1943 3049 ad

2134 1069 2409 1137 Μεγίστου
2462 1071 2643 1123 τοίνυν
2695 1069 2904 1139 πατρὸς
2947 1069 3240 1138 ἐφέστηκεν
3285 1070 3441 1139 ἑορτή.
3479 1071 3556 1122 Καὶ

2061 1161 2221 1232 δεῦρο
2247 1205 2258 1226 ,
2317 1163 2570 1232 καθάπερ
2615 1163 2805 1223 παῖδες
2861 1161 3198 1230 εὐγνώμονες
3237 1159 3307 1229 τῷ
3347 1161 3558 1228 φιλόπαιδι

2061 1254 2230 1322 πατρὶ
2273 1255 2396 1316 τοὺς
2435 1253 2640 1323 ὕμνους
2690 1253 3072 1323 προσάξωμεν.
3121 1251 3280 1305 Τοῦτο
3329 1253 3422 1322 γὰρ
3453 1253 3560 1321 αὖτῴ

2060 1346 2191 1414 παρ’
2212 1344 2370 1414 ήμῶν
2408 1345 2751 1413 ἐποφείλεται
2792 1345 2977 1414 χρέος.
3010 1343 3244 1397 Γενὲσθω
3271 1343 3426 1406 κοινὸς
3449 1336 3560 1405 οὗτος

2061 1439 2192 1506 ἡμῖν
2224 1440 2251 1490 ό
2273 1437 2406 1499 νεὼς
2432 1438 2540 1489 τῶν
2566 1437 2722 1490 θείων
2751 1435 2942 1506 ὕμνων
2970 1435 3324 1506 ἐπιϐατήριος.
3345 1435 3438 1487 Καὶ
3465 1435 3563 1487 δότω

2059 1531 2216 1599 λόγον
2246 1533 2378 1601 ἡμῖν
2410 1533 2438 1584 6
2464 1530 2557 1584 τοῦ
2593 1532 2765 1598 Λόγου
2798 1531 3024 1602 Πατὴρ,
3069 1531 3157 1582 τὸν
3184 1529 3418 1600 ἡμέτερον
3452 1546 3564 1597 χειρ-

2059 1624 2292 1690 αγωγῶν
2321 1625 2459 1692 πρὸς
2486 1625 2582 1690 τὴν
2603 1625 2701 1693 τῆς
2725 1623 2990 1693 ἀληθείας
3011 1622 3240 1692 εὕρεσιν.
3267 1621 3446 1691 Πρέποι
3466 1621 3500 1672 δ’
3521 1621 3566 1673 ἂν

2059 1718 2282 1780 εἰκότως
2311 1719 2434 1786 ἐμοὶ
2461 1719 2666 1787 πατρὶς
2697 1719 2959 1786 ἐπέχοντι
2982 1717 3154 1782 τάξιν,
3182 1715 3298 1776 τοὺς
3329 1730 3567 1780 πνευματι·

2059 1809 2187 1870 κοὺς
2220 1807 2494 1878 λειμῶνας
2524 1807 2787 1877 μελίσσης
2819 1808 2985 1877 δίκην
3038 1803 3422 1875 ἐμπεριελθόντι
3455 1803 3568 1871 φιλο-

2057 1899 2385 1968 πονώτερον,
2411 1900 2639 1952 αὐτόθεν
2669 1901 2800 1968 ὑμῖν
2840 1898 3155 1967 ὑποστῆσαι
3178 1897 3261 1949 τὸν
3277 1896 3442 1966 ἄνδρα,
3468 1896 3567 1962 πρὸς

2054 1990 2162 2043 τῶν
2193 1989 2356 2061 ἱερῶν
2390 1991 2587 2058 λογίων
2615 1991 2776 2060 ίερῶς
2811 1989 3269 2058 στεφανούμενον.
3300 1987 3490 2040 Δέδοικε
3509 1985 3566 2049 δὲ,

2057 2083 2131 2152 μὴ
2166 2082 2260 2135 τοῦ
2295 2084 2416 2138 κατ’
2439 2083 2569 2135 εὐθὺ
2593 2083 2795 2151 δρόμου
2841 2083 2948 2151 τῆς
2983 2081 3228 2150 βαλϐῖδος
3269 2076 3569 2148 ὑπεκδραμὼν

2051 2177 2079 2228 6
2110 2173 2291 2242 λόγος,
2321 2174 2618 2242 ἐξαγώνιος
2641 2174 2896 2242 γένηται·
2944 2175 3038 2228 καὶ
3066 2176 3091 2225 ό
3123 2173 3267 2242 παρὰ
3294 2173 3392 2223 τῶν
3413 2170 3569 2223 θεατῶν

2051 2267 2434 2338 ἀπηχούμενος
2469 2268 2655 2337 θροῦς,
2703 2269 2790 2319 ἐπ’
2821 2268 2971 2321 ἄλλα
3010 2267 3102 2320 τοῦ
3152 2267 3343 2337 δρόμου
3373 2265 3570 2335 τὴνθέαν

2055 2359 2329 2427 μετάγων,
2360 2359 2462 2427 τῆς
2488 2359 2702 2420 ἐλπίδος
2731 2359 2858 2420 τοὺς
2889 2358 3097 2421 θεατὰς
3117 2358 3476 2410 ἐπικόπτοιτο·
3500 2355 3570 2423 τήν

2051 2467 2108 2502 τε
2152 2450 2402 2518 κραυγὴν
2447 2451 2624 2520 ἀργὴν
2677 2452 2923 2503 ποιοῖντο
2977 2450 3073 2503 καὶ
3114 2451 3399 2521 ἄπρακτον,
3431 2451 3471 2500 οἱ
3504 2447 3569 2499 τοῦ

2051 2541 2211 2609 λόγου
2231 2543 2320 2594 τὸν
2348 2541 2616 2611 ἐπιϐάτην
2631 2535 2999 2613 ἐρεθίζοντες.
3021 2543 3163 2613 Πλὴν
3187 2542 3298 2596 ἀλλ’
3313 2545 3356 2594 εἰ
3379 2541 3456 2592 καὶ
3473 2539 3569 2591 πολύ

2051 2649 2154 2684 που
2189 2633 2287 2701 τῆς
2312 2631 2407 2684 τοῦ
2431 2632 2624 2701 ἀνδρὸς
2665 2633 2822 2698 ἀξίας
2855 2634 3100 2686 κατόπιν
3127 2633 3332 2702 ἀνάγκη
3356 2630 3572 2696 τὸνλόγον

2047 2723 2252 2776 ἐλθεῖνο
2283 2722 2441 2776 τοῦτο
2476 2726 2584 2794 γὰρ
2613 2726 2640 2777 6
2675 2725 2782 2778 τῶν
2831 2726 3138 2795 ἐγκωμίων
3169 2724 3401 2794 βούλεται
3425 2721 3568 2789 νόμω

2047 2817 2169 2876 ταῖς
2200 2814 2330 2880 γοῦν
2359 2816 2454 2868 τοῦ
2501 2817 2657 2883 ἁγίου
2697 2816 2835 2886 πρὸς
2871 2817 2936 2869 τὸ
2983 2819 3128 2870 θεῖον
3160 2815 3464 2879 ἐντεύξεσιν,
3490 2813 3570 2864 οἱο-

2046 2908 2127 2959 νεί
2153 2925 2264 2960 τισι
2295 2910 2526 2978 ῥυτῆρσι
2550 2908 2740 2961 τοῦτον
2774 2911 3202 2980 ἀναστομώσας,
3224 2907 3335 2962 εἶτα
3365 2909 3478 2979 πρὸς
3501 2907 3573 2974 τὴν

2046 2997 2165 3050 κατ’
2208 2996 2335 3048 εύθῦ
2376 2998 2599 3066 πορείαν
2629 2998 2813 3068 ᾅττειν
2850 2999 3109 3069 σφοδρῶς
3155 2997 3470 3067 παραθήξας,
3507 2992 3573 3045 ἐπὶ

365 3088 500 3144 recti
539 3088 760 3146 itineris
788 3104 1015 3148 cursum
1067 3090 1448 3144 vehementius
1484 3089 1839 3159 instiga’vero,
1869 3088 1939 3142 ad

2052 3088 2141 3159 τὴν
2172 3087 2375 3141 νύσσαν
2407 3085 2562 3152 αὖθις
2589 3090 2906 3158 μετάγοιμι.
2942 3092 3087 3145 Φίλα
3111 3091 3218 3160 γὰρ
3242 3092 3387 3142 ἐσται
3407 3087 3572 3144 πάντως

366 3187 563 3234 metam
602 3181 863 3251 deinceps
917 3183 1204 3237 reducam.
1260 3181 1427 3236 Plane
1470 3181 1616 3236 enim
1653 3188 1941 3250 acceptum

363 3271 468 3325 erit
510 3272 656 3342 quod
710 3272 992 3329 facultatis,
1032 3281 1138 3328 est.
1185 3271 1321 3329 Nam
1366 3285 1424 3329 et
1469 3273 1622 3327 novit
1656 3288 1687 3326 a
1736 3282 1941 3326 natura

363 3363 608 3419 modeste
633 3379 818 3436 agere,
849 3385 867 3418 ι
904 3382 968 3421 ac
989 3383 1050 3422 se
1073 3366 1378 3420 humilibus
1405 3363 1830 3420 accommodare
1853 3371 1899 3432 °,
1916 3381 1933 3414 ι

355 3456 420 3510 ςίιι
449 3456 553 3528 hoc
591 3473 814 3528 quoque
843 3459 1078 3514 Paulum
1116 3459 1390 3514 imitatus.
1422 3458 1533 3528 Age
1576 3457 1747 3528 igitur
1783 3456 1938 3511 dica-

361 3562 508 3611 mus,
558 3548 603 3602 si
650 3549 781 3618 quid
843 3550 1005 3606 nobis
1074 3564 1408 3604 concessum
1465 3557 1573 3603 est.
1638 3546 1749 3602 Nec
1805 3563 1938 3602 vero

359 3641 650 3709 quisquam
670 3641 1102 3711 vituperandum
1125 3644 1423 3714 putaverit,
1445 3641 1595 3696 velut
1616 3657 1679 3696 ex
1701 3640 1935 3696 adverso

357 3732 744 3788 excellentium
770 3734 874 3788 viri
906 3734 1286 3790 encomiorum
1317 3741 1572 3790 nostrum
1621 3747 1933 3788 sermonem

359 3825 704 3896 ingeramus.
739 3825 858 3881 Non
892 3828 1038 3882 enim
1057 3826 1207 3882 velut
1234 3832 1492 3896 suppetat
1525 3825 1610 3881 vis
1637 3824 1933 3894 orationis;

357 3917 455 3972 scd
491 3917 666 3987 magis
691 3917 966 3972 desiderio
995 3917 1050 3970 in
1079 3925 1358 3979 sanctum,
1380 3931 1500 3984 quae
1534 3917 1640 3970 vim
1669 3926 1937 3988 superant

357 4009 770 4075 prmsumimus.
805 4007 910 4062 Ubi
939 4015 1122 4061 autem
1153 4015 1241 4070 est
1272 4007 1626 4069 desiderium,
1652 4008 1828 4074 palam
1851 4015 1936 4061 est

357 4099 638 4151 sublatum
673 4112 798 4152 esse
829 4098 1084 4152 timorem
1115 4111 1334 4152 omnem
1373 4114 1387 4151 :
1421 4105 1585 4166 atque
1618 4099 1711 4153 ubi
1760 4099 1933 4153 libera

355 4196 441 4243 est
467 4203 789 4244 sermonum
821 4188 1079 4252 libertas,
1114 4204 1184 4243 ne
1216 4188 1458 4243 minimae
1495 4189 1935 4256 timiditatisre-

355 4281 542 4351 liquie
564 4281 911 4337 consistunt.
938 4281 1255 4336 Cavendum
1286 4297 1418 4352 ergo
1459 4297 1529 4337 ne
1571 4283 1726 4337 nullo
1767 4283 1931 4337 modo

353 4375 608 4430 dicamus
646 4390 769 4445 quae
818 4372 1054 4429 facultas
1113 4375 1404 4439 concedit,
1445 4388 1510 4428 ac
1565 4389 1632 4428 ne
1666 4375 1930 4430 sileamus

2043 3177 2194 3248 αὐτῷ
2226 3177 2295 3230 τὰ
2344 3178 2483 3240 κατὰ
2512 3177 2741 3248 δύναμιν
2763 3197 2775 3208 ·
2814 3181 2896 3232 ὅτι
2923 3198 2990 3233 τε
3041 3181 3351 3252 μετριάζειν
3385 3175 3500 3232 οἶδεν
3527 3176 3573 3227 ἑκ

2043 3269 2282 3337 φύσεως,
2347 3288 2366 3320 ι
2432 3269 2686 3332 καὶτοῖς
2748 3274 3040 3333 ταπεινοῖς
3097 3269 3568 3337 cnvenire-sliat,»

2042 3361 2256 3415 Παῦλον
2283 3361 2564 3416 κάνταῦθα
2589 3363 2959 3433 μιμούμενος.
2989 3366 3132 3436 Φέρε
3160 3366 3217 3418 δέ
3245 3364 3332 3419 οῦν
3353 3363 3570 3430 λέγωμεν.

2039 3455 2140 3508 ὅσα
2190 3453 2376 3523 λέγειν
2421 3457 2552 3525 ἡμῖν
2587 3457 3016 3526 ἐπιτέτραπται.
3083 3459 3194 3511 Καὶ
3242 3459 3415 3527 μήτις
3461 3455 3575 3521 ἡμεῖς

2043 3548 2361 3616 μωμήσοιτο
2409 3549 2486 3618 τῷ
2529 3548 2772 3618 περιόντι
2808 3549 2918 3601 τῶν
2965 3551 3068 3602 τοῦ
3112 3550 3301 3621 ἀνδρὸς
3341 3543 3576 3614 ἐγκωμίων

2038 3638 2129 3690 τὸν
2156 3639 2424 3709 ἡμέτερον
2453 3640 2922 3715 ἀντεπεξάγοντας
2945 3658 2958 3671 ·
2988 3642 3084 3694 ὅτι
3112 3642 3188 3712 μὴ
3214 3642 3364 3709 λόγου
3390 3637 3575 3703 δύναμιν

2039 3730 2276 3800 ἔχοντες,
2307 3733 2457 3803 πόθῳ
2488 3735 2544 3786 δέ
2574 3734 2651 3803 τῷ
2676 3735 2813 3804 πρὸς
2838 3735 2927 3788 τὸν
2952 3735 3143 3804 ἅγιον,
3172 3737 3280 3789 τῶν
3308 3735 3434 3804 ὑπὲρ
3453 3731 3576 3786 δύνει·

2040 3841 2133 3894 μιν
2191 3825 2566 3894 ἐφαπτόμεθα.
2623 3825 2790 3880 Ἔνθα
2830 3827 2884 3879 δὲ
2933 3828 3133 3892 πόθος,
3182 3831 3299 3882 ἐκεῖ
3343 3825 3574 3895 προδή)ω;

2037 3916 2204 3985 φόϐος
2233 3915 2378 3980 ἅπας
2423 3918 2722 3989 ἀφῄρηται·
2775 3920 2864 3972 καὶ
2917 3921 3062 3974 ὅπου
3117 3921 3289 3988 λόγων
3335 3914 3576 3986 ἐλευθερία

2036 4007 2496 4078 παρρησιάζεται.
2526 4008 2730 4071 δειλίας
2768 4009 2830 4061 ού
2872 4013 3297 4081 παρυφίσταται
3336 4008 3572 4076 λείψανον.

2035 4099 2515 4169 Παραιτητὲονοῦν
2537 4099 2792 4170 οὐδαμῶς
2818 4104 2991 4155 εἰπεῖν
3021 4104 3092 4156 τὰ
3110 4106 3192 4166 εἰς
3220 4103 3453 4169 δύναμιν,
3479 4094 3574 4148 οὐδὲ

2037 4190 2408 4260 σιωπητέον,ἂ
2426 4190 2715 4262 κηρύττειν
2739 4193 2900 4245 ὅσιονο
2933 4195 3016 4245 ὅτι
3040 4196 3118 4264 μὴ
3142 4195 3314 4264 λήθης
3338 4191 3490 4244 ταῦτα
3510 4187 3573 4256 βυ-

2035 4282 2146 4346 θοίς
2186 4283 2245 4336 τὸ
2284 4284 2507 4353 Πνεῦμα
2537 4283 3018 4350 συγκαλύπτεσθαι
3051 4286 3321 4356 βούλεται.
3354 4281 3571 4336 Boxum:

2035 4375 2145 4444 γὰρ
2178 4375 2417 4444 μετρίως
2442 4375 2505 4441 γέ
2543 4391 2657 4436 πως
2697 4375 2838 4428 αὐτὰ
2883 4379 2994 4438 τοῖς
3037 4379 3143 4428 οὐκ
3184 4376 3375 4428 εἰδόσιν
3407 4375 3572 4438 ἐκφαν-

352 4480 474 4536 ηυίε
538 4475 794 4522 sanctum
845 4465 1015 4520 fuerit
1069 4463 1391 4534 praedicare,
1443 4463 1661 4520 nolente
1717 4463 1928 4534 Spiritu

2052 4467 2194 4536 θῆναι
2219 4483 2232 4496 ο
2264 4465 2471 4518 δίκαιον
2499 4465 2606 4536 γάρ
2630 4481 2642 4494 ο
2672 4465 2747 4528 ὡς
2783 4465 2848 4519 ἀν
2876 4466 3014 4536 πρὸς
3042 4467 3210 4536 ζῆλον
3248 4467 3339 4518 καὶ⁵
3375 4464 3569 4533 μίμησιν

353 4555 651 4611 oblivionis
679 4554 956 4627 profundo
981 4555 1111 4623 tegi.
1136 4553 1266 4607 Vult
1294 4553 1568 4624 siquidem
1599 4564 1657 4609 ιιι
1683 4557 1930 4612 modeste

2052 4557 2224 4617 ιὺτοὺς
2254 4554 2640 4624 προτροπάδην
2680 4555 2946 4622 ἐνάγοιεν.
3003 4556 3175 4608 ’Ὥστε
3213 4573 3308 4625 μοι
3351 4553 3440 4622 τὴν
3468 4566 3570 4602 σιω-

351 4651 406 4698 ct
429 4645 516 4698 vel
538 4646 721 4716 aliqua
735 4654 893 4716 parte
915 4645 1297 4701 nescientibus
1315 4644 1698 4700 declarentur:
1725 4647 1928 4716 quippe

2052 4648 2136 4719 τὴν
2160 4649 2262 4700 οὐκ
2283 4647 2592 4714 ἀναγκαίαν
2618 4641 2759 4700 εἶναι
2811 4648 2870 4698 ἐν
2916 4646 2994 4716 τῷ
3023 4648 3259 4718 παρόντι
3303 4645 3451 4698 δοκῶ.
3483 4639 3569 4692 Καὶ

348 4735 558 4802 justum
588 4745 693 4801 est,
714 4752 836 4808 quo
869 4737 940 4792 ad
969 4737 1280 4792 azumlanda
1314 4737 1691 4808 imitandaque
1720 4755 1820 4793 ceu
1858 4756 1927 4795 ex

2052 4741 2132 4810 ’ὰρ
2163 4735 2300 4810 ἧκεν
2330 4742 2358 4792 ό
2396 4740 2556 4807 λόγος
2586 4742 2719 4811 ἡμῖν
2761 4740 2847 4792 ἐπ’
2885 4741 3016 4792 αὐτὸ
3045 4739 3144 4792 τοῦ
3194 4737 3393 4792 σκοποῦ
3419 4736 3471 4788 τὸ
3494 4748 3567 4784 κε-

351 4828 654 4883 commisso
686 4828 1046 4883 inducantur.
1074 4827 1447 4894 Quamobrem
1498 4829 1924 4900 haudquaquam

2052 4832 2270 4891 ιάλαιον,
2321 4833 2405 4900 ἐφ’
2449 4832 2477 4884 ὃ
2519 4831 2608 4886 καὶ
2653 4831 2722 4884 δι’
2764 4832 2901 4901 ὅπερ
2942 4833 3075 4901 ἡμῖν
3125 4833 3156 4883 6
3203 4833 3310 4894 πᾶς
3351 4829 3564 4896 ὥρμηται

352 4919 638 4974 silentium
669 4919 808 4973 mihi
837 4919 891 4972 in
934 4921 1358 4988 praesentiarum
1424 4938 1454 4977 e
1493 4938 1552 4976 re
1577 4923 1786 4993 judico.
1832 4926 1923 4979 Et-
2032 4925 2214 4985 πόθος.
2649 4979 2658 4984 _

314 5012 499 5066 'cnim
549 5011 664 5079 jam
712 5010 863 5066 venit
896 5011 1078 5066 oratio
1141 5011 1207 5066 ad
1257 5013 1435 5082 ipsum
1496 5015 1573 5068 rei
1606 5018 1902 5088 proposita:
1927 5026 2114 5090 caput,
2144 5017 2208 5070 ad
2244 5016 2414 5085 quod,
2439 5025 2494 5070 el
2525 5016 2685 5085 cujus
2715 5014 2889 5085 gratia
2935 5022 3194 5068 nostrum
3258 5028 3412 5068 omne
3439 5005 3558 5061 dcsi-

355 5099 562 5166 derium
593 5114 699 5162 est.

421 5192 558 5260 Quis
599 5196 786 5265 itaque
826 5192 1185 5264 magnus-hic
1232 5204 1289 5249 et
1343 5197 1681 5265 conspicuus
1735 5199 1915 5266 Titus,

349 5304 512 5357 quem
544 5294 734 5343 nostra
762 5287 1057 5344 duodecim
1091 5287 1334 5358 glorians
1368 5289 1591 5345 sedibus
1617 5291 1750 5360 (50),
1779 5294 1924 5350 velut

423 5405 449 5432 °
492 5403 652 5463 Rom.
688 5424 782 5474 xu,
820 5408 902 5463 l6.

2097 5200 2444 5272 Τοιγαροῦνό
2471 5199 2645 5268 μέγας
2683 5193 2838 5262 οὗτος
2878 5199 2970 5253 καὶ
3008 5198 3372 5268 περίϐλεπτος
3412 5193 3559 5250 Τίτοςν

2031 5294 2089 5346 6v
2137 5295 2170 5362 ὴ
2225 5293 2347 5346 καθ’
2387 5292 2535 5362 ἡμᾶς
2595 5291 2864 5360 ἠνέγκατο
2923 5291 3324 5361 δώεκάθρονος
3375 5285 3556 5356 Κρήτη,

1658 5531 2047 5589 COMBbFlSll
2085 5533 2316 5590 NOTAE.

429 5615 540 5694 (ὅθ)
588 5617 870 5671 Duodecim
903 5614 1159 5694 glorians
1215 5621 1463 5694 sedibus._
1492 5622 1922 5694 Δωδεκάθρονος.

355 5687 652 5755 rauciores
708 5703 853 5742 nunc
903 5687 1082 5749 habet.
1118 5700 1174 5745 ut
1211 5690 1315 5746 fuit
1344 5691 1500 5746 valde
1550 5687 1795 5749 minutus
1836 5687 1927 5750 ur-

541 5804 708 5866 ..ιθ-η.

2036 5626 2186 5698 bium
2219 5643 2482 5686 numerus
2518 5648 2532 5684 :
2569 5645 2678 5698 qua
2699 5630 2765 5682 de
2789 5643 2848 5682 re
2873 5624 3109 5681 Ortelius
3139 5632 3190 5678 et
3223 5619 3310 5675 alii
3342 5614 3554 5670 in-Crctx

2035 5697 2237 5754 tabulis
2263 5707 2316 5754 et
2347 5697 2832 5770 descriptionibus.
