3790 6202
111 342 237 411 ιιιδ
588 291 604 363 δ

1292 345 1376 405 ΙΝ
1404 343 1860 407 APOSTOLUM
1892 348 2157 410 TITUM.

3212 343 3352 411 1146

113 444 438 517 ἀποστολικῷ
482 427 823 519 τετιμημένη
889 432 1235 520 συμϐολικῶς
1289 450 1528 523 ἀριθμῷ.
1574 452 1668 515 Τίς

1784 455 2082 523 apostolico
2127 453 2455 526 symbolice,
2489 452 2823 511 bonestante
2880 470 3136 523 numero,
3186 455 3349 512 Creta

121 543 201 613 μὲν
226 534 318 592 οῦν
349 536 619 608 ἐτύγχανε
648 538 725 593 τά·
754 539 967 609 πρῶτα,
1000 541 1094 593 καὶ
1123 541 1251 596 οἴων
1287 541 1391 610 ἔφυ
1443 541 1667 610 γονέων,

121 634 197 687 καὶ
228 630 328 699 τῆς
353 627 647 683 ὁποιασοῦν
677 629 833 702 ῥίζης
866 631 1223 703 ἐξεϐλάστησε
1254 632 1465 704 ὅρπηξ,
1493 634 1671 702 λέγειν

123 726 203 778 οὐκ
224 722 528 788 ἀναγκαῖον
564 722 686 791 ἐμοί
707 739 720 753 ·
748 724 830 776 ὅτι
867 723 943 794 μὴ
990 725 1132 779 κατὰ
1167 725 1283 795 βίου
1325 726 1604 797 διήγησιν,
1636 726 1670 798 ἢ

129 815 222 870 καθ’
271 812 514 883 ἱστορίας
575 812 760 883 νόμον,
811 814 840 866 ὁ
900 814 1091 885 παρών
1159 833 1261 886 μου
1316 815 1673 871 συντέτακται

126 907 275 975 λόγος,
308 903 449 974 πλὴν
497 905 548 955 εί
598 903 675 973 μὴ
717 903 836 957 κατ’
876 905 1150 975 ὲγκωμίου
1187 905 1414 975 δύναμιν
1444 907 1671 978 παροδι-

132 997 219 1058 κῶς
246 995 613 1065 ἑσχεδίασται.
649 995 800 1047 Φιλεῖ
820 994 931 1066 γάρ
955 996 1028 1057 ὠς
1061 995 1128 1048 τὰ
1158 996 1327 1051 πολλὰ
1354 997 1465 1050 τῶν
1495 999 1673 1065 ἐγκω-

132 1084 401 1156 μιαζόντων
444 1086 474 1139 ὅ
514 1084 689 1153 λόγος,
726 1085 853 1147 τοὺς
896 1085 1234 1154 πολυσχιδεῖς
1284 1085 1393 1139 τῶν
1445 1088 1673 1157 μακρῶν

132 1175 389 1242 ἐκφεύγειν
442 1173 827 1244 άφηγημάτων
879 1173 1150 1236 διαύλους,
1201 1175 1276 1238 ὡς
1326 1173 1393 1228 ἂν
1441 1175 1518 1247 μὴ
1564 1176 1674 1228 τῶν

130 1266 405 1320 άκονὸντων
470 1264 934 1328 ἀποκναισθέντες
998 1266 1177 1330 τινὲς,
1241 1270 1521 1338 προσκορῆ
1579 1267 1676 1322 τὸν

129 1354 260 1423 λόγον
292 1356 527 1426 ἡγοῖντο,
551 1356 619 1426 τῇ
637 1353 817 1427 ’ἀηδίᾳ
847 1356 947 1425 τῆς
974 1357 1358 1429 μακρηγορίας
1398 1357 1673 1428 βαρούμε-

128 1464 213 1501 νοι.
250 1445 385 1515 Ἐγὼ
433 1445 491 1499 δὲ
524 1445 561 1499 ἆ
598 1446 865 1500 συνοίσειν
893 1441 1012 1501 οἶδα
1057 1450 1172 1512 τοῖς
1209 1465 1269 1501 τε
1317 1448 1675 1519 συνειλεγμέ-

127 1550 239 1598 νοις,
258 1536 509 1607 κάμοὶτῷ
528 1536 630 1608 τὴν
655 1538 1029 1610 πνευματικὴν
1043 1539 1154 1593 τῶν
1183 1540 1353 1608 λόγων
1377 1541 1508 1611 ὑμῖν
1539 1558 1675 1596 παν-

124 1626 315 1681 δαισίαν
334 1630 691 1699 προτείνοντι,
710 1630 883 1685 ταῦτά
911 1648 1076 1702 φημι,
1091 1631 1185 1684 τοῦ
1205 1631 1363 1701 λόγου
1385 1634 1484 1705 τὴν
1499 1635 1674 1706 ἀρχὴν

124 1719 326 1774 αὐτόθεν
353 1721 697 1792 ποιούμενος,
724 1722 848 1777 ὅθεν
881 1724 1046 1777 αὐτὸν
1075 1725 1205 1794 ἡμῖν
1239 1725 1274 1796 ἡ
1297 1724 1463 1797 χάρις
1495 1726 1672 1795 ἐγνώ-

127 1826 278 1879 ρισεν.
948 1879 955 1883 ,

196 1901 482 1973 ’Υπεριδὼν
510 1902 620 1973 γὰρ
646 1896 808 1967 οὗτος
837 1905 931 1959 καὶ
962 1903 1155 1972 γίνους
1198 1906 1294 1959 καὶ
1319 1907 1549 1962 πλούτου
1581 1912 1675 1964 καὶ

123 1993 453 2062 περιφανείας
488 1994 730 2064 ἁπάσης,
758 1993 859 2066 ὅση
890 2011 948 2046 τε
987 1994 1110 2047 καθ’
1144 1995 1416 2067 Ἕλληνας
1446 1998 1687 2070 ἐκράτει,

116 2083 247 2148 τότε,
274 2086 369 2138 καὶ
394 2087 495 2154 ὅση
526 2084 679 2154 παρὰ
721 2084 832 2139 τῶν
874 2085 1142 2140 σεϐόντων
1188 2087 1258 2140 τὰ
1285 2089 1480 2142 εἴδωλα
1518 2107 1675 2163 περι-

115 2175 327 2245 εκέχυτο
352 2176 480 2240 δόξα
498 2194 511 2206 ·
535 2176 757 2230 πάντων
779 2193 837 2229 τε
862 2177 1190 2246 καταφανῶς
1209 2178 1508 2251 ἀλογήσας,
1540 2183 1673 2252 μιᾶς

115 2266 358 2336 ἐπεθύμει
374 2267 555 2337 δόξης,
584 2266 681 2322 τοῦ
714 2269 891 2322 πᾶσαν
922 2269 1022 2339 μὲν
1059 2256 1280 2339 ἀφεῖναι
1307 2271 1408 2342 τὴν
1438 2273 1672 2343 πάτριον

114 2358 390 2412 πολυθεῖαν
436 2361 533 2414 καὶ
580 2360 952 2431 δεισιδαίμονα
994 2362 1225 2435 πλάνην,
1274 2365 1445 2435 μόνης
1476 2366 1534 2419 δὲ
1571 2367 1673 2437 τῆς

114 2450 228 2502 καθ’
266 2453 405 2521 ἡμᾶς
454 2451 630 2519 Ἰησοῦ
669 2451 955 2522 θεοσοφίας
994 2453 1136 2507 κατὰ
1181 2454 1397 2525 μέθεξιν
1430 2457 1672 2528 άρρητον

118 2543 453 2612 μεγαλοφυῶς
496 2544 925 2615 ἐπιδράξασθαι,
971 2546 1063 2599 καὶ
1096 2547 1215 2610 ὅλος
1243 2546 1366 2600 ὅλου
1410 2548 1670 2616 γενέσθαι

120 2631 200 2685 τοῦ
233 2633 472 2702 ἐραστοῦ,
504 2636 604 2688 κει)⁹
640 2635 740 2705 τῆς
768 2637 1164 2707 Χριστιανικῆς
1197 2636 1433 2707 μερίδος.
1468 2639 1670 2705 Καὶιδὴ

115 2725 203 2776 καὶ
232 2725 483 2796 γεγένητο
507 2764 524 2789 ,
556 2726 1032 2798 προσκεκληκότος
1068 2728 1231 2784 αὑτὸν
1254 2730 1351 2783 τοῦ
1388 2729 1547 2795 Θεοῦ,
1577 2730 1672 2783 καὶ

112 2811 183 2882 τῷ
213 2813 375 2867 πάντα
392 2813 683 2883 φωτίζοντι
717 2814 991 2885 πνεύματι
1021 2817 1120 2880 τὰς
1143 2818 1363 2888 τρίϐους
1393 2819 1540 2888 αύτῷ
1571 2818 1669 2887 τῆς

111 2902 354 2972 ἀληθείας
372 2906 462 2957 ἐπὶ
480 2904 542 2958 τὸ
573 2904 932 2974 εὐαγγελικδν
951 2906 1363 2975 διομαλίσαντος
1384 2910 1665 2978 κήρυγμα.

121 2996 390 3051 Ἐντεῦθεν
431 2997 512 3067 τῷ
561 2997 769 3068 φαεινῷ
825 2997 1112 3069 λαμπτῆρι
1156 2999 1254 3070 τῆς
1299 3000 1667 3070 ἀποστολικῆς

106 3085 434 3157 ὅμηγύρεως,
456 3088 658 3159 Παύλῳ
683 3088 747 3160 δὴ
768 3088 932 3158 λέγω,
960 3088 1037 3158 τῷ
1060 3089 1201 3143 κατὰ
1224 3090 1385 3160 νόμον
1402 3090 1664 3161 ἐννόμως,

109 3178 204 3230 καὶ
233 3178 363 3232 κατὰ
393 3180 555 3251 χάριν
574 3180 634 3233 ἐν
663 3180 848 3251 χάριτι
877 3181 1259 3252 διαπρέψαντι,
1299 3182 1666 3252 συμπλακεὶς,

106 3268 296 3333 ὅπαδδς
349 3271 444 3324 καὶ
501 3271 838 3343 συνέκδημος
884 3272 1136 3340 γίνεται·
1183 3273 1278 3325 καὶ
1324 3272 1416 3326 τὸν
1456 3274 1667 3327 ἐκείνου

106 3358 258 3431 ζῆλον
288 3361 363 3432 τῷ
387 3363 489 3434 ίσῳ
520 3362 667 3434 ζήλῳ
704 3363 1063 3435 μιμούμενος,
1107 3360 1355 3433 ζηλωτὴς
1381 3363 1478 3417 καὶ
1507 3363 1671 3426 αὐτὸς

105 3450 497 3507 ἀναδείκνυται.
528 3454 640 3508 Καὶ
679 3454 743 3523 δὴ
786 3455 1130 3525 μεταστάτης
1161 3452 1255 3506 τοῦ
1287 3453 1544 3524 πατρῴου
1578 3453 1669 3506 v6-

108 3558 209 3609 μου
225 3541 534 3615 λεγόμενος,
558 3544 653 3599 καὶ
678 3548 777 3616 τῆς
811 3544 1030 3616 ὲθνικῆς
1062 3544 1274 3608 ἐννοίας
1297 3544 1398 3616 τὴν
1420 3544 1669 3599 διάκενον

105 3631 541 3706 ὲθελοθρησκείαν
582 3636 1103 3705 ἀποσκευασάμενος
1127 3673 1143 3699 ,
1184 3637 1265 3698 εἰς
1292 3635 1519 3706 οὐρανὸν
1545 3636 1668 3689 ὅλον

102 3722 167 3775 δι’
201 3724 317 3779 ὅλου
367 3725 641 3797 μετέθηκε
675 3727 736 3781 τὸ
784 3727 1114 3798 πολίτευμα.
1150 3729 1216 3781 ’0
1251 3727 1309 3781 δὲ
1356 3728 1554 3800 μικροῦ
1598 3746 1666 3799 με

101 3814 337 3885 διέφυγε,
364 3818 747 3890 παραδραμεῖν
775 3820 872 3890 οὐχ
908 3820 1076 3874 ὅσιον.
1108 3804 1311 3891 Ἔτυχε
1340 3821 1550 3874 τουτονὶ
1575 3821 1667 3874 τὸν

100 3903 331 3977 διαφανῆ,
341 3908 435 3961 τοῦ
461 3909 699 3979 Χριστοῦ
732 3909 1099 3979 μαργαρίτην,
1117 3910 1209 3964 τὸν
1233 3911 1503 3981 πολυτελῆ
1522 3912 1666 3980 λέγω

98 3992 254 4063 λίθον,
292 4000 389 4069 ούχ
429 3994 593 4071 ἦττον
639 4000 673 4070 ἢ
720 4000 812 4053 τδν
852 4000 946 4055 τοῦ
1004 4002 1312 4071 Ζοροϐάϐελ
1349 4002 1497 4056 λίθον
1523 4005 1666 4058 ἑπτὰ

98 4086 384 4159 ὀφθαλμοῖς
416 4090 814 4160 κοσμούμενον,
846 4092 957 4160 ὅσῳ
984 4093 1079 4144 καὶ
1112 4093 1222 4147 τῶν
1249 4093 1489 4164 χαρίτων
1527 4111 1665 4147 κατ-

99 4178 315 4248 εκόσμει
343 4180 438 4232 τὸν
484 4182 772 4248 στέφανον,
819 4183 1091 4250 συγγενέα
1136 4183 1228 4236 τὸν
1258 4185 1511 4254 τηνικάδε
1565 4187 1665 4255 τῆς

97 4266 267 4338 χώρας
300 4271 611 4335 ἀνθύπατον
636 4271 802 4343 ἔχειν,
846 4274 941 4326 καὶ
970 4275 1098 4337 τοῦς
1131 4276 1273 4328 κατὰ
1303 4276 1461 4343 γένος
1491 4294 1664 4345 προσ-

96 4356 350 4425 ήκοντας,
395 4355 480 4425 οἷς
529 4361 719 4424 Μίνως
766 4362 863 4415 καὶ
928 4362 1304 4433 Ῥαδάμανθυς
1347 4365 1397 4417 οἱ
1432 4366 1497 4418 ὲκ
1539 4366 1663 4430 Διὸς

96 4447 256 4521 ἦστην
286 4452 641 4523 πρωτόγονοι.

163 4540 263 4595 Καὶ
293 4543 356 4613 δὴ
390 4542 469 4611 τῷ
514 4543 708 4614 κράτει
761 4542 858 4597 τοῦ
916 4545 1215 4613 συγγενέος
1261 4546 1658 4617 ἐπιθαρσήσας,

92 4630 343 4701 οὐμενοῦν
375 4636 429 4688 εί
459 4653 511 4688 τι
541 4636 637 4688 καὶ
660 4634 768 4689 δέοι
808 4635 1003 4689 παθεῖν
1029 4636 1233 4699 δείσας,
1278 4637 1450 4705 καλὴν
1482 4637 1662 4709 ἑαυτῷ

89 4721 185 4790 τῆς
209 4728 293 4788 είς
318 4727 557 4795 Χριστὸν
582 4727 816 4789 πίστεως
835 4768 850 4791 ,
886 4727 985 4797 τὴν
1011 4729 1070 4779 ὲν
1105 4728 1394 4798 γράμματι
1435 4729 1660 4799 νομοθε-

95 4812 203 4866 σίαν
228 4816 547 4887 ὑποϐάθραν
578 4815 880 4887 προῦθηκε.
907 4817 1227 4888 Περιτυχὼν
1259 4817 1367 4887 γὰρ
1394 4818 1504 4871 τῶν
1529 4819 1661 4872 Μω-

92 4906 283 4959 σαίκῶν
321 4907 568 4977 βιϐλίων,
601 4908 698 4962 καὶ
725 4896 830 4978 τῆς
865 4907 1134 4979 Ἐϐραίων
1162 4909 1382 4979 ἁπάσης
1411 4896 1654 4979 Γραφῆς,

88 4995 181 5048 καὶ
211 4999 424 5063 τούτοις
448 4999 527 5063 ὡς
579 4999 813 5070 μάλιστα
855 4999 1168 5070 φιλομαθῶς
1211 5002 1657 5072 ὲναπασχο).ήσας

86 5078 175 5137 τὸν
198 5088 351 5153 νοῦν,
388 5089 483 5143 καὶ
511 5088 634 5153 ὅλος
657 5089 764 5160 ὅλῳ
794 5089 1160 5159 στοιχειωθεὶς
1183 5130 1197 5153 ,
1232 5090 1404 5154 οῦτως
1437 5091 1496 5157 sv
1526 5090 1657 5160 βρα-

160 5268 185 5308 P
209 5260 440 5322 Zachar.
475 5283 560 5333 ιιι,
590 5266 643 5322 9.

1774 546 1947 599 tulit?
1994 546 2131 611 Quis
2165 560 2194 599 a
2227 548 2401 615 prima
2433 554 2594 601 aetate
2628 545 2834 611 fuerit,
2874 546 3147 616 quibusve
3188 556 3351 602 natus

1773 636 2122 705 parentibus,
2151 650 2215 689 ac
2243 650 2311 690 ex
2341 650 2448 704 qua
2478 634 2696 690 demum
2725 633 2912 690 radice
2944 635 3199 690 surculus
3229 650 3351 704 ger-

1773 725 2094 791 minaverit,
2144 726 2570 796 haudquaquam
2617 726 2903 780 habuerim
2940 740 3078 795 opus
3122 724 3348 791 dicere;

1772 819 1870 888 qui
1906 834 2016 873 non
2066 818 2213 873 velut
2242 817 2559 873 enarrando
2590 819 2783 881 vitam,
2818 832 2881 871 ac
2910 816 3068 887 juxta
3105 816 3353 872 historia:

1774 911 1971 981 legem,
2009 910 2228 965 huncce
2263 922 2573 965 sermonem
2615 908 3051 977 composuerim,
3094 923 3196 962 nec
3241 908 3348 963 nisi

1773 1016 1874 1071 pro
1905 1000 2144 1056 encomii
2172 1001 2389 1054 ratione
2418 998 2603 1054 obiter
2633 1000 2953 1054 erudierim.
2975 998 3187 1068 Quippe
3211 1000 3329 1053 sole

1775 1092 2096 1161 plerumque
2113 1089 2506 1146 encomiastica
2533 1089 2709 1143 oratio
2736 1103 3053 1158 magnarum
3079 1088 3351 1141 narratio-

1774 1198 1903 1238 num
1933 1181 2103 1237 veluti
2137 1180 2454 1244 reciprocos
2482 1194 2546 1235 ac
2577 1179 2913 1248 multiplices
2936 1178 3114 1247 vitare
3146 1177 3349 1231 circui-

1773 1281 1886 1341 tus,
1945 1283 2005 1328 ut
2071 1288 2141 1329 ne
2186 1273 2281 1343 qui
2334 1272 2620 1327 auditores
2674 1270 2973 1340 injucunda
3030 1268 3349 1338 prolixitate

1775 1364 1965 1420 offensi
1997 1365 2346 1436 gravatique,
2373 1362 2668 1424 taediosum
2719 1374 3031 1417 sermonem
3066 1357 3351 1413 existima-

1775 1459 1977 1512 verint.
2010 1455 2278 1526 Equidem
2311 1455 2358 1511 si
2388 1469 2498 1525 qua
2527 1468 2734 1509 novere
2777 1450 3177 1514 conducibilia,
3230 1457 3346 1502 tum

1776 1548 2010 1605 cullecto
2037 1549 2228 1615 caatui,
2269 1558 2381 1603 tum
2427 1547 2561 1601 mihi
2611 1546 2715 1614 ipsi
2761 1545 2851 1615 qui
2900 1540 3147 1612 spiritale
3189 1539 3349 1596 vobis

1776 1654 2093 1694 sermonum
2145 1638 2461 1693 convivium
2522 1650 2763 1707 appono,
2808 1635 2925 1688 bmc
2963 1633 3166 1696 dicam,
3218 1630 3347 1684 inde
3432 1682 3438 1686 .

1777 1730 2050 1784 sermonis
2102 1727 2249 1783 dicto
2289 1726 2555 1789 exordio,
2596 1724 2743 1779 unde
2792 1739 2915 1778 eum
2966 1721 3127 1777 nobis
3171 1720 3346 1789 gratia

1775 1828 1969 1876 notum
2006 1810 2174 1877 fecit.‘

1844 1912 1945 1968 Hic
1978 1913 2145 1980 enim,
2176 1922 2233 1968 et
2264 1926 2465 1983 genere
2506 1919 2693 1981 spreto
2723 1917 2777 1965 et
2811 1906 3045 1969 divitiis,
3085 1904 3347 1974 omnique

1772 2004 2091 2074 splendore,
2140 2018 2205 2057 ac
2253 2003 2301 2059 si
2347 2018 2453 2072 qua
2509 2003 2562 2057 id
2613 1999 2878 2070 temporis
2933 1997 3077 2069 apud
3124 1995 3347 2051 Graecos

1772 2097 2043 2151 obtineret
2068 2093 2276 2166 (3|),‘si
2309 2111 2416 2165 qua
2443 2094 2609 2149 etiam
2633 2094 2700 2149 ab
2734 2092 3006 2148 idolorum
3033 2087 3346 2144 cultoribus
3398 2150 3403 2153 _

1773 2189 2017 2257 undique
2040 2186 2217 2243 aliusa
2253 2187 2430 2258 gloria
2453 2196 2623 2251 esset,
2656 2186 3025 2253 omnibusque
3053 2180 3347 2252 perspicue

1772 2279 2058 2351 neglectis,
2101 2279 2240 2333 hanc
2275 2295 2439 2335 unam
2485 2279 2713 2350 gloriam
2748 2276 3143 2332 desiderabat:
3172 2280 3230 2326 ut
3261 2274 3343 2325 ni-

1773 2372 1969 2426 mirum
1999 2380 2286 2443 paternam
2307 2386 2523 2426 omnem
2551 2368 2788 2441 plurium
2814 2369 3038 2423 deorum
3064 2364 3344 2433 deceptio-

1771 2475 1936 2526 netn,
2007 2476 2070 2514 ac
2135 2460 2582 2528 superstitiosum
2648 2472 2893 2513 errorem
2958 2455 3343 2522 relinqueret,
3419 2495 3425 2501 .

1772 2557 2018 2604 nostram
2045 2557 2226 2605 autem
2250 2548 2380 2605 Jesu
2415 2549 2738 2619 religionem
2767 2545 3029 2602 ineﬂ‘abili
3050 2543 3355 2615 participio

1771 2640 2192 2708 magnanimiler
2218 2640 2674 2709 apprehenderet,
2717 2645 2975 2706 totusque
3007 2636 3179 2688 totius
3203 2648 3335 2702 pra:-

1769 2730 1969 2799 cupide
2003 2731 2193 2795 amati,
2228 2744 2293 2785 ac
2323 2729 2766 2785 Christianorum
2797 2727 3037 2796 partium
3070 2725 3243 2779 ﬁeret.
3269 2723 3347 2776 Ac

1770 2821 1934 2889 plane
1976 2822 2051 2875 ita
2097 2821 2300 2888 evenit,
2342 2828 2580 2875 vocante
2631 2818 2764 2883 Deo,
2801 2831 2865 2870 ac
2898 2815 3108 2883 Spiritu
3159 2812 3341 2867 omnia

1771 2911 2125 2977 illustrante,
2178 2911 2431 2966 veritatis
2469 2911 2518 2962 ei
2553 2908 2782 2964 semitas
2834 2904 2904 2959 ad
2958 2901 3342 2972 Evangelieam

1770 3002 2218 3072 praedicationem
2255 3001 2665 3070 complanante.
2699 2998 2839 3052 llinc
2889 2993 3183 3065 splendido
3216 3006 3346 3061 apo-

1770 3093 1951 3148 stolici
1983 3100 2161 3146 castus
2194 3091 2480 3154 luminari,
2511 3088 2708 3154 Paulo,
2738 3090 2987 3155 inquam,
3021 3082 3194 3153 quiin
3230 3081 3346 3149 lege

1771 3198 1869 3253 pro
1926 3184 2062 3252 legis
2114 3183 2349 3245 ratione,
2400 3184 2456 3235 in
2503 3181 2680 3250 gratia
2724 3186 2907 3232 autem
2970 3181 3346 3229 consentanee

1770 3273 1968 3327 enituit
2002 3272 2215 3341 gratiae,
2252 3271 2724 3337 adherenseique
2759 3268 3101 3337 implicatus,
3130 3263 3345 3318 itineris

1770 3363 1954 3417 socius
1983 3362 2216 3416 ellicitur
2245 3378 2307 3416 ac
2334 3361 2840 3432 peregrinationum
2871 3373 3058 3412 comes
3082 3374 3094 3409 :
3118 3356 3346 3425 ejusque

1768 3451 2198 3511 aemulationem,
2230 3450 2350 3521 pari
2369 3450 2720 3504 aemulatione
2742 3449 3012 3511 imitatus,
3042 3447 3205 3501 etiam
3229 3444 3347 3512 ipse

1767 3545 2056 3599 aemulator
2083 3542 2416 3597 OStenditur.
2450 3542 2631 3611 Atque
2663 3555 2693 3594 a
2724 3550 2952 3611 paterna
2975 3536 3346 3605 commigrans

1769 3633 1907 3701 lege,
1936 3632 2302 3703 gentilitiique
2330 3646 2530 3686 sensus
2560 3630 2712 3684 inani
2747 3628 3148 3706 superstitione
3193 3625 3346 3680 able-

1767 3731 1934 3794 gata,
1997 3731 2164 3777 totam
2216 3738 2449 3793 prorsus
2500 3722 2977 3778 conversationem
3030 3720 3087 3773 in
3144 3718 3343 3773 coelum

1768 3815 2079 3871 transtulit.
2122 3813 2321 3870 Verum
2368 3814 2512 3869 haud
2571 3828 2785 3884 aequum
2845 3812 3038 3874 fuerit,
3093 3820 3153 3865 ut
3195 3810 3343 3880 quod

1767 3905 1881 3962 fere
1909 3905 2199 3976 effugerat,
2246 3912 2627 3975 praetereatur.
2663 3904 2910 3976 Contigit
2953 3912 3015 3958 ut
3064 3901 3343 3974 pellucida

1767 3999 1881 4054 haec
1904 3998 2125 4054 'Cltristi
2191 3998 2528 4066 margarita;
2558 3997 2855 4066 pretiosus,
2899 4000 3148 4066 inquam,
3176 3993 3342 4060 lapis,

1764 4102 1874 4141 non
1906 4086 2091 4141 minus
2121 4100 2285 4156 quam
2308 4086 2449 4155 lapis
2479 4085 2569 4141 ille
2598 4084 2902 4141 Zorobabel
2925 4085 3101 4140 oculis
3132 4091 3341 4153 septem

1762 4186 1993 4233 ornatus
2026 4189 2073 4243 ι),
2115 4192 2227 4248 quo
2253 4186 2308 4232 et
2343 4178 2650 4248 gratiarum
2680 4177 3015 4248 perornabat
3037 4190 3299 4231 coronam
3325 4191 3340 4240 ;

1764 4270 2009 4341 regionis
2053 4281 2152 4340 per
2203 4270 2256 4324 id
2305 4280 2521 4338 tempus
2567 4270 2956 4338 proconsulem
3012 4268 3349 4338 cognatione

1763 4363 2075 4432 attingeret,
2092 4362 2430 4430 haberetque
2445 4375 2643 4434 genere
2656 4360 2995 4430 propinquos
3008 4358 3230 4427 ,quibus
3246 4357 3345 4409 Mi~

1690 4460 1736 4517 D
1766 4470 1867 4510 nos
1883 4453 2423 4518 etRhadamantbus,
2447 4451 2599 4508 Jovis
2620 4453 2738 4516 lilii,
2767 4450 2955 4521 proavi
2974 4448 3339 4504 exstitissent.

1835 4544 2066 4615 Cognati
2112 4544 2300 4609 itaque
2329 4551 2604 4613 potestate
2655 4542 2807 4608 ﬁsus,
2843 4555 2943 4596 nec
2976 4555 3110 4595 sane
3134 4540 3343 4593 veritus

1764 4635 1812 4691 si
1844 4634 1978 4705 quid
2003 4636 2168 4688 etiam
2193 4642 2337 4689 esset
2367 4633 2760 4703 perferendum
2786 4650 2800 4700 ;
2829 4633 3057 4708 pulchre
3087 4631 3196 4687 sibi
3227 4632 3344 4701 ipse

1763 4726 1937 4797 legem
1971 4727 2025 4780 in
2062 4727 2246 4780 littera
2280 4727 2538 4796 positam,
2562 4727 2629 4782 ad
2660 4726 2866 4781 Christi
2903 4725 3063 4781 ﬁdem
3112 4724 3341 4796 gradum

1764 4816 2085 4872 substravit.
2143 4815 2349 4873 Nactus
2386 4818 2532 4872 enim
2583 4817 2756 4872 libros
2791 4817 2993 4883 Musis,
3056 4824 3342 4886 totamque

1763 4906 2123 4961 Hebraeorum
2163 4907 2532 4976 Scripturam,
2570 4916 2737 4978 atque
2766 4908 2822 4962 in
2852 4906 2924 4963 iis
2966 4906 3214 4962 studiose
3238 4905 3338 4960 ad»-

1766 4998 1988 5054 modum
2027 4999 2206 5068 posita
2240 5015 2429 5070 opera,
2467 5009 2729 5070 totusque
2764 5008 2947 5057 mente
2977 5007 3088 5054 tota
3131 4999 3333 5053 instru-

1763 5097 1930 5155 ctus,
1983 5089 2061 5145 ita
2112 5089 2266 5146 brevi
2322 5091 2515 5148 didicit
2565 5093 2813 5163 linguam
2866 5090 3226 5156 ilebraicam,
3278 5096 3339 5143 ut

1408 5415 1803 5479 COMBEFISII
1842 5421 2076 5482 ΝΟΤίΕ.

150 5556 510 5637 (ὅιὶὲἐηιιαα
540 5561 681 5637 apud
725 5559 940 5637 Graecos
970 5562 1143 5630 gloria
1180 5560 1456 5637 obtineret.
1500 5560 1646 5637 ζοση
1756 5566 1926 5637 laris“,
1996 5566 2324 5623 Christiana:
2376 5564 2656 5637 religionis
2705 5580 2893 5631 causa,
2949 5571 3329 5637 contemptam

66 5633 135 5671 τε
174 5630 291 5702 καθ’
320 5629 591 5702 Ἕλληνας
624 5631 848 5702 ἐκράτει
881 5629 1033 5683 τότε’
1068 5645 1261 5698 nempe
1442 5645 1471 5685 ³
1495 5629 1647 5702 (ἔνθεὲ

1756 5636 2011 5702 gloriam,
2065 5638 2264 5692 merito
2308 5636 2681 5706 deprecdicant
2736 5636 2792 5693 in
2832 5637 3037 5692 Basilio
3069 5646 3122 5692 et
3172 5636 3331 5692 simi-

67 5699 289 5779 gallicis
323 5699 637 5779 disciplinis
690 5699 741 5756 et
784 5708 1010 5756 externa
1072 5701 1365 5779 sapientia,
1415 5714 1520 5770 qua
1567 5701 1646 5755 illi
1759 5699 1921 5777 libus,
1949 5709 2041 5779 qui
2078 5724 2167 5764 res
2201 5699 2393 5764 eorum
2423 5706 2725 5764 celebrant.

66 5758 371 5825 Plurimum
403 5758 778 5844 gluriabantur
812 5790 824 5827 :
894 5785 1058 5842 quam
1130 5758 1448 5851 sapientiae.
1471 5785 1645 5828 saecu-
