3790 6202
151 264 290 333 1149

1342 295 1425 357 ΙΝ
1456 298 1912 360 APOSTOLUM
1940 303 2209 366 TlTUM.

3258 306 3433 374 ’1150

147 376 321 484 ὄνομα
342 382 557 490 [Supina
589 386 812 443 ἐνώπιον
843 392 1010 447 ὲθνῶν
1033 398 1127 451 καὶ
1156 397 1442 468 βασιλέων.
1470 403 1539 456 δι’
1582 405 1695 456 Ἀνα

1844 407 1978 461 mini
2011 424 2197 462 coram
2240 412 2498 479 gentibus
2532 421 2589 469 et
2623 413 2875 486 regibus,
2927 431 3030 473 ceu
3065 417 3258 474 divino
3293 417 3424 490 Spi-

146 468 261 522 νῖου
296 471 394 524 τοῦ
420 473 566 528 πάνυ
616 483 1041 551 χρησμῳδοῦται
1079 489 1232 561 παρά
1276 492 1370 545 τοῦ
1403 482 1734 564 πνεύματος,

1839 498 1978 552 ritus
2023 500 2408 569 oraculo,,per
2445 520 2705 575 magnum
2756 505 2916 560 illum
2974 506 3243 560 Ananiam
3287 522 3416 577 pro-

144 562 414 666 ἀλείπτης
454 569 580 621 ἀντὶ
612 571 864 641 διώκτου,
909 580 1004 633 καὶ
1051 582 1231 653 κῆρυξ
1263 585 1384 639 ἀντὶ
1411 562 1695 657 βλασφήμο

1838 590 2178 645 nuntiatur:
2230 592 2427 661 aliptes
2469 594 2649 649 factus
2696 611 2763 649 ex
2816 604 3193 666 persecutore,
3241 606 3296 651 et
3346 612 3413 652 ex

75 744 79 748 ἡ
143 656 453 748 γινόμενος.
489 662 587 714 Ὃν
610 664 731 717 τότε
773 670 841 739 τῇ
881 670 1129 742 ὀξυωπία
1163 676 1259 727 τοῦ
1306 656 1736 747 πνεύματοςῗὲν-

1836 679 2164 749 blasphemo
2203 683 2552 751 praedicator.
2596 688 2734 740 Eum
2778 696 2912 741 tunc
2944 688 3254 757 perspicaci
3293 689 3413 757 spi-

144 746 269 803 ιδὼν
298 750 328 801 ό
368 748 663 820 Θεσπέσιος
699 757 876 827 Τίτος,
908 763 1004 816 καὶ
1032 762 1134 837 τὴν
1164 765 1553 838 περιχυθεῖσαν
1584 773 1695 825 αὑτε

1834 772 1973 826 ritus
2013 774 2178 828 oculo
2211 775 2447 831 intuitus
2485 778 2826 834 admirabilis
2857 778 3034 844 Titus,
3066 779 3412 851 affusamque

138 846 234 937 τῆς
276 845 437 912 θείας
489 852 716 920 χάριτος
765 855 1105 928 θεολαμπίαν
1156 868 1542 937 κατανοήσας,
1611 872 1733 935 ὅλος

1834 862 1938 932 ipsi
1973 863 2148 919 divini
2201 867 2518 935 splendoris
2577 869 2811 937 gratiam
2858 870 3181 941 diligentius
3234 879 3414 924 atten-

136 936 356 1002 γίνεται
398 941 497 994 τοῦ
547 943 898 1013 καλέσαντος,
950 952 1044 1005 καὶ
1085 955 1162 1017 ὡς
1205 955 1270 1009 ἄν
1309 936 1415 1027 περ
1456 960 1523 1012 δι’
1566 962 1695 1015 αὐτὸ

1831 955 1990 1019 deus,
2044 963 2195 1011 totus
2246 957 2304 1010 fit
2342 959 2493 1013 illius
2543 936 2639 1028 qui
2688 936 2986 1024 vocasset:
3016 962 3221 1031 quique
3260 962 3411 1016 velut

133 1028 429 1084 ἐπιστάντι
474 1033 523 1065 ⁸³
568 1034 647 1106 τῷ
693 1029 918 1109 κήρυκι.
966 1043 1175 1098 Αὐτίκα
1230 1049 1468 1117 μάλιστα
1515 1053 1627 1105 τῶν
1671 1056 1695 1106 ὲ

1831 1044 2003 1113 ipsius
2032 1060 2203 1102 causa
2235 1049 2502 1105 astitisset
2547 1050 2896 1120 pradieatm'i
2929 1028 3068 1120 (53L
3100 1028 3179 1104 Ex
3204 1054 3409 1123 templo

130 1122 298 1175 ποσὶν
349 1124 608 1181 ἁπάντων
642 1130 938 1201 ἀφέμενος.
986 1137 1081 1189 καὶ
1122 1140 1255 1190 πᾶσι
1298 1141 1508 1213 χαίρειν
1556 1143 1728 1199 εἰπὼν

126 1216 269 1277 τοῖς.
291 1219 399 1269 ὅσα
419 1218 642 1274 κλέπτει
674 1221 770 1293 τὴν
790 1225 1064 1296 αῐσθησιν,
1097 1230 1381 1300 πρόσεισιν
1405 1233 1554 1304 αὑτῷ
1586 1234 1741 1306 μετὰ,

126 1306 334 1362 πολλοῦ
365 1309 462 1363 τοῦ
499 1314 869 1383 συστήματος.
1633 1370 1637 1381 .

200 1397 320 1450 Καὶ
348 1399 561 1465 γίνεται
598 1402 697 1471 μὲν
727 1404 797 1457 τὰ
821 1406 1012 1476 πρῶτα
1050 1408 1157 1461 τῶν
1180 1413 1427 1482 συνήθων
1460 1414 1553 1467 καὶ
1586 1431 1725 1483 γνω-

123 1488 314 1558 ρίμων
336 1487 437 1555 εἷς,
478 1493 597 1562 μετ’
628 1494 689 1546 οὐ
722 1495 857 1550 πολὺ
885 1498 943 1550 δὲ
979 1498 1233 1564 σύσσιτος
1266 1504 1361 1557 καὶ
1393 1507 1717 1577 όμόσκηνος.

134 1578 236 1643 Ὠς
259 1579 318 1634 δὲ
336 1584 453 1644 τοῖς
483 1584 672 1653 πρόσω
700 1587 894 1657 χωρῶν
913 1590 942 1641 ὁ
965 1588 1270 1660 θαυμάσιος
1293 1595 1618 1666 ἐπεγνώσθη
1644 1597 1722 1669 τῷ

117 1672 543 1740 προγωσθέντι
586 1676 869 1745 Θεῷρκαὶ
905 1683 1017 1744 τοῖς
1051 1682 1193 1753 ὑπὲρ
1236 1682 1356 1737 λίαν
1397 1687 1716 1753 ἀποστόλοις

117 1762 529 1831 περισωθέντι,
566 1765 644 1835 τῷ
673 1740 968 1839 ἀκραιφνεῖ
988 1740 1090 1840 τῆς
1120 1740 1274 1836 θείας
1297 1740 1716 1847 ὲλλάμψεωςζτί
1748 1740 1791 1793 Β

119 1852 382 1917 γὲνεταις
427 1855 715 1925 συνόμιλος
751 1859 899 1930 αὑτῴ
934 1860 1120 1916 λοιπὸν
1153 1865 1250 1918 καὶ
1285 1867 1624 1940 συνέκδημος
1656 1872 1717 1927 ὲν

114 1943 199 2012 τῷ
231 1944 328 1996 τοῦ
355 1944 689 2015 Εὑαγγελίου
718 1949 1056 2022 κηρύγματι.
1076 1955 1157 2009 Τά
1181 1955 1238 2009 δὲ
1269 1957 1397 2029 ἑξῆς
1426 1961 1579 2015 ὀκνεῖ
1611 1962 1714 2032 μὲν

118 2036 307 2087 εἰπεῖν
334 2036 364 2088 ό
386 2033 567 2104 λόγος,
594 2038 688 2091 ἅτε
724 2038 823 2111 τὴν
856 2043 1132 2114 ἡμετέραν
1172 2046 1537 2119 διαφεύγοντα
1571 2052 1716 2121 γνῶμ-

124 2140 238 2187 σιν,
301 2126 398 2178 καὶ
453 2127 738 2200 κρείττονα
783 2130 922 2203 τάχα
968 2135 1068 2206 τῆς
1129 2139 1343 2195 πολλῶν
1392 2143 1714 2215 ὑπολήψεως

128 2217 287 2272 ὂντα.
335 2219 452 2289 Ἐφ’
478 2220 515 2274 ἀ
539 2222 595 2275 δὲ
624 2223 706 2276 δεῖ
727 2224 817 2277 τὸν
840 2225 998 2295 λόγον
1024 2232 1432 2302 μετοχετεῦσαι,
1458 2237 1544 2288 ἐπ’
1569 2237 1711 2291 αὑτά

127 2309 191 2377 δῆ
218 2312 315 2362 καὶ
361 2311 654 2381 τρέψομαι.
696 2310 822 2384 Εἶχε
850 2318 949 2387 μὲν
990 2315 1084 2374 οὖν
1118 2323 1282 2377 αὑτὸν
1333 2324 1509 2388 οὕτως
1553 2328 1586 2396 ή
1615 2325 1710 2380 τοῦ

135 2400 352 2454 Παύλου
396 2404 644 2473 φροντὶς,
698 2410 1004 2480 πανταχόσε
1058 2416 1573 2487 συμπεριαγόμενον
1617 2419 1710 2473 καὶ

140 2493 455 2562 φερόμενον,
491 2496 588 2549 καὶ
615 2497 682 2530 ⁸³⁸
719 2499 780 2552 τὸ
822 2500 1046 2573 θήραμα
1072 2505 1147 2568 ὼς
1183 2506 1303 2559 λίαν
1342 2508 1565 2579 ἐπίχαρι
1608 2511 1704 2564 καὶ

146 2582 367 2638 πλούτου
405 2588 624 2657 μεστόν.
671 2588 729 2642 '0
774 2591 831 2644 δὲ
879 2589 946 2664 ἦν
992 2596 1155 2660 εὐθὺς
1192 2598 1258 2650 ὲκ
1292 2598 1517 2669 πρώτης
1558 2600 1707 2671 αύτῷ

154 2674 390 2747 {ﬂia-mc,
446 2678 608 2732 πάνθ’
647 2682 748 2734 ὅσα
795 2691 1166 2757 κατακοσμεῖν
1223 2686 1329 2743 οἶδε
1390 2691 1484 2745 τὸν
1532 2693 1703 2763 ἀρετῇ

156 2766 350 2835 βιοῦντα
391 2771 485 2824 καὶ
523 2773 666 2826 κατά
711 2774 845 2828 Θεὸν
888 2778 1256 2850 ἀναγόμενον·
1312 2782 1586 2852 ἐπιεικὴς,
1619 2784 1703 2836 st)-

156 2859 347 2931 πειθὴς,
388 2861 731 2932 εὐπρόσιτος,
775 2866 1039 2938 ὑπήκοος,
1089 2871 1228 2941 πρὸς
1278 2873 1583 2946 ἀποστολὴν
1611 2876 1703 2928 εύ-

156 2950 347 3021 οταλὴς,
377 2953 513 3025 πρὸς
536 2954 814 3011 διακονίαν
834 2958 1162 3032 εὔχρηστος,
1187 2965 1324 3032 πρὸς
1341 2966 1692 3036 καταλλαγὰς

1828 1139 2071 1190 maxime
2106 1138 2365 1193 omnibus
2395 1153 2426 1193 a
2474 1154 2535 1195 se
2583 1141 2774 1209 procul
2815 1140 3085 1205 dimissis,
3126 1149 3294 1210 atque
3338 1144 3408 1198 iis

1828 1225 2050 1293 penitus
2093 1227 2276 1282 valere
2315 1228 2487 1296 jussis
2519 1245 2642 1300 quae
2682 1231 2963 1287 lenocinio
2993 1232 3251 1286 furantur
3281 1250 3409 1289 sen-

1826 1331 1971 1381 sum,
1997 1319 2174 1375 multo
2193 1322 2461 1376 comitatu
2496 1323 2676 1393 ipsum
2708 1324 2846 1379 adit.

1895 1410 1971 1464 Ac
2007 1411 2243 1480 primum
2282 1414 2503 1482 quidem
2548 1431 2693 1472 unus
2726 1431 2920 1472 eorum
2962 1416 3058 1486 qui
3102 1415 3405 1472 familiares

1824 1510 1879 1556 et
1917 1502 2033 1555 noti
2070 1513 2279 1568 essent,
2319 1506 2673 1572 postmodum
2726 1522 2861 1563 vero
2909 1509 3076 1563 etiam
3120 1523 3405 1563 commcn-

1825 1590 1959 1645 salis
1998 1598 2053 1645 et
2093 1592 2508 1648 contubernalis
2538 1594 2791 1653 efﬁcitur.
2829 1596 2933 1653 Ubi
2971 1610 3152 1657 autem
3186 1598 3271 1651 vir
3300 1597 3405 1651 mi-

1823 1682 2018 1736 rabilis
2056 1681 2125 1736 ad
2150 1683 2410 1738 ulteriora
2444 1685 2773 1754 procedens.
2807 1688 3033 1758 agnitus
3065 1689 3112 1743 ei
3147 1688 3271 1751 fuit,
3303 1686 3400 1756 qui

1822 1771 2018 1828 fuisset
2061 1776 2397 1844 praeagnitus
2431 1775 2563 1839 Deo,
2612 1784 2667 1832 et
2700 1778 2768 1832 iis
2814 1779 2907 1848 qui
2962 1793 3129 1846 supra
3173 1778 3396 1833 modum

1819 1862 2052 1929 apostoli
2101 1873 2260 1918 erant
2303 1876 2646 1936 extrquatus,
2700 1867 2922 1923 sincera
2985 1869 3177 1939 utique
3219 1868 3396 1922 divini

1819 1952 2042 2009 lmuinis
2076 1953 2467 2023 illustratioue,
2504 1959 2640 2031 quid
2674 1960 2916 2017 accidit?
2951 1960 3039 2015 Fit
3069 1961 3286 2015 tandem
3318 1960 3396 2015 illi

1815 2047 2026 2112 socius,
2055 2061 2118 2102 ac
2149 2051 2655 2120 peregrinationum
2697 2069 2885 2111 comes
2920 2054 2976 2108 in
3002 2053 3398 2123 praedicatione

1814 2139 2114 2211 Evangelii.
2142 2140 2343 2197 Rennit
2366 2150 2552 2200 autem
2577 2145 2761 2215 eloqui
2782 2146 2965 2201 oratio
2984 2162 3108 2217 qua:
3131 2145 3396 2215 deinceps

1814 2240 2142 2301 sequuntur,
2174 2242 2232 2288 ut
2265 2250 2390 2304 qua:
2414 2234 2676 2305 effugiant
2707 2246 2958 2293 nostram
2990 2238 3389 2308 cognitionem,

1813 2337 1877 2376 ac
1906 2322 2091 2378 forsan
2122 2327 2334 2395 majora
2366 2329 2477 2384 sint
2514 2345 2679 2399 quam
2716 2330 2904 2399 plures
2928 2330 3393 2385 existimaverint.

1810 2414 1891 2469 Ad
1928 2430 1992 2469 ea
2019 2431 2150 2470 vero
2179 2429 2499 2475 convertam
2523 2434 2863 2486 sermonem,
2890 2420 2957 2475 ad
2990 2436 3111 2490 quae
3131 2421 3179 2476 is
3204 2420 3394 2475 detor-

1806 2503 2063 2573 quendus
2099 2506 2191 2561 sit.
2225 2507 2320 2560 Sic
2344 2507 2530 2575 itaque
2562 2523 2685 2562 eum
2713 2507 2922 2563 Paulus
2955 2524 3102 2563 curae
3130 2506 3389 2570 habebat,

1810 2601 1868 2646 ut
1895 2594 2046 2648 omni
2079 2595 2201 2650 loco
2237 2612 2345 2650 una
2380 2597 2847 2662 circumduceret,
2902 2613 2967 2651 ae
2995 2598 3143 2652 velut
3183 2597 3389 2667 gratis-

1809 2683 2004 2737 simam
2033 2684 2364 2755 plenamque
2392 2687 2599 2742 divitiis
2625 2686 2868 2757 pracdam
2913 2686 3100 2742 ferret.
3139 2683 3258 2758 Ipse
3292 2700 3392 2738 auo

1808 2780 1916 2827 tem
1951 2789 1981 2827 a
2014 2776 2193 2844 primo
2228 2778 2415 2831 statim
2472 2779 2740 2849 germine,
2782 2779 2965 2833 omnia
3012 2780 3061 2834 ei
3112 2787 3231 2832 erat
3267 2792 3389 2846 qua:

1806 2863 1984 2918 solent
2014 2882 2137 2921 esse
2184 2877 2513 2923 ornamento
2548 2871 2755 2925 viventi
2792 2886 2857 2925 ex
2891 2871 3105 2924 ratione
3142 2870 3386 2933 virtutis,

1804 2957 2028 3027 vitaque
2057 2956 2241 3013 divine
2274 2959 2498 3015 sublimi
2552 2968 2607 3014 et
2653 2960 2764 3015 Deo
2803 2961 3143 3021 subvehente
3189 2961 3337 3015 elata
3371 2976 3385 3012 :

155 3043 431 3130 εὑδαίμων,
497 3046 762 3119 ἀλείπτης
814 3051 922 3105 τῶν
985 3054 1326 3120 κοπιώντων,
1390 3058 1498 3111 τῶν
1555 3058 1695 3130 ὑπὲρ

1823 3046 2110 3112 uodestus,
2139 3048 2448 3114 suasibilis,
2484 3063 2716 3106 accessu
2754 3049 2956 3115 facilis,
2982 3052 3281 3115 obediens,
3318 3049 3384 3103 ad

156 3128 362 3200 Χριστοῦ
396 3135 702 3189 πονούντων
741 3138 1157 3214 ὑπερασπιστὴς
1177 3183 1192 3206 ,
1226 3145 1322 3197 καὶ
1360 3147 1497 3216 πρὸς
1525 3128 1701 3201 ἀπάν-

157 3239 247 3275 των
271 3225 440 3280 καλῶν
482 3227 790 3298 δξύρῤοπον
818 3232 916 3302 τὴν
947 3235 1285 3305 μετάκλησιν
1313 3236 1473 3307 ἔχων.
1514 3238 1580 3291 Τί
1607 3256 1698 3308 μοι

154 3314 209 3367 τὰ
252 3317 428 3389 πόρρω
464 3318 667 3386 λέγειν,
723 3324 902 3394 παρὸν
957 3325 1058 3388 τὰς
1109 3327 1326 3379 Παύλου
1379 3328 1565 3396 φωνὰς
1616 3330 1698 3392 είς

156 3404 295 3493 μέσον
326 3410 627 3479 ἀγαγόντα,
652 3410 713 3463 ὲν
737 3415 931 3478 αὑταῖς
945 3415 1135 3470 τοῦτον
1157 3417 1287 3493 ὑμῖν
1313 3417 1697 3489 ὲκτυπώτερον

151 3492 375 3562 διαδείξαι
402 3499 516 3564 νῦν,
542 3503 620 3568 ὡς
656 3506 718 3560 ὲν
741 3505 933 3559 πίνακι
971 3505 1049 3576 τῷ
1069 3507 1362 3579 γράμματι
1387 3498 1696 3581 στηλογρα-

153 3584 415 3657 φούμενον;
447 3592 545 3656 Ὃς
577 3594 889 3666 Κορινθίοις
917 3597 1252 3650 ἐπιστέλλων
1290 3601 1443 3665 ποτὲ,
1469 3601 1564 3653 καὶ
1598 3600 1695 3672 τὴν

151 3676 217 3739 εἰς
240 3678 575 3752 τδκήρυγμα
619 3685 914 3757 δεδομένην
947 3687 1096 3758 αὑτῷ
1137 3689 1299 3761 χάριν
1330 3692 1695 3763 ἐκδιηγούμε-

151 3769 417 3830 immuta?)
465 3791 573 3828 που
617 3775 713 3829 τοῦ
756 3777 918 3844 λόγου
963 3778 1274 3850 γενόμενος,
1320 3781 1409 3834 τὸν
1452 3782 1597 3852 ἱερὸν
1630 3783 1694 3855 δὴ

150 3857 307 3914 τοῦτον
348 3864 715 3937 ὑποσεμνύνει
776 3868 933 3923 Τίτον
983 3870 1043 3922 ὲν
1101 3872 1314 3936 τούτοις
1363 3874 1538 3944 δήπου
1581 3878 1694 3939 τοῖς

150 3948 355 4019 ῥήμασι·
396 3974 415 4007 ι
440 3956 627 4029 Θύρας
659 3976 775 4030 μοι,
809 3962 994 4031 φησιν,
1029 3962 1389 4036 ἀνεῳγμένης
1413 3966 1470 4018 ἐν
1501 3967 1694 4039 Κυρίῳ

146 4040 211 4102 εἰς
237 4041 292 4096 τὸ
320 4044 652 4116 Βὺαγγέλιον
682 4051 778 4104 τοῦ
825 4052 1064 4123 Χριστοῦ
1112 4055 1211 4107 οὑκ
1256 4054 1466 4126 ἔσχηκα
1508 4057 1694 4111 ἄνεσιν

142 4130 206 4199 τῷ
230 4135 491 4208 πνεύματί
518 4157 645 4211 μου,
675 4142 772 4195 τοῦ
802 4145 880 4216 μὴ
903 4145 1082 4217 εὑρεῖν
1118 4164 1187 4218 με
1217 4144 1377 4202 Τίτον
1415 4148 1506 4202 τὸν
1535 4150 1692 4204 ἀδελ-

138 4220 224 4287 φάν
246 4242 361 4295 μου.
399 4247 417 4279 ι

1808 3136 2179 3205 apostolatum
2214 3139 2533 3207 expeditus,
2570 3140 2638 3193 ad
2674 3141 3045 3196 ministerium
3076 3141 3231 3197 utilis
3256 3182 3270 3206 ,
3317 3142 3383 3195 ad

1807 3228 2224 3283 conciliationes
2270 3228 2419 3297 felix,
2450 3229 2827 3285 fatiscentium
2869 3233 3088 3300 aliptes,
3120 3232 3388 3288 defensor

1806 3331 1910 3386 pro
1938 3315 2159 3369 Christo
2190 3318 2585 3385 laborantium,
2637 3338 2799 3391 quem
2833 3322 3071 3390 denique
3100 3324 3225 3376 boui
3258 3338 3380 3376 om-

1803 3422 1902 3460 nes
1928 3408 2258 3476 propensius
2286 3410 2551 3464 accirent.
2585 3411 2876 3465 Enimvero
2915 3412 3047 3481 quid
3079 3415 3382 3467 remotiora

1803 3496 1948 3563 dico,
2013 3513 2139 3552 cum
2200 3507 2403 3567 prazsto
2454 3501 2524 3554 sit
2590 3510 2649 3555 ut
2707 3502 2764 3556 in
2833 3504 3070 3557 medium
3125 3503 3382 3560 adductis

1801 3588 1950 3641 Pauli
1987 3588 2234 3652 vocibus,
2258 3605 2382 3643 eum
2415 3591 2574 3646 vobis
2601 3592 3124 3661 impraesentiarum,
3150 3595 3301 3651 velut
3326 3599 3382 3651 in

1798 3677 2023 3741 tabella,
2075 3693 2139 3732 ae
2169 3694 2269 3734 ceu
2302 3680 2357 3733 in
2403 3680 3021 3751 columnainsculptum
3058 3686 3377 3752 expressius

1797 3787 1861 3825 ex
1902 3770 2185 3839 Scriptura
2227 3772 2560 3827 exhibeam?
2613 3773 2663 3828 Is
2717 3774 3019 3843 aliquando
3068 3775 3380 3832 Corinthiis

1800 3862 2074 3927 scribens,
2122 3860 2419 3934 datamque
2466 3864 2515 3919 ei
2546 3865 2613 3918 ad
2651 3865 3103 3935 praadieationem'
3143 3868 3378 3937 gratiam

1793 3953 2104 4020 disserens,
2132 3946 2230 4011 ἰιιιὶ
2268 3955 2335 4010 ad
2372 3965 2581 4011 certum
2641 3957 2937 4027 quemdam
2986 3959 3171 4014 locum
3219 3960 3379 4017 deve-

1796 4044 1897 4109 nit,
1922 4045 2104 4100 verbis
2145 4046 2482 4116 ejuscemodi
2527 4046 2780 4105 honestat
2821 4064 3040 4104 sacrum
3079 4051 3230 4106 lmue
3278 4052 3375 4106 Ti-

1796 4143 1910 4189 tum
1947 4155 1960 4191 :
2002 4156 2021 4189 ι
2061 4137 2223 4200 Cum,
2257 4138 2461 4210 inquit,
2494 4141 2697 4195 ostiqu
2730 4140 2862 4194 mihi
2905 4141 2974 4195 ad
3027 4140 3376 4210 Evangelium

1795 4226 2003 4283 Christi
2027 4235 2277 4298 apertum
2305 4239 2474 4294 esset,
2502 4246 2612 4285 non
2648 4231 2814 4287 habui
2858 4233 3105 4303 requiem
3156 4237 3375 4305 spiritui

1796 4331 1961 4384 meo,
2018 4334 2084 4375 eo
2149 4321 2294 4386 quod
2355 4336 2463 4376 non
2504 4322 2821 4378 ‘invenerim
2879 4324 3062 4379 Titum
3136 4327 3366 4384 fratrem

1800 4424 1979 4464 meum
2013 4420 2060 4466 ⁸.
2102 4431 2121 4463 ι

199 4480 349 4555 Ὁρᾷς
381 4487 483 4557 ὅση
510 4490 605 4543 καὶ
633 4492 717 4556 τίς
743 4493 989 4577 ὑπῆρχεν
1016 4498 1045 4567 ἡ
1074 4498 1139 4550 ἐκ
1169 4498 1386 4571 βάθρων
1416 4501 1565 4572 αὐτῷ
1589 4503 1688 4573 τῆς

1863 4500 2028 4558 Vides
2064 4511 2269 4572 quanta
2299 4505 2348 4560 ei
2390 4505 2561 4560 affusa
2592 4516 2739 4561 esset
2770 4510 2945 4575 gratia
3003 4507 3267 4579 Spiritus,
3304 4511 3373 4565 al)

128 4571 346 4640 πῖστεως
376 4580 740 4650 περιχυθεῖσα
773 4587 935 4656 χάρις
972 4574 1065 4641 τοῦ
1100 4589 1455 4659 Πνεύματος,
1494 4592 1570 4656 ὼς
1600 4593 1693 4647 καὶ

128 4663 334 4738 ἀδελφὸν
372 4672 737 4745 ἐπικληθῆναι
774 4678 1011 4747 Παύλου,
1070 4681 1165 4734 καὶ
1211 4681 1545 4753 ψυχαγωγδν
1596 4685 1693 4740 καί¹

184 4798 265 4853 ἸΙ
295 4800 428 4857 Cor.
468 4819 529 4871 ιι,
574 4806 660 4860 1'2.

1803 4594 1938 4664 ipsis
1973 4594 2097 4649 fidei
2127 4594 2521 4662 fundamentis,
2565 4608 2622 4653 ut
2647 4608 2701 4654 et
2736 4599 2891 4654 Pauli
2936 4601 3107 4656 frater
3137 4610 3190 4656 et
3224 4603 3370 4658 sola-

1800 4690 1936 4744 tium
1963 4697 2017 4746 et
2044 4688 2392 4764 refrigerium
2425 4693 2756 4749 vocaretur?
2793 4712 2811 4746 ι
2856 4692 2976 4750 Non
3010 4695 3180 4751 habui
3222 4696 3370 4752 enim

1314 4902 1328 4915 ’
1382 4932 1618 4989 unus
1672 4935 2077 4996 LECTIONES.

166 5012 213 5046 ⁸³
244 5011 395 5085 Lege
451 5017 795 5083 ἐπιστάντος.
870 5018 939 5052 ⁸³¹
968 5018 1104 5092 Leg.
1129 5020 1225 5085 ὡς.

1434 5115 1573 5173 COM
1582 5118 1825 5175 BEFISH
1853 5120 2082 5179 NOTAE.

163 5196 285 5281 (τῆ)
322 5197 536 5281 Quique
586 5199 755 5281 velut“
781 5203 1174 5281 ἱρεῖαι-σακία
1236 5210 1496 5281 extitisset
1542 5228 1686 5281 ρτιιιη

95 5263 360 5339 (hateri.
392 5263 667 5339 Nempe,
722 5263 911 5328 Paulo.
974 5272 1185 5330 lndicat
1242 5263 1687 5336 minitarier-

90 5336 344 5412 sionem!
384 5336 575 5393 fuisse
619 5339 743 5395 Tito
806 5344 1156 5408 occasionem
1235 5350 1491 5412 perfecta:
1549 5367 1686 5406 con-

88 5409 400 5491 fersiouis,
444 5417 501 5491 et
564 5412 1104 5491 arripiendinstatus
1150 5409 1528 5491 _sublimioris,
1575 5437 1688 5491 quo

79 5476 411 5562 asperantur
466 5478 626 5562 ﬁeret
681 5476 843 5562 sacro
888 5483 968 5536 illi
1027 5485 1364 5552 ministerio,
1421 5491 1487 5545 ad
1516 5476 1687 5562 'qtiod

73 5535 304 5631 Paulus
363 5535 804 5630 peculiarissime
825 5535 831 5536 ί
851 5535 1687 5631 vocatu’s'_'ééééifiaﬁaeiﬁéﬁ‘é

68 5614 146 5697 jn
184 5614 333 5696 .ejus
364 5614 598 5697 'soeium
639 5632 1008 5697 promoveret.
1032 5693 1049 5697 _
1083 5614 1315 5697 Accepit
1373 5614 1683 5688 velutﬂs'ibi

60 5690 89 5729 ι
102 5686 199 5759 psi
248 5692 527 5757 vocatum,
559 5705 622 5747 ac
641 5686 849 5747 'ducem
908 5686 1251 5765 praefectura,
1296 5698 1401 5756 sub
1444 5686 1599 5773 quo,
1633 5686 1686 5760 et

1793 5229 1904 5284 quo
1930 5217 2121 5287 socio,
2165 5218 2539 5287 praedicatioui
2590 5218 2841 5273 instaret.
2890 5216 3134 5287 Noniﬂita
3191 5216 3373 5283 abest,

1794 5286 1942 5353 quod
1984 5287 2055 5342 de
2088 5286 2495 5355 B.’Reginaldo
2545 5290 2783 5344 habetur
2824 5288 2963 5355 apud
2992 5286 3266 5341 Theodor.
3314 5298 3368 5341 et

1795 5355 1957 5421 alios,
1993 5358 2300 5439 meditante
2330 5366 2537 5439 statum
2574 5357 3022 5439 apostolic'um‘et
3054 5359 3371 5439 praedi-cato.-

1794 5439 1941 5489 rum,
1977 5429 2064 5481 cui
2101 5427 2264 5491 Deus,
2297 5429 2387 5482 vix
2420 5444 2530 5482 non
2564 5425 2797 5483 alterum
2829 5425 3082 5491 Paulum,
3119 5444 3182 5481 ac
3213 5426 3365 5481 Pauli

1796 5496 1997 5568 spiritu
2030 5498 2274 5568 plenum,
2309 5498 2655 5552 Dominicum
2708 5512 2820 5568 quo
2850 5497 3085 5568 praeside
3112 5506 3169 5554 et
3205 5494 3368 5553 Patre

1794 5565 2058 5636 socioque
2109 5567 2160 5621 id
2214 5568 2461 5623 muneris
2519 5565 2745 5624 strenue
2783 5565 2984 5630 obiret,
3026 5569 3365 5635 suscitavit;

1792 5636 1958 5690 etiam
2015 5637 2354 5710 miraculose
2406 5652 2613 5710 sanans
2665 5638 2786 5710 ejus
2826 5639 3126 5710 precibus,
3186 5646 3244 5694 ut
3296 5652 3367 5695 ne

1795 5714 1982 5763 tantus
2010 5707 2226 5767 deesset
2252 5724 2406 5766 nova:
2432 5708 2645 5766 militiae
2670 5709 2800 5766 dux.
