3824 6212
183 370 299 437 1153

1325 363 1414 423 ἸΝ
1448 361 1902 422 APOSTOL‘UM
1934 360 2182 421 TITUM

3248 359 3392 425 1154

179 483 274 552 ἐγὼ
287 483 340 534 οὐ
365 479 710 549 κατεϐάρησα
733 479 878 548 ὑμᾶς
897 493 912 511 ·
935 477 1052 531 ἀλλ’
1082 475 1346 546 ὑπάρχων
1382 475 1711 544 πανοῦργος,

1829 489 1843 522 ι
1877 469 1986 526 Sed
2021 478 2163 534 esto,
2194 469 2394 538 inquit,
2427 485 2526 540 ego
2551 485 2652 526 vos
2703 485 2809 524 non
2841 469 3086 541 gravavi,
3137 469 3232 524 sed
3265 485 3396 526 cum

176 576 292 644 δόλῳ
315 575 442 643 ὑμᾶς
463 571 673 625 ἔλαϐον.
715 590 734 620 δ
767 571 833 623 Τί
863 571 1042 639 λέγεις
1062 587 1076 634 ;
1099 569 1258 638 -Δόλῳ
1277 566 1584 637 πανοῦργος
1614 568 1718 619 ὑπ-

176 668 336 738 άρχων
358 662 494 734 εἷλες
518 702 534 726 ,
569 663 662 726 οὓς
718 662 806 715 διὰ
854 661 1092 731 Χριστὸν
1123 661 1538 731 ὲσαγήνευσας;
1585 658 1716 721 Ναὶ,

174 758 308 828 φησί.
339 756 438 827 Τὴν
472 755 641 824 καλὴν
667 756 885 824 ἀπάτην
913 755 1194 824 ὴπὰτησα,
1229 752 1460 822 μιμήσει
1479 748 1717 820 Χριστοῦ

172 846 253 901 τοῦ
276 847 358 900 τὸν
379 845 566 916 ἐχθρὸν
588 844 1002 913 φενακίσαντος.
1029 845 1139 896 Καὶ
1165 842 1274 912 γὰρ
1301 842 1506 893 ἐκεῖνον
1535 838 1720 918 δελεά⁴

172 956 258 1000 σας
296 937 368 1007 τῷ
400 937 494 1006 τῆς
529 935 731 1005 σαρκὸς
771 934 1224 1005 προκαλύμματι,
1273 931 1526 1000 θεότητος
1562 930 1720 998 ἀγκί-

172 1048 300 1101 στρῳ
328 1031 359 1100 ἦ
392 1028 482 1082 καὶ
502 1029 548 1060 ⁸⁸
581 1026 950 1096 προϐλήματι.
986 1026 1058 1077 Τὸ
1097 1024 1153 1077 δὲ
1187 1023 1550 1092 πανοῦργος,
1600 1022 1720 1076 ἀντὶ

167 1121 269 1186 τοῦ,
292 1120 494 1189 σοφὸς,
534 1117 975 1188 ἑκλαμϐἀνομεν.
1009 1135 1028 1168 ‹
1072 1116 1253 1168 Ἔστω
1284 1111 1398 1181 οὖν,
1423 1115 1576 1184 φησι,
1611 1111 1722 1180 ἐγὼ
1747 1109 1759 1119 ’

164 1210 219 1262 οὐ
274 1209 616 1278 κατεϐάρησα
673 1208 855 1276 ὑμᾶς·
918 1205 1034 1258 ἀλλ’
1082 1204 1342 1273 ὑπάρχων
1391 1201 1718 1272 πανοῦργος,

161 1300 286 1368 δόλῳ
309 1300 443 1368 ὑμᾶς
464 1297 677 1351 ἔλαϐον.
710 1297 802 1366 Μή
847 1311 971 1349 τινα
1005 1293 1064 1347 ὃν
1092 1292 1390 1347 ἀπέστειλα
1418 1293 1553 1363 πρὸς
1578 1293 1722 1361 ὑμᾶς

160 1388 563 1457 ἐπλεονέκτησεν
586 1387 764 1457 ὑμᾶςς
801 1385 1162 1456 Παρεκόιλεσα
1185 1385 1366 1453 Τίτον,
1397 1387 1492 1438 καὶ
1517 1401 1721 1437 συναπ-

159 1479 365 1532 έστειλα
378 1480 463 1532 τὺν
481 1478 732 1546 ἀδελφόν.
749 1479 841 1548 Μή
859 1494 912 1529 τι
933 1476 1262 1546 ὲπλεονέκτη
1271 1493 1362 1529 σεν
1381 1476 1524 1546 ὑμᾶς
1540 1475 1719 1541 Τίτοςς

158 1572 232 1624 Οὐ
255 1572 327 1640 τῷ
358 1569 499 1640 αὑτῷ
531 1568 806 1638 πνεύματι
835 1569 1358 1638 περιεπατήσαμεν;
1385 1568 1460 1619 Οὐ
1489 1569 1600 1630 τοῖς
1625 1568 1724 1621 αὺο

154 1665 266 1725 τοῖς
295 1664 523 1731 ῖχνεσιν;
569 1680 588 1713 ι
627 1656 770 1728 Εὖγε
816 1659 916 1729 τῆς
945 1658 1236 1728 ἀληθείας.ί
1277 1658 1580 1729 ’Υπέρευγε
1628 1657 1722 1711 τοῦ

1817 576 1999 616 essem
2031 569 2247 615 astutus
2279 559 2406 613 dolo
2455 575 2549 614 vos
2604 561 2721 629 cepi
2759 568 2806 613 ι.
2856 577 2874 611 ι
2923 559 3064 625 Quid
3113 557 3230 612 ais?
3259 559 3397 614 Cum

1817 667 1972 707 esses
2007 659 2250 716 astutus,
2281 665 2376 706 eos
2406 650 2535 704 dolo
2565 651 2781 720 cepisti,
2816 665 2957 719 quos
2990 656 3213 720 propter
3239 650 3395 703 Chri-

1819 753 1960 797 stum
1995 743 2244 811 piscatus
2289 743 2392 796 es?
2425 741 2524 805 Ita,
2575 743 2795 811 inquit:
2863 741 3015 795 Bono
3065 758 3162 797 vos
3208 758 3398 799 eriere

1818 832 2029 902 decepi,
2071 831 2280 900 Christi
2326 834 2578 902 exemplo
2607 833 2699 900 qui
2735 833 2881 884 hosti
2939 833 3130 887 illusit.
3166 834 3300 886 Nam
3345 843 3398 888 et

1820 922 1974 976 illum
1999 923 2188 977 carnis
2222 923 2511 976 involucro
2543 937 2640 975 ceu
2672 937 2796 976 esca
2833 920 3050 985 fallens,
3090 923 3397 977 divinitatis

1820 1009 1986 1064 hamo
2050 1011 2166 1065 sive
2228 1011 2391 1064 etiam
2454 1009 2708 1078 praesidio
2767 1011 2935 1077 cepit.
2990 1009 3124 1063 illud
3181 1021 3396 1075 autem,

1821 1111 2052 1164 astutus,
2113 1116 2213 1170 pro
2255 1115 2322 1156 eo
2377 1103 2729 1169 exponimus,
2785 1101 2934 1168 quod
2997 1108 3101 1166 est,
3162 1103 3398 1170 sapiens.

1825 1211 1844 1242 ‹
1884 1190 1990 1246 Sed
2017 1200 2158 1257 esto,
2193 1193 2396 1261 inquit.
2441 1207 2543 1262 ego
2574 1207 2673 1246 vos
2711 1207 2818 1246 non
2844 1193 3090 1262 gravavi,
3135 1173 3397 1246 scil‘cum

1820 1298 1999 1337 essem
2053 1290 2292 1354 astqtus,
2325 1283 2453 1336 dolo
2479 1298 2575 1336 vos
2603 1281 2744 1351 cepi.
2785 1280 3046 1352 Nunquid
3083 1282 3283 1350 aliquis
3305 1297 3401 1336 eo-

1823 1388 1942 1426 rum
1976 1388 2116 1442 quos
2165 1373 2294 1427 misi
2342 1372 2408 1426 ad
2454 1387 2574 1436 vos,
2611 1373 2872 1441 expilavit
2909 1373 3044 1426 vos?
3083 1373 3284 1442 Rogaii
3309 1372 3402 1426 Ti-

1823 1472 1958 1526 tum,
1988 1471 2042 1517 et
2071 1463 2193 1517 misi
2226 1477 2352 1516 cum
2391 1463 2486 1516 illo
2514 1462 2762 1516 fratrem.
2805 1463 3061 1532 Nunquid
3100 1463 3262 1519 Titus
3295 1478 3396 1518 vos

1821 1553 2119 1620 expilavit?
2184 1552 2376 1607 Nonne
2440 1553 2632 1607 eodem
2699 1553 2894 1622 spiritu
2953 1555 3402 1608 ambulavimus?

1820 1645 2015 1700 Nonne
2049 1645 2243 1698 iisdem
2275 1643 2527 1712 vestigiis
2557 1643 2618 1696 ’ἲ
2653 1662 2671 1694 ι
2710 1646 2860 1712 Euge
2900 1646 3217 1698 veritatem!
3250 1645 3401 1713 Euge

160 1749 482 1818 Ιινεὺματος,
511 1748 652 1800 οὕτω
679 1747 1121 1816 συναρμόσαντος
1141 1747 1312 1817 ἄμφω
1332 1749 1456 1810 τοὺς
1485 1749 1720 1818 Χριστο-

1829 1737 1997 1806 magis
2047 1733 2338 1805 Spiritum,
2385 1735 2476 1803 qui
2531 1735 2604 1787 ita
2644 1735 2836 1787 ambos
2863 1733 3069 1788 Christi
3122 1750 3403 1802 praecones

158 1817 393 1906 κήρυκας
418 1837 431 1889 ί
458 1837 598 1906 Ἤδη
633 1837 730 1906 μὲν
759 1832 854 1888 οὖν
883 1832 942 1889 εὖ
973 1837 1117 1906 μάλα
1145 1835 1312 1898 αὐτὸς
1339 1838 1372 1905 ἠ
1403 1836 1531 1900 δόξα
1558 1837 1717 1889 Τίτου

1829 1829 2129 1898 coaptavit!
2159 1826 2280 1880 Jam
2312 1841 2446 1880 sane
2473 1825 2711 1878 maxime
2749 1824 2868 1892 ipse
2905 1821 3008 1874 Titi
3057 1823 3230 1892 gloria
3265 1822 3436 1912 P.xu-.

155 1928 378 1992 Παῦλος,
429 1929 518 1982 τὸν
570 1928 790 1983 ἔπαινον
842 1926 1132 1996 προλαϐὼν
1179 1927 1558 1998 ἀπηκρίϐωσε,
1607 1930 1720 1991 τοῖς

153 2021 342 2073 ἑαυτοῦ
368 2019 436 2072 τὰ
457 2019 666 2073 ἐκείνου
691 2020 1013 2090 συγκρίνας,
1048 2019 1246 2089 ἄριστά
1269 2035 1327 2071 τε
1360 2019 1548 2072 τοῦτον
1578 2019 1720 2086 eget-

153 2113 376 2175 κονίσας
405 2109 866 2180 εὐχρωματίστως
899 2109 1364 2180 διεζωγράφησεν.

247 2281 394 2347 An‘,
432 2277 474 2334 ὦ
501 2282 738 2352 μακάριε
795 2283 1014 2352 Πάτερ,
1053 2281 1114 2334 τὸ
1145 2284 1290 2353 μέγα
1332 2286 1562 2357 Κρήτης
1589 2287 1724 2342 καύ-

147 2390 303 2443 χημα
335 2373 429 2426 καὶ
457 2372 838 2442 καλλώπισμα,
886 2373 1109 2444 καὶτῆς
1149 2376 1354 2446 σκηνῆς
1393 2378 1494 2447 τῆς
1539 2379 1725 2445 διληθι⁴

153 2466 268 2534 νῆς,
300 2465 393 2519 καί⁸
447 2466 546 2534 τῆς
600 2464 714 2518 ἄνω
757 2465 1211 2536 μυστολατρείας,
1267 2470 1361 2521 καὶ
1405 2469 1514 2523 τῶν
1565 2471 1723 2524 θείων

162 2557 427 2627 ὗφηγητὰ,
449 2549 606 2626 δέχου
641 2556 778 2626 πρὸς
807 2556 962 2627 ἡμῶν
983 2551 1093 2611 οἶόν
1109 2575 1180 2611 -τι
1211 2560 1524 2630 Σειρήνειον
1563 2561 1724 2631 μέλος

166 2650 246 2700 τὸν
270 2650 528 2720 ἐφύμνιον
557 2650 734 2718 λόγον,
770 2652 860 2704 καὶ
912 2651 1225 2722 τραυλίξειν
1260 2653 1521 2718 ἐθέλοντι,
1572 2655 1724 2722 φιλό-

173 2756 380 2810 στοργος
405 2741 501 2805 ὢν,
526 2742 726 2812 ἥδιστα
759 2743 1042 2812 παράϐαλε
1073 2745 1163 2798 σὺν
1203 2740 1293 2808 οὖς
1315 2747 1470 2816 ἐμοῖς
1522 2745 1720 2815 λόγοις.

175 2830 290 2884 1Ιιῐλα
323 2833 429 2903 γὰρ
460 2834 699 2905 πατράσι
723 2834 792 2887 τὰ
823 2834 932 2888 τῶν
968 2836 1175 2890 τέκνων
1206 2835 1569 2908 ψελλισματα,
1598 2838 1724 2898 ὅταν

179 2919 230 2982 ἐξ
254 2921 466 2990 ἀτέχνου
488 2922 717 2994 γνώμης
743 2918 1017 2979 ἄπλαστον
1045 2927 1524 2998 λόγονπροῖενται.
1555 2927 1726 2997 Λόγος

179 3009 228 3061 δὲ
254 3016 387 3076 ποῖος
418 3013 487 3066 ἂν
531 3016 626 3067 καὶ
673 3015 852 3085 δοθείη
887 3016 964 3086 τῷ
1017 3017 1182 3087 μηδὲν
1215 3017 1517 3088 εὔχρηστον
1547 3017 1726 3090 ἔχοντι

185 3100 300 3168 πρὸς
319 3103 577 3172 ὑποδοχὴν
603 3103 696 3156 τοῦ
721 3121 910 3157 συντετ
915 3124 992 3176 μη
1003 3107 1165 3175 μένου
1205 3109 1298 3162 καὶ
1324 3110 1726 3163 συνεκτικωτά-

185 3207 261 3242 του
284 3193 458 3260 λόγου,
484 3195 622 3264 πλὴν
647 3195 739 3248 τοῦ
770 3198 851 3260 είς
880 3198 1111 3268 δύναμιν
1130 3200 1356 3269 ἥκοντος
1380 3204 1480 3270 τῆς
1509 3202 1566 3253 ὲν
1597 3203 1730 3270 ἡμῖν

184 3284 472 3352 ἀσθενείας;
533 3288 599 3339 Σὲ
630 3287 686 3340 δὲ
712 3289 799 3352 τίς
827 3288 894 3342 ἂν
945 3289 1039 3342 καὶ
1070 3291 1194 3342 κατ’
1235 3290 1395 3354 ἀξίαν
1425 3293 1730 3345 ἐπαινέσειε

181 3373 336 3442 λόγος,
387 3379 594 3432 ἄνωθεν
628 3379 782 3450 παρὰ
814 3380 1022 3450 Κυρίου
1071 3381 1302 3434 λαϐόντα
1348 3382 1440 3433 τὸν
1475 3363 1728 3448 ἔπαινονς

185 3466 267 3530 Ὦς
281 3470 400 3522 ὅταν
421 3471 838 3540 ὕποφωνοῦντος
867 3471 1030 3524 αὐτοῦ
1057 3472 1393 3540 διαπρυσίως
1421 3471 1727 3541 ἀκούωμεν,

183 3555 245 3625 πῆ
267 3559 362 3625 μέν
386 3575 400 3590 ⁸
431 3578 450 3610 ι
492 3559 683 3636 Ὑμεῖς
716 3562 838 3612 ὲστε
868 3561 928 3612 τὸ
954 3559 1050 3622 ἃλς
1073 3561 1170 3630 τῆς
1199 3561 1321 3629 γῆς.
1359 3581 1378 3612 ι
1404 3579 1501 3611 -‹
1543 3561 1732 3630 Ὑμεῖς

171 3645 284 3698 ἐστε
309 3649 366 3701 τὸ
394 3649 508 3717 φῶς
537 3639 632 3701 τοῦ
671 3650 898 3718 κόσμου.
932 3667 952 3700 ι
985 3679 1056 3690 -
1091 3669 1110 3701 ‹
1162 3650 1323 3720 Ὑμῖν
1346 3651 1562 3705 δέδοται
1586 3651 1731 3720 γνῶ-

180 3752 255 3788 ναι
292 3739 358 3791 τὰ
409 3741 689 3809 μυστήρια
713 3739 813 3807 τῆς
849 3738 1130 3809 βασιλείας
1151 3739 1246 3792 τοῦ
1274 3739 1429 3792 Θεοῦο
1465 3759 1486 3792 ι
1527 3741 1602 3812 πῆ
1631 3741 1687 3794 δέ
1713 3759 1728 3772 ο

181 3842 201 3874 ί
240 3826 414 3895 ’Υμῶν
442 3828 498 3881 δὲ
525 3829 787 3899 μακάριοι
815 3830 864 3880 οί
893 3827 1164 3898 ὀφθαλμοὶ
1203 3829 1286 3881 ὅτι
1321 3828 1598 3898 βλέπουσι,
1636 3830 1731 3882 καὶ

175 3917 234 3969 τὰ
260 3912 367 3972 ὦτα
396 3920 550 3991 ὑμῶν
577 3921 659 3973 ὅτι
680 3920 962 3974 ἀκούουσι.
995 3920 1153 3988 Λέγω
1184 3920 1292 3991 γὰρ
1323 3920 1472 3991 ὑμῖν,
1493 3921 1576 3974 ὅτι
1597 3921 1730 3975 πολ-

175 4011 244 4065 λοὶ
271 4016 546 4085 προφῆται
573 4015 667 4069 καὶ
705 4014 946 4085 βασιλεῖς
1000 4013 1356 4086 ἐπεθύμησαν
1391 4014 1516 4069 ἰδεῖν
1555 4015 1589 4070 ἃ
1612 4015 1732 4086 βλέ-

168 4119 305 4170 πετε,
338 4108 432 4159 καὶ
457 4107 558 4160 οὐκ
585 4102 742 4170 εἶδον,
777 4107 870 4160 καὶ
893 4105 1126 4160 ἀκοῦσαι
1173 4105 1208 4158 ἂ
1238 4105 1484 4172 ἀκούετε,
1516 4109 1610 4161 καὶ
1631 4108 1732 4162 οὐκ

151 4196 410 4266 ᾗκουσαν.
448 4218 468 4250 ι
504 4199 639 4251 Τίνα
683 4192 775 4251 οὖν
807 4198 972 4266 ἡμεῖς
1001 4213 1084 4249 σοι
1117 4196 1210 4249 τὸν
1241 4196 1503 4264 στέφανον
1538 4197 1730 4264 πλέξο-

154 4303 282 4355 usu;
319 4289 496 4343 Τίνων
517 4289 573 4342 δὲ
597 4289 772 4356 λόγων
791 4288 859 4341 τὰ
889 4287 1026 4358 ἄνθη
1050 4287 1419 4351 συλλέξαντες,
1452 4292 1517 4360 τῇ
1548 4291 1732 4344 πανιέο

149 4395 232 4447 ρῳ
262 4397 356 4432 σου
378 4383 596 4451 κορυφῇ
633 4378 1006 4449 περιθήσομεν
1032 4393 1046 4442 ;
1088 4377 1184 4441 Τίς
1209 4377 1383 4442 οὕτως
1413 4379 1634 4449 ἠλίθιος,
1657 4380 1731 4444 ὡς

1826 1921 1934 1985 ius,
1959 1920 2078 1989 ejus
2113 1929 2371 1972 accurate
2407 1916 2776 1971 laudationem
2802 1929 3084 1984 occupans
3107 1903 3400 1970 exsecutus

1826 2019 1942 2077 est;
1987 2012 2104 2065 suis
2139 2012 2310 2080 ipsius
2351 2025 2441 2064 res
2488 2007 2638 2062 illius
2687 2021 3040 2074 comparans,
3081 2021 3144 2059 ac
3191 2022 3292 2060 ceu
3345 2007 3400 2060 in

1828 2103 2062 2173 imagine
2120 2104 2328 2172 optime
2389 2109 2830 2171 repraesentans,
2882 2099 3100 2168 egregio
3152 2099 3399 2152 colorum

1830 2193 1963 2249 flore
2001 2195 2271 2266 depinsit.

1901 2285 2034 2348 Sed,
2084 2301 2117 2339 ο
2173 2287 2329 2339 beate
2378 2281 2576 2352 Pater!
2620 2297 2817 2353 magna
2842 2281 3018 2336 Cretae
3046 2279 3309 2350 gloriatio
3337 2293 3404 2333 ae
3505 2267 3510 2274 ’

1829 2383 2242 2438 ornamentum,
2279 2373 2512 2443 verique
2547 2373 2895 2428 tabernaculi
2929 2387 2991 2427 ac
3026 2371 3253 2441 sUperui
3283 2369 3405 2424 cul-

1831 2475 1944 2531 tus,
1973 2465 2401 2533 divinorumque
2437 2464 2738 2531 interpres,
2783 2461 3006 2529 suscipe
3043 2474 3070 2511 a
3107 2459 3270 2512 nobis
3301 2472 3404 2511 ceu

1832 2557 2154 2611 Sirenarum
2193 2556 2389 2620 melos,
2426 2553 2763 2607 laudationis
2806 2555 3118 2606 sermonem
3149 2567 3164 2603 :
3198 2551 3405 2618 quique

1830 2650 1909 2706 sis
1945 2649 2182 2702 filiorum
2213 2662 2425 2711 amans,
2464 2647 2670 2700 volenti
2700 2645 2996 2705 balbutire,
3032 2657 3221 2696 aurem
3255 2650 3404 2693 tuam

1831 2740 1968 2795 meis
2016 2739 2196 2793 libens
2238 2737 2594 2791 sermonibus
2635 2736 2857 2789 adhibe.
2901 2734 3094 2788 Solent
3125 2735 3270 2787 enim
3301 2732 3406 2785 Pa-

1832 2839 1945 2886 tres
1977 2837 2130 2900 grata
2161 2829 2365 2883 habere
2412 2828 2649 2880 filiorum
2692 2826 3119 2888 balbutimenta,
3157 2839 3280 2878 cum
3316 2823 3351 2876 ii
3376 2839 3408 2878 e

1833 2921 2071 2988 simplici
2125 2923 2637 2975 mente-sincerum
2684 2933 2997 2973 sermonem
3051 2917 3404 2986 depromunt.

1832 3014 2002 3080 Quem
2036 3015 2344 3072 enimvero.
2378 3019 2608 3080 excepto
2642 3010 2686 3065 si
2723 3010 2849 3078 quis
2883 3023 3014 3062 meae
3040 3008 3406 3062 imbecillitati

1833 3112 2124 3174 congruat,
2182 3119 2493 3158 sermonem
2538 3102 2807 3165 dederim,
2849 3102 2936 3154 cui
2988 3099 3127 3154 nihil
3160 3099 3224 3151 ad
3257 3113 3411 3152 com-

1833 3195 2087 3266 pendiosi
2151 3209 2562 3264 sensorumque
2591 3192 2974 3262 complexione
3009 3190 3408 3245 confertissimi

1833 3285 2102 3339 sermonis
2133 3284 2563 3350 susceptionem,
2589 3289 2967 3350 ceinparatum
3012 3282 3300 3348 suppetat!
3335 3279 3412 3335 Te

1831 3389 1962 3428 vero
2002 3375 2259 3443 quisnam
2289 3374 2456 3426 etiam
2487 3387 2664 3427 sermo
2693 3386 2795 3440 pro
2829 3372 3044 3424 meritis
3079 3371 3406 3432 laudaverit,

1833 3466 1924 3535 qui
1987 3466 2119 3520 olim
2163 3479 2192 3517 a
2233 3465 2469 3518 Domino
2523 3463 2744 3517 laudem
2815 3463 3132 3532 acceperis?
3183 3464 3253 3519 Ut
3285 3480 3408 3518 eum

1833 3558 1982 3612 clare
2004 3557 2334 3610 clamantem
2361 3555 2640 3615 audimus,
2672 3555 2781 3606 alio
2807 3553 3027 3623 quidem
3055 3554 3178 3608 loco
3203 3573 3214 3608 :
3249 3573 3265 3604 ι
3301 3553 3410 3610 Vos

1832 3649 1968 3702 eSliS
2008 3647 2088 3703 sal
2141 3656 2300 3701 terrae
2330 3647 2378 3699 ι).
2408 3677 2477 3687 -—
2508 3645 2621 3699 Vos
2645 3646 2782 3699 estis
2821 3646 3004 3699 lumen
3039 3645 3232 3700 mundi
3266 3657 3312 3699 ο.
3345 3678 3411 3688 -—

1833 3737 2005 3794 Vobis
2060 3738 2250 3792 datum
2306 3747 2388 3792 est
2446 3752 2612 3792 nosse
2665 3737 2934 3808 mysteria
2975 3737 3127 3806 regni
3163 3736 3259 3790 Dei
3291 3737 3340 3791 ἀ.
3385 3757 3404 3789 ι

1832 3830 1955 3883 Alio
1993 3839 2222 3884 autem:
2278 3849 2296 3881 ι
2355 3827 2534 3883 Vestri
2587 3839 2767 3883 autem
2816 3829 2958 3884 beati
2987 3830 3129 3883 oculi
3163 3828 3293 3898 quia
3327 3830 3410 3882 vi-

1833 3919 1989 3983 dent,
2042 3927 2098 3975 et
2149 3935 2314 3988 aures
2366 3930 2564 3975 vestrae
2613 3920 2741 3989 quia
2784 3921 3042 3976 audiunt.
3085 3921 3223 3974 Dico
3261 3922 3407 3975 enim

1833 4013 2016 4076 vobis,
2079 4013 2208 4082 quia
2268 4012 2427 4066 multi
2482 4012 2767 4082 propheta:
2795 4019 2848 4067 et
2901 4027 3063 4082 reges
3117 4013 3412 4067 voluerunt

1834 4103 2022 4157 videre
2052 4118 2174 4172 qua:
2203 4117 2300 4158 vos
2328 4103 2551 4168 videtis,
2586 4111 2639 4158 et
2667 4119 2776 4158 non
2809 4105 3102 4170 viderunt;
3137 4113 3192 4159 et
3221 4106 3412 4159 amlire
3481 4103 3486 4108 ’

1833 4211 1954 4261 quae
1985 4195 2215 4261 auditis,
2252 4204 2308 4251 et
2337 4211 2446 4250 non
2480 4197 2776 4251 audierunt
2810 4207 2855 4249 ο.
2894 4215 2914 4246 ι
2944 4197 3120 4262 Quam
3151 4198 3250 4251 tibi
3281 4213 3412 4268 ergo

1835 4304 2030 4344 sumus
2061 4291 2278 4360 plexuri
2318 4292 2625 4346 coronam?
2664 4291 3043 4357 Quorumnam
3095 4309 3409 4348 sermonum

1833 4383 2100 4437 collectos
2148 4383 2314 4437 liores
2354 4393 2450 4437 tuo
2498 4374 3124 4452 vertici‘imponemus?
3165 4384 3300 4449 Quis
3337 4385 3410 4436 ita

151 4473 270 4533 τοὺς
292 4471 499 4524 ἑαυτοῦ
524 4471 634 4522 τῶν
662 4470 996 4523 δεσποτικῶν
1016 4469 1413 4537 ἀντεπεξάγειν
1438 4473 1725 4540 πειρᾶσθαι

1836 4474 2061 4534 stultus,
2104 4485 2164 4526 ut
2198 4467 2656 4551 suossermones
2685 4475 2834 4528 velut
2871 4491 2935 4528 ex
2963 4475 3198 4530 adverso
3229 4475 3413 4530 Domi-

150 4559 370 4629 λόγους
410 4556 490 4616 ὧν
540 4561 636 4614 καὶ
673 4561 772 4632 μία
812 4561 975 4630 μόνον
1013 4562 1238 4632 ἀρκέσει
1269 4563 1443 4633 φωνὴ,
1480 4564 1731 4634 συμπλη-

152 4653 322 4718 ρῶσαί
353 4671 452 4707 σου
477 4653 597 4706 κατ’
616 4653 773 4719 ἀξίαν
796 4652 887 4706 τὸν
908 4651 1151 4707 ἔπαινον.
1170 4653 1266 4716 Τίς
1286 4652 1423 4724 αὕτη
1455 4655 1550 4707 καὶ
1573 4657 1730 4721 ποέα;

146 4743 173 4807 ἡ
199 4743 395 4814 μικρῷ
427 4743 667 4814 πρόσθεν
707 4742 853 4812 ὖμᾶς
887 4741 1004 4809 φῶς
1051 4739 1145 4794 τοῦ
1172 4741 1380 4810 κόσμου
1431 4741 1730 4808 καλέσασα,

145 4831 205 4898 ὡς
234 4837 325 4906 τῷ
360 4834 573 4906 πρώτῳ
609 4833 1051 4904 μαθητευθέντας
1078 4833 1238 4900 φωτί.
1273 4833 1432 4887 Οὕτω
1460 4834 1568 4905 γὰρ
1604 4836 1735 4890 ὑπο-

141 4925 383 5000 ληπτέον
405 4927 539 4990 τοίις
564 4927 643 4997 τῷ
666 4926 1002 4995 Εὐαγγελίῳ,
1031 4924 1192 4994 δίκην
1212 4924 1440 4996 ἡλιακοῦ
1467 4915 1731 4996 ἅρματος,

137 5019 228 5077 ἀνὰ
258 5022 376 5091 τὴν
408 5019 596 5074 κτίσιν
618 5019 1136 5089 περινοστήσαντας.
1173 5015 1361 5085 Ὑμεῖς
1391 5017 1513 5068 ἐστε
1548 5015 1610 5068 τὺ
1638 5014 1736 5079 ἃλς

131 5113 220 5182 τῆς
271 5111 653 5182 Ἐκκλησίας,
707 5110 774 5163 δι’
815 5102 878 5162 οὗ
931 5107 999 5162 τὰ
1050 5107 1223 5178 πικρὰ
1251 5107 1347 5160 καὶ
1369 5105 1589 5178 ἁλμυρὰ
1635 5105 1736 5176 τῆς

1839 4564 1979 4617 nicis
2005 4570 2178 4617 tentet
2203 4562 2478 4632 ingerere,
2529 4579 2764 4633 quorum
2795 4565 2880 4618 vel
2915 4580 3024 4619 una
3055 4581 3157 4620 vox
3194 4567 3413 4622 abunde

1838 4652 2029 4719 fuerit,
2089 4651 2396 4707 laudationi
2450 4669 2550 4723 pro
2600 4654 2820 4709 meritis
2855 4655 3414 4724 complendie?Qua:-

1838 4760 1964 4799 nam
2020 4745 2113 4798 illa
2145 4759 2244 4798 vox
2284 4753 2359 4800 et
2407 4746 2654 4815 quanta?
2702 4762 2807 4800 non
2839 4750 2911 4801 ita
2958 4749 3190 4817 pridem,
3227 4751 3410 4805 lumen

1839 4833 2026 4888 mundi
2094 4835 2403 4905 appellans.
2463 4835 2535 4891 Ut
2583 4837 2844 4891 nimirum
2893 4838 3202 4908 discipulos
3249 4843 3413 4911 primi

1838 4927 1986 4981 illius
2032 4927 2286 4982 luminis.
2338 4928 2433 4983 Sic
2481 4929 2629 4984 enim
2663 4929 2700 4983 ii
2729 4931 3081 4988 existimandi
3137 4944 3287 4998 sunt,
3319 4935 3413 5005 qui

1840 5017 2158 5089 Evangelio,
2189 5019 2336 5074 velut
2367 5020 2538 5075 solari
2566 5036 2757 5088 curru,
2788 5024 3223 5095 circumquaque
3251 5043 3414 5080 mun-

1841 5109 1969 5163 dum
2001 5111 2326 5166 lustrarunt.
2362 5110 2473 5168 Vos
2499 5113 2632 5168 estis
2661 5112 2924 5170 Ecclesiae
2953 5117 3055 5178 sal,
3081 5132 3191 5185 quo
3215 5132 3415 5171 amara:

121 5202 414 5266 ἀπιστίας
475 5201 994 5272 κατεγλυκὰνθησαν
1054 5197 1355 5266 esum-np
1401 5199 1610 5270 γονίμῳ
1642 5199 1725 5270 τὴι

1835 5202 2106 5270 salsaeque
2133 5202 2478 5258 inﬁdelitatis
2512 5221 2668 5276 aquae
2703 5207 3111 5261 dulcorantur:
3150 5208 3414 5261 sterilita-

117 5292 436 5357 ἀτεκνίαν,
461 5291 652 5361 καὶτῷ
676 5291 891 5362 ποτίμῳ
922 5290 981 5344 τὸ
1001 5293 1270 5359 ἀπότιμον
1291 5290 1734 5362 διακρούσαντες.

1835 5299 1942 5350 tem
1975 5293 2317 5364 depellentes
2347 5311 2616 5352 concessa
2666 5297 3026 5361 fecunditate,
3055 5297 3416 5367 ineptamque

120 5381 346 5458 Ὑμεῖς
366 5388 500 5438 ἐστε
525 5387 558 5454 ἡ
581 5385 668 5437 ἐπ’
692 5384 852 5454 ὅρους
876 5383 1106 5454 κειμένη
1129 5382 1239 5436 τῶν
1266 5382 1725 5453 ἐκκλησιαστικῶι

1835 5384 1900 5437 ad
1934 5391 2124 5455 potum
2173 5386 2501 5455 qualitatem
2544 5390 2702 5443 suavi
2740 5389 2806 5442 ad
2835 5395 3026 5458 potum
3067 5390 3268 5458 gratia.
3301 5385 3414 5444 Vos

206 5531 235 5560 ι
267 5520 319 5577 ll
356 5520 499 5575 Cor.
537 5535 637 5582 im,
691 5517 780 5574 16.
856 5531 882 5559 ι
917 5519 1053 5574 ibid.
1090 5517 1276 5572 l6-l8.
1358 5518 1385 5557 δ
1421 5516 1611 5571 Matth.
1645 5534 1700 5582 ν,
1740 5518 1823 5572 l3.

1903 5529 1924 5556 ε
1961 5519 2093 5573 ibid.
2139 5520 2228 5574 Η.
2303 5520 2326 5558 ἀ
2360 5518 2618 5587 Ματαιν,
2651 5521 2737 5576 Η.
2821 5532 2844 5559 ε
2879 5519 3015 5574 Luc.
3055 5536 3107 5585 κ,
3141 5517 3232 5572 23.

1448 5647 1676 5704 VARI/IS
1719 5649 2121 5708 LECTIONES.

183 5749 244 5782 ⁸⁸
266 5709 450 5801 Adde
478 5741 611 5810 εἷλε,
653 5745 736 5800 vel
760 5745 889 5814 quid
911 5744 1107 5799 simile.
