3824 6212
110 436 117 442 ”
168 429 286 499 ῙῙξαἸ

1294 434 1376 496 IN
1393 440 1396 444 ’
1415 433 1869 495 APOSTOLUM
1909 432 2177 493 TITUM.

3263 433 3398 500 1153

161 546 461 619 συνέψεσθαι
491 547 586 601 καὶ
613 547 757 616 ὑμᾶς
789 547 882 601 καὶ
909 545 1518 618 συνευφρανθήσεσθαιο
1552 566 1570 597 ι
1595 547 1712 615 Ἐγ-

1827 547 1953 602 ritis
1986 556 2049 602 ut
2082 557 2137 603 et
2186 548 2392 605 iterum
2425 547 2732 604 orationem
2770 545 2858 601 in’
2875 560 3002 602 eum
3033 556 3349 603 convertam
3380 565 3398 604 :

158 639 548 712 κωμιαξομένου
574 642 685 708 γὰρ
727 638 960 702 δικαίου,
1002 637 1474 710 εὐφρανθήσονται
1502 637 1644 701 λαοὶ,
1691 656 1712 690 ι

76 786 81 791 _
156 733 305 802 φησὶν
347 734 376 785 6
426 729 741 801 σοφώτατος
775 729 1056 801 Σαλομών.
1094 728 1317 783 Δίκαιον
1350 728 1443 782 οὖν
1477 728 1718 799 ἠγοῦμαι

153 825 238 895 τὴν
267 823 474 877 πάντων
496 822 681 890 φωνὴν
702 820 1113 885 οἰκειώσασθαι,
1145 820 1238 873 καὶ
1267 818 1345 884 ὡς
1367 816 1448 883 εἷς
1486 821 1550 872 ὲκ
1581 820 1718 873 πάν-

149 930 245 967 των
273 914 388 966 ἀντὶ
408 913 627 967 πάντων
649 912 859 967 ’τοῦτον
888 913 1017 983 ὐμίν
1036 911 1423 982 ἀναστηλῶσαι
1449 911 1526 981 τῷ
1548 911 1712 980 λόγῳ,

147 1004 225 1056 τὸν
255 1003 468 1071 λογικὸν
513 988 810 1072 ἀνδριᾶντα
849 1004 960 1058 τῶν
995 1003 1193 1072 λόγων,
1225 1003 1441 1073 καὶτῆς
1472 1003 1717 1056 ἅπαντα·

144 1094 229 1165 χοῦ
258 1095 358 1165 γῆς
382 1094 490 1148 τῶν
528 1094 867 1164 Ἐκκλησιῶν
890 1094 1173 1167 πεφηνότα
1201 1092 1543 1148 διδάσκαλον.

1817 652 1885 694 ac
1917 640 2083 708 plane
2127 654 2462 710 persuasum
2498 638 2674 694 habeo
2708 638 2849 702 fore,
2880 645 2941 693 ut
2970 646 3026 693 et
3064 652 3165 694 vos
3195 653 3401 695 conse-

1819 729 2043 784 ctemini
2085 744 2152 784 ac
2178 729 2539 785 collaetemini
2576 746 2590 782 :
2629 745 2648 779 ι
2678 727 2966 784 Laudibus
3003 729 3278 799 siquidem
3311 746 3402 785 ce-

1820 818 2041 873 lebrato
2087 818 2265 888 justo,
2328 818 2668 874 laetabuntur
2713 819 2944 889 populii
2992 819 3128 891 (57),
3167 839 3186 873 ›
3222 821 3404 892 inquit

1825 910 2275 980 sapientissimus
2309 909 2599 965 Salomon.
2641 909 2862 965 Justqu
2902 912 3088 983 itaque
3138 915 3400 981 arbitror,

1824 1010 1886 1056 ut
1925 1003 2176 1057 omnium
2205 1004 2339 1056 milii
2382 1003 2676 1058 aSciverim
2720 1018 2935 1069 vocem,
2978 1020 3044 1059 ac
3072 1006 3222 1060 velut
3255 1023 3401 1064 unus

1820 1104 1877 1152 et
1909 1104 2027 1151 toto
2082 1108 2252 1163 ccetu,
2290 1097 2525 1167 viceque
2582 1098 2990 1162 universorum,
3044 1098 3193 1154 hunc
3239 1101 3401 1157 vobis

140 1203 410 1253 sermone,
442 1189 627 1244 instar
669 1189 844 1259 cippi,
879 1204 1067 1243 coram
1107 1196 1344 1243 statuam
1377 1197 1433 1243 et
1477 1187 1685 1258 erigam
1726 1205 1740 1243 :
1780 1190 1878 1259 qui
1945 1191 2210 1245 nimirum
2236 1232 2251 1255 ,
2304 1206 2404 1245 cett
2481 1189 2777 1245 rationalis
2827 1205 3143 1246 sermonum
3193 1202 3400 1265 statua,

138 1272 247 1330 toto
303 1278 439 1333 orbe
499 1279 808 1346 positarum
880 1276 1262 1333 Ecclesiarum
1329 1276 1525 1337 doctor
1590 1277 1878 1333 claruerit.

241 1363 368 1432 ὗτος
391 1368 517 1439 γὰρ,
548 1362 704 1431 οὗτός
723 1369 871 1423 ἐστιν
896 1369 924 1421 6
949 1370 1121 1439 μέγας
1150 1370 1330 1433 Τίτος,
1360 1368 1454 1422 τοῦ
1482 1368 1712 1432 σκεύους

130 1463 224 1531 τῆς
250 1444 479 1530 ἐκλογῆς
501 1462 529 1514 6
553 1461 917 1531 συνέκδημος,
948 1463 976 1514 6
1001 1460 1203 1532 θερμὸς
1224 1462 1436 1515 ἐκείνου
1454 1462 1711 1525 κοινωνὸς

124 1557 179 1607 ὲν
204 1552 284 1622 τῷ
333 1552 425 1605 τοῦ
479 1551 820 1620 Εὐαγγελίου
857 1552 1198 1623 κηρύγματι.
1232 1553 1391 1614 Τίτος
1437 1553 1465 1605 6
1495 1552 1711 1624 πρῶτος

120 1644 224 1716 τῆς
258 1642 647 1714 είδωλομανίας
687 1643 1002 1711 ἀντίπαλος,
1036 1644 1131 1698 καὶ
1172 1643 1273 1714 τῆς
1319 1644 1558 1714 Χριστοῦ
1593 1645 1712 1697 θεοο

118 1737 319 1805 σοφίας
355 1734 671 1808 ὑπερμαχος
691 1752 706 1765 ·
736 1736 765 1787 6
796 1735 934 1788 κατά
962 1734 1071 1788 τῶν
1105 1736 1556 1803 προσκυνούντων
1584 1736 1712 1797 τοὺς

1889 1369 1991 1425 Ηίο
2031 1370 2179 1425 enim
2207 1370 2393 1440 plane,
2431 1370 2521 1425 hic
2568 1377 2653 1424 est
2690 1386 2922 1442 magnus
2954 1374 3048 1428 ille
3087 1373 3271 1443 Titus,
3303 1393 3400 1448 pe-
3433 1396 3436 1399 '

1815 1462 2254 1532 regrinationum
2279 1477 2466 1517 comes
2493 1465 2640 1518 vasis
2663 1462 2813 1519 illius
2846 1465 3160 1531 electionis,
3181 1468 3403 1526 fervens

1815 1550 1937 1622 ejus
1968 1553 2022 1606 in
2059 1551 2457 1622 praedicatione
2490 1551 2776 1623 Evangelii
2826 1558 3039 1611 socius.
3067 1557 3247 1626 Titus,
3286 1563 3401 1629 pri-

1819 1658 1943 1699 mus
1986 1643 2168 1697 insani
2198 1643 2477 1699 idolorum
2509 1645 2697 1700 cultus
2737 1646 2941 1709 hostis,
2971 1649 3292 1721 Christique
3318 1654 3402 1708 di-

1820 1738 1965 1791 vina:
2009 1737 2299 1807 religionis
2337 1737 2579 1793 vindex:
2618 1739 2686 1792 iis
2717 1741 2810 1809 qui
2846 1741 3057 1809 lapides
3096 1745 3401 1800 adorarent

114 1827 329 1891 λίθους,
382 1827 528 1890 λίθος
569 1826 1006 1897 προσκόμματος
1041 1824 1317 1894 κείμενος,
1372 1826 1467 1879 καὶ
1501 1826 1593 1879 τὸν
1631 1827 1711 1889 είς

1818 1827 2144 1883 oﬂ‘ensionis
2176 1828 2393 1896 positus
2429 1828 2593 1897 lapis,
2633 1831 2841 1899 quique
2864 1832 3108 1899 positum
3143 1835 3198 1887 in
3231 1844 3402 1906 caput

112 1919 369 1991 κεφαλὴν
391 1919 593 1988 γωνίας
613 1918 713 1987 τῆς
750 1918 1081 1988 Ἐκκλησίας
1100 1908 1247 1971 λίθον
1268 1918 1504 1988 Χριστὸν
1529 1919 1712 1981 αὐτοῖς

112 2011 482 2079 ὑποθέμενος.
513 2010 693 2072 Τίτος,
728 2010 761 2079 ἡ
795 2009 1100 2080 ἀκροτομος
1130 2009 1261 2079 ἕδρα
1296 2008 1390 2062 κοιλ⁸
1415 2008 1592 2077 πέτρα
1613 2007 1714 2078 τῆς

114 2101 453 2176 πίστεως,ἡ
509 2100 1004 2172 ἁποπετρωθέντας
1056 2099 1150 2153 τὸν
1202 2099 1327 2154 νοῦν
1384 2099 1606 2171 Χριστῷ
1645 2103 1713 2171 τῇ

113 2194 298 2262 rit-9.;
342 2192 683 2263 στερεμνίως
732 2192 1057 2263 ἑδράξουσα.
1091 2193 1268 2258 Τίτος,
1294 2193 1354 2246 τὸ
1398 2192 1715 2247 θεόκτιστον

112 2284 213 2350 τῆς
235 2281 480 2353 Κρητῶν
522 2281 856 2353 Ἐκκλησίας
881 2264 1246 2355 προπύργιον,
1279 2284 1313 2354 ἠ
1341 2282 1579 2354 ἀψευδὴς
1606 2282 1713 2336 τῶν

116 2373 467 2436 ἁδιστάκτως
499 2372 653 2443 αὐτῷ
697 2374 1032 2444 προσιόντων
1074 2376 1380 2445 ἀντίληψις,
1431 2375 1492 2429 τὸ
1517 2377 1715 2447 εὐπρε-

118 2460 220 2524 πὲς
244 2460 344 2531 τῆς
378 2461 506 2531 περὶ
562 2462 709 2532 ἡμᾶς
738 2461 889 2527 θείας
936 2453 1262 2535 κηδεμονίας
1288 2466 1607 2536 προαύλιον,
1641 2468 1711 2521 δι’

118 2546 181 2606 οὐ
209 2552 306 2624 τὴν
341 2553 604 2623 ἀλήθειαν
641 2554 911 2625 ἔγνωμεν,
940 2556 1044 2626 τὴν
1074 2554 1222 2626 ζωὴν
1245 2558 1586 2628 ἐσχήκαμεν,
1613 2559 1713 2631 τὴν

127 2643 325 2732 γνῶσιν
355 2631 646 2715 ὲλάϐομέ),
697 2644 759 2697 τὸ
800 2644 915 2714 φῶς
963 2645 1412 2719 ὲνελάμφθημεν.
1473 2649 1655 2714 Τίτος,
1683 2651 1717 2704 6

129 2735 225 2803 τῆς
252 2734 673 2798 δυοκαιδεκάδος
701 2736 810 2789 τῶν
849 2737 976 2808 τῇδε
1004 2738 1274 2809 καθέδρας
1307 2739 1658 2810 ἀρχίθρονος,
1684 2742 1715 2793 6

136 2824 444 2897 θεολαμπὴς
472 2826 707 2896 οὐρανὸς
741 2830 840 2898 τῆς
876 2829 1035 2899 ήμῶν
1087 2829 1375 2899 ἀϐλεψίας,
1406 2832 1436 2883 6
1487 2832 1714 2902 φαιδρὸς

139 2913 227 2967 τοῦ
245 2916 702 2987 ἐκκλησιαστικοῦ
731 2918 1113 2989 στερεὼματος
1140 2920 1311 2991 ἥλιος,
1341 2922 1369 2975 6
1398 2920 1712 2991 λαμπαδοῦ-

145 3021 229 3074 χος
252 3006 355 3059 τῶν
384 3005 648 3077 ἐμψύχων
675 3007 1017 3079 λαμπτήρων
1046 3010 1247 3081 ἀστὴρ,
1281 3013 1309 3064 ὁ
1349 3012 1477 3074 τοὺς
1506 3013 1713 3085 πλανή-

148 3111 234 3158 τας
274 3097 369 3165 τῆς
416 3098 629 3167 πλάνης
682 3099 822 3169 πρὸς
869 3100 1132 3164 ἀπλανεῖς
1180 3101 1405 3171 ἐφόδους
1454 3103 1711 3169 ἀπλανῶς

1816 1921 2003 1989 anguli
2039 1921 2299 1974 Ecclesiae
2322 1920 2557 1989 lapidem
2584 1920 2872 1975 Christum
2903 1924 2986 1977 eis
3010 1926 3398 1982 substraverit.

1814 2002 1997 2070 Titus,
2059 2005 2365 2059 durissima
2406 2007 2560 2061 basis
2591 2017 2859 2078 petraque
2891 2010 3041 2074 fidei,
3073 2024 3310 2070 mentem
3343 2018 3398 2073 in

1815 2106 2027 2168 petram
2060 2099 2316 2160 duratos,
2353 2097 2409 2152 in
2442 2099 2664 2155 Christo
2688 2112 2845 2170 petra
2875 2101 3107 2160 firmans
3134 2119 3200 2160 ac
3227 2108 3399 2162 stabi-

1814 2190 1978 2246 liens.
2017 2190 2200 2253 Titus.
2253 2189 2606 2246 Cretensium
2655 2190 2922 2249 Ecclesiae
2965 2210 2994 2249 a
3038 2196 3151 2251 Deo
3203 2199 3401 2253 condi-

1816 2288 1929 2335 tum
1955 2296 2055 2336 ceu
2086 2281 2259 2337 turris
2295 2283 2771 2351 propugnaculum
2800 2302 2815 2349 ;
2856 2300 2982 2340 vera
3019 2287 3144 2343 sine
3170 2289 3397 2345 dubita-

1814 2370 1970 2425 tione
1997 2370 2065 2424 ad
2097 2385 2224 2425 eum
2272 2370 2658 2425 accedentium
2708 2370 2984 2441 defensio,
3019 2375 3281 2431 decorum
3307 2379 3396 2432 di-

1817 2464 1957 2518 vina:
1987 2463 2043 2517 in
2073 2478 2176 2517 nos
2209 2477 2355 2517 cura:
2387 2462 2747 2532 praaludium,
2781 2478 2896 2534 quo
2921 2462 3284 2537 cognovimus
3310 2486 3401 2525 ve-

1814 2553 2059 2617 ritatem,
2104 2552 2454 2607 obtinuimus
2503 2553 2695 2617 vitam,
2724 2554 3019 2611 scientiam
3052 2560 3395 2628 accepimus,

1766 2636 1771 2641 ’
1816 2643 2029 2697 caelesti
2059 2643 2268 2698 lumine
2301 2643 2513 2712 perfusi
2546 2658 2765 2700 sumus.
2800 2645 2980 2709 Titus,
3015 2647 3395 2725 duodenarum

1816 2744 2019 2789 nostrae
2055 2734 2251 2788 insula:
2284 2734 2499 2789 sedium
2560 2735 2749 2790 sedem
2778 2737 3090 2807 principem
3123 2751 3338 2805 tenens,
3366 2757 3398 2795 a

1816 2823 1928 2879 Deo
1969 2824 2187 2894 fulgens
2222 2834 2427 2881 nostra
2462 2826 2731 2881 caecitatis
2757 2829 2981 2892 cmlum,
3012 2830 3171 2885 Ianus
3204 2831 3398 2887 Eccle-

1814 2917 2029 2972 siastici
2065 2917 2398 2972 firmamenti
2428 2918 2536 2979 sol,
2569 2919 3230 2977 animatisluminarihus
3261 2939 3401 2993 pra:-

1816 3009 2007 3063 lucens
2041 3017 2279 3073 astrum,
2314 3010 2557 3064 erratica
2584 3010 2793 3066 erroris
2828 3012 3036 3076 sidera,
3066 3013 3134 3068 ad
3168 3015 3401 3069 indecli-

1816 3100 2056 3154 nabilem
2100 3100 2225 3154 lidei
2261 3101 2538 3156 tramitem
2575 3104 2892 3157 inerranter
2930 3104 3163 3170 ducens,
3201 3121 3265 3161 ac
3295 3122 3398 3162 cett

148 3184 511 3256 καθοδηγήσας
548 3188 650 3256 τῆς
674 3189 937 3254 πίστεως,
973 3189 1067 3243 καὶ
1092 3194 1421 3261 στηριγμοῖς
1455 3193 1712 3263 ἀληθείας

1821 3189 2059 3243 sublatis
2091 3190 2313 3259 ignibus
2355 3191 2672 3245 universam
2710 3200 2920 3247 terram
2959 3195 3210 3250 veritatis
3244 3196 3402 3251 fulci-

152 3279 562 3349 καταπυρσεύων
593 3280 694 3348 τὴν
719 3279 1034 3351 σύμπασαν.
1078 3282 1258 3346 Τίτος,
1290 3282 1400 3335 τῶν
1430 3284 1714 3355 Χερουϐὶμ

152 3366 205 3419 τὸ
225 3369 389 3439 ὄμμα,
413 3372 521 3424 τῶν
548 3372 803 3443 Σεραφὶμ
829 3372 892 3426 τδ
922 3374 1119 3443 στόμα,
1151 3375 1179 3427 6
1212 3376 1485 3446 γρηγορος
1517 3376 1718 3444 ὀφθαλ-

161 3460 258 3528 μὸς,
280 3463 336 3515 τὸ
352 3464 653 3535 ἀκοίμητον
678 3468 779 3537 τῆς
801 3467 1072 3536 μυστικῆς
1101 3466 1407 3538 ἀγραυλίαις
1425 3466 1712 3537 βλέφαρον,

160 3550 309 3616 Τίτος,
338 3556 399 3609 τὺ
441 3557 874 3628 ἀπροσμάχητον
897 3557 1085 3624 ὅπλον,
1117 3560 1154 3628 ἡ
1172 3558 1290 3610 κατ’
1315 3557 1526 3628 ἐχθρῶν
1546 3558 1720 3612 ὲστιλ-

155 3641 348 3717 δωμένη
381 3648 630 3719 ῥομφαία
656 3688 672 3714 ,
719 3648 831 3702 τῶν
866 3649 1083 3703 οἰκείων
1113 3650 1322 3702 τέκνων
1347 3652 1377 3702 6
1406 3649 1709 3719 πρόμαχος,

152 3734 243 3790 τῶν
265 3739 487 3811 ἀπόρων
517 3742 547 3794 6
595 3741 785 3810 πόρος,
817 3741 927 3794 τῶν
975 3739 1346 3811 πεινώντωνὴ
1375 3739 1571 3812 τροφὴ,
1601 3740 1712 3796 τῶν

149 3824 373 3898 ἀστέγων
404 3833 440 3902 ἡ
479 3831 672 3900 στέγη,
728 3834 761 3902 ἡ
808 3833 937 3896 τοὺς
967 3833 1255 3902 γυμνήτας
1282 3832 1714 3903 περιστέλλουσα

148 3916 324 3987 σκέπη,
361 3919 391 3970 6
423 3918 554 3982 τοὺς
594 3921 653 3972 ὲν
682 3919 821 3992 ζάλῃ
852 3922 1115 3990 κυμάτων
1145 3919 1430 3986 διασώζων
1464 3921 1652 3994 λιμὴν,
1686 3926 1716 3976 6

144 4009 332 4077 πυρσὸς
364 4013 467 4079 τῆς
498 4010 802 4075 εὐσεϐείας,
834 4013 863 4064 6
895 4011 1164 4081 διαφανὴς
1188 4012 1298 4066 τῶν
1319 4012 1480 4067 θείων
1505 4013 1711 4083 δογμά-

138 4112 232 4151 των
263 4100 524 4172 σπινθὴρ,
548 4104 582 4172 ἠ
614 4102 857 4173 ἔμψυχος
893 4103 993 4173 τῆς
1037 4102 1365 4174 Ἐκκλησίας
1397 4103 1642 4174 λαμπὰς,
1674 4107 1706 4175 ἡ

128 4190 289 4261 στήλη
340 4191 456 4243 τῶν
486 4191 721 4261 ἀρετῶν,
762 4194 795 4262 ἡ
831 4191 1073 4261 ἔμπνους
1113 4192 1221 4245 τῶν
1266 4193 1709 4264 κατορθωμάτων

119 4281 301 4348 εἰκὼν,
338 4284 373 4352 ἡ
408 4279 637 4346 εὐλαλος
666 4283 774 4337 τῶν
806 4282 1095 4353 δογμάτων
1126 4282 1289 4352 λύρα,
1308 4285 1337 4336 ό
1366 4284 1585 4355 λιγυρὸς
1605 4284 1714 4338 τῶν

123 4372 277 4427 θείων
307 4372 588 4445 ᾀσμάτων
613 4373 771 4444 ᾠδὸς,
798 4376 832 4445 ή
853 4374 1119 4445 ἀσίγητος
1144 4375 1409 4447 φόρμιγξ,
1425 4377 1459 4447 η
1475 4377 1550 4447 τῷ
1577 4376 1713 4448 πλή-

182 4541 409 4595 iva.
457 4551 536 4593 xl.
582 4534 664 4589 l0.

1814 3279 2014 3333 mentis
2053 3280 2413 3333 collustrans.
2450 3279 2611 3335 Titus
2638 3281 2753 3344 ille,
2788 3281 3135 3340 Clierubicus
3168 3288 3396 3342 oculus:

1814 3382 1877 3422 os
1933 3367 2320 3435 Seraphicum,
2369 3369 2501 3438 vigil
2534 3371 2785 3436 obtutus,
2831 3371 3230 3443 insoporabilis
3278 3394 3401 3449 my-

1814 3460 1966 3514 sticae
2013 3460 2457 3529 pernoctationis
2497 3477 2597 3530 pro
2650 3467 2893 3531 pastoris
2948 3481 3179 3521 munere
3214 3468 3402 3537 palpe-
3498 3500 3501 3501 ν

1816 3549 1936 3604 bra.
1993 3548 2174 3616 Titus,
2227 3550 2685 3621 inexpugnabilis
2739 3556 3036 3624 protectio,
3088 3557 3309 3627 gladius
3342 3560 3401 3613 in

1815 3640 2005 3696 hostes
2059 3640 2369 3706 districtus,
2423 3641 2661 3696 filiorum
2721 3654 3123 3712 propugnator,
3172 3645 3397 3717 inopum

1816 3739 2081 3801 quzestus,
2106 3731 2263 3794 cibus
2291 3732 2680 3798 esurientium,
2712 3748 2975 3803 vagorum
3008 3745 3060 3789 et
3088 3737 3212 3791 sine
3245 3746 3398 3791 tecto

1818 3832 2046 3889 teetum,
2102 3823 2378 3878 nudorum
2444 3822 2883 3892 operimentum,
2941 3834 3138 3894 portus
3196 3828 3401 3883 salutis

1819 3917 2051 3989 marinis
2096 3915 2364 3973 ﬂuctibus
2412 3916 2778 3991 jactatorum,
2836 3916 3130 3987 religionis
3186 3918 3391 3977 facula.

1818 4010 2067 4064 emicans
2118 4009 2429 4063 divinorum
2474 4008 2799 4077 dogmatum
2838 4009 3108 4074 scintilla,
3155 4012 3399 4065 animata

1816 4101 2079 4163 Ecclesiae
2106 4102 2339 4171 lampas,
2376 4100 2637 4155 columna
2663 4101 2961 4165 virtutum,
3006 4101 3230 4170 spirans
3257 4118 3399 4171 pne-

1815 4192 1963 4246 clare
2014 4200 2297 4260 gestorum
2350 4190 2557 4259 imago,
2613 4202 2822 4244 canora
2871 4190 3195 4260 dogmatum
3253 4193 3395 4262 lyra.

1820 4283 2034 4339 vocalis
2061 4284 2384 4338 divinorum
2412 4282 2727 4335 carminum
2776 4293 2978 4335 cantor
3000 4322 3015 4346 ,
3064 4284 3283 4361 cithara
3318 4284 3400 4338 si-

1820 4377 1935 4431 lere
1965 4377 2247 4440 nesciens,
2299 4390 2424 4443 quae
2477 4371 2649 4427 animi
2699 4371 3024 4427 aﬂ'ectioncs
3070 4386 3397 4442 compona',

1433 4648 1812 4709 COMBEFlSII
1862 4648 2094 4705 NOTAE.

114 4809 501 4860 consortium,
549 4802 711 4861 quem
779 4791 964 4861 statim
1022 4788 1159 4845 dicit
1188 4790 1300 4861 τῆς
1345 4792 1498 4861 ἱερᾶς
1543 4791 1706 4843 Τίτου

1818 4789 2121 4861 secundum

108 4870 290 4943 χειρὸς
304 4860 770 4943 ρεοσφράγιστον
796 4860 1075 4943 σύστημα,
1118 4860 1270 4943 velut
1301 4860 1506 4943 castum
1544 4876 1705 4943 quem

104 4932 277 4996 ac};
304 4937 435 4991 Titi
473 4932 671 4990 manus
699 4933 890 4988 divino
918 4933 1245 4985 charactere
1273 4932 1666 5001 consiguasset
1691 4948 1705 4983 :

95 5019 197 5081 lion
240 5013 389 5081 ipse
422 5005 742 5081 immediate
766 5043 781 5066 ,
813 5002 910 5058 sed
950 5001 1005 5055 in
1037 5001 1398 5081 episcopiset
1442 4998 1708 5081 sacerdo-I

91 5078 242 5136 tibus
274 5069 470 5144 'quos
513 5069 691 5130 Creta?
742 5069 1097 5144 successores
1148 5069 1483 5144 reliquisset.
1544 5069 1708 5144 ΔΝἱὴὶι

81 5153 268 5207 etiam
301 5140 497 5209 vetat,
526 5151 586 5199 ut
624 5159 695 5200 ne
731 5145 880 5198 dicat
915 5142 1066 5196 solos
1114 5142 1334 5212 pr0prie
1365 5140 1708 5212 sacerdotes,

70 5222 482 5285 maximeque
513 5216 841 5283 episcopos;
894 5212 950 5265 in
982 5226 1216 5285 quorum
1253 5225 1460 5285 corona
1491 5211 1713 5265 videtur

60 5280 600 5356 Arcbiepiscopiis
653 5280 869 5356 orasse,
921 5296 984 5336 ac
1022 5282 1429 5356 celebrandum
1488 5296 1710 5336 assum-

58 5363 285 5417 Psisse
323 5349 578 5424 primum
612 5369 727 5409 sua:
753 5353 899 5408 sedis
926 5349 1400 5424 archiepiscopum
1434 5366 1711 5424 ;quorutn

50 5425 137 5485 si:
194 5422 483 5500 partium
529 5423 754 5479 laudare
790 5438 889 5500 pro
923 5422 1189 5476 concione
1238 5423 1626 5500 virosjustos,
1658 5429 1713 5475 et

46 5494 378 5555 encémio
434 5510 684 5559 recreare
719 5495 995 5563 populos;
1036 5507 1177 5561 quas
1224 5494 1330 5546 sibi
1382 5494 1472 5546 ille
1500 5502 1708 5562 partes,

42 5570 205 5625 Vive
248 5568 533 5622 omnium
589 5565 860 5629 vindicat,
893 5573 953 5618 ut
985 5564 1241 5630 lOQuatur
1279 5566 1431 5617 velut
1460 5564 1708 5616 omnium

38 5645 203 5701 ore.
255 5636 604 5705 majmipse
647 5640 934 5705 prastatus.
985 5633 1128 5700 Quid
1177 5634 1223 5689 si
1278 5648 1380 5704 pro
1435 5633 1603 5703 ἱερὸν,
1637 5634 1709 5685 ir-

35 5710 277 5777 repsit
316 5704 566 5777 ἱερέων

149 5772 300 5849 (37)
344 5772 630 5849 Laudibus
661 5774 921 5849 calcitrth
938 5773 1117 5849 justo,
1132 5775 1472 5849 [tetglmntar
1500 5772 1705 5849 populi.

36 5838 290 5903 Pa'ulo'
324 5846 500 5901 aliter
528 5845 735 5901 habent
768 5844 922 5915 Vulg.
938 5838 1005 5901 'et
1028 5843 1197 5899 LXX.
1230 5838 1510 5901 Theodori
1544 5838 1709 5900 habet

2201 4785 2338 4840 illud
2370 4829 2384 4853 ,
2441 4783 2913 4854 εὐφρανθήσονται
2943 4824 2956 4845 ,
2997 4779 3399 4854 Δ-ἀγαλλιόισον-

1813 4875 1928 4915 ταις
1961 4858 2107 4926 quod
2166 4851 2376 4927 parum
2411 4851 2588 4927 abest,
2636 4862 2779 4927 ut_et
2823 4854 2958 4927 illud
2996 4851 3153 4921 Vulg.
3195 4853 3399 4927 Engent-

1819 4929 1953 4982 tabi!
1973 4923 2205 4990 civitas;
2235 4927 2404 4995 Tigur
2434 4935 2491 4981 et
2516 4926 2670 4980 Sant.
2691 4923 3044 4977 Exaltabitnr
3069 4938 3226 4995 {quo
3260 4923 3401 4995 forte

1818 4999 1982 5051 modo
2011 4999 2176 5053 etiam
2213 4992 2684 5052 illa-habuerunt.
2725 4994 3041 5060 habentque
3074 4992 3345 5056 llebraiea
3381 5012 3397 5050 :

1816 5076 2011 5135 Dm;
2066 5067 2153 5124 cui
2226 5067 2383 5122 aﬂine
2433 5066 2567 5121 illud
2628 5063 2770 5119 LXX
2814 5082 2845 5135 κε
2895 5062 3037 5135 Bene
3099 5063 3259 5131 gessit
3328 5064 3404 5115 ci-

1816 5141 1975 5202 vitas,
2005 5147 2065 5192 ut
2093 5140 2381 5210 genuinus
2401 5152 2620 5210 sensus
2649 5138 2765 5210 sit:
2806 5134 3062 5210 In_bom‘.s
3097 5134 3397 5210 justormn,

1815 5210 1962 5281 quod
1997 5216 2050 5263 et
2093 5208 2253 5279 Vulg.
2301 5216 2356 5262 et
2400 5207 2554 5281 L‘XXA
2574 5209 2798 5281 habent.
2846 5203 3119 5281 line-cst,
3173 5203 3399 5281 praemio

1815 5272 2026 5334 aﬂ'ectis
2052 5293 2153 5349 pro
2185 5272 2401 5333 ratione
2422 5278 2653 5349 justitia:
2678 5288 2735 5331 et
2769 5272 3138 5349 rectitudinis,
3168 5277 3399 5349 quaeest

1819 5350 1938 5422 ipsa
1968 5337 2283 5422 benedictio
2307 5337 2473 5422 quam
2506 5346 2757 5422 Hebraea,
2801 5343 2959 5399 Sant.
2988 5351 3037 5422 et
3077 5337 3266 5409 Tigur.
3297 5338 3399 5393 ba-

1816 5420 1981 5492 bcnt,
2036 5420 2153 5474 fore
2196 5418 2548 5492 exalta_ud‘am
2603 5418 2909 5492 civitatem,
2965 5418 3127 5492 eique
3173 5424 3397 5492 cessura

1817 5481 2003 5544 omnia
2037 5505 2321 5560 prospere.
2356 5487 2507 5543 Felix
2548 5494 2695 5560 certe
2727 5483 2953 5560 civitas,
2980 5481 3036 5560 in
3065 5496 3173 5550 qua
3217 5481 3398 5560 ca_"le_s

1816 5548 2119 5630 sanctaque
2172 5548 2505 5631 'distributio
2583 5556 2843 5631 inviolata
2894 5548 3221 5631 obtineret.‘
3270 5548 3396 5630 Fuit

1814 5640 2008 5687 sancto
2032 5624 2250 5701 'Hugoni
2287 5632 2458 5701 multa
2490 5630 2592 5701 hac
2622 5627 2678 5679 in
2712 5640 2791 5701 re,
2813 5633 2868 5701 e_t
2894 5624 3084 5701 iniqua
3109 5662 3122 5701 ,
3148 5624 3313 5701 etiam
3344 5624 3397 5672 in

1814 5702 1907 5757 Dei
1961 5692 2217 5766 ecclesia,
2255 5699 2667 5760 distributione,
2721 5697 2777 5749 in
2832 5694 2921 5749 Dei
2971 5692 3396 5770 providentiam,

1815 5788 2133 5843 quanquam
2169 5762 2235 5825 ad
2262 5784 2495 5843 agonem
2547 5775 2762 5843 tantum
2811 5773 2866 5819 et
2893 5762 3106 5843 potiora
3152 5763 3209 5818 in
3238 5762 3398 5817 castis

1816 5837 2067 5914 praemia,
2099 5837 2352 5907 tentatio,
2388 5847 2447 5896 ut
2476 5838 2680 5895 habent
2708 5837 2830 5908 ejus
2860 5842 3005 5891 acta.
