3824 6212
544 356 678 422 1159

1699 356 1760 413 S.
1797 355 1892 412 AN
1904 349 2125 412 DREE
2157 349 2581 410 CRETENSIS
3538 354 3631 418 1100

520 472 810 520 sacrorum
837 455 1096 528 pulsuum
1130 455 1385 526 plectro;
1419 457 1654 528 mystica
1687 457 1811 514 fidei
1839 459 2084 526 dioptra,

2193 472 2344 525 κτρῳ
2377 457 2486 509 τῶν
2536 455 2701 525 ίερῶν
2742 456 3089 526 κρουσμάτων
3119 457 3182 511 τὰ
3214 458 3310 512 τῶν
3339 460 3492 530 ψυχῶν
3517 482 3632 520 κατα-

516 543 870 624 repercussis
926 547 1213 601 radiorum
1265 546 1578 616 fulgoribus
1631 547 2088 602 adversariorum

514 645 754 714 pupillas
793 641 1120 697 verberans.
1161 638 1343 703 Titus,
1385 640 1601 708 piorum
1633 641 1926 710 phalangis
1963 655 2090 709 per-

515 750 676 805 quam
736 731 1166 788 strenuissimus
1219 730 1401 796 miles,
1467 731 1714 784 fidelium
1779 740 2086 792 armatura,

515 823 764 878 hostium
803 821 1103 891 pernicies,
1137 817 1322 871 minus
1348 826 1501 871 recte
1531 819 1864 889 sapientium
1905 833 2091 872 emen-

516 916 700 978 datlo,
761 915 918 967 firma
972 926 1158 966 eorum
1206 911 1299 980 qui
1351 920 1752 964 convertuntur
1781 911 2090 980 palinodia,

515 1009 900 1079 aegrotantium
951 1004 1224 1068 medicus,
1277 1001 1554 1056 fessorum
1588 1005 1834 1071 requies,
1867 1002 2088 1055 vincto-

517 1115 641 1154 rum
690 1096 1002 1160 absolutio;
1060 1095 1116 1146 in
1174 1093 1610 1147 necessitatibus
1645 1094 1954 1162 positorum
2002 1106 2091 1146 re-

518 1186 758 1248 creatio,
818 1187 874 1238 in
907 1182 1322 1237 calamitatibus
1378 1181 1656 1250 agentium
1710 1180 2088 1250 refrigerium.

519 1286 676 1348 pater
726 1277 1132 1345 orphanorum,
1168 1273 1432 1327 defensor
1489 1273 1803 1335 viduarum,
1836 1274 2089 1341 captivo-

516 1383 638 1422 rum
676 1365 957 1429 liberatio,
1017 1364 1219 1432 hospes
1249 1364 1699 1432 peregrinorum,
1733 1363 2088 1416 detentorum

517 1456 573 1508 in
605 1468 829 1507 carcere
845 1453 1120 1514 visitatio,
1147 1467 1340 1506 eorum
1375 1453 1469 1521 qui
1499 1460 1786 1505 tentantur
1809 1451 2086 1506 defensio.

517 1543 674 1597 Titus
707 1545 819 1607 ille,
848 1527 1033 1596 omnia
1069 1543 1250 1597 factus
1290 1541 1592 1606 omnibus;
1627 1541 1720 1610 qui
1767 1556 1827 1596 se
1867 1541 2088 1594 facilem

516 1633 849 1686 adeuntibus
907 1633 1167 1701 praebeat,
1241 1633 1606 1700 precantibus
1674 1647 1781 1684 nou
1849 1630 2090 1686 difiicilis

517 1736 680 1774 aures
709 1720 1113 1785 accommodet,
1146 1720 1219 1773 sit
1249 1719 1518 1773 omnibus
1542 1720 1795 1788 supplex,
1824 1720 2090 1773 amicabi-

518 1811 605 1870 lis,
643 1813 911 1875 urbanus,
942 1811 1304 1871 venerabilis,
1340 1812 1589 1875 socialis,
1625 1811 1884 1872 blandus.
1921 1812 2086 1877 lenis,

517 1901 826 1952 animarum
857 1915 1071 1963 amans,
1113 1901 1327 1963 suavis,
1374 1899 1686 1961 modestus,
1721 1900 1936 1965 doctor,
1971 1901 2091 1970 pla-

515 1994 697 2055 cidus,
725 2002 933 2056 castus,
991 2007 1176 2045 verus.
1235 1990 1433 2046 Merito
1464 1989 1671 2046 Paulus
1697 2007 1881 2046 verum
1929 1991 2091 2047 Chri-

517 2085 587 2138 sti
625 2098 908 2137 exornans
941 2083 1313 2148 sacerdotem,
1349 2097 1596 2152 congrue
1629 2084 1888 2138 honestat
1913 2084 2092 2153 appel-

519 2173 640 2227 lans
677 2185 959 2236 sanctum,
1013 2173 1390 2237 innocentem,
1425 2180 1478 2225 et
1511 2172 1937 2242 amplectentem
1967 2187 2089 2226 orn-

517 2276 640 2314 nem
665 2263 979 2315 veritatem.

581 2351 769 2406 Talem
789 2368 846 2406 se
883 2353 1042 2406 nobis
1075 2352 1326 2407 exhibuit
1371 2353 1710 2407 venerabilis
1751 2352 1935 2407 Titus.
1981 2353 2089 2407 To-

516 2445 626 2499 tius
654 2446 802 2498 enim
839 2444 1044 2498 divinae
1073 2444 1297 2497 virtutis
1325 2443 1381 2497 in
1415 2458 1472 2497 se
1511 2444 1766 2497 collectis
1799 2442 2084 2513 symbolis,

516 2551 574 2589 se
607 2545 778 2588 totum
819 2536 1048 2590 omnino
1093 2537 1315 2604 spiritui
1355 2534 1571 2588 addixit
1609 2543 1796 2604 spreto
1831 2550 2084 2605 corpore,

514 2643 694 2694 eoque
743 2629 986 2681 salubris
1037 2627 1084 2680 ei
1122 2627 1310 2680 defluit
1343 2641 1550 2689 sermo,
1596 2639 1872 2694 arenaque
1896 2625 2088 2696 copio-

515 2714 630 2767 sior
657 2715 895 2767 inundat
941 2717 1216 2782 sapientia
1244 2732 1259 2780 ;
1297 2713 1440 2768 unde
1470 2715 1657 2779 modo,
1693 2711 1948 2768 collectis
1981 2730 2084 2769 ceu

515 2805 845 2873 quibusdam
899 2805 1292 2874 pulcherrimis
1339 2804 1615 2869 flosculis,
1670 2805 1739 2860 iis
1774 2820 2084 2861 sermonem

514 2904 841 2950 coronatum
879 2896 1191 2948 absolvam.
1248 2893 1371 2946 Jam
1425 2896 1572 2947 enim
1613 2894 1875 2964 deinceps
1906 2909 2087 2964 Operae

515 2988 752 3058 pretium
787 2994 890 3045 est,
917 2992 976 3037 ut
1003 2985 1256 3052 impleam
1288 2984 1740 3052 promissionem,
1776 2987 1940 3055 eique
1967 3003 2084 3041 ser-

2195 547 2542 610 σκευάζουσα
2589 545 2753 615 πάθη,
2796 548 2829 614 ἡ
2859 549 3087 617 μυστικὴ
3125 549 3338 618 διόπτρα
3366 551 3446 619 τῆς
3470 553 3633 620 πίστεως

2191 639 2313 698 ταῖς
2375 635 2736 705 ἀντιπόμποις
2783 638 2886 690 τῶν
2933 639 3162 692 ἀκτίνων
3215 647 3540 711 μαρμαρυγαῖς
3561 647 3630 698 τῶν

2191 727 2501 780 ἀντιπάλων
2527 727 2624 790 τὰς
2644 726 2804 797 κόρας
2825 728 3280 799 ἁποῤῥαπίςουσα.
3305 731 3456 794 Τίτος,
3476 735 3498 782 ὀ
3521 734 3634 801 μέγας

2192 819 2450 887 ἀριστεὺς
2473 817 2580 869 τῶν
2612 818 2984 881 εὐσεϐούντων,
3003 821 3037 887 ἡ
3057 819 3164 870 τῶν
3185 819 3376 871 πιστῶν
3399 826 3632 892 παντευχία,

2191 909 2302 961 τῶν
2335 909 2547 980 ἐχθρῶν
2581 911 2613 979 ὴ
2659 909 3010 979 πανωλεθρία,
3057 911 3153 962 τῶν
3194 911 3288 963 οὐκ
3313 911 3432 980 ὀρθά
3458 912 3637 981 φρονούν-

2191 1011 2300 1053 των
2334 1003 2645 1074 διόρθωσις,
2690 1005 2798 1058 τῶν
2830 1005 3251 1073 ἐπιστρεφόντων
3281 1005 3492 1076 σταθηρέι
3516 1008 3638 1060 mlta

2192 1092 2347 1161 ῳδία,
2383 1093 2493 1145 τῶν
2544 1093 2846 1148 νοσούντων
2895 1095 3091 1165 ἰατρὸς,
3141 1093 3242 1147 τῶν
3269 1097 3533 1162 καμνόντων
3558 1098 3638 1148 ἀνά-

2196 1201 2414 1260 παυσις,
2466 1185 2576 1238 τῶν
2630 1186 2927 1256 δεσμωτῶν
2982 1186 3175 1248 ἄνεσις,
3223 1186 3321 1238 τῶν
3375 1188 3425 1240 ἐν
3459 1189 3641 1255 ἀνάγκας

2192 1276 2526 1346 ἀνάκλησις,
2573 1278 2682 1331 τῶν
2718 1280 2776 1330 ἐν
2825 1281 3124 1347 συμφοραῖς
3171 1278 3443 1346 ἀνάφυξις,
3487 1279 3642 1348 τῶνδρ-

2194 1368 2384 1436 φανῶν
2417 1370 2444 1420 ὁ
2470 1369 2672 1439 πατὴρ,
2697 1369 2810 1422 τῶν
2834 1369 3016 1438 χηρῶν
3046 1370 3073 1420 ὁ
3101 1367 3404 1436 προστάτης,
3431 1367 3516 1419 τῶν
3538 1369 3644 1437 αἰχμ-

2194 1459 2419 1511 αλώτων
2442 1461 2477 1511 ό
2511 1457 2740 1529 ρὐτης,
2779 1460 2809 1511 ό
2830 1458 3052 1524 ξεναγὸς
3084 1458 3184 1509 τῶν
3216 1459 3299 1510 ἐπὶ
3333 1459 3483 1528 ξένης,
3518 1459 3644 1509 τῶν

2192 1549 2463 1617 φυλακαῖς
2493 1551 2526 1618 ἠ
2558 1549 2876 1618 ἐπίσκεψις,
2907 1547 3014 1601 τῶν
3045 1549 3100 1599 ἑν
3125 1550 3417 1616 πειρασμοῖς
3450 1547 3644 1616 ἡάντῦιῃ-

2190 1639 2304 1708 ψις.
2329 1640 2510 1703 Τίτος,
2547 1641 2574 1692 ὀ
2608 1641 2744 1692 πᾶσι
2773 1640 2952 1692 πάντα
2990 1638 3282 1707 γινόμενος,
3305 1640 3402 1699 τοῖς
3425 1639 3645 1706 aperto-3m

2194 1730 2514 1800 εὐπρόσιτος
2534 1771 2548 1792 ,
2591 1733 2704 1793 τοῖς
2756 1727 3073 1798 εὐχομένοις
3115 1728 3407 1796 εὐεπηκοος,
3429 1729 3517 1788 τοῖς
3543 1729 3646 1778 aiat

2197 1819 2418 1884 ίκέσιος,
2439 1819 2634 1886 φίλιος,
2654 1817 2908 1886 κόσμιος,
2931 1816 3218 1884 αἰδέσιμος,
3237 1812 3419 1880 ζύγιος,
3439 1812 3645 1880 προσηνὴς,

2193 1911 2387 1979 πρᾷος,
2420 1909 2734 1978 φιλόψυχος,
2796 1907 3080 1977 μειλίχιος,
3130 1903 3380 1972 ἐπιεικὴς,
3417 1902 3645 1961 διδακτικὸς,

2191 2000 2372 2072 ἤπιος.
2400 2001 2652 2071 σώφρων,
2685 1999 2918 2069 ἀληθής.
2946 1997 3171 2059 Δικαίως
3193 1998 3220 2048 ὁ
3239 1993 3430 2056 Παῦλος
3450 1994 3520 2046 τὸν
3537 1993 3646 2061 ἀληθῆ

2190 2090 2284 2142 τοῦ
2319 2089 2557 2160 Χριστοῦ
2597 2087 2973 2156 κατακοσμῶν
3005 2086 3150 2156 ἱερέα
3173 2127 3186 2150 ,
3216 2083 3498 2153 πρεπόντως
3519 2083 3648 2132 ἀποσε-

2194 2178 2400 2249 μνύνει,
2430 2180 2574 2232 ὅσιον
2603 2176 2926 2240 ἀποκαλῶν,
2959 2175 3175 2238 ἄκακον,
3206 2172 3294 2225 καὶ
3334 2172 3491 2240 πάσης
3521 2170 3647 2238 ἀρετῆς

2191 2270 2384 2340 ἁντεχό
2391 2287 2574 2340 μενον.
2795 2340 2797 2342 η

2243 2357 2514 2424 ⁸Τοιοῦτός
2543 2377 2624 2422 τις
2671 2359 2805 2429 ἡμῖν
2838 2359 2868 2412 ὁ
2917 2358 3109 2422 σεπτὺς
3155 2356 3494 2409 ἀναδείκνυται
3536 2353 3646 2411 Τίτος.

2192 2453 2351 2506 ὐλον
2380 2453 2487 2523 γάρ
2518 2455 2576 2504 ὲν
2597 2450 2774 2520 ἑαυτῷ
2809 2449 3095 2504 συλλαϐὼν
3137 2448 3238 2500 τῶν
3280 2447 3423 2500 θείων
3455 2443 3643 2512 κατορθω-

2192 2541 2374 2610 μάτων
2407 2539 2500 2591 τδν
2530 2539 2742 2608 ἔρανον,
2777 2537 2902 2601 ὅλος
2942 2537 3011 2589 δι’
3041 2537 3162 2590 ὅλου
3205 2535 3293 2588 τοῦ
3328 2535 3576 2604 πνεύματος
3594 2532 3650 2596 τί·

2188 2648 2366 2700 γονεν,
2401 2631 2674 2700 ἀλογήσας
2693 2629 2788 2682 τοῦ
2820 2629 3099 2698 σώματος.
3134 2627 3290 2681 Ὅθεν
3318 2627 3445 2694 αὐτῷ
3470 2624 3651 2687 animo;

2190 2721 2428 2791 πηγάζει
2475 2721 2763 2788 σωτήριος,
2829 2719 2931 2771 καὶ
2989 2718 3144 2789 χύσις
3198 2716 3487 2785 πλημμυρεῖ
3516 2713 3650 2778 cnsili.

2187 2812 2420 2882 ψάμμου
2451 2809 2834 2880 δαψιλεστέρα.
2864 2811 2956 2862 Πα
2966 2808 3014 2879 ρ’
3036 2801 3110 2864 ῶν
3138 2807 3332 2876 ἀρτίως
3352 2803 3446 2872 ἐγὼ
3469 2803 3520 2856 τὰ
3541 2801 3653 2854 κάλλι-

2191 2917 2292 2953 στα
2325 2899 2741 2966 συλλεξάμενος,
2769 2898 3032 2966 καθάπερ
3076 2896 3210 2964 ἄνθη
3257 2895 3388 2958 τινά,
3419 2890 3651 2959 στεφανύςυ

2187 2990 2481 3058 τὸνλόγον.
2539 2988 2747 3058 Καιρὺς
2801 2987 2921 3057 γὰρ
2949 2987 3052 3056 ἤδη
3102 2984 3374 3054 πληρῶσαι
3417 2981 3562 3035 λοιπὸν
3597 2976 3651 3043 τὴν

515 3079 692 3132 monis
743 3075 1148 3145 perorationem
1191 3090 1549 3144 componam.
1587 3075 1830 3128 Mutuam
1866 3093 1998 3146 ergo
2033 3078 2080 3131 ei

2191 3083 2508 3151 ὑπόσχεσιν,
2565 3081 2659 3132 καὶ
2690 3078 3040 3147 συναρμόσαι
3097 3077 3266 3147 ταύτῃ
3311 3075 3394 3127 τὸν
3435 3072 3522 3124 τῶν
3546 3068 3651 3132 λόγων

515 3168 671 3222 trado
694 3182 920 3231 vocem;
965 3165 1326 3234 vicissimque
1360 3180 1670 3219 sermonem
1710 3176 1960 3221 mutuum
1994 3184 2083 3221 ac-

513 3261 699 3328 cipio;
743 3273 805 3311 ac
845 3256 1098 3309 modicus
1153 3272 1275 3325 ego,
1310 3256 1391 3310 rei
1431 3257 1662 3326 majoris
1715 3268 2086 3312 commutatur

514 3350 712 3409 factus.
761 3348 880 3417 ejus
939 3347 1096 3401 vobis
1165 3347 1491 3416 spiritaliter
1557 3363 1869 3402 sermonem
1925 3351 2086 3418 appi-

512 3457 684 3512 gnero
715 3457 728 3493 :
764 3440 908 3494 haud
945 3455 1080 3494 sane
1105 3441 1328 3494 curiosa
1357 3450 1696 3508 versutaque
1721 3442 2082 3510 loquacitate,

513 3535 607 3587 sed
649 3546 780 3586 vera
815 3532 932 3584 sola
979 3543 1042 3582 ac
1077 3529 1216 3582 nihil
1254 3530 1379 3583 ficta
1432 3532 1706 3592 doctrina,
1743 3533 1940 3600 sicque
1963 3543 2083 3587 sta-

512 3627 689 3680 timet
720 3638 784 3676 ex
835 3629 1087 3690 tempore
1124 3622 1297 3674 altam
1346 3635 1465 3676 eam
1502 3621 1854 3692 distinguere
1893 3638 2084 3677 vocem

512 3717 797 3786 incipiam,

584 3807 716 3862 Nam
763 3810 937 3861 utitur
986 3806 1150 3861 hodie
1177 3820 1314 3859 voce
1344 3820 1489 3870 mea,
1537 3820 1601 3860 ac
1629 3807 1838 3860 nostris
1867 3822 1965 3860 vos
2003 3807 2085 3859 al-

513 3899 1013 3969 loquiturmodis:
1060 3916 1077 3947 ι
1135 3895 1340 3958 Filioli,
1393 3897 1676 3966 inquiens,
1709 3913 1849 3968 quos
1886 3900 2084 3965 iter_um

514 3997 792 4061 mrturio,
843 3991 1020 4042 donec
1071 3988 1344 4041 formetur
1382 3989 1434 4040 in
1489 3989 1648 4042 vobis
1679 3990 1944 4043 Christus
1979 3988 2023 4053 i,
2064 4007 2082 4039 ι

513 4097 727 4135 morum
796 4080 1014 4134 scilicet
1069 4076 1432 4146 perfectione.
1498 4077 1682 4131 Nolite
1744 4079 1880 4132 eflici
1934 4080 2089 4147 pueri

513 4174 792 4237 sensibus,
851 4171 946 4225 sed
1014 4169 1225 4224 malitia
1279 4170 1496 4238 parvuli
1544 4179 1722 4224 estote
1772 4171 1820 4223 ιι.
1874 4171 2088 4240 Nequa

515 4267 667 4320 radix
715 4265 940 4320 malitire
989 4261 1258 4332 impediat
1311 4275 1533 4316 sursum
1584 4261 1903 4330 germinans
1943 4262 1986 4327 ι,
2023 4278 2089 4318 ac

513 4366 723 4413 rectum
776 4369 1000 4410 sensum
1059 4353 1398 4432 obscuratis.
1452 4350 1530 4406 Ne
1580 4351 1705 4420 quis
1765 4355 1822 4404 in
1885 4355 2088 4408 vestris

2187 3175 2462 3240 ἐπίλογον.
2508 3169 2750 3232 Δανείζω
2795 3168 2984 3220 τοίνυν
3011 3166 3160 3236 αὐτῷ
3184 3166 3278 3237 τὴν
3324 3164 3496 3234 φωνὴν,
3520 3155 3651 3213 καὶτὸν

2187 3267 2346 3334 λόγον
2375 3264 2549 3334 κιχρῶ
2571 3281 2585 3294 ο
2621 3264 2718 3316 καὶ
2741 3263 2972 3332 γίνομαι
2999 3261 3319 3330 διαλλακτὴς
3350 3256 3511 3327 μικρὸς
3535 3250 3651 3321 μείξε-

2186 3375 2276 3419 νος
2305 3359 2649 3426 πράγματος,
2697 3354 3094 3423 πνευματικῶς
3127 3349 3399 3422 ὁμηρεύων
3422 3347 3496 3398 τὸν
3519 3340 3652 3395 iitum

2186 3451 2343 3517 λόγον
2367 3450 2496 3516 ὑμῖν
2520 3463 2532 3477 ·
2568 3447 2628 3500 οὐ
2664 3448 2762 3517 μὲν
2781 3443 2876 3498 οὖν
2897 3447 3181 3516 περιέργῳ
3203 3446 3311 3497 ’ἐινὶ
3333 3443 3416 3496 καί
3438 3433 3654 3502 κεκομῷευ·

2192 3541 2327 3612 μένῃ
2356 3537 2659 3608 στωμυλία,
2689 3535 2882 3604 ἀληθεῖ
2907 3535 2966 3588 δὲ
3000 3535 3136 3604 μόνῃ
3170 3534 3260 3586 καὶ
3283 3517 3656 3612 ἀνεπιπλάστῳδι-

2187 3629 2455 3698 δασκαλία
2475 3643 2489 3659 ο
2513 3628 2581 3697 ἢν
2611 3628 2705 3679 ἐπὶ
2737 3626 2938 3696 καιροῦ
2979 3626 3167 3696 διᾶραι
3201 3625 3276 3686 εἰς
3301 3622 3422 3689 ὕψος
3444 3619 3522 3686 τὴν
3541 3611 3656 3682 φωνίθ

2187 3721 2618 3790 ἁνακρούσομαι.

2261 3813 2485 3885 Γλώσσῃ
2507 3813 2617 3882 γὰρ
2654 3811 2856 3881 χρῆται
2895 3813 3148 3880 σήμερον
3174 3809 3238 3878 τῇ
3261 3807 3384 3875 ἐμῇ,
3404 3800 3484 3854 καὶ
3511 3795 3659 3885 φθόγῖφ

2188 3904 2267 3974 τῷ
2297 3881 2553 3974 ἡμετέρῳ
2590 3881 3055 3974 νπροσφθέγγεται
3080 3915 3094 3930 ο
3142 3917 3160 3950 ι
3190 3895 3399 3959 Τεκνία,
3434 3892 3584 3958 λέγων,
3603 3881 3657 3939 οὓς

2189 3996 2350 4048 πάλιν
2372 3995 2569 4056 ὠδίνω,
2603 3992 2769 4062 μέχρι
2793 3983 2852 4042 οὗ
2901 3988 3172 4060 μορφωθῇ
3195 3985 3416 4056 Χριστὸς
3442 3981 3488 4031 ὲν
3520 3976 3656 4062 figit,"

2189 4087 2278 4140 διὰ
2307 4087 2406 4155 τῆς
2437 4059 2747 4155 πρακτικῆς
2773 4059 3139 4150 τελειότητος.
3171 4097 3190 4130 ‹
3219 4077 3306 4146 Μὴ
3334 4072 3498 4126 παιδία
3520 4059 3656 4155 γίνεσθε

2188 4180 2309 4239 ταῖς
2338 4150 2552 4246 φρεσίν,
2585 4150 2722 4227 ἀλλά
2739 4175 2807 4242 τῇ
2840 4171 3015 4241 κακίᾳ⁸
3042 4168 3354 4238 νηπιάζετε.
3389 4162 3468 4229 Μή
3498 4150 3659 4248 ﬂebit?"

2189 4237 2477 4336 ὲνονλείτω
2511 4262 2636 4336 ῥίζα
2661 4237 2865 4323 κακίας
2898 4237 3016 4314 ἄνω
3051 4237 3282 4328 φύουσα,
3320 4271 3338 4304 ι
3367 4249 3449 4304 καὶ
3470 4247 3541 4298 τὸν
3560 4237 3657 4336 ὀρθξν

2191 4329 2523 4423 σκοτίζουσα.
2564 4354 2710 4408 νοῦν.
2764 4355 2854 4421 Μή
2905 4367 2996 4413 τις
3031 4348 3306 4421 ἁμαρτίας
3329 4341 3483 4410 ἐκφύῃ
3512 4329 3659 4406 βλαστὸς

512 4451 775 4506 cordibus
823 4426 1134 4502 enascatur:
1171 4445 1386 4514 peccati
1441 4445 1726 4498 surculus.
1759 4442 1836 4498 Ne
1876 4445 1998 4514 quis
2026 4446 2082 4499 in

2189 4453 2244 4504 ὲν
2279 4452 2398 4512 ταῖς
2430 4446 2678 4516 καρδίαις
2700 4443 2876 4513 ὐμῶν.
2909 4443 3006 4511 Μή
3041 4457 3128 4502 τις
3165 4437 3403 4508 περκάσῃ
3434 4431 3583 4516 βότριδς

512 4545 672 4598 vobis
703 4541 1089 4594 amaritudinis
1123 4538 1312 4591 botrus
1347 4536 1648 4604 nigrescat,
1684 4552 1752 4589 ex
1791 4551 1899 4606 quo
1929 4535 2085 4590 furor

511 4635 814 4689 draconum
855 4631 1198 4701 aspidumve,
1231 4645 1331 4683 ceu
1369 4628 1556 4680 vinum
1593 4628 1826 4682 diffluat.
1863 4627 1936 4683 Ne
1958 4629 2084 4698 quis

512 4728 786 4796 spreverit
820 4724 1108 4784 Dominica
1138 4722 1344 4776 Christi
1397 4720 1690 4785 mandata;
1730 4737 1866 4774 neve
1912 4722 2085 4776 instar

514 4815 721 4885 aspidis
751 4816 1097 4869 obturaverit
1137 4829 1321 4876 aures,
1381 4824 1438 4866 ut
1472 4829 1541 4868 ne
1567 4812 1759 4890 audiat
1792 4813 2081 4866 incantan-

514 4907 587 4960 tis
620 4921 829 4960 vocem.
861 4903 938 4958 Ne
978 4905 1103 4972 quis
1135 4905 1402 4958 malitiam
1431 4911 1485 4960 et
1535 4905 1728 4958 vitium
1769 4905 1958 4974 eligat,
1993 4905 2082 4958 cui

513 4999 747 5054 liberum
782 4997 856 5050 sit
899 5003 955 5050 ut
1001 4995 1170 5064 eligat
1203 4995 1492 5060 virtutem,
1537 4997 1933 5066 cmlestemque
1962 4997 2086 5050 vitm

513 5093 786 5148 rationem
820 5090 875 5144 in
911 5100 1052 5144 terra
1107 5087 1396 5155 instituat;
1437 5105 1571 5144 neve
1611 5089 1944 5158 incorrupta:
1980 5091 2082 5142 iui-

513 5185 851 5255 mortalique
894 5183 1041 5248 vitaa,
1072 5181 1360 5236 exitiosam
1403 5181 1658 5234 sensibus
1693 5180 1982 5234 humilium
2018 5195 2081 5234 ac

515 5289 677 5336 terra:
708 5279 1015 5334 defixorum
1071 5272 1494 5333 abundantiam,
1530 5273 1733 5326 misera
1774 5279 2084 5326 commuta-

513 5374 666 5427 tione
695 5380 979 5442 praeoptet.
1025 5390 1044 5423 ι
1097 5368 1251 5432 Filii,
1282 5366 1593 5421 novissima
1645 5366 1780 5419 hora
1811 5375 1898 5418 est
1930 5374 1968 5401 ιη
2001 5381 2015 5416 :
2061 5383 2078 5415 ι

513 5475 642 5521 sunt
675 5480 809 5535 ergo
853 5464 1109 5539 paranda
1139 5462 1207 5518 ad
1261 5461 1467 5517 exitum
1505 5474 1569 5515 ac
1608 5459 1949 5528 sepulturam
1987 5471 2088 5525 op-

514 5566 770 5626 portuna.
829 5555 1002 5610 Nobis
1052 5557 1156 5625 ipsi
1227 5569 1528 5625 augeamus
1602 5552 1812 5607 funeris
1859 5565 2070 5604 curam.

591 5728 814 5786 lGalat.
855 5748 934 5796 tv,
987 5735 1070 5788 1“.

1153 5735 1176 5772 ιι
1211 5734 1227 5786 1
1267 5732 1387 5788 Cor.
1425 5748 1535 5796 xw,
1563 5732 1650 5787 20.
1710 5732 1726 5770 ι
1776 5730 1939 5784 llclir.
1969 5745 2068 5792 xu,
2097 5727 2182 5781 f5.

2189 4499 2562 4609 ;}.z;;"o,.z'v,
2621 4499 2678 4597 ιέ
2729 4499 2790 4583 ἐῦ
2838 4499 3157 4600 δρακόντων
3201 4499 3493 4595 θὸμδςῖιέαι
3531 4499 3658 4606 euge}

2189 4629 2432 4683 ἀσπίδων
2464 4625 2748 4688 οίνίζεται.
2777 4621 2868 4691 Μή
2898 4638 2983 4682 τις
3007 4619 3123 4672 τῶν
3145 4613 3378 4686 Χριστοῦ
3400 4613 3659 4700 καταφρογξι·

2189 4740 2267 4774 τω
2317 4715 2654 4772 δεσποτικῶν
2701 4711 2962 4774 ἐντολῶν,
3019 4710 3158 4780 μηδὲ
3206 4707 3303 4777 τὴν
3340 4701 3482 4768 ἀκοὴν
3512 4697 3659 4787 est:sz

2188 4813 2345 4882 δίκην
2379 4811 2581 4879 μυέτω,
2611 4806 2703 4860 τοῦ
2729 4805 2805 4875 μὴ
2834 4804 3068 4857 ἀκοῦσαι
3109 4800 3291 4870 φωνῆς
3323 4794 3572 4888 exsomnes
3600 4778 3656 4878 5f"?

2189 4921 2273 4965 τις
2306 4903 2422 4955 ἐνὸν
2455 4901 2552 4971 τὴν
2612 4898 2817 4969 ἀρετὴν
2857 4895 3102 4958 ἑλέσθαι,
3129 4894 3222 4946 καὶ
3273 4884 3515 4941 πολιτείαν
3536 4883 3603 4940 τὴν
3624 4883 3658 4917 εν

2189 4996 2436 5065 οὐρανοῖς
2463 4992 2558 5044 ἐπὶ
2589 4991 2691 5059 γῆς
2734 4988 2998 5058 μετιέναι,
3028 4986 3130 5054 τὴν
3161 4982 3354 5036 κακίαν
3377 4975 3565 5068 αίροίτο,

2190 5045 2373 5156 ea;
2418 5045 2748 5154 ίροοροέτέιοέ
2783 5080 2889 5132 τῶν
2937 5045 3295 5147 χᾶμαίξήλων
3337 5045 3653 5166 ρῗῗτὼνηςῖίῗ

2185 5154 2452 5250 ἐπίκηρον
2483 5174 2580 5244 τῆς
2623 5173 2906 5245 ἀκηράτου
2956 5169 3106 5237 ζωῆς
3137 5166 3332 5225 ἀθλίως
3368 5159 3463 5252 βίον

2186 5240 2406 5324 νοιτοίί
2443 5240 2661 5330 Παιδία,
2701 5240 2907 5334 ἐνσχάτη
2953 5259 3069 5330 ῶρα
3115 5257 3299 5309 ἐστίν·
3347 5270 3364 5330 ι
3399 5240 3650 5342 ἑτοιμξσῗῒί

2185 5359 2279 5418 οῦν
2311 5365 2442 5433 ἡμῖν
2473 5359 2540 5414 τι
2571 5360 2706 5429 πρὸς
2743 5355 2942 5420 ἔξοδον,
2969 5353 3062 5404 καὶ
3091 5349 3162 5402 τὰ
3195 5345 3323 5416 πρδί
3360 5334 3508 5438 ῖαῗὴν
3531 5333 3648 5438 έῗξῖἷ

2186 5456 2322 5508 δεια,
2359 5455 2697 5522 Λύξήσωμεν
2725 5452 2886 5520 ἡμεῖς
2910 5447 3094 5506 αὐτοῖς
3122 5443 3220 5512 τὴν
3249 5423 3650 5530 know-.011pr

2187 5563 2346 5617 μναν.
2394 5545 2598 5615 Μηδεὶς
2647 5541 2792 5595 οὕτω
2842 5538 3036 5610 χαῦνος
3069 5536 3212 5588 ἔστω
3240 5528 3328 5584 καὶ
3372 5522 3474 5580 ταῖς
3508 5507 3647 5580 lim“

2239 5723 2480 5780 '"lJoan.
2514 5739 2570 5790 tt,
2617 5721 2700 5776 l8.
