3824 6212
186 363 311 430 1161

1364 363 1445 427 ΙΝ
1487 366 1940 427 APOSTOLUM
1978 368 2247 426 TITUM.

3319 374 3456 440 1162

188 479 423 541 ἔκλυτος,
454 475 531 540 ὼς
554 475 652 548 τὴν
680 477 759 541 εἰς
804 474 898 532 τὸν
929 478 1165 547 Χριστὸν
1206 480 1472 534 ἀνάλυσιν
1492 481 1759 552 δευτέραν

1866 482 2040 535 Nemo
2071 482 2142 535 sit
2186 496 2365 550 usque
2400 476 2536 537 adeo
2571 485 2776 547 mollis.
2831 496 2886 541 et
2929 486 3309 559 voluptatibus
3340 490 3453 545 dis-

186 569 364 625 θέσθαι
388 568 491 639 τῆς
514 570 656 639 μετά
679 568 775 622 τοῦ
805 568 984 639 πηλοῦ
1004 570 1270 641 διαμονῆς
1290 572 1383 624 καὶ
1406 589 1470 624 συ
1480 572 1764 642 μπήξεως.

186 662 274 726 Εἰς
303 660 586 731 βασιλείαν
628 661 780 732 ἡμᾶς
809 662 838 714 6
867 661 1104 731 Χριστὸς
1159 662 1320 715 καλεῖ
1354 661 1456 733 τὴν
1486 662 1761 732 οὐράνιον.

184 754 510 807 Δεσποτικὸν
540 752 602 806 τὸ
622 752 903 823 ἐπίταγμα
920 768 936 785 ⁸
965 756 1218 822 γενναῖον
1241 754 1610 826 ἀναλάϐωμεν
1632 754 1767 825 φρό-

183 864 346 917 νημα.
404 845 649 917 ’ἰσχυρὸς
694 847 724 899 6
748 844 931 899 καλῶν
953 861 967 875 ·
1006 846 1082 916 μὴ
1112 845 1435 915 ἀσθενῶμεν
1461 848 1528 917 τῇ
1568 846 1765 918 γνώμῃ

184 938 317 1010 πρὸς
343 936 436 992 τὸν
478 937 622 1007 ὑπὲρ
655 936 870 990 ἔννοιαν
917 937 1177 1003 πλοῦτον,
1216 937 1313 989 καὶ
1364 936 1651 1007 λογισμοῖς
1679 954 1769 1007 μι-

183 1024 531 1095 κρολογῶμεν
591 1024 722 1094 περὶ
748 1024 818 1078 τὰ
858 1023 1138 1096 ὁρώμενα.
1199 1024 1266 1078 Τί
1312 1026 1429 1088 τοῖς
1466 1024 1769 1096 ὁρωμένοις

184 1116 659 1186 δγκαταμένομενς
729 1115 797 1167 Τί
875 1118 976 1186 τῆς
1060 1115 1324 1186 πατρῴας
1397 1117 1767 1189 ὑπερορῶμεν

183 1208 406 1272 ἑστίαςς
461 1206 625 1269 Πόλις
686 1205 847 1276 ἡμῶν
878 1206 976 1260 καὶ
1015 1208 1240 1279 πατρὶς,
1290 1209 1324 1279 ἡ
1368 1208 1483 1263 ἀνω
1519 1208 1699 1262 Σιώνο
1731 1211 1765 1281 ή

182 1299 285 1353 τῶν
307 1298 480 1367 ἁγίων
513 1297 878 1369 μητρόπολις,
910 1298 972 1352 τὺ
1004 1299 1114 1354 τῶν
1151 1299 1515 1373 πατριαρχῶν
1538 1301 1767 1372 οἰκητή-

184 1408 316 1461 ριον,
356 1383 419 1444 οῦ
446 1390 547 1444 ούκ
581 1389 700 1443 ἐστι
722 1390 934 1444 δάκνων
966 1390 1090 1459 ὄφις
1121 1391 1207 1459 ἐφ’
1237 1391 1359 1445 ὁδοῦ
1389 1391 1768 1464 ἐγκαθήμενος

184 1482 455 1555 πτέρναν,
512 1482 609 1535 καὶ
639 1482 924 1553 ἀπείργων
978 1483 1080 1551 τὴν
1109 1481 1335 1536 εἴσοδον.
1385 1480 1552 1548 Σιὼν,
1601 1478 1672 1556 ἦς
1716 1484 1767 1536 oi

183 1574 375 1646 πύργοι
406 1573 502 1625 ἐπὶ
535 1572 646 1626 τῶν
687 1572 891 1643 χειρῶν
941 1574 1150 1644 Κυρίου
1204 1576 1523 1645 πεπήγασιν
1551 1590 1565 1605 ·
1598 1570 1668 1647 ἧς
1710 1576 1768 1628 αἱ

184 1669 338 1722 πύλαι
372 1667 629 1738 γλύμμα,
678 1666 819 1738 πρὸς
871 1666 971 1735 τὴν
1020 1666 1236 1720 ἐκεῖθεν
1269 1667 1595 1736 εἰσάγουσαι
1638 1668 1769 1730 τοὺς

183 1761 441 1823 εἰσιόντας
499 1760 883 1830 μακαριότητα
906 1799 922 1825 ,
954 1753 1022 1831 ἦς
1045 1760 1106 1813 τό
1134 1776 1193 1812 τε
1244 1755 1388 1823 εἶδος
1440 1761 1537 1814 καὶ
1569 1759 1768 1824 κάλλος

1870 572 2111 636 solutus,
2175 579 2233 622 ιιι
2289 571 2691 626 resolutionem
2747 575 2802 627 in
2846 574 3156 645 Christum,
3208 584 3454 638 secundo

1869 662 1992 718 loco
2036 678 2064 716 a
2100 661 2486 718 demoratioue
2532 675 2586 718 et
2619 668 2981 724 concretione
3032 685 3157 725 cum
3193 673 3311 729 luto
3352 676 3452 729 ha-

1869 754 2015 809 beat.
2068 752 2181 809 Nos
2240 754 2503 810 Christus
2552 764 2715 812 vocat
2747 760 2798 813 in
2860 776 3095 831 regnum
3157 766 3452 822 caelorum.

1869 845 2158 899 Dominica
2192 844 2374 915 jussio
2405 855 2492 903 est
2526 863 2542 901 :
2574 863 2932 908 assumamus
2967 870 3298 923 generosum
3330 861 3452 913 an?-

1870 946 2047 987 mum.
2105 930 2290 999 Fortis
2340 943 2427 990 est
2460 936 2554 1006 qui
2610 948 2813 993 vocat:
2852 955 2922 996 ne
2962 944 3140 1000 simus
3178 946 3450 1005 imbecilla

1870 1036 2054 1081 mente
2100 1025 2169 1080 ad
2228 1026 2458 1084 divitias
2485 1038 2629 1099 ,qua:
2680 1044 2946 1101 superant
3027 1038 3449 1109 cogitationem,

1871 1115 2375 1187 scrupulosiusque
2423 1132 2610 1173 rerum
2642 1120 2823 1175 oculis
2862 1123 3250 1191 subjectarmn
3285 1133 3452 1183 ratio.

1870 1210 2038 1267 nibus
2088 1210 2468 1267 subducendis
2526 1212 2722 1267 intenti
2761 1215 2963 1271 simus.
3003 1215 3075 1271 Ut
3120 1221 3252 1289 quid
3289 1222 3453 1277 rebus

1869 1303 2186 1360 visibilibus
2220 1304 2628 1359 immoramur?
2673 1303 2879 1377 thuid
2914 1311 3333 1366 contemnimus
3365 1330 3455 1382 pa.

1870 1401 2084 1449 lernam
2116 1394 2381 1449 domum?
2410 1394 2622 1450 Civitas
2653 1406 2847 1453 nostra
2878 1401 3172 1471 patriaque
3211 1412 3297 1458 est
3343 1421 3456 1459 cm-

1870 1484 2032 1541 lestis
2054 1483 2216 1552 Sion;
2250 1495 2684 1557 sanctorumque
2717 1489 2812 1543 illa
2837 1493 3185 1562 metropolis,
3216 1497 3451 1565 patriar-

1870 1576 2097 1632 charum
2130 1578 2501 1646 domicilium,
2538 1580 2633 1634 ubi
2677 1579 2837 1637 abest
2868 1597 3133 1652 serpens;
3161 1588 3364 1643 sedens
3398 1590 3452 1643 in

1869 1670 1979 1735 via,
2014 1670 2112 1740 qui
2144 1671 2467 1727 caleaneum
2489 1674 2742 1727 mordeat
2770 1683 2824 1727 et
2850 1674 3106 1745 ingressu
3137 1680 3452 1746 prohibeat.

1873 1759 2028 1825 Sion,
2067 1762 2318 1831 inquam,
2366 1762 2536 1832 cuius
2589 1771 2778 1819 turres
2819 1765 2872 1817 in
2928 1768 3188 1822 manibus
3238 1748 3450 1824 Domini

182 1848 312 1906 οἶδεν
348 1853 377 1904 6
422 1850 851 1913 κατασκευάσας
908 1849 1061 1913 Θεός.
1119 1851 1419 1921 Περιουσία
1451 1851 1507 1904 δὲ
1529 1852 1639 1905 τῶν
1671 1869 1761 1904 πιιο

1871 1849 1990 1905 lixae
2042 1859 2218 1906 sunt:
2281 1851 2445 1921 cujus
2506 1860 2703 1923 portae.
2752 1853 3048 1918 «elatura;
3098 1872 3333 1929 qumque
3383 1860 3451 1912 ad

180 1946 384 2016 στῶν,ή
410 1945 641 2015 ἀγήρως
673 1943 811 2014 ζωὴ,
835 1944 897 1996 τὸ
922 1944 1294 2015 ἀνεκλάλητον
1326 1944 1516 2015 φῶς,ή
1556 1944 1759 2010 ἀθάνατ

178 2052 261 2099 τος
295 2034 573 2105 βασιλεία.
618 2032 728 2087 τῶν
764 2035 1154 2106 ἀποκειμένων
1193 2038 1306 2099 τοῖς
1335 2035 1510 2101 ἀξίοις
1535 2036 1760 2106 ἀγαθῶν

175 2130 204 2198 ἠ
239 2127 538 2189 ἀντίδοσις*
570 2125 606 2180 ἃ
638 2127 777 2196 μήτε
831 2126 1136 2197 ὀφθαλμοῖς
1180 2126 1373 2199 ὁρατὰ,
1419 2129 1557 2199 μήτε
1621 2145 1760 2199 καρ-

173 2221 254 2291 δίᾳ
307 2218 514 2289 ληπτά,
550 2216 585 2271 ἃ
636 2222 750 2283 τοῖς
800 2219 1092 2286 ἀγαπῶσιν
1152 2220 1318 2274 αὑτὸν
1380 2222 1679 2291 ἡτοίμασεν
1730 2222 1759 2274 6

172 2312 322 2375 Θεός.

1864 1943 2272 1999 beatitudinem
2317 1943 2438 2000 illic
2487 1945 2598 1998 loci
2638 1944 2824 2009 sitam,
2861 1959 2961 2000 eos
2984 1948 3081 2014 qui
3119 1948 3335 2003 intrant
3370 1953 3453 2004 in-

1862 2034 2072 2092 ducant
2108 2036 2273 2106 cujus
2304 2036 2549 2107 speciem
2605 2037 2981 2107 decoremque
3019 2040 3176 2095 novit
3206 2042 3323 2111 ipse
3355 2045 3448 2112 qui

1860 2127 2152 2182 aediﬁcavit
2180 2126 2758 2197 ,Deus.'13ubstantia
2803 2138 2985 2185 autem
3040 2130 3308 2199 ﬁdelium,
3336 2137 3450 2189 vita

1859 2225 1948 2274 est
1976 2234 2269 2275 senescere
2307 2222 2522 2286 nescia,
2565 2222 2748 2276 lumen
2783 2221 3186 2289 inenarrabile,
3225 2225 3452 2280 immor—

1868 2312 1977 2365 tale
2013 2327 2263 2383 regnum,
2301 2314 2601 2369 retributio
2650 2314 2925 2369 bonorum
2959 2316 3143 2387 dignis
3176 2322 3451 2387 reposito-

173 2423 312 2470 rum,
346 2424 469 2480 quae
507 2424 685 2482 neque
720 2406 893 2462 videri
915 2407 1094 2464 oculis
1151 2417 1411 2478 possunt,
1474 2422 1576 2463 nec
1632 2405 1799 2462 corde
1838 2406 2232 2476 ceruprehendi
2285 2422 2407 2476 quae
2450 2406 2594 2462 Deus
2630 2414 2957 2479 pra'paravil
3036 2416 3103 2468 iis
3153 2419 3247 2486 qui
3315 2416 3447 2468 dili-

170 2513 301 2573 gunt
337 2504 521 2572 ipsum
555 2515 609 2550 ιι-
637 2513 683 2562 ο.

237 2595 391 2665 Μηδὲ
427 2593 635 2647 τούτων
664 2592 920 2664 ιάφῶμεν
973 2593 1072 2664 τὴν
1122 2592 1445 2664 εὐκληρίαν,
1500 2593 1617 2646 ὅσοι
1668 2590 1747 2662 τῷ

171 2686 404 2757 θεοποιῷ
430 2684 803 2749 τεκνωθέντες
839 2686 1204 2756 βαπτίσματι,
1234 2684 1370 2741 θεοῦ
1425 2686 1750 2757 πεφήναμεν
1808 2694 1816 2703 ·

167 2781 354 2835 τέκνα.
422 2777 559 2832 Θεοῦ
614 2776 711 2832 τοῦ
770 2779 918 2848 ἡμᾶς
983 2778 1369 2849 ἀγαπήσαντος
1429 2777 1525 2831 καὶ
1569 2776 1752 2841 δόντος

164 2872 485 2940 ἀντίλυτρον
510 2870 731 2925 πάντων
754 2870 933 2942 ἡμῶν,
956 2869 1276 2924 τὺνέαυτοῦ
1310 2869 1483 2924 Παῖδα
1513 2870 1607 2923 τὸν
1656 2886 1752 2939 μο-

164 2967 384 3036 νογενῆ,
416 2966 511 3020 καὶ
543 2965 793 3035 συμφυῆ,
828 2966 923 3018 καὶ
971 2964 1293 3035 όμόθρονον.
1324 2964 1417 3034 Μὴ
1465 2962 1752 3034 ἀθετῶμεν

162 3058 263 3126 τῆς
286 3056 561 3119 υἱοθεσίας
592 3056 654 3109 τὸ
674 3056 947 3126 χάρισμα.
980 3056 1074 3125 Μὴ
1113 3054 1404 3125 γενώμεθα
1435 3054 1612 3108 δοῦλοι
1652 3057 1751 3126 τῆς

161 3148 461 3219 ἁμαρτίας,
483 3147 947 3218 ἐλευθερωθέντες
976 3147 1035 3199 ὲν
1058 3146 1352 3216 πνεύματι.
1377 3147 1470 3219 Μὴ
1491 3147 1749 3216 φανῶμεν

1924 2583 2001 2641 Ne
2029 2584 2215 2656 itaque
2247 2600 2437 2640 eorum
2465 2586 2821 2643 dimitta‘mus
2853 2588 3226 2645 litereditatem
3254 2632 3268 2653 ,
3290 2602 3446 2661 quot-

1853 2686 1992 2752 quot
2020 2678 2223 2734 deilico
2251 2678 2587 2748 baptismate
2628 2678 2727 2733 lilii
2762 2681 3034 2736 rationem
3067 2682 3278 2751 adepti,
3312 2684 3443 2737 lacti

1854 2786 2047 2828 sumus
2078 2769 2174 2826 Dei
2213 2770 2331 2826 lilii.
2370 2770 2484 2834 Dei,
2518 2771 2769 2842 inquam,
2809 2774 3031 2844 quinos
3059 2775 3277 2840 dilexit,
3316 2778 3442 2846 qni-

1852 2878 1961 2932 que
2006 2861 2409 2932 redemptionis
2442 2865 2683 2932 pretium
2724 2878 2825 2932 pro
2860 2867 3021 2921 nobis
3049 2867 3311 2922 omnibus
3347 2866 3444 2922 Fi-

1858 2955 1994 3007 lium
2033 2970 2197 3009 suum
2250 2954 2599 3024 unigenitum
2645 2955 2898 3024 ejusdem
2954 2973 3140 3011 secum
3178 2961 3437 3015 substan-

1859 3050 1971 3114 tire,
2009 3049 2320 3119 eodemque
2348 3042 2644 3104 sublimem
2682 3050 2884 3104 throno
2909 3049 3082 3108 dedit.
3106 3051 3183 3108 Ne
3205 3056 3443 3125 gratiam

1858 3142 2177 3211 adoptionis
2206 3157 2558 3212 spernamns.
2586 3141 2664 3197 Ne
2692 3142 3000 3197 elliciamttr
3025 3146 3170 3199 servi
3205 3149 3442 3214 peccati,

158 3206 598 3310 amara-.95;
650 3206 863 3308 ήὲονῆς,
892 3206 1043 3307 κόρῳ
1089 3206 1381 3304 τῆνἐεριν
1419 3206 1755 3303 ἀντιλαμῦὰ-

1866 3235 1951 3303 qui
1989 3234 2167 3288 simus
2202 3222 2422 3287 liberati
2483 3233 2537 3286 in
2566 3234 2789 3301 spiritu.
2824 3234 2902 3290 Ne
2945 3236 3093 3290 servi
3135 3241 3443 3307 voluptatis

160 3350 346 3394 νοντες
364 3348 379 3363 ⁸
413 3332 490 3404 μὴ
515 3334 628 3394 τοῖς
656 3331 857 3383 πάῦεσι
881 3329 1055 3402 θύραν
1085 3329 1410 3398 ἀνοίξωμεν,
1443 3327 1501 3393 ἐξ
1523 3322 1592 3398 ἧς
1619 3327 1754 3396 ἡμῖν

154 3428 214 3479 ai
248 3426 346 3478 τοῦ
379 3424 613 3481 θανάτου
643 3425 961 3495 παλίρροιαι
997 3422 1244 3493 βρύουσι.
1282 3420 1377 3491 Μὴ
1409 3418 1627 3489 στῶμεν
1655 3418 1754 3488 τῆς

154 3518 251 3571 ἐπὶ
275 3518 344 3570 τὰ
371 3517 560 3586 πρόσω
577 3518 770 3586 φορᾶς,
794 3515 908 3568 ἀλλ’
933 3515 1021 3568 ἀεὶ
1040 3513 1349 3583 τρέχωμεν,
1371 3510 1427 3563 εἴ
1446 3528 1563 3573 πως
1585 3527 1754 3563 κατα-

151 3603 438 3672 λάὸωμεν,
472 3604 570 3655 ἐπὶ
595 3603 657 3655 τὸ
687 3602 946 3673 βραϐεῖον
975 3602 1079 3671 τῆς
1123 3601 1234 3654 ἀνω
1269 3601 1538 3671 κλήσεως.
1572 3599 1753 3653 Καλὸν

150 3695 266 3747 τῶν
290 3694 520 3748 ὄπισθεν
572 3694 1132 3766 ἐπιλανθανομένους,
1163 3696 1280 3757 τοῖς
1309 3693 1619 3765 ἔμπροσθεν
1650 3694 1751 3745 επ-

146 3788 525 3841 εκτείνεσθαι.
559 3787 741 3841 Καλὸν
776 3787 998 3840 ἀκούειν
1031 3785 1271 3857 Χριστοῦ
1299 3786 1585 3853 λέγοντος·
1625 3804 1644 3837 ι
1686 3784 1755 3838 Et

146 3899 237 3944 τις
273 3880 424 3934 θέλει
458 3881 637 3934 όιιίσω
686 3897 788 3951 μου
843 3878 1044 3944 ἐλθεῖν,
1086 3877 1500 3951 ἀπαρνησάσθω
1534 3877 1746 3942 ἑαυτὸν,

144 3975 251 4029 καὶ
289 3976 485 4045 ἀράτω
517 3973 611 4027 τὸν
677 3972 912 4044 σταυρὸν
973 3972 1165 4036 αὐτοῦ,
1229 3973 1324 4026 καὶ
1381 3969 1748 4025 ἀκολουθείτω

144 4082 267 4135 μοι.
312 4083 334 4116 ι
389 4064 570 4117 Καλὸν
622 4064 947 4117 ἀκολουθεῖν
990 4063 1068 4133 τῷ
1118 4060 1342 4133 Χριστῷ
1400 4062 1494 4115 τὸν
1541 4061 1747 4131 κόσμον

1857 3326 2091 3388 ventris,
2120 3326 2386 3380 vicariam
2437 3327 2699 3380 satietate
2730 3328 3128 3382 contumeliam
3162 3331 3441 3399 recipien-

1855 3426 1958 3474 tes.
1991 3416 2069 3472 Ne
2097 3418 2302 3471 ostium
2335 3416 2488 3469 vitiis
2522 3418 3150 3489 perturbationibnsque
3202 3398 3440 3490 aper‘uc-

1852 3511 2050 3575 rimus,
2079 3509 2226 3564 unde
2251 3508 2414 3563 nobis
2442 3508 2734 3578 reciproca
2788 3525 2938 3564 mors
2971 3514 3264 3565 scaturiat.
3296 3512 3373 3569 Ne
3409 3531 3441 3569 a

1851 3602 2207 3658 contentione
2257 3600 2326 3654 ad
2351 3601 2632 3654 anteriora
2672 3602 2965 3665 sistamus,
3001 3604 3094 3657 sed
3137 3618 3438 3660 curramus

1852 3710 2091 3765 semper,
2134 3693 2180 3748 si
2229 3708 2342 3762 quo
2378 3690 2546 3746 modo
2593 3693 3161 3763 comprehendamus,
3198 3696 3265 3747 ad
3311 3696 3440 3749 bra-

1849 3787 2001 3843 vium
2064 3800 2320 3856 supernae
2368 3785 2683 3841 vocationis
2712 3794 2763 3838 P.
2813 3783 3068 3850 Praestat,
3120 3796 3181 3839 ut
3221 3802 3285 3841 ea
3313 3804 3439 3857 qua!

1850 3887 1984 3934 sunt
2031 3889 2185 3933 retro
2234 3875 2652 3941 obliviscentes,
2693 3877 2761 3932 ad
2794 3878 3084 3932 anteriora
3139 3893 3243 3932 nos
3281 3879 3435 3949 ipsos

1850 3970 2237 4027 extendamus.
2273 3968 2509 4025 Praestat
2543 3969 2743 4025 audire
2794 3969 3070 4025 dicentem
3104 3969 3393 4026 Christum
3421 3989 3434 4025 :

1854 4084 1874 4118 ι
1912 4064 1970 4119 Si
2016 4065 2140 4134 quis
2208 4063 2322 4118 vult
2383 4062 2575 4118 venire
2636 4072 2761 4134 post
2798 4077 2908 4128 me,
2954 4066 3190 4133 abneget
3240 4074 3440 4119 semet-

112 4158 426 4211 ’ὁδεύοντιο
453 4177 471 4209 ι
498 4157 666 4210 Δεῦτε
692 4157 829 4227 πρός
862 4173 952 4227 με,
985 4156 1188 4218 πάντες
1222 4157 1275 4208 ot
1307 4154 1611 4218 κοπιῶντες
1652 4154 1747 4207 κοιλ⁵

1871 4171 2053 4226 psum,
2088 4165 2140 4210 et
2172 4155 2328 4209 tollat
2361 4168 2590 4209 crucem
2627 4170 2809 4219 suam,
2840 4163 2894 4211 et
2929 4163 3201 4224 sequatur
3237 4171 3324 4211 me
3349 4165 3432 4211 ιι..

138 4250 606 4321 πεφορτισμένοι,
666 4246 823 4316 κάγὼ
886 4247 1190 4333 ἀναπαύσω
1224 4247 1390 4316 ὑμᾶς.
1435 4267 1454 4299 ι
1506 4246 1746 4317 Χριστὸς

1866 4249 2084 4305 Ρινωειιιι
2114 4249 2272 4318 sequi
2302 4247 2586 4303 Christum
2608 4263 2709 4318 per
2734 4248 3000 4304 mundum
3033 4249 3456 4315 ambulantem,

136 4343 389 4407 κελεύει,
422 4344 500 4412 μὴ
533 4341 948 4411 ἀντιτείνωμεν.
975 4340 1212 4411 Χριστὸς
1234 4341 1261 4392 6
1296 4338 1499 4404 καλῶν,
1537 4338 1632 4392 καὶ
1661 4338 1745 4402 τίς

1866 4359 1872 4392 l
1911 4340 2107 4395 Venite
2141 4339 2210 4394 ad
2281 4354 2389 4403 me,
2421 4354 2617 4394 omnes
2663 4340 2759 4408 qui
2806 4339 3076 4394 laboratis
3127 4351 3187 4394 et
3219 4344 3435 4396 onerati

132 4440 247 4488 οὐκ
277 4435 581 4499 ἀκούεται;
638 4433 774 4488 Θεοῦ
802 4434 953 4503 φωνὴ
991 4435 1110 4486 ἐστι
1140 4432 1493 4497 διδάσκουσα,
1531 4451 1549 4484 ι
1599 4430 1741 4500 Ἐγώ

1866 4431 2004 4496 :stis,
2036 4439 2092 4484 et
2131 4444 2233 4498 ego
2272 4427 2516 4483 reﬁciam
2559 4442 2661 4484 vos
2691 4436 2740 4481 ε.
2781 4447 2802 4480 ι
2856 4428 3117 4484 Christus
3138 4431 3338 4498 jubet;
3367 4447 3436 4485 ne

133 4529 262 4597 εἰμι
296 4525 364 4579 τὸ
393 4526 509 4595 φῶς
536 4524 634 4579 τοῦ
668 4525 876 4595 κόσμου
897 4541 911 4557 ο
944 4527 973 4579 6
1011 4525 1323 4579 ἀκολουθῶν
1371 4526 1517 4595 ἐμοὶ,
1561 4526 1625 4579 οὐ
1664 4525 1740 4596 μὴ

1866 4522 2179 4578 'enitamur.
2207 4520 2476 4577 Christus
2500 4529 2680 4583 vocat,
2737 4528 2791 4575 et
2829 4520 2953 4590 quis
2997 4536 3107 4575 non
3143 4522 3436 4576 audierit?

132 4620 511 4689 περιπατήσῃ
567 4618 627 4670 ἐν
669 4619 734 4688 τῇ
800 4617 1013 4689 σκοτία,
1054 4617 1172 4671 ἀλλ’
1209 4616 1321 4682 ἔξει
1371 4617 1453 4684 τὸ,
1484 4617 1599 4687 φῶς
1637 4618 1740 4688 τῆς

1866 4611 2043 4665 )ivina
2074 4625 2182 4666 vox
2213 4618 2300 4666 est
2322 4625 2445 4681 quae
2467 4610 2705 4666 doceat:
2742 4629 2761 4662 ι
2798 4609 2912 4681 Ego
2940 4626 3065 4666 sum
3089 4613 3183 4666 lux
3214 4613 3431 4676 mundi;

128 4711 317 4781 ζωῆς.
366 4731 385 4763 ι
418 4710 530 4764 Καί
556 4726 568 4740 ⁸
595 4730 613 4762 ι
655 4710 797 4779 Ἐγὼ
833 4710 946 4781 φῶς
969 4710 1049 4775 είς
1072 4711 1161 4764 τὸν
1200 4711 1408 4780 κόσμον
1435 4710 1692 4780 ἐλήλυθα.
1716 4731 1733 4762 ι

1866 4704 1942 4772 ιιιί
1990 4702 2245 4773 sequitur
2296 4718 2402 4765 me,
2438 4716 2548 4757 non
2584 4702 2890 4757 ambulabit
2923 4703 2978 4758 in
3025 4704 3298 4768 tenebris,
3333 4707 3429 4761 sed

1848 4795 2073 4850 habebit
2100 4796 2287 4850 lumen
2323 4796 2451 4849 vita:
2482 4802 2528 4849 ⁸.
2556 4813 2575 4846 ι
2619 4795 2706 4861 Et,
2752 4812 2771 4845 ι
2800 4793 2916 4866 Ego
2952 4795 3050 4850 lux
3078 4797 3429 4854 inmundum

1846 4890 1974 4945 veni
2008 4889 2055 4943 ί.
2087 4908 2107 4942 ι

200 4989 425 5043 Τούτου
479 4988 538 5042 δὲ
584 4987 637 5041 τί
692 4988 810 5042 ποτ’
843 4984 911 5042 ἀν
943 4987 1039 5041 τοῦ
1076 4989 1255 5058 φωτός
1296 4989 1444 5043 ἐστιν
1494 4991 1628 5061 ἡμῖν
1659 4990 1739 5042 οἰ-

1918 4980 2032 5037 lloc
2072 4990 2255 5037 autem
2310 4980 2441 5051 quid
2469 4980 2645 5052 magis
2691 4984 2931 5037 amicum
2978 4985 3137 5040 nobis
3171 4985 3427 5056 contige-

125 5083 469 5153 ιειότερον;
512 5082 586 5149 Τῤ
622 5081 733 5152 γὰρ
767 5082 987 5151 ἀφεῖναι
1022 5082 1082 5135 τὸ
1123 5081 1316 5147 σκότος
1345 5087 1438 5136 καὶ
1488 5084 1566 5155 τῷ
1598 5083 1738 5152 φωτὶ

1866 5076 1954 5131 ’1ιῖ
1982 5074 2202 5147 Quippe
2253 5076 2468 5131 relictis
2504 5075 2749 5131 tenebris
2799 5077 3091 5131 adhmrere
3128 5079 3257 5141 luci,
3297 5091 3425 5131 vere

122 5174 505 5247 κολληθῆναι,
531 5174 648 5229 υἱὸν
664 5173 845 5242 φωτὸς
872 5173 1090 5245 ἀληθῶς
1119 5177 1269 5228 ποιεῖ
1282 5175 1374 5231 τδν
1396 5178 1537 5244 φωτὶ
1562 5193 1735 5249 προσ-

1866 5172 2011 5226 ὶΙὶιιιιι
2065 5170 2205 5226 lucis
2269 5168 2400 5225 facit
2457 5185 2583 5225 cum
2637 5170 2733 5240 qui
2804 5170 2911 5224 luci
2973 5169 3238 5223 adhaeret.
3309 5167 3421 5219 lloe

120 5267 522 5340 κολλώμενον.
560 5267 735 5321 Τοῦτο
769 5268 827 5320 δὲ
862 5269 979 5331 πῶς
1014 5266 1082 5320 ἂν
1126 5267 1328 5337 ἑτέρως
1369 5270 1603 5337 γένοιτο,
1659 5273 1734 5345 μὴ

1866 5279 1973 5321 ero
2008 5278 2116 5334 qua
2177 5263 2287 5317 alia
2336 5263 2551 5317 ratione
2589 5262 2896 5332 contingat,
2940 5261 3042 5314 nisi
3107 5252 3420 5329 caliginoSo

120 5360 254 5431 οὐχὶ
289 5363 482 5431 πάσης
536 5359 945 5430 ύπεροφθείσης
1000 5359 1135 5428 ἡμῖν
1186 5362 1287 5432 τῆς
1319 5362 1375 5414 ὲν
1423 5366 1731 5437 σκοτομήνη

1866 5358 1985 5411 νιιιιιί
2041 5354 2289 5426 peccato,
2328 5362 2450 5410 atra
2481 5370 2583 5410 nos
2623 5361 2784 5408 nocte
2817 5350 3155 5422 conligente,
3192 5350 3423 5421 spreto?

119 5452 475 5523 τοξευούσης
538 5452 689 5522 ἡμᾶς
746 5448 986 5522 ζοφερᾶς
1029 5453 1353 5525 ἀμαρτίας;
1390 5453 1498 5508 Τοῦ
1553 5456 1610 5509 δὲ
1639 5456 1731 5510 τὸν

1866 5450 1914 5506 5t
1951 5460 2136 5505 autem
2186 5449 2448 5504 tollamus
2498 5461 2745 5509 crucem,
2785 5453 2842 5499 et
2876 5445 3165 5499 Christum
3223 5458 3423 5512 sequa—

120 5544 383 5617 σταυρὸν
441 5542 620 5615 αἴρειν
653 5543 750 5596 καὶ
802 5530 1121 5599 ἀκολουθεῖν
1163 5545 1243 5618 τῷ
1294 5546 1539 5618 Χριστῷ,
1576 5549 1630 5602 τί
1663 5548 1731 5602 ἂν

1866 5556 1985 5603 nur.
2026 5539 2309 5612 quodnam
2341 5536 2509 5593 fuerit
2543 5535 3141 5609 evidentiussmnum,
3171 5547 3335 5603 quam
3366 5542 3424 5583 nl.

120 5632 542 5706 ἐναργέστερον
596 5634 812 5702 γένοιτο
876 5635 1146 5706 σύμϐολον
1198 5639 1292 5693 τοῦ
1342 5642 1466 5694 καθ’
1513 5643 1730 5713 ἡμέραν

1866 5622 2090 5709 [uotidie
2124 5633 2452 5699 moriamur,
2482 5641 2588 5701 qua
2620 5628 2898 5685 bonorum
2933 5629 3302 5701 repositorum
3325 5639 3422 5695 spe

1134 5763 1161 5803 ι’
1189 5752 1424 5825 Philipp.
1462 5770 1543 5821 ιιι,
1578 5754 1660 5808 l3.
1725 5765 1754 5807 (ι

1872 5726 1976 5810 ιεἰι.
2019 5769 2146 5821 m,
2187 5749 2278 5803 et.
2364 5759 2382 5786 τ
2411 5744 2601 5799 Matth.
2644 5759 2722 5807 xu,
2753 5742 2843 5796 es.
2923 5743 2943 5771 ε
2977 5739 3139 5797 Joan.
3173 5753 3296 5803 vni,
3335 5736 3413 5793 ιε.

1606 5878 1681 5925 εδ
2961 5894 3028 5955 37

135 5741 215 5777 "°°
239 5745 538 5811 lsa.t.xtv,
577 5746 840 5813 4;!Cor.
882 5756 943 5815 ιι,
979 5751 1033 5807 θ.

132 5816 146 5845 ⁸
175 5815 366 5875 Joan.
398 5830 500 5881 χιι,
554 5817 642 5871 46.

442 5914 716 5976 Ριιτιιοι.
750 5916 871 5977 Gn.
891 5915 1137 5977 XCVII.
