3824 6212
190 415 305 481 1160

1465 414 1547 476 ΙΝ
1597 416 1658 477 S.
1700 415 2129 479 GEORGIUM.

3294 417 3428 482 ῙΠΟ

242 530 342 608 limi.
370 527 454 599 εἴη
492 543 557 597 γε
590 524 763 580 ταῦτα
794 488 988 597 μηδενὶ
1034 523 1300 598 μηδαμῶς
1335 524 1736 596 ὲμὸραδύνοντο

1927 525 2152 582 Utinam
2187 540 2318 581 vero
2352 528 2418 582 ad
2459 534 2864 583 consummata:
2921 526 3187 586 bonitatis
3220 531 3427 586 exitum

182 623 359 693 χρόνῳ,
392 621 482 674 ἐπ’
514 618 774 689 αὐτοτελῆ
805 617 1055 690 χωρῆσαι
1086 618 1457 690 χρηστότητος
1489 616 1739 684 ἐκόασιν,

180 716 265 768 καὶ
304 714 399 783 τὴν
449 712 519 766 δι’
559 712 739 782 ἔργων
783 711 1180 783 συμπλήρωσιν
1227 711 1486 780 δέξασθαι
1513 713 1526 766 ι
1556 712 1743 784 Ταύτῃ

179 805 276 875 γὰρ
306 805 398 859 καὶ
448 807 477 858 ὁ
531 802 645 874 βίος
700 802 858 874 ἡμῶν
906 803 1418 876 διομαλισθήσεται,
1460 806 1553 858 καλ⁹
1586 804 1746 873 λόγος

177 895 329 959 ἄπας,
352 895 446 948 καὶ
478 894 699 967 πρᾶξις,
754 895 850 948 καὶ
890 895 1182 966 διανόημα,
1210 897 1325 959 τοῖς
1362 895 1525 959 θείοις
1558 897 1746 968 νόμοις

175 987 261 1041 τοῦ
294 986 426 1041 Πνεύ
435 1004 604 1058 ματος
628 989 1207 1059 κατακοσμηθήσεται,
1231 990 1325 1043 καὶ
1358 990 1427 1043 δι’
1450 989 1745 1061 ἀπραγμο-

177 1083 329 1155 σύνης
360 1085 388 1136 ό
411 1082 637 1155 ήσὺχιός
663 1100 723 1136 τε
754 1083 848 1137 καὶ
886 1084 1097 1154 ἦρεμος
1135 1086 1270 1155 ἡμῖν
1323 1085 1744 1157 διανυσθήσεται

174 1176 299 1247 βίος.
338 1176 457 1245 Ὑφ’
479 1171 541 1230 οὗ
566 1176 763 1248 μικρὸν
787 1175 1013 1255 ὕστερον
1039 1177 1107 1231 δι’
1137 1178 1343 1250 ἀρετῆς
1366 1180 1459 1232 καὶ
1485 1180 1739 1253 θεωρίας,

173 1269 204 1339 ἡ
231 1269 321 1338 τῆς
344 1266 553 1321 ὲκεῖοεν
584 1266 745 1339 δόξης
778 1267 874 1321 xui.
902 1266 1177 1337 βασιλείας
1206 1269 1742 1343 ἁποκληρωθήσεται

173 1358 379 1431 μέθεξις
413 1361 526 1423 τοῖς
555 1357 699 1413 οὕτω
731 1359 1014 1424 πολιτείας
1043 1362 1375 1433 προκόψασι.
1429 1363 1618 1419 Ταῦτά
1658 1381 1741 1420 σοι

170 1451 292 1521 παρ’
319 1450 502 1525 ἡμῶν,
560 1443 605 1503 ὦ
642 1450 849 1523 πάτερ,
887 1445 933 1506 ὧ
961 1450 1198 1507 δέσποτα
1226 1454 1336 1508 τῶν
1372 1454 1481 1508 σῶν
1522 1452 1740 1522 ἱκετῶν,

170 1545 258 1599 καὶ
274 1543 527 1614 διαδόχων
559 1543 680 1612 μὲν,
702 1544 938 1608 ἀναξίων
962 1545 1021 1599 δέ
1047 1562 1061 1577 ·
1094 1545 1271 1600 ταῦτά
1298 1564 1380 1601 σοι
1400 1548 1502 1620 τῆς
1534 1554 1743 1622 μικρᾶς

169 1636 298 1708 ἐμῆς
327 1635 577 1708 γλώσσης
617 1636 713 1689 καὶ
764 1637 1025 1703 διανοίας,
1079 1640 1179 1710 τῆς
1216 1640 1298 1694 σοι
1340 1658 1404 1710 γε
1454 1643 1615 1715 φίλης
1644 1645 1742 1700 καὶ

171 1728 311 1798 παρὰ
349 1728 552 1792 πάντας
594 1726 844 1800 τιμώσης
872 1746 953 1793 σε,
988 1731 1056 1783 τὰ
1087 1733 1260 1802 μικρὰ
1292 1734 1738 1806 προσενέγματα.

172 1818 341 1872 Ταῦτα
361 1820 389 1871 ὁ
424 1821 618 1890 μικρὸς
643 1823 701 1873 ὲν
730 1822 985 1892 ποιμέσιν
1011 1823 1143 1892 ἐγὼ,
1176 1825 1271 1878 καὶ
1308 1825 1403 1879 τοῦ
1438 1827 1583 1900 ἱεροῦ
1608 1829 1737 1883 τού-

1848 618 2001 672 nulla
2055 619 2323 688 temporis
2362 634 2518 675 mora
2572 622 2680 675 ista
2734 626 3123 691 promoveant,
3180 621 3429 694 ipsisque

1848 708 2016 764 rebus
2066 710 2608 766 consummationem
2650 713 2994 782 suscipiant!
3053 710 3147 768 Sic
3177 714 3324 767 enim
3376 725 3429 769 et

1848 797 1961 852 vita
2020 798 2194 853 nobis
2234 800 2448 871 :eqttior
2512 800 2765 866 cesserit,
2802 817 3095 873 sermoque
3139 804 3340 869 omnis,
3377 816 3429 859 et
3520 846 3525 852 .

1848 888 1992 944 actio
2042 896 2099 945 et
2133 890 2394 960 cogitatio
2448 891 2658 948 divinis
2691 891 2935 963 Spiritus
2985 894 3202 964 legibus
3238 910 3430 965 peroro

1847 979 2095 1046 nabitur,
2137 982 2351 1053 otiique
2405 981 2756 1059 compendiis
2807 985 2993 1054 quieta
3048 986 3209 1040 nobis
3261 994 3430 1056 atque

1845 1073 2148 1143 tranquilla
2184 1075 2437 1146 exigetur
2488 1076 2642 1129 vita:
2711 1091 2819 1146 qua
2862 1076 3014 1131 brevi
3048 1087 3193 1146 post,
3234 1079 3303 1133 iis
3334 1080 3428 1147 qui

1845 1164 2053 1221 virtute
2082 1175 2136 1221 et
2167 1166 2662 1238 contemplatione,
2719 1167 2804 1222 sic
2836 1167 2965 1222 vitae
2996 1166 3270 1223 institutis
3299 1184 3428 1238 pro-

1844 1253 2103 1319 fecerint,
2142 1256 2346 1312 futurae
2385 1257 2578 1329 gloriae
2622 1266 2678 1313 et
2711 1259 2866 1329 regni
2923 1258 3282 1328 participatio
3330 1261 3430 1313 tri—

1842 1348 2062 1403 buenda
2116 1348 2211 1404 sit.
2266 1349 2397 1405 Ilaec
2443 1365 2473 1405 a
2504 1350 2689 1415 nobis,
2730 1364 2763 1404 ο
2813 1357 3006 1420 pater,
3036 1366 3067 1404 a
3114 1350 3301 1412 nobis,
3346 1351 3431 1405 iu-

1842 1452 2032 1508 quam,
2071 1454 2105 1493 ο
2158 1439 2409 1506 domine,
2457 1441 2566 1496 tuis
2618 1440 2894 1498 clientulis
2949 1451 3003 1497 et
3065 1442 3427 1513 supplicibus,

1842 1537 2012 1602 atque
2047 1533 2469 1591 successoribus
2496 1533 2611 1589 tuis
2640 1548 2959 1605 quanquam
2993 1534 3240 1605 indignis
3273 1551 3286 1587 :
3316 1535 3429 1590 haec

1842 1625 1943 1680 tibi
1991 1625 2431 1699 exiguaelinguaa
2473 1628 2788 1697 mentisque
2821 1628 3036 1698 oﬂicio;
3073 1630 3297 1694 mentis,
3339 1630 3424 1684 in-

1841 1731 2033 1787 quam,
2063 1716 2145 1771 tui
2175 1717 2438 1783 amantis,
2474 1728 2527 1774 et
2552 1732 2665 1789 pra:
2682 1719 2945 1774 omnibus
2992 1717 3191 1772 honori
3219 1716 3428 1772 haben-

1841 1809 1938 1874 tis,
1972 1817 2208 1881 angusta
2241 1818 2374 1867 sunt
2399 1824 2657 1866 munera.
2696 1808 2823 1866 Haec
2850 1809 3106 1866 modicus
3144 1823 3246 1880 ego
3281 1809 3428 1862 inter

170 1927 273 1976 του,
296 1911 432 1975 πῶς,
462 1913 562 1965 οὐκ
593 1911 730 1981 οἶδα,
753 1915 1165 1987 κατηξιωμένος
1194 1918 1500 1992 καὶθρόνου
1518 1923 1611 1977 καὶ
1638 1923 1736 1995 βή-

1843 1911 2122 1972 pastores,
2158 1892 2350 1961 nescio
2378 1916 2484 1973 qua
2526 1903 2743 1958 ratione
2776 1901 2980 1973 dignus
3008 1901 3233 1956 habitus
3266 1915 3426 1956 sacro

98 2064 115 2084 ο
173 2018 346 2072 ματος.
368 2004 479 2057 Καὶ
507 2005 556 2058 εί
587 2006 761 2078 μικρᾲ
786 2006 982 2074 ταῦτα,
1013 2012 1109 2063 καὶ
1136 2011 1237 2082 τῆς
1265 2013 1425 2078 ἀξίας
1444 2018 1736 2087 παραπολὺ

169 2093 448 2163 φθάνοντα,
478 2096 576 2167 τῆς
618 2097 749 2165 γοῦν
790 2098 1004 2172 θερμῆς
1049 2103 1188 2173 πρὸς
1227 2104 1288 2158 σὲ
1318 2105 1613 2172 διαθέσεως
1637 2110 1739 2165 οὐκ

169 2186 434 2245 ἐλάττονα.
466 2188 604 2262 Δέξῃ
633 2191 763 2263 γὰρ,
795 2193 858 2247 εὖ
888 2189 1029 2260 οἶδα,
1062 2196 1237 2250 ταῦτα
1261 2199 1381 2268 μετ’
1409 2201 1700 2271 εὐμενείας
1720 2244 1735 2271 ,

168 2272 266 2332 οἶόν
289 2296 341 2332 τι
366 2281 565 2351 μικρὸν
593 2282 901 2352 ἐπιτάφιον⁹
927 2284 1017 2339 τὸν
1041 2286 1096 2339 δέ
1118 2303 1182 2356 γε
1213 2289 1546 2359 τελειότερον
1575 2291 1737 2346 ἔπαι-

170 2386 266 2432 νον,
298 2373 428 2442 παρ’
450 2372 616 2426 αὐτοῖ
640 2372 706 2427 ἂν
737 2375 1060 2448 ὲπιζητοίης
1088 2379 1358 2446 ἐπιδοξότε
1370 2399 1461 2452 ρον
1489 2382 1735 2456 ὕστερον,

172 2460 250 2514 τοῦ
280 2466 415 2533 πρὸς
445 2465 505 2518 ὃν
528 2467 615 2518 ἀεὶ
645 2467 743 2538 τὴν
772 2468 1007 2540 σπουδὴν
1038 2472 1133 2525 καὶ
1166 2473 1264 2544 τὴν
1287 2474 1474 2543 ἔφεσιν
1491 2462 1738 2549 ἀεικίνη-

177 2568 252 2606 τον
276 2553 526 2625 ἔσχηκας.
546 2556 661 2610 Νῦν
686 2558 740 2610 δὲ
760 2558 967 2615 ἄνωθεν
998 2563 1145 2633 ἡμᾶς
1176 2565 1521 2632 ὲποπτεύοις,
1543 2562 1588 2621 ὧ
1618 2567 1736 2623 θεία

184 2643 259 2694 καὶ
292 2644 409 2716 ἱερὰ
448 2646 682 2717 κεφαλὴ,
742 2646 862 2717 Θεῷ
916 2652 982 2720 τῇ
1034 2652 1226 2723 Τριάδι
1276 2656 1649 2728 περιχορεύων
1678 2662 1736 2713 ὲν

187 2736 439 2808 πνεύματι,
478 2741 573 2793 καὶ
598 2740 674 2812 τῷ
708 2740 883 2814 θρόνῳ
911 2745 1013 2815 τῆς
1063 2747 1285 2818 χάριτος
1329 2750 1737 2822 παριστάμενος

191 2824 357 2895 χάριτι,
384 2831 478 2882 καὶ
497 2829 575 2901 τῷ
601 2831 730 2903 θείῳ
755 2834 894 2902 φωτὶ
919 2834 1064 2889 κατὰ
1096 2836 1274 2909 ψυχὴν
1300 2838 1732 2914 ὲλλαμπόμενος’

193 2916 304 2987 ὑπὲρ
330 2920 482 2990 ἡμῶν
530 2923 895 2994 ἐντυγχάνων,
931 2926 985 2980 εί
1012 2945 1130 2991 πως
1159 2929 1490 3002 ρυσθείημεν
1518 2932 1606 2986 διὰ
1640 2932 1734 2988 σοῦ

190 3008 267 3077 τῆς
289 3010 649 3085 ἡπειλημένης
672 3018 783 3080 τοῖς
813 3018 933 3070 κατ’
958 3019 1059 3089 ἐμὲ
1104 3020 1371 3092 ῥαθύμοις
1419 3023 1611 3095 ὀργῆς,
1639 3028 1735 3081 καὶ

190 3098 276 3153 τῶν
311 3104 572 3177 ὁσημέραι
629 3108 751 3162 καθ’
780 3109 937 3180 ἡμῶν
985 3108 1371 3183 ἐξαπτομένων
1408 3114 1518 3170 τῶν
1546 3118 1736 3185 παθῶν

190 3190 570 3302 ξπαναστάσεων
591 3215 605 3228 ⁶
665 3200 801 3271 πρὸς
850 3201 906 3254 δὲ
933 3202 1028 3256 καὶ
1059 3203 1272 3276 ὁρατῶς
1300 3222 1359 3258 τε
1390 3207 1483 3260 καὶ
1513 3208 1737 3277 ἀφανῶς
1764 3244 1808 3302 C

188 3283 547 3357 ἐγχειρούντων
602 3292 751 3362 ἡμᾶς
802 3293 1061 3364 πολεμεῖν
1112 3295 1454 3350 ἐθελοκάκων
1496 3300 1728 3371 ἐχθρῶν.

185 3372 274 3427 Καὶ
315 3382 533 3453 στήσαις
582 3386 719 3455 ἡμῖν
763 3385 901 3457 πρὸς
933 3386 1110 3458 αὔραν
1141 3388 1242 3458 τὴν
1273 3391 1587 3458 καταιγίδα,
1636 3394 1732 3447 καὶ

181 3468 405 3541 τύχοιμεν
424 3477 527 3546 τῆς
565 3477 796 3533 αὐτόθεν
852 3482 1279 3553 μακαριότητος,
1339 3483 1425 3535 ἵνα
1468 3483 1574 3537 ὑπὸ
1614 3488 1734 3551 ταῖς

161 3562 278 3624 σαῖς
303 3567 391 3619 καὶ
432 3567 553 3620 τότε
605 3570 1065 3640 περισκεπόμενοι
1093 3571 1373 3642 πτέρυξιν,
1412 3574 1471 3627 ὲν
1500 3578 1735 3645 σκηναῖς

154 3645 251 3715 αἷς
289 3656 442 3722 αὐτὸς
501 3659 716 3733 αὐλίζῃ,
771 3662 1280 3734 συναυλισθείημεν,
1341 3666 1438 3719 καὶ
1497 3665 1734 3738 καθαροὶ

152 3743 405 3816 καθαρῶς
429 3750 491 3802 τὸ
520 3750 635 3820 φῶς
663 3754 723 3806 τὸ
750 3756 806 3807 ἐν
832 3756 915 3808 σοὶ
937 3755 1248 3827 τρανωθείη
1259 3772 1357 3825 μεν
1375 3796 1388 3820 ,
1419 3757 1604 3828 χάριτι
1634 3759 1729 3813 τοῦ

151 3832 479 3917 καλέσαντος
498 3840 649 3910 ἡμᾶς
670 3843 861 3914 κλήσει
887 3845 1020 3916 ἁγίᾳ
1045 3847 1123 3908 εῑς
1148 3845 1208 3898 τὸ
1224 3846 1537 3917 θαυμαστὸν
1562 3848 1727 3903 αὑτοῦ

149 3914 303 3984 (ἐῶς’
334 3916 374 3989 ᾧ
404 3927 603 3997 πρέπει
657 3931 806 3985 πᾶσα
852 3932 1003 4000 δόξα,
1054 3934 1191 4005 τιμὴ
1235 3938 1328 3989 καὶ
1363 3938 1585 4008 κράτος,
1635 3939 1728 3993 νῦν

143 4009 248 4063 καὶ
276 4014 391 4081 ἀεὶ,
414 4019 508 4073 καὶ
535 4021 615 4084 είς
644 4022 770 4087 τοὺς
805 4024 1028 4090 αἰῶνας.
1073 4027 1265 4099 Ἀμήν.

1839 1994 1946 2049 hoc
1988 1994 2190 2051 throno
2217 2004 2273 2051 et
2319 1996 2480 2052 solio.
2514 1998 2852 2067 'Quauquam
2880 2009 3009 2051 vero
3048 1993 3267 2049 modica
3304 1994 3422 2052 illa.

1841 2094 1895 2142 et
1928 2101 2050 2156 quae
2083 2102 2115 2141 a
2146 2088 2338 2143 multis
2399 2089 2512 2145 tuis
2550 2089 2714 2161 longe
2776 2089 2984 2151 absint,
3036 2087 3179 2142 nihil
3240 2094 3422 2141 tamen

1841 2186 1973 2234 sunt
2003 2194 2243 2236 accensa
2271 2180 2326 2235 in
2361 2189 2415 2236 te
2450 2195 2570 2236 mea
2598 2182 2888 2237 voluntate
2931 2180 3169 2238 minora.
3199 2178 3425 2234 Placide

1841 2280 2027 2326 autem
2084 2280 2140 2328 et
2195 2273 2534 2342 humaniter,
2595 2277 2768 2346 probe
2829 2275 2981 2341 novi,
3047 2274 3198 2331 velut
3260 2281 3426 2329 tenue

1839 2360 2119 2431 quoddam
2170 2364 2514 2436 epitaphimn
2569 2374 2937 2436 suscepturus
2967 2380 3056 2421 es.
3100 2365 3422 2420 Absolutio-

1841 2468 1956 2507 rem
1978 2461 2161 2510 autem
2193 2457 2411 2511 laudem
2444 2458 2639 2528 majori
2673 2458 2743 2512 ab
2771 2473 2838 2513 eo
2866 2457 3041 2528 gloria
3071 2456 3423 2527 postmodum

1841 2547 2151 2615 quaesieris,
2187 2549 2253 2603 ad
2283 2566 2446 2621 quem
2483 2566 2701 2621 semper
2736 2550 3026 2606 immotum
3054 2551 3297 2606 studium
3328 2551 3424 2608 de-
3508 2568 3517 2633 ς

1841 2640 2227 2713 sideriumque
2266 2642 2537 2700 habuisti.
2576 2644 2737 2700 Nunc
2766 2646 3077 2709 enimvero,
3111 2660 3144 2700 ο
3168 2644 3420 2700 divinum

1838 2738 1893 2787 et
1924 2746 2150 2787 sacrum
2181 2743 2371 2806 caput,
2404 2738 2471 2789 de
2509 2736 2650 2791 c'wlo
2686 2752 2788 2793 nos
2832 2737 3166 2808 inspexeris,
3192 2737 3285 2807 qui
3318 2738 3424 2792 cir-

1840 2838 1965 2879 cum
2029 2824 2199 2881 Deum
2253 2828 2458 2883 trinum
2511 2831 2713 2900 spiritu
2790 2829 3080 2899 tripudies,
3133 2828 3425 2900 gratiaque

1841 2920 2032 2990 gratia:
2087 2922 2324 2977 assistas
2375 2923 2602 2988 throno,
2647 2923 2839 2994 sisque
2891 2923 3075 2979 animo
3112 2922 3424 2977 illustratus

1840 3013 2029 3067 divino
2057 3013 2308 3081 lumine;
2338 3015 2664 3087 supplicans
2690 3030 2789 3086 pro
2819 3014 3004 3080 nobis,
3035 3015 3083 3070 si
3116 3030 3227 3086 quo
3258 3014 3424 3069 modo

1841 3115 2040 3177 agente
2107 3116 2159 3162 te
2204 3107 2509 3163 liberemur
2545 3110 2613 3165 ab
2668 3109 2748 3163 ira
2806 3108 2874 3164 iis
2907 3107 3282 3179 impendente,
3327 3107 3423 3177 qui

1840 3201 1947 3255 mei
1988 3200 2165 3254 instar
2201 3210 2333 3256 sunt
2363 3202 2711 3273 negligentes
2739 3208 2793 3255 et
2829 3200 2993 3271 pigri,
3029 3206 3196 3269 atque
3226 3197 3295 3251 ab
3333 3211 3424 3253 ac-

1839 3307 2001 3346 censa
2047 3291 2341 3347 adversum
2391 3309 2492 3348 nos
2549 3293 2876 3362 quotidiana
2925 3291 3190 3346 vitiorum
3243 3291 3423 3345 rebel-

1839 3382 2003 3438 lione.
2052 3382 2132 3437 Ad
2178 3384 2295 3438 haec
2329 3400 2460 3440 vero
2507 3400 2538 3439 a
2591 3383 2884 3439 malevolis
2924 3382 3205 3445 hostibus.
3238 3381 3421 3451 palam

1837 3475 2163 3547 occulteque
2215 3476 2556 3532 conantibus
2613 3489 2987 3546 oppugnare:
3041 3471 3421 3541 statuerisque

1838 3566 2001 3623 nobis
2035 3567 2336 3638 procellam
2376 3566 2432 3622 in
2461 3582 2693 3635 auram;
2723 3566 3030 3637 fueritque,
3071 3574 3132 3620 ut
3169 3564 3285 3619 illic
3318 3579 3419 3635 po-

1837 3658 2000 3715 sitam
2058 3658 2465 3715 beatitudinem
2523 3673 2957 3729 consequamur.
3011 3656 3082 3713 Ut
3128 3656 3213 3711 vel
3263 3668 3418 3720 tunc,

1839 3753 1944 3809 sub
1983 3756 2094 3811 tuis
2150 3754 2386 3825 protecti
2440 3754 2566 3817 alis,
2609 3768 2719 3808 una
2768 3762 2949 3809 tecum
3002 3752 3317 3807 habitamus
3363 3750 3420 3806 in

1838 3844 2235 3911 tabernaculis,
2293 3846 2345 3901 iu
2417 3847 2620 3918 quibus
2679 3845 2797 3915 ipse
2859 3845 3120 3913 habitas;
3184 3844 3422 3915 purique

1837 3938 1982 4007 quod
2016 3951 2101 3994 est
2130 3940 2185 3994 in
2214 3947 2268 3996 te
2309 3941 2492 3997 lumen
2522 3955 2661 4011 pure
2700 3938 3112 4009 perspiciamus
3146 3937 3268 4010 ejus
3297 3954 3420 4009 gra-

1839 4033 1936 4095 tia.
1972 4034 2064 4102 Qui
2120 4054 2223 4095 nos
2278 4040 2497 4093 vocavit
2541 4037 2839 4095 vocatione
2868 4044 3059 4093 saneta
3086 4035 3143 4090 in
3177 4033 3421 4089 admira-

146 4104 263 4207 bile
293 4109 472 4167 lumen
511 4130 713 4169 suum:
776 4134 935 4188 quem
971 4121 1129 4176 decet
1175 4123 1357 4177 omnis
1396 4126 1591 4194 gloria,
1663 4128 1842 4184 honor
1898 4143 1950 4187 et
2006 4144 2281 4204 potestas,
2363 4156 2511 4194 nunc
2560 4149 2613 4194 et
2667 4154 2905 4207 semper,
2953 4147 3007 4193 et
3070 4137 3124 4191 in
3200 4133 3418 4190 saecota.

140 4198 342 4258 Amen.

750 4303 968 4358 ΛΟΓΟΣ
1024 4308 1119 4363 IZ'.

154 4402 485 4478 ἐἶ’λὼμιον
515 4418 602 4481 εἷς
639 4419 746 4470 τόν
789 4419 963 4490 ἅγιον
990 4427 1491 4494 μεγιιλομάρτμμι
1541 4429 1727 4498 Γεόῳ-

852 4510 1004 4559 γιον.

2400 4314 2664 4372 ORATIO
2700 4314 2865 4369 XVII.

1881 4432 2196 4487 Encomium
2230 4433 2282 4484 in
2315 4442 2559 4484 sanctum
2612 4439 2902 4499 martyrem
2942 4427 3221 4496 Georgium
3251 4427 3386 4495 (42).

1552 4635 1801 4693 (Comatam,
1823 4648 1868 4695 p.
1906 4632 2040 4693 ΠΒ.)

218 4721 334 4777 Ἀεὶ
372 4727 477 4796 μὲν
514 4729 768 4803 λαμπρὰ,
810 4735 904 4788 καὶ
940 4737 1283 4809 πανεύφημα
1318 4740 1385 4793 τὰ
1411 4740 1520 4793 τῶν
1553 4740 1727 4810 ἁγίων

1907 4740 2137 4811 Semper
2171 4740 2395 4810 quidem
2435 4737 2748 4807 splendida,
2781 4754 2836 4792 ο.
2872 4737 3117 4791 omnium
3169 4752 3265 4791 oue
3296 4736 3416 4789 lau-

131 4818 448 4889 μαρτύρων
517 4825 879 4895 μνημόσυνα·
946 4827 1475 4903 ἁξίεπαινετώτερον
1528 4833 1586 4886 δὲ
1632 4832 1729 4886 καὶ

1839 4835 1965 4887 data
2003 4843 2329 4887 sanctorum
2369 4841 2670 4902 martyrum
2706 4838 3104 4884 monumenta:
3142 4845 3265 4882 cum
3309 4829 3419 4898 pri-

1439 5007 1823 5067 COMBEFISU
1861 5005 2096 5065 NOTIE.

197 5090 332 5167 (θλ
377 5093 699 5167 Encomium
744 5099 874 5153 hoc.
923 5114 952 5150 a
1003 5097 1302 5167 Lipomano
1347 5110 1401 5155 et
1448 5102 1628 5163 Surio,
1655 5118 1721 5157 ex

120 5154 521 5241 MetapltraSte
555 5166 764 5241 editum
816 5154 1141 5236 ἀδέσποτὲν,
1197 5154 1439 5227 etsunt
1466 5154 1723 5241 puniunt;

122 5233 271 5310 apud
296 5235 512 5310 ipsum
543 5237 849 5310 orationes,
881 5233 1135 5307 quarum
1171 5241 1288 5310 ipse
1328 5258 1437 5296 non
1473 5233 1582 5296 tam
1620 5258 1720 5297 au-

119 5309 245 5379 ctor
273 5307 514 5379 censeri
564 5308 722 5379 debet
752 5323 917 5377 quam
953 5307 1254 5379 collector;
1285 5314 1520 5367 Andrem
1544 5328 1724 5368 asser—

119 5376 235 5454 ξιιξη
273 5375 1217 5454 Regiocodice_réprarsei_ttamus,
1242 5375 1577 5454 quanquam
1610 5399 1721 5439 non

118 5448 444 5518 Integrum,
472 5450 596 5519 ipso
622 5449 812 5504 codice
842 5451 1057 5517 mutilo,
1101 5453 1153 5506 in
1188 5470 1254 5508 eo
1283 5448 1520 5509 "tantum
1557 5469 1722 5509 enco-

119 5521 274 5595 (n‘tto;
311 5519 409 5595 sic
451 5526 634 5573 tamen
690 5528 758 5595 ut
785 5520 922 5595 nihil
966 5523 1023 5595 ei
1070 5522 1240 5589 desit,
1277 5540 1467 5579 eorum
1521 5527 1727 5595 quibus

119 5575 360 5665 georgii
412 5599 565 5665 gesta
617 5590 936 5665 et__|t_istoria
971 5575 1731 5665 suam}’téxh’ﬁoiuuﬁiiiii

116 5655 294 5737 ξξῖθτξ
354 5655 598 5737 Ράεβξξιι-
655 5657 885 5737 Videtur
935 5665 1109 5734 magis
1134 5668 1237 5720 niti
1301 5655 1469 5735 gestis
1510 5665 1730 5737 Georgii

1832 5118 1927 5156 seu
1976 5101 2186 5155 iudicat
2234 5101 2522 5155 historiam
2566 5101 2847 5155 Athanasii
2893 5117 3034 5168 magi
3082 5101 3330 5155 conversi
3387 5119 3415 5153 ιι

1832 5172 2092 5243 Georgio,
2131 5179 2186 5227 et
2230 5173 2514 5243 martyris,
2568 5188 2735 5238 quam
2788 5173 2877 5243 illa
2926 5170 3215 5243 Pisieratis
3263 5181 3414 5243 gesta

1834 5260 1940 5296 non
1973 5242 2194 5297 habent.
2232 5240 2429 5298 Mirum
2478 5250 2537 5296 ut
2585 5243 2787 5296 Baron.
2837 5242 2890 5294 in
2940 5240 3088 5294 notis
3133 5255 3322 5293 severe
3359 5242 3418 5295 in

1831 5328 1948 5369 eam
1982 5314 2321 5382 pronuntiet,
2355 5315 2583 5370 velutiu
2638 5319 3012 5382 assumentum
3069 5310 3413 5365 Arianicum.

1832 5384 1937 5440 Sed
1971 5380 2083 5454 quo
2123 5386 2530 5440 fundamento?
2570 5385 2737 5438 Plane
2766 5380 2984 5445 leviori,
3019 5395 3182 5450 quam
3216 5390 3272 5435 ut
3311 5382 3412 5436 viri

1831 5456 2019 5527 gravis
2062 5455 2305 5527 animum
2339 5458 2449 5512 ullo
2480 5455 2642 5509 modo
2693 5466 2910 5527 movere
2945 5462 3040 5507 aut
3074 5454 3237 5527 etiam
3292 5457 3414 5522 pul-

1828 5523 1952 5582 sare
1991 5525 2261 5593 debuerit.
2320 5529 2460 5593 Quid
2488 5527 2796 5589 enimvero,
2832 5524 2919 5577 vir
2964 5539 3093 5593 vere
3142 5523 3411 5578 industrie

1830 5612 1895 5650 ac
1929 5592 2176 5652 studiese
2198 5639 2210 5659 ,
2252 5601 2301 5650 in
2326 5615 2387 5651 ea
2414 5597 2509 5650 tihi
2548 5596 2773 5649 historia
2801 5592 3097 5663 displicet?
3125 5595 3413 5649 Athanasii

1833 5683 2068 5734 nomen,
2130 5686 2291 5739 quem
2353 5671 2544 5736 magiae
2602 5667 2980 5739 insimulatum
3052 5675 3269 5723 constat
3341 5667 3412 5722 ab

118 5721 421 5810 {fialis}
452 5728 878 5810 “Metapltraste,
928 5721 1111 5810 “quam
1164 5737 1235 5792 iis
1292 5721 1430 5810 q'uze
1467 5721 1734 5810 habentur
1832 5721 2075 5804 hrianis,
2135 5721 2281 5793 velut
2350 5721 2610 5801 Ariauus,
2658 5721 2939 5810 Georgius,
2995 5721 3219 5793 invasor
3262 5721 3410 5795 sedis

116 5799 351 5879 fﬁripta
391 5816 419 5853 a
452 5799 734 5879 Pisierate
766 5799 1167 5879 ejus-famulo,
1208 5799 1331 5877 qua}
1363 5809 1530 5879 etiam
1564 5809 1737 5863 edidit
1835 5799 2246 5875 Alexandrinae.
2299 5823 2345 5866 et
2402 5799 2744 5865 orthodoxus
2781 5799 3119 5865 thauasius
3160 5810 3410 5879 ejusdem

118 5855 509 5938 LiPétnnuus,
546 5880 600 5926 et
644 5855 850 5929 habent
890 5855 1331 5943 ιιυέῑίίὶῖυὶιῑὲἔέἶ

1840 5898 1999 5937 verus
2033 5884 2283 5948 antistes,
2326 5881 2622 5953 assumptis
2654 5879 2874 5952 Georgii
2922 5880 3198 5954 martyris,
3236 5879 3407 5950 μισεῖ-ο
3460 5928 3464 5933 .
