3824 6212
163 344 289 411 ΗΠ

1460 348 1544 408 IN
1586 347 1650 407 S.
1682 346 2117 407 GEORGIUM.

3285 328 3424 395 1178

158 458 427 514 εἱδωλικοῦ
474 457 739 535 βορϐόρου
794 456 1076 513 ἁνὲθαλεν.
1127 458 1216 523 Ὦς
1270 459 1613 529 κυπάρισσος
1664 457 1722 509 ἐν

1837 474 1994 513 usum
2050 454 2347 511 excolitur.
2382 450 2535 507 Solet
2573 448 2721 506 enim
2772 446 2935 511 solet,
2973 443 3139 500 edam
3180 441 3421 496 nominis

156 549 290 620 χορῷ
327 547 509 617 βάτων
531 565 545 579 ·
576 548 652 611 ὡς
681 548 839 602 ἐλαία
881 549 1242 620 κατάκαρπος
1278 553 1337 602 ἐν
1370 550 1594 620 ἐρήμῳ·
1636 549 1730 600 καὶ

154 644 224 706 ὡς
257 641 430 711 φοίνιξ
477 642 786 710 γλυκαίνων
836 642 966 706 τοὺς
1018 645 1078 695 ἐν
1129 642 1360 714 πικρίᾳ·
1400 642 1475 705 ὡς
1528 641 1730 710 σελήνη

157 735 469 806 πλησιιραὴς
496 735 555 787 ὲν
587 735 925 806 στυγνοτάτῃ
955 735 1112 789 νυκτί
1136 753 1150 767 ·
1179 735 1254 797 ὡς
1286 734 1495 805 πυρσὸς
1517 734 1575 785 ἐν
1603 748 1730 785 σκο-

152 830 378 901 τομήνῃ,
416 830 532 891 τοῖς
560 827 702 880 κατὰ
733 827 792 880 τὸ
821 828 1060 896 πέλαγος
1088 828 1188 897 τῆς
1220 826 1475 890 ἀσεϐείας
1510 827 1732 879 πλανω-

155 922 363 990 μένοις·
424 919 502 982 ὡς
568 919 798 990 φωστὴρ
855 919 1114 985 ἑωθινὸς,
1163 922 1225 972 ἐν
1282 919 1433 990 μέσῳ
1482 918 1731 989 ζοφερῶν

151 1012 386 1081 νεφελῶν
404 1028 418 1041 ·
448 1012 523 1074 ὡς
546 1011 700 1083 ἥλιος
725 1013 783 1065 ἐν
813 1013 1000 1081 γνόφῳ
1027 1013 1247 1082 συνεχεῖ
1274 1011 1496 1083 φαιδρὸν
1527 1012 1736 1081 ἐκλάμ-

151 1122 262 1158 πων
293 1105 476 1167 σέλας.
509 1104 572 1157 Εί
607 1104 663 1157 δὲ
705 1104 802 1158 καὶ
834 1105 958 1158 ὅθεν
985 1104 1109 1174 ἔφυ,
1141 1104 1235 1157 καὶ
1264 1104 1365 1175 τὴν
1404 1102 1512 1156 ἀπὸ
1541 1103 1734 1171 γένους

148 1196 325 1265 ζητεῖς
349 1196 650 1266 εὐκληρίαν
673 1212 687 1227 ·
721 1196 792 1249 τὰ
831 1196 1136 1267 πράγματα
1169 1195 1357 1266 βοῶσι,
1382 1196 1588 1247 Τέκνον
1631 1195 1732 1247 αὐ-

146 1288 234 1340 τὸν
260 1283 402 1342 εἶναι
434 1287 593 1354 Θεοῦ,
621 1290 717 1341 καὶ
746 1289 847 1359 τῆς
895 1288 1009 1342 ἄνω
1053 1287 1417 1359 Ἰερουσαλὴμ
1450 1289 1547 1357 τῆς
1576 1288 1729 1340 ἐλευ-

147 1381 343 1452 οέρχς·
385 1403 403 1434 ι
435 1383 592 1436 Ὅσοι
625 1382 737 1453 γάρ
769 1381 964 1436 ἔλαϐον
989 1382 1172 1444 αὐτὸν,
1207 1382 1372 1452 φησιν
1406 1383 1434 1434 6
1475 1381 1730 1452 μαθητὴς

148 1477 239 1527 καὶ
271 1474 562 1545 παρθένος,
598 1474 800 1527 ἔδωκεν
841 1473 1029 1535 αὐτοῖς
1080 1472 1331 1537 ἐξουσίαν
1374 1472 1542 1526 τέκνα
1587 1470 1724 1525 Θεοῦ

149 1567 408 1633 γενέσθαι,
458 1569 569 1631 τοῖς
618 1564 973 1619 πιστεύουσιν
1020 1565 1102 1628 είς
1148 1565 1210 1618 τὸ
1244 1564 1417 1634 δνομα
1457 1564 1662 1619 αὑτοῦ·
1699 1584 1718 1617 ι

149 1661 319 1722 ὁποῖος
345 1655 413 1729 ἦν
449 1657 751 1729 Γεώργιος,
784 1657 934 1729 ἔργῳ
964 1657 1027 1711 τὸ
1067 1657 1225 1725 γένος
1260 1656 1645 1728 πιστούμενος.

153 1765 266 1806 rum
298 1749 562 1817 nubium;
608 1759 667 1804 ut
697 1743 784 1805 sol
826 1751 1087 1820 denique,
1132 1751 1341 1814 laetum,
1391 1751 1566 1806 densa
1602 1749 1863 1820 caligine,
1925 1743 2278 1816 splendorem
2338 1738 2625 1794 emittens.
2684 1732 2843 1799 Quod
2909 1730 2954 1784 si

1836 551 1957 618 ipsa
1989 545 2305 618 appellatio,
2339 542 2437 599 Dei
2466 540 2724 613 gratiam,
2763 544 2821 593 et
2848 536 3135 590 hominum
3160 533 3417 587 virtutem

1838 642 2019 711 palam
2051 638 2336 692 declarare
2370 653 2385 689 :
2424 633 2570 703 quod
2598 633 2655 686 in
2680 627 2956 684 Abraham
2986 634 3039 680 et
3069 622 3229 689 Sara,
3268 622 3418 674 Isaae

1836 747 2059 804 quoque
2104 739 2157 783 et
2207 727 2400 792 Jac-ob,
2452 740 2515 780 ac
2545 724 2719 789 Mose,
2764 720 2997 787 aliisque
3023 715 3300 786 pluribus,
3334 711 3417 766 fa-

1839 838 1995 880 ctum
2040 822 2360 876 didicimus.
2400 817 2527 872 Fuit
2578 816 2672 870 hic
2718 825 2771 869 et
2814 812 3038 866 nomine
3070 816 3124 863 et
3151 824 3212 861 re
3241 805 3419 860 Geor.

1836 918 1981 989 gius.
2016 913 2140 978 Hie,
2174 924 2442 978 tanquam
2489 922 2617 962 rosa
2662 906 2717 960 in
2748 903 2947 958 mediis
2979 900 3159 969 spinis
3196 898 3248 950 id
3280 907 3419 949 tem-

1832 1008 1985 1081 poris
2036 1016 2262 1068 exortus
2313 1010 2425 1062 est,
2477 1007 2533 1055 et
2570 1007 2832 1067 tanquam
2879 995 3055 1047 lilium
3087 1000 3138 1052 ιι.
3187 1002 3415 1044 suavem

1830 1100 2052 1171 pietatis
2087 1098 2314 1152 odorem
2345 1093 2560 1156 elllans,
2588 1091 2645 1143 in
2676 1087 2855 1142 medio
2896 1082 3225 1139 idololatria!
3255 1094 3416 1134 caeno

1830 1192 2090 1249 eiﬂoruit.
2133 1187 2297 1242 Velut
2326 1185 2653 1253 cupressus,
2685 1180 2739 1233 in
2772 1192 2968 1246 eampo
3001 1174 3158 1227 rubis
3189 1185 3253 1224 ac
3290 1184 3419 1223 seu-

1830 1285 1979 1339 tibus
2011 1280 2259 1341 horrido,
2292 1284 2352 1331 ut
2382 1275 2526 1328 oliva
2564 1269 2852 1325 fructifera
2884 1269 2936 1320 in
2966 1266 3211 1323 deserto,
3249 1272 3418 1329 utque

1830 1376 2014 1446 palma
2066 1371 2255 1427 dulces
2310 1367 2548 1422 reddens
2608 1364 2823 1417 fruetus
2852 1360 2984 1415 olim
3034 1369 3297 1417 amaros;
3358 1358 3419 1403 ut

1830 1469 1960 1523 luna
1994 1466 2175 1537 plena,
2228 1461 2552 1517 tristissima
2596 1466 2796 1521 nocte;
2834 1461 2895 1506 ut
2944 1450 3148 1513 facula,
3177 1447 3415 1500 obscura

1829 1536 2091 1630 caligine,
2151 1557 2222 1611 iis
2268 1553 2575 1624 praeferens
2624 1550 2807 1603 lucem
2846 1545 2940 1613 qui
2998 1545 3052 1596 in
3108 1536 3417 1608 impietatis

1827 1655 2024 1726 pelago
2048 1658 2322 1714 errarent;
2356 1655 2417 1700 ut
2443 1644 2606 1699 stella
2641 1631 2934 1699 matutina,
2969 1636 3023 1690 in
3061 1633 3242 1688 medio
3267 1638 3417 1681 atra-

3031 1726 3191 1781 atiam
3267 1719 3415 1775 unde

154 1851 221 1896 sit
241 1852 418 1908 ortus,
470 1855 537 1895 ac
569 1841 791 1910 generis
818 1840 1167 1897 nobilitatem
1208 1842 1446 1911 quaeris;
1478 1855 1569 1896 res
1593 1841 1726 1910 ipsa:
1801 1838 1953 1893 velut
2020 1835 2190 1890 missa
2222 1845 2357 1886 voce
2400 1830 2664 1889 clamant,
2726 1822 2819 1875 Dei
2859 1819 3059 1873 Filium
3105 1817 3254 1869 hunc
3291 1827 3415 1867 esse

157 1949 213 1987 ac
237 1948 485 2001 supernae
538 1934 690 1988 illius
747 1932 1058 1989 Jerusalem
1086 1971 1103 1998 ,
1153 1949 1276 2003 quae
1324 1933 1499 1987 libera
1545 1939 1677 1985 est:
1723 1948 1741 1980 ι
1782 1929 2070 1996 Quotquot
2120 1924 2266 1978 enim
2307 1923 2640 1989 receperunt
2681 1929 2845 1974 eum,
2919 1908 3100 1977 inquit
3163 1904 3414 1970 discipu-

159 2026 230 2079 lus
256 2025 345 2081 ille
375 2026 565 2095 virgo,
606 2023 757 2080 dedit
784 2024 868 2081 eis
914 2031 1240 2095 potestatem
1266 2024 1409 2079 ﬁlios
1438 2023 1531 2078 Dei
1567 2023 1706 2085 ﬁeri,
1750 2021 1861 2087 his,
1902 2019 1998 2089 qui
2063 2019 2301 2072 credunt
2357 2013 2416 2066 in
2472 2006 2703 2065 nomine
2755 2003 2845 2073 eju

2852 2017 2878 2056 s
2912 2008 2959 2065 ο,
3011 2018 3029 2050 ι
3091 1992 3408 2065 cujusmodi

165 2119 252 2174 fuit
278 2118 541 2190 Georgius
564 2159 580 2181 ,
636 2120 732 2191 qui
791 2121 1013 2191 generis
1044 2119 1132 2175 sui
1178 2118 1526 2174 nobilitatem
1559 2116 1721 2171 factis
1757 2112 2163 2183 comprobavit.

232 2215 373 2269 Ἐπεὶ
410 2184 467 2269 δὲ
516 2184 702 2279 ποθείς
732 2184 826 2270 καί.
876 2215 977 2288 τὴν
1012 2216 1266 2284 ἐπίγειον
1316 2214 1481 2268 αὐτοῦ
1534 2213 1725 2285 μαθεῖν

1900 2208 2171 2276 Quoniam
2232 2218 2367 2260 vero
2426 2210 2481 2256 et
2539 2210 2817 2253 terrenam
2881 2192 3002 2261 ejus
3060 2184 3408 2241 nobilitatem

175 2307 457 2377 εὐγένειαν·
505 2310 709 2379 πατρὶς
772 2308 950 2381 αύτῷ,
1005 2312 1038 2379 ἡ
1109 2308 1496 2362 Καππαδοκῶν
1540 2307 1724 2379 χώρα·

181 2404 364 2473 τροφὸς,
393 2405 424 2475 ἡ
457 2402 858 2475 Παλαιστηνῶν
877 2420 891 2435 ·
934 2402 1264 2473 Χριστιανὸς
1308 2402 1373 2454 ἐκ
1404 2401 1685 2469 προγόνων
1710 2412 1726 2427 ⁸

185 2494 355 2559 νεάζων
379 2498 443 2569 τῇ
492 2494 714 2567 ἡλικίᾳ·
773 2494 966 2558 πολιὸς
1009 2493 1111 2565 τὴν
1153 2493 1383 2564 σοφίαν·
1422 2494 1585 2555 εὐθὺς
1630 2491 1728 2563 τὴν

189 2586 377 2655 καρδίαν
394 2602 406 2615 ·
427 2586 548 2639 κατ’
570 2585 863 2656 ἀμφότερα
885 2584 1134 2657 σφριγῶν
1153 2584 1296 2636 κατὰ
1322 2584 1420 2653 τῆς
1445 2582 1724 2647 ἀσεϐείας,

186 2676 210 2726 ὁ
254 2675 444 2745 μάρτυς
498 2675 600 2745 τῆς
660 2673 977 2737 εὐσεϐείας·
1028 2673 1211 2737 καλῶς
1267 2675 1380 2736 τοῖς
1429 2672 1729 2733 ὁπλιτικοῖς

189 2766 328 2832 ἀγῶσι
354 2769 415 2818 ἐκ
447 2765 640 2828 παιδὸς
683 2764 1074 2835 ἐνδιαπρέψας,
1111 2765 1207 2816 καὶ
1241 2761 1488 2833 ἀκριϐῶς
1517 2763 1618 2831 τὴν
1663 2763 1722 2814 ἐν

189 2857 411 2929 πολέμοις
434 2857 812 2929 ἐξησκημένος
842 2857 1120 2928 ἀνδρείαν,
1148 2855 1225 2919 ὡς
1254 2856 1348 2908 καὶ
1375 2854 1727 2924 τριϐουνάτον

186 2951 579 3034 ἐμωστευθῆναι
609 2948 1004 3022 στρατιωτικοῦ
1033 2948 1343 3015 καταλόγου
1363 2988 1377 3010 ,
1410 2946 1639 3010 δεόντως
1666 2963 1725 2999 τε
1775 3003 1778 3007 ,

183 3042 317 3096 τοῦτο
352 3044 646 3114 διοικῆσαι,
677 3043 773 3096 καὶ
801 3044 860 3096 ἐν
895 3040 1112 3103 πολλοῖς
1155 3039 1420 3101 πολλάκις
1458 3037 1728 3108 ἀνδραγα-

166 3137 338 3205 οῆσαι,
366 3137 555 3207 ἀμέλει
589 3134 786 3205 πολλὴν
825 3134 1087 3201 ἀθροίσας
1117 3134 1172 3185 ἐν
1205 3129 1383 3198 ἐαυτῷ
1425 3129 1525 3199 τὴν
1568 3128 1729 3182 πολε-

170 3227 326 3299 μικὴν
368 3226 684 3299 ἐμπειρίαν,
726 3227 824 3279 καὶ
877 3222 1124 3295 μείζονος
1172 3221 1501 3292 ὀρεγόμενος
1546 3218 1724 3284 ἀξίας,

168 3319 398 3389 μείζονος
427 3320 521 3373 καὶ
565 3317 847 3388 τυγχάνει.
892 3313 1090 3369 Λαϐὼν
1119 3313 1230 3383 γὰρ
1258 3312 1328 3364 τὰ
1364 3313 1427 3363 ἐκ
1475 3310 1729 3380 πατέρων

163 3409 307 3479 αὐτῷ
346 3410 618 3482 προσόντα
664 3408 948 3478 χρήματα,
986 3403 1262 3474 ἀνέδραμε
1320 3400 1456 3482 πρὸς
1483 3399 1575 3452 τὸν
1605 3398 1727 3451 κατ’

161 3504 330 3556 ἐκεῖνο
355 3502 545 3575 καιροῦ
599 3500 969 3571 βασιλεύοντα,
1002 3497 1100 3551 καὶ
1146 3495 1349 3564 πάσχει
1390 3466 1466 3555 cl,
1502 3491 1579 3561 τῷ
1624 3493 1728 3556 Kl;

162 3592 264 3662 υἱῷ
290 3593 689 3664 παραπλήσιον.
728 3590 787 3643 Ὀ
822 3590 920 3660 μὲν
949 3587 1061 3660 γὰρ
1090 3585 1247 3648 ὅνους
1290 3582 1595 3654 ἀναζητῶν,
1623 3583 1720 3657 βα-

162 3685 356 3740 σιλείαν
380 3687 621 3756 ἐπίγειον
647 3684 883 3755 εὕρατο·
913 3683 943 3735 6
983 3681 1042 3735 δὲ
1093 3677 1371 3748 κοσμικὴν
1416 3677 1574 3741 ἀξίαν
1602 3678 1725 3729 ἐπι-

161 3774 351 3845 ζητῶν,
379 3777 625 3848 οὐρανῶν
649 3774 928 3846 βασιλείας
950 3771 1206 3842 ἐπέτυχε,
1228 3771 1415 3842 μεῖζον
1438 3768 1531 3822 τοῦ
1561 3767 1722 3839 ἔργου

160 3868 224 3921 τὸ
249 3870 514 3942 πάρεργον
536 3867 1049 3940 ἐμπορευσάμενος.

158 3961 413 4015 calorum
440 3960 674 4016 sortitus
702 3965 787 4013 est
817 3976 831 4013 ε
859 3955 1151 4026 majusque
1185 3952 1311 4020 fuit,
1352 3953 1496 4023 quod
1534 3954 1876 4010 accessionis
1914 3953 2035 4007 loco
2080 3948 2517 4015 inexspectatum
2570 3949 2737 4004 accep

156 4062 316 4124 caput
339 4053 565 4109 haberet
608 4051 982 4123 propositum.

226 4145 672 4216 Παραγενόμενος
713 4145 844 4214 γὰρ,
875 4143 971 4197 καὶ
1032 4142 1156 4197 ἰδὼν
1185 4142 1320 4197 Θεὸν
1364 4143 1465 4212 μὲν
1502 4140 1723 4213 ὑϐριζό-

159 4253 333 4305 μενον,
357 4238 621 4307 δαίμονας
655 4236 714 4290 δὲ
759 4235 1256 4306 θεραπευομένους,
1286 4235 1387 4288 οὐκ
1423 4234 1655 4304 ἤνεγκεν
1697 4235 1727 4286 ὁ

155 4327 395 4402 ζηλωτὴς
430 4333 533 4401 τῆς
569 4328 882 4392 εὐσεϐείας·
943 4328 1060 4382 ἀλλ’
1110 4329 1371 4399 ἐννοήσας
1418 4326 1509 4380 τὸν
1565 4326 1729 4379 Δαϐὶδ

154 4421 400 4489 λέγοντα·
440 4442 458 4474 ι
497 4417 654 4476 Εἶδον
697 4420 1098 4484 ἅσυνετοῦντας
1150 4420 1246 4474 καὶ
1300 4418 1669 4489 ἐξετηκόμην·
1702 4439 1720 4470 ι

154 4515 267 4617 καὶ,
295 4534 315 4567 ι
361 4513 616 4586 Ἐξέτηξέ
659 4531 725 4585 με
752 4516 780 4568 6
802 4512 963 4584 ζῆλός
1006 4530 1122 4578 σου,
1150 4513 1232 4566 ὅτι
1265 4511 1591 4566 ἐπελάθοντο
1620 4511 1729 4564 τῶν

154 4604 320 4675 λόγων
372 4626 465 4662 σου
500 4609 549 4661 οἱ
579 4608 762 4678 ἐχθροί
798 4623 899 4679 μου
925 4623 937 4635 ·
984 4625 1003 4658 ι
1057 4608 1152 4659 καὶ
1211 4605 1594 4676 μνημονεύσας
1634 4603 1727 4658 τοῦ

154 4697 355 4769 Κυρίου
390 4700 700 4771 φάσκοντος
720 4714 735 4729 ·
776 4718 793 4749 ι
826 4699 943 4761 Πᾶς
971 4697 1121 4759 ὅστις
1156 4697 1487 4767 ὁμολογήσει
1516 4698 1575 4749 ἐν
1607 4697 1729 4767 ἐμοὶ

150 4788 459 4862 ἔμπροσθεν
483 4792 593 4847 τῶν
617 4789 944 4861 ἀνθρώπων,
972 4789 1297 4860 ὁμολογήσω
1324 4787 1478 4857 κάγὼ
1506 4792 1564 4842 ἐν
1581 4789 1729 4859 αὐτῷ

149 4882 460 4957 ἔμπροσθεν
488 4884 589 4969 ,τοῦ
638 4883 851 4954 Πατρός
893 4900 995 4953 μου
1028 4881 1123 4935 τοῦ
1158 4883 1216 4934 ἐν
1249 4884 1363 4944 τοῖς
1403 4882 1676 4951 οὐρανοῖς·
1706 4900 1723 4931 ι

120 5067 347 5160 ςέαντοῦ
376 5070 663 5139 λογισμὸν,
690 5067 951 5121 ἔσπευδεν
981 5067 1229 5137 ἁρπάσαι
1254 5066 1352 5134 τὴν
1371 5065 1727 5134 ἐπαγγελίαν·

120 5156 234 5251 ἐκαὶ
268 5162 727 5233 ἀνθομολογητὴν
757 5159 951 5213 ἑαυτοῦ
980 5162 1072 5211 τὸν
1104 5158 1257 5226 Θεὸν,
1287 5156 1373 5211 διὰ
1408 5158 1507 5227 τῆς
1534 5159 1614 5222 εἰς
1641 5157 1731 5211 αύ-

123 5250 230 5327 ξεδν
252 5257 559 5327 ὁμολογίας
586 5252 921 5326 κτήσασθαι.

119 5307 147 5404 l

208 5438 414 5499 Ὅπως
444 5436 502 5489 δὲ
538 5433 789 5505 μέλλοντι
814 5432 914 5503 τὴν
946 5431 1139 5501 στενὴν
1168 5431 1394 5484 εἰσιέναι
1426 5431 1623 5504 πύλην,
1657 5431 1731 5504 μὴ

136 5528 407 5598 etim-.11:
437 5527 588 5597 αὐτῷ
609 5525 840 5597 κώλυμα
861 5524 967 5577 τῶν
997 5525 1296 5596 χρημάτων
1321 5525 1347 5575 6
1367 5524 1527 5593 ὄγκος
1550 5566 1563 5589 ,
1594 5523 1728 5577 ἀλλὰ

127 5614 251 5691 γὰρ
302 5621 405 5673 καὶ
457 5618 810 5689 ἰσχυρότερον
848 5615 1029 5687 ἐαυτῷ
1079 5616 1465 5687 κατασκευάζῃ
1499 5616 1559 5668 τὸ
1595 5633 1736 5687 μαρ-

1327 5746 1344 5763 υ
1382 5732 1538 5789 Juau.
1575 5751 1611 5801 ι,
1646 5734 1726 5788 12.
1805 5743 1833 5785 P
1869 5733 1884 5788 Ι
1914 5737 2044 5808 Reg.
2075 5755 2151 5804 lx,
2193 5736 2283 5791 ‘20.

108 5796 128 5826 '
190 5735 438 5826 ‘ZAA‘ll‘dit
469 5735 686 5826 Lipom.
729 5751 791 5789 ex
839 5734 1002 5804 fetida
1036 5733 1216 5788 herba.

185 5806 404 5861 Matth.
439 5823 491 5872 χ,
529 5804 617 5859 52.

1832 2304 1977 2360 scire
2011 2301 2216 2370 cupis:
2269 2295 2506 2368 patriam
2563 2288 2759 2344 habuit
2788 2281 3174 2354 Cappadocum
3227 2277 3411 2345 regio-

1832 2409 1992 2458 nem;
2031 2391 2283 2445 altricem
2324 2400 2477 2447 vero,
2509 2380 2894 2441 Palaestinam;
2930 2390 2960 2428 a
3002 2373 3222 2442 proavis
3251 2368 3413 2422 Chri-

1828 2488 2080 2550 stianus;
2141 2479 2380 2552 juvenili
2430 2482 2616 2540 relate,
2657 2468 2937 2539 sapientia
2988 2479 3186 2525 canus,
3243 2459 3413 2515 corde

1829 2589 2041 2641 rectus,
2090 2584 2327 2643 utroque
2376 2570 2642 2624 adversus
2689 2562 3027 2631 impietatem
3062 2566 3291 2623 turgens
3322 2566 3414 2603 ve.-

1830 2683 2120 2745 gelusque,
2155 2665 2382 2738 pietatis
2433 2668 2683 2729 martyr;
2735 2655 2812 2708 ita
2861 2662 3142 2706 armorum
3178 2660 3208 2698 a
3243 2656 3415 2713 puero

1830 2733 2236 2821 certaminibus
2285 2756 2493 2816 clarus,
2548 2758 2815 2815 tantaque
2842 2740 3127 2811 diligentia
3157 2744 3213 2792 et
3252 2733 3414 2788 abso-

1830 2858 2040 2912 lulione
2074 2852 2317 2907 exercita
2351 2846 2554 2903 bellica
2587 2837 2939 2898 fortitudine,
2983 2839 3043 2884 ut
3069 2838 3123 2884 et
3157 2824 3415 2881 militaris

1828 2948 2041 3004 ordinis
2092 2944 2411 2999 tribunatus
2461 2935 2584 3002 ejus
2654 2929 2774 2985 ﬁdei
2824 2923 3161 2981 commissus
3225 2913 3414 2970 fuerit.

1827 3043 2079 3109 Cumque
2113 3035 2280 3104 digne
2334 3022 2777 3085 :ulministrando
2822 3018 2877 3073 id
2933 3012 3209 3075 muneris,
3246 3016 3416 3078 atque
3454 3070 3475 3087 ι

1830 3131 1885 3184 in
1918 3129 2107 3181 nmlt's
2163 3137 2308 3191 saepe
2371 3126 2599 3173 strenue
2636 3109 2871 3180 agendo,
2907 3106 3139 3160 multam
3190 3101 3412 3155 demum

1830 3220 1912 3274 rei
1964 3216 2176 3271 bellicae
2229 3209 2488 3280 peritiam
2544 3205 2953 3270 comparasset,
3027 3192 3414 3262 majoremquc

1831 3310 2063 3381 gradum
2128 3306 2435 3372 appeteret,
2488 3295 2751 3363 majorem
2812 3289 3070 3342 nimirum
3119 3290 3415 3337 assecutus

1830 3379 1940 3457 est.
1973 3398 2214 3464 Quippe,
2272 3390 2520 3458 acceptis
2577 3384 2801 3456 opibus,
2860 3379 2905 3433 si
2949 3390 3071 3446 quae
3120 3380 3409 3441 parentum

1832 3488 2193 3547 successione
2235 3479 2600 3541 obvenerant,
2661 3469 2906 3528 accurrit
2957 3465 3022 3520 ad
3071 3478 3199 3518 eum
3230 3459 3324 3528 qui
3354 3457 3411 3510 id

1833 3580 2178 3652 temporibus
2231 3577 2625 3643 imperatorem
2700 3563 2932 3633 agebat;
2984 3557 3168 3625 eique,
3229 3548 3412 3605 simile

1831 3639 2118 3748 quidpiam
2149 3639 2377 3725 accidit,
2413 3669 2581 3729 atque
2615 3655 2745 3709 olim
2782 3651 2895 3705 lilio
2920 3646 3014 3702 Cis
3042 3655 3090 3698 Ρ.
3125 3640 3223 3695 llle
3262 3639 3411 3692 enim

1832 3786 1956 3827 cum
1991 3766 2176 3821 asinas
2207 3757 2542 3828 inquireret,
2591 3757 2855 3805 terrestre
2888 3754 3115 3811 regnum
3154 3731 3366 3790 invenit
3396 3749 3409 3785 :

1830 3865 1946 3925 hic,
1979 3854 2242 3913 mundani
2280 3848 2524 3906 ‘honoris
2552 3843 2785 3914 gradum
2824 3834 3149 3904 exquirens,
3180 3840 3409 3898 regnum

2742 3932 2814 3998 it,
2881 3941 3045 3999 quam
3117 3920 3264 3993 quod
3335 3915 3413 3972 ι·ιί

1900 4140 2038 4197 Cum
2094 4135 2239 4191 enim
2301 4130 2434 4185 illuc
2490 4124 2758 4185 venisset,
2801 4131 2864 4171 ac
2907 4112 3077 4168 Deum
3111 4105 3412 4164 contemni,

1832 4236 2110 4290 daemones
2141 4242 2272 4282 vero
2312 4222 2423 4277 coli
2487 4218 2739 4280 vidisset,
2792 4227 2904 4267 non
2946 4207 3071 4261 tulit
3102 4217 3225 4260 eam
3273 4215 3411 4258 rem,

1834 4329 1918 4382 vir
1960 4323 2188 4397 pietatis
2220 4320 2338 4374 zelo
2366 4311 2833 4385 ﬂagrantissimus
2862 4324 2876 4358 :
2907 4302 3006 4358 sed
3042 4316 3167 4354 cum
3204 4293 3413 4364 cogita-

1836 4428 1921 4475 ret
1962 4389 2112 4472 ἰιιυιι
2172 4409 2399 4467 Davidis
2443 4407 2693 4460 dictum:
2739 4417 2758 4450 ι
2816 4394 2940 4449 Vidi
2986 4393 3324 4448 inseusatos,
3359 4389 3413 4434 et

1837 4511 2182 4568 tabescebam
2219 4516 2270 4557 ει.
2334 4521 2352 4553 ι
2403 4499 2496 4554 Et:
2549 4515 2567 4547 ι
2600 4494 2914 4548 Tabeseere
2960 4498 3045 4537 me
3081 4479 3210 4534 fecit
3262 4474 3412 4529 zelus

1834 4616 1984 4669 tuus,
2015 4601 2146 4671 quia
2185 4596 2342 4652 obliti
2384 4596 2517 4647 sunt
2569 4585 2737 4639 verba
2777 4589 2871 4634 tua
2909 4571 3121 4630 inimici
3167 4567 3273 4622 mei
3302 4575 3346 4619 ι’.
3389 4584 3406 4614 ι

1822 4658 2182 4767 ςῐίοοονάαιιιε
2212 4690 2379 4746 etiam
2419 4685 2564 4754 ejus,
2599 4678 2745 4750 quod
2776 4671 3045 4729 Dominus
3081 4665 3198 4719 ait:
3231 4680 3249 4711 ι
3282 4658 3413 4713 Om-

1835 4791 1923 4844 nis
1952 4788 2044 4858 qui
2083 4781 2444 4840 conﬁtebitur
2473 4789 2561 4829 me
2591 4783 2781 4826 coram
2804 4760 3147 4819 hominibus,
3180 4752 3413 4808 conlite-

1836 4883 1936 4937 bor
1963 4889 2017 4934 et
2075 4892 2177 4947 ego
2205 4889 2328 4928 eum
2373 4882 2561 4924 coram
2620 4866 2785 4917 Patre
2837 4871 2984 4920 meo,
3016 4851 3111 4922 qui
3148 4850 3230 4902 in.
3258 4842 3414 4899 caelis

116 4938 426 5048 ᾗτυρίυθεὶς
486 4962 566 5048 τῷ
610 4938 942 5047 θείῳξίγλιρ,
993 4972 1089 5027 καὶ
1139 4971 1311 5043 θήξας
1430 4938 1587 5043 βέλος
1637 4938 1725 5026 τὸν

1837 4984 1918 5031 est
1943 4980 1988 5027 ⁸.
2026 4990 2044 5024 ι
2086 4968 2284 5023 Divino
2313 4964 2433 5019 zelo
2472 4957 3168 5017 inllammatus,suamque
3200 4938 3413 5008 cogita~

1835 5067 2066 5127 tionem,
2097 5060 2249 5116 velut
2300 5057 2472 5111 telum
2519 5049 2818 5122 quoddam,
2864 5051 3167 5098 exacuens,
3196 5028 3419 5085 festina-

1835 5158 1913 5212 vit
1943 5155 2130 5210 divina
2194 5149 2470 5222 promissa
2503 5143 2848 5215 praeripere;
2900 5148 2964 5189 ac
3005 5129 3173 5183 Deum
3208 5123 3414 5190 ipsum

1838 5263 1937 5318 per
1969 5262 2127 5302 suam
2167 5245 2221 5299 in
2260 5258 2383 5300 eum
2412 5237 2850 5296 confessionem,
2880 5220 3130 5282 vicissim
3160 5213 3247 5270 sui
3279 5224 3417 5265 con-

1837 5339 2105 5397 fessorem
2142 5341 2450 5412 acquirere.

1912 5391 2103 5397 .----_--

1912 5432 1981 5486 At
2007 5448 2073 5486 ne
2098 5431 2175 5485 illi
2211 5447 2307 5501 per
2338 5435 2629 5499 angustam
2658 5426 2871 5493 portam
2910 5405 3139 5465 introire
3169 5391 3413 5454 molienli

1839 5532 2189 5599 terrenarum
2271 5522 2599 5576 facultatum
2661 5491 2940 5569 icumulus
3019 5491 3416 5567 impedimento

1845 5596 2009 5684 feret,
2045 5632 2215 5688 seque
2246 5615 2383 5672 adeo
2413 5614 2480 5668 ad
2508 5607 2833 5681 martyrium
2866 5595 3063 5671 majori
3089 5581 3413 5647 [οτιὶῑιιάίῑιυ

2387 5743 2415 5785 τι
2439 5731 2583 5791 Psal.
2618 5746 2806 5795 cxvm,
2840 5726 2959 5780 l’JS.
