3824 6212
167 366 291 432 1181

1471 375 1550 434 lN
1601 378 1656 435 S.
1708 374 2136 438 GEORGlUIlI.

3297 377 3434 448 11³2

165 479 230 531 τὰ
262 478 430 541 ὅπλα,
461 479 526 532 οὐ
579 481 841 554 σαρκικὰ,
881 481 1020 536 ἀλλὰ
1053 483 1260 538 δυνατά
1307 485 1386 556 τῷ
1418 483 1558 555 Θεῷ,
1615 485 1736 555 πρὸς

1863 503 1881 534 ι
1927 486 2090 538 Arma
2138 493 2346 552 nostra,
2386 504 2492 542 non
2554 491 2799 546 carnalia
2851 499 3002 558 sunt,
3046 492 3140 547 sed
3184 505 3430 561 potentia

166 569 490 642 καθαίρεσιν
549 575 940 646 ὀχυρωμάτων.
1000 596 1018 628 i
1078 578 1291 632 Αὐτίκα
1337 575 1470 642 οὖν,
1535 576 1744 632 ἀνωθεν

169 661 457 731 σύμμαχον
480 663 680 717 ἑαυτοῦ
709 665 800 718 τὸν
845 665 1198 737 ἀγωνοθέτην
1227 667 1704 737 ἐπικαλεσάμενος
1727 681 1740 694 °

167 753 338 822 θυμόν
369 771 429 807 τε
462 756 694 825 κινήσας
721 758 814 809 τὸν
835 758 976 810 κατά
1008 757 1194 827 φύσιν,
1227 759 1322 812 καὶ
1354 758 1518 828 ζῆλον
1545 756 1745 811 ἀναλα-

167 844 277 896 ϐὼν
308 844 405 898 τοῦ
445 846 630 900 Ἠλίου
663 846 756 900 τοῦ
785 851 1071 921 προφήτου
1096 867 1111 882 ·
1147 851 1243 903 καὶ
1282 850 1420 921 ὀργῇ
1463 850 1742 920 κεχρημέ-

165 952 254 996 vo;
296 934 510 1008 δικαίᾳ,
541 956 558 987 ι
582 937 682 990 Διά
721 937 832 991 τῶν
864 940 1049 993 ὃπλων
1093 941 1194 1007 τῆς
1235 941 1592 1010 δικαιοσύνης
1635 941 1744 994 τῶν

165 1027 355 1094 δεξιῶν
382 1030 478 1081 καὶ
513 1030 842 1100 ἀριστερῶν,
875 1051 895 1082 ι
939 1030 1136 1102 ἐχώρει
1179 1033 1320 1088 κατὰ
1363 1037 1464 1103 τῆς
1494 1033 1740 1098 ἀδικίαςο

165 1121 258 1170 καὶ
299 1119 476 1190 εὑρὼν
505 1121 674 1176 αὐτοῦ
710 1141 816 1178 που
841 1127 968 1190 τοὺς
1003 1126 1229 1197 ὀνόματι
1261 1127 1546 1200 [βασιλεῖς.
1574 1129 1741 1193 ὄντως

163 1211 220 1264 δὲ
245 1210 319 1283 ³³]
347 1211 806 1285 βασιλευομένους
851 1218 959 1271 ὑπὸ
995 1219 1098 1290 τῆς
1139 1220 1417 1285 ἀσεϐείας,
1448 1220 1636 1284 κακῶς
1665 1221 1742 1291 τῷ

165 1300 356 1378 κράτει
387 1301 526 1356 κατά
557 1304 656 1357 τοῦ
689 1305 751 1359 τὸ
792 1309 998 1376 κράτος
1045 1311 1416 1379 χαρισαμένου
1465 1311 1744 1382 κεχρημέ-

162 1407 310 1456 νους,
341 1392 436 1447 καὶ
473 1394 702 1466 ἄπειρον
748 1393 892 1462 εἶδός
923 1415 985 1451 τε
1037 1400 1132 1452 καὶ⁵
1173 1399 1379 1470 πλῆθος
1415 1401 1762 1472 βασανιστηο’
1791 1399 1798 1406 ’

167 1480 318 1550 ρίων,
345 1482 408 1535 ού
444 1485 587 1538 κατά
623 1487 733 1539 τῶν
762 1487 1116 1554 ἀδικούντων,
1148 1489 1290 1546 ἀλλὰ
1334 1491 1476 1546 κατά
1511 1489 1619 1544 τῶν
1653 1493 1742 1546 εύ-

163 1571 465 1628 σεὸούντων
505 1575 747 1647 δημοσία
778 1578 1190 1650 προθεμένους·
1227 1582 1499 1636 παντοίων
1536 1599 1597 1636 τε
1638 1599 1742 1650 φυ-

161 1663 291 1726 λῶν,
334 1666 540 1731 ἐθνῶν,
593 1669 691 1722 καὶ
739 1669 1008 1738 γλωσσῶν
1051 1671 1500 1744 ἐξωπλισμένων,
1551 1673 1740 1745 κύκλῳ

163 1759 360 1822 αὐτοὺς
421 1763 910 1831 περιεστηκότων,
955 1764 1415 1836 δημηγοροῦντας
1478 1765 1738 1836 ἀθέμιτα,

162 1850 256 1902 καὶ
313 1851 720 1916 ἀπειλοῦντας·
779 1857 830 1909 εί
878 1833 1143 1927 ὀνομάσοι
1184 1833 1288 1922 τις
1337 1859 1429 1912 τὸν
1481 1833 1738 1930 Χριστὸν,
1773 1833 1816 1888 Β

160 1941 366 2002 τούτοις
401 1940 566 1994 αὐτὸν
593 1942 840 2014 ἀνηλεῶς
859 1944 1316 2017 ὲκδαπανὼμενον
1337 1947 1706 2018 ἀποθνήσκειν
1721 1965 1735 1978 ’

161 2029 322 2095 ζέσας
349 2028 444 2087 οὖν
477 2033 556 2105 τῷ
591 2033 722 2106 θείῳ
763 2035 1069 2107 Πνεύματι,
1111 2057 1130 2092 ι
1165 2039 1441 2111 ὲτρόμησε
1479 2040 1609 2104 τοὺς
1649 2057 1739 2094 νε-

158 2124 328 2194 φροὺς
361 2143 384 2176 ι
447 2126 590 2180 κατὰ
631 2125 724 2181 τὸν
762 2129 1127 2185 Μακκαϐαἰον
1176 2132 1409 2200 ἐκεῖνον,
1445 2151 1466 2185 ι
1509 2134 1605 2188 καί
1645 2135 1739 2188 ἀν-

157 2215 355 2284 ήνεγκε
389 2215 560 2287 θυμὸν
582 2219 724 2273 κατά
755 2219 819 2273 τὸ
863 2223 1074 2292 κρῖμα’
1115 2241 1137 2274 ι
1177 2226 1273 2278 καὶ
1311 2222 1400 2278 οἷα
1434 2226 1571 2279 λέων
1602 2226 1736 2298 βρύ-

158 2305 250 2371 Ξας
281 2308 506 2380 ίσχυρδν
543 2311 640 2364 καὶ
672 2309 937 2384 βλοσυρὸν
967 2312 1138 2384 δρῶν,
1171 2316 1417 2388 ἐκκόψας
1443 2320 1544 2388 τὴν
1575 2320 1735 2372 ἀπει-

155 2401 269 2470 λὴν,
294 2403 379 2463 είς
410 2401 575 2470 μέσον
605 2403 788 2456 αὐτῶν
813 2406 1172 2476 είσεπήδησε,
1197 2409 1525 2480 Χριστιανὸν
1544 2412 1734 2465 ἑαυτὸν

154 2493 495 2562 διαπρυσίως
527 2495 902 2564 ἀναγορεύων,
950 2500 1048 2552 καὶ
1093 2500 1348 2573 φανερῶς
1376 2501 1476 2574 τὴν
1511 2500 1612 2573 τῆς
1647 2507 1735 2556 εὺ-

161 2585 373 2647 σεϐείας
431 2585 748 2654 ἐμφανίζων
795 2589 1097 2658 εὐγένειαν.
1161 2581 1228 2645 Ὦ
1267 2594 1448 2666 ψυχῆς
1515 2595 1730 2667 ἀληθῶς

158 2675 440 2746 θεοφόρου,
486 2679 846 2751 νενικημένης
893 2681 973 2754 τῷ
1026 2683 1159 2753 θείῳ
1206 2684 1395 2755 ἔρωτι,
1451 2688 1547 2740 καὶ
1601 2687 1732 2759 ὅλης

161 2785 180 2818 ι
216 2769 581 2840 ἐξεστηκυίας
611 2771 760 2844 Θεῴί
805 2793 824 2826 ι
878 2775 942 2828 Ὢ
1003 2777 1283 2846 μακαρίας
1339 2778 1544 2849 φωνῆς,
1596 2779 1662 2848 ἣν
1705 2784 1732 2834 ὁ

153 2862 480 2931 φερώνυμος
517 2863 614 2917 τοῦ
646 2865 890 2935 Χριστοῦ
921 2867 1218 2940 Γεώργιος,
1251 2868 1437 2924 θεόθεν
1462 2872 1530 2924 τά
1561 2871 1730 2942 σπέρο

157 2969 300 3021 ματα
360 2953 574 3021 λαϐὼν,
623 2957 718 3010 καὶ
749 2959 808 3010 ὲν
847 2959 1032 3032 πολλῷ
1085 2960 1164 3032 τῷ
1219 2961 1398 3034 χρόνῳ
1447 2962 1627 3028 καλῶς
1672 2965 1730 3016 ὲν

149 3045 351 3115 καρδῖᾳ
399 3047 754 3119 γεωργήσας,
801 3049 1018 3105 τελείαν
1051 3047 1349 3125 εὐκαίρωί
1371 3054 1448 3126 τῷ
1480 3057 1728 3130 Δεσπότῃ

1850 576 1980 643 Deo,
2003 579 2064 630 ad
2095 581 2520 634 destructionem
2545 583 2917 638 munitionum
2937 597 3023 639 ει.»
3059 583 3254 639 Statim
3277 600 3430 650 emo,

1851 683 1972 723 cum
2028 685 2058 723 e
2101 671 2248 726 ,rmlo
2303 671 2607 740 adjutorem
2658 675 2759 728 sibi
2809 690 2934 730 eum
2988 683 3292 738 avocasset,
3335 676 3429 743 qui

1849 761 1965 830 ipse
1990 761 2322 828 agonotheta
2365 777 2426 815 ac
2445 764 2804 817 certaminum
2828 779 3032 834 prmses
3057 774 3236 828 esset,
3264 766 3400 819 iram

1849 865 1956 920 que
1982 867 2011 904 a
2043 860 2240 904 natura
2282 850 2511 904 inditam
2554 863 2907 922 provocasset
2936 871 2950 907 :
2998 861 3287 920 assumpto
3317 858 3432 909 zelo

1849 939 1978 994 Eliae
2003 939 2303 1010 propheta},
2353 940 2617 1011 justeque
2663 945 3082 998 excandescens
3117 963 3130 998 :
3163 961 3180 993 ι
3212 941 3316 998 Per
3341 958 3430 995 ar-

1845 1029 2183 1098 majustitia:
2223 1044 2250 1082 a
2285 1028 2498 1085 dextris
2527 1041 2578 1086 et
2603 1031 2848 1086 sinistris
2864 1032 2946 1098 ιδῃ
2969 1032 3292 1097 iniustitiam
3331 1036 3431 1086 ad-

1846 1131 2122 1189 ortus;ac
2150 1120 2274 1174 loco
2303 1120 2543 1190 quodam
2570 1161 2585 1185 ,
2623 1121 2986 1192 imperatores
3025 1123 3148 1178 illos
3181 1123 3426 1186 nomine,

1847 1231 1907 1270 re
1960 1224 2141 1269 autem
2185 1229 2312 1268 vera
2353 1213 2654 1284 impietatis
2716 1199 2948 1283 imperio
3007 1215 3432 1282 maneipatosae

1847 1317 2059 1368 servos,
2097 1305 2389 1362 inveniens
2431 1321 2446 1360 :
2477 1307 2682 1378 quippe
2725 1306 2820 1376 qui
2857 1306 3092 1376 imperio
3123 1306 3426 1360 abuteren-

1843 1407 1936 1454 tur
1961 1400 2233 1455 adversus
2273 1415 2400 1454 eum
2435 1401 2530 1470 qui
2568 1399 2980 1466 concessisset;
3021 1414 3124 1454 nec
3163 1413 3273 1453 non
3311 1399 3431 1451 inli-

1845 1490 1960 1544 nlta
2011 1497 2426 1544 tormentorum
2485 1504 2708 1560 genera,
2753 1488 2874 1544 foro
2907 1490 3130 1560 publico
3166 1489 3430 1543 adversus

1845 1596 1942 1638 eos
2006 1583 2334 1654 proposita;
2369 1598 2477 1637 non
2529 1583 2624 1653 qui
2663 1583 2741 1637 rei
2776 1591 2990 1648 essent,
3054 1583 3299 1653 iniquive
3327 1581 3427 1635 ali-

1844 1675 1975 1746 quid
2029 1675 2424 1738 admisissent,
2491 1674 2586 1729 sed
2641 1675 2734 1742 qui
2795 1675 3054 1745 pietatem
3111 1675 3410 1728 colerent:

1844 1767 2024 1822 omnis
2063 1767 2242 1822 aetatis
2275 1777 2330 1821 et
2361 1766 2579 1838 generis
2606 1767 2888 1830 tribubus,
2938 1765 3326 1835 gentibusque,
3369 1773 3423 1818 et

1847 1860 2072 1931 linguis,
2093 1859 2324 1924 circum,
2347 1857 2546 1923 armis,
2577 1857 2749 1928 impia
2773 1857 3176 1911 concionantes
3215 1857 3429 1926 stipan-

1848 1953 2017 2016 tibus,
2051 1965 2116 2006 ac
2152 1951 2273 2005 fore
2312 1951 2746 2012 comminantes,
2792 1957 2853 2004 ut
2881 1949 2930 2004 si
2962 1949 3090 2018 quis
3135 1947 3423 2004 Christum

1847 2045 2220 2109 nominasset,
2267 2043 2338 2099 iis
2369 2043 2492 2099 dire
2545 2043 2871 2113 absumptus
2903 2042 3112 2111 periret
3144 2058 3159 2096 :
3191 2056 3280 2107 eo,
3337 2045 3420 2096 in-

1846 2155 2034 2210 quam,
2053 2137 2393 2210 spectaculo.
2411 2136 2606 2193 divino
2626 2135 2899 2192 eliervens
2925 2133 3160 2207 Spiritu,
3183 2153 3202 2187 ι
3221 2143 3430 2190 contre-

1845 2233 2212 2297 miscentibus
2245 2231 2498 2297 renibus,
2535 2249 2554 2282 ι
2602 2229 3077 2301 quemadmodum
3115 2227 3429 2283 Machabmo

1844 2325 1948 2390 illi,
1986 2343 2006 2375 ι
2036 2323 2374 2394 affectusque
2405 2321 2595 2378 furore
2641 2321 2950 2378 secundum
2981 2319 3258 2392 judicium
3295 2331 3318 2360 ο
3358 2337 3371 2373 :
3404 2341 3422 2372 ι

1843 2432 1908 2471 ac
1969 2415 2147 2470 leonis
2205 2413 2422 2480 instar,
2478 2413 2693 2468 fortiter
2753 2411 3019 2483 rugiens,
3083 2412 3428 2482 terribilique

1843 2514 2110 2574 aspectu;
2147 2505 2398 2568 minans,
2439 2503 2752 2573 infringens
2791 2501 3284 2572 interpellansque,
3309 2518 3426 2558 me-

1841 2595 1964 2650 dius
1987 2609 2180 2650 eerutu
2201 2594 2404 2649 insiliit
2431 2594 2601 2664 (50);
2635 2594 2786 2646 clara
2807 2607 2866 2646 se
2896 2606 3028 2646 voce
3049 2591 3424 2646 Christianum

1841 2688 2192 2754 renuntians,
2217 2688 2554 2758 pietatisque
2581 2686 2980 2757 ingenuitatem
3029 2693 3240 2755 quanta
3282 2693 3427 2738 esset.

1841 2777 2142 2833 manifeste
2164 2777 2490 2832 ostendens.
2517 2773 2562 2830 Ο
2593 2791 2719 2830 vere
2751 2774 2864 2830 Deo
2904 2773 3146 2829 amatum
3178 2776 3423 2827 animum

1839 2883 2004 2938 quem
2036 2868 2143 2923 sibi
2178 2868 2401 2920 divinus
2443 2880 2599 2920 amor
2623 2873 2709 2920 ira
2743 2866 3069 2933 devicisset,
3104 2865 3312 2936 quique
3346 2873 3428 2918 to-

1837 2971 1935 3016 tus
1969 2979 1987 3012 ι
2016 2961 2352 3015 excessisset
2383 2954 2496 3014 Deo
2527 2959 2552 2999 ά
2579 2960 2591 3012 l
2635 2977 2655 3010 ι
2686 2957 2731 3010 ί)
2756 2960 2970 3014 beatam
2999 2973 3214 3021 vocem,
3257 2973 3425 3028 quam

1839 3068 1935 3121 pro
1951 3053 2191 3107 nominis
2213 3052 2298 3106 sui
2326 3051 2538 3106 ratione
2557 3051 2670 3123 (5|)
2691 3050 2866 3106 edidit
2885 3065 2983 3106 ceu
3007 3049 3212 3105 Christi
3232 3064 3424 3104 arvum

147 3139 435 3191 ἀπέδωκεν
458 3142 473 3192 ί
507 3139 610 3191 Ἢν
637 3141 744 3210 ἀὴρ
783 3141 884 3211 μὲν
917 3142 1233 3213 δεξάμενος,
1260 3145 1500 3216 ἡγιάσθη
1521 3162 1535 3176 ·
1561 3148 1728 3215 ἄγγε-

1844 3145 2132 3215 Georgius,
2146 3154 2367 3212 accepta
2388 3143 2456 3199 de
2469 3144 2610 3199 caalo
2629 3151 2895 3213 semente,
2913 3159 2963 3195 m
2976 3143 3198 3211 ultoque
3211 3149 3426 3211 tempo-

146 3229 226 3283 λοι
251 3230 312 3285 δὲ
336 3231 638 3300 οὐρανόθεν
667 3233 1067 3306 ἐπεκράτησαν,
1099 3237 1434 3307 ἀρχάγγελοι
1467 3237 1524 3291 δὲ
1559 3237 1726 3291 ἐπευ-

145 3323 442 3394 φήμησαν·
468 3324 564 3378 καὶ
591 3323 761 3378 πᾶσαι
784 3325 894 3380 τῶν
909 3326 1156 3398 οὐρανῶν
1180 3328 1238 3380 αἱ
1263 3328 1531 3398 Δυνάμεις
1560 3330 1728 3401 ὑπερ-

141 3413 442 3484 ηγάθησαν
465 3413 530 3468 ⁸⁸.
575 3412 634 3468 '0
679 3414 734 3468 δὲ
767 3415 990 3468 πάντων
1033 3415 1170 3479 Θεός
1219 3431 1279 3468 τε
1313 3415 1408 3469 καὶ
1451 3415 1730 3485 Δεσπότης

137 3499 574 3571 ἀποδεξάμενος,
607 3503 839 3575 πρέπειν
875 3507 940 3574 τῇ
974 3503 1260 3576 προθυμίᾳ
1284 3503 1386 3576 τὴν
1413 3504 1730 3575 συμμαχίαν

139 3593 463 3658 ἐδικαίωσε,
501 3595 595 3647 καὶ
619 3593 715 3647 τὸν
747 3595 1066 3666 ἀμάραντον
1095 3595 1244 3666 αὐτῷ
1270 3596 1370 3666 τῆς
1402 3595 1559 3665 νίκης
1584 3595 1731 3664 ἡτοί-

95 3711 110 3722 ο
143 3701 294 3753 μασε
331 3669 619 3753 στέρξανον.
642 3685 715 3739 Τὸ
736 3685 794 3739 δὲ
826 3688 1014 3754 στῖφος
1043 3686 1151 3740 τῶν
1181 3685 1397 3740 ἀσεϐῶν
1427 3685 1728 3758 ἐξεπλάγη,

141 3779 242 3828 καὶ
265 3778 296 3830 ὁ
322 3775 532 3830 τούτων
575 3777 881 3849 στρατηγὸς
908 3775 1162 3841 διάϐολος
1201 3775 1462 3842 ἀκούσας.
1507 3778 1728 3849 καιρίαν

141 3866 368 3938 πληγὴν
396 3865 636 3932 ἐδέξατο.
655 3867 712 3920 '0
746 3867 927 3936 μέντοι
953 3870 1198 3937 γενναῖος
1231 3867 1492 3940 ἀθλητὴς,
1525 3867 1728 3940 ἐπέμε-

141 3977 201 4011 νε
243 3959 484 4030 λαμπρᾷ
511 3960 606 4014 καὶ
653 3961 850 4032 ίσχυρᾷ
875 3963 940 4033 τῇ
971 3963 1122 4031 φωνῇ
1163 3959 1298 4014 Θεὸν
1334 3961 1616 4032 ὁμολογῶν
1637 3961 1730 4014 τὸν

145 4051 414 4122 Χριστὸν,
458 4051 720 4122 δαίμονας
750 4054 808 4107 δὲ
837 4059 963 4118 τοὺς
1000 4059 1133 4128 παρ’
1182 4053 1365 4109 αὐτῶν
1393 4071 1730 4124 προσκυνου-

239 4236 264 4264 ⁸
303 4233 344 4287 ll
380 4229 512 4308 ρον.
578 4245 631 4291 x,
680 4230 720 4284 ί.
803 4230 827 4268 b
854 4230 890 4282 li
921 4231 1064 4284 (ηπ-η
1093 4247 1164 4294 vn,
1200 4231 1250 4285 τ.

1333 4243 1353 4269 ο
1391 4232 1410 4284 l
1449 4230 1631 4284 Maeli.
1661 4244 1718 4294 ιι,
1752 4228 1842 4284 24.

1833 3250 1895 3288 re
1922 3235 2058 3288 bene
2087 3234 2138 3286 in
2179 3234 2344 3288 corde
2368 3234 2670 3297 exeultam,
2698 3233 2994 3302 perfectam
3013 3246 3262 3300 congruo
3286 3240 3425 3284 tem-

1827 3337 1958 3395 pore
1979 3323 2212 3377 Domino
2229 3323 2466 3376 reddidit
2487 3316 2503 3378 l
2524 3321 2748 3384 Vocem,
2785 3322 3031 3390 inquam,
3055 3336 3219 3388 quant
3250 3320 3425 3376 susei-

1829 3419 1982 3486 piens
2011 3429 2105 3469 aer
2139 3413 2523 3468 sanctiﬁcatus
2553 3421 2640 3467 est
2667 3450 2684 3475 ,
2716 3412 2897 3481 angeli
2933 3427 2963 3466 e
2993 3411 3135 3464 (mlo
3167 3411 3424 3465 intonue-

1829 3514 1980 3570 runt,
2023 3504 2342 3574 archangeli
2367 3502 2562 3558 faustis
2591 3501 2873 3556 ominibus
2937 3509 3068 3555 sunt
3114 3501 3422 3570 prosecuti,

1831 3612 2134 3667 omnesque
2155 3597 2422 3650 cmlorum
2455 3592 2702 3648 Virtutes
2727 3593 2899 3662 supra
2927 3593 3147 3645 modum
3177 3589 3422 3644 admira-

1835 3689 1877 3742 ti
1904 3694 2034 3744 sunt
2073 3705 2086 3741 :
2121 3701 2288 3756 quam
2342 3693 2398 3740 et
2437 3685 2828 3738 universorum
2866 3681 3010 3736 Deus
3044 3679 3424 3751 Dominusque

1836 3780 2102 3851 probans,
2129 3787 2566 3834 consentaneum
2596 3777 2834 3840 censuit,
2873 3783 2932 3828 ut
2956 3781 3118 3828 tanta:
3147 3774 3422 3828 alacritati

1837 3871 2133 3926 auxiliator
2185 3869 2511 3936 accederet,
2543 3886 2607 3924 ac
2642 3869 2800 3936 cujus
2854 3869 3075 3928 merito,
3136 3865 3424 3919 immarce-

1837 3965 2086 4022 scibilem
2115 3963 2362 4019 victoriae
2407 3979 2669 4019 coronam
2697 3963 2915 4018 athletae
2939 3956 3285 4031 pra-paravit.
3314 3956 3421 4010 lm-

1837 4055 2059 4124 piorum
2109 4065 2292 4110 autem
2319 4064 2543 4112 caterva
2589 4055 2900 4125 obstupuit,
2952 4051 3298 4117 audiensque
3328 4063 3421 4102 eo-

1923 4231 1950 4268 ἀ
1981 4229 2019 4283 ΙΙ
2049 4231 2181 4286 Cor.
2217 4250 2270 4294 ιτ,
2317 4236 2400 4288 l5.

1458 4363 1698 4420 νΑῐιΙΑε
1744 4364 2154 4422 LECTIONES.

216 4460 261 4492 ³³
289 4459 522 4530 Adjeeta
560 4475 626 4516 ex
655 4460 998 4530 conjectura,
1019 4469 1075 4514 et
1103 4458 1321 4530 Lipom.
1396 4459 1441 4491 ’⁵
1475 4457 1566 4512 Io‘.
1604 4457 1812 4528 σθησαν

1481 4571 1860 4628 COMBEFISII
1892 4571 2119 4627 NOT/E.

211 4666 332 4732 (50)
369 4663 578 4736 Medius
606 4679 790 4719 eorum
841 4665 1050 4720 insitiit.
1080 4667 1175 4729 Εἰς
1203 4664 1367 4736 μέσον
1395 4665 1575 4719 αὐτῶν
1608 4667 1724 4718 είσ-
1757 4666 1801 4720 D
1829 4673 2024 4732 satque
2071 4664 2475 4736 antiquouwx
2533 4663 2605 4736 sit
2635 4658 3421 4736 quo_ltmre_am_us,_quithuid

139 4738 411 4804 επήδησε.
465 4732 673 4804 Nempe
727 4737 1141 4804 imperatorum,
1176 4732 1244 4790 ad
1295 4743 1502 4790 certam
1531 4735 1726 4804 utique

140 4822 361 4867 necem,
393 4806 617 4860 victima
647 4805 857 4860 Christi
912 4815 1233 4874 spontanea,
1281 4821 1442 4874 quem
1469 4805 1588 4860 fidei
1619 4807 1726 4860 l'er-

138 4893 335 4930 voreni
366 4875 604 4929 maxime
630 4876 925 4944 exigebant
962 4878 1410 4942 deploratissima
1445 4877 1536 4930 illa
1565 4876 1728 4930 Chri-

138 4947 344 5001 stianis
378 4953 650 5016 tempora.
683 4943 774 5000 Sic
813 4943 1000 5002 Romae
1042 4947 1420 5008 Sebastianus,
1455 4945 1632 5016 eidem
1667 4959 1728 4999 se

138 5015 515 5078 Diocletiano,
561 5030 686 5068 eum
746 5017 923 5085 primo
959 5018 1182 5071 allatam
1224 5033 1413 5070 necem
1457 5015 1724 5070 miraculo

138 5088 440 5148 evasisset,
474 5085 954 5156 improperaturus
997 5087 1401 5156 crudelitatem,
1443 5085 1590 5139 ultro
1623 5085 1724 5140 ite-

141 5171 290 5220 runt,
320 5164 496 5228 strata
521 5155 741 5228 publica
761 5157 1193 5225 repraesentavit.
1219 5155 1310 5212 Sic
1341 5156 1723 5228 Maximinum,

139 5228 244 5281 sub
283 5227 424 5296 ipsis
450 5227 740 5282 sacriﬁciis
781 5234 836 5282 et
863 5229 1082 5296 publica
1121 5228 1387 5282 concione
1424 5227 1724 5282 Catharina

139 5297 442 5368 corripuit,
467 5304 575 5351 etc.
607 5297 701 5351 Vix
740 5313 868 5352 vero
902 5297 1087 5362 fuerit,
1126 5297 1220 5367 qui
1245 5296 1481 5366 Georgio
1511 5307 1720 5365 nostro,

143 5369 264 5423 viro
293 5376 455 5421 tanto
479 5373 536 5422 et
571 5367 818 5432 militari,
855 5369 910 5421 iu
964 5383 1024 5422 ea
1059 5369 1304 5438 martyrii
1345 5368 1594 5422 ultronea
1641 5368 1726 5422 in-

139 5439 465 5501 choatione,
493 5437 820 5508 prmviisque
851 5439 920 5492 ad
953 5439 1132 5508 ipsum
1162 5437 1228 5491 ab
1257 5439 1467 5492 Andrea
1499 5451 1725 5492 enarra-

143 5509 233 5574 tis,
275 5511 579 5578 gloriosius
627 5508 902 5563 habuerit.
966 5513 1146 5578 Atque
1189 5509 1424 5572 utinam,
1458 5515 1623 5562 tanta:
1654 5509 1732 5561 illi

141 5579 479 5652 certaminis
504 5578 638 5639 luci,
689 5581 871 5652 nullas
897 5581 1207 5650 apocrypha
1244 5580 1614 5652 aspersissent
1649 5587 1733 5652 te-

139 5653 386 5715 nebras;
413 5649 613 5702 mirum
645 5659 792 5703 certe
813 5649 976 5717 quam
1006 5649 1294 5717 utriusque
1325 5649 1580 5702 Ecclesia:
1610 5651 1732 5715 ejus

139 5719 550 5780 devotissitnze,
587 5731 858 5790 recrearet
898 5720 1130 5773 faciem:
1177 5735 1493 5790 quanquam
1531 5720 1584 5771 in
1611 5719 1734 5774 istis

141 5793 396 5860 probatis
421 5790 492 5844 ab
524 5789 762 5855 Andrea,
805 5793 918 5845 acri
955 5791 1074 5846 viro
1111 5789 1358 5864 ingenio,
1403 5798 1728 5860 sanctoque,

1830 4736 1990 4788 nobis
2029 4735 2289 4788 obtrudat
2346 4733 2616 4787 Baronius
2643 4751 2657 4800 ;
2688 4733 2776 4786 eui
2813 4741 2870 4784 ut
2895 4731 3180 4801 displicuit
3213 4732 3418 4801 magia,

1827 4803 1883 4858 in
1929 4805 2212 4858 Athanasii
2251 4806 2492 4866 nomine,
2541 4802 2732 4857 debuit
2765 4804 2953 4855 eadem
2985 4799 3201 4855 ratione
3223 4799 3419 4870 displi-

1827 4889 1954 4944 gere
1985 4875 2274 4938 sanctitas,
2315 4874 2634 4944 inCeorgii,
2676 4874 2839 4944 idque
2880 4871 3270 4942 Cappadocis;
3307 4887 3422 4940 quo

1826 4942 2503 4998 Pseudo-Alettandrinum
2547 4942 3085 5014 :illum’Ceorgium
3135 4959 3198 4998 ex
3244 4944 3421 5014 patria

1827 5015 2015 5080 etiam,
2060 5015 2421 5084 propinquius
2483 5012 2684 5071 referat
2721 5031 2736 5066 :
2791 5023 2849 5068 ut
2881 5011 2956 5068 sit
2986 5023 3041 5068 et
3077 5014 3195 5083 ipse
3241 5011 3418 5084 Geor-

1824 5085 1974 5155 gius,
2012 5084 2057 5140 si
2087 5083 2330 5139 Baronio
2381 5087 2578 5154 placet,
2605 5099 2838 5155 persona
2871 5099 3036 5154 quam
3070 5083 3409 5136 eonunentiti

1826 5156 1939 5210 sint
1964 5156 2176 5220 Ariani,
2203 5172 2310 5210 non
2345 5155 2654 5226 praecipuus
2685 5163 2914 5225 martyr.

1899 5226 2012 5292 (51)
2051 5217 2171 5278 Ρνο
2198 5217 2427 5280 nominis
2456 5217 2540 5280 sui
2572 5227 2804 5286 ratione,
2833 5217 2946 5277 ctc.
2973 5221 3054 5292 Ὢ
3089 5217 3414 5292 φερώνυμος
3469 5245 3480 5252 ν

1831 5287 1926 5350 τού
1957 5287 2198 5367 Χριστοῦ
2233 5297 2523 5367 Γεώργιος.
2555 5298 2719 5367 Velut
2769 5291 3012 5367 identsit
3044 5287 3208 5367 atque
3247 5287 3415 5367 γεῴρ.

1834 5383 1974 5434 γιον,
2012 5361 2172 5434 cujus
2221 5361 2492 5420 rationem
2553 5361 3414 5434 habuerit.“edendainaguilica

1833 5429 1923 5490 illa
1962 5429 2346 5492 confessionis
2385 5452 2540 5500 voce,
2591 5449 2783 5504 quam
2811 5431 2938 5504 olim
2972 5429 3156 5504 cordis
3185 5432 3414 5504 gremio,

1833 5509 2016 5562 divina
2053 5508 2269 5561 satione
2301 5499 2636 5568 mandatam,
2673 5503 2785 5556 arvi
2821 5503 2998 5554 instar
3040 5499 3288 5553 iuvisset.
3327 5501 3414 5551 ln-

1835 5589 2046 5646 terpres
2088 5577 2298 5643 Lipom.
2334 5577 2507 5640 Quam
2557 5575 2727 5626 edidit
2759 5571 2978 5646 Clin-isti!
2995 5587 3182 5646 nomen
3211 5569 3412 5646 ferens

1833 5639 2087 5716 G‘eurqius
2120 5665 2136 5700 .·
2157 5639 2379 5700 insulsa
2419 5654 2566 5700 certe
2593 5643 2888 5716 expositio.
2915 5713 2924 5716 Δ
2952 5641 3088 5706 Quis
3108 5639 3280 5716 _cni_nt
3327 5642 3408 5693 Vel

1833 5710 2136 5779 Christum,
2202 5716 2536 5785 Georgium,
2591 5710 2676 5768 vel
2731 5712 3047 5781 Georgium,
3101 5710 3408 5785 Christum.

1835 5790 1976 5857 quod
2005 5792 2092 5842 Illa
2125 5796 2324 5845 sonant
2349 5781 2540 5842 contra
2562 5785 3024 5848 Gl‘ECt::|lll_fit3Clll,
3050 5781 3308 5838 audivit?
