3824 6212
99 343 217 409 “85

1380 340 1460 399 IN
1519 338 1580 398 s.
1620 300 2054 399 GEORGIUM.

3224 345 3358 413 1186

93 458 363 527 μαχαιρας
427 452 742 523 Πέπειτμαι
775 453 1016 523 γὰρ,ὅτι
1065 451 1190 506 οὔτε
1231 453 1487 519 θάνατος,
1537 451 1659 507 οὔτε

1773 465 1834 503 an
1875 450 2099 504 nuditas
2140 452 2258 503 ?an
2300 451 2664 521 periculum?
2714 466 2784 507 an
2827 454 3104 525 gladius?
3156 454 3355 517 Certus

87 549 215 618 ζωὴ,
245 546 371 601 οῦτε
426 547 709 615 Ἄγγελοι,
754 547 881 599 οὔτε
927 547 1141 617 Ἀρχαὶ,
1191 546 1317 601 οὔτε
1370 546 1661 612 Ἐξουσίαι,

85 642 200 695 οὔτε
238 640 538 710 Δυνάμεις,
572 638 700 693 οὔτε
723 640 1019 704 ἐνεστῶτα,
1048 639 1173 694 οὔτε
1201 638 1470 711 μέλλοντα
1492 680 1506 705 ,
1534 638 1661 693 οὔτε

84 753 162 797 τις
186 733 361 796 κτίσις
393 732 556 804 ἐτέρα
586 730 883 802 δυνήσεται
909 734 1145 805 χωρίσαι
1181 751 1249 804 με
1272 733 1382 787 ἀπὸ
1403 733 1503 803 τῆς
1531 733 1665 801 ἀγά-

84 844 191 892 πης
214 825 307 879 τοῦ
340 824 604 897 Χριστοῦ.
631 844 649 877 ι
675 856 744 866 -
780 844 798 877 ι
837 827 993 896 Ἐμοὶ
1020 826 1128 898 γάρ
1155 827 1217 879 τὸ
1244 824 1368 898 ζῇν,
1393 825 1660 896 Χριστός·

83 921 177 971 καὶ
205 918 265 970 τὸ
291 918 610 986 ἀποθανεῖν,
647 919 862 992 κέρδος.
898 939 916 971 ι

148 1097 221 1151 οὐ
253 1095 417 1170 μέχρι
440 1096 497 1150 δὲ
525 1097 701 1167 λόγων
730 1098 788 1151 ἐν
822 1099 972 1171 αύτῷ
1001 1100 1032 1170 ἡ
1071 1100 1209 1171 πρὸς
1234 1101 1363 1163 τοὺς
1387 1099 1661 1165 ἐναντίους

86 1188 392 1260 τυμπλοκὴ,
429 1188 566 1242 ἀλλὰ
595 1191 691 1242 καὶ
730 1190 916 1260 ἔργοις
965 1191 1151 1254 αὐτοῖς
1200 1191 1381 1261 σοφῶς
1420 1191 1539 1263 ἃμα
1571 1192 1666 1246 καὶ

80 1279 424 1350 δραστηρίοις
454 1279 954 1346 ἀντιπαρετάττετο
978 1294 991 1307 ⁸
1038 1272 1126 1331 οἷα
1165 1278 1426 1349 κραταιὸς
1463 1280 1666 1347 ἀγωνι-

85 1376 210 1444 στὴς
239 1375 339 1447 τὴν
391 1375 544 1445 ἰσχὺν
576 1375 672 1428 καὶ
698 1374 801 1444 τὴν
852 1374 1127 1444 ἀνδρείαν,
1176 1374 1237 1426 οὐ
1289 1375 1447 1445 μόνον
1477 1376 1542 1427 ἐκ
1571 1372 1667 1426 τοῦ

81 1465 303 1517 τύπτειν
357 1467 486 1527 τοὺς
518 1464 871 1528 ἀντιπάλους,
927 1464 1064 1517 ἀλλὰ
1112 1464 1210 1519 καὶ
1252 1464 1317 1516 ἐκ
1344 1463 1440 1517 τοῦ
1477 1462 1667 1535 φέρειν

81 1553 325 1624 στερρῶς
351 1553 449 1628 τὰς
474 1556 607 1625 παρ’
636 1553 817 1607 αὐτῶν
848 1552 1061 1624 πληγὰς
1089 1551 1532 1623 ἐπιδεικνύμενος
1559 1549 1667 1604 σῶ-

85 1661 214 1696 αατι
243 1646 337 1697 καὶ
362 1642 656 1713 πνεύματι,
680 1643 759 1713 τῷ
791 1643 890 1712 μὲν
922 1643 1166 1711 πάσχων,
1196 1642 1273 1712 τῷ
1295 1641 1353 1695 δὲ
1376 1641 1668 1712 άντιπλήτ-

80 1752 211 1788 των.
245 1736 306 1790 Οἱ
336 1735 437 1805 μὲν
471 1736 582 1806 γὰρ
608 1734 836 1805 μάστιξι
872 1733 1176 1805 κατῄκιζον
1215 1734 1275 1787 τδ
1310 1732 1472 1809 σῶμα
1498 1750 1511 1764 ·
1535 1735 1564 1784 ὁ
1609 1733 1668 1787 δὲ

1766 553 1887 593 sum
1924 539 2095 602 enim,
2150 540 2280 608 quia
2311 555 2488 610 neque
2533 556 2709 609 mors,
2745 559 2929 613 neque
2974 547 3111 612 vita,
3176 565 3359 620 neque

1766 632 1983 702 Angeli,
2012 648 2193 703 neque
2219 632 2597 704 Principatus,
2620 650 2804 707 neque
2827 635 3160 706 Potestates,
3181 658 3359 713 neque

1765 725 2042 793 Virtutes,
2093 741 2273 798 neque
2319 728 2610 791 instantia,
2678 744 2859 799 neque
2906 730 3117 799 futura,
3173 751 3358 806 neque

1765 828 2020 873 creatura
2050 819 2157 873 alia
2194 820 2399 888 poterit
2420 834 2505 873 me
2526 835 2790 889 separare
2817 836 2846 875 a
2873 823 3147 880 eharitate
3184 822 3355 880 Chri~

1764 911 1832 967 sti
1864 914 1931 965 θ’.
1983 929 2002 962 ι
2041 940 2111 951 —
2149 930 2168 963 ι
2198 910 2325 965 Mihi
2355 910 2575 981 (enim)
2622 912 2812 968 vivere
2854 913 3114 973 Christus
3154 928 3274 983 est,
3302 928 3358 974 et

1765 1004 1903 1058 mori
1956 1003 2171 1058 lucrum
2207 1003 2250 1055 ί.
2285 1020 2303 1053 ι

1835 1097 2001 1167 Atqui
2028 1110 2135 1150 non
2169 1109 2424 1151 sermone
2450 1102 2665 1151 tantum
2691 1111 2817 1151 cum
2845 1097 3184 1157 adversariis
3216 1117 3352 1157 con-

1765 1206 1995 1262 gressus
2051 1201 2159 1255 est,
2193 1188 2291 1244 sed
2313 1199 2366 1244 ct
2421 1205 2481 1244 re
2510 1190 2651 1258 ipsa,
2677 1190 2795 1259 pari
2832 1191 3127 1261 prudentia
3153 1209 3217 1250 ac
3239 1198 3355 1249 elli-

1766 1284 2006 1339 cacitate
2053 1282 2343 1350 conﬂixit;
2379 1282 2559 1336 instar
2604 1282 2868 1337 nimirum
2903 1285 3065 1339 fortis
3126 1287 3356 1355 pugilis,

1765 1376 2021 1447 corporis
2042 1376 2253 1446 pariter
2282 1376 2636 1445 spiritusque
2662 1374 2836 1429 robur
2864 1382 2917 1429 et
2942 1375 3329 1432 fortitudinem

1765 1485 1877 1525 non
1904 1470 2087 1525 solum
2128 1467 2394 1524 feriendis
2439 1466 2781 1523 adversariis
2812 1474 3122 1530 ostentans.
3162 1485 3354 1523 verum

1766 1563 1934 1617 etiam
1992 1560 2169 1631 plagis
2216 1559 2386 1613 illatis
2430 1558 2722 1613 obfirmate
2763 1558 3048 1627 ferendis;
3087 1568 3143 1612 ut
3178 1562 3358 1615 altero

1767 1662 2067 1725 pateretur,
2092 1652 2268 1705 altero
2287 1658 2689 1721 repercuteret.
2710 1646 2789 1703 llli
2813 1664 2971 1712 sane,
3003 1666 3209 1720 corpus
3236 1651 3357 1705 dire

1765 1747 1939 1817 virgis
1954 1744 2258 1809 caedebant;
2280 1743 2399 1814 ipse
2419 1742 2682 1812 patientia
2698 1742 2778 1796 sic
2797 1751 3019 1796 strenue
3037 1744 3352 1811 superabat,

83 1832 149 1897 τῇ
181 1830 421 1900 ὑπομονῇ
458 1828 724 1896 γενναίως
780 1826 989 1881 τούτων
1024 1827 1417 1899 ὑπερεκράτει,
1453 1827 1530 1890 ὡς
1557 1827 1655 1880 αὖ·

1773 1847 1824 1893 ιιι
1856 1852 2000 1894 caeso
2024 1837 2145 1907 ipso
2172 1836 2346 1905 magis
2406 1834 2770 1897 cruciaretur,
2800 1848 2922 1888 cum
2957 1835 3178 1889 minime
3210 1836 3350 1889 vale-

86 1923 206 1984 τοὺς
257 1919 639 1990 βασανίζεσθαι
695 1919 917 1990 μᾶλλον,
977 1920 1077 1973 οὐκ
1129 1920 1416 1990 ἰσχύοντας
1464 1919 1661 1975 ἀνῦσαι

88 2014 214 2083 ὅπερ
237 2012 548 2083 ἠϐούλοντο,
584 2012 617 2084 ἢ
646 2013 738 2065 τὸν
771 2010 1192 2082 μαστιζόμενον.
1234 2014 1452 2084 Ἀμέλει
1489 2013 1663 2085 κοντῷ

92 2106 175 2159 τδν
212 2106 403 2173 Ἀγιον
450 2104 782 2175 κρουσθῆναι
832 2103 1160 2159 κελεύουσι’
1216 2104 1309 2159 τοῦ
1362 2105 1421 2159 δὲ
1470 2106 1662 2162 κοντοῦ

101 2199 332 2269 μολίϐδου
365 2199 520 2269 δίκην
551 2198 1017 2269 ἀποστραφέντος,
1052 2199 1134 2261 είς
1178 2196 1404 2270 ἔλεγχον
1425 2199 1526 2269 τῆς
1563 2199 1664 2253 αὐ-

98 2295 193 2347 τῶν
216 2294 493 2364 ἀστοχίας,
528 2292 629 2363 τῆς
653 2292 867 2355 ἐλπίδος
898 2294 1292 2363 ἀποτυχόντες,
1341 2294 1427 2362 ἐφ’
1470 2294 1663 2367 ἑτέραν

106 2385 369 2455 ἐτρέποντο
398 2384 641 2448 κόλασιν,
704 2384 803 2436 καὶ
832 2382 1167 2455 δεινοτέραις
1199 2384 1495 2456 τιμωρίαις
1527 2385 1663 2440 καθ-

111 2475 407 2529 υποὸάλλειν
433 2474 738 2545 ἐπειρῶντο
770 2476 862 2528 τὸν
888 2474 1131 2546 ἀθλητήν
1152 2489 1168 2504 ⁶
1195 2476 1345 2529 λίθου
1371 2494 1664 2547 παμμεγεο

115 2569 279 2622 στάτου
313 2570 371 2621 ἐν
394 2571 460 2639 τῇ
496 2571 687 2640 εἱρκτῇ
719 2567 978 2638 παννύχῳ
1017 2569 1161 2622 κατὰ
1200 2569 1440 2640 γαστρὸς
1473 2570 1663 2624 ἐπιϐο-

116 2658 184 2730 λῇ,
215 2659 339 2732 πρὸς
387 2664 452 2731 τῇ
497 2664 554 2713 ἐν
604 2660 748 2731 ξύλῳ
780 2660 889 2713 τῶν
925 2660 1101 2713 ποδῶν
1141 2661 1434 2735 ἀσφαλείᾳ,
1472 2663 1662 2726 ἄλλαις

115 2768 160 2803 τε
190 2754 327 2816 ὅσαις
359 2754 456 2806 καί
480 2752 630 2814 ὅπως
663 2753 1019 2824 δεινοτέραις.
1053 2746 1150 2815 AT;
1178 2753 1558 2825 ὕπερκαμόντι
1584 2756 1661 2827 τῷ

114 2842 285 2915 ἀθλητῇ
329 2844 420 2898 καὶ
456 2843 643 2916 σχεδὸν
692 2843 1024 2910 ὲκλείποντι,
1084 2844 1237 2908 τέλος
1269 2846 1332 2898 τὸ
1375 2846 1661 2918 σφοδρότε-

114 2952 191 3006 ρον
219 2938 487 3007 προσῆγον
514 2954 528 2968 ·
580 2937 674 2990 ἐπὶ
701 2936 899 3006 τροχοῦ
930 2936 1119 2990 τοῦτον
1145 2937 1534 3002 ἀναλαϐόντες,
1566 2938 1661 2993 οὖ-

112 3044 201 3091 τως
228 3028 539 3083 καταλύσειν
571 3028 809 3099 οἰόμενοι
842 3028 937 3081 τοῦ
970 3029 1219 3098 γενναίου
1247 3031 1347 3102 τὴν
1382 3029 1656 3085 ἔνστασιν·

105 3125 220 3194 περὶ
242 3124 296 3177 ὃν
318 3123 416 3194 τὴν
440 3124 613 3191 ὀσφῦν
648 3122 914 3195 σκορπίου
946 3122 1102 3193 δίκην
1125 3124 1660 3195 κατακαμπτόμενός
1687 3161 1731 3218 c

90 3233 155 3269 τε
181 3218 259 3268 καὶ
288 3216 740 3287 κατατεινόμενος
783 3217 811 3269 ὁ
857 3215 1238 3285 μεγαλόφρων,
1286 3216 1381 3269 καὶ
1405 3220 1473 3287 τῇ
1508 3218 1660 3271 ἀντι-

92 3309 300 3379 στρόφῳ
344 3308 609 3375 συνελίξει
642 3306 906 3376 γενναίως
932 3307 995 3360 τὸ
1042 3306 1261 3377 πνεῦμα
1295 3309 1662 3378 στενοχωρού-

90 3418 266 3472 μενος,
293 3400 554 3472 ἔξαρθρος
586 3399 685 3470 μὲν
722 3400 933 3467 ἐγίνετο
953 3415 966 3429 °
1011 3399 1156 3453 κατὰ
1183 3401 1292 3452 πᾶν
1325 3398 1488 3469 μέλος
1516 3400 1660 3453 κλώ-

88 3511 265 3564 μενος,
318 3492 822 3564 περιλακιζομένων
869 3491 1037 3545 αὑτοῦ
1073 3490 1182 3544 τῶν
1240 3491 1463 3562 σαρκῶν
1491 3508 1505 3522 ·
1544 3492 1661 3562 ἅμα

82 3586 147 3639 δὲ
178 3587 263 3639 καὶ
288 3589 405 3651 ταῖς
429 3588 636 3656 ἀκμαῖς
661 3584 771 3638 τῶν
802 3584 1250 3655 ὑφηρμοσμένων
1280 3582 1550 3654 ὀργάνων,
1582 3586 1662 3648 είς

82 3675 253 3729 πολλὰ
293 3677 353 3730 τὸ
383 3676 546 3746 σῶμα
576 3674 977 3746 κατατμηθεὶς,
1019 3674 1118 3727 καὶ¹
1167 3674 1375 3744 ὀχετοῖς
1410 3675 1660 3745 αἱμάτων

80 3767 320 3838 φοινίξας
344 3768 413 3822 τὰ
443 3768 798 3838 κολαστήρια,
833 3768 935 3838 ἤδη
965 3766 1161 3837 νεκρὸς
1182 3768 1295 3829 τοῖς
1326 3768 1545 3837 τυφλοῖς
1569 3784 1658 3820 νο-

82 3857 319 3929 μεσθεὶς,
348 3858 448 3913 ἐπὶ
474 3860 757 3930 σχήματος
785 3857 877 3912 ὑπ’
907 3857 1088 3913 αὐτῶν
1100 3857 1460 3930 έκατελήφθη,
1486 3859 1660 3913 πολλὰ

76 3953 208 4016 τοὺς
243 3953 422 4007 αὐτῶν
451 3952 842 4024 άνυμνούντων
890 3952 985 4005 ἐπὶ
1019 3950 1233 4016 τούτοις
1275 3952 1433 4017 θεούς
1475 3970 1534 4007 τε
1565 3955 1661 4007 καὶ

75 4046 363 4115 δαίμονας,

167 4139 300 4193 Ἀλλ’
336 4140 418 4193 ἔτι
452 4139 655 4211 μᾶλλον
695 4142 1067 4212 ὴσχῦνθησαν,
1108 4141 1236 4211 ὑγιῆ
1269 4144 1384 4212 μετ’
1434 4142 1497 4197 οὐ
1525 4143 1659 4198 πολὺ

74 4234 444 4305 καθορῶντες,
505 4234 599 4287 τὸν
641 4236 699 4288 ἐν
731 4237 948 4307 νεκροῖς
994 4233 1342 4291 ἐλπισθέντα.
1388 4236 1502 4305 Τῆς
1551 4224 1660 4308 γὰρ

72 4326 332 4379 ἁπάντων
362 4326 508 4397 ζωῆς
544 4326 783 4397 Χριστοῦ
830 4326 924 4379 τοῦ
957 4326 1214 4396 ἀληθινοῦ
1247 4326 1385 4381 Θεοῦ
1416 4326 1510 4381 καὶ
1544 4328 1658 4380 Σω-

72 4415 264 4485 τῆρος,
292 4416 432 4488 ὁμοῦ
466 4419 560 4471 καὶ
589 4417 697 4471 τῶν
725 4419 1083 4488 τραυμάτων,
1112 4418 1210 4471 καὶ
1240 4418 1350 4473 τῶν
1382 4417 1657 4489 κολαστη-

1768 1938 1895 1984 rent
1934 1927 2160 1996 assequi
2207 1928 2355 1995 quod
2389 1925 2668 1979 volebant.
2694 1923 3150 1993 Deniquejubent
3184 1923 3358 1979 Sanc-

1766 2030 1879 2075 tum
1919 2026 2075 2074 recte
2094 2017 2311 2087 percuti
2345 2033 2358 2069 :
2387 2016 2797 2087 curnqnevictis
2822 2016 3032 2087 plumbi
3053 2017 3252 2080 instar,
3285 2019 3349 2070 ad

1763 2127 1954 2168 eorum
2011 2112 2178 2165 inane
2228 2110 2587 2181 propositum
2662 2108 3043 2179 argnendum,
3117 2124 3351 2164 averSns

1765 2204 2116 2269 dellexisset;
2159 2218 2257 2272 spe
2283 2201 2531 2271 decepti,
2557 2200 2625 2255 ad
2651 2201 2761 2255 alia
2791 2209 3069 2255 tormenta
3095 2198 3350 2257 conversi

1766 2305 1920 2360 sunt,
1971 2311 2034 2351 ac
2096 2295 2282 2349 conati
2334 2293 2692 2365 gravioribus
2740 2294 3034 2349 tormentis
3087 2293 3349 2348 athletam

1765 2388 2066 2457 subjicere,
2103 2386 2344 2456 ingentis
2370 2385 2603 2442 omnino
2636 2386 2801 2441 molis
2830 2384 3092 2455 lapidem,
3122 2394 3343 2441 noctem

1765 2487 1960 2543 totam,
2013 2477 2223 2533 detenti
2277 2478 2331 2531 in
2394 2491 2645 2538 carcere,
2697 2476 2877 2530 ventri
2919 2475 3349 2547 imposuerunt;

1764 2580 2024 2642 excerpta
2056 2571 2238 2641 lignea
2273 2570 2442 2625 etiam
2487 2569 2788 2640 compede,
2828 2583 2893 2623 ac
2933 2570 3059 2625 aliis
3104 2569 3353 2637 complu-

1764 2666 1922 2721 ribus
1978 2663 2399 2733 dirioribnsque
2461 2662 2759 2717 tormentis
2815 2662 3101 2717 adhibitis.
3138 2660 3352 2727 Quibus

1763 2775 1887 2815 cum
1932 2758 2137 2813 athleta
2163 2757 2401 2811 nimium
2429 2755 2741 2810 laborasset
2780 2768 2844 2807 ac
2878 2753 2991 2808 fere
3026 2753 3345 2813 defecisset,

1765 2857 2047 2921 postremo
2081 2848 2229 2919 quod
2258 2846 2730 2902 immanissimum
2764 2852 2909 2905 erat,
2956 2844 3351 2908 adhibuerunt,

1763 2944 2023 2999 nimirum
2061 2943 2144 2997 sic
2177 2942 2282 2995 rati
2316 2940 2595 2995 fracturos
2626 2937 2884 3009 generosi
2920 2936 3090 2989 animi
3134 2951 3351 3007 pugna-

1763 3051 1885 3093 cem
1953 3035 2312 3090 renitentiam
2349 3049 2361 3083 :
2398 3031 2453 3085 in
2508 3038 2685 3084 rotam
2740 3027 3099 3094 extulerunt;
3128 3041 3235 3095 qua
3271 3020 3356 3079 vir

1764 3127 2154 3199 magnanimis,
2211 3127 2264 3179 in
2306 3122 2535 3177 modum
2588 3118 2798 3190 scorpii
2835 3117 3081 3172 deﬂexus
3133 3117 3353 3170 lumbos

1768 3228 1934 3288 atque
1950 3217 2253 3279 distentus,
2280 3213 2778 3280 vehementiusque
2807 3210 3038 3263 adversa
3073 3208 3353 3261 rotatione

1736 3313 1969 3383 'spiritu
2005 3310 2381 3380 angustiatus,
2414 3314 2565 3360 totus
2597 3305 2820 3374 fluidem
2861 3302 3133 3356 membris
3172 3302 3353 3354 omni-

1768 3405 1874 3461 bus
1914 3401 2242 3467 confractis,
2282 3397 2726 3465 circumquaque
2769 3393 3009 3462 diruptis
3067 3392 3352 3452 carnibus,

1769 3496 1994 3550 lnxatus
2024 3501 2109 3547 est
2143 3507 2157 3543 :
2193 3488 2474 3557 simulque
2508 3486 2687 3540 acutis
2718 3484 3100 3537 subsertorum
3145 3481 3354 3535 instru-

1770 3595 2085 3641 mentorum
2141 3578 2471 3649 cuspidibus
2524 3577 2579 3630 in
2618 3574 2825 3629 multas
2880 3582 3064 3642 partes
3094 3571 3356 3625 concisus

1768 3694 1993 3751 corpus,
2028 3691 2093 3730 ac
2140 3671 2469 3729 carnificina
2507 3668 2644 3723 rivis
2698 3666 2993 3737 sanguinis
3044 3675 3353 3728 cruentata,

1765 3776 1879 3848 jam
1923 3781 2182 3830 mortuus
2239 3767 2403 3824 caecis
2458 3763 2778 3821 heminibus
2835 3762 3109 3824 creditus,
3175 3760 3249 3813 ita
3295 3768 3357 3813 ut

1767 3876 1888 3925 erat
1935 3866 2072 3938 (54),
2140 3861 2333 3918 multis
2385 3875 2450 3917 ea
2478 3859 2546 3914 de
2600 3871 2661 3912 re
2690 3854 2933 3911 canticis
2972 3852 3111 3908 deos
3134 3867 3267 3907 suos
3291 3865 3356 3904 ac

1768 3961 2047 4016 daemones
2074 3952 2517 4019 celebrantibus,
2552 3949 2656 4005 fuit
2684 3949 2939 4005 relictus.

1837 4141 2104 4198 Ca-lerum
2125 4135 2322 4206 majori
2362 4133 2573 4205 pudore
2605 4130 2804 4187 sull'usi
2840 4135 2994 4191 sunt,
3027 4142 3153 4182 cum
3204 4126 3356 4181 brevi

1767 4243 1892 4307 post
1916 4247 2108 4289 sanum
2137 4231 2416 4293 viderunt,
2440 4241 2602 4297 quem
2646 4223 3019 4280 credidissent
3042 4230 3348 4274 mortuum.

1766 4327 1903 4381 Cum
1935 4324 2081 4380 enim
2106 4321 2386 4382 Christus,
2415 4319 2532 4387 ipse
2562 4318 2811 4369 omnium
2848 4314 2987 4378 vita,
3018 4327 3182 4365 verus
3214 4310 3357 4363 Deus

1766 4430 1820 4473 et
1844 4419 2126 4480 Salvator,
2162 4421 2218 4469 et
2241 4427 2270 4466 a
2298 4404 2646 4469 vulneribus,
2679 4416 2728 4460 et
2753 4420 2783 4459 a
2827 4403 3121 4457 tormentis
3151 4402 3358 4470 pariter

73 4507 212 4576 ρῖων
251 4508 444 4563 τοῦτον
487 4508 922 4575 άπαλλάξαντος,
973 4510 1068 4563 καὶ
1111 4511 1239 4573 τοὺς
1282 4509 1535 4578 φύλακας
1579 4514 1660 4574 εἰς

1773 4512 2083 4573 liberasset,
2138 4503 2513 4571 custodesque
2567 4506 2882 4554 extremum
2923 4492 3355 4564 perterrefaetos

72 4598 226 4661 τὲὶος
262 4599 715 4671 καταπλήξαντός
780 4617 839 4652 τε
892 4600 984 4653 καὶ
1038 4600 1407 4664 ἀπελάσαντος
1436 4617 1452 4633 σ
1501 4597 1661 4665 αὖθις

72 4695 484 4766 κραταιοτέρων
516 4694 803 4764 ἐφιέμενος
841 4694 1040 4754 ἄθλων,
1073 4694 1331 4765 δρομαῖος
1366 4697 1395 4747 ό
1435 4696 1661 4766 νικηφό-

75 4803 159 4854 ρος
187 4790 308 4850 τοῖς
340 4787 599 4841 ἀσεϐέσιν
648 4786 1016 4854 ὲνεφανίζετο,
1050 4786 1197 4857 ἔργῳ
1228 4787 1323 4839 καὶ
1369 4786 1514 4857 λόγῳ
1561 4788 1655 4857 δη-

75 4879 354 4947 μοσιεύων
384 4878 480 4933 τοῦ
518 4878 759 4949 Χριστοῦ
811 4878 908 4948 τὴν
953 4879 1210 4947 ἀνίκητον
1258 4877 1509 4947 δύναμιν.
1551 4873 1661 4933 Ἦν

71 4972 176 5038 γὰρ
204 4972 386 5034 ὅντως
419 4969 547 5024 ἰδεῖν
581 4968 763 5039 θέαμα
796 4968 1029 5040 φοϐερὸν
1067 4968 1163 5021 καὶ
1207 4967 1536 5041 ἔκπληκτον,
1573 4968 1662 5035 ἐξ·

74 5061 188 5115 ίσου
220 5066 322 5118 καὶ
350 5046 964 5133 πιποὺςέπιστηρίζον,
1000 5062 1096 5115 καὶ
1132 5061 1397 5125 ἀπίστους
1437 5064 1660 5116 ἐπιστο-

71 5154 253 5219 μίζον.
288 5156 356 5208 Οἱ
385 5155 440 5206 δὲ
467 5153 549 5224 τῷ
571 5153 823 5223 ἀδοκήτῳ
856 5153 1325 5221 καταπλαγέντες,
1363 5153 1457 5206 καὶ
1481 5155 1556 5218 ὡς
1602 5155 1661 5208 οὐ

144 5339 191 5373 ι’
219 5336 385 5399 ηοω.
414 5353 530 5399 vm,
556 5336 751 5391 55-38.
832 5334 851 5373 τ
891 5334 1123 5404 l‘ltilipp.
1163 5348 1201 5399 1,
1236 5333 1330 5387 21.

1768 4603 2047 4673 abegisset
2082 4616 2097 4654 :
2134 4600 2338 4652 iterum
2394 4592 2713 4656 vir-torille,
2752 4589 3023 4643 validiora
3050 4584 3355 4640 certamina

1767 4694 1955 4749 subire
2019 4692 2275 4761 cupiens,
2307 4703 2365 4742 se
2421 4685 2661 4741 festinus
2720 4681 2910 4750 impiis
2948 4694 3135 4733 coram
3181 4676 3354 4736 sistit,

1770 4786 2031 4840 invictam
2054 4782 2262 4837 Christi
2311 4777 2609 4849 potentiam
2646 4774 2923 4842 factisque
2955 4787 3018 4825 ae
3047 4768 3232 4825 verbis
3264 4782 3353 4822 os-

1768 4885 2015 4933 tentans.
2049 4874 2180 4929 Erat
2221 4874 2367 4928 enim
2399 4885 2592 4926 revera
2644 4865 3026 4938 spectaculum
3063 4861 3201 4917 illud
3239 4861 3353 4915 for-

1770 4969 2099 5024 midolosum
2132 4972 2297 5035 atque
2332 4961 2626 5025 horribile,
2660 4956 2808 5030 quod
2833 4956 3039 5027 pariter
3068 4961 3123 5009 et
3149 4951 3353 5007 confir-

1771 5067 1947 5113 maret
2000 5057 2207 5122 fideles,
2235 5066 2291 5110 et
2344 5052 2669 5109 infidelibus
2727 5063 2825 5103 ora
2868 5048 3210 5102 Obstrueret.
3274 5042 3354 5095 11Ιί

1772 5166 1941 5221 porro
1983 5167 2040 5205 re
2081 5151 2359 5218 inopinata
2395 5134 2656 5217 perculsi,
2704 5150 2756 5197 et
2812 5132 3214 5209 persrrutando
3241 5144 3351 5184 cer-

1416 5417 1803 5475 COMBEFISII
1848 5415 2078 5472 NOTAE.

140 5522 253 5593 (5.4)
292 5521 384 5579 Ita
419 5534 477 5578 ut
506 5533 643 5577 erat.
685 5524 807 5575 Ἐπὶ
838 5525 1134 5592 σχήματος.
1168 5518 1328 5593 Velut
1356 5531 1440 5579 co,
1489 5529 1552 5569 ac
1584 5514 1665 5568 sic

72 5587 287 5662 ιηιείἑο
318 5596 535 5655 habitu,
565 5597 713 5663 quod
757 5587 1158 5665 Gallildiciinns
1190 5607 1210 5665 _:
1257 5587 1338 5641 En
1390 5595 1540 5665 certe.
1565 5601 1662 5665 pen-.-

69 5655 235 5718 miFe.
274 5665 552 5721 Hefernnt
578 5655 706 5729 ista,
739 5674 861 5729 aet‘a
892 5662 1227 5722 Sebastiani,
1275 5673 1386 5712 non
1428 5655 1663 5729 absimili

72 5731 373 5798 miraculo,
403 5752 432 5790 a
470 5744 647 5809 morte
674 5721 843 5805 (μισηῖ
867 5744 1139 5809 tyrannus
1171 5721 1663 5809 pu_taret_ir:.fllgis-

71 5796 453 5880 b‘e..sospitis.
514 5806 663 5865 Nihil
695 5796 846 5863 'item
895 5796 1127 5875 'majoris
1172 5796 1435 5856 'miraculi
1469 5798 1522 5852 in
1560 5796 1664 5852 hac

1775 5514 2044 5577 occurrit,
2083 5527 2247 5582 quam
2290 5508 2601 5564 Cathaiinm
2661 5509 2802 5564 rota,
2851 5499 3041 5557 eadem
3095 5493 3353 5582 facililate

1775 5570 2113 5641 restituente.
2135 5584 2243 5636 llco
2266 5582 2562 5635 laceratum
2586 5586 2993 5646 coniugumque
3021 5586 3083 5624 ac
3111 5570 3354 5646 lentatum

1772 5638 1993 5728 Georgii
2013 5654 2237 5728 _c'_orpns,
2268 5669 2373 5722 qua
2397 5648 2650 5707 dissolvit
2678 5638 2991 5699 Catharinm
3019 5638 3354 5701 machinam,

1771 5744 1840 5786 ne
1863 5725 1945 5783 ita
1970 5725 2230 5780 alliceret.
