3824 6212
121 406 264 477 1193

120 621 297 696 ἀρετὴ
335 618 628 691 πεποίηκε,
664 615 759 669 καὶ
797 613 954 667 οὐδέν
990 627 1053 664 σε
1089 607 1199 663 τῶν
1239 605 1421 689 καλῶν
1454 603 1703 671 διέφυγε,

122 716 402 788 ποιμένων
436 713 626 785 ἄριστε
647 751 661 773 ,
698 708 792 763 καὶ
831 703 1136 778 ἀρχιερέων
1167 699 1497 770 πανεύφημε
1533 696 1704 751 Νικό-

122 810 242 865 λαε.
276 808 466 871 Πάσας
499 804 609 876 γὰρ
642 803 715 866 ὡς
749 802 808 854 ὲν
839 795 1100 870 θησαυρῷ
1149 793 1335 866 χρυσῷ
1365 792 1493 855 τοὺς
1523 790 1705 854 λίθους

122 901 405 971 διαφανεῖς
449 900 516 969 τῇ
567 893 815 968 μακαρία
859 908 953 944 σου
996 889 1177 959 ψυχῇ,
1223 888 1324 951 τὰς
1367 883 1706 956 ὑπερτίμους

124 994 234 1047 τῶν
284 990 501 1062 ἀρετῶν
545 984 844 1050 ὲναπέθου,
898 979 1223 1051 περιϐόητος
1271 975 1523 1030 ἐντεῦθεν
1569 975 1705 1028 πᾶσι

124 1084 315 1158 σχεδὸν
345 1084 461 1143 τοῖς
497 1078 739 1150 omni,»
772 1074 1083 1145 γενόμενος.
1110 1073 1223 1143 Οὐχ
1255 1070 1398 1124 οὕτω
1444 1067 1554 1140 γὰρ
1604 1067 1702 1121 λύ-

1429 398 1510 461 IN
1550 399 1612 460 S.
1652 394 2051 460 NICOLAUM
2066 439 2079 453 .
2784 451 2791 458 A

121 530 283 601 λόγον
333 526 482 597 ζωῆς
529 524 811 595 ἐπέχοντα.
860 538 878 569 ι
922 515 1131 580 ῐιολλάς
1178 514 1285 585 γάρ
1339 528 1419 566 σοι
1466 512 1617 573 κλεῖς
1665 510 1700 578 ἡ

1809 506 2095 561 contineas
2125 502 2239 575 (ϐυ)
2265 513 2428 575 alque
2454 521 2715 578 praeteras
2736 514 2803 589 ο..
2826 525 2844 558 ι
2878 505 3094 579 Quippe
3108 509 3224 589 tibi
3250 514 3389 601 mul-

3251 393 3277 459 1
3290 392 3391 459 194

1806 605 1893 650 tas
1934 596 2065 650 fecit
2117 597 2297 653 virtus
2353 598 2573 667 claves;
2615 616 2715 673 nec
2754 580 2865 656 tete
2925 580 3226 672 quidquam
3255 590 3386 659 boni

1804 686 1965 758 fugit,
1998 700 2283 757 pastorum
2321 691 2550 761 optime,
2589 692 3033 763 pontiﬁctimque
3058 694 3386 751 celebratis-

1805 781 1948 836 sime
1984 778 2235 836 Nicolae.
2264 781 2713 841 Pretiosissimas
2745 788 2891 843 enim
2921 802 3173 859 quasque
3208 790 3387 844 virtu-

1804 880 1910 938 tes,
1940 875 2089 930 velut
2113 876 2167 932 in
2205 878 2452 947 pretioso
2502 878 2762 941 thesauro
2808 881 3117 950 pellucidus
3148 882 3383 952 lapides,

1805 965 1862 1020 in
1894 969 2050 1025 beata
2102 969 2284 1023 anima
2316 980 2410 1024 tua
2439 968 2763 1031 Condidisti.
2792 974 2948 1029 inde.
2979 976 3235 1031 omnibus
3272 975 3390 1032 fere

1804 1058 1909 1115 sub
1947 1060 2065 1115 sole
2099 1061 2303 1131 positis
2329 1054 3110 1138 factuslama-clarissimus.
3153 1069 3277 1124 Non
3305 1070 3389 1126 sic

122 1147 251 1247 χνος
267 1174 362 1228 ἐπὶ
391 1172 586 1243 λυχνίᾳ
614 1147 793 1232 τεθεὶς
814 1165 993 1236 ὑψηλῇ
1024 1165 1122 1219 καὶ
1145 1162 1426 1234 διαχρύσῳ
1478 1159 1704 1253 φωτίζει

1809 1151 1951 1205 enim
2008 1152 2237 1209 lucerna
2292 1157 2516 1213 excelso
2542 1147 2822 1229 aureoque
2848 1160 3180 1217 candelabro
3210 1162 3390 1233 impo-

120 1268 192 1322 τά
230 1267 468 1337 πέρατα,
500 1262 575 1326 ὡς
615 1260 679 1314 σύ
716 1277 782 1329 γε
823 1256 1014 1329 πρώην
1050 1256 1143 1309 ἐπὶ
1179 1254 1273 1308 τοῦ
1313 1251 1703 1326 ἀρχιερατικοῦ

1805 1242 1936 1309 sita,
1967 1243 2168 1302 domus
2219 1247 2462 1303 illustrat
2511 1248 2649 1306 ﬁnes
2689 1266 2886 1306 omnes
2943 1261 2998 1307 et
3026 1254 3298 1322 angulos;
3330 1262 3390 1309 ul.

122 1334 341 1433 θρόνου,
373 1356 476 1410 ὑπὸ
504 1351 746 1425 Χριστοῦ
777 1348 870 1405 τοῦ
902 1347 1158 1421 ἀληθινοῦ
1193 1345 1371 1416 φωτὸς
1401 1343 1703 1411 ἀνατεθεὶς,

1809 1342 1888 1397 ιιι,
1921 1337 2107 1391 statim
2170 1340 2498 1410 pontiﬁcali,
2532 1357 2560 1397 a
2589 1342 2810 1399 Christo
2852 1360 2986 1400 vero
3040 1334 3135 1400 illo
3159 1346 3387 1414 lumine,

124 1450 382 1519 καθάπερ
413 1448 471 1499 ὲν
504 1442 776 1516 αὐχμηρῷ
808 1441 961 1513 τόπῳ
991 1438 1069 1510 τῷ
1104 1440 1339 1507 ἀφεγγεῖ
1367 1435 1461 1491 τοῦ
1496 1437 1703 1506 κόσμου

122 1539 333 1611 χωρίῳ,
367 1537 577 1599 πάντας
611 1533 738 1596 τοὺς
776 1531 881 1587 ὑπὸ
914 1529 1009 1583 σοῦ
1045 1525 1706 1611 ποιμαινομένουςηπρὸς

120 1608 185 1684 τὸ
212 1608 513 1698 ἀνῦκτερον
540 1623 654 1694 φῶς
684 1620 976 1692 δᾳδουχῶν,
1005 1617 1322 1686 διαυγάζεις
1339 1631 1355 1646 ·
1387 1616 1481 1669 καὶ
1506 1608 1618 1668 οἷον
1642 1613 1707 1668 ἐκ

121 1739 270 1785 τινος
298 1712 895 1790 μετεώροωπεριοπῆς,
919 1712 980 1764 οὐ
1014 1711 1175 1782 μόνον
1199 1710 1326 1772 τοὺς
1351 1709 1542 1776 ἐγγὺς,
1569 1706 1706 1761 ἀλλά

124 1813 224 1868 καὶ
264 1812 387 1874 τοὺς
464 1808 656 1879 πὸρῤω
695 1805 1074 1876 διεστηκότας,
1115 1800 1195 1872 τῷ
1236 1801 1466 1854 ἀπλανεῖ
1506 1800 1604 1870 τῆς
1647 1800 1706 1851 ὲν

124 1905 401 1973 πνεύματι
436 1900 713 1970 γνώσεως,
751 1893 1194 1966 καταπυρσεύεις
1257 1893 1597 1962 αὐγάσματι.
1633 1890 1703 1943 Σὲ

123 2000 232 2069 γάρ
266 1995 473 2066 ὑψηλὸν
505 1991 721 2062 άληθῶς
752 1992 787 2061 ἡ
825 1988 1093 2059 ἀγγελικὴ
1128 1986 1375 2040 πολιτεία
1408 1986 1699 2056 πεποίηκε.

124 2091 193 2145 Σὲ
246 2088 311 2143 τὸ
348 2085 592 2157 καθαρόν
615 2101 676 2137 τε
703 2081 798 2136 καὶ
827 2081 1161 2152 θεωρητικὸν
1186 2082 1285 2144 τῆς
1314 2079 1450 2151 πρὸς
1475 2078 1534 2132 τδ
1561 2079 1703 2131 θεῖον

124 2178 361 2252 ἀληθοῦς
382 2176 733 2247 ἀνακράσεως
754 2172 872 2236 ,τὰς
893 2171 1179 2242 οὐρανίους
1204 2170 1399 2238 ἀψίδας
1424 2168 1702 2241 ὑπερπτῆ-

124 2289 210 2326 ναι
235 2270 426 2342 σχεδὸν
445 2264 879 2339 παρεσκεύασεν.
897 2261 1135 2317 Αὐτόθεν
1157 2278 1240 2314 σοι
1260 2261 1325 2333 δὴ
1348 2261 1444 2314 καὶ
1464 2260 1525 2313 τὸ
1548 2259 1705 2313 πολυ-

125 2362 262 2424 ειδὲς
298 2360 412 2413 τῶν
445 2357 677 2432 ἀρετῶν,
710 2349 755 2425 ᾧ
790 2355 860 2409 τὰ
897 2355 996 2425 τῆς
1032 2352 1345 2424 πρακτικῆς
1382 2351 1703 2421 φιλοσοφίας

126 2452 492 2516 συνείλεκται,
516 2450 676 2520 δίκην
702 2449 985 2520 μελίσσης,
1007 2443 1380 2514 ὲκπεριελόντι
1404 2442 1513 2497 τῶν
1533 2442 1703 2512 ἀγίων

123 2545 249 2609 τοῦς
278 2543 460 2614 βίουςο
486 2538 742 2595 κάκεῖθεν
761 2535 1144 2611 ὲρανισαμένῳ
1165 2532 1275 2589 τῶν
1299 2532 1513 2606 ἀρετῶν
1537 2534 1705 2605 ἀκρο-

128 2636 288 2690 θίνια.
316 2633 455 2687 Τίνα
488 2631 598 2702 γὰρ
630 2628 739 2685 τῶν
772 2627 985 2700 ἀρετῶν
1015 2626 1126 2679 τῶν
1158 2625 1330 2694 ἁγίων
1361 2625 1423 2679 οὺ
1460 2624 1706 2698 παρεξή-

124 2728 327 2791 λωσας,
371 2719 416 2779 ὧ
462 2725 679 2794 Πάτερς
706 2722 778 2776 Ἦ
818 2720 964 2783 τίνος
1007 2718 1120 2772 τῶν
1166 2718 1432 2788 ὑπερλίαν
1472 2718 1535 2772 οὑ
1579 2718 1702 2772 κατ’

128 2820 273 2890 ἴχνος
297 2811 601 2888 εὖὼδησας,
624 2813 659 2885 ἢ
684 2815 933 2885 κρεῖττον
954 2811 1154 2873 είπεῖν,
1176 2809 1283 2862 τίνι
1302 2810 1413 2864 τῶν
1435 2812 1560 2863 κατ’
1577 2810 1704 2879 ἀρε-

123 2914 226 2984 τὴν
256 2909 570 2981 ζησάντων,
600 2904 940 2978 ἁμιλληθεὶς,
973 2903 1035 2956 σὲ
1063 2901 1225 2958 αὐτὸν
1250 2902 1313 2956 οὐ
1340 2903 1667 2974 παρίσωσας
1684 2911 1711 2971 ;’

200 2989 377 3057 Ἅϐελ
409 3003 440 3055 ό
476 3000 702 3064 δίκαιος,
730 2984 824 3052 ἐπὶ
857 2998 974 3061 τοῖς
1004 2994 1199 3065 δώροις
1234 2993 1400 3048 αὑτοῦ
1439 2995 1700 3068 ἐπῃνέθη,

124 3095 296 3158 αὖτδς
335 3093 413 3160 δὲ,
452 3091 762 3146 δικαιότατε
806 3088 1008 3159 Πάτερ,
1052 3085 1226 3157 δῶρον
1266 3085 1389 3139 ὅλον
1430 3085 1493 3139 σὲ
1542 3086 1705 3140 αὑτὸν

126 3184 250 3257 Θεῷ
279 3183 360 3254 τῷ
390 3180 628 3236 ἀνενδεεϊ
657 3177 892 3246 λογικῶς
923 3174 1303 3236 άνατέθεικας.
1340 3174 1514 3246 Ἑνὼχ
1543 3176 1704 3247 ἠλπι-

1811 3179 1920 3234 lius
1947 3188 2093 3250 eget,
2142 3182 2403 3237 rationali
2443 3198 2673 3240 munere
2710 3185 3083 3241 consecrasti;
3116 3186 3300 3240 Enoch
3337 3185 3392 3239 in
3478 3188 3483 3193 ’

129 3293 224 3329 σεν
254 3273 351 3327 ἐπὶ
378 3272 605 3344 Κύριονθ
643 3267 806 3332 αὐτὸς
832 3267 890 3322 δὲ
917 3265 1017 3320 καὶ
1045 3264 1158 3319 τῶν
1187 3265 1710 3334 προσαποκειμένων

125 3367 367 3423 ἐλπίδων
399 3364 548 3437 ᾕδεις
586 3360 686 3424 τὰς
724 3359 1031 3426 ἀποδείξεις
1068 3358 1340 3427 ἐναργεῖς.
1368 3356 1513 3420 Ἔτι,
1541 3354 1711 3426 Ἑνὼχ

125 3458 503 3532 εὐαρεστήσας
531 3453 613 3525 τῷ
644 3452 765 3525 Θεῷ
803 3450 1086 3524 μετετέθη,
1111 3448 1273 3510 αὐτὸς
1306 3447 1365 3501 δὲ
1391 3447 1453 3500 τὸ
1479 3447 1579 3517 τῆς
1610 3447 1712 3518 ψυ-

125 3556 230 3626 χῆς
262 3553 521 3623 φρόνημα
552 3548 671 3602 ὅλον
698 3545 807 3601 ἀπὸ
834 3547 939 3617 γῆς
970 3546 1050 3608 είς
1080 3541 1311 3615 οὐρανὸν
1344 3543 1710 3615 μεταστήσας,

125 3648 252 3709 ὅλος
299 3664 320 3697 ι
364 3642 589 3712 ἐξέστης
625 3639 777 3710 Θεῷ,
833 3659 851 3691 ι
898 3638 967 3691 τὰ
1014 3637 1208 3708 ῥέοντα
1251 3634 1361 3689 τῶν
1408 3633 1709 3704 μελλόντων

126 3733 625 3803 ἀπαλλαξάμενος.
660 3730 787 3784 Νῶε
826 3728 1035 3791 δίκαιος
1072 3725 1180 3789 ῶν,
1215 3726 1309 3778 ἐπὶ
1341 3726 1462 3787 ταῖς
1496 3722 1711 3787 θυσίαις

126 3826 495 3887 εὐαπόδεκτος
531 3823 789 3891 γέγονεν·
831 3819 954 3873 ἐπεὶ
992 3818 1089 3872 καὶ
1126 3820 1196 3889 τῇ
1234 3816 1463 3889 λάρνακι
1500 3815 1709 3889 ξυλίνῃ,

127 3919 288 3983 ζώων
313 3916 529 3985 ἀλόγων
552 3915 685 3986 γένη
700 3912 927 3967 διέσωσε
943 3909 1037 3964 τοῦ
1066 3907 1456 3980 κατακλυσμοῦ
1484 3909 1584 3980 τὴν
1606 3907 1712 3980 γῆν

130 4008 583 4080 συγκαλύψαντος
604 4023 619 4038 ·
646 4006 810 4068 αὐτὸς
838 4003 896 4058 δὲ
922 4001 1143 4075 θύματα
1169 4002 1266 4056 καὶ
1293 4002 1466 4072 ἱερεῖα
1493 4001 1710 4070 λογικὰ,

124 4103 229 4167 τὰς
260 4099 533 4172 μυστικάς
557 4097 814 4170 λατρείας
838 4095 1173 4168 προσφέρεις
1193 4092 1333 4163 Θεῷ,
1355 4092 1522 4164 ἀλλην
1542 4092 1711 4147 κιϐω-

121 4196 220 4249 τδν
250 4194 470 4256 δεικνὺς
506 4191 603 4263 τὴν
633 4187 874 4260 Χριστοῦ
910 4186 1266 4257 Ἐκκλησίαν,
1300 4184 1555 4256 καθάπερ
1593 4184 1712 4250 ζῶα

122 4282 393 4354 πολυειδῆ
408 4282 457 4315 ’⁸
488 4282 557 4335 τὰ
591 4280 693 4349 τῆς
735 4278 1003 4350 αἱρέσεως
1039 4274 1417 4339 διασώζουσαν
1444 4276 1512 4345 τῇ
1550 4273 1710 4345 ὀρθο-

120 4376 291 4449 τομίᾳ
317 4376 430 4429 τῶν
455 4375 633 4443 λόγων
665 4388 782 4426 σου.
813 4362 1067 4440 Ἀδραάμ
1096 4372 1156 4422 ὲν
1184 4367 1461 4439 φιλοξενίᾳ
1489 4366 1588 4421 καὶ
1617 4384 1709 4437 φι-

120 4470 309 4542 λοθεῖᾳ
335 4467 697 4555 θαυμάζεται,
722 4464 820 4519 καὶ
846 4463 963 4535 ἃμα
991 4462 1141 4534 θῦμα
1165 4462 1354 4516 δεκτὸν
1377 4459 1594 4524 ἀθύτως
1616 4461 1709 4515 τὸν

1805 1425 2019 1484 locatus
2079 1430 2303 1497 throno,
2335 1434 2485 1490 velut
2529 1436 2826 1492 tenebroso
2856 1437 3002 1503 loco,
3042 1439 3251 1494 mundo
3287 1439 3391 1494 hoc

1805 1517 2048 1573 obscuro
2086 1535 2367 1594 caecoque,
2402 1526 2659 1583 subditas
2689 1543 2886 1584 omnes
2934 1544 3088 1595 oves,
3113 1545 3214 1587 ceu
3244 1547 3391 1602 prae-

1806 1617 1966 1667 tensa
1997 1612 2140 1679 face,
2166 1617 2234 1670 ad
2269 1617 2455 1673 lumen
2492 1619 2707 1676 ducens
2741 1622 2923 1676 noctis
2953 1624 3230 1689 nescium,
3257 1625 3391 1679 illu-

1808 1708 1954 1759 stras
1985 1719 2091 1760 :ac
2119 1707 2270 1761 velut
2303 1707 2372 1764 de
2409 1710 2630 1766 excelsa
2674 1713 2924 1791 specula,
2956 1728 3068 1768 non
3110 1700 3178 1770 iis
3210 1715 3389 1770 solum

1806 1796 1902 1866 qui
1962 1806 2094 1853 sunt
2147 1814 2344 1870 prope,
2380 1801 2475 1857 sed
2534 1811 2589 1857 et
2618 1803 2780 1874 longe
2836 1805 3060 1874 positis.
3119 1806 3389 1876 spiritalis

1806 1889 2052 1944 scientiae
2095 1905 2227 1947 vero
2285 1892 2464 1961 radio,
2509 1895 2800 1964 praeluces.
2837 1895 3008 1953 Plane
3033 1900 3180 1954 enim
3215 1899 3392 1956 subli-

1806 1996 1949 2036 mem
1976 1981 2104 2037 l‘ecit
2138 1986 2391 2055 angelica
2427 1986 2553 2042 vitae
2601 1988 2859 2044 instituta
2893 1991 3057 2046 ratio.
3082 1989 3257 2058 Fecit,
3294 2006 3386 2046 ve-

1761 2146 1773 2159 l
1805 2087 1881 2127 ra:
1910 2073 1976 2127 ad
2019 2073 2188 2129 Deum
2217 2077 2366 2131 velut
2408 2081 2828 2150 temperatiouis
2887 2081 3104 2153 puritas
3134 2090 3388 2140 contem-

1806 2162 2108 2234 platioque,
2159 2174 2219 2219 ut
2249 2182 2386 2237 pene
2418 2170 2680 2226 caelestes
2723 2186 2855 2228 axes
2883 2174 3070 2229 volatu
3099 2182 3388 2231 transcen-
3466 2234 3469 2237 λ

1805 2253 1983 2308 deres.
2016 2254 2147 2311 Inde
2167 2265 2223 2311 et
2256 2257 2353 2312 tibi
2373 2259 2728 2317 multiformis
2755 2262 2849 2317 illa
2879 2264 3088 2330 virtus,
3113 2266 3387 2334 qua,apis

1806 2344 2006 2414 instar,
2060 2356 2384 2405 sanctorum
2440 2353 2593 2408 velut
2652 2354 2960 2424 decerpens
3010 2356 3176 2422 vitas,
3209 2371 3390 2427 exque

1805 2438 1888 2493 eis
1912 2439 2178 2495 virtutum
2207 2443 2393 2514 opima
2446 2459 2771 2517 corrogans,
2798 2447 3036 2515 positam
3088 2448 3144 2503 in
3173 2448 3390 2504 actione

1806 2531 2213 2604 philosophiam
2256 2537 2503 2610 collegit.
2539 2538 2714 2606 Quam
2738 2540 2886 2595 enim
2914 2549 3238 2597 sanctorum
3276 2542 3391 2595 vir-

1807 2630 1980 2680 tutem
2011 2641 2121 2682 non
2155 2643 2216 2684 es
2244 2629 2554 2698 aemulatus,
2581 2648 2615 2687 ο
2665 2630 2871 2688 Pater?
2908 2632 3153 2699 Quemve
3209 2632 3389 2688 maxi-

1756 2781 1761 2786 ,
1806 2729 1958 2770 mum
1997 2731 2111 2773 non
2139 2734 2171 2775 e
2199 2721 2436 2791 vestigio
2487 2721 2725 2778 feliciter
2789 2734 3019 2779 secutus
3043 2724 3142 2781 es?
3174 2723 3291 2791 Vel,
3328 2732 3392 2781 ut

1807 2806 2005 2865 melius
2035 2810 2251 2882 loquar,
2303 2827 2597 2884 quemnam
2648 2829 2840 2870 eorum
2895 2816 2991 2886 qui
3026 2816 3214 2873 vixere
3243 2830 3275 2873 e
3301 2831 3394 2873 ra-

1807 2898 1958 2956 tione
1986 2901 2231 2970 virtutis,
2274 2906 2583 2962 c'ertamine
2620 2921 2731 2964 non
2762 2909 3041 2979 aequasti?

1876 2994 2010 3050 Abel
2037 2995 2127 3050 ille
2147 2995 2336 3066 justus
2356 3004 2577 3068 propter
2600 3012 2830 3054 munera
2859 2997 3075 3055 laudem
3100 3000 3303 3057 meruit
3323 3010 3390 3065 p;

1808 3096 1865 3141 tu
1888 3096 2094 3156 autem,
2121 3089 2284 3145 Pater
2314 3089 2646 3160 iustissime,
2679 3101 2854 3148 totum
2895 3101 2971 3159 te,
3002 3094 3114 3149 Deo
3140 3094 3232 3164 qui
3263 3093 3389 3149 nul-

1812 3267 2049 3325 Domino
2084 3269 2500 3344 speravit(6£)tl
2522 3283 2614 3341 ;tu
2637 3284 2820 3330 autem
2834 3275 3002 3331 etiam
3041 3288 3237 3331 eorum
3271 3288 3395 3344 qua!

1812 3359 1869 3413 in
1909 3374 2007 3430 spe
2036 3362 2275 3430 reposita
2293 3370 2478 3418 essent
2505 3363 2873 3420 exhibitiones
2905 3364 3194 3434 perspicue
3223 3380 3394 3422 nove-

1812 3464 1923 3505 ras.
1951 3450 2244 3519 Praeterea,
2275 3450 2465 3507 Enoch
2500 3467 2626 3507 cum
2653 3452 2766 3508 Deo
2784 3453 3107 3523 placuisset,
3142 3453 3394 3508 transla-

1811 3546 1902 3595 tus
1937 3548 2024 3596 est
2055 3549 2120 3592 τε
2156 3549 2215 3594 ιιι
2254 3548 2439 3596 autem
2476 3550 2593 3597 toto
2641 3542 2811 3597 animi
2855 3557 3024 3598 sensu
3078 3558 3109 3598 e
3157 3550 3306 3599 terra
3337 3545 3391 3598 iu

1813 3632 2015 3687 emtum
2051 3631 2346 3695 translato,
2381 3631 2526 3687 ﬂuxa
2592 3632 2710 3688 haec
2743 3632 2953 3689 futuris
3006 3645 3393 3699 comminans,

1811 3730 1963 3777 totus
2001 3741 2021 3775 ι
2054 3723 2343 3779 excessisti
2375 3722 2484 3778 Deo
2510 3726 2594 3778 ³.»
2627 3721 2743 3780 Noe
2769 3725 2852 3778 vel
2876 3724 3065 3795 justus
3096 3724 3153 3780 in
3190 3726 3395 3782 oblatis

1812 3815 2053 3871 victimis
2077 3823 2339 3886 acceptus
2365 3813 2468 3870 fuit
2488 3815 2507 3853 ί
2537 3832 2552 3881 ;
2578 3815 2724 3870 unde
2750 3825 2805 3871 et
2827 3815 3117 3871 brutarum
3141 3816 3395 3870 animau-

1813 3907 1950 3963 tium
1991 3907 2232 3979 species,
2261 3906 2469 3989 diluvio
2507 3916 2716 3963 terram
2764 3908 3094 3975 iuundante,
3162 3922 3292 3963 arca
3322 3910 3395 3963 li-

1810 4011 1952 4069 gnea
2023 3997 2094 4053 ab
2163 3997 2387 4054 interitu
2450 3998 2659 4069 eripuit
2705 4014 2721 4053 :
2773 4009 2835 4055 tu
2892 4008 3079 4054 autem
3137 4000 3394 4055 victimas

1811 4090 2110 4147 rationales
2156 4090 2432 4147 sacriﬁcia
2462 4090 2739 4162 spiritalia
2791 4090 2901 4148 Deo
2937 4090 3199 4158 offerens,
3245 4092 3397 4149 velut

1811 4198 1995 4240 arcam
2022 4182 2187 4239 aliam
2219 4183 2446 4239 exhibes
2479 4182 2575 4240 Dei
2608 4181 2913 4239 Ecclesiatu
2940 4201 2957 4251 ;
3009 4199 3141 4255 qua.
3172 4193 3393 4240 tuorum

1812 4289 2131 4331 sermonum
2157 4289 2295 4332 sana
2338 4273 2620 4342 doctrina,
2648 4289 2749 4330 ceu
2781 4275 3135 4349 diversarum
3179 4280 3386 4347 specie-

1810 4381 1936 4422 rum
1992 4366 2275 4431 animalia,
2342 4366 2728 4422 haereticorum
2765 4365 2972 4423 diversi
3026 4375 3208 4422 cretus
3255 4368 3393 4423 salvi

1812 4459 1965 4513 llant.
2007 4458 2284 4515 Abraham
2318 4457 2718 4527 hospitalitatis
2737 4458 2962 4515 nomine
2979 4467 3036 4514 et
3068 4459 3293 4529 pietatis
3333 4459 3391 4513 in

121 4563 182 4628 ἑξ
209 4530 540 4630 ἐπαγγελίας
567 4538 684 4612 υίλν
712 4530 1010 4629 προσάγων
1038 4530 1179 4626 ὀεῷ,
1202 4554 1703 4625 μακαρίζεται¹·αῠ-

1811 4549 1982 4607 Deum
2014 4550 2444 4606 admirationem
2478 4551 2642 4607 habet
2665 4562 2716 4618 ιι,
2754 4550 3042 4621 liliumque
3066 4559 3388 4621 susceptum

122 4652 217 4717 τὸς
246 4651 329 4717 δὲ,
360 4650 596 4722 Χριστὸν
624 4648 786 4704 αὐτὸν
816 4645 1060 4717 ξενάγεις
1091 4644 1286 4699 ἐσθίων
1315 4644 1440 4698 καθ’
1463 4644 1699 4716 ἡμέραν,

125 4741 267 4814 [καὶ]
294 4742 676 4814 πνευματικῆς
707 4741 1023 4812 μεταδιδοὺς
1049 4736 1333 4810 τραπέζης
1357 4738 1484 4801 τοὺς
1510 4739 1701 4805 ἐντυγ-

121 4837 388 4904 χάνοντας
411 4851 427 4866 '
461 4834 555 4889 καὶ
587 4834 710 4906 θύῃ,
740 4835 802 4887 οὐ
830 4834 923 4886 τὸν
950 4831 1233 4902 ἀγαπητὸν
1259 4831 1393 4894 υἱὸν,
1421 4831 1453 4901 ἢ
1488 4831 1698 4901 πρόϐα-

186 5024 210 5045 '
235 5012 479 5083 Philipp.
519 5028 580 5072 ll.
638 5012 765 5083 15._
802 5022 831 5061 ιι
867 5007 1009 5065 Gen.
1040 5024 1118 5083 tv.
1154 5008 1213 5062 4.
1289 5018 1318 5058 (ι
1347 5006 1486 5064 Gen.
1517 5022 1570 5071 ν,
1609 5006 1703 5063 24.

122 5093 149 5121 ⁸
180 5084 323 5141 Gen.
355 5079 513 5151 x'vitt,
538 5084 603 5147 ,2.
676 5094 707 5121 ν
729 5080 868 5137 Gen.
897 5095 1036 5144 χιιι,
1066 5079 1144 5138 16.

1812 4658 1879 4699 ex
1932 4644 2385 4712 repromissione,
2453 4639 2738 4699 victimam
2829 4643 2953 4699 sine
3011 4641 3388 4699 immolatione
3460 4683 3465 4689 .

1810 4743 2115 4804 acceptam,
2168 4733 2281 4791 Deo
2328 4734 2590 4802 oﬂ‘erens,
2622 4735 2818 4791 beatus
2848 4734 3188 4805 praedicatur
3211 4743 3279 4803 V;
3327 4740 3384 4787 tu

1808 4838 2013 4893 autem,
2070 4826 2414 4883 manducans
2478 4827 2732 4898 quotidie
2790 4827 2928 4900 (θῖ),
2979 4836 3142 4898 atque
3176 4842 3272 4883 eos
3297 4828 3392 4898 qui

1784 5017 1806 5044 τ
1842 5010 2102 5071 llebr.ytt,
2139 5007 2193 5061 5.
2275 5013 2296 5040 ⁸
2331 5005 2374 5062 ll
2407 5007 2535 5063 Cor.
2584 5024 2639 5075 v,
2695 5011 2783 5066 15.
2890 5012 2911 5049 ί
2944 5010 3080 5068 Gen.
3151 5029 3269 5081 vttt,
3298 5010 3388 5068 2|.
3426 5074 3434 5085 ι

1390 5149 1625 5206 VARI/{'3
1664 5151 2046 5208 LECTIONES

1394 5285 1786 5343 COMBEFISII
1816 5286 2050 5344 NOTE.

187 5224 237 5259 "
260 5224 429 5278 .lslz.
452 5239 527 5280 τι.

191 5409 304 5480 (60)
347 5397 453 5480 Qui
507 5407 718 5480 verbum
767 5406 888 5457 vita:
940 5401 1232 5480 contineas,
1278 5409 1408 5480 etc.‘
1444 5400 1515 5457 Ut
1548 5404 1696 5473 apud

125 5471 386 5540 Paulum,
428 5478 505 5531 ita
551 5476 663 5537 hic,
719 5481 905 5543 potest
933 5471 1275 5543 participium
1321 5471 1694 5534 referre,tutn

125 5566 281 5619 quem
302 5548 604 5619 alloquitur
626 5540 929 5619 Nicolaum,
955 5551 1068 5619 tum
1094 5540 1380 5611 φωστῆρα,
1404 5544 1495 5619 cui
1516 5544 1697 5611 ipsum

127 5611 716 5691 comparat.ilieferunt
741 5613 854 5669 fere
880 5611 1384 5691 Pauliinterpretes
1413 5614 1481 5668 ad
1513 5629 1699 5681 perso—

127 5705 218 5748 nas
245 5682 302 5745 et
356 5689 736 5758 Philippenses
784 5697 927 5756 quos
982 5682 1264 5752 dilaudal,
1303 5697 1467 5752 quem
1505 5694 1558 5738 et
1592 5699 1698 5740 nos

127 5774 340 5817 sensum
368 5762 544 5814 secuti
582 5771 795 5812 sumus.

185 5833 302 5905 (οι)
339 5828 523 5885 Enoclt
544 5829 601 5882 in
645 5826 870 5882 Domino
894 5824 1144 5894 speravit.
1176 5825 1495 5891 Apostolus,
1528 5822 1694 5881 Hebr.

395 5924 666 5983 ΡΑτιιοι.
713 5920 828 5980 Gn.
862 5920 1100 5983 XCVII.

1806 5419 1886 5469 xl,
1914 5405 2036 5460 lidei
2062 5404 2294 5472 tribuit;
2330 5423 2518 5463 verum
2575 5422 2683 5460 non
2742 5405 2986 5461 excludit
3032 5420 3209 5473 spem,
3263 5419 3383 5471 qua:

1806 5485 1859 5531 et
1889 5475 2005 5543 ipsa
2046 5482 2362 5533 necessaria
2399 5478 2500 5533 fuit
2528 5486 2587 5531 ut
2612 5478 2851 5547 placeret
2888 5475 3021 5538 Deo,
3051 5475 3384 5547 plurimum-

1806 5562 1916 5615 que
1949 5547 2122 5601 valuit
2147 5547 2214 5601 ad
2253 5549 2373 5616 ejus
2399 5545 2843 5610 translationem,
2878 5547 3027 5602 velut
3059 5545 3161 5616 viri
3202 5546 3294 5616 qui
3318 5558 3385 5598 ea

1808 5614 2104 5671 subvectus
2131 5632 2197 5671 ac
2223 5614 2371 5674 totus
2404 5619 2725 5674 caalestibus
2753 5618 2993 5682 inhians,
3028 5614 3119 5670 vix
3144 5632 3252 5671 non
3282 5614 3387 5668 hu—

1808 5687 2009 5758 manis,
2041 5687 2218 5758 adhuc
2248 5704 2478 5758 corpore
2505 5690 2717 5752 vivens,
2740 5688 3050 5744 excessisse
3074 5686 3382 5758 videretur.

1881 5755 2359 5829 (62)_Manducmts
2405 5758 2657 5829 quotidie.
2710 5758 2936 5812 Ἐσθίων
2991 5755 3116 5811 καθ’
3147 5756 3377 5826 ἡμέραν.

1812 5826 1905 5880 Pia
1954 5826 2246 5885 admodum
2298 5826 2535 5902 veraque
2590 5830 2985 5887 consideratio.
3044 5828 3119 5882 Ea
3158 5831 3383 5898 pietate,

2991 5922 3066 5985 38
3327 5907 3358 5931 ⁸
