3824 6212
112 385 242 451 1197

1403 381 1485 444 ΙΝ
1518 382 1579 442 S.
1626 379 2050 443 NICOLAUM.

3229 379 3365 444 1193

104 505 222 558 ὅλου
255 498 582 570 γενόμενος,
620 495 896 568 ὀφθαλμὸς
929 496 1026 567 τῆς
1060 487 1380 566 Ἐκκλησίας
1414 498 1480 566 τῇ
1519 497 1674 566 μερι-

1790 492 1944 549 modo
1967 491 2264 547 imitandus
2286 491 2654 562 proposuisti,
2687 492 2785 549 sed
2815 500 2867 546 et
2887 492 3096 548 Christi
3121 495 3368 567 discipu-

108 609 242 665 μνῃ,
285 590 386 644 καὶ
430 588 663 656 σάλπιγξ
704 586 898 658 εθηχος
931 585 1326 656 ὲχρημάτισας.
1365 586 1481 640 Νῦν
1503 586 1548 617 ³⁸
1589 586 1683 640 καὶ

104 686 283 739 εἰπεῖν
309 681 544 752 ἀληθῶς,
576 680 632 733 τὸ
663 681 933 751 γραφικδν
964 683 1140 732 έκεῖνο
1175 678 1339 750 ῥητόν
1362 694 1376 710 ·
1418 697 1437 728 ι
1475 679 1681 749 Μνήμη

103 775 333 831 δικαίων
364 772 514 846 [μετ’
539 770 848 842 ἐγκωμίων.
885 769 942 834 ι]
976 771 1086 824 Kal.
1106 812 1121 824 .
1158 789 1176 820 ‹
1213 771 1308 834 Εἰς
1338 770 1684 841 μνημόσυνον

1790 768 1954 824 nobis
1994 775 2338 824 sacramenta
2397 767 2622 838 detegit.
2672 768 2878 825 llorum
2939 770 3062 840 ipse
3120 780 3370 826 sectator
3467 770 3472 774 ’

1790 585 2115 656 los,quibus
2142 585 2316 654 gratia
2346 597 2400 641 et
2436 587 2638 641 veritas
2667 586 2964 641 tenebroso
2988 586 3245 657 legalium
3277 605 3366 644 ve-

1791 678 1872 732 lut
1895 676 2087 732 collari
2113 677 2297 730 laxato
2327 675 2462 745 (65),
2489 679 2604 732 veri
2638 679 2692 732 in
2723 679 2922 748 spiritu
2974 681 3154 735 cultus
3188 680 3367 751 palam

104 866 323 922 αἰώνιον
356 865 513 917 ἐσται
545 862 773 923 δίκαιος.
814 879 833 912 ι
870 862 983 914 Καὶ
1021 861 1166 930 μάλα
1203 861 1449 924 εἰκότως.
1479 862 1684 930 Ἑγκω-

1791 877 1889 932 per
1940 863 2125 916 omnia
2185 861 2386 929 factus,
2436 862 2695 917 Ecclesia:
2738 863 2934 918 oculus
2992 864 3370 918 sollicitudine

108 953 444 1027 μιαζομένου
465 953 572 1023 γὰρ
591 951 827 1017 δικαίου,
844 951 1315 1022 εὐφρανθήσονται
1336 951 1457 1004 λαοὶ
1480 950 1683 1006 πολλοί.

1792 967 1856 1008 ac
1885 953 2016 1008 tuba
2052 969 2250 1009 sonora
2308 953 2482 1008 fuisti.
2513 952 2706 1008 Fuerit
2756 954 2866 1024 jam
2895 971 3024 1011 vere
3047 957 3196 1026 loqui
3231 956 3368 1010 illud

107 1046 410 1116 Scriptura:
439 1060 452 1096 :
493 1060 511 1093 ι
539 1039 1096 1110 Memoriajustorum
1122 1056 1247 1096 cum
1272 1041 1542 1096 encomiis
1567 1042 1615 1095 δ.
1647 1060 1666 1093 ι
1711 1041 1779 1097 Ει
1805 1061 1819 1099 z
1842 1062 1881 1122 ,ι
1913 1043 1969 1098 In
2017 1045 2286 1099 memoria
2317 1053 2522 1100 aeterna
2554 1045 2657 1100 erit
2684 1045 2868 1115 justus
2897 1047 2969 1103 δ’.
3007 1067 3025 1098 ι
3071 1051 3149 1103 Ac
3206 1047 3370 1119 plane

103 1141 326 1196 merito.
385 1135 544 1192 Justo
595 1137 743 1191 enim
791 1136 1064 1190 encomiis
1093 1135 1394 1200 celebrato,
1428 1136 1677 1193 futurum
1715 1148 1800 1197 est
1825 1147 1885 1194 ut
1917 1139 2076 1194 malli
2107 1141 2295 1212 populi
2329 1140 2604 1195 laetentur.

172 1236 289 1289 Καὶ
316 1233 400 1296 τίς
431 1231 497 1285 ἂν
525 1230 767 1294 ἐπαξίως
811 1229 1069 1299 ἀφίκοιτο
1121 1231 1228 1284 τῶν
1260 1232 1482 1302 σεμνῶν
1513 1235 1689 1302 ἐγκω-

106 1326 273 1395 μίων,
303 1324 459 1394 ἢτῶν
491 1321 600 1373 σῶν
625 1321 770 1374 κατά
815 1319 908 1372 τὸν
933 1319 1051 1390 βίον
1113 1321 1688 1394 μεγαλουργημάτων,

103 1414 502 1488 ἀνυμνῆσαιτὸ
535 1412 784 1482 μέγεθος,
845 1414 1193 1484 πολυΰμνητε
1259 1415 1444 1486 Πάτερ
1479 1433 1494 1479 ;
1542 1415 1613 1469 El
1633 1433 1688 1469 τι

102 1510 216 1578 γὰρ
241 1508 307 1562 ἂν
324 1524 384 1559 σε
404 1505 500 1559 καὶ
524 1505 775 1575 εἴπομεν.
803 1504 1022 1558 ἀποδέει
1054 1505 1272 1569 πάντως
1300 1508 1400 1576 τῆς
1430 1507 1689 1578 ἀληθείας

102 1602 132 1653 ὀ
167 1600 347 1667 λόγος.
386 1598 496 1650 Kal.
522 1598 570 1649 el
598 1595 1035 1668 παρεικάζεσθαι
1075 1597 1403 1669 θελήσαιμεν
1432 1603 1545 1664 τοῖς
1575 1603 1687 1664 σοῖς

101 1696 176 1748 τὰ
227 1694 428 1764 ἑτέρων
474 1690 902 1761 κατορθώματα,
970 1692 1184 1761 ἀνάγκη
1243 1693 1394 1746 πᾶσα
1451 1693 1684 1746 κατόπιν

102 1785 306 1850 ἐλθεῖν,
347 1784 461 1836 τῶν
505 1783 852 1853 πραγμάτων
882 1784 949 1836 τά
977 1783 1417 1854 παραδείγματα.
1454 1782 1588 1836 Τίνα
1623 1800 1684 1836 σε

99 1879 288 1932 τοίνυν
317 1877 581 1945 είπομενς
617 1873 906 1944 Γεωργόν;
953 1873 1092 1926 Ἀλλ’
1122 1873 1418 1945 ἀληθεύσει
1467 1874 1684 1938 πάντως

101 1969 330 2036 ὁλόγος,
373 1963 729 2036 θεωρητικῶς
784 1964 1286 2034 ὲκλαμθανόμενος.
1332 1965 1520 2035 Πάσης
1574 1965 1684 2035 γὰρ

1861 1233 1998 1300 Quis
2029 1248 2180 1300 vero,
2231 1234 2615 1291 laudatissime
2645 1234 2828 1300 Pater,
2865 1237 3211 1292 venerabiles
3240 1246 3369 1295 tuas

1789 1325 1980 1379 laudes
2023 1325 2162 1380 satis
2207 1325 2452 1392 edicere,
2507 1342 2575 1382 ac
2620 1342 2715 1396 per
2741 1327 2909 1380 vitam
2957 1328 3245 1396 magnifice
3270 1345 3370 1398 ge-

1789 1426 2004 1474 storum
2054 1418 2515 1489 magnitudinem,
2584 1419 2873 1474 celebrare
2933 1420 3148 1476 valeat?
3200 1421 3372 1488 Quid-

1789 1510 1920 1582 quid
1958 1512 2106 1566 enim
2145 1512 2198 1564 in
2231 1521 2281 1566 te
2312 1511 2643 1580 dixerimus,
2695 1515 2858 1584 plane
2885 1514 3117 1583 jejunus
3177 1532 3364 1571 sermo

1790 1616 1819 1654 a
1855 1601 2088 1655 veritate
2122 1600 2410 1658 defecerit.
2439 1601 2794 1672 Prorsusque
2827 1618 3060 1658 necesse
3090 1614 3176 1659 est
3207 1615 3290 1673 ut,
3321 1607 3369 1662 si

1787 1709 1876 1749 res
1903 1694 2138 1748 aliorum
2166 1695 2432 1763 praeclare
2450 1702 2638 1764 gestas
2693 1696 2804 1750 tuis
2832 1696 3068 1752 velimus
3090 1697 3368 1763 conferre,

1786 1782 2212 1854 haudquaquam
2239 1785 2494 1852 exempla
2524 1800 2614 1840 res
2644 1786 3006 1854 azquaverint.
3040 1787 3212 1852 Quem
3239 1804 3371 1860 ergo

1785 1886 1838 1930 te
1862 1877 2157 1932 dicemus?
2191 1875 2333 1931 Num
2377 1879 2727 1948 agricolam?
2760 1878 2934 1934 Plane
2979 1897 3170 1934 verum
3201 1883 3371 1938 habe-

1784 1968 1868 2023 bit
1904 1969 2108 2033 oratio,
2138 1969 2384 2039 spiritali
2436 1984 2606 2024 sensu
2649 1969 2952 2024 intellecta.
2989 1969 3184 2025 Totius
3220 1973 3368 2026 enim

101 2059 240 2130 ἐμοῦ
277 2062 378 2128 τῆς
403 2057 623 2111 Λυκίων
661 2056 955 2126 ἐπαρχίας,
1001 2055 1072 2110 τά
1110 2055 1306 2125 λογικά
1332 2057 1683 2126 γεηπονήσας

1790 2050 2082 2130 provincia:
2132 2060 2312 2131 Lyciae
2360 2061 2601 2116 excultis
2643 2060 3014 2118 rationalibus
3076 2063 3253 2133 agris,
3288 2063 3368 2118 in-

100 2152 376 2222 γεώργια,
405 2150 505 2218 τῆς
545 2149 642 2218 μὲν
690 2147 952 2211 ἀπιστίας
981 2148 1080 2210 τὰς
1111 2148 1352 2212 ἀκάνθας
1379 2148 1635 2218 ἐξέτεμες
1668 2164 1681 2178 ο

97 2245 199 2313 τῆς
249 2240 641 2303 εὐσεϐείαςδὲ
695 2239 788 2292 τὸν
850 2239 1030 2305 ζῶντα
1080 2239 1238 2309 λόγον
1289 2240 1683 2312 κατέσπειρας,

99 2337 198 2388 καὶ
219 2329 334 2387 οἷον
359 2332 667 2402 ἀποθήκαις
696 2335 950 2395 σιτικοῖς,
984 2334 1098 2395 τοῖς
1130 2331 1385 2403 ψυχικοῖς
1409 2333 1686 2403 ταμιείοις

98 2422 495 2492 πνευματικῶς
554 2421 822 2476 ὲναπέθου
886 2424 979 2474 τὸν
1018 2423 1252 2492 ἄμητον.
1298 2423 1686 2492 Ἀρχιτέκτονά

100 2532 160 2568 σε
179 2515 451 2584 εῐπομεν;
480 2513 556 2566 Οὐ
577 2512 899 2583 ψευσόμεθα
929 2529 944 2545 ⁸
981 2512 1203 2583 βωμοὺς
1259 2515 1366 2585 γὰρ
1423 2515 1680 2582 εἰδώλων,

102 2609 194 2661 καὶ
235 2605 516 2675 δαιμόνων
578 2605 838 2676 μυσαρῶν
898 2605 1286 2675 ἐφιδρύσματα
1340 2606 1590 2672 καθεῖλες
1615 2611 1682 2679 τῇ

102 2699 323 2768 μηχανῇ
376 2695 484 2748 τῶν
530 2695 820 2767 δογμάτων
873 2713 964 2750 σου
1001 2713 1015 2728 ”
1052 2696 1279 2767 Χριστῷ
1329 2699 1472 2752 κατά
1517 2699 1684 2752 τόπον

111 2788 446 2857 Ἐκκλησίας
469 2787 798 2858 ἀνέστησας,
833 2789 1039 2858 τεμένη
1065 2789 1162 2842 καὶ
1193 2790 1357 2853 ναοὺς
1385 2789 1684 2861 μαρτύρων

96 2881 429 2950 δειμάμενος
484 2882 663 2953 ἱεροὺς
719 2881 818 2933 xal.
875 2881 1232 2950 σεδασμίους.
1292 2881 1406 2936 Καὶ
1447 2881 1523 2946 ὡς
1584 2883 1683 2954 μὲν

96 2974 374 3044 γεωργὸς,
393 2975 492 3038 τὰς
515 2973 810 3042 νεοφύτους
841 2973 936 3026 καὶ
967 2972 1196 3041 λογικὰς
1221 2972 1508 3044 ἀμπέλους
1552 2974 1684 3027 καλ-

96 3067 364 3138 λιεργῶν,
421 3067 692 3137 εὐφόρους
727 3063 1022 3128 ἀπέδειξας
1047 3081 1059 3094 ·
1091 3064 1163 3127 ὡς
1191 3064 1247 3118 δὲ
1280 3064 1442 3134 σοφὸς
1464 3065 1685 3136 ἀρχιτέ-

99 3175 248 3211 κτων
270 3157 624 3227 Ἐκκλησίας,
652 3155 744 3208 ἐπὶ
766 3153 845 3224 τῷ
870 3155 1107 3224 θεμελίῳ
1142 3154 1245 3223 τῆς
1277 3154 1516 3218 πίστεως
1545 3171 1683 3208 κατ-

99 3248 424 3319 εστήριξας,
460 3251 526 3319 τῇ
557 3245 939 3318 ἀρχιτεκτονίᾳ
986 3244 1082 3298 τοῦ
1128 3242 1463 3312 πνεύματος.
1492 3243 1558 3296 Tl
1589 3240 1684 3298 οὖν

100 3360 160 3396 σε
189 3341 538 3412 καλέσομεν;
571 3339 958 3410 Στρατιωτήν;
1008 3335 1138 3392 Ναί.
1173 3335 1282 3387 Kal
1307 3334 1415 3405 γὰρ
1453 3330 1564 3388 οἷόν
1597 3353 1684 3397 τις

55 3435 334 3503 ’ὁπλίτης
397 3432 786 3502 στρατιάρχος,
837 3429 982 3482 κατά
1037 3427 1145 3479 τῶν
1172 3425 1426 3496 ἀοράτων
1470 3425 1684 3495 ἐχθρῶν

100 3526 592 3599 στρατευσάμενος
624 3564 641 3590 ,
701 3542 720 3574 ι
769 3522 868 3592 τὴν
955 3517 1294 3587 παντευχίαν
1361 3517 1457 3570 τοῦ
1525 3516 1685 3598 λόγου

100 3619 368 3690 περιέθου
389 3635 404 3650 ο
442 3637 461 3669 ι
499 3615 950 3689 περιζωσάμενος
984 3610 1122 3684 [τὴν
1151 3609 1324 3679 ὀσφύν
1356 3627 1450 3663 σου
1474 3611 1531 3662 έν
1553 3609 1687 3680 ἀλη-

99 3715 252 3784 θείᾳ,
282 3713 380 3764 καὶ
411 3709 775 3779 ἐνδυσάμενος
809 3706 901 3759 τὸν
933 3704 1160 3775 θώρακα
1189 3702 1564 3772 δικαιοσύνης,
1597 3701 1691 3756 καὶ

100 3803 520 3872 ὑποδυσάμενος
548 3800 675 3863 τοὺς
711 3797 877 3858 πόδας
912 3797 976 3862 ἐν,
997 3792 1293 3863 ἑτοιμασίᾳ
1319 3790 1416 3844 τοῦ
1452 3792 1694 3859 Εὑαγγεο

100 3894 225 3946 λίου
249 3892 350 3962 τῆς
381 3891 624 3965 εἰρήνης.
652 3887 712 3957 ι]
751 3886 843 3939 Διὸ
868 3885 946 3955 τῷ
987 3884 1086 3955 μὲν
1118 3883 1313 3954 κράνει
1343 3881 1445 3952 τῆς
1479 3880 1683 3953 [σωτη-

105 3988 257 4056 ρίας.
289 3984 311 4056 ]
348 3985 447 4047 τάς
506 3980 816 4052 προσϐολάς
867 3978 976 4031 τῶν
1002 3976 1191 4030 παθῶν
1220 3975 1684 4046 ἀποκρουόμενος,

102 4079 317 4146 πέτρας
364 4076 521 4145 δίκην
587 4071 834 4142 ἀτρέμας
861 4070 955 4123 καὶ
1008 4068 1407 4130 ἀκατάσειστος
1462 4067 1683 4131 ἵστατο,

104 4171 295 4222 πᾶσαν
348 4164 632 4220 ὲναντίων’
671 4159 1003 4231 ἀντιπλοκὴν
1032 4158 1434 4231 διορθούμενος.
1471 4157 1686 4210 Ἀσπίδι

1709 3396 1754 3454 ο

102 4261 186 4323 δὲ,
216 4262 280 4329 τῇ
312 4257 547 4328 ἀσείστῳ
574 4255 920 4327 κεχρημένος
951 4252 1153 4317 ἑλπίδι,
1180 4253 1276 4306 καὶ
1307 4252 1436 4314 τοὺς
1465 4250 1685 4321 βάλλειν
1731 4321 1739 4329 ⁸

101 4347 427 4418 τολμῶντας
460 4347 826 4410 ὑπαντιάζων,
854 4341 1216 4406 ἀντιτοξεύεις
1237 4359 1250 4370 ·
1286 4339 1405 4394 εἶτα
1430 4341 1692 4411 γενναίως

1787 2148 2072 2206 fidelitatis
2106 2150 2335 2221 quidem
2367 2150 2623 2206 excidisti
2689 2152 2877 2221 spinas
2921 2153 3200 2208 viventem
3237 2169 3368 2209 vero

1787 2242 2072 2298 seminasri
2109 2243 2342 2313 pietatis
2391 2258 2741 2310 sermonem;
2778 2257 2843 2298 ac
2875 2245 3025 2298 velut
3062 2245 3368 2302 frumenta-

1785 2335 1886 2389 riis
1922 2335 2165 2402 horreis,
2199 2335 2514 2390 animarum
2548 2334 2826 2406 pentibus,
2859 2351 3094 2392 messem
3137 2338 3366 2394 uberem

1787 2425 2119 2494 spiritaliter
2193 2425 2516 2481 condidisti.
2609 2423 2869 2480 Dicemus
2946 2426 3368 2481 architectum?

1786 2515 1931 2572 Vera
1993 2516 2100 2572 erit
2143 2499 2359 2583 oralio;
2416 2516 2609 2572 solerti
2665 2515 2813 2570 enim
2867 2516 3185 2587 dogmatum
3225 2528 3365 2584 arte,

1785 2607 2060 2662 idolorum
2123 2622 2272 2672 aras,
2331 2607 2754 2678 daemonumque
2817 2607 3109 2663 odibilium
3179 2609 3364 2675 sedes,

1784 2699 2067 2764 evertisti;
2112 2715 2177 2754 ac
2218 2699 2430 2754 Christi
2503 2715 2602 2769 per
2657 2700 2777 2754 loca
2826 2700 3095 2756 ecclesias
3122 2701 3362 2772 erigens.

1785 2792 2019 2848 delubra
2049 2807 2320 2863 sacraque
2356 2801 2412 2848 et
2437 2793 2778 2848 venerabilia
2815 2803 3122 2864 martyrum
3160 2795 3365 2864 templa

1786 2883 2139 2938 exstruxisti.
2168 2885 2247 2938 Ac
2277 2899 2434 2938 more
2461 2884 2687 2954 quidem
2719 2883 2826 2938 viri
2854 2884 3128 2955 agricolae,
3162 2901 3364 2941 novum

1786 2982 1942 3028 satas
2002 2983 2056 3026 ct
2104 2975 2409 3029 rationales
2465 2976 2605 3030 vites
2684 2976 2918 3045 pulchre
2974 2991 3039 3032 ac
3097 2986 3220 3033 arte
3274 2993 3368 3032 co-

1786 3065 1903 3120 lens
1931 3065 2070 3137 (64),
2102 3065 2314 3120 fructus
2343 3066 2564 3136 plurimi
2590 3066 2767 3138 fecisti
2811 3066 3054 3135 feraces;
3088 3069 3238 3123 velut
3267 3085 3368 3124 au-

1787 3167 1896 3211 tem
1931 3159 2156 3227 sapiens
2188 3158 2530 3213 architectus
2556 3157 2825 3214 Ecclesiae
2881 3175 3052 3230 supra
3077 3161 3206 3216 fidei
3240 3160 3366 3216 fun-

1787 3246 2111 3300 damentum
2159 3248 2598 3302 architectonica
2654 3250 2888 3319 spiritus
2939 3259 3062 3306 arte
3137 3252 3369 3308 firmiter

1789 3335 2074 3390 stabilisti.
2115 3335 2286 3402 Quem
2330 3347 2383 3391 te
2413 3352 2544 3407 ergo
2572 3353 2767 3394 sumus
2809 3342 3106 3395 vocaturi?
3134 3343 3219 3396 An
3261 3344 3369 3398 mi-

1787 3426 1934 3480 litem
1956 3427 1979 3480 ?
2001 3426 2075 3480 Ita
2098 3429 2295 3496 plane;
2327 3429 2474 3483 velut
2494 3430 2640 3484 enim
2671 3432 2783 3485 dux
2819 3432 3042 3501 quidam
3075 3434 3370 3503 cataphra-

1786 3524 1934 3582 ctus,
2007 3516 2362 3588 expeditione
2441 3518 2714 3575 adversus
2796 3526 2989 3577 hostes
3054 3523 3369 3580 invisibiles

1788 3616 2070 3678 suscepta,
2112 3627 2130 3660 ι
2182 3617 2520 3663 armaturam
2576 3612 2729 3666 verbi
2775 3613 2889 3683 (65)
2932 3614 3204 3682 induisti;
3243 3633 3371 3672 suc-

1789 3699 2010 3754 cinctus
2064 3699 2286 3755 lumbos
2336 3707 2465 3755 tuos
2497 3700 2554 3754 in
2597 3702 2850 3768 veritate,
2888 3712 2942 3759 et
2974 3705 3204 3761 indutus
3233 3707 3372 3761 lori—

1791 3807 1912 3848 cam
1963 3791 2219 3865 justitim,
2273 3792 2670 3865 calceatusque
2702 3797 2870 3866 pedes
2909 3796 2966 3852 in
3003 3801 3368 3870 praeparatio-

1792 3899 1917 3938 nem
1949 3882 2232 3955 Evangelii
2267 3885 2422 3955 pacis
2447 3887 2542 3941 b“.
2580 3907 2598 3940 ι
2629 3887 3022 3956 Quamobrem,
3057 3893 3216 3962 galea
3246 3898 3375 3962 qni-

1792 3975 1914 4031 dem
1944 3976 2036 4030 illa
2060 3978 2278 4042 salutis,
2305 3978 2662 4036 affectionum
2694 3983 3046 4039 incursiones
3073 3985 3370 4056 repellens.

1793 4065 1972 4121 instar
2001 4073 2193 4137 petrae,
2246 4067 2702 4126 adversariorum
2761 4072 3025 4130 inimicos
3053 4075 3215 4132 dolos
3248 4092 3372 4131 om-

1795 4174 1894 4213 nes
1925 4157 2037 4230 (66)
2094 4161 2397 4217 emendans
2450 4163 2895 4234 dissolvensque,
2939 4165 3155 4236 placide
3184 4177 3238 4222 et
3290 4169 3375 4223 in-

1796 4265 2110 4308 concussus
2149 4256 2377 4310 stetisti.
2415 4254 2569 4310 Scuti
2604 4265 2791 4313 autem
2829 4259 2977 4324 loco,
3015 4260 3242 4316 immota
3276 4279 3375 4334 spe

1799 4361 1956 4410 usus,
2005 4346 2271 4417 impetere
2326 4348 2622 4415 audentes,
2674 4365 2739 4405 ex
2776 4350 3015 4408 adverso
3046 4367 3369 4420 occurrens,

181 4503 213 4542 δ
235 4503 394 4558 Prov.
431 4519 482 4564 ι,
507 4503 560 4558 7.
634 4502 684 4542 δ’
715 4500 864 4557 Psal.
902 4515 1008 4563 (ιιι,
1041 4499 1092 4552 7.
1167 4499 1242 4538 δ”
1265 4497 1467 4568 Ephes.
1500 4515 1572 4562 vi,
1609 4498 1811 4562 13,14.

1347 4637 1430 4692 VA
1442 4636 1578 4692 ΒΙᾸΞ
1614 4637 2016 4697 LECTIONES.

177 4713 227 4744 "
250 4713 336 4767 τσ.
358 4712 457 4766 ἔνι.

1359 4796 1746 4852 COMBEFISII
1775 4797 2003 4856 ΝΟΤᾸΞ.

181 4900 293 4968 (63)
328 4897 490 4974 :l’elut
515 4894 724 4974 collari.
757 4891 1542 4974 flsptaépazov“alanstagaga.
1581 4891 1687 4944 Ea-
1717 4900 1764 4956 ι)
1792 4893 2030 4974 cultura,
2057 4897 2155 4974 sed
2182 4898 2407 4974 Ni_colao
2437 4900 2720 4974 similium.
2745 4917 2885 4970 quos
2920 4905 3126 4958 utinam
3162 4905 3364 4974 plures,

104 4960 231 5026 dein
258 4960 482 5025 collaris
508 4960 871 5019 similitudine
898 4960 1070 5015 utitur
1096 4960 1334 5014 Methud.
1367 4962 1433 5014 de
1459 4960 1684 5031 Symen-

107 5059 177 5096 ne
199 5051 252 5093 et
276 5042 458 5097 Anna,
484 5049 608 5089 cum
633 5033 848 5087 inducit
871 5042 1120 5085 sanctum
1145 5045 1328 5085 senem
1363 5039 1642 5099 rogantem
1669 5047 1680 5082 :

119 5108 486 5177 Ἀπολυθῆναι
537 5103 629 5177 τοῦ
691 5103 961 5177 δουλικοῦ-
983 5101 1078 5152 καὶ
1116 5099 1421 5177 ἀχθοφόρου
1459 5101 1684 5177 Δκλοιοῦο

106 5179 300 5234 Servili
347 5169 397 5232 ei
449 5173 739 5243 ponderosa
771 5171 1027 5235 cellario;
1069 5169 1184 5243 quo
1236 5169 1418 5239 plane,
1452 5169 1685 5243 filiorum

110 5252 226 5312 illa,
267 5259 321 5302 et
355 5240 662 5300 amicorum
689 5244 1015 5312 explicatior
1053 5240 1370 5312 divinorum
1419 5241 1684 5312 cognitio,

109 5310 539 5389 impediebatur.
587 5310 879 5389 ’Avtljo-S.
911 5313 1006 5365 καὶ
1050 5310 1685 5389 μέριμναψεροξρίιημε,

105 5379 475 5510 τῗμερίμνη,
505 5392 568 5439 ut
604 5385 675 5438 sit
703 5383 981 5452 adjectum
1014 5379 1422 5452 τῷ,“ὀφθαλμὸς
1455 5381 1690 5450 Ἐκκλη-

110 5475 138 5510 σ
167 5476 249 5510 ας.

110 5475 231 5519 σιας

178 5528 292 5597 (66)
331 5525 557 5580 Pulchre
612 5540 672 5577 ac
703 5531 830 5597 ‘arte
882 5520 1091 5597 colen‘sa
1138 5520 1518 5590 Καλλιεργῶν.
1570 5519 1688 5597 V_ox

110 5591 437 5668 aptissima;
465 5597 613 5668 Asi‘ve
665 5593 808 5668 vites
849 5591 1158 5668 materiales
1193 5592 1688 5668 -spect_etnus,'sive

111 5661 432 5723 rationales.
452 5664 665 5734 Quippe
690 5663 891 5734 habent
911 5671 1024 5714 tum
1050 5661 1154 5734 hae,
1174 5669 1288 5714 tum
1309 5661 1435 5724 illar,
1462 5676 1687 5716 necesse

112 5739 182 5792 ita
213 5738 346 5802 coli,
379 5748 436 5790 ut
467 5731 704 5790 fructum
731 5731 1028 5802 plurimum
1057 5731 1291 5785 afferant
1322 5747 1334 5781 :
1365 5745 1543 5799 eoque
1567 5747 1685 5783 non

113 5799 359 5864 omnium
388 5818 476 5864 est
513 5799 785 5877 ejusmodi
823 5799 1063 5857 maxime
1096 5801 1286 5856 vitium
1332 5802 1686 5855 rationalium

1790 4962 1993 5018 Christi
2021 4968 2197 5029 vinea.
2235 4969 2481 5024 Ecclesia
2507 4971 2750 5024 haberet.

1860 5035 1970 5112 (65)
2005 5039 2353 5092 Armaturam
2403 5039 2575 5096 Verbi.
2613 5042 2770 5112 Apud
2814 5041 3045 5099 Paulum
3083 5057 3188 5109 est.
3223 5049 3320 5104 Dei
3351 5066 3370 5104 :
3416 5033 3425 5104 ἶ

1786 5122 1848 5159 ex
1883 5106 2042 5186 cujus
2073 5106 2783 5186 textuhsnpplevimusqua:
2815 5114 3001 5170 clausa
3039 5106 3365 5186 sequuntur,
3415 5115 3426 5156 ι

1791 5187 1912 5256 post
1953 5175 2034 5240 τὸ,
2092 5175 2560 5256 περιζωσάμενος.
2613 5175 2811 5256 Sicque
2858 5187 3058 5253 passim
3093 5175 3233 5256 o'pns
3267 5175 3366 5243 ba;

1790 5247 2011 5300 bnimus
2077 5247 2268 5324 codice
2318 5247 2456 5307 satis
2506 5247 2876 5324 mendoso‘ei
2929 5247 3364 5324 compendiario.

1788 5330 1896 5386 qua
1929 5318 2206 5397 supplere,
2243 5335 2353 5389 qua
2377 5321 2686 5397 corrigere;
2722 5322 2812 5378 ubi
2850 5323 3034 5377 statim
3057 5318 3367 5397 apparebat
3454 5332 3457 5335 ’

1799 5385 2126 5461 I’nani‘festns
2163 5385 2348 5458 lapsus
2377 5385 2696 5459 antiqi'tarii.

1866 5455 1979 5525 (66)
2003 5455 2440 5515 Adversariorum
2462 5455 2702 5516 inimicos
2737 5462 2889 5516 dolos
2907 5479 3104 5529 omnes,
3125 5475 3231 5522 etc.
3253 5471 3365 5522 Πιξ-

1797 5529 2180 5609 σανξναντίὲρν
2231 5533 2558 5609 ἀντιπλοκὴν
2586 5532 3056 5609 διανορθούμενος.
3092 5539 3366 5609 ΙΙεὶῗιξΣμυ-

1795 5595 2040 5674 pitBud.
2100 5599 2192 5674 Τὸ,
2254 5602 2458 5674 mox};
2515 5595 2656 5674 apud
2715 5595 3073 5674 Gregorium.
3132 5595 3366 5663 afferlnis

1793 5666 1939 5748 ιιι-1ης
1966 5668 2084 5748 ρίιιε
2116 5666 2605 5748 Ιρειιιηητάςμμὲν
2645 5674 2708 5725 ὲκ
2754 5666 2862 5748 τῶν
2903 5675 3179 5748 λογισμῶν
3210 5696 3366 5748 στρο-

1793 5739 1895 5802 φὰς
1944 5740 2038 5791 καὶ
2093 5741 2298 5805 πλοκὰς
2332 5739 2675 5814 διεσείσαμεν
2716 5747 2781 5818 τῇ
2814 5739 3040 5818 δυνάμει
3066 5739 3166 5804 ’τοῦ
3201 5739 3365 5804 mlo.

1801 5823 1986 5876 ματος.
