3824 6212
205 242 348 308 1205

1500 241 1583 306 IN
1631 239 1692 304 S.
1733 174 2187 303 PATAPIUM]

3341 221 3488 293 1206

206 349 413 413 Ῥόδων
438 357 499 413 δὲ
528 357 722 426 κάλυξι
781 361 875 416 καὶ
906 360 1099 434 μύροις
1136 362 1386 427 εὐώδεσι,
1414 363 1529 425 τοῖς
1561 358 1728 415 αὐτοῦ
1761 358 1771 388 ¹

1888 355 2023 408 nihil
2071 350 2447 409 miserabilius
2490 349 2586 406 sit.
2630 346 2801 412 Magis
2855 359 2991 401 vero
3051 358 3153 400 ceu
3220 356 3474 399 rosarum

195 450 460 522 ἀλλήλοις
492 450 677 524 ἔργοις
711 452 1059 524 ροδήσαντες,
1094 455 1494 526 πνευματικοῖς
1526 453 1789 525 ᾀσμάτων

196 544 393 598 ἄνθεσι
416 544 511 598 τὸν
540 546 688 600 ὅσιον
720 545 1176 619 στεφανώσωμεν.
1209 546 1486 611 Τοιούτοις
1516 544 1789 617 θεραπεύ-

195 636 362 690 εσθαι
396 634 599 707 μύροις
618 635 765 705 φιλεῖ
791 635 821 690 ό
845 636 1118 710 ἡμέτερος
1161 635 1787 710 ίεροπάτωριΝικόλαος.

192 723 493 789 Τοιαύταις
517 725 737 796 ἑορταῖς
759 726 855 780 καὶ
896 728 1242 799 πανηγύρεσι
1275 727 1563 781 σπένδεται
1598 725 1785 791 πλέον,

191 816 227 887 ἢ
273 818 394 881 τοῖς
438 822 740 888 πομπικοῐς
792 819 1057 889 πόμποις,
1093 814 1177 884 οἷς
1218 822 1269 874 oi
1320 819 1640 892 δημοτελεῖς
1676 819 1787 873 τῶν

204 906 479 978 Ἐλλήνων
502 908 898 980 κακοδαίμονες
917 909 1222 982 τιμώμενοι
1253 910 1571 980 γάννυνται.
1605 908 1718 963 Καὶ
1750 912 1784 983 ἡ

191 999 394 1071 τρισσὴ
418 999 532 1054 τῶν
580 1001 983 1069 γενναιοτάτων
1029 1002 1283 1074 ἀθλητῶν
1303 1002 1654 1075 ὁμοφροσύνη
1691 1002 1786 1057 καὶ

192 1089 493 1158 σύμπνοια,
541 1084 624 1155 οἷς
649 1089 1016 1163 συναγελάζῃ,
1050 1091 1313 1158 Νικόλαε,
1355 1096 1478 1157 ταῖς
1503 1092 1618 1147 ἄνω
1657 1110 1783 1146 συν-

189 1182 446 1249 αυλίαις,
506 1176 589 1248 οἷς
644 1183 1091 1255 συνεκλάμπεις,
1140 1185 1262 1257 μεθ’
1314 1179 1392 1241 ὧν
1427 1185 1677 1259 χορεύεις
1721 1187 1782 1241 ἐν

189 1274 489 1345 πνεύματι,
537 1272 673 1329 Θεὸν
730 1274 858 1330 ὅσον
906 1276 1130 1345 ἐφικτὸν
1171 1277 1316 1349 ὁρῶν
1344 1279 1440 1333 καὶ
1478 1277 1777 1350 ὁρώμενος,

192 1368 314 1429 ταῖς
341 1365 474 1437 περὶ
506 1365 673 1421 αὐτοῦ
705 1365 958 1435 ἅγλαϊζει
991 1369 1367 1440 λαμπρότησι.
1407 1370 1628 1424 Τούτων
1664 1388 1779 1425 τοι-

192 1455 398 1528 γαροῦν
425 1460 548 1522 ταῖς
600 1457 738 1529 πρὸς
781 1458 843 1513 τὸ
868 1459 1013 1513 θεῖον
1032 1460 1340 1529 ἐντεύξεσι,
1369 1462 1465 1516 καὶ
1483 1464 1603 1527 ταῖς
1633 1464 1777 1527 σαῖς,

194 1543 240 1603 ὧ
259 1549 462 1621 Πάτερ,
491 1548 794 1614 θεοδέκτοις
821 1551 1094 1624 δεήσεσιν,
1120 1554 1410 1625 αίρετικῆς
1443 1554 1664 1628 ἁπάσης
1684 1554 1779 1609 καὶ

194 1642 517 1713 δαιμονικῆς
573 1642 947 1715 ἑπιφρίξεωςο
1003 1646 1291 1716 μαστίγων
1337 1664 1398 1700 τε
1449 1647 1773 1714 νοσοποιῶν,

1892 447 2189 510 calicnlis,
2242 445 2652 516 unguentisque
2733 438 3206 504 suaveolentibus,
3267 436 3476 492 mutuis

1891 541 2128 596 invicem
2201 539 2467 609 operibus
2518 552 2679 593 rosas
2729 535 3057 599 referentes,
3127 530 3475 604 spiritalibus

1889 635 2240 689 canticorum
2268 632 2523 697 floribus,
2557 639 2814 687 sanctum
2846 641 3197 684 coronemus.
3245 623 3486 679 Talibus

1889 722 2188 795 unguentis
2213 723 2419 795 gaudet
2469 721 2645 777 foveri
2701 736 2861 777 sacer
2891 718 3054 775 Pater
3091 727 3279 774 noster
3304 715 3471 770 Nico-

1888 817 2032 872 laus.
2100 816 2335 872 Talibus
2383 815 2562 885 magis
2615 815 2951 870 conciliatur
2975 813 3131 869 festis
3157 808 3473 866 honoribus

1886 910 2439 981 celebritatibnsque,
2488 924 2654 981 quam
2706 907 3004 963 mundanis
3032 914 3089 962 et
3118 906 3261 960 fastu
3294 903 3472 975 plenis

1888 1002 2124 1073 pompis,
2151 1001 2356 1071 qutibus
2388 1000 2610 1072 publico
2643 1008 2868 1069 sumptu
2896 997 3152 1053 honorati
3181 995 3485 1066 gentilium.

1886 1092 2016 1146 mali
2049 1091 2330 1147 daemones
2385 1090 2624 1162 superbe
2680 1090 3010 1165 gloriantur.
3054 1087 3276 1157 Triplex
3326 1099 3481 1156 quoa.

1885 1199 1993 1256 que
2013 1183 2480 1239 nobilissimorum
2545 1182 2794 1252 pugilum
2824 1183 2942 1236 laeta
2993 1192 3337 1247 concorsque
3381 1192 3472 1232 so-

1882 1276 2106 1342 dalitas,
2133 1276 2495 1348 quibuscum,
2523 1272 2769 1340 Nicolae,
2801 1272 3121 1329 coelestibus
3167 1267 3485 1325 domiciliis.

1883 1367 2150 1423 collectus
2169 1367 2437 1433 versaris,
2468 1367 2798 1438 quibuscum
2820 1365 3105 1437 splentles,
3136 1363 3468 1435 quibuscum

1883 1457 1940 1513 in
1978 1458 2181 1530 spiritu
2240 1458 2446 1514 choros
2492 1458 2674 1526 ducis,
2724 1457 2897 1514 Deum
2945 1455 3142 1511 videns
3199 1462 3481 1524 quantum.

1881 1550 2034 1619 licet,
2065 1558 2232 1623 atque
2259 1552 2418 1609 visus
2449 1551 2519 1607 ab
2553 1565 2644 1617 eo,
2668 1551 2790 1618 ejus
2827 1548 2966 1605 laetis
2993 1545 3252 1619 splendet
3283 1544 3466 1614 fulgo-

1881 1644 2057 1700 ribus.
2117 1642 2326 1699 llornm
2384 1644 2573 1715 itaque
2607 1643 2688 1699 ad-
2724 1643 2897 1698 Deum
2943 1637 3479 1701 intercessionibusn

194 1733 424 1789 καὶτῶν
468 1735 529 1789 ὲν
579 1733 731 1806 μέσῳ
780 1737 1024 1803 πάντων,
1072 1738 1169 1793 καὶ
1200 1732 1283 1803 οἷς
1311 1740 1591 1810 ἀδοκήτως
1622 1741 1771 1812 ἡμᾶς

1880 1734 2125 1805 tuisque,
2187 1750 2221 1790 o
2252 1732 2436 1803 Pater,
2506 1733 2616 1791 Deo
2669 1734 2912 1804 acceptis
2971 1730 3339 1795 orationibus,
3395 1730 3481 1783 ab.

81 1892 87 1897 ~
192 1827 612 1897 περιπλέκονται
638 1828 937 1900 ἄνθρωποι,
970 1831 1067 1885 καὶ
1106 1832 1326 1886 πάντων
1350 1831 1488 1903 ὁμοῦ
1517 1832 1629 1887 τῶν
1650 1850 1770 1887 κιν-

188 1918 360 1974 δύνων
396 1920 726 1992 ρυσθείημεν
766 1922 1042 1987 ἅπαντες·
1088 1924 1276 1997 χάριτι
1320 1925 1420 1979 καὶ
1460 1927 1772 1996 οίκτιρμοίς

190 2011 281 2065 καὶ
300 2011 691 2086 φιλανθρωπία
717 2012 814 2069 τοῦ
847 2013 1280 2086 ἑξαγορὰσαντος
1300 2018 1471 2088 ἡμᾶς,
1501 2016 1580 2089 τῷ
1604 2017 1771 2089 τιμίῳ

183 2105 281 2177 τῆς
310 2103 602 2178 ζωοδώρου
657 2106 895 2179 ..λευρᾶς
939 2107 1108 2161 αὑτοῦ
1177 2109 1402 2180 αἵματι,
1438 2112 1534 2165 καὶ
1581 2111 1681 2181 τῆς
1712 2112 1771 2165 ἐν

186 2198 365 2273 πλάνῃ
392 2199 670 2269 βασιλείας
695 2202 845 2273 ἡμᾶς
867 2200 1297 2268 ἀπαλλάξαντος,
1322 2202 1559 2271 Χριστοῦ
1592 2202 1769 2274 Ἰησοῦ

178 2292 275 2350 τοῦ
332 2293 543 2365 Κυρίου
604 2295 760 2365 ἡμῶν
779 2312 794 2326 ο
823 2294 944 2366 μεθ’
966 2285 1030 2349 οὗ
1063 2295 1265 2367 πρέπει
1293 2298 1445 2350 πᾶσα
1470 2296 1626 2369 τιμὴ,
1672 2295 1769 2351 καὶ

179 2385 327 2451 δόξα,
364 2385 570 2458 κράτος
603 2388 698 2442 καὶ
730 2388 1198 2461 μεγαλοπρέπεια,
1230 2388 1308 2460 τῷ
1339 2389 1538 2461 Πατρὶ,
1564 2391 1660 2444 καὶ
1687 2389 1768 2461 τῷ

178 2479 324 2550 ἁγίῳ
352 2479 660 2551 Πνεύματι,
690 2480 788 2535 νῦν
834 2481 930 2537 καὶ
977 2482 1088 2548 ἀεὶ,
1122 2482 1218 2535 καλ⁵
1263 2483 1343 2547 εἰς
1389 2483 1517 2547 τοὺς
1562 2482 1767 2548 αἰῶνας

176 2570 289 2626 τῶν
317 2570 552 2627 αίώνων.
598 2572 792 2644 Ἀμήν.

801 2893 1021 2947 ΛΟΓΟΣ
1065 2892 1170 2950 ιδ’.

177 3006 289 3071 Εἰς
306 3004 415 3058 τόν
431 3002 730 3077 μακάριρν
756 3005 1083 3077 Hammer,
1098 3006 1198 3077 καὶ
1221 3007 1440 3077 μερική
1473 3005 1593 3062 τῶν
1619 3010 1766 3063 θαυ-

578 3073 787 3145 μάτων
826 3076 933 3133 αὐτ
942 3074 1014 3131 οῦ
1060 3073 1358 3148 διήγήσις.

1879 1827 2032 1884 omni
2090 1828 2365 1883 haeretico-
2407 1826 2833 1899 daemonumque
2883 1826 3187 1882 liberemur
3218 1821 3463 1885 aﬂ‘rirtu,

1879 1935 1948 1976 ac
1979 1920 2302 1977 morborum
2348 1921 2552 1992 plagis,
2597 1931 2713 1977 tum
2744 1918 3138 1991 communibus
3163 1917 3273 1973 illis
3321 1931 3385 1970 ac
3409 1915 3475 1970 in,

1878 2012 2063 2069 medio
2084 2011 2237 2069 velut
2264 2014 2484 2084 positis,
2514 2022 2630 2070 tum
2675 2014 2885 2085 quibus
2939 2021 3143 2084 praeter
3176 2025 3328 2081 spem
3367 2011 3465 2063 ho-

1880 2107 2060 2163 mines
2107 2107 2434 2178 implicant,
2498 2107 2874 2179 omnibusque
2932 2105 3100 2163 simul
3146 2102 3458 2176 periculis:

1877 2202 2053 2271 gratia
2104 2209 2164 2256 et-
2218 2200 2693 2267 miserationibus,
2769 2201 3148 2270 elementique
3213 2197 3464 2253 bonitate

1876 2290 2001 2361 ejus
2049 2292 2144 2363 qui
2184 2306 2287 2347 nos
2316 2292 2561 2363 pretioso
2593 2292 2800 2348 viviﬁci
2846 2292 3041 2348 lateris
3074 2290 3159 2348 sui
3189 2287 3473 2360 sanguine

1875 2382 2133 2450 redemit,
2162 2393 2331 2456 atque
2380 2383 2452 2440 ab
2478 2386 2689 2441 erroris
2733 2397 2906 2456 regno
2937 2383 3213 2448 liberavit,
3255 2381 3473 2438 Christi.

1873 2474 2006 2533 Jesu
2056 2475 2273 2533 Domini
2331 2478 2552 2534 nostri:
2585 2493 2753 2550 quem
2811 2478 2978 2534 decet
3038 2478 3220 2534 omnis
3284 2477 3469 2533 honor

1873 2577 1928 2625 et
1960 2569 2163 2640 gloria,
2195 2578 2441 2640 potestas
2463 2578 2518 2625 et
2556 2570 2991 2641 magniﬁcentia,
3030 2585 3157 2627 cum
3191 2567 3355 2624 Patre
3399 2576 3473 2622 et-

1871 2670 2066 2718 sancto
2099 2659 2331 2731 Spiritu,
2362 2677 2509 2718 nunc
2555 2669 2611 2719 et
2643 2676 2882 2735 semper,
2912 2671 2972 2720 et
3003 2662 3057 2718 in
3111 2661 3314 2719 stecula
3348 2675 3465 2716 εω-

1871 2753 2147 2810 culorum.
2176 2753 2374 2811 Amen.

2444 2889 2708 2949 ORATIO
2731 2890 2873 2948 XIX.

1876 3001 1946 3059 In
1998 3003 2065 3061 B.
2096 3003 2392 3078 Patapium
2436 3004 2657 3078 ejusque
2685 2992 3074 3078 miraculorum
3108 3004 3468 3075 particulam.

2443 3076 2692 3132 narratio
2732 3076 2871 3148 (75).

263 3186 354 3251 Ὠς
369 3186 633 3260 λαμπρὰν
661 3188 758 3244 καὶ
784 3188 1167 3259 πνευματικὴν
1181 3187 1295 3258 ὁρῶ
1311 3187 1411 3260 τὴν
1428 3190 1765 3261 πανήγυριν,

1944 3191 2121 3259 Quam
2184 3194 2368 3249 laetum
2429 3201 2487 3248 et
2547 3193 2861 3263 spiritalem
2900 3208 3071 3250 cerno
3102 3198 3468 3255 conventum,

179 3281 279 3335 καὶ
306 3280 460 3346 ξένον
520 3283 583 3336 τὸ
635 3281 864 3353 θέατρον
894 3282 1155 3353 σήμερον,
1187 3282 1285 3334 καὶ
1322 3281 1627 3352 θαυμάζειν
1672 3298 1766 3352 μοι

176 3374 366 3428 ἔπεισι
392 3373 494 3445 τὴν
524 3374 796 3446 τοσαύτην
822 3374 1022 3446 ὁρῶντι
1071 3372 1438 3443 φαιδρότητα·
1474 3373 1594 3436 πῶς
1623 3371 1767 3426 οὕτω

176 3484 245 3535 γε
261 3467 565 3538 προθύμως
625 3468 718 3522 καὶ
769 3467 913 3522 κατὰ
967 3467 1186 3529 ταύτδν,
1244 3467 1393 3521 ἅπαν
1422 3459 1563 3531 εἶδος
1605 3465 1767 3532 ἀξίας

178 3558 543 3629 συνέδραμεν.
574 3558 871 3631 Κληρικῶν
890 3558 1000 3629 γὰρ
1016 3558 1066 3612 οἱ
1086 3556 1331 3627 λογάδες,
1352 3557 1447 3611 καὶ
1479 3556 1765 3627 μοναστῶν

175 3650 251 3703 τὰ
275 3651 627 3722 συστήματα,
654 3650 932 3719 γυναικῶν
960 3667 1021 3704 τε
1050 3651 1176 3704 ὅσον
1222 3649 1424 3719 σεμνόν
1451 3666 1510 3702 τε
1539 3650 1637 3704 καὶ
1675 3648 1770 3703 εὖ-

180 3758 384 3813 σημον,
435 3745 533 3796 καὶ
591 3743 835 3814 μιγάδων
874 3745 924 3796 oi
972 3742 1430 3815 σωφρονέστεροι,
1488 3744 1582 3797 τὸν
1625 3744 1768 3813 ἱερὸν

176 3835 396 3888 τουτονὶ
449 3835 851 3900 καταλαϐόντες
886 3834 1045 3902 νεὼν,
1089 3835 1285 3905 ἑορτὴν
1322 3834 1489 3904 ὁμόσε
1532 3836 1768 3908 φαιδρὰν

180 3923 471 3995 ἑορτάζειν
525 3925 975 3997 προστρέχουσιν.
1019 3925 1161 3978 Ἀλλ’
1199 3921 1262 3980 οὗ
1302 3944 1365 3997 γε
1394 3927 1580 3997 χάριν,
1612 3928 1767 3980 τουτὶ

177 4016 244 4069 τὸ
267 4015 475 4086 πλῆθος
504 4016 690 4070 ἐνθάδε
730 4016 1099 4082 συνείλεκται,
1128 4018 1225 4071 καλ⁵
1257 4018 1342 4083 τίς
1368 4019 1396 4072 ὁ
1429 4017 1632 4090 τρόπος
1663 4017 1763 4088 τῆς

96 4087 110 4101 ’
179 4108 395 4179 ἑορτῆς,
431 4109 773 4180 ὲρωτήσαιεν
808 4108 876 4164 ἂν
923 4107 1054 4172 ἴσως
1097 4109 1210 4163 τῶν
1255 4087 1552 4182 φιλεόρτων
1595 4087 1760 4173 τινές.

180 4195 279 4265 Οἷς
304 4204 406 4257 ούκ
434 4205 517 4267 είς
541 4201 759 4274 μακρὰν
791 4203 820 4256 ό
845 4202 1004 4271 λόγος
1025 4205 1094 4276 τῇ
1127 4202 1323 4257 πεύσει
1353 4221 1763 4277 συμπαρομαρ-

178 4293 377 4350 τοῦσαν
405 4296 708 4367 ἐφάμιλλον
751 4294 849 4369 τὴν
887 4296 1063 4365 λύσιν,
1096 4299 1177 4363 είς
1218 4297 1379 4371 δεῦρο
1410 4299 1505 4353 καὶ
1531 4298 1626 4360 νῦν
1660 4299 1762 4352 ὲπ-

179 4387 483 4459 ενέγκοιτο.

1872 3296 2184 3353 novumque
2228 3281 2497 3339 hodierna
2549 3283 2641 3339 die
2668 3285 3048 3352 spectaculum
3105 3302 3119 3338 :
3180 3284 3443 3352 subitque

1872 3374 2066 3428 mirari
2097 3380 2210 3428 tam
2236 3373 2417 3429 laetam
2458 3377 2755 3446 aspicienti
2794 3391 2981 3432 rerum
3020 3375 3239 3437 faciem,
3276 3384 3335 3429 ut
3366 3374 3457 3428 tli-

1872 3466 2056 3538 gnitas
2085 3467 2272 3523 omnis
2296 3472 2351 3521 et
2380 3465 2519 3522 ordo
2557 3476 2713 3524 tanta
2763 3469 3061 3524 alacritate
3088 3466 3455 3536 certatimque

1873 3558 1930 3614 in
1963 3574 2132 3613 unum
2193 3557 2560 3614 concurrerit.
2623 3558 2838 3616 Etenim
2894 3559 3459 3621 nobilioreseclcro,

1868 3652 2381 3723 monachorumquc
2431 3665 2651 3721 turmae,
2717 3669 2783 3710 ac
2814 3653 2861 3709 si
2884 3668 3007 3724 quae
3053 3652 3319 3707 mulieres
3359 3651 3461 3706 ho-

1866 3754 2038 3801 nesta:
2078 3754 2210 3802 sunt
2249 3755 2305 3803 et
2332 3747 2515 3813 clarae,
2583 3748 3029 3820 promiscuaeque
3082 3745 3457 3800 multitudinis

1867 3838 2155 3908 probiores
2183 3839 2397 3910 populi,
2435 3840 2491 3895 in
2528 3856 2750 3909 sacrum
2784 3840 2890 3895 hoc
2924 3836 3193 3908 templum
3226 3836 3455 3893 venien-

1868 3936 1974 3991 tes,
2020 3929 2198 3984 laztam
2249 3915 2641 3989 communibus
2692 3931 2894 3988 studiis
2925 3928 3335 3988 solemnitatem
3362 3942 3455 3983 ce-

1871 4020 2139 4076 lebraturi
2181 4031 2506 4078 accurrunt.
2535 4022 2674 4080 Fors
2703 4038 2838 4079 vero
2872 4039 2982 4079 non
3013 4020 3294 4079 defuerint
3325 4019 3459 4077 festi

1871 4119 2144 4173 amantes,
2185 4113 2279 4184 qui
2317 4124 2568 4185 quaerant
2622 4116 2913 4186 cujusnam
2961 4114 3138 4188 gratia
3200 4113 3290 4168 hic
3346 4112 3459 4167 loci

1869 4206 2102 4260 collecta
2162 4206 2238 4261 sit
2271 4210 2426 4260 tanta
2474 4189 2591 4263 hazc
2641 4208 2964 4272 multitudo,
3011 4222 3078 4262 ac
3134 4203 3455 4276 cuiusmodi.

1869 4297 2170 4353 celebritas
2226 4298 2319 4353 sit.
2353 4296 2591 4365 Quibus,
2622 4301 2875 4367 proxime
2926 4299 3185 4355 comitem
3217 4312 3456 4368 percon-

1870 4388 2064 4443 tationi
2122 4390 2376 4444 aemulam
2436 4391 2887 4462 responsionem,
2933 4388 3460 4462 imprasentiarunt

1783 4491 1834 4549 Ι)
1865 4496 2054 4536 sermo
2086 4482 2361 4541 intulerit.

242 4742 262 4774 ⁸
283 4740 490 4815 αύτῶν.

1499 4652 1731 4709 νΑιιιιΕ
1760 4652 2055 4710 LECTION
2062 4654 2160 4713 ES.

1506 4888 1896 4956 COMBEFISII
1934 4900 2167 4958 NOTA‘I.

240 4983 357 5062 (75)
389 4984 486 5062 {iis}
514 4988 693 5062 sancti
723 4989 919 5062 hujus,
970 4992 1261 5062 utriusque
1301 4990 1565 5047 Ecclesia:
1598 4992 1760 5047 lahn-

169 5056 259 5132 lis.
291 5056 359 5132 ad
389 5056 706 5132 8_Decemb.
735 5056 1052 5131 consignata
1094 5056 1388 5132 memoria;
1412 5079 1576 5132 quem
1609 5064 1757 5119 circa

168 5128 289 5200 ipsa
320 5128 556 5183 Andreae
586 5136 856 5200 tempora,
897 5128 992 5185 aut
1020 5147 1130 5186 non
1178 5131 1252 5185 ita
1286 5128 1583 5198 seniorem,
1642 5136 1757 5188 col-

167 5197 393 5271 ligimns
414 5214 486 5271 ex
512 5197 845 5271 revelatione
894 5217 1002 5271 qua
1062 5201 1166 5271 fuit
1217 5202 1476 5258 inductus
1513 5203 1581 5258 ad
1624 5219 1757 5258 con-

166 5267 466 5340 scribenda
532 5268 653 5336 eius
698 5271 858 5336 Acta,
888 5267 953 5326 ac
990 5268 1156 5327 modo
1200 5287 1311 5340 quo
1359 5284 1581 5328 enarrat
1625 5290 1757 5329 con-

166 5339 490 5406 scripsisse,
550 5341 700 5395 velut
733 5342 948 5396 recenti
982 5342 1160 5396 adhuc
1193 5339 1295 5397 viri
1328 5345 1627 5407 memoria;
1670 5346 1756 5399 ni-

166 5409 380 5481 mirum
419 5424 610 5481 eorum
641 5412 814 5466 relatu
844 5412 940 5481 qui
961 5413 1254 5481 videantur
1271 5414 1584 5469 eonvixisse
1614 5415 1755 5471 Con-

165 5478 564 5549 stantinopoli,
594 5496 705 5551 quo
731 5484 777 5536 is
801 5475 927 5544 sibi,
953 5482 1023 5537 ab
1043 5475 1148 5551 AEg
1190 5484 1264 5553 pti
1289 5484 1609 5546 solitudine,
1639 5501 1755 5539 me-

165 5547 261 5603 dia
296 5547 435 5605 urbe
468 5550 638 5607 regia.
668 5552 934 5607 singulari
956 5498 1209 5607 excmnfo
1250 5554 1604 5607 solitudinem
1642 5554 1753 5607 de-

165 5547 276 5624 dia-
296 5547 444 5605 urbe
461 5547 638 5624 regia,
668 5552 934 5624 singulari
956 5547 1209 5622 exemplo
1250 5554 1604 5609 solitudinem
1642 5554 1753 5610 ἀθε-

103 5648 119 5664 ο
166 5619 423 5688 legisset.
457 5618 551 5674 Sic
583 5620 691 5695 Deo
722 5618 1042 5695 instituente
1073 5618 1137 5695 ac
1161 5635 1535 5693 permosente,
1563 5641 1669 5695 qua
1696 5635 1754 5680 ut

164 5704 355 5746 novus
380 5700 649 5762 patronus
679 5694 898 5764 hospitii
936 5694 1057 5767 jurc
1085 5690 1562 5767 Constantinopoli
1582 5690 1753 5753 ἐρύο-

1864 5002 1970 5055 ret,
2020 5009 2128 5064 qua
2188 5002 2247 5049 ut
2312 5002 2518 5048 tantam
2578 4994 2882 5058 civitatem,
2920 5010 3029 5049 non
3075 4996 3447 5060 sermonibus,

1861 5064 1959 5119 sed
2003 5065 2223 5134 egregio
2274 5065 2395 5120 vita'
2423 5068 2677 5137 exemplo
2751 5066 2818 5120 ad
2862 5066 3118 5135 pietatem
3157 5080 3451 5137 moresque

1861 5131 2523 5206 sanctoscomponeret;
2556 5131 2707 5192 velut
2759 5131 2874 5191 fere
2931 5145 3120 5206 postea
3178 5131 3446 5190 Romaiin

1861 5203 2090 5274 Brigitta
2108 5213 2162 5259 et
2180 5203 2477 5261 Cétharina
2504 5205 2723 5269 Sueeis,
2761 5213 2936 5260 matre
2953 5205 3204 5274 liliaque,
3230 5214 3445 5274 gestum

1860 5271 1985 5331 est?
2023 5283 2083 5331 ut
2109 5290 2176 5330 ne
2206 5276 2541 5332 Getiovefam
2592 5284 2867 5337 nostram,
2916 5273 3166 5341 aliosque
3190 5271 3252 5326 id
3271 5288 3447 5341 genus

1863 5345 2068 5412 dicam,
2095 5362 2333 5415 quorum
2378 5346 2523 5401 Deus
2576 5344 2909 5406 humilitate,
2942 5342 3236 5415 curialium
3272 5340 3447 5415 homi-

1863 5431 1997 5469 num
2029 5412 2266 5486 eastigat
2287 5415 2637 5486 iactantiam,
2666 5422 2891 5486 austera
2915 5415 3025 5467 vita
3054 5412 3281 5486 damnat
3311 5412 3446 5486 deli-

1862 5486 2017 5551 cias;
2060 5482 2321 5555 ipsosque
2374 5485 2690 5540 sacerdotes
2748 5492 2803 5538 et
2845 5483 3079 5555 clerum,
3117 5482 3288 5537 tantis
3335 5484 3446 5539 illis

1864 5553 2194 5627 fulgoribus.
2222 5553 2411 5627 largus
2435 5557 2573 5626 ipse,
2607 5555 2699 5611 ubi
2728 5564 2926 5627 natura
2944 5553 3232 5627 videantur
3257 5568 3443 5622 parca.

1862 5626 1928 5677 ad
1954 5622 2233 5690 'mrliora,
2266 5622 2418 5680 nﬁuo
2458 5622 2931 5698 inenarrabilique
2978 5622 3281 5698 praeconio,
3322 5638 3450 5695 pru-

1864 5706 2042 5756 \Ot‘al.
