3824 6212
407 226 542 291 1207

1595 223 1655 283 S.
1693 219 2022 282 ΑΝΟΒΕίΕ
2062 220 2488 282 CRETENSIS

3463 235 3565 304 lim

473 337 713 392 Sanctus
762 330 1028 405 Patapius
1099 343 1206 399 est,
1273 335 1436 404 cujus
1497 335 1822 390 memoriam
1876 335 1980 389 lio-

2154 337 2436 400 Πατάπιος
2476 339 2504 390 6
2535 337 2697 403 ὅσιος,
2750 332 2806 391 οὗ
2861 340 2962 411 τὴν
3005 341 3224 413 μνήμην
3257 347 3552 418 γεραίροντες,

399 444 535 484 nore
567 434 996 499 prosequentes,
1031 425 1247 480 huncce
1280 424 1610 480 hodiernum
1646 433 1981 482 conventuin

400 524 641 592 agimus.
671 520 794 590 Ipse
833 526 938 583 est,
989 518 1085 587 qui
1121 532 1316 574 omnes
1351 517 1538 580 hodie,
1588 518 1812 573 sublimi
1843 532 1984 587 quo-

400 617 526 670 dam
552 612 838 684 przcconio
890 610 1001 666 huc
1037 612 1410 678 convocavit;
1437 611 1686 681 seipsum
1727 610 1979 681 quidem,

398 705 551 762 velut
597 702 950 775 splendidum
991 703 1142 758 omni
1173 703 1376 771 dapum
1415 703 1981 774 genere'instructum

401 797 718 853 convivium
739 811 802 852 ac
819 811 1068 853 mensam
1090 795 1374 850 caelestem
1395 810 1744 864 proponens:
1765 810 1980 850 sacram

397 905 532 945 vero
562 890 648 945 sui
692 889 1044 952 memoriam,
1084 884 1359 942 esculenti
1411 885 1590 938 instar
1617 899 1682 938 ac
1709 883 1983 954 spiritalis

399 977 741 1034 condimenti
785 978 932 1044 loco,
971 973 1261 1045 proferens
1290 991 1303 1025 :
1351 975 1439 1028 cui
1473 989 1594 1035 vos,
1626 972 1840 1039 dilecti,
1870 987 1984 1026 mo-

397 1085 518 1125 rem
546 1076 824 1140 gerentes,
876 1068 1018 1122 bene
1063 1066 1225 1136 plane
1269 1074 1522 1136 agentes,
1559 1065 1684 1120 loco
1721 1065 1825 1120 hoc
1861 1066 1980 1120 col-

397 1162 528 1216 lecti
559 1161 717 1218 estis.
751 1161 964 1230 Quippe
986 1173 1108 1214 eam
1137 1158 1539 1229 sapientissimi
1567 1158 1729 1214 Pauli
1765 1173 1981 1226 vocem,

398 1253 478 1306 ita
511 1251 930 1322 praecipientis:
975 1269 993 1304 ι
1034 1247 1274 1304 Obedite
1309 1249 1626 1320 praepositis
1655 1251 1886 1315 vestris,
1928 1256 1984 1305 et

399 1341 683 1413 subjacete
733 1342 815 1397 eis
850 1344 897 1405 ε,
959 1359 978 1392 ι
1031 1349 1142 1396 et:
1183 1359 1201 1391 ι
1264 1339 1593 1397 Mementote
1653 1342 1984 1412 praeposito-

398 1448 523 1488 rum
551 1440 862 1487 vestrorum
889 1433 940 1495 ιι,
983 1450 1001 1482 ι
1044 1446 1109 1485 ac
1143 1429 1193 1485 si
1233 1430 1367 1499 quid
1404 1431 1475 1487 ab
1505 1431 1577 1488 iis
1610 1437 1834 1502 pendet,
1868 1448 1985 1488 me-

397 1523 580 1578 moria
635 1525 968 1588 retinentes,
1025 1520 1264 1591 ejusque
1311 1523 1628 1578 absolutum
1673 1524 1982 1594 prmmium,

399 1613 782 1670 obedientium
829 1614 1092 1669 virtutem
1133 1610 1503 1679 mstimautes,
1560 1613 1817 1685 impigre,
1871 1631 1984 1671 una

401 1721 530 1762 cum
560 1717 794 1763 vocante
826 1706 1083 1764 venistis.

471 1801 610 1856 Cum
668 1817 836 1874 porro
885 1805 1001 1860 haec
1049 1805 1124 1860 ita
1176 1805 1442 1869 habeant,
1508 1805 1714 1867 venite,
1761 1803 1982 1874 virique

402 1895 740 1960 encomium,
772 1912 838 1952 ac
867 1897 995 1953 vitae
1027 1899 1152 1968 ejus
1175 1907 1230 1955 et
1257 1899 1703 1955 conversationis
1735 1897 1982 1954 audituri

403 1985 722 2055 historiam,
790 1989 932 2046 bene
987 1991 1139 2048 suasi
1194 1990 1502 2062 facilesque
1562 1989 1775 2046 adeste.
1849 1989 1985 2046 Mihi

403 2088 577 2144 certe,
608 2088 672 2135 ut
712 2096 875 2138 sacro
917 2083 1041 2140 viro
1093 2093 1364 2156 quantam
1409 2084 1656 2142 facultas
1688 2087 1983 2154 permittit,

403 2187 668 2228 coronam
710 2174 1005 2244 plectendo
1059 2176 1200 2231 nihil
1244 2176 1479 2232 omnino
1531 2191 1725 2233 eorum
1765 2193 1888 2248 quae
1916 2177 1986 2233 ad

404 2263 530 2333 ejus
583 2274 836 2336 spectant
901 2267 1168 2323 virtutem
1230 2269 1460 2326 silentio
1533 2270 1840 2337 involvam,
1895 2285 1986 2325 res

401 2357 571 2426 plane
600 2360 774 2414 ardua
801 2369 910 2427 est,
936 2368 1106 2432 atque
1127 2362 1191 2416 in
1231 2363 1430 2433 primis
1461 2372 1523 2419 ut
1551 2364 1714 2420 vobis
1743 2363 1869 2420 festi
1898 2379 1987 2420 sa-

406 2460 818 2506 cramentorum
877 2452 1255 2522 auditoribus,
1307 2465 1419 2509 tam
1464 2455 1758 2526 magniﬁce
1802 2455 1986 2510 laetum

406 2549 744 2598 conventum
776 2544 1076 2611 instruam,
1125 2545 1435 2617 ingensque
1459 2546 1725 2617 gaudium
1768 2561 1868 2617 pro
1899 2561 1990 2602 so-

405 2634 612 2692 lamnis
649 2635 763 2691 diei
804 2639 1022 2693 ratione
1052 2639 1278 2694 faciam.

479 2726 617 2793 Quis
645 2741 775 2798 ergo
819 2736 875 2783 et
905 2729 1088 2799 qualis
1137 2729 1444 2794 estdictus
1475 2729 1764 2800 Patapius,
1804 2728 1896 2784 cui
1937 2737 1992 2784 et

407 2835 510 2878 nos
540 2819 924 2874 exornativum
960 2835 1275 2876 sermonem
1329 2821 1597 2877 adhibere
1631 2821 1819 2877 studio
1861 2821 1993 2875 niti-

407 2930 553 2982 mur,
592 2929 870 2984 quemque
915 2929 1014 2969 vos
1062 2913 1426 2976 celebraturi,
1478 2914 1852 2984 obsequentes
1885 2919 1993 2976 huc

407 3007 518 3062 loci
573 3008 954 3064 convenistis?
1000 3005 1275 3062 Nimirum
1323 3006 1494 3064 eremi
1547 3007 1690 3064 civis
1738 3017 1792 3066 et
1839 3011 1992 3068 orbis

407 3103 715 3172 inspector,
783 3101 1014 3172 angelus
1059 3111 1347 3163 terrenus,
1381 3106 1438 3154 et
1475 3099 1732 3157 caelestis
1785 3103 1987 3160 homo:

409 3195 506 3266 qui
540 3203 748 3251 terram
811 3204 870 3250 ut
907 3193 1110 3249 coelum
1159 3192 1418 3257 incoluit,
1479 3191 1790 3264 caelumque
1841 3195 1993 3250 velut

407 3298 614 3344 terram
648 3286 880 3357 mystice
908 3285 1108 3356 spiritu
1142 3283 1431 3338 lustravit.
1471 3281 1579 3350 Qui
1613 3285 1824 3340 mundo
1865 3285 1990 3353 hoc,

409 3380 672 3437 familiari
702 3379 992 3434 hominum
1022 3377 1434 3433 consuetudine
1463 3384 1736 3442 uteretur,
1757 3377 1994 3434 interes-

411 3485 606 3545 setque
637 3473 962 3530 cmlcstibus
999 3471 1213 3526 clioris.
1258 3469 1364 3537 Qui
1396 3477 1546 3526 esset
1574 3470 1804 3527 indutus
1843 3486 1995 3525 mor-

411 3570 521 3624 tale
559 3583 784 3639 corpus,
831 3566 1190 3635 rationesque
1240 3564 1578 3634 spiritalium
1613 3564 1831 3619 actione
1863 3579 1994 3620 san-

411 3661 569 3716 ciret.
610 3659 706 3713 ille
743 3659 891 3712 inter
932 3657 1238 3711 monachos
1295 3655 1528 3710 ultimus
1573 3669 1641 3709 ac
1689 3656 1993 3712 virtutibus

410 3754 725 3807 maximus:
760 3765 1019 3806 sermone
1055 3748 1228 3803 idiota
1261 3761 1325 3801 ac
1368 3748 1546 3812 rudis,
1581 3748 1994 3818 prudentiaque

413 3843 891 3914 sapientissimus:
931 3841 1076 3895 velut
1108 3857 1128 3891 ι
1178 3854 1342 3909 quem
1377 3839 1626 3893 omnium
1655 3838 1855 3893 artifex
1887 3838 1993 3892 Sa-

409 3938 641 4007 pientia,
697 3935 980 3990 docuisset
1022 3936 1077 3999 i;
1116 3951 1133 3982 ι
1192 3930 1673 4000 sapientissimus.
1720 3931 1995 3986 Castitate

410 4031 748 4098 praecipuus,
799 4026 966 4079 animi
1014 4024 1318 4080 sobrietate
1371 4023 1626 4093 insignis,
1672 4022 1777 4078 fide
1828 4023 1995 4078 fervi-

412 4121 539 4182 dus,
593 4117 958 4172 formidabilis
1006 4116 1276 4170 cliaritate
1317 4132 1332 4168 :
1375 4115 1467 4184 qui
1523 4114 1862 4170 inhabitaret
1895 4131 1990 4175 ιιι·-

410 4211 558 4274 bem,
611 4224 713 4264 nec
750 4208 977 4263 omnino
1015 4223 1045 4262 a
1081 4207 1302 4264 deserto
1355 4208 1595 4263 abesset.
1648 4205 1864 4276 Quippe
1891 4208 1992 4261 ha-

409 4304 577 4360 bebat
605 4303 758 4358 intus
800 4302 987 4356 animo
1022 4300 1483 4356 accensissimum
1535 4298 1871 4368 fervensque
1899 4313 1991 4354 so-

411 4397 664 4452 litudinis
699 4395 1056 4459 desiderium,
1093 4407 1223 4464 quo,
1249 4393 1403 4448 velut
1438 4392 1577 4462 igni,
1611 4391 1735 4461 ejus
1768 4393 1985 4448 viscera

406 4491 527 4562 jugi
578 4483 841 4545 incendio
900 4489 1232 4557 impotenter
1280 4484 1586 4539 arderent:
1636 4484 1862 4554 quando
1905 4486 1990 4539 vir

411 4590 676 4638 strenuus
707 4596 831 4650 qua:
861 4586 993 4635 sunt
1031 4591 1279 4645 congrua
1321 4566 1448 4630 vitae
1502 4575 1580 4630 illi
1614 4575 1680 4629 ad
1716 4591 1895 4647 usque
1927 4576 1991 4631 fi-

410 4689 536 4728 nem
571 4672 844 4727 indefessa
873 4685 1107 4741 prorsus
1138 4669 1458 4723 constantia
1491 4669 1687 4738 gessit.

486 4763 687 4817 Verum
748 4777 858 4832 qua
910 4763 960 4816 ci
1022 4762 1238 4816 ratione
1303 4760 1560 4815 obtulero
1608 4759 1990 4815 laudationum

413 4853 714 4909 coronam?
761 4851 1015 4906 Etiamne
1044 4867 1178 4906 vero
1220 4851 1674 4907 conversationis
1732 4852 1993 4922 splendo-

414 4960 530 5002 rem
563 4943 865 5014 exponam?
897 4942 1116 4997 Etenim
1145 4945 1348 4998 anxius
1380 4959 1524 5008 sum,
1559 4943 1771 5008 dilecti,
1802 4959 1904 4998 nec
1939 4944 1992 4999 id

413 5035 732 5099 minimum,
759 5034 830 5088 ob
863 5032 1076 5088 laboris
1127 5033 1464 5087 molestiam.
1501 5033 1586 5088 Ab
1623 5049 1688 5088 eo
1721 5034 1867 5088 enim
1905 5049 1997 5089 su-

415 5143 590 5200 perna
625 5128 826 5199 gratia,
860 5133 1016 5197 gesta
1050 5123 1326 5196 prodigia,
1357 5122 1510 5177 dictu
1555 5139 1790 5193 prorsus
1820 5125 1990 5178 mira-

417 5221 551 5276 bilia
605 5229 758 5285 sunt,
807 5219 1080 5278 rationem
1129 5217 1407 5289 quatiunt,
1463 5233 1528 5272 ac
1569 5217 1698 5272 sede
1746 5225 1988 5283 movent,

487 5401 509 5437 Β
549 5395 716 5452 Hebr.
746 5413 864 5459 xm,
893 5399 974 5453 l7.
1054 5399 1078 5438 h
1129 5395 1261 5453 ibid.
1300 5395 1330 5448 '7
1436 5395 1450 5433 ί
1489 5396 1599 5466 Sap
1664 5411 1757 5456 vn,
1791 5395 1880 5450 ει.

2085 429 2292 500 ταύτην
2326 430 2535 500 ἄγομεν
2557 432 2653 499 τὴν
2678 432 2977 505 πανήγυριν
2996 434 3062 504 σή
3072 452 3253 510 plagam
3286 439 3427 503 Αὐτὸς
3440 442 3564 498 ᾶπαν-

2086 539 2183 586 τας
2209 522 2398 576 ἐνθάδε
2446 522 2542 577 νῦν
2584 525 2922 590 συνεκάλεσε,
2981 527 3103 598 μεθ’
3143 529 3334 598 ύψηλού
3357 549 3473 596 τινος
3499 554 3568 608 κη-

2089 613 2402 684 ρύγματος’
2449 615 2645 670 ἑαυτὸν
2697 616 2790 682 μὲν
2837 618 3060 688 προθεὶς
3102 621 3238 690 ἡμῖν
3285 621 3444 694 ὥσπερ
3482 629 3568 682 τινὰ

2088 707 2358 777 πολυτελῆ
2416 707 2742 762 πανδαισίαν
2778 711 2868 762 καὶ
2931 711 3182 782 οὐράνιον
3208 713 3571 788 τράπεζαν-τὴν

2085 796 2141 849 δὲ
2181 798 2334 868 ίερὰν
2367 797 2535 851 αὑτοῦ
2586 800 2805 869 μνήμην
2841 801 2950 853 ἀντ’
2985 801 3182 871 ἐδωδῆς
3227 803 3316 855 καὶ
3351 809 3574 874 καρυκείας

2087 905 2222 943 πνευ
2232 890 2466 961 ματικῆς
2483 890 2942 962 προϐαλλόμενος,
2960 886 3004 960 ᾧ
3018 893 3338 960 πεισθέντες,
3351 898 3576 968 ἀγαπητά,

2087 981 2537 1053 συνηθροίσθητε,
2558 979 2619 1037 εὖ
2645 1000 2710 1052 γε
2741 985 2834 1038 καὶ
2850 985 2971 1038 λίαν
3005 986 3339 1056 ποιήσαντες.
3360 989 3454 1058 Τῆς
3477 992 3576 1061 γὰρ·

2094 1093 2113 1126 ι
2155 1075 2418 1129 Πείθεσθε
2456 1078 2571 1139 τοῖς
2618 1078 2951 1148 ἡγουμένοις
3002 1078 3152 1148 ὑμῶν
3186 1079 3274 1132 καί
3306 1080 3576 1139 ὑπείκετε.)

2087 1167 2488 1237 νομοθετούσης
2520 1167 2617 1222 τοῦ
2656 1169 2937 1238 πανσόφου
2970 1171 3177 1222 Παύλου
3209 1169 3381 1241 φωνῆς
3403 1188 3417 1202 ·
3476 1173 3545 1227 καί
3571 1192 3579 1204 ~

2094 1275 2113 1308 ι
2145 1259 2534 1328 Μνημονεύετε
2579 1258 2689 1312 τῶν
2739 1260 3065 1330 ἡγουμένων
3125 1260 3286 1330 ὑμῶν·
3335 1279 3353 1311 ι
3384 1263 3466 1314 καὶ
3508 1265 3584 1315 τῶν

2087 1350 2190 1405 ὅσα
2213 1351 2423 1416 τούτοις
2456 1353 2717 1425 ἐπῆρται,
2751 1353 2856 1424 τὴν
2881 1354 3102 1424 μνήμην
3131 1353 3262 1407 κατά
3287 1352 3495 1407 διάνοιαν
3518 1355 3585 1422 ςέ-

2093 1462 2300 1515 ροντες,
2333 1446 2430 1499 καὶ
2455 1444 2659 1499 τέλειον
2685 1444 2896 1514 ταύτης
2927 1440 3108 1507 ἆθλον,
3141 1443 3234 1515 τὴν
3261 1444 3361 1497 τῶν
3389 1445 3592 1514 ὑπηκόων

2089 1536 2291 1608 ἀρετὴν
2375 1535 2718 1609 ὁριζόμενοι,
2800 1537 3020 1600 ἀόκνως
3067 1534 3145 1606 τῷ
3203 1533 3429 1589 καλοῦντι
3497 1551 3591 1586 συν-

2091 1629 2305 1700 ήλθετε.

1999 1703 2066 1758 il3

2169 1814 2324 1868 Ἐπεὶ
2347 1813 2405 1868 δὲ
2433 1812 2610 1868 ταῦτα
2633 1813 2808 1879 οὕτως
2839 1812 2966 1884 ἔχει
2992 1827 3006 1842 ’
3032 1812 3185 1884 δεῦρο
3212 1811 3486 1876 πεισθέντες
3511 1830 3598 1882 μοι,

2083 1905 2146 1959 τὸ
2165 1902 2262 1958 τοῦ
2289 1905 2482 1975 ἀνδρὸς
2511 1904 2790 1976 ἐγκώμιον
2815 1903 3116 1967 ἀκούσατε,
3151 1903 3243 1958 καὶ
3284 1903 3378 1974 τῆς
3397 1903 3499 1957 κατ’
3524 1903 3597 1956 αὐ-

2084 1997 2178 2052 τὸν
2204 1997 2300 2051 τοῦ
2350 1997 2469 2069 βίου
2507 1997 2811 2066 διαγωγῆς,
2859 1997 3198 2067 ἑκφαντικήν
3243 1995 3338 2067 τὴν
3384 1995 3596 2066 διήγησιν.

2099 2089 2255 2160 Ἐμοὶ
2285 2089 2387 2161 μὲν
2417 2091 2497 2153 εἰς
2523 2089 2753 2160 δύναμιν
2781 2089 2989 2160 ἐκεινῳ
3015 2089 3092 2159 τῷ
3121 2087 3245 2159 ἱερῷ
3273 2087 3360 2141 τὸν
3392 2087 3601 2154 στέφανον

2088 2171 2366 2243 πλέκοντι,
2392 2181 2477 2234 ἐπ’
2508 2180 2685 2234 ούδενὶ
2738 2179 3008 2246 καθάπαξ
3034 2177 3139 2232 τῶν
3165 2179 3242 2242 είς
3284 2175 3466 2250 ἀρετὴν
3497 2175 3598 2230 ἐκεί-

2088 2290 2179 2327 νου
2207 2271 2494 2326 τεινόντων
2552 2271 3020 2342 παρασιωπῶντι,
3070 2269 3259 2324 πολλοῦ
3298 2285 3359 2337 γε
3390 2267 3471 2321 καὶ
3507 2267 3594 2319 δεῖ·

2089 2364 2218 2436 ὑμῖν
2254 2363 2311 2418 δὲ
2367 2363 2572 2434 μᾶλλον
2620 2365 2736 2427 τοῖς
2782 2363 2896 2416 τῶν
2966 2361 3271 2435 μυστηρίων
3320 2359 3412 2431 τῆς
3457 2358 3598 2430 ἑορτῆς

2089 2457 2418 2528 “eodem.
2462 2456 2699 2526 φαιδρὰν
2734 2456 2814 2520 είς
2862 2457 2999 2510 ὅσον
3065 2452 3494 2516 κατασκευάζοντι
3529 2449 3598 2517 τήν

2092 2552 2420 2622 πανήγυριν,
2455 2550 2554 2603 καὶ
2584 2547 2788 2620 πολλὴν
2814 2549 2962 2619 ἀγαν
2989 2546 3297 2619 ὲμποιοῦντι
3335 2546 3424 2614 τὴν
3447 2543 3600 2613 εὐφρα-

2094 2643 2236 2698 σίαν.
3413 2647 3423 2655 ’

2169 2736 2268 2801 Τίς
2293 2733 2389 2792 οὖν
2425 2734 2582 2803 οὗτος
2609 2739 2698 2792 καὶ
2725 2739 2878 2800 ποῖος
2915 2737 2947 2790 6
2979 2735 3100 2806 είρη
3111 2732 3264 2806 μένος
3292 2716 3599 2790 Πατάπιος,ᾦ

2093 2826 2188 2878 καὶ
2219 2827 2380 2896 ἡμεῖς
2403 2828 2530 2891 τοὺς
2562 2827 2672 2881 τῶν
2705 2827 2955 2880 ἐπαίνων
2981 2825 3176 2894 λόγους
3205 2819 3455 2893 προσάψαι
3479 2833 3600 2869 σπον-

2094 2916 2348 2988 δάζομεν,
2389 2920 2485 2972 καὶ
2502 2919 2660 2990 ὑμεῖς
2689 2917 3023 2980 πεισθέντες
3051 2914 3234 2968 ἐνθάδε
3267 2907 3600 2980 πανηγυρίσαν-

2093 3025 2186 3072 τες
2213 3009 2420 3078 ἥκατες
2461 3009 2521 3062 ’0
2549 3009 2649 3080 τῆς
2699 3009 2912 3081 ἐρήμου
2945 3008 3194 3078 πολίτης,
3227 3004 3314 3058 καὶ
3355 3001 3442 3072 τῆς
3471 3001 3601 3052 οἰκον-

2098 3099 2270 3172 μένης
2291 3102 2701 3172 ἐπισκεπτήτης
2733 3101 2818 3133 ³⁸⁸·
2837 3099 2864 3151 6
2885 3100 3142 3169 ἐπίγειος
3184 3095 3419 3165 ἅγγελος,
3444 3090 3519 3144 καὶ
3535 3087 3600 3140 οὐ·

2097 3191 2280 3262 ράνιος
2326 3190 2648 3262 ἄνθρωπος·
2687 3193 2715 3245 6
2747 3192 2853 3262 γῆν
2899 3191 2982 3257 ὡς
3020 3189 3248 3261 οὐρανὸν
3292 3187 3509 3254 οἰκήσας,
3536 3178 3602 3232 καὶ

2093 3283 2324 3356 οὐρανὸν
2386 3283 2462 3347 ὼς
2524 3284 2632 3355 γῆν
2679 3284 2969 3354 μυστικῶς
3013 3270 3604 3354 περιπολέσαςτῷπνεὺ-

2098 3392 2229 3445 ματι
2250 3390 2264 3404 ο
2294 3375 2326 3427 6
2355 3376 2507 3428 κάτω
2554 3375 2868 3446 ἀνθρώποις
2921 3374 3254 3446 συνομιλῶν,
3287 3372 3373 3427 καὶ
3403 3371 3502 3430 ταῖς
3524 3366 3603 3419 ἀνω

2092 3468 2478 3538 κορυστασίαις
2511 3469 2969 3540 συναυλιζὸμενος
2993 3487 3007 3501 ·
3039 3472 3068 3524 6
3099 3468 3254 3538 σῶμα
3283 3464 3458 3535 θνητὸν
3489 3475 3604 3528 ταρι-

2094 3562 2370 3632 κείμενος,
2424 3564 2520 3616 καὶ
2570 3563 2682 3616 τῶν
2747 3563 3144 3634 πνευματικῶν
3207 3561 3328 3623 τοὺς
3378 3559 3511 3627 ὄρους
3557 3555 3604 3620 τῇ

2093 3651 2290 3723 πράξει
2339 3654 2700 3725 πιστούμενος
2732 3671 2746 3686 ·
2793 3655 2822 3707 6
2867 3654 3102 3725 ἔσχατος
3144 3657 3202 3708 ὲν
3246 3653 3501 3720 ἀσκηταῖς,
3539 3645 3606 3696 καὶ

2097 3745 2355 3817 μέγιστος
2387 3747 2445 3798 ὲν
2473 3747 2696 3816 ἀρεταῖς
2721 3763 2735 3776 ο
2771 3749 2799 3800 6
2857 3746 3082 3818 ίδιώτης
3116 3746 3193 3817 τῷ
3232 3745 3387 3813 λόγῳ,
3411 3743 3492 3794 καὶ
3511 3738 3605 3790 πᾶν·

2096 3860 2258 3912 σοφος
2292 3846 2357 3914 τῇ
2393 3846 2678 3915 φρονήσει.
2705 3863 2722 3896 ι
2777 3846 2839 3898 Ἡ
2873 3845 3008 3915 γὰρ,
3047 3845 3263 3899 πάντων
3305 3843 3509 3911 τεχνῖτις
3530 3835 3606 3887 ἐδί-

2092 3937 2293 3990 δασκεν
2317 3939 2480 3990 αὐτὸν
2511 3939 2705 4006 Σοφία.
2745 3957 2763 3991 ι
2815 3937 2873 3992 Ὀ
2896 3939 2952 3990 ὲν
2981 3938 3181 4009 ἁγνείᾳ
3205 3935 3365 3997 πολύς
3383 3953 3396 3965 ·
3421 3933 3511 3986 ὁὲν
3530 3945 3607 3980 σω*

2096 4029 2354 4101 φρονήσει
2383 4029 2654 4100 ἐπίσημος
2674 4047 2688 4061 ·
2724 4032 2753 4083 6
2779 4031 2836 4083 ὲν
2869 4030 3056 4084 πίστει
3083 4027 3281 4100 Θερμός
3301 4044 3313 4056 ·
3346 4028 3372 4078 6
3393 4027 3442 4076 ἐν
3464 4020 3604 4087 ἀγάπη

2095 4120 2360 4190 φοϐερός*
2392 4122 2420 4174 6
2444 4121 2599 4174 πόλιν
2632 4120 2818 4184 οίκῶν,
2872 4119 2968 4174 καὶ
3009 4121 3113 4192 τῆς
3153 4120 3354 4190 ἐρήμου
3387 4108 3606 4168 παντελῶς

2098 4212 2174 4284 μὴ
2200 4213 2544 4282 λειπόμενος.
2579 4209 2710 4282 Εἶχε
2751 4213 2861 4285 γὰρ
2913 4213 3127 4285 ταύτης
3173 4212 3318 4266 ἔνδον
3350 4200 3605 4266 ἑαυτοῦτὴν

2096 4305 2280 4376 σχέσιν
2312 4304 2660 4376 θερμοτάτην
2691 4307 2786 4359 καὶ
2827 4306 3079 4372 ζέουσαν,
3105 4307 3228 4378 ήτις
3269 4304 3340 4368 ὡς
3364 4301 3461 4370 πῦρ
3484 4290 3604 4351 αὕτα]

2026 4433 2068 4487 D
2097 4399 2164 4452 τὰ
2192 4397 2340 4451 ἔνδον
2370 4398 2616 4468 ἀσχέτως
2655 4400 2756 4452 οὐκ
2821 4399 3069 4452 ἀνεδίδου
3127 4398 3456 4466 φλογίζουσα,
3499 4387 3602 4487 eiii

2095 4489 2163 4542 τά
2219 4489 2406 4562 ἐκείνῃ
2459 4491 2826 4561 προσήκοντα,
2898 4490 3067 4560 μέχρι
3117 4490 3301 4552 τέλους
3337 4489 3363 4541 6
3403 4479 3603 4554 γεννάᾶις

2093 4581 2300 4642 ἐκεῖνος
2329 4581 2494 4652 δρῶν,
2524 4581 2808 4646 παντελῶς
2835 4583 2933 4635 οὐκ
2958 4583 3271 4651 ἀπέκαμεν.

2019 3063 2061 3121 C

2179 4758 2316 4812 Ἀλλ’
2347 4757 2392 4810 ῶ
2423 4757 2540 4821 πῶς
2591 4760 2688 4828 μὲν
2747 4757 2896 4828 αύτῷ
2928 4757 3038 4810 τῶν
3079 4753 3366 4824 ἐγκωμίων
3405 4740 3602 4818 προτάξαι

2096 4854 2188 4906 τὸν
2224 4852 2518 4921 στέφανον;
2576 4852 2701 4915 Πῶς
2732 4851 2789 4905 δὲ
2836 4851 2930 4905 καὶ
2962 4851 3062 4921 τῆς
3101 4847 3369 4908 πολιτείας
3399 4837 3600 4909 ὲκφράσω

2103 4943 2162 4996 τὸ
2187 4942 2438 5014 λαμπρόν
2464 4960 2478 5007 ;
2529 4942 2668 4995 Ἀλλ’
2705 4943 2854 5011 ὅμως
2875 4943 3132 4995 ἐπίπονον
3153 4936 3358 5008 ἀπορῶ,
3385 4933 3463 4984 καὶ
3496 4926 3598 5018 λίαν,

2106 5033 2401 5104 ἀγαπητοί.
2425 5033 2506 5087 Τὰ
2530 5033 2637 5104 γὰρ
2661 5033 2748 5086 διὰ
2778 5033 2876 5102 τῆς
2920 5032 3126 5086 ἀνωθεν
3151 5031 3364 5099 χάριτος
3383 5022 3458 5075 ὑπ’
3479 5019 3599 5069 αὐτον

2101 5125 2423 5178 τελεσθέντα
2456 5123 2738 5194 τεράστια,
2773 5121 3088 5194 θαυμαστὴν
3113 5120 3302 5191 ἔχοντα
3351 5115 3438 5181 τὴν
3455 5109 3596 5194 alii"?

2103 5233 2207 5282 σιν,
2235 5191 2534 5285 κραδαίνει
2574 5231 2675 5284 μου
2708 5214 2798 5267 τὸν
2821 5191 3098 5284 λογισμὸν,
3150 5209 3243 5264 καὶ
3271 5205 3498 5273 ἐξίστησι.
3529 5191 3595 5245 “‘-

1689 5574 1923 5632 ΥΛΠΙΑΞ
1951 5572 2357 5631 LECTIONES.

459 5664 494 5695 ³·
509 5667 520 5693 ”
537 5670 623 5724 ια’.
661 5666 920 5736 σκεπτής.

3737 1527 3739 1670 l

3738 1673 3739 1760 ι
