3824 6212
1626 175 1665 185 κ

226 318 357 384 1213

1509 324 1593 389 ΙΝ
1625 327 1688 395 S.
1729 324 2150 392 PATAPIUM.

3327 331 3465 400 12M

223 437 474 502 αὔξουσα.
502 433 604 491 ὀν
663 437 759 510 οὐχ
813 436 1008 510 ἑτέραν
1052 434 1206 511 οἶμαι
1234 437 1442 494 τούτων
1489 439 1644 511 παρά
1672 439 1784 502 τοῖς

1895 440 1959 496 cii
1989 444 2106 497 viro
2133 440 2414 514 praelatam
2442 443 2511 498 iri
2548 444 2808 513 arbitror,
2842 460 3004 511 quam
3041 446 3276 515 primam
3310 448 3462 504 illam

220 529 540 601 εὐφρονοῦσι
568 530 978 602 προκρίνεσθαι,
1010 530 1044 600 ἢ
1097 531 1199 603 τὴν
1239 531 1485 603 πρώτην,
1512 531 1607 585 καὶ
1632 530 1784 603 μίαν,

222 621 310 674 καὶ
342 622 533 692 μόνην,
552 622 646 677 καὶ
666 623 724 675 ἐν
745 624 876 676 πᾶσι
899 623 1007 677 τῶν
1022 622 1161 676 ὅλων
1187 624 1289 677 ύπε
1299 624 1649 695 ρανέχουσαν,
1676 623 1787 695 δρψ

220 728 275 765 τε
305 712 398 765 καὶ
418 712 566 783 λόγῳ
587 717 804 783 φύσεως
828 715 923 770 καὶ
966 715 1249 788 δυνάμεως
1268 733 1284 749 ·
1308 717 1375 788 ἢν
1400 715 1605 787 ἀρετὴν
1630 718 1658 771 6
1679 718 1789 782 πᾶς

220 802 315 870 τῆς
356 802 617 871 ἀληθείας
661 805 952 860 ἐπίσταται
993 807 1172 876 λόγος.
1217 807 1445 878 Ἀρετὴν
1480 806 1540 861 δέ
1583 824 1786 877 φαμεν,

219 891 315 957 τὴν
341 894 522 947 πάντα
559 892 684 947 νοῦν
717 895 1091 967 ὑπερέχουσαν
1106 912 1121 928 ο
1138 897 1245 967 τὴν
1263 895 1421 967 οὐσίᾳ
1448 896 1471 929 ⁸
1490 897 1582 951 καὶ
1606 896 1752 968 λόγῳ
1771 911 1787 928 ⁸

219 983 527 1052 πράγματι,
559 986 652 1038 καὶ
691 986 752 1038 οὐ
797 988 1071 1061 φαντασίᾳ
1114 993 1523 1059 τυγχάνουσαν·
1552 989 1653 1060 τὴν
1679 988 1790 1043 τῶν

219 1072 438 1140 ἀγαθῶν
459 1075 554 1127 καὶ
577 1075 848 1145 μεγίστων
876 1078 1093 1149 δωρεῶν
1120 1080 1482 1152 ταμιεύτριαν
1506 1096 1520 1110 ·
1551 1078 1651 1151 τὴν
1678 1077 1791 1134 τῶν

219 1164 401 1228 καλῶς
412 1166 788 1236 είργασμένων
802 1168 971 1238 ήθῶν,
989 1170 1084 1223 καὶ
1098 1172 1336 1241 τρόπων,
1356 1171 1449 1225 καὶ
1467 1170 1599 1242 βίων
1620 1172 1792 1241 ἀκρό-

219 1255 374 1309 πολιν
395 1271 410 1287 ο
442 1256 542 1324 τὴν
566 1257 625 1309 ἐν
656 1250 931 1330 πάντων
953 1260 1064 1313 τῶν
1095 1262 1397 1316 ἐπαινετῶν
1420 1262 1707 1317 ἀπόκειται
1728 1263 1790 1316 τὸ

215 1344 540 1415 κεφάλαιον
562 1346 659 1416 τὴν
679 1348 956 1418 ἀκήρατον
978 1350 1262 1420 ἐργασίαν⁹
1294 1351 1356 1405 τὸ
1387 1351 1582 1405 ἄσυλον
1602 1355 1702 1419 κτῆ
1712 1368 1795 1423 μα.

214 1437 311 1491 καὶ
342 1437 578 1507 πρᾶγμα
597 1451 611 1467 ⁸
660 1437 760 1509 τὴν
791 1438 1026 1507 ἄφθονον
1079 1441 1265 1506 δόξαν·
1297 1443 1394 1512 τὴν
1438 1444 1667 1516 ἄπειρον
1695 1441 1789 1496 εῦ-

212 1529 421 1596 κλειαν,
449 1525 520 1602 ἦς
544 1532 734 1603 χωρὶς,
758 1532 850 1586 τὸν
881 1532 1013 1587 Θεὸν
1037 1535 1166 1590 ίδείν
1199 1536 1390 1590 οὐδένα
1424 1531 1537 1590 οἷόν
1562 1553 1623 1589 τε
1649 1553 1790 1590 παν-

212 1619 413 1683 τελῶς·
442 1615 511 1691 ἦς
540 1620 717 1687 ἐκτὸς,
752 1623 1031 1692 στεφάνων
1060 1624 1235 1688 οὐδεὶς
1266 1625 1299 1695 ἥ
1331 1625 1490 1696 δόξης
1535 1626 1786 1697 ἠξίωται.

212 1709 361 1783 nam
392 1711 495 1773 τὰς
521 1712 633 1767 ἄνω
660 1713 926 1785 Δυνάμεις
952 1715 1223 1783 ἐδόξασεν,
1249 1717 1513 1785 ἀγγέλους
1544 1717 1788 1789 ἐκόσμη-

215 1820 342 1867 σεν,
412 1803 790 1874 ἀρχαγγέλους
859 1804 1242 1887 ἐλάμπρυνεν,
1300 1809 1632 1874 ἀποστόλους
1690 1808 1787 1863 καὶ

206 1896 503 1965 προφήτας
532 1896 875 1967 ἐπύρσευσε,
939 1898 1224 1970 μάρτυρας
1279 1901 1644 1970 ἐστεφάνωσε,
1689 1903 1789 1957 καὶ

205 1984 427 2050 πάντας
488 1986 614 2050 τούς
670 1987 1052 2059 κτησαμένους
1109 1990 1315 2062 αὐτὴν,
1374 1991 1535 2054 θείων
1585 1992 1785 2064 ἠξίωσε

202 2077 594 2147 χαρισμάτων,
629 2078 724 2131 καὶ
766 2079 1014 2150 οὐρανῶν
1069 2080 1267 2149 γέγονε
1322 2082 1580 2155 πρόξενος
1631 2085 1787 2156 βασι-

202 2168 383 2234 λείας.

286 2262 456 2317 Ἀλλά
491 2265 654 2335 μέχρι
682 2262 844 2330 τίνος,
879 2264 973 2319 καὶ
1003 2266 1132 2320 πότε
1171 2268 1300 2331 τούς
1326 2268 1531 2341 ταύτης
1564 2269 1789 2340 διαγρά-

207 2369 407 2421 φοντες
438 2354 697 2425 ἐραστὰς,
727 2356 1011 2410 Πατάπιον
1038 2357 1129 2411 τὸν
1153 2359 1314 2426 σοφὸν
1341 2360 1783 2432 παρατρέχομεν,

208 2445 299 2498 τὸν
350 2446 561 2517 ταύτης
605 2447 1077 2519 ἁκραιφνέστατον
1128 2450 1368 2523 ἐραστὴν
1419 2452 1548 2507 ὄντα
1584 2470 1645 2507 τε
1689 2455 1787 2509 καὶ

215 2537 502 2609 γενόμενον
528 2556 544 2605 ;
568 2532 612 2608 ᾧ
632 2540 727 2593 καὶ
757 2539 939 2607 ζῶντι,
967 2542 1139 2613 ἀρετὴ
1179 2545 1288 2606 πᾶς
1319 2547 1347 2599 6
1373 2544 1487 2615 βίος
1533 2547 1743 2618 ὑπῆρχε
1767 2563 1784 2580 ·

221 2632 310 2683 καὶ
340 2629 573 2697 θανόντι,
605 2632 807 2702 ἀρετῆς
831 2632 1197 2704 ἐμπλέκονται
1229 2637 1507 2705 στέφανοι.
1549 2638 1645 2693 ’ον
1677 2638 1785 2710 γὰρ

225 2721 419 2790 τρόπον
450 2724 562 2785 τοῖς
590 2724 656 2793 τῇ
689 2722 859 2793 κακίᾳ
897 2724 1162 2794 συζήσασι
1208 2726 1360 2795 μένει
1398 2728 1508 2781 τῶν
1531 2731 1787 2801 ἡμαρτη-

234 2810 452 2881 μένωνή
488 2811 730 2876 κόλασις,
760 2811 904 2866 οὕτω
933 2816 1029 2867 καὶ
1063 2818 1362 2885 μεταστᾶσι
1402 2822 1515 2881 τοϊς
1535 2820 1635 2889 τῆς
1660 2821 1788 2891 ἀρε-

232 2907 325 2974 τῆς
351 2906 629 2976 ἐρασταῖς,
659 2904 772 2959 τῶν
819 2906 998 2960 καλῶν
1031 2910 1063 2977 ἡ
1113 2908 1380 2974 ἀντίδοσις
1406 2928 1421 2943 ο
1465 2906 1541 2965 ῶν
1584 2912 1654 2965 τὰ
1688 2915 1786 2983 μὲν

234 2998 309 3060 εἰς
336 2998 418 3050 ἀεὶ
436 2999 562 3068 παρ’
589 2992 670 3062 οἷς
692 2997 759 3052 ἃν
784 2998 940 3053 ἔσται
964 2999 1137 3069 φίλον,
1165 3002 1198 3070 ή
1247 3004 1437 3073 μνήμη
1468 3005 1787 3076 γεραίρεται

1890 546 2190 602 unamque,
2230 541 2285 586 et
2317 532 2517 597 solam,
2569 548 2801 604 quaeque
2844 543 2898 590 et
2934 550 3002 590 ex
3034 535 3353 593 deﬁnitione
3407 548 3464 593 et

1890 622 2110 677 ratione
2159 630 2369 676 naturae
2406 622 2756 693 virtutisque,
2790 624 3073 679 universis
3105 625 3309 695 ubique
3326 626 3465 680 emi-

1890 722 2039 777 neat,
2071 727 2236 784 quam
2276 727 2442 769 verus
2500 715 2688 768 omnis
2736 729 2920 770 sermo
2978 717 3233 770 virtutem
3288 717 3461 771 novit.

1891 804 2162 860 Virtutem
2213 811 2400 859 autem
2441 803 2698 871 dicimus,
2743 819 2865 874 quae
2907 814 3210 877 exsuperat
3244 821 3464 861 omnem

1892 912 2160 955 sensum:
2208 911 2350 966 qum,
2398 895 2643 964 inquam,
2672 897 2912 950 essentia
2966 906 3053 951 est
3108 906 3163 951 et
3218 898 3461 964 ratione;

1892 991 2097 1060 reipsa,
2135 1004 2244 1045 non
2276 989 2425 1043 inani
2457 989 2714 1057 imagine,
2759 988 3028 1043 bonorum
3074 989 3163 1043 illa
3195 990 3464 1042 maximo-

1892 1098 2124 1151 rumque
2159 1080 2453 1145 donorum,
2484 1093 2676 1147 proma
2707 1079 2882 1135 conda
2922 1093 2938 1132 :
2987 1094 3197 1134 morum
3228 1080 3464 1149 vitaeque

1892 1174 2152 1245 praeclare
2174 1178 2339 1243 gestas
2366 1185 2465 1224 arx
2496 1169 2763 1240 quaedam,
2801 1171 2858 1224 in
2886 1185 2991 1240 qua
3027 1178 3193 1240 caput
3220 1180 3303 1225 est
3340 1171 3461 1225 lau-

1891 1264 2159 1321 dabilium
2192 1264 2436 1317 omnium
2467 1279 2480 1314 :
2511 1275 2649 1332 opus
2674 1261 3009 1325 immortale,
3038 1277 3126 1315 res
3155 1262 3467 1330 possessio-

1891 1372 1998 1427 que
2030 1352 2386 1417 inviolabilis,
2420 1352 2711 1407 abundans
2743 1352 2940 1422 gloria,
2985 1353 3253 1406 immensa
3303 1351 3467 1405 clari-

1892 1455 1997 1507 tas,
2032 1452 2185 1499 extra
2224 1456 2387 1513 quam
2414 1455 2575 1496 nemo
2602 1454 2828 1511 prorsus
2871 1438 3043 1494 Deum
3086 1440 3309 1503 viderit,
3344 1440 3466 1495 sine

1890 1553 1996 1609 qua
2048 1551 2213 1591 nemo
2276 1548 2511 1590 coronas
2566 1534 2872 1604 gloriamve
2949 1532 3272 1601 promeruit.
3333 1530 3462 1587 Haec

1892 1642 2162 1698 supernas
2212 1624 2461 1681 Virtutes
2504 1624 2657 1678 auxit
2709 1623 2905 1692 gloria,
2942 1622 3161 1677 ornavit
3216 1624 3462 1695 angelos,

1893 1718 2260 1788 archangelos
2292 1716 2540 1771 illustres
2562 1712 2716 1780 fecit,
2747 1715 3027 1784 apostolos
3057 1714 3466 1783 prephetasque

1895 1827 1994 1868 ceu
2048 1809 2196 1864 faces
2240 1807 2444 1862 mundo
2497 1804 2772 1867 accendit,
2824 1798 3095 1875 martyres
3155 1805 3460 1869 coronavit,

1895 1915 2198 1972 omnesque
2220 1914 2340 1955 eam
2374 1897 2606 1969 adeptos
2637 1895 2842 1951 divinis
2884 1896 3236 1951 eharismatis
3267 1894 3466 1967 dignos

1896 1996 2046 2062 fecit,
2075 1995 2265 2067 eisque
2293 1991 2446 2064 regni
2484 1989 2753 2046 caelorum
2786 1987 3130 2044 conciliatrix
3164 1986 3285 2041 fuit.

1962 2286 2279 2349 Enimvero,
2311 2278 2557 2353 quandiu
2592 2275 2960 2335 describenda
3001 2272 3220 2329 virtutis
3254 2276 3465 2324 amato-

1896 2392 2006 2443 res,
2044 2374 2345 2444 sapientem
2379 2369 2667 2440 Patapium
2702 2376 2987 2438 praetereo,
3017 2363 3113 2435 qui
3148 2362 3241 2426 sit,
3272 2359 3466 2415 I‘uerit-

1893 2486 2001 2541 que
2027 2466 2249 2522 virtutis
2296 2470 2509 2518 amator
2552 2457 3006 2518 sincerissimus?
3051 2456 3139 2512 eui
3186 2462 3239 2511 et
3281 2453 3464 2524 agenti

1894 2562 1949 2617 in
1987 2560 2151 2627 vivis,
2186 2558 2297 2613 vita
2357 2562 2468 2611 tota
2501 2557 2677 2611 virtus
2729 2552 2935 2617 fuerit;
2983 2565 3047 2606 ae
3096 2550 3183 2604 cui
3224 2557 3463 2612 mortuo,

1894 2649 2206 2717 plectantur
2245 2651 2391 2699 serta
2417 2643 2659 2697 virtutis.
2706 2640 2827 2707 Quo
2866 2640 3012 2696 enim
3048 2639 3211 2693 modo
3244 2653 3341 2692 eos
3369 2638 3464 2707 qui

1894 2740 2062 2797 vitam
2093 2737 2291 2793 vitiose
2324 2742 2574 2805 egerunt,
2623 2741 2807 2788 manet
2836 2730 3266 2786 connnissorum
3300 2728 3464 2797 puni-

1894 2835 1996 2901 tio,
2030 2833 2104 2887 ita
2138 2837 2192 2886 et
2222 2829 2424 2885 saeculo
2456 2827 2755 2896 migrantes
2781 2832 3058 2879 amatores
3087 2823 3328 2887 virtutis,
3368 2821 3468 2877 h0-

1894 2941 2091 2981 norum
2132 2928 2315 2977 manet
2348 2918 2673 2981 retributio;
2702 2930 2767 2970 ac
2796 2915 3031 2969 aliorum
3085 2913 3305 2984 quidem
3350 2928 3465 2966 me-

1894 3018 2093 3081 moria,
2135 3014 2278 3085 apud
2329 3027 2426 3067 eos
2462 3009 2557 3079 qui
2591 3006 2888 3062 habuerint
2922 3012 3160 3075 gratum,
3199 3012 3467 3074 perpetu-3

232 3090 319 3141 καὶ
349 3090 628 3186 σεῆάζεται
650 3107 664 3123 ·
690 3091 800 3145 τῶν
836 3092 915 3156 δὲ,
945 3094 1090 3164 βυθῷ
1126 3097 1555 3168 παραπέμπεται
1592 3098 1785 3169 λήθης,

1897 3110 2093 3166 honori
2151 3123 2216 3163 ae
2274 3103 2619 3161 venerationi
2694 3099 3234 3166 habetur;aliornm
3282 3106 3465 3150 autem

232 3183 472 3273 κάκεῖθεν
498 3180 656 3273 αὖθις
690 3184 864 3256 πυρὸς
883 3185 1265 3253 διαιωνίζουσα
1300 3191 1667 3262 παραδέχεται
1696 3196 1790 3246 κό-

229 3271 397 3337 λασις.

268 3357 456 3429 ,οὗτος
478 3365 767 3436 τοιγαροῦν
794 3367 824 3419 6
852 3366 1023 3437 μέγας
1062 3368 1364 3434 Πατάπιος,
1396 3371 1424 3423 6
1452 3369 1588 3424 Θεοῦ
1626 3360 1796 3437 θεράῖ

230 3472 342 3509 πων
368 3458 603 3529 γνήσιος,
627 3457 727 3527 τῆς
774 3463 918 3514 κατὰ
940 3460 1045 3528 ζτὺν
1069 3461 1184 3530 βίον
1217 3463 1510 3533 ἀναγωγῆς
1534 3464 1633 3533 τὴν
1659 3465 1790 3535 ἀρε·

229 3546 322 3614 τὴν
354 3549 560 3619 μητέρα
590 3550 956 3621 κτησάμενος,
1006 3553 1208 3622 τροφόν
1237 3569 1295 3606 τε
1344 3553 1484 3624 ὁμοῦ
1516 3555 1608 3608 καὶ
1639 3554 1790 3610 διδά-

233 3637 406 3708 ραλον,
444 3644 522 3705 είς
559 3643 735 3712 ἀκραν
766 3643 970 3714 ταύτης
1023 3643 1226 3713 ήλασεν
1257 3646 1569 3717 ἐπιστήμην
1595 3663 1606 3676 ·
1633 3647 1664 3718 ἧ
1698 3649 1792 3701 καὶ

229 3729 381 3784 τοῦτο
405 3733 537 3803 πρὸς
588 3733 871 3805 ὡραϊσμόν
930 3750 991 3787 τε
1049 3734 1140 3787 καὶ
1186 3739 1660 3807 περιφανεστάτην
1695 3739 1788 3792 εύ-

230 3822 504 3907 πρέπειαν,
533 3826 633 3895 τῆς
659 3826 801 3879 κατὰ
822 3824 1057 3897 Χριστὸν
1082 3826 1246 3879 αὐτοῦ
1296 3827 1508 3894 πέφυκε
1538 3828 1790 3896 γίνεσθαι

233 3910 508 3979 πολιτείας,
530 3916 667 3988 ὅπερ
696 3919 809 3980 τοῖς
836 3914 1148 3987 ζωγράφοις
1192 3917 1261 3971 τά
1290 3915 1579 3989 χρώματα,
1620 3918 1688 3973 δι’
1714 3912 1790 3975 ὧν

231 4003 286 4056 τὸ
324 4006 674 4079 ὑποκείμενον
741 4008 1095 4079 ἀποσκίασμα
1146 3992 1417 4081 τεχνικῶς
1491 4012 1790 4084 καταχρῶ-

241 4110 407 4165 pauet,
454 4100 657 4171 στήλην
696 4099 887 4173 ὥσπερ
913 4100 1037 4155 τινὰ
1073 4101 1298 4173 λογικὴν
1333 4104 1435 4174 τὴν
1475 4103 1785 4177 διαγραφὴν

237 4183 665 4257 ἀποδεικνύντες,
730 4190 825 4244 καὶ
878 4192 945 4261 τῇ
1010 4189 1281 4243 πολυειδεῖ
1320 4188 1430 4242 τῶν
1479 4191 1789 4261 χρωμάτων

240 4275 454 4351 εὐχροίᾳ,
483 4280 585 4345 τὰς
617 4281 832 4353 μορφάς
857 4281 951 4335 τοῦ
977 4281 1118 4347 ζώου
1141 4282 1504 4347 ποικίλαντες,
1538 4285 1789 4355 ἐναργεῖς

240 4373 346 4436 τούς
368 4377 721 4448 χαρακτῆρας
776 4378 1123 4450 ἐμφαίνουσι.
1167 4378 1311 4448 Πρὸς
1342 4377 1398 4431 δὲ
1440 4378 1672 4444 τούτοις,
1703 4379 1784 4434 ἔτι

1895 3197 2190 3257 oblivionis
2217 3192 2491 3266 profundo
2511 3190 2769 3252 traditur,
2794 3188 3058 3258 illincque
3087 3202 3279 3242 rursus
3302 3192 3467 3240 aeter-

1891 3308 1963 3348 na
1993 3290 2134 3361 ignis
2174 3285 2459 3358 punitione
2491 3279 2791 3348 excipitur.

1962 3379 2191 3445 Magnus
2229 3376 2415 3443 itaque
2439 3379 2626 3425 noster
2650 3368 2740 3420 hic
2788 3365 3071 3435 Patapius,
3098 3380 3260 3419 verus
3288 3364 3467 3418 famu-

1888 3471 1977 3527 lus
2027 3467 2141 3535 Dei,
2186 3467 2280 3537 qui
2317 3467 2428 3520 vita
2481 3459 2847 3521 instituenda,
2894 3459 3155 3512 virtutem
3211 3456 3467 3510 habuerit

1891 3569 2145 3627 matrem,
2198 3557 2582 3625 nutricemque
2637 3551 2842 3623 pariter
2899 3560 2957 3605 et
3018 3548 3362 3620 magistram,
3394 3548 3465 3601 al

1892 3668 2166 3711 summam
2202 3652 2323 3721 ejus
2345 3649 2632 3704 scientiam
2665 3646 2917 3718 pervenit
2948 3661 2963 3698 :
3007 3642 3113 3698 nisi
3145 3650 3199 3694 et
3225 3639 3465 3707 idipsum

1893 3748 1959 3803 ad
2006 3753 2347 3802 venustatem
2407 3741 2959 3810 illustrissimumque
3009 3737 3259 3791 decorem
3293 3731 3468 3785 Chri—

1891 3840 2085 3897 stianae
2124 3835 2562 3892 conversationis
2598 3832 2762 3887 habet
2799 3829 3071 3892 conferre,
3112 3824 3258 3895 quod
3306 3822 3463 3877 eolo-
3548 3832 3551 3835 '

1890 3949 1981 3988 res
2013 3929 2343 4002 pictoribus,
2372 3927 2575 3996 quibus
2606 3923 2915 3994 subiectam
2943 3917 3364 3975 deiineationem
3390 3929 3460 3968 ex

1891 4032 2010 4079 arte
2038 4020 2394 4093 perlinentes,
2418 4017 2567 4072 velut
2586 4018 2781 4071 stelem
2811 4014 3100 4085 quamdam
3125 4010 3466 4065 columnam-

1889 4130 1997 4186 que
2047 4110 2334 4181 inscriptis
2371 4108 2573 4164 litteris
2628 4108 2984 4176 loquentem,
3037 4103 3310 4171 picturam
3354 4096 3468 4153 eili-

1889 4207 2044 4262 ciunt
2079 4203 2215 4277 (79),
2240 4199 2695 4268 multimodisque
2728 4198 2976 4253 colorum
3018 4194 3318 4263 leporibus,
3344 4190 3467 4243 ani-

1888 4298 2050 4353 malis
2078 4296 2363 4352 variantes
2397 4291 2653 4354 i'ormam,
2697 4287 3029 4358 perspicuos
3073 4286 3227 4339 illius
3262 4283 3463 4337 ehara~

1888 4399 2067 4444 eteres
2099 4395 2156 4442 et
2188 4392 2351 4440 notas
2397 4380 2729 4449 exprimunt.
2776 4377 3042 4432 Praeterea
3090 4369 3238 4437 vero,
3283 4373 3466 4425 adhuc

241 4462 318 4555 καὶ
347 4468 543 4539 μητρὸς
567 4468 656 4522 ἐπ’
682 4468 827 4539 αὐτῷ
858 4469 1011 4537 τάξιν
1056 4469 1335 4538 φυλάττει,
1366 4470 1629 4541 μητρῴης
1683 4472 1783 4524 αὐ-

1895 4479 2055 4536 etiam
2081 4475 2347 4531 maternis
2371 4469 2628 4525 erudiens
2658 4467 2898 4538 legibus,
2938 4463 3130 4518 matris
3155 4468 3209 4515 in
3239 4476 3302 4513 eo
3332 4475 3464 4529 par-

242 4550 318 4605 τὺν
343 4556 738 4612 ἐκπαιδεύουσα
790 4559 996 4631 νόμοις.
1035 4563 1386 4634 Πνευματικῇ
1436 4564 1546 4635 γὰρ
1596 4564 1791 4620 τοῦτον

240 4638 397 4718 laxan
420 4650 751 4720 γεννήσασα,
790 4653 1051 4722 μυστικὸν
1103 4653 1291 4723 ὥσπερ
1342 4655 1406 4708 ἐκ
1441 4674 1585 4720 τινος
1616 4657 1788 4729 θηλῆς

240 4732 430 4794 Emitth
458 4741 598 4810 γάλα
618 4758 632 4771 ο
674 4743 973 4799 κάντεῦθεν
1028 4740 1118 4800 οἷα
1150 4748 1378 4819 στερεὰν
1417 4750 1644 4822 τροφὴν,
1675 4751 1786 4805 τῶν

1896 4580 1976 4626 tes
2021 4567 2260 4624 exhibet.
2327 4557 2573 4629 Spiritali
2627 4557 2773 4610 enim
2841 4554 3049 4610 editum
3109 4561 3300 4622 partu,
3361 4563 3462 4602 ceu

1896 4662 2063 4715 ubere
2094 4656 2329 4728 quodam
2364 4652 2601 4724 mystico
2637 4649 2777 4704 laete
2811 4645 3049 4716 potavit;
3080 4642 3321 4710 indeque
3360 4653 3462 4692 ceu

1892 4751 2124 4808 solidam
2180 4760 2387 4809 escam,
2441 4743 2756 4797 divinorum
2830 4751 3120 4794 sensorum
3175 4732 3463 4790 scientiam

1496 4902 1734 4975 vanus
1762 4905 2173 4972 LECTIONES.

293 4963 312 4996 '
343 4963 414 5020 τσ.
446 4966 594 5021 λείπ.
617 4968 705 5020 οὐ.

1523 5108 1824 5169 COMBEFI
1833 5106 1917 5169 Sll
1955 5109 2189 5168 NOTAE.

289 5244 399 5329 (:79)
430 5246 584 5329 Veii“
613 5251 829 5329 .stetem
878 5249 1170 5329 quamdam
1226 5252 1783 5329 columgqmquejgb

231 5318 426 5393 scriptis
460 5318 652 5373 litteris
678 5318 991 5393 loquentem,
1038 5322 1302 5393 picturam
1353 5318 1598 5393 efﬁciant.
1640 5323 1781 5393 Στή-

229 5383 547 5461 ληνῶσπερ
596 5383 1159 5461 τινάίλογικὴνξτὴν
1200 5383 1513 5461 διαγραφὴν
1568 5383 1782 5445 ἀποδεί-

1888 5266 2061 5309 sacrae
2090 5250 2291 5305 fuerint
2320 5255 2573 5318 receptae.
2624 5258 2797 5313 eoque
2843 5242 2931 5318 ita.
2960 5224 3347 5318 componendae
3370 5305 3381 5316 _
3405 5243 3465 5318 ut

1889 5305 2145 5395 pietatem
2203 5327 2419 5373 tantum
2449 5305 2765 5387 loquantur,
2788 5312 2933 5395 et_ad
2969 5305 3112 5395 caui,
3154 5323 3219 5361 ex
3253 5305 3463 5395 intristi

1886 5380 1941 5449 et
1974 5399 2310 5452 sanctorum,
2363 5380 2658 5456 rerumque
2718 5390 2904 5456 sancte
2934 5381 3003 5434 ab
3048 5380 3128 5434 eis
3156 5384 3460 5456 gestarum,

229 5451 556 5531 gravesgﬂt
587 5458 662 5531 sit
699 5451 933 5531 pictura
955 5451 1034 5514 'ad
1072 5451 1255 5514 vivum
1303 5451 1589 5531 'e'xpre'ssa,
1630 5464 1783 5518 velut
1887 5480 1983 5520 seu
2013 5464 2175 5518 etiam
2241 5451 2976 5531 di’vingoruln'benelieiorum
2994 5451 3292 5531 "memoria
3329 5461 3463 5531 pro~

232 5524 423 5601 t_itulus_
438 5527 641 5601 litteris
680 5524 1062 5601 deformatus,
1091 5524 1460 5600 omnibusque
1501 5534 1568 5586 ad
1601 5533 1781 5601 legen-

1887 5518 2085 5589 voeent
2146 5549 2159 5585 :
2203 5543 2311 5597 qua
2372 5527 2441 5582 de
2489 5541 2550 5581 re
2603 5520 2953 5597 sanctissime
2994 5518 3146 5597 Trid.
3196 5518 3462 5597 synodus,

232 5593 355 5681 dum.
374 5597 855 5681 objeetusteisque
888 5586 1303 5681 velutlooquens,
1323 5586 1788 5681 quaparapli’rasi
1890 5586 2037 5659 sese.
2068 5586 2183 5665 xiv,
2209 5586 2359 5653 deer.
2386 5597 2462 5650 De
2488 5586 3298 5681 iuvat-alienamque":tione,’et
3334 5586 3462 5642 reit-

233 5663 548 5747 gxplieaiiius
608 5667 725 5747 vim
756 5663 917 5747 illius
958 5663 1368 5747 vocis'iovtaif,
1415 5663 1576 5747 cujus
1599 5663 1788 5747 varius

235 5728 423 5791 Graecis
460 5753 618 5794 usus.
639 5735 732 5793 Est
756 5740 870 5795 haec
901 5741 1042 5796 ratio
1068 5728 1378 5812 potissima,
1406 5728 1505 5799 cur
1524 5743 1789 5814 imagines

1890 5674 2030 5744 quiis
2053 5660 2383 5736 sanctorum,
2418 5677 2467 5723 et
2488 5665 2660 5721 sacris
2691 5660 3031 5734 imaginibus.
