3824 6212
217 349 353 413 ten
1525 355 1609 420 IN
1649 356 1708 416 s.
1753 357 2163 446 PATAl’lUll-I.
3331 365 3468 436 1213

218 481 379 534 σομαι
435 467 532 517 καὶ
588 465 840 537 πατρίδος
893 463 1298 536 ἐπιμνησθῆναι
1330 465 1642 542 τῆςκάτω,
1696 465 1778 529 τὰς

1896 476 2173 532 astruant,
2222 468 2468 524 conabor
2521 471 2686 526 etiam
2737 478 2974 529 terreme
3029 475 3222 547 patria:
3271 483 3468 536 memi‘

216 556 443 608 ἐκείνων
487 557 730 628 ἀναιρῶν
760 557 1119 620 ἐθελοκάκους
1145 557 1480 627 ἐρεσχελίας.
1521 558 1778 627 Ἐπιμεμι

1895 556 2072 621 uisse,
2105 572 2214 625 quo
2263 557 2506 625 maligna
2547 574 2741 614 eorum
2792 561 3131 620 irritamenta
3185 583 3468 638 nugasque

215 647 400 716 φέσθω
433 647 490 700 δέ
525 665 612 712 τις
642 648 850 712 τούτοις
891 650 1178 720 μηδαμῶςο
1204 649 1473 702 σκοπείτω
1497 649 1554 702 δὲ
1595 648 1778 719 μᾶλλω

1894 647 2200 702 destruam.
2237 649 2314 704 Ne
2348 652 2474 720 quis
2524 667 2657 706 vero
2698 653 2801 708 ista
2837 657 3274 726 vituperaverit:
3307 664 3464 732 cogi-

214 743 322 804 πᾶς
361 743 515 805 ὅστις
573 743 632 794 ὲν
674 741 802 812 ὑμῖν
836 743 1131 814 φιλοῖστωρ
1166 742 1492 810 καθέστηκε,
1532 741 1626 794 καὶ
1673 741 1793 794 λίαν

213 833 484 904 εὐκρινῶς
516 834 806 887 ὲπιστείτω
839 835 878 865 ¹¹
928 838 994 906 τῇ
1044 836 1254 906 διανοίᾳ
1305 836 1414 887 τῶν
1461 834 1789 903 λεγομένων.

213 924 599 994 Σπουδάσομαι
619 926 745 995 γὰρ,
765 926 866 994 ὅση
888 924 1139 996 δύναμις,
1159 927 1313 997 δίκην
1340 926 1482 988 τινος
1507 924 1790 996 διαλλήλου

210 1015 434 1079 δείξεώς
462 1032 526 1068 τε
569 1016 662 1068 καὶ
707 1015 1057 1080 ἀντιθέσεως,
1105 1017 1287 1087 διττὴν
1331 1017 1496 1072 αὐτοῦ
1535 1017 1634 1088 τῆν
1681 1034 1790 1070 πα-

209 1107 394 1177 τρίδα,
425 1110 538 1170 τοῖς
573 1107 885 1175 φιλοκάλοις
933 1109 1062 1178 ὑμῖν
1097 1109 1396 1174 ὑποδεῖξαι·
1447 1110 1545 1179 τὴν
1597 1109 1695 1180 μὲν
1726 1113 1789 1164 ὲκ

207 1198 337 1267 γῆς,
370 1200 467 1251 καὶ
498 1201 578 1261 εἰς
606 1199 712 1268 γῆν
737 1202 837 1268 τὴν
867 1201 1082 1267 γένεσιν
1109 1202 1202 1254 καὶ
1230 1201 1326 1270 τὴν
1363 1201 1606 1254 διάλυσιν
1637 1201 1790 1270 ἔχου-

210 1304 333 1342 σαν·
361 1290 463 1359 τὴν
487 1291 566 1354 δὲ,
601 1289 658 1356 ἐξ
687 1291 942 1362 ούρανοῦ,
984 1291 1078 1344 καὶ
1106 1292 1342 1358 αἰώνιον,
1381 1292 1476 1345 καὶ
1504 1293 1655 1356 τέλος
1686 1294 1786 1347 οὐκ

205 1379 458 1449 ἔχουσαν.
493 1376 594 1432 Ὧν
627 1382 726 1448 τὴν
760 1383 840 1445 εἰς
879 1381 941 1435 τὸ
986 1387 1233 1454 κρεῖττον
1267 1383 1548 1455 ὲκνίκησιν
1590 1387 1652 1438 ἐκ
1686 1402 1786 1438 πε-

205 1473 453 1539 ριουσίας
496 1470 712 1541 θατέρῳ
757 1473 1112 1542 προσάψομεν
1157 1474 1267 1527 τῶν
1300 1475 1504 1546 μερῶν.
1546 1477 1621 1530 Οὐ
1677 1478 1783 1548 γὰρ

206 1565 496 1617 ίσοστάσια
528 1565 720 1628 ταῦτα,
759 1568 879 1619 οὐδὲ
905 1568 1144 1636 ὁμότιμα
1187 1569 1327 1636 μετὰ
1355 1570 1454 1638 τὴν
1478 1569 1653 1635 ἀξίαν·
1699 1572 1782 1624 ὃτι

205 1655 347 1725 μηδὲ
390 1655 492 1725 τῆς
529 1657 702 1726 αὐτῆς
736 1659 1020 1729 ἐνεργείας
1056 1659 1150 1712 καὶ
1183 1660 1426 1730 χάριτος.
1473 1659 1598 1713 Ἐπὶ
1630 1661 1685 1714 δὲ
1719 1663 1782 1715 τὸ

204 1746 572 1815 προκείμενον
601 1748 1008 1818 ἐπανέλθωμεν.

1893 747 1968 793 tet
1999 755 2150 804 vero,
2185 741 2231 795 si
2281 744 2404 810 quis
2436 743 2582 796 inter
2627 757 2726 798 vos
2773 746 3021 801 discendi
3071 751 3308 819 cupidus
3356 761 3463 816 est,

1891 848 2226 903 sensumque
2273 836 2631 889 dicendorum
2671 845 2781 891 tota
2823 839 3160 899 discretione
3220 848 3462 900 animum

1892 927 2162 980 intendat.
2210 927 2468 982 Couabor
2512 930 2682 996 enim,
2736 943 2940 1001 quanta
2995 936 3159 992 fuerit
3204 938 3464 1004 facultas,

1891 1032 1988 1071 ceu
2012 1033 2075 1070 ex
2102 1018 2338 1073 adverso
2372 1022 2780 1082 contendendo,
2815 1037 2878 1075 ac
2904 1027 3154 1093 opposita
3179 1043 3465 1099 compara-

1891 1115 2062 1175 tione,
2127 1111 2400 1180 duplicem
2481 1113 2604 1181 ejus
2671 1115 2902 1181 patriam
2975 1118 3240 1175 studiosis
3305 1121 3466 1176 vobis

1889 1202 2224 1256 ostendere:
2262 1204 2492 1256 alteram
2531 1204 2752 1271 quidem
2806 1206 2969 1272 cujus
3029 1217 3184 1263 ortus
3231 1224 3261 1262 e
3315 1219 3463 1265 terra

1889 1291 1983 1352 sit,
2005 1291 2482 1361 dissolutioquein
2511 1301 2713 1347 terram
2737 1311 2751 1359 ;
2775 1295 3003 1348 alteram
3035 1305 3213 1352 autem
3237 1313 3266 1352 e
3296 1301 3460 1365 caalo,

1885 1392 2256 1453 mteruamque
2285 1400 2347 1437 ac
2376 1385 2779 1451 immortalem;
2814 1387 3043 1443 alterius
3099 1405 3319 1459 quoque
3351 1407 3468 1460 prae

1887 1477 2058 1530 altera
2092 1477 2143 1529 in
2181 1475 2376 1529 melius
2406 1477 2662 1540 victoria,
2722 1479 2859 1546 parti
2921 1479 3100 1543 alteri,
3155 1496 3220 1535 ex
3278 1481 3463 1536 abun-

1883 1567 2032 1621 danti
2073 1582 2304 1621 annexa.
2333 1567 2454 1622 Non
2488 1567 2632 1620 enim
2666 1569 2912 1636 ejusdem
2948 1582 3077 1624 sunt
3109 1573 3341 1630 rationis
3367 1583 3465 1629 aut

1883 1660 2077 1729 :cquali
2109 1659 2398 1729 dignitate,
2427 1660 2652 1728 quando
2685 1677 2783 1714 nec.
2811 1661 2957 1727 paris
2977 1662 3234 1716 ellicacize
3262 1679 3321 1716 ac
3337 1680 3465 1735 gra-

1887 1751 1993 1804 tize.
2031 1749 2234 1804 Verum
2264 1758 2606 1804 revertamur
2642 1751 2708 1804 ad
2741 1753 3103 1820 propositum.

277 1835 482 1888 Τοῦτον
505 1837 685 1890 τοίνυν
717 1838 809 1891 τὸν
850 1841 906 1891 ὲν
935 1839 1110 1907 ἁγίοις
1146 1840 1445 1905 Πατάπιον,
1479 1841 1652 1913 Θῆϐαι
1682 1842 1778 1912 μὲν

1959 1843 2224 1896 Sanctum
2280 1857 2433 1911 ergo,
2501 1859 2668 1912 quem
2719 1844 3085 1904 celebramus,
3144 1844 3457 1915 Patapium,

197 1928 262 1980 τὸ
294 1929 439 1981 κατὰ
477 1929 657 2000 σάρκα
681 1932 988 1984 τετόκασιν·
1012 1934 1045 2002 ἡ
1081 1931 1137 1984 δὲ
1168 1931 1321 2004 κοινὴ
1351 1933 1566 1986 πάντων
1596 1935 1780 2004 μήτηρ

195 2021 360 2090 ήμῶν
399 2021 775 2093 κολυμδήθρα,
803 2024 864 2075 τὸ
889 2023 1166 2093 δεύτερον.
1204 2019 1324 2087 Ὦν,
1349 2025 1450 2089 τὰς
1485 2027 1582 2096 μὲν
1613 2027 1783 2094 Αἴγυ-

194 2131 334 2176 πτος
372 2115 549 2184 αὐχεῖ,
579 2116 670 2167 καὶ
696 2115 888 2168 Νεῖλον
919 2115 1065 2186 ἔχειν
1097 2116 1189 2169 τὸν
1217 2120 1596 2190 καρποτρόφον
1631 2137 1783 2172 συνο-

193 2206 445 2276 μὸρῤους
480 2207 574 2259 καὶ
611 2206 880 2274 γείτονας,
919 2207 1078 2272 δόξαν
1107 2225 1165 2260 τε
1205 2211 1524 2280 χαμαιπετῆ
1561 2212 1655 2264 καὶ
1683 2228 1780 2280 χα-

194 2298 494 2368 μαίζηλον·
526 2299 627 2368 τὴν
654 2299 712 2352 δὲ
744 2299 838 2351 τοῦ
878 2299 1010 2353 Θεοῦ
1060 2298 1128 2352 τὰ
1167 2299 1434 2370 βασίλεια,
1471 2303 1615 2372 ζωῆς
1644 2305 1780 2356 ἀθα-

191 2389 384 2452 νάτου,
416 2389 512 2442 καὶ
569 2389 799 2443 πλούτου
837 2391 1058 2456 παντὸς,
1102 2395 1196 2444 καὶ
1245 2392 1400 2462 δόξης
1431 2395 1778 2464 ὲμπύρευμα·

193 2481 293 2533 καὶ
328 2481 478 2549 μάλα
503 2497 564 2548 γε
618 2481 862 2543 είκὸτως.
907 2481 969 2532 'H
1021 2481 1119 2551 μὲν
1143 2483 1272 2552 γὰρ,
1303 2482 1508 2553 ταύτην
1546 2483 1782 2536 ἀπολλυ-

196 2572 373 2642 μένην
402 2571 606 2641 βρῶσιν
637 2572 918 2624 πιαίνοντα
971 2572 1208 2625 εὐθύνειο
1260 2575 1292 2642 ὴ
1343 2573 1420 2637 δὲ,
1454 2575 1554 2643 τὴν
1607 2575 1781 2627 είσαεὶ

190 2663 627 2732 παραμένουσαν
654 2663 762 2716 τῶν
794 2663 1015 2731 ἀγαθῶν
1043 2664 1307 2736 χορηγίαν
1330 2666 1668 2737 καρποδοτεῖ.
1716 2667 1781 2720 ’11

198 2755 302 2823 μὲν
354 2755 569 2820 ἀδοξίας
597 2755 778 2820 δόξαν,
813 2757 906 2808 καὶ
954 2757 1172 2827 σαρκῶν
1223 2758 1563 2827 ὑπισχνεῖται
1611 2759 1783 2829 παχύ.

198 2861 364 2914 τητα·
390 2846 520 2914 ἡδὲ,
545 2846 704 2911 δόξαν
727 2847 1100 2913 ἀνέκλειπτον,
1124 2849 1217 2901 καὶ
1243 2848 1476 2921 θεωρίαν
1511 2851 1778 2922 μυστικὴν

196 2935 620 3003 ἐπαγγέλλεται.
665 2937 730 2990 Ἠ
762 2936 881 3006 μὲν,
901 2938 1125 3008 χρυσίου
1155 2940 1249 2992 καὶ
1275 2939 1437 2992 λίθων
1469 2940 1777 2993 πολυτελῶν

193 3028 405 3094 γίνεται
455 3029 714 3098 πάροχος*
746 3031 778 3098 ἡ
813 3029 916 3093 δὲ,·
948 3030 1056 3081 τῶν
1099 3031 1514 3101 ἡτοιμασμένων
1553 3031 1775 3099 ἀγαθῶν

192 3120 302 3180 τοίς
341 3117 514 3182 ἀξίοις
573 3119 668 3170 τοῦ
722 3117 1062 3189 Πνεύματος,
1122 3119 1446 3173 καθίσταται
1493 3122 1769 3190 πρόξενος.
1802 3150 1845 3208 c

193 3209 306 3262 Καὶ
338 3208 391 3260 τί
433 3209 513 3261 δεῖ
545 3209 936 3281 μακρολογεῖν;
983 3210 1281 3278 Αἴγυπτος,
1336 3213 1369 3280 ἡ
1408 3211 1505 3280 μὲν
1539 3211 1775 3282 ὑπάρχει

192 3301 287 3353 καὶ
318 3301 564 3368 λέγεται·
595 3303 630 3371 η
654 3301 731 3366 δὲ,
769 3301 1128 3374 κολυμϐήθρα
1153 3302 1273 3353 ἐστὶ
1303 3303 1400 3354 καὶ
1421 3302 1781 3372 ὀνομάζεται(

201 3391 346 3445 Ἀλλ’
379 3393 587 3463 ἐκείνη,
619 3393 847 3457 σκότους
871 3395 966 3448 καὶ
991 3393 1156 3462 ζόφου
1186 3393 1500 3464 γεννήτρια·
1529 3391 1668 3463 αὕτη
1694 3394 1774 3456 δὲ,

189 3484 374 3546 φωτὸς
394 3483 562 3538 ἀΰλου
583 3483 896 3555 λοχεύτρια.
928 3483 1144 3553 Ἑκείνη
1171 3483 1530 3552 πταισμάτων
1552 3482 1774 3553 τροφὸς,

189 3575 334 3646 αὕτη
369 3575 755 3643 δικαιωμάτων
779 3576 1038 3646 χορηγός·
1084 3574 1268 3644 ἐκείνη
1299 3573 1532 3627 θανάτου
1560 3573 1772 3644 ὀδηγὸς,

188 3666 333 3735 αὕτη
387 3666 534 3737 ζωῆς
576 3666 848 3720 ἀθανάτου
897 3666 1258 3737 χειραγωγός.
1312 3665 1527 3736 Ἐκείνη
1586 3665 1776 3718 παθῶν

187 3756 554 3827 δημιουργὸς,
614 3757 753 3828 αὕτη
805 3756 1075 3819 ἀπαθείας
1133 3756 1504 3825 παιδαγωγός.
1561 3756 1774 3828 Ἐκείνη

191 3846 373 3917 λύπης
414 3849 637 3920 χωρίον,
673 3849 812 3920 αὓτη
841 3851 1016 3921 χαρᾶς
1039 3851 1306 3919 ταμιεῖον.
1326 3847 1539 3918 Ἐκείνη
1577 3848 1775 3912 κακίας

192 3940 469 3992 σκοτεινὸν
494 3941 831 4012 οίκητήριον,
867 3939 1010 4010 αὕτη
1037 3940 1298 4009 φωτεινὸν
1317 3940 1520 4012 ἀρετῆς
1552 3941 1775 4012 οἰκητή-

194 4047 331 4099 ριον.
378 4029 467 4096 Ἐξ
496 4031 710 4101 ἐκείνης
747 4027 862 4096 οὖν,
898 4031 974 4094 ὡς
1003 4031 1235 4100 ἔφαμεν,
1265 4032 1294 4084 ὁ
1326 4033 1593 4103 μακάριος
1615 4025 1772 4096 οὗτος

194 4121 258 4172 τὸ
301 4122 446 4174 κατὰ
498 4123 680 4194 σάρκα
719 4124 1006 4193 κατήγετοο
1041 4125 1108 4176 ὲκ
1168 4123 1224 4176 δὲ
1275 4124 1478 4194 ταύτης
1525 4124 1587 4178 τὸ
1629 4124 1771 4178 κατὰ

196 4211 417 4282 πνεῦμα
452 4217 840 4284 πνευματικῶς
860 4219 1250 4290 ἐχρημάτισεν.

1885 1935 2030 2004 quod
2068 1933 2288 2003 quidem
2325 1942 2541 2003 spectat
2596 1933 2662 1988 ad
2728 1949 2951 1988 carnem
3008 1934 3208 1990 Thebaa
3257 1952 3461 2006 gentle-

1883 2037 2011 2082 runt
2046 2026 2186 2095 (82);
2227 2025 2372 2094 quod
2411 2034 2592 2078 autem
2644 2024 2709 2077 ad
2742 2025 3039 2080 secundam
3087 2027 3232 2079 illam
3266 2028 3465 2082 nativi-

1883 2110 2070 2179 tatem,
2099 2114 2293 2184 genuit
2325 2114 2561 2183 piscina,
2594 2117 2906 2170 communis
2931 2117 3174 2170 omnium
3207 2127 3457 2172 nostrum

1883 2214 2078 2258 mater.
2120 2205 2246 2258 Illas
2279 2206 2499 2274 quidem
2526 2205 2632 2258 Nili
2661 2206 2880 2275 frugum
2916 2208 3115 2261 altoris
3147 2207 3462 2266 conﬂuente

1883 2295 2088 2350 habere
2120 2296 2390 2364 gloriatur
2438 2295 2709 2367 Egyptus
2733 2339 2748 2363 ,
2782 2298 2945 2368 eique
2976 2299 3207 2361 vicinas.
3262 2301 3455 2355 humili

1883 2389 2073 2456 utique
2107 2387 2286 2457 gloria
2333 2387 2670 2457 abjectaque
2701 2407 2714 2442 :
2743 2389 2886 2442 hanc
2911 2397 3112 2453 autem,
3145 2392 3272 2445 eteli
3309 2393 3455 2464 regia

1883 2477 2218 2547 gratulatur,
2267 2475 2600 2532 immortalis
2631 2478 2791 2546 plane
2837 2478 2980 2540 vitm,
3029 2477 3461 2549 divitiarumquc

1881 2571 2127 2623 omnium
2159 2577 2214 2622 et
2253 2569 2465 2638 gloriae,
2509 2579 2902 2624 mercaturam.
2939 2571 3018 2623 Ac
3057 2585 3213 2624 sane.
3247 2570 3460 2641 Quippe

1883 2660 1974 2714 illa
2007 2669 2151 2714 recta
2179 2660 2380 2714 ﬂumen
2425 2661 2478 2714 in
2515 2675 2667 2715 mare
2700 2661 2830 2730 agit,
2864 2661 3011 2729 quod
3046 2662 3254 2715 hancce
3275 2677 3457 2716 eseam

1881 2751 2293 2818 corruptibilem
2327 2752 2756 2821 impingnaverit
2797 2769 2811 2806 :
2849 2753 2964 2806 haec
3004 2760 3210 2816 autem,
3245 2753 3299 2805 in
3334 2768 3458 2820 per-

1879 2849 2103 2911 petuum
2140 2853 2456 2898 manentem
2490 2845 2762 2899 bonorum
2794 2845 3007 2915 copiam
3041 2843 3224 2898 {ructu
3258 2859 3458 2914 sugge-

1880 2935 1976 2991 rit.
2018 2937 2140 2999 llla,
2173 2937 2489 3012 ignominia;
2518 2937 2789 3008 gloriam,
2823 2937 3182 3005 carniumque
3221 2935 3460 2990 obesita-

1879 3033 2026 3093 tem;
2090 3029 2228 3094 hazc,
2263 3030 2494 3100 gloriam
2557 3029 2991 3083 indefectibilcm
3049 3043 3114 3082 ac
3171 3030 3455 3098 mysticam

1879 3121 2402 3190 contemplationem
2437 3121 2730 3191 promittit.
2765 3119 2978 3176 Praebet
3025 3121 3115 3174 illa
3164 3136 3357 3174 aurum
3393 3134 3458 3175 ac

1875 3212 2086 3280 lapides
2133 3213 2432 3280 pretiosos;
2485 3212 2602 3266 [nec
2664 3212 2806 3265 bona
2835 3252 2847 3270 .
2899 3211 2966 3265 iis
3014 3212 3105 3279 qui
3141 3221 3270 3264 suut
3307 3210 3458 3280 digni

1877 3299 2085 3370 Spiritu
2115 3311 2452 3370 praeparata,
2482 3302 2771 3356 conciliat.
2803 3301 2946 3367 Quid
2984 3316 3117 3354 vero
3150 3317 3290 3369 opus
3327 3316 3460 3370 pro-

1874 3390 2046 3446 lixum
2088 3391 2252 3446 esse?
2303 3392 2419 3455 Illa,
2467 3401 2522 3447 et
2572 3401 2657 3446 est
2711 3392 3018 3471 Egyptus,
3070 3390 3460 3462 [Egyptusque
3523 3429 3548 3448 .

1874 3492 2263 3552 nuncupatur;
2306 3482 2420 3537 haec
2468 3492 2676 3549 autem,
2712 3492 2768 3538 et
2800 3494 2886 3539 est
2918 3483 3153 3552 piscina,
3180 3491 3231 3536 et
3258 3498 3458 3540 nomen

1875 3575 2103 3645 piscina:
2126 3573 2326 3638 habet;
2359 3589 2550 3628 verum
2584 3575 2703 3638 illa,
2755 3575 3015 3629 tenebras
3061 3574 3234 3644 gignit
3272 3584 3328 3629 et
3362 3589 3458 3629 ca-

1875 3667 2126 3738 liginem,
2171 3665 2285 3721 haec
2316 3666 2460 3736 parit
2506 3666 2938 3720 immateriatmu
2993 3665 3196 3719 lumen.
3237 3664 3335 3720 Est
3366 3665 3459 3719 illa

1875 3767 2228 3828 peccatorum
2263 3758 2465 3823 altrix;
2504 3757 2640 3822 haec,
2670 3756 3135 3827 justilicationum
3162 3755 3457 3827 largitrix:

1873 3851 1986 3913 illa,
2015 3849 2124 3902 dux
2162 3849 2260 3903 viae
2307 3850 2530 3914 mortis;
2587 3848 2722 3914 haac,
2763 3849 2827 3902 ad
2877 3846 3240 3902 immortalem
3291 3848 3460 3901 vitam

1874 3939 2193 3993 manuducit
2216 3958 2230 3992 :
2253 3939 2366 4002 illa,
2401 3940 2657 3993 vitiorum
2693 3937 2926 4007 artifex;
2959 3939 3075 3992 haec
3104 3937 3394 3992 vacuitatis
3427 3951 3459 3991 a

1877 4032 2031 4086 vitiis
2059 4031 2276 4086 doctrix
2315 4048 2328 4084 :
2371 4031 2503 4096 illa,
2560 4031 2800 4085 tristitia:
2855 4031 3045 4102 regio;
3099 4031 3213 4084 haec
3271 4030 3459 4100 gaudii

1879 4139 2022 4193 penu
2059 4140 2072 4175 :
2109 4123 2227 4188 illa,
2295 4122 2650 4178 tenebrosum
2710 4122 3007 4187 vitiorum;
3055 4122 3188 4186 haec,
3238 4122 3462 4177 virtutis

1877 4216 2214 4270 luminosqu
2275 4214 2642 4268 domicilium.
2680 4214 2762 4268 Ex
2820 4214 2917 4268 illa
2947 4228 3103 4283 ergo,
3152 4220 3212 4268 ut
3242 4212 3460 4283 prazl'ati

202 4322 414 4372 sumus,
461 4309 547 4363 vir
594 4311 684 4366 hic
717 4313 913 4368 beatus
940 4353 956 4378 ,
992 4314 1136 4385 quod
1179 4322 1392 4382 spectat
1427 4312 1491 4369 ad
1521 4327 1766 4374 carnem,
1804 4311 2133 4373 descendit;
2165 4327 2232 4367 ex
2268 4310 2372 4370 hac
2401 4319 2584 4364 autem
2609 4350 2625 4374 ,
2671 4309 2818 4378 quod
2888 4317 3103 4378 spectat
3173 4308 3242 4362 ad
3294 4309 3460 4377 spiri-

198 4411 334 4463 tum,
365 4403 601 4471 spiritali
629 4405 843 4460 ratione
875 4417 1055 4460 ortum
1089 4406 1275 4460 trahit.

276 4495 430 4548 ἐπεὶ
453 4496 509 4548 δὲ
526 4496 694 4550 ταῦτα
718 4498 896 4562 καλῶς
920 4499 1060 4568 ἔχειν
1085 4500 1231 4552 δοκεί
1256 4517 1365 4569 μοι,
1397 4498 1508 4569 ὁρῶ
1534 4499 1592 4552 δέ
1615 4516 1765 4562 τινας

1944 4494 2055 4550 Etsi
2088 4506 2220 4546 vero
2249 4491 2364 4545 haec
2409 4488 2485 4543 ita
2521 4489 2656 4543 I)ene
2704 4487 2905 4540 habere
2935 4484 3261 4548 videantur,
3296 4484 3459 4538 video

193 4584 304 4638 τῶν
327 4587 458 4658 περὶ
491 4587 560 4639 τὰ
589 4589 835 4659 παρόντα
871 4589 1264 4659 ἐπτοημένους,
1309 4589 1382 4660 μὴ
1421 4589 1537 4641 λίαν
1567 4591 1764 4658 ἐπιμε-

194 4673 299 4739 λῶς
329 4677 440 4729 τῶν
463 4677 776 4749 λεγομένων
805 4679 1123 4745 ἀκούοντας,
1159 4679 1283 4733 ἐπεὶ
1315 4679 1478 4750 μηδὲν
1503 4680 1633 4748 περὶ
1663 4697 1769 4732 πα-

193 4768 373 4839 τρίδος
425 4769 523 4823 τοῦ
554 4771 824 4842 μακαρίου
869 4772 1075 4843 κομψὸν
1110 4772 1409 4842 ἥσοφῶδες
1444 4773 1763 4842 είρήκαμεν.

195 4859 415 4913 Φιλοῦσι
441 4863 554 4932 γὰρ
578 4865 628 4916 οἱ
657 4863 912 4931 φιλόζωοι
940 4867 1051 4927 τοῖς
1081 4863 1188 4916 τῶν
1221 4864 1396 4930 λόγων
1436 4864 1770 4930 σοφιστικοῖς

195 4948 732 5026 λαρυγγίσμασιίτὴν
764 4955 932 5026 ἀκοὴν
971 4954 1412 5019 καταυλίζεσθαι,
1447 4950 1528 5018 οἷς
1568 4955 1661 5008 καί¹
1703 4955 1772 5007 τὰ

200 5043 438 5111 μουσικά
471 5044 582 5098 τῶν
611 5047 915 5118 ἐσπερινῶν
940 5045 1340 5117 βακχευμάτων
1377 5046 1627 5113 παίγνια,
1676 5045 1770 5096 καὶ

1872 4586 2236 4642 nihilominus
2286 4583 2529 4652 aliquos,
2584 4581 2700 4648 qui,
2732 4579 2900 4633 rebus
2949 4577 3132 4632 smculi
3171 4576 3459 4631 desiderio

1874 4678 2080 4739 allecti,
2106 4691 2217 4729 non
2257 4675 2496 4728 libenter
2527 4670 2818 4726 aduwdum
2852 4669 3103 4732 audiant,
3134 4669 3282 4738 quod
3319 4668 3459 4722 nihil

1877 4767 2225 4838 magniﬁcum
2281 4764 2553 4820 scitumve
2598 4761 2667 4815 de
2699 4761 2842 4815 beati
2878 4761 2982 4815 viri
3036 4760 3211 4829 patria
3253 4759 3459 4814 dixeri-

1878 4874 2026 4912 mus.
2054 4859 2256 4912 Amant
2306 4856 2452 4910 euim
2487 4855 2578 4924 qui
2615 4852 2736 4907 vita:
2771 4853 3074 4908 commodis
3127 4852 3252 4922 plus
3301 4867 3458 4921 :equo

1879 4951 2126 5010 student,
2160 4956 2222 5001 ut
2290 4946 2599 5016 sophisticae
2631 4947 2863 5016 argutia:
2908 4960 2971 4999 ac
3011 4961 3112 5000 ceu
3136 4944 3458 4999 crocitatio-

1879 5057 1979 5096 nes
2036 5054 2199 5094 aures
2261 5039 2558 5108 obsepiant
2611 5038 3076 5108 obtundantque:
3141 5036 3344 5106 quibus
3401 5043 3454 5090 et

1445 5215 1672 5270 VARI/F3
1720 5212 2125 5270 LECTlONES.

266 5314 306 5348 ¹¹
341 5315 430 5368 la’.
460 5312 755 5384 ὲπίστητω.

1440 5455 1835 5514 (IOMBEFISII
1868 5456 2100 5513 NOTAE.

265 5557 378 5626 (82)
406 5556 594 5611 Thebae
646 5561 982 5626 genuerunt._
1026 5550 1308 5626 Scripsere
1370 5551 1554 5626 plures
1604 5548 1768 5626 de‘ea

195 5620 544 5696 Urbe,'quarn
571 5620 757 5696 Steph.
793 5621 1198 5696 Ἑκατόμπυλον
1230 5620 1534 5696 vocat._§ed
1567 5628 1620 5696 et
1654 5621 1771 5688 plu-

195 5716 282 5757 res
304 5688 528 5753 luerunt
553 5688 742 5750 eodem
771 5688 1028 5755 nomine;
1049 5691 1139 5743 illa
1166 5700 1345 5758 tamen
1377 5688 1619 5758 rEgypti,
1647 5704 1770 5756 qua:

194 5778 247 5828 et
268 5769 558 5830 Διόσπολις
614 5763 847 5821 Eusebio
880 5769 949 5835 ct_
983 5760 1265 5827 Straboni,
1301 5757 1531 5828 Patapii'
1562 5759 1760 5828 patria,

1876 5550 2088 5604 czeteris
2121 5547 2392 5602 illustrior
2420 5546 2736 5602 εΔιόσπολιν
2778 5545 2941 5608 LXX,
2974 5545 3172 5600 Ezech.
3199 5561 3328 5609 xxx,
3359 5545 3450 5602 ubi

1876 5621 2042 5675 Hebr.
2119 5631 2200 5674 est
2263 5629 2365 5680 κε,
2444 5617 2810 5687 Hieronymus
2861 5612 3450 5687 'Alexandriam__ex~

1878 5691 2209 5761 pouit;aliis
2240 5690 2470 5758 interpr.
2507 5684 2878 5742 retinentibus
2914 5686 3241 5745 ilel'raicum
3269 5684 3380 5741 No.
