3824 6212
157 386 286 454 I221

1448 375 1534 438 IN
1573 376 1636 436 S.
1673 373 2082 435 PATAPIUM.

3278 360 3413 427 Κ)ἓὲ

151 494 529 568 συγχορευτὴν
574 491 998 562 ἀνεϐλάστησεν,
1055 489 1083 543 ὃ
1135 487 1231 542 καὶ⁴
1282 486 1586 558 θαυμάζειν
1636 487 1732 539 ἑπ-

1847 483 2016 537 insani
2043 481 2316 537 idolorum
2352 481 2572 545 cultus,
2614 493 2925 551 praeconem
2975 479 3138 534 nobis
3187 470 3411 548 pietatis

149 590 322 657 ἀξιον.

219 863 287 914 Εἰ
315 859 428 930 γάρ
461 857 738 930 βδέλυγμα
765 857 966 920 παντὸς
993 854 1224 918 ἀσεϐοῦς
1257 852 1558 915 θεοσέϐεια,
1614 851 1730 914 πῶς

150 955 290 1024 αῦτη
325 952 588 1023 βδελυκτή
616 967 704 1014 τις
745 947 899 1011 οὖσα,
931 947 1175 1002 τοιούτου
1213 948 1347 1017 ἡμῖν
1380 945 1608 1007 σκεύους
1639 944 1733 996 ἐκ·

148 1047 316 1115 λογῆς
348 1048 543 1114 γέγονε
587 1043 828 1112 πατρίς;
861 1041 985 1104 Πῶς
1026 1041 1216 1102 σκότος
1250 1038 1586 1108 ὑπάρχουσα,
1621 1053 1733 1103 φω-

151 1138 334 1208 στῆρα
362 1135 531 1205 ζόφου
575 1133 810 1204 διώκτην
852 1132 1096 1186 ἀνέτειλε
1121 1149 1136 1197 ;
1167 1131 1278 1185 Καὶ
1311 1131 1458 1200 μάλα
1483 1131 1727 1192 εἰκότως·

158 1247 177 1280 ι
217 1229 398 1280 Ὅπου
450 1225 558 1294 γὰρ
603 1222 930 1277 ἐπλεόνασεν
973 1224 1007 1293 ἠ
1062 1222 1326 1291 ἁμαρτία,
1368 1220 1733 1291 ὑπερπεριέσ-

156 1337 362 1374 σευσεν
392 1320 426 1388 ή
455 1319 634 1387 χάρις.
676 1335 696 1369 ι
745 1317 826 1386 Τῇ
851 1316 960 1386 γὰρ
992 1315 1087 1368 τοῦ
1122 1313 1448 1384 μονογενοῦς
1472 1312 1605 1366 Υἱοῦ
1635 1311 1732 1366 τοῦ

153 1413 295 1468 Θεοῦ
342 1411 481 1483 πρὸς
531 1411 679 1480 ἡμᾶς
735 1409 960 1480 ἀρρήτῳ
1016 1405 1460 1474 συγκατασάσει,
1515 1405 1610 1457 καὶ
1666 1406 1732 1474 τῇ

152 1503 425 1574 ἀφράστῳ
449 1502 540 1555 καὶ
569 1499 711 1570 ὑπὲρ
738 1500 895 1566 λόγον
920 1497 1086 1552 αὑτοῦ
1115 1497 1364 1559 κενώσει,
1394 1496 1734 1567 ἐληλαμένης

157 1597 261 1666 μὲν
294 1595 476 1664 πάσης
520 1593 738 1661 ἀπάτης
789 1592 885 1644 κα)⁴
914 1590 1144 1659 πλάνης,
1173 1589 1252 1652 είς
1283 1587 1514 1658 φροῦδον
1541 1586 1597 1639 δέ
1626 1586 1734 1639 τῶν

155 1687 363 1760 βωμῶν
405 1685 502 1739 καὶ
547 1685 656 1738 τῶν
694 1683 904 1752 ἐναγῶν
961 1683 1196 1736 εἰδώλων
1250 1683 1556 1750 γενομένων
1605 1681 1729 1750 ἤδη,

151 1779 424 1849 ἐσαλεύθη
448 1777 548 1848 μὲν
571 1777 867 1845 Αἴγυπτος·
902 1774 1123 1844 ἐσείσθη
1161 1774 1218 1827 δέ
1243 1774 1417 1843 αὐτῆς
1455 1774 1521 1826 τὰ
1553 1789 1733 1844 χειρο-

1835 573 2062 628 invexit.
2113 571 2494 627 Tenebrosum
2546 570 2683 624 illud
2740 571 3053 624 daemonum
3105 571 3410 633 stabulum,

1831 679 1956 718 eum
1989 663 2156 719 nobis
2185 665 2441 734 produxit
2474 663 2568 732 qui
2601 677 2728 718 cum
2762 662 2977 732 angelis
2999 661 3200 717 choros
3224 661 3411 729 ducat,

1831 756 1979 827 quod
2008 755 2168 825 plane
2197 755 2511 810 mirandum
2537 755 2630 810 sit.

1902 845 2040 900 Nam
2088 861 2213 900 cum
2252 846 2408 915 impii
2461 847 2642 900 omnis
2702 846 2959 917 religiosa
2991 845 3170 915 pietas
3201 844 3414 899 abomi-

1833 941 1988 994 natio
2017 940 2112 1004 sit,
2140 939 2235 1008 qui
2271 939 2361 992 illa
2395 939 2793 993 abominabilis
2820 941 3123 1002 exsisteus,
3155 939 3278 993 talis
3312 953 3415 992 no-

1831 1033 1918 1087 bis
1975 1031 2126 1086 vasis
2181 1031 2472 1085 electionis
2530 1032 2709 1100 patria
2754 1030 2905 1084 fuit?
2953 1030 3243 1096 Quomodo
3295 1045 3416 1100 quae

1832 1132 1983 1180 esset
2015 1125 2272 1189 tenebrae,
2314 1124 2589 1178 luminare
2642 1123 2902 1177 submisit
2942 1125 3086 1192 quod
3125 1125 3413 1192 caliginem

1835 1216 2062 1270 haberet
2098 1214 2438 1285 dispellere?
2471 1213 2617 1268 Sane
2664 1214 2720 1268 id
2774 1215 2972 1269 merito
3009 1232 3022 1266 :
3063 1233 3082 1266 ι
3130 1212 3234 1268 Ubi
3264 1215 3414 1267 enim

1835 1308 2137 1362 abundavit
2191 1317 2506 1378 peccatum,
2565 1306 3038 1374 superabundavit
3098 1296 3272 1374 gratia
3295 1311 3352 1358 ιι.
3391 1323 3410 1355 ι

1832 1399 2047 1454 Arcana
2096 1401 2242 1453 enim
2304 1399 2571 1470 nnigeniti
2626 1395 2750 1450 Filii
2788 1397 2882 1451 Dei
2938 1398 3003 1451 ad
3047 1412 3147 1450 nos
3180 1396 3416 1450 inclina-

1834 1491 2009 1555 tione,
2039 1491 2420 1560 inefl‘abilique
2459 1507 2522 1544 ac
2552 1491 2661 1544 vim
2695 1489 2930 1544 rationis
2965 1497 3267 1559 superante
3297 1490 3415 1558 ejus

1834 1585 2237 1644 exinanitione,
2268 1584 2415 1637 omni
2458 1598 2649 1638 errore
2684 1583 3119 1652 deceptioneque
3163 1582 3414 1650 depulsa,
3512 1617 3525 1627 ς

1834 1673 2062 1742 arisque
2095 1688 2158 1727 ac
2205 1671 2452 1741 profanis
2498 1672 2660 1726 idolis
2702 1672 2815 1739 jam
2858 1671 3099 1731 abolitis,
3137 1686 3415 1726 concussa

1833 1763 2079 1836 Egg'pto
2103 1806 2118 1830 ,
2149 1765 2270 1834 ejus
2302 1778 2576 1818 concussa
2617 1770 2748 1818 sunt
2784 1761 3124 1824 manufacta,
3164 1776 3227 1815 ac
3267 1763 3416 1816 omni

153 1872 381 1942 ποίητα,
435 1871 531 1923 καὶ
564 1869 742 1924 πάντα
773 1869 884 1923 τῶν
924 1867 1194 1937 δαιμόνων
1231 1867 1298 1920 τά
1332 1867 1554 1936 μυσαρὰ
1582 1866 1732 1919 τελέ-

1847 1857 2148 1912 daemonum
2180 1855 2508 1911 exsecrabili
2540 1855 2693 1926 cultu
2729 1854 3017 1918 subverso,
3054 1861 3201 1905 terra
3231 1853 3416 1906 omnis

153 1977 346 2033 σματα
395 1961 776 2022 καταλέλυται,
808 1960 904 2013 καὶ
952 1959 1190 2028 ἡγιάσθη
1230 1960 1378 2011 πᾶσα
1411 1959 1444 2028 ή
1476 1960 1567 2028 γῆο
1604 1959 1632 2010 ό
1675 1958 1732 2022 δὲ

150 2055 284 2118 λαὸς
317 2054 431 2107 τῶν
461 2050 785 2123 ἀνθρώπων,
831 2070 850 2102 ι
896 2053 924 2104 ὁ
956 2053 1012 2103 ἐν
1047 2051 1230 2103 σκότει
1269 2049 1365 2102 καὶ
1401 2051 1528 2119 σκιᾷ
1561 2049 1731 2114 θανά-

147 2165 250 2202 του
276 2146 610 2214 καθήμενος,
640 2141 746 2197 εἶδε
772 2143 889 2212 φῶς
932 2143 1077 2210 μέγα
1105 2159 1123 2192 ι
1157 2140 1253 2192 τοῦ
1298 2140 1450 2209 ἡλίου
1482 2139 1734 2210 λαμπρό-

147 2255 339 2310 τερον,
374 2237 438 2289 τὸ
467 2255 485 2288 ι
521 2235 756 2304 φωτίζον
778 2235 956 2288 πάντα
991 2232 1277 2302 ἄνθρωπον
1310 2233 1390 2292 είς
1410 2231 1502 2283 τὸν
1529 2230 1733 2299 κόομον

146 2332 474 2402 ἐρχόμενον,
507 2347 525 2380 ›
564 2329 798 2398 Χριστὸν
825 2325 918 2378 τὸν
948 2325 1081 2378 Θεὸν
1125 2323 1302 2392 ἡμῶν.
1333 2321 1494 2392 Αὐτῷ
1525 2324 1558 2390 ἡ
1581 2322 1729 2387 δόξα,

150 2425 258 2475 σὺν
281 2419 362 2490 τῷ
393 2420 568 2489 Ila-cpi.
598 2419 690 2471 καὶ
721 2416 802 2486 τῷ
845 2416 987 2484 ἁγίῳ
1029 2413 1330 2483 Πνεύματι,
1357 2412 1451 2467 νῦν
1483 2413 1579 2466 καὶ
1623 2412 1732 2478 ἀεὶ,

149 2514 252 2568 καὶ
283 2513 368 2576 είς
395 2513 523 2574 τοὺς
549 2511 748 2572 αἰῶνας
771 2507 882 2561 τῶν
920 2505 1152 2560 αἰώνων.
1186 2505 1380 2575 Ἀμήν.

774 2625 856 2676 ΘΑ
869 2623 1008 2676 ΥΜΑ
1019 2623 1094 2674 ΤΑ

373 2717 483 2772 τοῦ
516 2717 691 2770 ὁσίου
724 2712 956 2780 Πατρός
984 2709 1155 2780 ἡμῶν
1182 2709 1512 2762 Παταπίου.

227 2835 343 2904 Τὴν
361 2832 472 2887 τῶν
493 2828 782 2900 ἐγκωμίων
814 2825 970 2880 τοῦδε
997 2823 1088 2877 τοῦ
1117 2823 1332 2893 Πατρὸς
1356 2819 1738 2884 ἀποδὼσαντες

152 2925 464 2996 εὐφημίαν,
497 2921 727 2975 καθόσον
765 2919 898 2988 ἡμῖν
923 2915 1165 2984 ἐφικτὸν,
1188 2915 1286 2983 τὴν
1309 2913 1417 2964 τῶν
1442 2911 1738 2982 θαυμάτων

149 3016 330 3073 αὐτοῦ
367 3013 630 3084 ᾠήθημεν
666 3009 919 3063 ἐκθέσθαι
951 3003 1331 3076 ἀληθεστάτην
1361 3004 1636 3074 διήγησιν,
1670 3003 1737 3055 ἵν’

151 3111 222 3165 ἐν
251 3107 425 3178 ταύτῃ
455 3107 567 3165 τοῖς
597 3101 866 3171 φιλοθέοις
904 3099 1000 3152 καὶ
1031 3097 1336 3166 φιλεόρτοις
1372 3111 1737 3164 συμπανηγυ-

1839 1948 2192 2003 sanctificata
2239 1953 2362 2010 est;
2427 1945 2668 2013 viditque
2720 1944 3022 1996 humanum
3087 1959 3260 2013 genus
3299 1961 3317 1993 ι
3359 1942 3414 1996 in

1835 2036 2086 2092 tenebris
2110 2044 2163 2090 et
2191 2036 2385 2089 umbra
2416 2035 2612 2087 mortis
2626 2033 2842 2098 sedens,
2865 2033 3041 2086 lucem
3076 2047 3326 2100 magnam
3353 2039 3408 2082 ο»

1836 2128 1955 2182 sole
1984 2125 2436 2196 splendidiorem,
2465 2139 2587 2194 qua
2619 2142 2636 2173 ι
2680 2122 2954 2176 illuminct
2984 2137 3204 2175 omnem
3236 2121 3415 2174 ltomi-

1835 2237 1960 2276 nem
1990 2222 2046 2273 in
2075 2219 2340 2274 mundum
2371 2219 2680 2274 venientem
2705 2227 2751 2282 Ρ,
2792 2235 2812 2268 ι
2843 2215 3121 2271 Christum
3154 2215 3414 2268 nimirum

1838 2313 2011 2366 Deum
2049 2321 2331 2366 nostrum.
2376 2309 2457 2363 llli
2492 2308 2689 2378 gloria,
2735 2322 2859 2361 cum
2891 2305 3054 2360 Patre
3101 2315 3154 2361 et
3202 2304 3416 2375 Spiritu

1837 2411 2053 2468 sancto,
2082 2418 2232 2458 nunc
2260 2411 2314 2458 et
2344 2415 2583 2470 semper,
2615 2409 2670 2454 et
2698 2398 2757 2453 in
2805 2398 3002 2454 saecula
3060 2397 3413 2454 saeculorum.

1841 2494 2033 2550 Amen.

2429 2601 2809 2658 MIRACULA

2188 2697 2363 2750 sancti
2394 2695 2583 2750 Patris
2625 2697 2796 2749 nostri
2827 2693 3070 2762 Patapii.

1909 2809 2200 2865 Celebrato
2241 2811 2444 2876 quibus
2495 2807 2654 2863 licuit
2701 2807 2925 2860 laudum
2959 2805 3272 2875 prteconiis,
3310 2804 3416 2860 Pa-

1841 2901 1942 2955 tris
1972 2901 2140 2970 hujus
2167 2902 2445 2966 encomio,
2480 2915 2659 2969 operae
2685 2899 2920 2968 pretium
2956 2898 3132 2951 visum
3154 2905 3240 2953 est
3279 2908 3337 2952 ut
3361 2908 3419 2952 et

1840 2991 2184 3047 verissimam
2207 2992 2327 3061 ejus
2350 2993 2744 3046 miraculorum
2768 2990 3143 3045 narrationem
3174 2989 3416 3055 ederem,

1840 3100 1952 3154 quo
1981 3085 2084 3150 eis,
2113 3100 2217 3138 una
2241 3100 2365 3139 cum
2401 3084 2492 3137 Dei
2512 3084 2751 3153 festique
2775 3084 3114 3148 amantibus,
3141 3099 3243 3137 uos
3273 3083 3422 3136 oble-

157 3174 440 3273 picavcsc,
487 3196 750 3262 εἴπωμεν
811 3209 828 3240 ι
867 3187 1194 3258 Θαυμαστὸς
1236 3186 1406 3248 ὅντως
1444 3186 1501 3236 ἐν
1559 3185 1736 3251 ἁγίοις

1847 3177 2344 3240 etautes,dieamus
2368 3195 2380 3229 :
2405 3195 2422 3227 ι
2458 3175 2724 3230 Mirabilis
2758 3191 2950 3230 revera
2973 3175 3185 3229 Deusin
3211 3174 3422 3228 sanctis

153 3294 402 3363 ὑπάρχει
432 3291 460 3342 ὀ
494 3281 738 3357 Κύριος.’
757 3302 775 3333 ›
803 3284 913 3336 Καὶ
942 3281 1129 3350 μηδεὶς
1161 3277 1478 3340 ἀπιστείτω,
1505 3276 1741 3344 μάλιστα

152 3385 330 3441 αὑτοῦ
360 3381 455 3436 τοῦ
492 3379 698 3449 Κυρίου
723 3377 996 3444 λέγοντος·
1035 3391 1052 3422 ι
1114 3371 1172 3423 '0
1203 3369 1474 3422 πιστεύων
1509 3371 1590 3431 εἰς
1615 3368 1739 3437 ἐμὲ,

151 3479 229 3531 τὰ
254 3477 397 3545 ἔργα
421 3473 455 3527 ἃ
491 3469 602 3539 ἐγὼ
630 3467 790 3531 ποιῶ,
834 3467 1088 3525 κάκεῖνος
1119 3463 1355 3532 ποιήσει,
1385 3460 1479 3514 καὶ
1520 3458 1742 3529 μείζονα

151 3570 369 3625 τούτων
403 3567 640 3634 ποιήσει.
679 3581 696 3613 ι
726 3561 799 3613 Oi:
831 3561 897 3628 τῇ
930 3557 1034 3628 ἰδίᾳ
1049 3555 1275 3624 δυνάμει
1301 3552 1396 3622 τὴν
1421 3551 1744 3622 εὐεργεσίαν

155 3661 450 3733 πηγάζων,
487 3658 622 3710 ἀλλὰ
653 3654 729 3725 τῷ
775 3652 896 3722 ἐμῷ
925 3651 1152 3719 ὀνόματι
1203 3646 1298 3700 καὶ
1328 3646 1394 3715 τῇ
1443 3644 1634 3714 κλήσει
1676 3645 1742 3713 τῇ

156 3759 291 3827 ἑμῇ’
333 3772 350 3805 ι
389 3750 534 3819 Ἐγὼ
563 3749 670 3818 γάρ
701 3747 816 3814 εἰμι
845 3745 874 3796 δ
900 3742 966 3794 τὰ
998 3741 1175 3794 πάντα
1207 3740 1262 3790 ἐν
1290 3738 1456 3789 πᾶσιν
1475 3734 1739 3805 ἐνεργῶν»

154 3851 226 3916 τῇ
255 3843 564 3910 Δεσποτικῇ
589 3838 830 3903 ἐξουσίᾳ.
861 3832 947 3884 Ἐν
977 3829 1152 3893 τούτῳ
1183 3829 1210 3880 ὁ
1234 3827 1406 3898 μέγας
1443 3827 1744 3891 Πατάπιος,

157 3938 433 4008 annos;
469 3932 604 3987 Θεοῦ
646 3931 955 4002 ἄνθρωπος,
997 3926 1108 3980 δτδ
1149 3925 1310 3993 ζόφος
1337 3921 1495 3988 ἀφεὶς
1517 3919 1616 4008 τῆς
1650 3919 1746 3970 Δί-

156 4032 400 4099 γύπτου,
453 4025 550 4076 καὶ
593 4021 673 4091 τῷ
719 4019 861 4088 φωτὶ
898 4016 1230 4087 πλησιάσας,
1269 4010 1366 4066 καὶ
1398 4005 1621 4076 Χριστῷ
1657 4022 1750 4056 συο

161 4094 528 4190 σταυρωθεὶς,
565 4114 658 4167 καὶ
691 4111 799 4166 τῶν
823 4108 1134 4190 ἀσωμάτων
1162 4101 1452 4172 δυνάμεων
1481 4101 1538 4190 ἐν
1567 4094 1749 4190 θνητῶ

159 4185 384 4282 σώματι
416 4203 836 4276 συμϐιωτεύσας
871 4199 1008 4270 βίον.
1060 4187 1119 4250 Ὀ
1151 4196 1333 4264 τίμιος
1371 4194 1436 4261 τῇ
1463 4189 1624 4282 ψυχῇλ
1655 4185 1750 4282 καὶ

157 4279 512 4375 τῷνσώματν
553 4299 580 4350 ὁ
607 4296 699 4348 τὸν
729 4293 1020 4362 ἀκτήμονα
1060 4288 1176 4359 βίον
1213 4285 1485 4355 ποθήσας,
1543 4279 1750 4375 καὶᾼείς

155 4395 294 4447 Θεδν
328 4388 667 4457 πλουτήσας,
719 4383 816 4436 καὶ
855 4382 953 4448 τῆς
1006 4376 1342 4438 πολυτελοῦς
1386 4369 1750 4437 καταξιωθεὶς

158 4488 414 4557 χάριτος,
455 4475 609 4541 οὗτος
638 4495 656 4528 ι
689 4475 870 4529 λαϐὼν
893 4476 1044 4544 παρὰ
1074 4470 1208 4527 Θεοῦ
1242 4468 1492 4537 ἐξουσίαν
1523 4465 1613 4519 τοῦ
1647 4481 1748 4515 πα-

162 4580 279 4630 τεῖν
308 4574 500 4629 ἐπάνω
526 4573 702 4640 ὅφεων
722 4570 817 4624 καὶ
851 4566 1154 4638 σκορπίων,
1184 4562 1282 4614 καὶ
1318 4560 1408 4612 ἐπὶ
1442 4560 1622 4610 πᾶσαν
1652 4554 1750 4622 τὴν

165 4670 404 4738 δύναμιν
453 4665 548 4719 τοῦ
603 4663 824 4734 ἐχθροῦ⁸
859 4680 878 4713 ι
922 4688 993 4699 -
1028 4678 1046 4710 ι
1084 4651 1423 4726 Θεραπεύειν
1463 4666 1523 4702 τε
1570 4648 1753 4699 πᾶσαν

161 4760 326 4813 νόσον
358 4759 456 4811 καὶ
479 4759 662 4810 πᾶσαν
696 4751 988 4825 μαλακίαν,
1023 4767 1040 4800 ι
1076 4746 1276 4812 ἔδειξεν
1306 4745 1440 4812 ἡμῖν
1465 4739 1667 4801 κάυτὸς
1696 4740 1752 4790 ἐν

164 4849 318 4919 αὐτῷ
349 4848 420 4900 τά
471 4845 564 4898 τοῦ
623 4836 1061 4913 παραδοξοποιοῦ
1115 4830 1253 4887 Θεοῦ
1294 4829 1603 4896 θαυμάσια·
1651 4826 1752 4898 τὴν

163 4918 406 5008 ἄφθονον
445 4936 623 5006 χάρινο
656 4933 756 4998 τὴν
784 4929 1054 5000 βρύουσαν
1083 4924 1288 4994 πηγήν*
1315 4923 1383 4974 τΞι
1417 4918 1750 4989 μελλίρρυτα

163 5033 416 5099 νάματα.

491 5116 628 5184 Περὶ
667 5113 776 5183 τῆς
797 5112 1010 5175 ἰάσεως
1044 5107 1152 5161 τοῦ
1183 5101 1437 5173 τυφλοῦ.

244 5232 434 5301 Τούτῳ
480 5230 592 5301 γάρ
632 5245 762 5281 ποτε
813 5225 894 5295 τῷ
936 5220 1213 5294 μακαρίῳ,
1253 5215 1453 5286 τυφλός
1481 5230 1566 5276 τις
1607 5210 1752 5264 κατὰ

173 5323 265 5377 τὸν
311 5323 376 5374 ἐκ
408 5321 677 5391 γεννητῆς
709 5317 934 5384 τυφλὸν,
978 5313 1374 5382 προσέρχεται,
1402 5306 1619 5377 κράζων
1657 5303 1753 5356 καὶ

174 5416 374 5485 λέγων·
415 5412 579 5466 Δοῦλε
606 5411 702 5464 τοῦ
734 5407 871 5462 Θεοῦ
904 5405 997 5460 τοῦ
1027 5405 1276 5474 ὑψίστου,
1307 5400 1576 5461 Πατάπιε,
1606 5393 1756 5448 ἴασαι

177 5525 286 5579 μου
319 5507 446 5569 τοὺς
469 5502 803 5574 ὀφθαλμούς·
840 5499 1054 5563 ἆνοιξόν
1091 5514 1192 5567 μου
1230 5493 1331 5564 τὴν
1359 5492 1628 5562 πήρωσιν,
1660 5485 1757 5579 καὶ

173 5576 418 5668 ᾧώτισόν
460 5615 528 5669 με
571 5597 665 5651 τὸν
697 5591 1108 5664 ἐσκοτισμένον,
1134 5591 1186 5642 εί
1210 5603 1326 5649 πως
1357 5584 1444 5638 διὰ
1484 5579 1601 5641 σοῦ,
1662 5576 1761 5647 τὴν

260 5756 462 5809 l’ltom.
497 5770 551 5812 v,
582 5749 672 5805 20.
750 5757 775 5786 ο
809 5748 914 5804 lsa.
948 5758 1028 5802 Ix.
1057 5740 1123 5805 2;
1164 5739 1360 5812 Luc._t,
1385 5735 1503 5812 79._
1549 5745 1576 5785 ι’
1603 5732 1759 5787 Joan.
1793 5749 1831 5812 t_,
1875 5733 1927 5787 9.
2006 5740 2032 5780 «ι
2060 5727 2206 5785 Psal.
2242 5739 2412 5790 vatt,
2445 5721 2534 5777 56.

184 5803 717 5892 111,6.”lLuc.x,
761 5821 850 5874 lt).
920 5823 953 5893 ιι,
989 5803 1176 5868 Matth.
1211 5808 1344 5875 3,1.
1421 5816 1446 5845 τ
1478 5803 1636 5860 Joan.
1671 5820 1747 5870 Ix,
1795 5805 1843 5858 ί.

1847 3263 2057 3316 suist!»
2089 3262 2195 3316 Nec
2225 3278 2284 3317 se
2311 3264 2602 3331 quisquam
2631 3264 3275 3327 ineredulumexbibeat,
3295 3280 3419 3317 cum

1842 3355 2149 3426 praesertim
2184 3355 2449 3407 Dominus
2473 3355 2589 3423 ipse
2607 3354 2827 3408 dicatzt
2861 3353 2966 3419 Qui
3005 3355 3182 3407 credit
3226 3354 3279 3406 in
3311 3369 3417 3415 me,

1832 3463 2010 3516 opera
2040 3461 2160 3516 quze
2189 3460 2291 3514 ego
2313 3444 2479 3508 facio,
2511 3452 2566 3498 et
2598 3445 2714 3512 ipse
2734 3443 2896 3498 faciet
2912 3451 2965 3497 et
2988 3444 3196 3511 majora
3225 3444 3418 3507 horum

1844 3539 2010 3593 faciet
2039 3547 2083 3590 τ.
2123 3556 2140 3588 ι
2174 3535 2292 3590 Non
2320 3535 2469 3588 velut
2500 3535 2619 3603 ipse
2648 3551 2678 3588 a
2723 3551 2783 3589 se
2829 3535 3080 3589 beneficii
3115 3534 3264 3587 velut
3301 3533 3422 3588 fons

1845 3633 2096 3694 exsistat,
2128 3629 2222 3683 sed
2249 3629 2304 3681 iu
2326 3641 2447 3689 meo
2475 3627 2719 3688 nomine,
2747 3642 2810 3679 ac
2834 3641 2919 3680 me
2945 3626 3219 3679 invocato.
3257 3644 3275 3675 ι
3305 3626 3422 3692 Ipse

1847 3722 1991 3776 enim
2029 3718 2210 3773 omnia
2254 3718 2307 3770 in
2358 3716 2614 3771 omnibus
2657 3725 2679 3754 ι
2716 3735 2733 3768 ι
2795 3715 3082 3769 Dominica
3152 3723 3425 3784 potestate

1856 3833 1875 3865 ι
1899 3828 2117 3882 operor.
2145 3831 2163 3863 ι
2192 3810 2258 3894 ’ln
2295 3809 2412 3870 illo,
2443 3823 2675 3878 magnus
2699 3809 2982 3878 Patapitts,
3018 3822 3144 3861 vere
3179 3807 3224 3861 is
3261 3806 3426 3860 homo

1848 3905 1964 3972 Dei,
1991 3906 2110 3974 qui,
2143 3904 2334 3960 relicta
2363 3901 2584 3972 IEgypIi
2615 3900 2870 3970 caligine,
2914 3901 2979 3953 ad
3023 3900 3203 3954 lumen
3237 3913 3428 3953 acces-

1849 3998 1939 4062 sit,
1975 4012 2039 4050 ac
2082 3995 2306 4050 Christo
2352 3994 2605 4049 confixus
2643 3993 2830 4057 cruci,
2863 3991 3028 4045 vitam
3069 3991 3426 4061 incorporea-

1848 4105 1969 4143 rum
2019 4089 2286 4141 virtutum
2344 4086 2543 4140 vixerit
2591 4085 2644 4138 in
2693 4083 2913 4137 mortali
2969 4097 3248 4152 corpore:
3300 4083 3425 4148 ille,

1850 4181 2099 4249 inquam,
2151 4186 2206 4232 et
2269 4177 2450 4230 anima
2505 4175 2778 4242 pretiosus
2839 4173 3323 4242 honorabilisque,
3373 4182 3427 4225 et

1850 4287 2084 4341 corpore
2118 4290 2129 4324 :
2161 4271 2250 4340 qui
2287 4270 2544 4324 dilexerit
2593 4268 2758 4320 vitam
2807 4266 3046 4334 inopem,
3096 4280 3160 4316 ac
3208 4265 3259 4317 in
3317 4262 3428 4317 Deo

1852 4351 2028 4426 dives,
2067 4358 2388 4430 magnificas
2426 4357 2617 4427 gratiae
2649 4371 2783 4424 opes
2815 4356 3046 4423 adeptus
3077 4354 3178 4418 sit;
3234 4352 3359 4415 hoc,
3397 4369 3426 4405 ιι

1854 4451 1966 4506 Deo
1999 4470 2017 4502 ι
2054 4457 2280 4518 accepta
2317 4454 2593 4516 potestate
2625 4444 2874 4498 calcandi
2917 4457 3082 4511 supra
3115 4449 3424 4510 serpentes,

1853 4553 1906 4598 et
1937 4541 2274 4609 Scorpioues,
2306 4549 2359 4593 et
2401 4553 2618 4591 oumetn
2669 4539 2929 4590 virtutem
2967 4533 3173 4587 inimici
3208 4535 3254 4597 ¹;
3289 4553 3307 4584 »
3361 4563 3430 4573 -

1856 4651 1874 4683 ι
1921 4629 2268 4697 curandique
2316 4641 2535 4682 onmem
2569 4625 2824 4678 morbum
2851 4631 2906 4675 et
2943 4637 3162 4676 omnem
3198 4621 3428 4688 languo-

1851 4736 1968 4775 rem
2001 4727 2054 4783 υ,
2088 4738 2107 4771 ι
2138 4717 2383 4772 ostendit
2409 4727 2464 4770 et
2505 4716 2624 4786 ipse
2658 4714 2818 4768 nobis
2854 4713 2910 4768 in
2949 4711 3152 4781 seipso,
3195 4709 3287 4765 Dei
3322 4710 3428 4762 mi-

1851 4812 2102 4867 rabilium
2172 4809 2480 4880 patratoris
2556 4806 2836 4860 mirabilia
2920 4819 3127 4876 opera,
3193 4803 3428 4874 gratiam

1854 4906 2107 4968 uberem,
2147 4909 2462 4956 manantem
2496 4897 2728 4963 fontem,
2762 4897 3052 4952 mellilluos
3085 4899 3296 4951 latices.

2407 5084 2483 5140 De
2509 5101 2648 5138 caeco
2674 5095 2888 5139 sanato.

1927 5200 2065 5256 Cum
2097 5200 2165 5254 ad
2193 5215 2316 5254 eum
2372 5198 2710 5268 quandoque
2751 5210 2930 5251 caecus
2973 5193 3194 5262 quidam
3223 5231 3238 5254 ,
3289 5203 3434 5243 caeco

1859 5294 1938 5348 illi
1970 5309 2000 5347 a
2059 5292 2356 5347 nativitate
2385 5283 2585 5344 similis
2628 5293 2676 5350 ν,
2705 5285 3023 5339 accessisset
3061 5283 3304 5335 clamans
3349 5281 3433 5333 di-

1859 5401 2109 5454 censque
2145 5403 2158 5439 :
2193 5384 2361 5439 Serve
2386 5382 2480 5437 Dei
2514 5379 2793 5438 altissimi,
2825 5375 3040 5444 Patapi,
3074 5388 3211 5427 sana
3243 5374 3436 5430 oculos

1861 5501 2050 5549 u-c‘os;
2085 5482 2240 5554 aperi
2271 5495 2449 5537 meam
2498 5477 2829 5535 caecitatem,
2865 5485 2930 5525 ac
2979 5485 3065 5524 me
3100 5467 3434 5524 obtenebra-

1819 5579 1822 5583 ’
1870 5586 1984 5630 tum
2017 5574 2263 5629 illumina
2298 5591 2310 5626 :
2347 5572 2393 5626 si
2443 5566 2720 5640 quomodo
2750 5580 2846 5636 per
2886 5572 2937 5618 te
2976 5561 3207 5626 videns,
3242 5573 3434 5612 eorum

2643 5727 2666 5758 τ
2697 5715 2857 5773 Joan.
2886 5731 2998 5782 xw,
3038 5713 3127 5769 12.
3208 5721 3230 5751 ³
3263 5711 3435 5770 ltlor.
3488 5692 3494 5698 ’
