3824 6212
476 292 616 355 1223
1262 320 1292 339 ι
1648 295 1716 357 S.
1755 289 2057 355 ANDREA

2162 286 2542 352 RETENSIS
3190 236 3203 259 ’
3531 288 3620 353 tat

474 418 599 472 qua:
628 401 809 457 oculis
836 407 968 457 sunt
990 400 1262 471 subjecta,
1304 400 1795 457 concinuissimam
1824 415 2057 473 compo-

2162 399 2273 454 τῶν
2318 400 2619 472 ὁρωμένων
2669 399 3008 470 θεασάμενος
3047 398 3390 469 παναρμόνιον
3420 396 3619 463 σύστασιν,

477 495 758 555 sitionem,
798 493 1145 563 miratusque
1175 493 1439 550 eximiam
1486 509 1672 550 rerum
1714 496 1955 567 speciem
1980 536 1996 561 ,
2028 512 2057 551 a

2165 492 2262 547 καὶ
2288 492 2581 563 Θαυμάσας
2605 492 2781 546 αὐτῶν
2813 493 2872 545 τὸ
2902 492 3206 562 ἐξαίρετον,
3245 491 3442 560 ὑμνήσω
3460 490 3528 544 διὰ
3549 493 3621 545 τῶν

478 586 705 650 creatis,
731 583 1054 642 Creatorem
1080 595 1484 658 auctoremque
1510 588 1731 645 laudem
1769 604 1934 643 :eum
1979 589 2057 643 vir

2164 585 2494 656 κτισμάτων
2516 584 2611 637 τὸν
2639 585 2931 640 κτίσαντα.
2960 583 3166 638 Τοῦτον
3184 585 3213 636 ὁ
3238 582 3467 653 μακάριος
3488 581 3623 638 θεατάς

404 696 411 701 ’
482 679 679 732 beatus
706 678 946 733 intuitus
972 681 1123 750 gravi
1155 680 1500 738 laborantem
1542 681 1814 745 caecitate,
1852 681 2057 751 quique

2168 692 2353 746 μενος,
2376 676 2569 739 δεινῶς
2586 677 2683 747 μὲν
2708 677 2815 730 ὑπὸ
2832 675 2924 729 τοῦ
2954 675 3122 744 ζόφου
3154 676 3234 736 εἰς
3263 673 3485 742 ἀύλεψίαν
3505 676 3622 743 ἀμεν-

480 770 848 827 nihilominus
874 772 1038 827 ﬁdem
1071 788 1194 843 qua:
1221 772 1487 828 transfert
1518 780 1759 837 montes,
1812 772 2057 836 haberet.

2169 766 2441 838 ρωθέντα,
2473 767 2662 821 πίστιν
2707 768 2767 819 δὲ
2811 767 3151 837 κεκτημένον
3194 765 3291 835 τὴν
3314 763 3403 835 ὅρη
3447 766 3624 819 ποιοῦσιν

480 865 529 919 ei
574 865 865 936 respondit
904 884 918 919 :
962 866 1107 933 Quid
1147 868 1213 921 ad
1260 883 1350 923 me
1394 867 1688 933 accedens,
1739 882 1773 921 ο
1814 867 2057 938 juvenis,

2169 858 2567 931 μεθίστασθαι,
2586 860 2723 931 πρδς
2751 859 2912 913 αὑτὸν
2940 860 3291 929 ἀπεκρίνατο·
3308 857 3368 909 Τί
3384 873 3474 925 μοι,
3490 857 3625 919 vacvis,

479 956 598 1011 dari
641 959 780 1028 petis
823 974 945 1027 qua:
976 968 1241 1027 superant
1274 975 1452 1015 meam
1502 958 1875 1015 facultatem?
1919 957 2057 1026 Quid

2166 949 2438 1023 προσιὼν,
2469 950 2541 1005 τά
2572 951 2714 1021 ὑπὲρ
2747 950 2853 1021 ἐμὲ
2883 948 3084 1003 διδόναι
3128 948 3335 1020 ζητεῖς;
3374 948 3429 1000 Ti
3453 947 3535 1000 τῶν
3551 948 3628 1017 ἀρί-

480 1064 613 1103 vero
644 1050 696 1103 in
727 1065 814 1104 me
837 1050 1104 1120 aspexisti
1154 1051 1306 1116 boui,
1342 1067 1375 1107 ο
1420 1052 1609 1117 homo,
1641 1060 1704 1107 ut
1740 1066 1863 1107 eam
1902 1065 1933 1104 a
1976 1066 2057 1106 me

2168 1061 2312 1098 στων
2341 1044 2401 1099 ἐν
2427 1046 2554 1112 ἐμοὶ
2580 1044 2948 1113 θεασάμενος,
2977 1042 3178 1112 ταύτην
3216 1040 3339 1110 παρ’
3366 1040 3477 1108 ὲμοῦ
3491 1040 3631 1104 λαϐεῖν,

481 1157 642 1212 roges
677 1146 930 1212 accipere
962 1146 1305 1199 curationem
1361 1161 1527 1215 quant
1578 1146 1733 1201 solus
1777 1146 2065 1201 universo-

2164 1136 2445 1208 ἄνθρωπε,
2476 1135 2577 1208 τὴν
2615 1135 2921 1206 θεραπείαν
2956 1135 3146 1198 αἰτεῖς,
3168 1134 3232 1205 ἣν
3263 1132 3408 1203 μόνος
3430 1131 3633 1201 elisisti-5

482 1248 602 1289 rum
634 1234 890 1289 conditor
931 1235 1097 1300 Deus,
1138 1236 1255 1303 ubi,
1302 1244 1355 1291 et
1403 1238 1721 1307 quomodo,
1758 1245 1815 1292 et
1861 1237 2057 1307 quibus

2166 1227 2276 1281 τῶν
2319 1228 2459 1282 ὅλων
2511 1228 2666 1292 Θεὸς,
2703 1227 2859 1294 ἔνθα,
2900 1226 2999 1280 καὶ⁵
3027 1226 3168 1289 ὅποι,
3222 1224 3310 1277 καὶ
3351 1218 3425 1286 οἷς
3463 1221 3634 1292 βούλεται

483 1323 599 1375 vult
636 1322 992 1391 impertitnr?
1017 1324 1224 1390 Quidni
1253 1325 1321 1379 ad
1351 1341 1477 1381 eum
1530 1325 1858 1382 recurristi?
1890 1325 2057 1393 Quid,

481 1415 691 1470 omisso
732 1415 1018 1480 Creatore,
1057 1419 1124 1471 ad
1156 1429 1473 1473 creaturam
1507 1419 1753 1474 venisti?
1780 1418 1949 1485 Quid,
1976 1434 2066 1473 re-

482 1507 614 1559 licto
653 1506 907 1568 Dmnino,
945 1506 1013 1560 ad
1041 1522 1264 1562 servum
1296 1509 1650 1578 confugisti?
1687 1507 1886 1564 Nescis
1917 1508 2065 1563 indi-

481 1613 610 1666 gere
645 1612 748 1650 nos
777 1599 1083 1655 universim
1126 1601 1279 1655 illius
1311 1601 1553 1654 auxilio?
1581 1601 1810 1672 Ignoras
1838 1590 1988 1672 quod
2012 1608 2066 1655 et

477 1701 582 1753 ego
624 1686 727 1738 sim
781 1686 947 1739 homo
991 1687 1139 1742 sicut
1183 1696 1238 1742 et
1286 1688 1388 1742 tu?
1436 1686 1582 1755 Quid
1629 1705 1765 1760 ergo
1819 1690 2064 1760 exquiris

478 1781 628 1847 quod
673 1794 781 1831 nun
826 1778 953 1832 licet
991 1779 1470 1848 praestare?Quid
1506 1788 1675 1835 tanta:
1715 1796 1802 1836 me
1836 1783 2064 1852 aegritu-

478 1874 627 1927 dinis
650 1873 921 1926 medicum
959 1876 1139 1942 cupis,
1170 1873 1333 1943 cujus
1359 1883 1573 1929 tantum
1600 1875 1863 1931 sanandae
1893 1876 2068 1931 virtu-

478 1972 587 2016 tem
626 1964 672 2017 is
705 1964 895 2034 largiri
929 1966 1139 2034 possit,
1184 1968 1277 2035 qui
1329 1967 1461 2021 olim
1513 1967 1848 2023 auctoritate
1878 1968 2062 2022 divina

478 2069 690 2107 caecum
715 2056 976 2109 sanavit?
1010 2056 1146 2111 Cum
1182 2057 1371 2113 verbis
1401 2057 1677 2128 ejusmodi
1719 2059 1803 2113 vir
1838 2069 2063 2117 sanctus

478 2146 886 2201 adolescentem
942 2148 1125 2204 lenius
1175 2149 1572 2215 submoveret,
1606 2166 1675 2206 ac
1698 2152 1852 2207 velut
1901 2151 2062 2207 bonis

475 2239 830 2294 sermonibus
864 2240 1188 2310 expelleret,
1216 2242 1420 2297 institit
1459 2243 1550 2299 ille
1584 2243 1785 2300 iterum
1811 2283 1827 2309 ,
1856 2259 1922 2299 ac
1959 2260 2062 2299 an-

475 2332 692 2402 tiquum
734 2332 888 2387 illum
942 2333 1193 2389 imitatus
1233 2349 1443 2390 caecum
1469 2345 1518 2400 κ,
1574 2352 1775 2408 magna
1827 2339 2062 2409 supplex

475 2424 740 2477 clamavit
796 2438 950 2486 voce.
1012 2424 1250 2480 dicens:
1287 2425 1555 2483 Miserere
1611 2429 1756 2496 mei,
1802 2444 1934 2486 vere
1970 2430 2062 2484 Dei

474 2530 659 2578 serve,
694 2514 909 2586 Patapi.
938 2515 1062 2571 Tibi
1115 2518 1263 2572 enim
1311 2518 1402 2573 ille
1438 2534 1557 2575 eam
1620 2523 1856 2591 gratiam
1886 2520 2058 2575 dona-

474 2608 581 2673 vit,
610 2617 820 2678 tuoque
860 2608 1197 2677 ministerio,
1231 2626 1423 2666 verum
1460 2612 1593 2669 illud
1629 2614 1838 2678 lumen,
1865 2615 2063 2668 oculo-

473 2711 599 2752 rum
639 2698 775 2752 mihi
823 2698 1174 2768 splendorem
1216 2701 1407 2756 donat.
1467 2701 1787 2770 Enimvero,
1838 2719 1930 2768 ne,
1977 2705 2063 2759 vir

475 2788 659 2852 beate,
677 2791 1038 2846 cunctatione
1071 2791 1332 2845 ﬁduciam
1365 2792 1680 2857 obtuderis,
1707 2810 1844 2850 neve
1873 2794 2058 2850 distu-

474 2879 609 2936 leris
639 2882 862 2946 donum,
900 2891 997 2936 aut
1026 2885 1198 2939 solem
1228 2886 1377 2942 nube
1402 2887 1776 2942 occultaveris
1803 2905 1816 2940 :
1850 2889 1944 2944 sed
1965 2888 2062 2959 qui

475 2971 668 3029 videas
720 2972 1078 3031 aillictionem
1114 3017 1130 3042 ,
1199 2978 1385 3048 praebe
1435 2978 1761 3033 sanitatem.
1826 2978 2061 3036 Metiens

2166 1322 2444 1392 διανέμει;
2481 1322 2534 1376 τί
2585 1321 2661 1393 μὴ
2711 1322 2858 1393 πρὸς
2914 1310 3122 1373 ἒκεῖνον
3159 1316 3459 1389 άνέδραμεςς
3499 1316 3636 1379 Tini?
3734 1334 3735 1393 ξ

2168 1414 2416 1486 Κτίστην
2436 1415 2621 1484 ἀφεὶς,
2650 1415 2748 1470 ἐπὶ
2777 1415 2841 1468 τὸ
2857 1413 3065 1483 κτὶσμα
3094 1409 3374 1480 ἐλήλυθας
3402 1409 3476 1473 Ti,
3496 1407 3563 1460 τὸν
3578 1409 3638 1458 Δε-

2171 1506 2378 1577 σπότην
2411 1506 2756 1571 καταλιπὼν,
2778 1506 2923 1578 πρὸς
2948 1504 3041 1560 τὸν
3061 1502 3238 1557 δοῦλον
3260 1502 3547 1570 κατέφυγεςς
3566 1501 3639 1552 Οὐκ

2168 1595 2318 1663 οἶδας
2349 1600 2433 1653 ὃτι
2467 1602 2622 1671 κοινῇ
2650 1599 2863 1662 πάντες
2900 1599 3002 1670 τῆς
3053 1596 3255 1652 ἐκείνου
3297 1595 3441 1666 ἐσμὲν
3477 1595 3639 1656 ἐπιδεεῖς

2171 1691 2532 1762 συμμαχίας;
2567 1692 2681 1744 Οὐκ
2707 1686 2866 1754 οἶδας
2890 1690 2978 1743 ὅτι
3012 1690 3107 1744 καὶ
3126 1687 3285 1751 αύτδς
3321 1685 3416 1754 ἐγὼ
3433 1684 3640 1755 άνθρωτός

2165 1782 2288 1851 εἰμι
2321 1782 2398 1845 ὡς
2426 1783 2524 1835 καὶ¹
2562 1780 2663 1847 σύ;
2692 1781 2761 1833 Τί
2801 1777 2897 1835 οὖν
2935 1780 3114 1851 ζητεῖς
3138 1778 3173 1833 ἃ
3199 1778 3433 1849 παρέχειν
3455 1778 3506 1830 οὗ
3529 1776 3640 1829 δύνα-

2168 1889 2291 1944 μαι.
2328 1873 2394 1926 Ti
2443 1871 2704 1944 τοιαύτης
2753 1872 2940 1936 θέλεις
2985 1890 3052 1942 με
3080 1872 3230 1925 νόσου
3271 1869 3497 1939 γενέσθαι
3529 1869 3639 1938 θερο-

2165 1964 2394 2036 πευτὴν,
2423 1961 2493 2035 ἦς
2523 1965 2588 2018 τὸ
2642 1965 2917 2020 δύνασθαι
2961 1965 3119 2034 μόνος
3167 1965 3363 2027 ἐκεῖνος
3385 1963 3483 2033 ἔχει
3509 1962 3640 2031 δωρεῖ-

2165 2057 2294 2112 σθαι
2329 2056 2427 2128 τὴν
2453 2059 2619 2123 ἴασιν,
2646 2061 2675 2112 ό
2703 2061 2803 2112 καὶ⁵
2829 2059 2962 2129 πρὶν
2993 2057 3083 2112 τδν
3102 2058 3292 2127 τυφλὸν
3321 2057 3391 2119 ὡς
3414 2055 3520 2116 Θεὸς
3538 2055 3640 2107 ἱσσά-
3734 2055 3735 2111 l

2168 2167 2354 2221 μενος.
2386 2148 2614 2214 Τούτοις
2664 2150 2763 2220 μὲν
2796 2151 2901 2205 τοῦ
2935 2152 3080 2205 όσῖου
3107 2153 3217 2213 τοῖς
3257 2151 3475 2221 ῥήμασιν
3509 2150 3641 2203 ἀποσο-

2166 2240 2392 2305 ϐοῦντος
2418 2242 2604 2313 ἠρέμα
2622 2242 2714 2295 τὸν
2742 2244 2996 2306 νεανίαν,
3036 2243 3129 2295 καὶ
3149 2244 3393 2313 χρηστοῖς
3426 2235 3500 2294 οἷα
3522 2241 3642 2308 λόγοις

2165 2334 2329 2388 αὑτὸν
2365 2335 2744 2401 ἑκδιώκοντος,
2788 2338 3008 2401 ἐκεῖνος
3036 2333 3187 2399 αὖθις
3223 2335 3469 2402 ἐνίστατο,
3493 2334 3642 2388 καὶτὸν

2164 2423 2296 2493 πρὶν
2331 2422 2536 2492 τυφλὸν
2584 2425 3033 2497 ἐκμιμούμενος,
3090 2427 3294 2497 μεγάλα
3342 2427 3464 2497 βοῶν
3487 2426 3641 2479 καθικέ-

2163 2528 2314 2566 τευε·
2362 2513 2622 2583 Ἐλέησόν
2647 2530 2737 2584 με,
2764 2515 2973 2584 λέγων,
3010 2508 3056 2569 ὦ
3079 2515 3262 2585 γνήσιε
3290 2514 3376 2568 τοῦ
3404 2513 3515 2567 Θεοῦ
3534 2512 3643 2582 θερὰ·
3734 2566 3735 2573 χ

2166 2623 2285 2660 πων
2316 2605 2592 2660 Πατάπιε.
2617 2606 2711 2660 Σοὶ
2736 2606 2853 2679 γάρ
2881 2608 3090 2679 ταύτην
3118 2609 3317 2670 ἐκεῖνος
3338 2607 3427 2676 τὴν
3451 2606 3573 2675 χάριν
3586 2604 3642 2656 δε·

2163 2697 2428 2769 δώρηται,
2458 2698 2555 2753 καὶ
2589 2697 2681 2752 διὰ
2732 2697 2855 2762 σοῦ,
2903 2695 2997 2770 μοὶ
3028 2702 3090 2753 τὸ
3121 2699 3233 2769 φῶς
3256 2697 3311 2751 τδ
3337 2696 3547 2768 ἀληθινὸν
3580 2694 3642 2764 τὴν
3734 2694 3735 2747 1

2165 2790 2343 2864 αὐγὴν
2373 2792 2632 2862 δωρεῖται
2657 2792 2768 2847 τῶν
2810 2792 3139 2863 ὀφθαλμῶν.
3182 2793 3335 2847 ’Δλλὰ
3362 2792 3427 2861 μὴ
3449 2788 3643 2891 ὄκνῳ-τὴν
3734 2870 3735 2891 γ

2166 2884 2491 2957 παρρησίαν
2537 2884 2849 2957 άμόλύνῃς,
2907 2885 3236 2958 μακαριστὲ,
3285 2882 3403 2955 μηδὲ
3435 2880 3642 2939 ἀναδοὴᾶ
3734 2880 3735 2903 Τ

2163 2973 2264 3044 τὴν
2314 2972 2526 3044 δωρεὰν
2574 2974 2932 3043 ὑπερτίθεσο,
2965 2977 3103 3048 μήτε
3132 2975 3323 3047 νεφέλῃ
3355 2972 3555 3043 vim;
3587 2969 3643 3021 τὸν
3734 2990 3735 2995 η

474 3065 661 3131 tidem,
701 3067 882 3122 tribue
913 3068 1172 3139 gratiam.
1207 3068 1395 3127 Lance
1422 3071 1653 3142 exigens
1692 3070 2057 3139 desiderium,

2162 3066 2335 3139 ἥλιον·
2371 3067 2491 3122 ἀλλ’
2523 3066 2646 3122 ῖδών
2698 3085 2805 3139 μου
2852 3067 2963 3140 τὴν
3012 3068 3275 3130 κάκωσιν,
3321 3066 3555 3136 παράσχου
3580 3060 3642 3130 τὴν

471 3172 606 3212 cura
642 3160 1053 3229 aegritudinem.
1102 3162 1246 3230 Quid
1274 3164 1442 3236 igitur
1479 3165 1565 3219 vir
1601 3165 1835 3223 beatus?
1857 3167 2061 3237 Habes,

471 3249 679 3320 inquit,
708 3250 915 3307 tidem?
948 3252 1145 3310 Credis
1179 3253 1293 3310 Deo
1322 3256 1416 3324 qui
1458 3255 1628 3311 habet
1685 3258 2063 3328 potestatem?

471 3338 675 3395 Credis
727 3342 805 3395 illi
842 3344 934 3412 qni
969 3353 1132 3400 sanat
1181 3360 1402 3402 omnem
1440 3347 1695 3403 morbum
1741 3356 1798 3404 et
1834 3364 2059 3406 omnem

472 3433 838 3506 languorem?
865 3438 949 3492 Ad
985 3439 1102 3495 hare
1149 3440 1350 3495 iterum
1385 3441 1521 3496 ille:
1555 3440 1761 3505 Credo.
1806 3442 2058 3509 Domine,

473 3540 541 3579 ac
571 3527 809 3583 credens
836 3532 1068 3590 accedo.
1108 3531 1180 3585 At
1211 3531 1476 3604 Patapius
1503 3551 1517 3587 :
1552 3532 1613 3588 ln
1645 3534 1872 3589 nomine
1926 3532 2059 3590 Jesu

472 3619 704 3687 Christi,
745 3621 841 3691 qui
872 3623 1089 3678 curavit
1133 3638 1364 3690 caecum,
1395 3625 1452 3679 in
1481 3641 1647 3696 quem
1687 3624 1921 3682 credens
1951 3625 2060 3682 huc

472 3712 781 3777 accessisti,
808 3714 921 3769 eris
953 3715 1151 3770 videns
1181 3717 1383 3781 solem,
1415 3717 1570 3772 nullo
1599 3732 1838 3787 usquam
1885 3717 2061 3789 impe-

471 3804 784 3861 dimentum
821 3808 1123 3878 praebente.
1170 3808 1479 3863 Confestim
1513 3808 1684 3880 igitur
1712 3810 1835 3882 ejus
1878 3811 2060 3882 aperti

474 3905 607 3953 sunt
635 3898 804 3962 oculi,
848 3889 1195 3970 cautusque
1225 3910 1311 3954 est
1340 3914 1514 3955 sanus
1545 3900 1895 3969 adolescens,
1925 3917 1991 3958 ac
2010 3904 2056 3961 si

472 4004 756 4060 nunquam
810 3990 1100 4046 habuisset
1150 3992 1314 4047 laesas
1361 3992 1621 4062 pupillas,
1654 4004 1752 4049 aut
1796 3997 2055 4052 morbum

471 4080 746 4147 ejusmodi
788 4096 986 4151 passus
1032 4078 1215 4137 esset.’
1256 4082 1482 4138 Demum
1538 4085 1781 4141 mirabili
1837 4086 1943 4143 hac
1998 4089 2056 4144 in

471 4189 600 4228 eum
636 4172 781 4229 facta
811 4175 1086 4237 sanitate,
1129 4174 1383 4232 videntes
1431 4177 1656 4247 quidem
1688 4178 2059 4240 admiratione

472 4266 673 4337 perciti
706 4264 878 4322 Deum
909 4260 1315 4338 laudaverunt,
1341 4270 1438 4340 qui
1483 4284 1613 4326 vero
1645 4270 1830 4328 fuerat
1861 4287 2057 4345 sospes

470 4358 723 4415 redditus
769 4360 905 4417 abiit
951 4361 1202 4432 gaudens
1251 4364 1673 4434 exsultansque,
1721 4364 1959 4423 laudans
1992 4381 2057 4424 ac

472 4450 792 4520 glorillcans
846 4451 1058 4517 Deum,
1127 4452 1224 4524 qui
1293 4455 1505 4526 gratias
1552 4455 1897 4525 ejuscemodi
1953 4458 2056 4513 ad.

468 4557 671 4600 versus
715 4546 939 4602 morbos
975 4547 1194 4602 sanctis
1228 4548 1345 4603 suis
1378 4549 1607 4618 praebet.
1654 4548 1781 4605 Fuit
1812 4550 1916 4606 hoc
1949 4551 2057 4621 pri-

471 4647 622 4687 mum
664 4648 694 4688 a
735 4646 932 4692 sancto
960 4638 1171 4693 editum
1220 4640 1575 4695 miraculum.
1615 4639 1760 4695 Sunt
1796 4644 1877 4697 Ine
1932 4643 2054 4712 ejus

471 4724 726 4780 laborum
759 4729 1022 4798 primitiae
1056 4750 1069 4786 :
1098 4746 1337 4801 quarum
1373 4748 1477 4789 nos
1526 4734 1845 4806 largitorem
1890 4735 2054 4792 Chri-

472 4822 639 4881 stum,
675 4828 1041 4890 sanctumque
1072 4824 1365 4893 condignis
1400 4826 1638 4883 canticis
1681 4828 2048 4895 celebrantes,

470 4902 540 4957 ad
571 4905 722 4961 aliud
759 4906 888 4963 hinc
920 4910 1247 4966 miraculum
1272 4952 1287 4977 ,
1327 4922 1697 4972 transeamus.

784 5205 864 5262 De
894 5207 1188 5281 hydropico
1216 5211 1445 5266 sanitati
1474 5208 1745 5270 restituto.

541 5319 813 5377 Procedat
846 5340 1008 5398 ergp,
1061 5340 1125 5380 ac
1160 5341 1220 5381 se
1263 5326 1499 5381 orationi
1551 5338 1673 5398 post
1718 5345 2051 5399 generosum

471 5412 625 5468 illum
679 5413 907 5479 inferat,
963 5419 1125 5473 homo
1172 5420 1268 5476 ille
1319 5420 1389 5475 ab
1437 5420 1729 5493 liydmpisi
1760 5424 2051 5479 sanitatem

471 5507 726 5578 adeptus.
763 5505 893 5560 Fuit
919 5509 965 5564 is
990 5511 1242 5569 incolens
1270 5512 1464 5569 urbem
1506 5515 1737 5585 regiam.
1763 5513 1901 5569 Cum
1950 5532 2052 5571 au-

473 5604 578 5652 tem
609 5614 742 5653 casu
775 5598 830 5652 in
876 5606 1000 5653 eum
1045 5603 1296 5660 morbum
1333 5607 1643 5674 incidisset,
1702 5607 1796 5663 illo
1844 5607 2049 5666 misere

540 5744 570 5776 ι
598 5734 732 5792 Luc.
775 5752 931 5805 nm,
969 5739 1060 5796 '58.

2168 3160 2337 3215 ῐασιν.
2362 3160 2667 3232 Μετρήσας
2703 3176 2807 3232 μου
2837 3159 2945 3230 τὴν
2975 3160 3180 3226 πίστιν,
3230 3160 3362 3214 δίδου
3400 3158 3483 3227 τὴν
3519 3154 3641 3226 χάριν.

2164 3252 2584 3322 Ζυγοστατήσας
2617 3268 2718 3321 μου
2752 3250 2846 3304 τὸν
2875 3251 3074 3317 πόθον,
3097 3250 3413 3321 θεράπευσον
3434 3245 3641 3301 τὸνπόνον.

2162 3341 2229 3395 Τί
2257 3336 2351 3398 οὖν
2384 3344 2414 3397 ὁ
2456 3343 2765 3414 μακάριοςς
2792 3344 2987 3416 Ἔχεις
3027 3344 3242 3411 πῖστιν;
3272 3342 3410 3413 φησι.
3442 3336 3642 3396 Πιστεύεις

2160 3434 2241 3505 τῷ
2280 3434 2381 3506 τὴν
2426 3434 2679 3500 ἐξουσίαν
2709 3435 2890 3506 ἔχοντι
2930 3435 3081 3506 Θεῷ;
3121 3433 3394 3497 Πιστεύεις
3433 3430 3497 3501 τῷ
3532 3429 3643 3497 θερα-

2162 3524 2386 3580 πεύοντι
2415 3528 2601 3581 πᾶσαν
2626 3527 2786 3581 νόσον
2805 3527 2902 3581 καὶ
2927 3529 3113 3582 πᾶσαν
3145 3526 3426 3598 palum;
3450 3523 3643 3579 Κάκεῖνος
3734 3528 3735 3589 Ῑ

2161 3612 2325 3682 αὖθις
2359 3633 2516 3688 φησι·
2543 3617 2815 3685 Πιστεύω,
2852 3618 3058 3691 Κύριε,
3090 3619 3186 3673 καὶ
3211 3616 3455 3671 πιστεύων
3478 3610 3644 3684 προσέρ·

2160 3726 2353 3781 χομαι.
2385 3710 2446 3764 Ὀ
2497 3709 2556 3764 δὲ
2605 3710 2743 3783 πρὸς
2786 3711 2978 3766 αὐτόν’
3038 3711 3129 3765 Ἐν
3163 3709 3239 3781 τῷ
3281 3707 3480 3779 ὀνόματι
3520 3698 3641 3769 Ἰησσῦ

2160 3800 2404 3875 Χριστοῦ
2439 3802 2535 3858 τοῦ
2558 3801 2653 3857 τδν
2681 3802 2883 3873 τυφλὸν
2908 3803 3363 3876 θεραπεύσαντος,
3381 3804 3451 3863 εἰς
3466 3798 3514 3852 ὃν
3535 3794 3643 3850 ἑνθά·
3734 3790 3735 3795 “

2159 3895 2219 3949 δε
2246 3894 2634 3960 πεπιστευκὼς
2662 3895 3076 3967 παραγέγονας,
3106 3896 3204 3970 ἔσῃ
3234 3894 3426 3967 βλέπων
3451 3890 3642 3959 τὺνῆλιον

2164 3987 2482 4061 μηδαμόθεν
2528 3990 2874 4061 εἰργόμενος.
2943 3989 3157 4043 Αὐτίκα
3202 3987 3326 4057 γοῦν
3377 3982 3641 4055 ἠνεῴχθησαν

2159 4078 2329 4133 αὐτοῦ
2359 4079 2411 4132 οἱ
2435 4077 2729 4150 ὀφθαλμοὶ,
2754 4080 2850 4133 καὶ
2882 4079 3116 4150 γέγονεν
3144 4080 3296 4150 ὑγιὴς
3323 4080 3350 4133 ό
3372 4075 3564 4138 νεανίας.
3592 4070 3640 4131 ὡς

2162 4170 2394 4243 μηδέπω
2420 4170 2702 4242 πηρωθεὶς
2723 4170 2826 4237 τὰς
2855 4171 3032 4244 κόρας
3050 4170 3160 4225 τῶν
3171 4169 3457 4241 ὀφθαλμῶν,
3476 4166 3503 4237 ἢ
3524 4160 3639 4217 ταώ·

2158 4280 2253 4317 του
2284 4263 2493 4329 πάθους
2548 4265 2609 4318 ὲν
2654 4265 2823 4337 πείρᾳ
2857 4254 3179 4335 γενόμενος,
3245 4261 3460 4334 ’Δμέλει,
3494 4254 3637 4321 ταύτης

2159 4357 2239 4420 εἰς
2271 4356 2437 4413 αὐτὸν
2465 4355 2569 4426 τῆς
2598 4357 2909 4429 παραδόξου
2938 4356 3238 4427 γενομένης
3280 4357 3471 4417 ἰάσεως.
3496 4351 3535 4403 οι
3570 4345 3635 4416 μὲν

2160 4449 2420 4521 ὁρῶντες,
2447 4448 2549 4504 τὸν
2571 4449 2708 4503 Θεδν
2738 4449 3016 4520 ἀνύμνουν
3047 4447 3418 4520 θαυμάζοντες.
3448 4444 3495 4496 ’0
3514 4440 3555 4494 δὲ
3577 4454 3633 4490 τα·

2161 4544 2273 4619 Χὼν
2307 4546 2408 4617 τῆς
2445 4545 2664 4611 licem.
2689 4546 2856 4619 ἀπῄει
2879 4547 3137 4620 γεγηθὼς
3166 4546 3255 4600 καὶ
3272 4534 3633 4615 γαννύμενος,αῐ·

2158 4640 2269 4695 νῶν
2294 4639 2387 4692 τὸν
2423 4638 2697 4692 Θεὸνικαὶ
2740 4638 2984 4704 δοξάζων
3019 4640 3114 4694 τὸν
3138 4636 3352 4692 τοιαῦτα
3379 4635 3474 4695 τοῖς
3509 4625 3631 4694 ἁγίοις

2160 4729 2329 4784 αὐτοῦ
2366 4729 2684 4801 παρέχοντα
2713 4730 2856 4785 κατὰ
2884 4730 2995 4784 τῶν
3036 4730 3347 4802 νοσημάτων
3384 4722 3614 4797 χαρίσματι

2160 4822 2333 4876 Τοῦτο
2375 4822 2594 4895 πρῶτον
2642 4822 2736 4877 τοῦ
2790 4823 2943 4878 ὁσίου
2995 4824 3189 4893 γέγονε
3235 4814 3625 4890 θαυματούργημα”

2124 4909 2131 4916 ’
2161 4915 2304 4987 αὕτη
2324 4916 2491 4970 αὐτοῦ
2525 4916 2635 4970 τῶν
2662 4916 2844 4972 πόνων
2872 4918 2906 4988 ἡ
2938 4916 3184 4989 άπαρχή.
3206 4907 3308 4976 *Ης
3332 4912 3463 4983 ἡμεῖς
3486 4903 3553 4958 τὸν
3570 4898 3626 4950 δο-

2161 5008 2308 5081 τῆρα
2353 5010 2617 5081 Χριστὸν,
2652 5012 2868 5075 καὶτὸν
2910 5014 3061 5068 ὃσιον
3107 5010 3332 5075 ἐπαξίως
3358 5002 3620 5075 summa

2163 5106 2249 5176 ἐφ’
2284 5104 2482 5177 ἑτέραν
2510 5104 2762 5161 ἐντεῦθεν
2784 5106 3229 5180 θαυματουργῖαν
3256 5099 3555 5175 μετέλθωμεν.

2424 5216 2566 5284 Περὶ
2595 5215 2707 5285 τῆς
2734 5216 2953 5285 ἰάσεως
2976 5217 3083 5273 τοῦ
3111 5210 3448 5283 ὑδεριῶντος·

2231 5327 2437 5380 Εῖσῖτω
2459 5326 2641 5380 τοίνυν
2664 5327 2743 5398 τῷ
2769 5327 2914 5399 λόγῳ
2945 5329 3084 5400 μετὰ
3103 5327 3193 5381 τὸν
3210 5309 3613 5412 γεννάδανὲκεῖνον»

2161 5422 2191 5474 ὁ
2221 5420 2419 5492 ὑδερὶῳ
2453 5419 2616 5474 πάθει
2640 5421 2975 5493 νενοσηκὼς,
3006 5422 3101 5476 καὶ
3130 5422 3228 5490 τῆς
3257 5406 3504 5485 θεραπείας
3528 5406 3614 5493 ἀφ’

2161 5512 2465 5577 λελαυκώς.
2500 5514 2613 5584 Τὴν
2645 5496 2896 5584 βασιλὶδα
2916 5512 3300 5568 κατοικούντων
3320 5483 3610 5587 ἐτύγχανεν·

2165 5610 2229 5661 ὲν
2253 5606 2669 5678 συμϐεϐηκότος
2714 5608 2799 5670 εἰς
2846 5605 3073 5678 ὕδρωπα
3116 5599 3380 5677 μετελθὼν,
3418 5586 3610 5651 δυστυχῶς
