3824 6212
138 284 276 351 1225

1437 287 1520 348 ΙΝ
1556 288 1619 350 S.
1653 288 2071 349 PATAPIUM.

3256 285 3391 351 12°26

134 402 242 453 ὑπο
272 399 367 450 τοῦ
403 396 609 460 πάθους
637 394 921 467 ὴλγύνετο·
951 397 1045 451 καὶ
1084 394 1150 467 δὴ
1182 396 1361 450 πᾶσαν
1394 396 1560 451 αὑτοῦ
1593 415 1717 467 σχε-

1828 398 2179 452 cruciabatur
2212 414 2224 450 :
2251 412 2316 470 ac
2348 397 2463 453 fere
2491 397 2749 453 universa
2773 399 3090 455 substantia
3113 400 3390 471 insumpta

131 492 224 545 δὸν
251 489 350 560 τὴν
380 487 701 558 περιουσίαν
734 489 816 552 είς
848 489 1069 560 ἰατροὺς
1120 488 1529 559 ὲκδαπανήσας,
1560 487 1717 552 τέλος

1828 491 1875 545 in
1913 490 2177 555 medicos,
2209 490 2347 544 nihil
2381 491 2603 546 tandem
2660 491 2936 547 commodi
2992 493 3201 547 retulit.
3251 493 3391 548 Tum

128 583 315 653 ὤνησε
345 583 407 635 τὸ
434 583 696 653 παράπαν
730 582 902 637 οὐδέν.
931 578 1063 636 Εἶτα
1090 583 1185 635 ἐπὶ
1210 582 1312 653 τὴν
1359 581 1568 652 ἄφατον
1622 581 1719 634 καὶ

130 675 518 745 γαλοπάροχον
542 674 639 728 τοῦ
688 674 928 759 Χριστοῦ
958 675 1373 747 φιλανθρωπίαν
1401 672 1716 745 ἐξώρμησε,

131 764 441 828 πιστεύσας
466 764 650 836 μέντοι
677 765 739 819 τὸ
772 767 1064 837 πρότερον,
1107 769 1202 819 καὶ
1231 765 1330 836 τὴν
1354 766 1539 818 πίστιν
1572 764 1719 835 ἔργῳ

32 919 39 925 ,
132 858 414 930 κυρώσας
435 859 531 910 καὶ¹
556 858 620 928 δὴ
647 857 740 912 ἐπὶ
762 858 852 911 τὸν
873 858 1147 928 μακάριον
1171 858 1453 911 Πατάπιον
1474 857 1716 927 ἔρχεται,

132 946 231 999 xui.
263 944 541 999 δείκνυσιν
572 945 723 1016 αὑτῷ
751 946 853 1017 τὴν
878 946 976 1001 τοῦ
1020 945 1228 1010 πάθους
1267 947 1575 1011 ἐπίστασιν,
1626 946 1722 998 καὶ⁹

129 1034 233 1107 τὴν
260 1035 371 1088 τῶν
397 1036 604 1089 ὀδυνῶν
626 1036 945 1106 ἐξαγγέλλει
981 1037 1309 1111 δριμύτητα.
1344 1040 1440 1092 Ὃν
1476 1039 1505 1090 ὀ
1542 1037 1722 1108 μακά-

132 1145 255 1201 ριος
322 1127 682 1198 θεασάμενος,
733 1129 986 1201 σφοδρῶς
1047 1130 1154 1183 ὑπὸ
1217 1128 1313 1183 τοῦ
1360 1129 1569 1192 πάθους
1620 1127 1721 1199 μὲν

127 1220 483 1289 πιεζόμενον,
508 1219 575 1271 δι’
614 1220 742 1272 ὅλου
788 1221 845 1273 δὲ
890 1220 983 1274 τὸν
1014 1220 1180 1289 ὄγκον
1210 1220 1580 1292 διαδραμόντα
1624 1219 1719 1273 τοῦ

131 1311 414 1382 σώματος,
447 1312 508 1365 οὑ
537 1310 969 1379 καταπλάσμασί
1002 1329 1148 1365 τισιν
1171 1312 1204 1382 ἢ
1230 1313 1542 1382 φαρμάκοις
1565 1312 1723 1382 ἐχρή-

131 1423 295 1472 σατο,
321 1401 405 1469 οἷς
450 1404 877 1477 Ἀσκληπιάδης,
925 1405 1021 1457 καὶ
1059 1404 1451 1475 Ἱπποκράτης,
1483 1404 1578 1457 καὶ
1619 1403 1724 1455 Γα-

128 1498 297 1567 ληνὸς
332 1497 734 1568 κατάχρηνται,
770 1497 865 1549 καὶ
911 1496 963 1547 οἱ
1008 1495 1218 1548 τούτων
1252 1495 1460 1558 παῖδες,
1505 1492 1724 1564 ψυχρὰς

131 1589 475 1657 παρέχοντες
495 1589 595 1650 τὰς
625 1586 970 1658 παρηγορίας
998 1588 1111 1648 τοῖς
1142 1585 1466 1656 κάμνουσιν*
1496 1583 1633 1638 ἀλλὰ
1655 1585 1721 1654 τῇ

130 1680 269 1749 εὑχῇ
317 1677 599 1748 φαρμάκῳ
625 1678 994 1748 χρησάμενος,
1033 1674 1254 1744 ὀργάνῳ
1282 1673 1338 1726 δὲ
1360 1672 1438 1743 τῷ
1476 1672 1721 1743 σταυρῷ,

1820 596 1881 637 se
1931 581 1997 635 ad
2051 581 2261 636 Christi
2321 582 2752 637 inenarrabilem
2784 584 3036 653 lacteque
3073 594 3392 640 manantem

1820 672 2173 726 clementiam
2210 672 2359 725 illam
2389 672 2628 738 confert,
2665 674 2757 728 ubi
2793 674 3059 728 nimirum
3092 675 3249 745 prius
3271 690 3394 730 cre-
3456 724 3461 728 .

1820 763 2080 827 didisset,
2118 763 2390 834 iidemque
2425 778 2592 834 opere
2654 764 3040 821 conﬁrmasset
3095 783 3111 820 :
3167 766 3394 837 aditque

1821 856 2041 911 beatum
2083 854 2394 924 Patapium,
2433 870 2498 911 ac
2529 855 2741 911 indicat
2768 869 3055 928 urgentem
3115 860 3391 917 morbum.

1820 954 1877 1000 et
1906 946 2161 1001 dolorum
2198 940 2556 1003 acerbitatem
2584 951 2865 1005 enuntiat.
2899 951 2950 1005 Is
2977 961 3161 1006 autem
3205 953 3396 1008 videns

1821 1035 2298 1104 graviter,morbo
2337 1030 2615 1108 pressum,
2646 1047 3027 1110 tumoremque
3069 1058 3278 1112 corpus
3308 1052 3398 1097 to-

1821 1134 1938 1180 tum
1979 1128 2408 1197 pervadentem.
2462 1129 2637 1185 nullis
2685 1131 3104 1202 cataplasmatis
3165 1136 3401 1190 medica-

1821 1218 2156 1289 mentisque,
2223 1221 2411 1292 qualia
2443 1221 2823 1292 Asclepiades,
2884 1238 2949 1277 ac
3014 1224 3397 1295 Hippocrates,

1823 1308 2198 1381 Galenusqne,
2253 1319 2309 1367 et
2369 1312 2566 1368 medici
2631 1314 2746 1379 alii,
2800 1314 2999 1387 frigide
3049 1318 3403 1372 consolantes

1824 1413 2083 1475 zegrotos,
2112 1404 2463 1460 adhibuerint
2486 1405 2620 1478 (85),
2655 1408 2751 1461 sed
2782 1410 3036 1464 oratione
3080 1411 3195 1464 sola
3228 1412 3403 1465 medi-

1823 1504 2081 1549 catnento
2140 1511 2299 1559 usus,
2360 1512 2527 1551 CI‘UCB
2579 1506 2787 1563 autem,
2839 1515 3072 1571 organo,
3129 1502 3407 1557 intercute

1826 1600 1966 1655 aqua
1987 1601 2195 1655 aegrqu
2228 1594 2475 1641 ventrem
2519 1588 2794 1657 signavit,
2826 1592 3227 1662 emplastrique
3260 1595 3403 1658 loco,

1827 1676 2193 1729 commiscens
2213 1675 2335 1731 oleo
2357 1676 2654 1748 laerymas,
2681 1682 3039 1751 superposuit
3066 1683 3139 1735 ita
3169 1685 3365 1737 dicens
3390 1704 3403 1739 :

130 1769 235 1839 τὴν
263 1770 566 1841 ὑδεριῶσαν
583 1768 790 1822 κοιλίαν
812 1770 1138 1840 ὲσφράγισε,
1168 1768 1262 1821 καὶ
1286 1767 1526 1836 δάκρυον
1553 1765 1720 1835 ἐλαίῳ

1828 1766 1880 1820 ln
1917 1766 2139 1821 nomine
2178 1765 2307 1821 Jesu
2336 1767 2579 1836 Christi,
2634 1771 2728 1840 qui
2772 1773 2990 1826 sanavit
3022 1774 3405 1845 hydrOpicnm,

134 1860 421 1932 συμμίξας
443 1862 560 1914 ἀντ’
590 1859 965 1930 ὲμπλάστρου,
996 1857 1271 1928 ἐπέθηκεν
1299 1855 1473 1920 οὕτως
1526 1855 1720 1910 εἰπών’

1828 1866 1949 1912 esto
1974 1872 2151 1913 sanus
2185 1860 2253 1914 ab
2290 1859 2393 1913 hac
2426 1861 2586 1930 plaga
2624 1870 2738 1916 tua.
2764 1863 2998 1936 Moxque
3022 1876 3080 1921 ut
3103 1868 3204 1923 hoc
3227 1868 3409 1924 dixis-

144 1955 236 2008 Ἑν
265 1955 344 2025 τῷ
370 1956 594 2025 ὀνόματι
624 1952 720 2006 τοῦ
758 1953 936 2023 Ἰησοῦ
981 1951 1243 2023 Χριστοῦ,
1283 1950 1381 2004 τοῦ
1418 1950 1511 2004 τὸν
1545 1950 1720 2020 ὑδρω-

1828 1960 1927 2013 set,
1995 1951 2178 2005 soluta
2234 1961 2368 2006 sunt
2424 1954 2665 2022 vincula,
2715 1957 2922 2027 quibus
2981 1959 3408 2017 obstruentibus

130 2046 298 2098 πικδν
338 2045 804 2116 θεραπεύσαντος,
841 2044 951 2097 ἴσθι
982 2045 1142 2111 ὑγιὴς
1171 2042 1282 2097 ἀπὸ
1318 2043 1418 2113 τῆς
1456 2041 1725 2112 μάστιγός

130 2156 252 2193 σου.
290 2140 406 2192 Καὶ
432 2139 591 2191 τοῦτο
619 2138 867 2201 εἰπόντος
889 2137 1075 2202 αὑτοῦ,
1099 2136 1449 2208 παραχρῆμα
1470 2133 1722 2205 διελύθη-

129 2247 235 2283 σαν
265 2232 319 2282 οἱ
349 2230 544 2300 δεσμοὶ
562 2230 672 2283 τῶν
699 2229 887 2299 ὑγρῶν
915 2228 1018 2299 τῆς
1033 2227 1241 2291 κοιλίας
1255 2226 1606 2299 ὲμφράξεων,
1627 2226 1724 2281 καὶ

127 2322 475 2392 ἠνοίχθησαν
503 2322 552 2373 οἱ
582 2321 742 2393 πόροι
767 2320 878 2374 τῶν
912 2319 1163 2390 φυσικῶν
1213 2319 1580 2374 καταδύσεων·
1626 2317 1725 2372 καὶ

128 2412 434 2483 ὲξέρῤευσε
463 2414 613 2466 πᾶσα
636 2411 739 2473 ,τοῦ
781 2410 1247 2484 ὲπιπροσθοῦντος
1284 2410 1475 2472 ὓδατος
1517 2410 1551 2481 ὴ
1603 2407 1724 2463 ἐπί-

129 2506 354 2569 κλυσις,
384 2506 482 2558 καὶ
522 2505 744 2575 διεχύθη
796 2505 865 2559 τὰ
913 2504 992 2576 τῷ
1037 2505 1218 2576 χρόνῳ
1249 2502 1437 2566 κακῶς
1498 2502 1723 2555 ἐπισυν-

130 2596 377 2667 αχθέντα
404 2595 543 2665 πρὸς
566 2598 679 2659 τοῖς
699 2593 1031 2665 σπλάγχνοις
1061 2592 1341 2658 ἀπόζοντα
1368 2593 1609 2663 νάματα,
1630 2592 1725 2647 καὶ

127 2686 464 2761 ἀνερῤὠσθη
494 2688 524 2739 ὁ
572 2686 880 2758 ἄνθρωπος,
920 2686 1017 2740 καὶ
1049 2686 1262 2758 ἀπέδρα
1289 2685 1352 2739 τὸ
1397 2684 1610 2754 νόσημα
1634 2682 1724 2737 διά

129 2781 239 2849 τῆς
264 2779 375 2832 τῶν
411 2778 611 2849 χειρῶν
652 2777 748 2831 τοῦ
795 2777 955 2846 ἁγίου
991 2776 1312 2839 ἐπιθέσεως·
1351 2775 1445 2828 καὶ
1477 2773 1723 2843 ἀπῆλθεν

130 2872 329 2943 ὑμνῶν
359 2872 454 2924 καὶ
478 2871 723 2939 εὐλογῶν
744 2871 836 2924 τὸν
864 2870 997 2924 Θεὸν
1045 2870 1143 2923 καὶ
1179 2870 1459 2937 Δεσπότην
1488 2870 1581 2921 καὶ
1608 2867 1725 2920 Σω-

127 2967 285 3037 τῆρα
306 2965 415 3017 τῶν
444 2964 701 3018 ἁπάντων
735 2962 992 3034 Χριστὸν,
1019 2962 1111 3016 τὸν
1151 2962 1240 3016 ἀεὶ
1272 2960 1582 3031 παρέχοντα
1609 2959 1723 3021 τοῖς

125 3057 322 3125 ἀγέοις
348 3056 516 3111 αὑτοῦ
557 3053 666 3109 τῶν
702 3054 951 3125 ἰαμάτων
981 3052 1077 3125 τὴν
1106 3052 1363 3123 δύναμιν,
1407 3052 1504 3106 καὶ
1534 3049 1601 3103 δι’
1621 3048 1723 3102 αὑ-

1825 2054 1981 2109 aquae
2001 2042 2394 2098 detinebantur
2416 2044 2473 2099 in
2502 2054 2715 2115 ventre,
2744 2063 2808 2103 ac
2831 2057 3048 2106 meatus
3073 2056 3405 2109 naturalium

1820 2133 2210 2187 excretionum
2269 2138 2471 2206 aperti,
2524 2139 2947 2212 pereliluxitque
3000 2151 3116 2199 tota
3177 2147 3409 2217 adjectze

1823 2236 1983 2293 aquae
2011 2223 2252 2293 illuvies,
2283 2240 2347 2281 ac
2383 2230 2528 2285 male
2572 2232 2740 2301 lapsu
2790 2237 3052 2305 temporis
3101 2238 3321 2295 collecti
3351 2241 3406 2295 in

1822 2313 2136 2371 visceribus
2163 2317 2319 2374 l‘etidi
2347 2320 2543 2379 latices
2561 2324 2820 2380 exhausti
2850 2332 3409 2402 sunt,convaluitque

1823 2404 2017 2475 homo,
2082 2424 2148 2464 ac
2203 2412 2429 2469 morbus
2488 2431 2750 2472 manuum
2815 2423 2990 2476 sancti
3053 2424 3408 2495 impositiono

1824 2498 2451 2573 evanuit.Demumqne,
2481 2505 2617 2563 abiit
2651 2509 2746 2564 ille
2777 2510 3012 2569 laudans
3046 2513 3405 2573 benedicens-

1822 2604 1933 2659 que
1959 2589 2131 2653 Deum
2163 2606 2228 2648 ac
2260 2593 2553 2651 Dominum
2615 2598 3074 2675 Salvaturemque
3122 2609 3412 2666 universo-

1825 2695 1949 2735 rum
2003 2681 2312 2753 Christum,
2346 2689 2439 2757 qui
2485 2704 2709 2761 semper
2740 2699 2956 2759 sanctis
2991 2698 3112 2755 suis
3144 2700 3407 2758 virtutem

1824 2774 2034 2843 praebet
2061 2778 2438 2847 sanationum,
2471 2796 2537 2835 ac
2570 2798 2665 2853 per
2699 2799 2794 2841 eos
2823 2790 3212 2858 azgmtantium
3260 2808 3410 2848 mor-

1825 2863 1912 2919 bis
1969 2866 2242 2921 medetur.
2297 2868 2409 2926 Nos
2474 2886 2644 2941 porro
2697 2876 2912 2944 pariter
2968 2879 3283 2948 laudantes,
3341 2876 3409 2940 ad

1826 2957 2050 3013 tertium
2094 2958 2356 3033 deinceps
2417 2972 2769 3025 transeamus
2831 2971 2935 3025 viri
2989 2960 3167 3030 sancti
3223 2980 3412 3049 prodi-

1826 3065 1997 3120 glum.

129 3152 247 3204 τῶν
282 3152 378 3214 τάς
403 3152 595 3214 νόσους
629 3148 737 3204 τῶν
777 3148 1099 3218 καμνόντων
1146 3147 1397 3217 ἰώμενον.
1442 3144 1634 3216 Ἡμεῖς
1667 3143 1726 3197 δὲ
1765 3144 1866 3199 σὺν
1898 3147 2050 3220 αὑτῷ
2078 3148 2170 3204 τὸν
2192 3148 2325 3205 Θεὸν
2356 3152 2779 3229 ἀνυμνήσωμεν,
2810 3160 2907 3214 καὶ
2935 3162 3027 3216 ἐπὶ
3082 3166 3265 3237 τρίτον
3316 3168 3411 3222 ἓν-

128 3242 332 3297 τεῦθεν
357 3244 648 3312 τεράστιον
677 3241 771 3297 τοῦ
803 3240 949 3296 ὁσίου
991 3238 1364 3310 μετέλθωμεν.

365 3374 506 3443 Περὶ
538 3373 650 3443 τῆς
677 3374 891 3441 ἰάσεως
916 3371 1025 3429 τοῦ
1059 3369 1509 3443 δαιμονιῶντος.

203 3488 447 3551 Νεανίας
498 3505 586 3551 τις
630 3487 737 3541 ὑπὸ
779 3486 974 3542 σκαιοῦ
1029 3487 1289 3557 δαίμονος
1342 3484 1724 3555 ἐλαυνόμενος,

126 3582 234 3637 καὶ
265 3583 357 3636 ἐπ’
395 3581 497 3634 οὑκ
524 3581 704 3649 ὀλίγον
736 3581 931 3652 χρόνον
960 3580 1054 3634 ὑπ’
1101 3579 1268 3634 αὑτοῦ
1315 3577 1683 3648 κατεχόμενος
1711 3589 1727 3605 ·

128 3676 275 3729 ποτὲ
339 3675 442 3745 μὲν
497 3675 702 3745 γυμνός
757 3691 844 3737 τις
892 3673 990 3727 καὶ
1041 3671 1346 3743 ρακοδύτης
1389 3668 1722 3740 ηὑρίσκετο·

128 3767 271 3820 ποτὲ
301 3765 359 3819 δὲ
395 3765 494 3818 καὶ
530 3764 832 3835 μονοχίτων
864 3764 1009 3818 κατὰ
1046 3763 1310 3835 κρημνῶν
1359 3761 1454 3816 καὶ
1486 3759 1727 3831 βοθύνων

128 3857 483 3928 κατεφέρετο
510 3872 523 3885 ·
551 3856 643 3910 ὁτὲ
672 3855 752 3921 δὲ,
792 3856 871 3918 είς
899 3855 1002 3926 ὅρη
1040 3856 1137 3909 καὶ
1160 3854 1404 3926 ἐρημίας
1431 3852 1526 3906 καὶ
1555 3851 1727 3923 βάρα-

128 3955 245 4025 θρα
267 3952 633 4023 διωκόμενος,
670 3950 954 4021 δυστυχῶς
987 3946 1321 4019 ὲμαστίζετο
1351 3963 1364 3977 ·
1416 3946 1512 4001 κοιλ⁸
1540 3945 1728 4000 ἄλλοτε

131 4045 263 4098 καθ’
297 4044 512 4097 ὑδάτων
539 4044 634 4096 καὶ
662 4042 950 4096 θαλασσῶν
986 4041 1305 4111 ἑλκόμενος,
1339 4039 1573 4093 θάνατον
1602 4038 1730 4090 ὑπο-

134 4134 332 4206 μένειν
369 4133 592 4203 ἠπείλει
636 4133 729 4186 τὸν
777 4134 1073 4195 οἴκτιστον,
1119 4133 1167 4184 εί
1211 4131 1287 4201 μὴ
1344 4129 1668 4200 προφθάσας
1702 4129 1731 4181 ὀ

137 4228 317 4300 μέγας
349 4227 655 4288 Πατάπιος,
697 4225 797 4296 τὴν
848 4224 1149 4295 θεραπείαν
1191 4222 1441 4292 παρέσχε
1500 4221 1579 4290 τῷ
1630 4219 1730 4273 κά-

137 4335 332 4388 μνοντι
364 4318 434 4387 τῇ
463 4314 560 4383 τοῦ
603 4314 927 4384 Πνεῦματος
973 4313 1180 4383 χάριτι.
1207 4311 1272 4363 Τί
1304 4310 1452 4381 γάρ;
1486 4310 1578 4374 Ἐξ
1606 4309 1729 4363 ἀδο-

135 4411 311 4479 κήτου
355 4407 437 4479 τῷ
487 4406 688 4477 δικαίῳ
749 4406 1094 4475 συναντήσας
1153 4406 1182 4458 ὀ
1226 4402 1536 4474 ἄνθρωπος,
1592 4402 1620 4454 ὀ
1668 4402 1730 4457 τὸ

135 4499 366 4571 πνεῦμα
416 4498 763 4568 κεκτημένος
803 4498 901 4550 τοῦ
950 4496 1231 4566 δαίμονος,
1280 4493 1488 4566 ἢρξατο
1527 4494 1726 4566 πηδᾷν,

136 4593 236 4645 καὶ
264 4591 563 4663 ταράττειν
612 4589 1036 4659 εὑπεριδρόμοις
1073 4588 1366 4658 ὲξάλμασι,
1412 4587 1507 4639 καὶ
1553 4585 1729 4657 ἀφρὸν

2266 3369 2346 3426 De
2388 3374 2719 3431 dwmom‘aco
2756 3389 2969 3433 sanato.

1897 3481 2134 3548 Quidam
2181 3480 2404 3552 juvenis
2431 3501 2464 3542 a
2493 3502 2640 3543 saevo
2688 3498 2850 3547 actus
2881 3491 3150 3559 daemone,
3206 3512 3413 3568 peran

1828 3581 2045 3645 tempus
2084 3576 2228 3632 haud
2266 3578 2526 3649 exiguum
2552 3588 2763 3647 tentus,
2802 3600 2950 3640 nunc
2980 3588 3198 3657 quidem
3229 3591 3411 3646 nudus

1829 3668 2100 3737 pannisve
2126 3670 2342 3726 obsitus
2379 3672 2769 3729 inveniebatur
2804 3692 2820 3729 :
2879 3694 3030 3734 nunc
3080 3688 3262 3735 autem
3299 3698 3409 3737 una

1829 3759 2062 3817 indutus
2089 3762 2297 3827 tunica,
2342 3778 2439 3834 per
2466 3763 2589 3821 loca
2618 3778 2895 3838 praerupta
2933 3770 3227 3843 loveasque
3269 3790 3408 3845 pra:—

1830 3868 1959 3924 ceps
1992 3853 2264 3924 agebatur
2293 3872 2308 3909 :
2342 3856 2679 3928 quandoque
2710 3860 2779 3915 ad
2809 3869 3047 3927 montes,
3077 3862 3408 3937 desertaque

1828 3954 1883 4002 et
1919 3946 2140 4000 baratra
2174 3946 2391 4015 pulsus,
2414 3950 2615 4005 misere
2650 3953 2985 4022 vapulabat:
3019 3970 3409 4028 nonnunquam

1830 4051 1927 4107 per
1958 4050 2130 4106 aquas
2153 4044 2207 4092 et
2238 4038 2413 4093 maria
2450 4048 2683 4109 tractus,
2717 4043 3055 4103 miserabilis
3085 4049 3284 4104 mortis
3316 4065 3412 4119 pe-

1830 4126 2070 4183 riculum
2132 4127 2437 4198 ingerebat,
2477 4130 2589 4187 nisi
2624 4146 2907 4204 occupans
2954 4152 3193 4207 magnus
3253 4139 3413 4195 Pata-

1832 4219 1977 4289 pius,
2012 4219 2190 4288 gratia
2223 4220 2472 4290 Spiritus
2505 4224 2707 4288 sancti,
2741 4228 3031 4296 aegrotanti
3066 4229 3411 4287 curationem

1831 4311 2205 4381 praastitisset.
2244 4312 2387 4377 Quid
2418 4312 2603 4367 eni‘m?
2628 4312 2764 4368 Cum
2797 4332 2865 4371 ex
2914 4317 3217 4387 improviso
3250 4321 3415 4377 homo

1833 4403 1922 4458 ille
1956 4402 2167 4460 habens
2216 4403 2486 4459 daemonis
2535 4404 2794 4474 Spiritum
2846 4406 3002 4476 justo
3049 4412 3411 4478 occurrisset,

1832 4509 1958 4548 mox
2006 4495 2236 4550 exsilire
2285 4495 2474 4565 caepit,
2512 4496 2863 4567 saltibusque
2918 4515 3053 4570 gyro
3084 4517 3409 4567 excurrens,

1833 4586 2115 4651 territare,
2164 4600 2229 4640 ac
2282 4599 2687 4656 ore'spumam
2743 4589 3038 4660 despuere,
3092 4601 3147 4647 et
3191 4608 3415 4650 versare

134 4681 404 4735 ὲκπτὺειν
444 4681 537 4734 τοῦ
581 4681 874 4751 στόματος,
915 4680 1012 4732 καὶ
1058 4680 1189 4743 τοὺς
1239 4678 1557 4748 ὀφθαλμοὺς
1589 4679 1719 4730 ὑπο-

1829 4678 2042 4739 oculos,
2085 4686 2455 4747 sanctumque
2496 4679 2815 4748 percellere.
2868 4682 2945 4736 Ac
2976 4697 3106 4737 vero
3146 4685 3412 4753 paulatim

137 4776 423 4845 στρέφειν.
453 4775 550 4826 καὶ
580 4772 983 4843 καταπλήττειν
1022 4771 1115 4824 τὸν
1141 4773 1313 4826 ὅσιον.
1350 4772 1461 4825 Καὶ
1488 4771 1553 4842 δὴ
1586 4771 1731 4825 κατά

139 4867 344 4938 μικρὸν
388 4867 732 4938 πλησιάζων,
772 4865 923 4936 αὑτῷ
950 4867 1332 4935 κατεπήρχετο
1354 4878 1367 4892 ·
1404 4864 1480 4928 ὠς
1514 4864 1610 4918 καὶ
1660 4863 1730 4917 δι’

134 4957 307 5011 αὑτοῦ
341 4959 404 5011 τὸ
434 4958 657 5026 πνεῦμα
688 4957 883 5028 βοῆσαι
916 4958 1013 5011 καὶ
1041 4958 1220 5011 εἰπεῖν
1248 4956 1383 5027 πρὸς
1413 4957 1503 5010 τὸν
1544 4957 1691 5010 ὅσιον
1715 4974 1729 4987 ·

131 5046 206 5102 Ἦ
253 5050 513 5103 Ῑῐατάπιε
544 5050 719 5103 δίκαιε
749 5050 762 5102 !
811 5050 898 5108 Τί,
930 5049 1031 5112 τὰς
1067 5048 1252 5119 Θήϐας
1283 5047 1617 5112 καταλιπὼν,
1647 5049 1734 5099 ὲν-

132 5140 263 5193 θάδε
292 5139 391 5191 νῦν
420 5141 842 5210 παραγέγοναςς
876 5138 1078 5208 Τί,τὴν
1106 5140 1382 5206 Αἴγυπτον
1416 5138 1603 5199 ἐάσας,
1631 5138 1731 5208 τὴν

133 5230 395 5301 βασιλίδα
434 5232 739 5296 κατέλαϐες
765 5248 782 5298 ;
807 5232 894 5295 Τί,
923 5229 1022 5301 τὴν
1056 5230 1266 5301 ἔρημον
1306 5228 1487 5299 ἀφεὶς,
1517 5231 1597 5291 εἰς
1631 5230 1729 5301 τὴν

1829 4768 2235 4839 prepinquans,
2278 4769 2327 4823 ci
2360 4769 2612 4823 infensus
2648 4770 2960 4841 ingruebat,
2993 4786 3051 4828 ut
3080 4775 3246 4830 etiam
3304 4781 3418 4848 spi-

1828 4860 1970 4915 ritus
2012 4860 2276 4913 clamaret
2304 4875 2401 4929 per
2434 4861 2739 4926 hominem,
2773 4864 3093 4935 diceretque
3135 4867 3200 4920 ad
3235 4867 3415 4921 virum

1828 4963 2080 5008 sanctum
2112 4970 2127 5006 :
2156 4950 2376 5021 Ojustc
2426 4951 2636 5022 Patapi,
2741 4958 2939 5027 utquid
3016 4960 3226 5015 relictis
3266 4960 3415 5014 The-

1830 5043 1938 5109 bis,
1968 5044 2075 5098 huc
2114 5044 2278 5099 modo
2318 5045 2634 5102 advenisti?
2702 5046 2930 5117 Ut-luid,
2960 5049 3198 5122 Egypto
3224 5052 3415 5105 valere

1834 5136 2082 5205 jussa,in
2109 5137 2301 5192 urbem
2326 5148 2377 5192 te
2404 5139 2611 5213 regiam
2643 5141 2965 5194 contulisti?
2991 5143 3204 5211 utquid,
3241 5143 3415 5197 missa

1837 5229 1981 5282 facta
2012 5243 2219 5291 eremo,
2266 5230 2321 5283 in
2374 5231 2640 5286 mumlum
2692 5233 3028 5301 prosiliisti?
3060 5237 3167 5286 Aut
3220 5250 3306 5289 me
3355 5234 3411 5289 in

1379 5378 1764 5443 COMBEFISII
1806 5388 1947 5443 ΝΟΤ
1962 5388 2045 5444 Ε.

208 5485 326 5555 (85)
373 5485 438 5538 Et
495 5485 685 5539 medici
736 5486 833 5539 alii
895 5486 1256 5539 adhibuerim.
1308 5486 1722 5554 Κατάχρηνται.

132 5555 301 5609 Velut
337 5557 492 5609 abusi
546 5558 753 5608 fuerint
821 5558 1018 5625 frigide
1077 5555 1435 5609 consolandis
1474 5555 1720 5624 aegrotis,

132 5628 292 5679 nullo
332 5633 474 5695 Saept-
500 5626 790 5678 levamine.
850 5627 980 5679 Erat
1027 5627 1080 5679 in
1116 5627 1285 5695 Regio
1337 5625 1529 5678 codice
1556 5625 1726 5677 κατά-

1834 5484 2019 5546 litura,
2045 5492 2103 5537 ut
2131 5484 2379 5535 videatur
2413 5483 2557 5552 quod
2592 5481 3014 5552 restituitnusx‘
3051 5498 3216 5536 manu
3247 5482 3410 5537 scioli

1831 5570 2051 5608 erasum
2079 5569 2199 5608 esse
2228 5551 2455 5621 excepto
2490 5562 2785 5620 augmento
2822 5569 2906 5605 κε.
2933 5551 3056 5606 Fuit
3087 5561 3232 5608 certe
3250 5570 3412 5609 erasa

1833 5625 2016 5680 littera
2070 5626 2253 5695 aliqua
2292 5625 2477 5678 animo
2510 5624 2875 5687 restituenda,
2903 5640 3010 5693 qua
3054 5626 3213 5693 plane
3261 5628 3410 5680 nulla

135 5714 368 5767 ρηνται,
397 5697 492 5751 sed
528 5697 867 5765 interpolata
915 5697 1197 5763 dictione,
1233 5696 1506 5765 hiatuque
1534 5697 1717 5750 medio
1745 5696 1920 5753 elalia
1951 5695 2137 5749 luerit.

471 5787 741 5846 PATROL.
788 5787 901 5846 Gn.
950 5787 1155 5849 XCVU

2943 5782 3015 5843 39
