3824 6212
86 320 226 387 1229

1383 320 1463 379 ΙΝ
1506 322 1566 379 S.
1610 319 2020 380 PATAPIUM.

3212 325 3343 393 1230

81 434 215 503 περὶ
241 432 338 487 τοῦ
373 430 650 502 μακαρίου
684 430 987 496 ἀκούσασα,
1026 430 1302 502 δρομαίως
1331 433 1470 503 πρὸς
1499 433 1662 486 αὑτὸν

1786 433 1831 486 Id
1864 448 1985 488 eam
2013 433 2116 487 viri
2162 435 2312 490 beati
2364 436 2509 493 fama
2542 437 2994 509 percrebuisset,
3037 438 3237 495 festina
3273 445 3344 497 ad

81 523 474 595 παραγίνεται,
523 522 618 575 καὶ
664 523 778 584 τοῖς
832 521 959 575 ποσὶ
1004 521 1104 594 τὴν
1162 521 1407 592 κεφαλὴν
1455 521 1661 574 ὑποκύιι

82 631 320 679 πτουσα,
357 613 465 667 τῶν
495 613 735 680 γονάτων
762 614 1060 681 ἐφήπτετο,
1108 614 1203 666 καὶ
1226 613 1407 667 τοιάδε
1455 613 1663 684 γοερῶς

83 705 471 769 ἀντιϐολοῦσα,
518 705 806 775 ἐδυσφόρει
842 705 936 758 καὶ
966 704 1126 771 ἔλεγε
1149 718 1163 731 ⁶
1215 703 1380 756 Δοῦλε
1410 705 1505 757 τοῦ
1528 702 1664 757 Θεοῦ

81 798 193 850 τῶν
220 798 384 860 ὅλων,
419 796 691 857 Πατάπιε,
719 795 868 849 ἴασαι
902 812 969 865 με
990 796 1088 867 τὴν
1115 796 1399 864 δύστηνον,
1431 796 1527 866 τὴν
1565 797 1668 849 πά-

86 907 185 958 σης
244 888 454 959 ἔρημον
492 886 766 957 βοηθείας.
816 888 969 941 Δίδου
1025 888 1199 959 δῶρον
1244 889 1305 941 τὸ
1351 888 1664 957 φάρμακον.

86 982 256 1034 Οὐδέν
280 998 371 1051 μοι
397 980 509 1049 γὰρ
534 979 947 1036 ὑπολέλειπται.
968 981 1154 1034 Πάντα
1180 983 1259 1043 είς
1289 982 1508 1051 ἰατροὺς
1530 997 1666 1033 κατ-

87 1072 364 1142 ηνάλωσα,
397 1072 561 1139 ἄλγος
601 1071 863 1141 μᾶλλονῆ
902 1072 1193 1144 φάρμακον
1244 1071 1666 1139 ὲγκολπώσασα.

85 1163 453 1233 Μεμνημένος
473 1159 565 1216 οὖν
593 1162 689 1215 τοῦ
717 1163 922 1233 Κυρίου
951 1164 1221 1231 λέγοντοςο
1261 1183 1279 1215 t
1308 1164 1527 1234 Δωρεὰν
1549 1162 1670 1215 ἑλά-

87 1255 238 1318 6ετε,
267 1255 481 1325 δωρεάν
514 1253 655 1319 δότε,
695 1272 717 1306 ι
771 1254 922 1307 ίασαί
956 1272 1045 1325 με,
1069 1257 1169 1325 τὴν
1192 1257 1391 1318 διττοῖς
1444 1256 1668 1307 ὑποκει-

90 1348 267 1417 μένην
297 1347 515 1398 ἕλκεσιν
536 1363 551 1377 ο
585 1346 869 1417 ἀρρωστίᾳ
905 1348 1000 1399 καὶ
1029 1347 1217 1417 πενίᾳ.
1248 1346 1341 1399 Διὸ
1365 1345 1563 1415 διπλῆν
1590 1347 1674 1398 αί-

84 1438 166 1491 τῶ
195 1438 301 1506 τὴν
329 1437 601 1489 ἀντίδοσιν
624 1452 639 1468 ο
676 1436 1124 1506 ἀλεξιφάρμακον
1159 1439 1311 1506 ,ἴασιν
1334 1475 1349 1501 ,
1397 1436 1492 1489 καὶ
1528 1435 1673 1488 δόσιν

84 1531 428 1601 ὰνάργυρον.
477 1528 636 1582 Οὕτω
676 1529 785 1598 γάρ
817 1545 903 1582 σοι
946 1529 1156 1582 κελεύει
1182 1530 1384 1583 διδόναι
1410 1529 1470 1581 τὸ
1512 1529 1672 1599 χάρι-

86 1641 233 1695 σμα,
267 1622 364 1675 καὶ
390 1620 535 1674 οὕτω
583 1637 650 1691 με
682 1620 981 1690 λαμϐάνειν
1017 1620 1481 1689 παρακελεύεται.
1527 1617 1586 1670 '0
1616 1618 1674 1670 δὲ

89 1716 392 1785 μακάριος,
422 1712 615 1783 ὥσπερ
662 1712 1002 1783 κατελεήσας
1053 1711 1243 1781 αὐτὴν,
1292 1710 1629 1782 ἀπεκρίνατο
1657 1725 1671 1739 ·

1771 540 1898 579 eum
1924 525 2092 590 venit,
2114 535 2392 596 caputque
2424 529 2699 588 inclinans
2729 530 2853 601 ejus
2885 530 3141 600 pedibus,
3167 532 3344 603 genua

1771 617 2154 685 apprehendit,
2185 633 2250 671 ac
2286 620 2715 677 lamentabiliter
2735 625 3080 694 supplicans,
3111 624 3164 678 in
3202 626 3346 680 hunc

1774 708 1989 759 modum
2027 708 2286 776 quiritari
2320 713 2507 782 coepit,
2543 728 2606 767 ac
2634 714 2822 769 dicere
2862 733 2875 768 :
2905 714 2999 770 Dei
3054 718 3344 771 universo-

1774 813 1896 851 rutn
1932 815 2112 865 serve,
2136 800 2347 872 Patapi,
2384 818 2518 857 sana
2557 821 2643 859 me
2673 806 2927 859 miseram
2951 848 2966 872 ,
2999 811 3146 861 omni
3191 811 3350 877 plano

1774 892 1984 945 auxilio
2015 891 2362 948 destitutam.
2402 893 2590 949 Gratis
2624 898 2805 966 prwbe
2838 900 3163 953 remedium.
3206 900 3348 954 Nihil

1773 982 2047 1051 siquidem
2088 985 2363 1055 reliquum
2398 996 2503 1042 est.
2537 984 2733 1042 Omnia
2777 990 3045 1059 insumpsi
3088 993 3141 1046 in
3179 994 3351 1047 medi—

1775 1087 1896 1135 cos,
1930 1072 2120 1129 dolore
2150 1076 2337 1144 potius
2386 1080 2512 1132 sinu
2547 1079 2780 1132 eollecto
2807 1118 2822 1143 ,
2876 1096 3037 1146 quam
3090 1084 3348 1137 remedio.

1778 1162 1984 1219 Memor
2043 1166 2219 1235 igitur
2256 1166 2472 1221 Domini
2506 1168 2789 1222 dicentis:
2843 1188 2862 1220 ι
2901 1170 3085 1225 Gratis
3136 1173 3357 1242 accepi~

1777 1255 1900 1319 stis,
1928 1256 2328 1325 gratisdateY;
2361 1277 2379 1310 ι
2407 1275 2539 1314 sana
2586 1260 2789 1329 duplici
2821 1261 2991 1315 ulceri
3020 1262 3310 1318 obnoxiam
3334 1303 3349 1325 ,

1776 1347 2117 1415 aegritudini,
2187 1349 2435 1418 inquam.
2491 1357 2544 1403 ct
2602 1354 2941 1422 paupertati.
2979 1353 3356 1418 Quamobrem

1779 1451 1911 1507 rogo
1962 1438 2238 1508 duplicem
2303 1441 2749 1505 retributionem,
2800 1442 3061 1497 nimirum
3115 1446 3359 1501 medica-

1781 1538 2026 1593 mentum
2064 1531 2211 1597 quod
2248 1533 2498 1584 morbum
2528 1533 2788 1600 depellat,
2821 1534 3212 1603 dationemque
3237 1553 3363 1607 pre-

1782 1620 1860 1673 tio
1894 1621 2143 1674 liberam.
2187 1620 2277 1674 Sic
2309 1623 2456 1675 enim
2490 1624 2580 1676 ille
2624 1626 2874 1693 prtecipit
2908 1634 2965 1679 ut
2992 1626 3089 1680 des
3120 1610 3357 1689 'umnus.

1784 1711 2147 1781 hortaturque
2189 1721 2244 1766 ct
2277 1723 2466 1768 monet
2499 1724 2557 1766 ut
2600 1730 2668 1768 eo
2714 1716 2877 1768 modo
2914 1717 3031 1785 ipsa
3065 1720 3358 1787 accipiam.

89 1808 160 1860 Et
188 1804 470 1868 πιστεύεις
505 1804 585 1873 τῷ
624 1806 728 1872 τὴν
754 1802 1006 1868 ἐξουσίαν
1046 1804 1244 1874 ἔχοντι,
1279 1802 1420 1867 ἕξεις
1452 1801 1545 1856 τοῦ
1582 1802 1682 1855 πό-

1786 1801 1854 1853 At
1900 1801 1987 1854 vir
2030 1801 2250 1864 beatus,
2294 1803 2608 1858 miserantis
2636 1805 2827 1874 specie
2864 1824 2878 1859 :
2922 1807 2979 1858 Si
3026 1808 3230 1870 credis,
3282 1811 3364 1862 in-

86 1898 192 1950 Θου
222 1896 504 1966 τδπέρας.
533 1895 594 1948 El
625 1895 808 1948 πίστιν
830 1894 977 1965 ἔχεις
1003 1895 1277 1964 εἰλικρινῆ
1305 1894 1401 1947 καὶ
1415 1893 1679 1960 διάθεσιν,

84 1988 192 2061 ἔσῃ
223 1990 392 2060 ὑγιὴς
422 1988 515 2043 καὶ
540 1988 865 2058 ἀνάλγητος.
910 1988 974 2041 Ἠ
1011 1988 1070 2041 δὲ
1094 1986 1365 2057 ταυρηδὸν
1404 1987 1556 2052 ἐϐόα,
1587 1987 1684 2040 καὶ

87 2081 249 2151 ἔλεγε
272 2097 286 2110 ·
346 2082 535 2135 Πίστει
592 2082 1000 2152 προσέρχομαι,
1028 2080 1306 2134 δέσποταο
1361 2081 1544 2133 πίστει
1579 2079 1682 2150 τὴν

90 2171 240 2225 Ξασιν
279 2171 584 2241 κομίσομαι
610 2187 624 2200 ’
671 2170 746 2241 μὴ
789 2167 884 2224 οὖν
930 2170 1345 2243 ἀποστραφείην
1378 2173 1412 2242 ἡ
1452 2172 1683 2226 τάλαινα

90 2262 169 2333 μὴ
201 2262 450 2316 λαϐοῦσα
480 2261 574 2315 τοῦ
606 2261 800 2325 ἕλκους
831 2262 931 2333 τὴν
964 2264 1111 2317 ῐασιν
1135 2280 1150 2295 ο
1184 2266 1263 2335 μὴ
1299 2263 1462 2319 πάλιν
1498 2265 1681 2320 οἶκαδε

85 2361 181 2411 τὸν
216 2358 481 2426 καρκῖνον
510 2356 823 2426 κεκτημένη
854 2355 1196 2429 πορεύσομαι
1222 2371 1236 2385 °
1272 2357 1335 2431 ού
1377 2359 1487 2428 γὰρ
1523 2358 1680 2428 φέρω

88 2449 190 2512 τὰς
238 2447 566 2517 ἀλγηδόνας.
618 2447 695 2499 Οὐ
743 2448 924 2515 στέγω
961 2448 1089 2510 τοὺς
1139 2449 1467 2519 αἰκισμούς·
1520 2449 1682 2519 μέχρι

93 2541 295 2612 βάθους
326 2540 554 2611 καρδίας
583 2539 889 2610 σπαράττει
918 2556 985 2609 με
1008 2555 1025 2570 ο
1054 2539 1226 2610 αὐτήν
1255 2558 1357 2611 μου
1386 2542 1486 2612 τὴν
1505 2542 1683 2612 ψυχὴν

94 2636 322 2707 Enipeu
347 2636 410 2687 τὸ
432 2634 648 2703 νόσημα
672 2647 686 2662 ⁸
716 2632 852 2685 ἀλλὰ
876 2632 1069 2701 δέομαί
1094 2649 1213 2698 σου,
1237 2634 1460 2703 ἐλέησόν
1491 2650 1558 2702 με
1584 2634 1685 2704 τὴν

93 2729 312 2782 ἀθλίαν.
354 2725 412 2778 Ὀ
432 2725 491 2777 δὲ
523 2722 798 2795 ῥαγδαίως
822 2722 993 2792 αὐτὴν
1027 2723 1134 2776 ὑπὸ
1156 2724 1252 2776 τοῦ
1287 2726 1492 2786 πάθους
1520 2723 1684 2792 ἀλείυο

94 2819 337 2887 νομένην
386 2814 669 2883 ἑωρακὼς,
718 2815 1025 2885 ἐπέτρεπεν
1060 2814 1422 2868 ἐπιδεικνύειν
1455 2816 1548 2868 τὸν
1591 2816 1682 2868 τό·

94 2928 198 2963 πον
233 2907 335 2961 τοῦ
362 2908 692 2977 νοσήματος.
734 2906 847 2959 Καὶ
883 2905 949 2977 δὴ
995 2906 1094 2975 τὴν
1133 2907 1298 2974 ἁγίαν
1327 2907 1494 2960 αὐτοῦ
1524 2911 1684 2978 χεῖρα

94 3000 311 3061 ἐπιθεὶς
338 2999 416 3067 τῷ
447 2997 626 3068 μαζῷ,
673 2996 767 3050 καὶ
820 2995 921 3066 τὴν
967 2997 1243 3065 σφραγίδα
1286 2995 1381 3048 τοῦ
1441 2995 1682 3065 σταυροῦ

97 3091 496 3159 ποιησάμενος,
524 3088 655 3141 ἔνθα
688 3086 784 3141 τοῦ
821 3087 1082 3158 καρκίνου
1107 3088 1168 3140 τὺ
1196 3087 1369 3163 πάθος
1395 3088 1679 3159 ἐτύγχανε,

99 3186 235 3254 φησι
282 3184 420 3253 πρὸς
463 3183 634 3250 αὐτήν
659 3196 672 3209 ·
715 3181 775 3232 Ὃ
799 3178 952 3243 Θεὸς,
995 3173 1040 3232 ὦ
1091 3179 1278 3246 γῦναι,
1304 3181 1382 3243 είς
1416 3181 1474 3232 ὃν
1503 3183 1566 3233 σὺ
1596 3198 1687 3233 πι-

102 3275 379 3328 στεύσασα
430 3275 569 3342 πρὸς
613 3274 763 3342 ἡμᾶς
798 3272 1206 3342 παραγέγονας,
1238 3270 1404 3333 αὑτός
1454 3288 1547 3323 σου
1588 3272 1685 3341 τὴν

100 3372 291 3425 πίστιν
344 3366 679 3438 δεξάμενος,
729 3366 1129 3436 ἀνταμείψεται
1179 3365 1274 3419 τοῦ
1332 3365 1537 3429 πάθους
1586 3366 1686 3435 τὴν

102 3464 250 3516 ἴασιν
280 3477 294 3491 ο
330 3463 364 3531 ἡ
418 3461 518 3529 μὲν
545 3459 656 3529 γάρ
690 3459 874 3521 πίστις
902 3476 1019 3522 σου,
1045 3458 1295 3528 τολμηρά
1320 3474 1381 3510 τε
1415 3458 1509 3512 καὶ
1535 3457 1688 3522 ζέου-

100 3569 191 3607 σα·
209 3553 270 3605 τὸ
299 3551 358 3603 δὲ
385 3549 581 3616 πάθος,
614 3543 852 3618 χαλεπόν
879 3565 941 3601 τε
958 3548 1059 3602 καὶ
1085 3548 1359 3601 δυσίατον.
1402 3547 1546 3599 Ἀλλ’
1578 3564 1596 3596 ι
1622 3546 1686 3599 Ἠ

98 3646 289 3706 πίστις
323 3659 418 3696 σου
452 3641 663 3694 σέσωκέ
695 3657 781 3704 σε,
826 3640 1064 3712 πορεύου
1098 3641 1180 3703 εἰς
1223 3641 1471 3709 εἰρήνην.
1504 3658 1523 3689 ι
1576 3638 1687 3691 Καὶ

100 3735 351 3807 ἀπῆλθεν
380 3737 415 3804 ἡ
442 3734 609 3803 γυνὴ,
634 3734 764 3803 ὑγιῆ
796 3732 1033 3786 λαϐοῦσα
1055 3731 1149 3787 τὸν
1186 3731 1358 3802 μαζὸν
1397 3730 1493 3784 καὶ
1523 3731 1687 3785 ἀνάλ-

100 3846 294 3900 γητον,
331 3826 636 3892 δοξάζουσιν.
671 3826 763 3880 τὸν
794 3824 952 3889 Θεὸν,
980 3825 1075 3879 τὸν
1115 3826 1204 3878 ἀεὶ
1229 3825 1546 3895 παρέχοντα
1574 3825 1685 3886 τοῖς

100 3920 283 3989 ἁγίοις
310 3918 422 3972 τῶν
445 3919 695 3988 ίαμάτων
719 3918 820 3986 τὴν
851 3917 1108 3987 δύναμιν.

174 4095 363 4150 Ταῦτα
389 4092 490 4148 τοῦ
533 4092 691 4161 ἁγίου
736 4092 1020 4145 Παταπίου
1072 4090 1141 4143 τὰ
1187 4082 1467 4159 θαύματα.
1500 4089 1689 4144 Ταῦτα
1750 4140 1774 4160 ,

104 4186 222 4241 τῶν
250 4188 466 4241 ἑκείνου
496 4186 678 4239 πόνων
711 4184 780 4239 τά
818 4182 1056 4236 ἔπαθλα·
1092 4181 1229 4251 αὕτη
1267 4182 1301 4251 ἡ
1351 4183 1551 4252 μερικὴ
1576 4181 1688 4235 τῶν

105 4281 206 4333 ὑπ’
233 4278 398 4334 αὑτοῦ
423 4279 733 4349 γενομένων
764 4275 1067 4347 τεραστίων
1090 4274 1365 4344 διήγησις.
1394 4274 1689 4337 Τοιαύταις

107 4372 365 4441 ἀμοιϐαῖς
394 4370 525 4432 τοὺς
562 4366 759 4422 ἑαυτοῦ
790 4365 1131 4437 θεράποντας
1159 4368 1188 4419 ὁ
1227 4363 1503 4433 Δεσπότης
1538 4364 1688 4437 φιλο-

1782 1894 1925 1963 quit,
1950 1895 2001 1949 ei
2035 1895 2126 1963 qui
2169 1895 2330 1951 habet
2372 1904 2729 1966 potestatem,
2772 1900 3047 1953 intentum
3089 1901 3363 1956 desiderio

1784 1989 1946 2040 linem
1978 1989 2362 2055 consequeris.
2396 1990 2451 2044 Si
2488 1990 2750 2046 habueris
2784 1991 3058 2047 sinceram
3100 1991 3261 2047 ﬁdem
3296 2009 3362 2049 ac

1782 2076 2121 2133 aﬂectionem
2148 2120 2164 2145 ,
2199 2094 2333 2134 sana
2386 2081 2499 2137 eris
2536 2091 2589 2136 el
2625 2097 2652 2134 a
2686 2083 2878 2137 dolore
2926 2083 3209 2138 imumuis.
3266 2086 3360 2139 illa

1781 2184 1914 2223 vero
1963 2170 2116 2224 velut
2166 2171 2308 2225 tauri
2360 2172 2581 2227 sublato
2627 2174 2836 2243 mugitu
2877 2174 3047 2228 altum
3090 2175 3359 2240 clamans,

1782 2262 1899 2316 ait:
1931 2260 2176 2318 Credens
2223 2266 2444 2327 accedo,
2490 2264 2751 2332 domine;
2786 2266 2889 2321 lide
2942 2267 3232 2322 sanitatem
3274 2285 3358 2323 re-

1782 2353 2053 2423 portabo;
2087 2370 2154 2409 ue
2193 2369 2326 2425 ergo
2360 2357 2562 2412 misera
2583 2398 2599 2422 ,
2632 2373 2740 2412 non
2768 2367 2965 2413 curato
2994 2361 3228 2415 vulnere
3277 2375 3361 2414 re-

1782 2445 1964 2511 diero;
1996 2461 2064 2501 ne
2091 2448 2295 2501 iterum
2329 2462 2540 2502 cancro
2569 2448 2831 2503 laborans
2863 2449 3090 2503 domum
3124 2451 3316 2506 abiero
3343 2469 3358 2520 ;

1784 2553 1892 2591 non
1921 2539 2071 2593 enim
2109 2538 2229 2594 fero
2262 2541 2585 2604 cruciatus;
2643 2557 2755 2595 non
2814 2544 3070 2598 sustineo
3100 2559 3316 2613 pmnam
3346 2564 3361 2614 ;

1784 2630 1850 2683 ad
1883 2646 2055 2700 usque
2092 2632 2260 2686 imum
2293 2648 2393 2686 cor
2420 2633 2724 2702 tlisccrpit;
2758 2635 2929 2704 ipsam
2958 2638 3196 2690 animam
3217 2653 3363 2692 mor.

1743 2791 1752 2799 ο
1783 2720 1837 2774 bi
1897 2722 1978 2775 vis
2011 2721 2273 2777 tabcl'acit
2307 2741 2321 2777 :
2357 2725 2453 2777 sed
2491 2741 2621 2795 rogo
2680 2734 2733 2779 te
2770 2735 2830 2780 ut
2884 2729 3207 2784 miserearis
3258 2732 3366 2785 mei

1784 2815 2017 2867 miserae.
2050 2814 2099 2868 Is
2130 2830 2316 2884 porro,
2374 2816 2465 2871 ubi
2514 2818 2836 2874 horribilius
2884 2820 3115 2875 vidisset
3171 2821 3367 2878 dolore

1782 2903 2109 2969 cruciatam,
2156 2904 2326 2973 jussit
2366 2916 2425 2959 ut
2462 2907 2641 2961 morbi
2692 2908 2871 2963 loemn
2907 2910 3251 2967 ostenderet.
3286 2916 3370 2966 At:

1782 3008 1914 3047 vero
1956 3010 2110 3049 sacra
2144 3012 2308 3050 mauu
2362 3014 2613 3053 mamma:
2647 3000 2926 3068 imposita,
2961 3007 3260 3074 crucisque
3293 3007 3368 3059 sic

1786 3074 2057 3154 gnaéulo,
2116 3103 2221 3156 qua
2283 3099 2436 3158 parte
2482 3105 2686 3145 cancer
2730 3092 3019 3158 exedebat,
3077 3111 3367 3165 expresso.

1787 3180 1864 3229 ait
1890 3180 1957 3232 ad
1982 3194 2140 3232 eam:
2180 3178 2345 3244 Deus,
2405 3198 2438 3233 ο
2490 3183 2711 3247 mulier,
2756 3185 2812 3238 in
2848 3202 3009 3254 quem
3037 3189 3272 3243 credens
3301 3189 3368 3241 ad

1788 3284 1891 3323 nos
1938 3271 2131 3324 venisti
2159 3312 2173 3331 ,
2218 3273 2332 3339 ipse
2383 3281 2475 3325 tua
2516 3283 2772 3343 suscepta
2826 3276 2932 3331 lltle
2989 3280 3369 3348 probataque,

1787 3376 1977 3414 sanam
2005 3364 2382 3431 sospitemque
2413 3378 2444 3416 a
2473 3366 2664 3419 morbo
2694 3367 2911 3422 eﬂiciet.
2939 3368 3083 3423 Sane
3118 3371 3368 3439 quidem,

1786 3463 1873 3507 est
1916 3454 2049 3508 litles
2093 3465 2364 3522 praestans
2392 3469 2771 3524 accensaque,
2799 3468 2854 3512 at
2902 3461 3130 3515 morbus
3160 3463 3371 3531 gravis,

1787 3555 1843 3601 et
1869 3548 2105 3601 tlillicilis
2157 3556 2352 3601 curatu
2382 3564 2398 3612 ;
2441 3549 2747 3612 enimvero,
2780 3568 2800 3601 ι
2835 3548 3002 3605 Fides
3036 3559 3127 3604 tua
3175 3564 3228 3609 te
3261 3555 3371 3607 sal-

1788 3655 1910 3694 vam
1956 3640 2121 3704 fecit;
2161 3639 2297 3693 vade
2330 3641 2385 3693 in
2419 3653 2552 3706 pace
2584 3648 2629 3693 ³.
2680 3660 2699 3691 ι
2737 3640 3000 3710 Abiitque
3041 3645 3243 3699 mulier
3283 3660 3372 3697 re-

1787 3737 1950 3798 cepto
1989 3744 2131 3783 sano
2158 3730 2328 3783 ubere
2361 3743 2425 3782 ac
2456 3728 2649 3783 dolore
2701 3745 2899 3796 vacuo,
2943 3730 3113 3785 Deum
3154 3732 3371 3803 gloriﬁ-

1787 3835 1947 3885 caus,
1989 3822 2084 3890 qui
2135 3835 2354 3890 semper
2408 3820 2765 3876 sanatiouum
2830 3822 3100 3879 virtutem
3167 3825 3373 3895 prabet

1788 3914 1999 3970 sanctis
2028 3914 2173 3969 suis.

1860 4089 1937 4143 Ea
1969 4062 2304 4143 suntlsaucti
2336 4087 2553 4161 Patapii
2588 4091 2859 4148 miracula
2896 4109 2911 4146 :
2963 4092 3080 4148 haec
3118 4092 3370 4150 labormn

1789 4180 1913 4250 ejus
1951 4183 2198 4250 prazmia.
2234 4180 2360 4237 Hth
2398 4183 2467 4237 ab
2498 4198 2566 4237 eo
2613 4194 2959 4253 patratorum
2996 4185 3371 4269 prodigiorum

1790 4272 2151 4338 particularis
2210 4271 2483 4325 narratio.
2546 4272 2640 4328 Sic
2696 4271 2963 4328 Dominus
3025 4275 3202 4329 servis
3257 4277 3373 4330 suis

1791 4363 2083 4432 magniﬁce
2136 4363 2416 4418 retribuit.
2461 4382 2481 4414 ι
2521 4362 2579 4418 Si
2624 4365 2760 4431 quid
2806 4366 2981 4428 enim,
3035 4366 3237 4434 inquit,
3277 4381 3374 4433 per

109 4454 366 4533 τιμεῖται.
416 4479 437 4512 ι
472 4460 563 4513 Ἑν
610 4458 721 4527 γὰρ
765 4456 842 4527 τῷ
886 4455 1112 4526 ὀνόματί
1144 4473 1270 4525 μου.
1319 4456 1506 4525 φησὶν,
1538 4457 1565 4508 ὃ
1593 4456 1682 4509 ἐὰν

1797 4454 2000 4508 tieritis
2028 4455 2244 4510 Patrem
2296 4454 2352 4508 in
2398 4455 2623 4509 nomine
2662 4468 2821 4517 meo,
2865 4455 3021 4509 dabit
3064 4455 3226 4511 vobis
3259 4467 3305 4507 ο.
3348 4474 3368 4508 ι

110 4556 373 4625 αἰτήσητε
412 4552 565 4621 παρὰ
603 4550 696 4604 τοῦ
726 4550 939 4617 Πατρός
973 4566 1097 4618 μου,
1140 4548 1303 4601 δώσει
1356 4549 1505 4617 ὑμῖν.
1527 4566 1546 4599 ι
1579 4547 1690 4601 Καὶ

46 4632 47 4639 γ
106 4647 177 4701 τὰ
206 4648 307 4716 μὲν
340 4646 491 4697 κατὰ
528 4643 627 4711 τὴν
656 4640 941 4710 παροῦσαν
981 4640 1127 4710 ζωὴν
1158 4640 1309 4710 παρὰ
1343 4638 1478 4692 Θεοῦ
1504 4637 1581 4707 τῷ
1608 4638 1691 4692 δι-

109 4740 246 4805 καίῳ
283 4736 498 4806 δεδωρη
510 4736 667 4804 μένα,
699 4732 929 4787 τοιαῦτα
948 4749 962 4763 ·
986 4733 1057 4786 τὰ.
1084 4732 1140 4785 δὲ
1184 4731 1322 4801 μετὰ
1352 4731 1451 4802 τὴν
1477 4729 1691 4784 ἐνθένδε

114 4831 471 4898 μετάστασιν,
505 4821 594 4879 οἷα
624 4826 719 4878 καὶ
750 4826 849 4878 ὅσα
875 4842 892 4855 ο
926 4822 962 4876 ἃ
986 4824 1082 4877 καὶ
1131 4824 1291 4892 μέχρι
1310 4823 1416 4903 ⁷τοῦ
1450 4822 1546 4875 νῦν
1573 4822 1695 4894 ᾄδε-

115 4936 192 4973 ται
220 4916 665 4991 τραγῳδούμενα
698 4931 712 4945 '
743 4914 779 4968 ἃ
803 4916 894 4969 διὰ
918 4915 1018 4986 τὴν
1047 4914 1142 4967 τοῦ
1165 4916 1323 4983 λόγου
1358 4915 1690 4984 παράτασιν,

112 5012 313 5081 ἀρτίως
343 5007 753 5078 ἐπιμνησθῆναι
780 5008 882 5060 οὐκ
926 5006 1147 5077 ἔκρινα,
1188 5008 1261 5076 μή
1302 5023 1419 5069 πως
1447 5006 1525 5075 τῷ
1558 5006 1693 5077 πλή-

111 5104 185 5159 θει
209 5106 326 5158 τῶν
360 5102 661 5172 θαυμάτων
688 5102 768 5162 εἰς
797 5100 1057 5153 ἀπιστίαν
1110 5098 1525 5165 ἓλθοιένπινες,
1554 5099 1692 5169 ὅπερ

108 5197 202 5249 οὐκ
232 5196 489 5265 ἄμεινον.
540 5191 681 5244 Ἀλλ’
721 5193 904 5244 ἐκεῖνα
951 5190 1189 5261 στόμασι
1241 5191 1339 5260 μὲν
1387 5189 1693 5260 ἀνθρώπων

106 5288 337 5355 ἀφέντες
369 5285 635 5357 ᾀδόμενα,
662 5284 783 5354 θεῷ
815 5284 872 5337 δὲ
908 5284 1076 5353 μόνῳ,
1120 5283 1198 5353 τῷ
1244 5283 1310 5336 δι’
1342 5277 1404 5337 οὗ
1433 5285 1693 5351 γεγόνασι

104 5379 522 5448 γινωσκόμενα,
574 5375 808 5430 ἐνταῦθα
854 5375 944 5429 τὸν
1002 5375 1163 5443 λόγον
1218 5376 1690 5445 καταπαύσωμεν,

111 5475 285 5545 μικρὰ
314 5472 587 5541 πρότερον
635 5469 767 5540 περὶ
799 5468 898 5539 τῆς
934 5466 1099 5522 αὐτοῦ
1141 5467 1518 5538 διαλεχθέντες
1552 5467 1692 5535 πρὸς

108 5567 244 5617 tt‘tbv
270 5562 687 5626 μεταστάσεως.

189 5753 216 5793 7
247 5744 444 5799 Matth.
476 5761 531 5814 ι,
557 5747 611 5803 8.
694 5757 715 5785 ι
743 5745 878 5805 Luc.
931 5759 1026 5807 vn,
1065 5741 1154 5798 ὅθ.
1230 5753 1258 5783 ι
1289 5740 1451 5799 Joan.
1496 5757 1607 5808 xvt,
1635 5740 1728 5797 25.

1746 4578 1747 4583 η
1799 4547 1876 4601 Ac
1910 4546 2132 4617 quidem
2164 4547 2338 4615 justo,
2394 4547 2522 4602 dum
2578 4556 2726 4603 esset
2774 4546 2829 4600 in
2889 4549 3170 4611 humanis,
3199 4561 3229 4601 a
3266 4545 3376 4601 Deo

1792 4638 2024 4701 donata,
2071 4638 2145 4693 ita
2203 4638 2451 4695 habent:
2502 4637 2595 4692 ubi
2659 4644 2844 4693 autem
2905 4638 3202 4707 migrasset
3235 4653 3374 4692 con-

1791 4742 1975 4794 cessa,
2032 4734 2197 4797 atque
2262 4728 2532 4783 hactenus
2590 4727 2840 4781 onmium
2894 4727 3187 4780 decantata
3252 4743 3371 4793 ore,

1792 4823 1976 4891 qualia
2010 4830 2144 4879 sunt
2194 4838 2257 4878 ac
2307 4821 2557 4892 quanta?
2597 4821 2769 4877 Porro
2825 4822 3004 4878 visum
3056 4829 3142 4877 est
3194 4834 3255 4877 ut
3305 4838 3377 4878 ne

1795 4918 1962 4970 modo
1992 4915 2253 4971 cavenda:
2290 4916 2630 4987 prolixitatis
2679 4916 2877 4984 gratia,
2910 4931 3101 4970 eorum
3138 4918 3376 4972 mentio-

1796 5022 1921 5059 nem
1956 5006 2213 5069 inleram,
2249 5021 2313 5061 ac
2348 5023 2416 5060 ne
2449 5005 2853 5061 miraculorum
2879 5005 3044 5075 copia
3079 5005 3375 5059 nonnullos

1797 5102 1853 5155 in
1912 5101 2357 5175 incredulitatem
2414 5100 2686 5169 impellat.
2730 5098 2878 5170 quod
2926 5113 3032 5151 nou
3076 5095 3373 5149 admodum

1795 5209 1856 5248 ex
1869 5193 2039 5264 pedit.
2067 5191 2468 5262 Relinquentcs
2490 5208 2622 5261 ergo
2651 5192 2936 5245 hemiuum
2960 5188 3235 5241 Celebrata
3254 5201 3374 5249 ore,

1800 5283 2020 5354 Deoque
2059 5284 2185 5348 soli,
2225 5282 2388 5349 cujus
2423 5291 2555 5337 sunt
2590 5289 2803 5352 patrata
2846 5281 3050 5332 virtute
3078 5318 3091 5339 ,
3128 5276 3374 5343 cognita,

1799 5375 1963 5430 linem
2020 5375 2111 5429 hic
2144 5374 2363 5429 dicendi
2416 5373 2712 5437 faciamus,
2749 5371 2841 5425 ubi
2877 5369 3147 5421 duntaxat
3201 5381 3374 5437 pauca

1798 5468 2048 5537 quaedam
2110 5468 2178 5523 de
2241 5467 2366 5535 ejus
2425 5464 2495 5520 ad
2559 5463 2731 5518 Deum
2792 5461 3031 5516 transitu
3090 5457 3377 5513 disserue-

1802 5577 1999 5617 rimus.
