3824 6212
159 384 288 453 1233

1437 393 1519 453 ΙΝ
1564 393 1624 453 S.
1659 389 2071 450 PATAPIUM.

3271 389 3404 454 1234

156 495 548 567 προσλαϐόντος
574 499 758 554 αὐτόν.
791 501 864 553 Τὸ
891 502 945 553 δξ
969 502 1148 573 τίμιον
1181 502 1345 560 αὐτοῦ
1374 506 1468 557 καὶ
1490 503 1719 574 ἱερώτα-

1827 508 1881 554 et
1919 498 2139 556 laudem
2170 499 2269 571 qui
2304 516 2433 555 eum
2466 500 2885 571 assumpsisset.
2924 500 3057 571 Ejus
3085 517 3251 570 porro
3278 517 3403 570 prc-

153 602 243 640 τον
267 587 543 658 λείψανον,
574 591 624 642 oi
665 591 764 661 τῆς
803 592 964 659 ἁγίας
1009 594 1177 663 μονῆς
1216 596 1274 657 ὲς
1318 596 1512 648 ταυτὸν
1558 596 1723 666 ὁμόσε

154 679 449 749 γενόμενοι,
475 682 571 733 καὶ
618 683 677 733 ὲν
710 686 844 754 τιμῇ
871 686 963 737 καὶ
984 685 1111 757 δόξῃ
1139 686 1526 756 κηδεύσαντες,
1567 691 1625 742 ὲν
1647 688 1725 759 τῷ

153 771 264 841 ναῷ
296 771 390 825 τοῦ
418 772 577 841 ἁγίου
619 777 901 846 προφήτου
945 778 1258 850 Προδρόμου
1286 781 1380 833 καὶ
1419 781 1723 835 Βαπτιστοῢ

166 861 404 917 Ἰωάννου
444 864 766 920 κατέθεντοο
817 868 935 938 ἦτοι
988 870 1045 923 ἑν
1086 872 1154 941 τῇ
1196 871 1336 942 αὐτῇ
1385 872 1723 944 εύαγεστάτῃ

154 951 259 1004 τῶν
287 953 600 1021 Αἰγυπτίων
625 958 783 1026 μονῇ,
823 957 1059 1027 ψαλμοῖς
1091 961 1184 1012 καὶ
1228 960 1420 1031 ὕμνοις
1443 963 1536 1016 καὶ
1560 963 1724 1033 ᾠδαῖς

156 1047 545 1112 πνευματικαῖς
602 1048 1086 1119 προπεμψὰμενοι,
1135 1050 1293 1115 δόξαν
1341 1070 1400 1105 τε
1451 1055 1546 1108 καὶ
1576 1049 1725 1109 αἶνον

154 1133 572 1204 ἀναπέμψαντες
606 1137 683 1208 τῷ
713 1142 814 1210 τῆς
856 1139 1004 1209 ζωῆς
1045 1142 1139 1196 καὶ
1178 1143 1408 1198 θανάτου
1447 1146 1549 1220 τὴν
1574 1146 1725 1214 ἐξου-

155 1223 272 1276 σίαν
300 1224 501 1294 ἔχοντι.

233 1398 420 1469 Ἡμεῖς
474 1397 588 1465 οὖν,
655 1404 952 1476 ἀγαπητοὶ,
1011 1408 1106 1460 ἐπὶ
1154 1409 1289 1462 πᾶσι
1321 1414 1432 1477 τοῖς
1480 1413 1723 1484 λεχθεῖσι

151 1489 241 1541 τὸν
280 1491 412 1545 Θεὸν
441 1493 872 1565 ἀνυμνήσαντες,
933 1499 1028 1552 καὶ
1066 1501 1188 1563 ταῖς
1214 1501 1326 1555 ἄνω
1358 1504 1468 1557 τῶν
1497 1505 1725 1562 δικαίων

155 1584 339 1651 μοναῖς
360 1584 453 1636 τὸν
481 1586 627 1639 ὅσιον
645 1586 838 1641 τοῦτον
873 1590 1094 1661 οἰκῆσαι
1116 1593 1534 1659 πιστεύσαντες,
1568 1599 1725 1652 αύτοῖ

150 1674 289 1728 κατά
307 1673 419 1729 τῶν
449 1676 637 1731 παθῶν
654 1681 1054 1752 ἐνστησάμενοι
1083 1684 1371 1755 τρόπαιον,
1401 1689 1481 1752 είς
1507 1689 1599 1742 τὸν
1624 1695 1724 1763 τῆς

151 1769 417 1833 ἀπαθείας
470 1775 902 1845 καταντήσωμεν
947 1776 1181 1847 λιμέναο
1215 1780 1399 1833 ἐκεῖνα
1441 1784 1561 1852 μεθ’
1595 1785 1721 1839 ἑαυ-

146 1856 255 1911 τῶν
277 1861 751 1933 συνεισφέροντες,
786 1866 855 1920 τὰ
875 1867 960 1936 ἐφ’
986 1863 1066 1929 οἷς
1102 1869 1161 1922 τὸ
1202 1869 1358 1923 Θεῖον
1386 1858 1720 1941 ἀγάλλεσθαι

145 1949 394 2019 πέφυκεν
422 1970 436 1984 ι
475 1955 532 2006 ὲν
553 1947 598 2022 ᾧ
629 1957 723 2009 καί
749 1958 1054 2028 γενόμενοι,
1115 1963 1216 2034 τῆς
1248 1965 1386 2033 μετὰ
1413 1967 1522 2021 τῶν
1557 1969 1723 2034 ἀξίων

144 2040 357 2105 τελείας
403 2045 807 2110 καταπαύσεως
860 2048 1142 2121 τύχοιμεν,
1179 2054 1412 2109 καὶτῶν
1449 2059 1722 2128 ἐπηγγελ-

141 2130 329 2198 μένων
361 2132 606 2201 ἀγαθῶν,
633 2136 818 2208 χάριτι
856 2141 951 2191 καὶ
979 2141 1363 2216 φιλανθρωπίᾳ
1393 2147 1485 2201 τοῦ
1516 2151 1721 2219 Κυρίου

134 2221 303 2293 ἡμῶν
339 2224 516 2295 Ἰησοῦ
546 2227 805 2298 Χριστοῦ,
838 2229 961 2299 μεθ’
986 2225 1046 2286 οὗ
1080 2232 1157 2303 τῷ
1189 2226 1362 2306 Πατρὶ
1390 2240 1541 2292 πᾶσα
1573 2240 1719 2311 δόξα,

138 2317 299 2385 τιμὴ,
362 2318 588 2386 κράτος,
640 2320 990 2392 μεγαλοσύνη
1015 2341 1074 2376 τε
1108 2324 1202 2379 καὶ
1235 2328 1719 2402 μεγαλοπρέπεια,

138 2407 259 2477 ἅμα
289 2408 369 2478 τῷ
386 2409 529 2482 ἁγίῳ
560 2412 654 2464 καὶ
687 2412 937 2485 ζωοποιῷ
1000 2416 1303 2486 Πνεύματι,
1334 2418 1430 2474 νῦν
1477 2423 1573 2476 καὶ
1613 2424 1718 2492 ἀεὶ,

136 2499 235 2552 καὶ
269 2500 353 2564 εἰς
385 2502 514 2565 τοὺς
548 2504 752 2567 αἰῶνας
782 2505 889 2559 τῶν
916 2506 1150 2563 αἰώνων.
1203 2511 1399 2585 Ἀμήν.

767 2617 1125 2673 ΕΓΚΩΜΙΟΝ

141 2721 260 2799 Td?
306 2725 736 2799 ,βίον-δηλοῦν
772 2728 1224 2799 ςοῦίμαξιαρίου
1282 2739 1595 2796 Παταπίου
1627 2746 1719 2799 τέ-

210 2795 575 2935 ὶῖοῗὲζῆςάπὸ
627 2796 834 2868 φωνῆς
899 2795 1183 2866 Ἀνδρέου
1240 2795 1720 2877 ἀρχιεπισκόπου

211 2976 401 3032 Πάντα
433 2979 714 3036 πιστεύειν
733 2982 883 3051 ἄξιον
912 2989 981 3042 τὰ
1006 2990 1176 3057 ὅντως
1208 2994 1330 3051 θεῖα
1360 2997 1452 3051 καὶ
1507 2999 1719 3071 ἀνθρὼ-

133 3083 269 3131 ποις
289 3086 352 3121 συ
360 3071 466 3139 μφέ
474 3089 657 3140 ροντα.
684 3076 1007 3136 Πιστεύεται
1027 3082 1084 3136 δὲ
1109 3085 1179 3139 δι’
1197 3087 1368 3156 ἀκοῆς
1383 3090 1452 3143 τὰ
1470 3092 1714 3158 τοιαῦτα,

1826 594 2004 650 tiosas
2054 592 2589 664 sacratissimasque
2652 595 2937 665 reliquias,
3003 595 3402 650 convenientes

1824 682 2047 758 pariter
2081 684 2229 741 sacri
2263 683 2417 739 illius
2455 685 2781 739 monasterii
2803 685 2933 750 viri,
2977 685 3289 739 honorabili
3338 698 3403 737 ac

1825 778 2073 849 glorioso
2104 774 2302 833 funere
2352 782 2778 846 prosequentes,
2818 776 2874 830 in
2905 776 3083 831 sancti
3122 775 3402 846 prophetae

1829 869 2198 925 Praecursoris
2224 868 2596 940 Baptistzeque
2622 866 2858 924 Joannis
2906 868 3023 922 aede
3065 882 3225 922 sacra
3248 907 3263 932 ,
3298 867 3405 921 hoc

1825 972 1932 1028 est,
1961 963 2018 1017 in
2050 960 2248 1018 eodem
2284 960 2408 1031 ipso
2446 959 2800 1015 sanctissimo
2855 959 3240 1031 Egyptiorum
3282 974 3401 1011 mo-

1829 1052 2093 1118 nasterio,
2110 1052 2342 1122 psalmis
2358 1059 2412 1106 et
2430 1051 2673 1123 hymnis,
2688 1049 3037 1119 canticisque
3057 1050 3403 1120 spiritalibus

1827 1143 2224 1217 praeeuntibus,
2262 1144 2670 1214 deposuerunt,
2709 1140 2938 1213 gloriam
2988 1149 3043 1195 et
3095 1140 3313 1194 laudem
3351 1142 3400 1195 ei

1826 1236 2214 1293 submittentes
2253 1275 2267 1300 ,
2334 1235 2429 1305 qui
2491 1232 2659 1288 habet
2734 1237 3069 1302 potestatem
3151 1231 3278 1285 vine
3349 1243 3403 1284 et

1827 1329 2041 1385 mortis.

1892 1419 2005 1476 Nos
2043 1420 2233 1491 igitur,
2262 1419 2475 1485 dilecti,
2524 1420 2580 1474 in
2610 1419 2875 1475 omnibus
2908 1417 3077 1475 dictis
3114 1416 3402 1471 laudantes

1824 1514 2020 1580 Deum,
2077 1514 2244 1580 dicta,
2307 1521 2676 1584 sanctumque
2731 1513 2897 1569 istum
2957 1512 3015 1566 in
3083 1508 3402 1566 cmlestibus

1820 1607 2102 1678 iustorum
2136 1606 2525 1661 mansionibus
2551 1605 2806 1661 habitare
2841 1604 3164 1669 credentes,
3214 1610 3401 1658 erecto

1826 1698 2098 1755 adversus
2131 1697 2268 1752 vitia
2305 1696 2587 1767 animique
2606 1695 3060 1767 perturbationes
3092 1703 3318 1762 tropaeo,
3346 1692 3399 1744 in

1750 1796 2049 1892 Bportum
2110 1801 2367 1843 securum
2449 1793 2503 1841 et
2559 1801 2590 1839 a
2648 1782 3161 1855 perturbationibus
3222 1789 3399 1834 tutum

1825 1894 2234 1944 occurramus;
2292 1894 2357 1935 ea
2411 1878 2765 1933 conferentes
2817 1877 3143 1940 nobiscum,
3198 1873 3401 1944 quibus

1824 1974 1969 2031 Deus
1993 1973 2254 2029 delectari
2286 1972 2427 2028 solet
2454 1989 2468 2026 :
2505 1973 2558 2026 in
2592 1986 2703 2042 quo
2734 1971 2903 2026 etiam
2931 1974 3396 2029 consummatam,

1823 2083 1949 2123 cum
1980 2067 2049 2123 iis
2079 2067 2175 2138 qui
2207 2066 2361 2137 digni
2407 2071 2561 2131 sunt,
2597 2066 2841 2136 requiem
2876 2064 3309 2132 consequamur,
3335 2074 3399 2113 ac

1822 2160 2099 2231 promissa
2123 2160 2267 2214 bona
2299 2176 2313 2213 :
2346 2157 2522 2229 gratia
2550 2158 2957 2225 clementiaque
2983 2151 3200 2208 Domini
3222 2147 3398 2204 nostri

1822 2252 1951 2310 Jesu
1982 2246 2188 2309 Christi
2225 2293 2242 2321 ,
2269 2268 2392 2308 cum
2423 2268 2537 2324 quo
2588 2251 2735 2305 Patri
2769 2248 2956 2305 omnis
2997 2244 3211 2328 gloria,
3243 2250 3401 2313 pote-
3486 2256 3496 2277 κ

1823 2354 1961 2413 stas,
1996 2344 2430 2415 magniﬁcentia,
2471 2359 2537 2398 ac
2571 2342 2769 2406 decor,
2809 2354 2920 2394 una
2958 2351 3084 2393 cum
3120 2341 3312 2391 sancto
3346 2341 3401 2388 et

1822 2437 2045 2493 vivifico
2082 2437 2318 2508 Spiritu,
2349 2451 2497 2491 nuttc
2532 2443 2587 2491 et
2615 2448 2856 2505 semper,
2882 2440 2936 2488 et
2968 2431 3024 2485 in
3070 2427 3270 2485 saecula
3296 2439 3399 2481 sa:-

1822 2528 2096 2584 culorum.
2121 2528 2315 2583 Amen.

2333 2634 2694 2693 nncoutuu
2721 2634 2834 2707 (87)

1824 2749 1938 2815 Quo
1972 2748 2280 2803 declaratur
2305 2747 2415 2801 vita
2435 2745 2576 2799 beati
2612 2743 2855 2815 Patapii,
2889 2743 3003 2795 viva
3032 2753 3150 2793 voce
3169 2737 3396 2792 Andrea:

2301 2816 2687 2885 archiepiscopi
2709 2812 2904 2870 Crete.

1893 3000 2034 3056 Sunt
2080 2998 2187 3055 fide
2220 2998 2403 3069 digna,
2452 2998 2500 3053 si
2543 3011 2654 3069 qua
2691 3010 2880 3051 revera
2913 2992 3101 3047 divina
3145 2995 3274 3045 sunt
3332 3002 3396 3040 ac

1821 3092 2140 3149 hominibus
2194 3091 2588 3146 conducibilia.
2630 3087 2914 3158 Ejusmodi
2950 3093 3135 3139 autem
3170 3096 3294 3146 res,
3326 3094 3396 3133 ex

137 3159 214 3259 ὡς
238 3162 269 3213 ό
303 3161 449 3259 θεῖος
472 3166 722 3236 χρησμός
742 3184 757 3198 ’
783 3169 921 3243 ἀκοὴ
976 3174 1104 3245 γὰρ,
1139 3176 1229 3231 διά
1259 3179 1419 3249 λόγου
1443 3198 1457 3214 ο
1482 3183 1639 3253 λόγος
1663 3187 1719 3241 δὲ

1827 3184 2011 3239 auditu
2045 3183 2347 3259 creduntur
2369 3222 2383 3247 ,
2416 3179 2879 3252 quemadmodum
2933 3177 3095 3232 habet
3147 3173 3395 3228 divinum

139 3253 366 3318 πάντως
380 3256 598 3347 εἰπεῖν,
627 3258 689 3325 ἐξ
718 3260 928 3334 ἀγαθῆς
955 3270 1329 3339 προαιρέσεως
1375 3277 1719 3347 προερχόμε-

134 3363 247 3438 νος,
280 3347 351 3438 δι’
372 3343 440 3421 ἦς
468 3350 496 3402 ὁ
522 3352 715 3421 μισθὸς
759 3359 875 3421 τοῖς
904 3358 980 3428 μὴ
1047 3361 1277 3434 νωθροῖς
1305 3343 1717 3438 εὑρισκομένοις

132 3437 193 3487 ὲν
237 3437 493 3509 οὐρανοῖς
533 3444 850 3502 ἀπόκειται.
901 3450 1110 3504 Οὐκοῦν
1168 3455 1357 3528 ἐπειδὴ
1415 3459 1509 3512 καὶ
1537 3437 1718 3528 λόγος

132 3530 293 3596 ἡμᾶς
322 3530 380 3582 ἐν
395 3535 461 3603 τῇ
481 3534 676 3607 ἀγήρῳ
709 3539 1083 3610 προτρέπεται
1112 3541 1287 3614 χώρᾳ,
1309 3546 1447 3617 πρὸς
1482 3548 1718 3602 ἀπόλαυ-

134 3636 223 3671 σιν
252 3621 481 3688 ἀγαθῶν
516 3627 610 3679 καὶ
641 3627 798 3692 δόξαν
832 3630 891 3682 ὲν
917 3630 1039 3702 Θεῷ
1059 3632 1125 3697 ’⁸,
1164 3634 1303 3703 μετὰ
1323 3635 1528 3707 πολλῆς
1553 3626 1715 3709 ἄκρι-

130 3711 296 3774 6είας
316 3714 385 3767 τὰ
414 3715 566 3787 χείλη
596 3720 940 3791 κινήσαντες,
975 3722 1162 3777 τοῦτον
1190 3725 1265 3799 ῶς
1286 3727 1448 3797 χρέος
1473 3730 1714 3802 προσθή-

134 3818 327 3869 σωμεν
356 3819 369 3832 ⁸
412 3806 479 3858 ἵν’
504 3808 565 3860 ού
593 3809 754 3878 μόνον
799 3813 960 3882 ἡμεῖς
1014 3814 1252 3886 ἀμοιϐὴν
1292 3817 1436 3891 ὑπὲρ
1462 3820 1555 3873 τοῦ
1582 3821 1711 3885 ἴσως

132 3895 527 3969 κατάσχωμεν,
584 3901 723 3957 ἀλλά
761 3903 856 3958 καὶ
882 3905 1044 3960 πλέον
1073 3905 1217 3978 ὑπὲρ
1242 3907 1396 3967 ὢν¹⁶.
1434 3914 1593 3978 ,Ἐπεὶ
1617 3918 1712 3969 καὶ

131 3988 328 4042 τούτου
356 3991 518 4063 χάριν
542 3993 934 4066 διαγράφονται
964 3999 1143 4053 πάντα
1159 3976 1272 4066 ’.ὡς
1298 4003 1386 4057 διὰ
1407 3976 1505 4076 τῆς
1530 4011 1712 4063 τοιαύ-

130 4096 239 4151 της
259 4080 451 4137 λοιπὸν
492 4086 834 4158 ἀκροάσεως,
871 4088 1131 4157 πολλάκις
1162 4094 1308 4159 τινὲς
1330 4095 1419 4150 τὸν
1457 4096 1569 4152 ἴσον
1596 4100 1709 4170 βίον

1820 3276 2104 3331 oraculum
2136 3291 2150 3328 :
2182 3273 2316 3328 fides
2342 3274 2512 3337 enim,
2542 3287 2640 3341 per
2681 3283 3038 3334 sermonem;
3073 3279 3256 3322 sermo
3299 3279 3398 3318 att-

1822 3376 1952 3430 tem,
1989 3373 2047 3420 ut
2085 3364 2161 3418 ita
2192 3364 2421 3417 omnino
2452 3362 2658 3425 dicam,
2686 3377 2752 3415 ex
2784 3360 2927 3416 bona
2952 3357 3235 3412 voluntate
3265 3370 3393 3425 pro-

1819 3457 1998 3525 cedit;
2027 3470 2157 3525 qna,
2190 3453 2260 3510 iis
2289 3453 2382 3523 qui
2418 3468 2530 3506 non
2576 3451 2785 3505 fuerint
2835 3447 3163 3518 deprehensi
3198 3460 3395 3513 segnes

1820 3548 2062 3619 reposita
2106 3552 2191 3602 est
2223 3559 2440 3600 merces
2471 3544 2525 3598 in
2576 3543 2755 3598 caelis.
2802 3541 3072 3609 Quoniam
3122 3538 3291 3607 igitur
3342 3544 3397 3590 et

1821 3653 2005 3696 sermo
2037 3639 2104 3693 ad
2133 3637 2411 3708 regionem
2437 3650 2537 3689 nos
2569 3633 2963 3696 immortalem,
3008 3631 3396 3699 bonorumque

1818 3731 2165 3795 fruitionem,
2211 3745 2277 3784 ac
2324 3730 2566 3784 divinam
2617 3725 2850 3796 gloriam
2910 3723 3183 3795 impellit.
3241 3722 3393 3776 onmi

1820 3823 2106 3894 diligentia
2158 3829 2448 3878 moventes
2477 3820 2620 3874 labia
2647 3860 2662 3886 ,
2696 3819 2870 3873 hocce
2910 3814 3191 3872 sermonis
3221 3812 3390 3868 debiti

1822 3926 2035 3989 partem
2068 3915 2399 3987 adjiciamus
2430 3933 2443 3971 :
2482 3922 2543 3969 ut
2570 3929 2680 3968 non
2705 3912 2883 3969 solum
2920 3909 3025 3979 ipsi
3059 3923 3270 3977 aequam
3305 3922 3390 3962 re-

1818 4008 2091 4081 cipiamus
2125 4007 2456 4073 mercedem,
2493 4005 2589 4063 sed
2626 4012 2680 4061 et
2709 4004 2895 4074 plures
2924 4000 3151 4070 majoris
3187 3997 3392 4068 aliquid

1818 4101 2176 4158 emolumenti
2207 4100 2513 4172 percipiant
2542 4097 2675 4170 (88).
2712 4095 2852 4152 Nam
2904 4102 2960 4151 et
3002 4108 3066 4150 ea
3108 4092 3175 4149 de
3225 4105 3391 4147 causa

1398 4247 1632 4306 VARI/E
1656 4252 2061 4312 LECTIONES.

207 4356 250 4387 ⁸⁸
281 4353 479 4410 ἔνθεοι.
509 4420 515 4425 ,
590 4357 635 4388 ¹⁶
658 4356 785 4427 Leg.
818 4360 1000 4414 πλεῖον
1037 4360 1416 4434 ὑπερώναντο.

1374 4480 1762 4538 COMBEFISII
1803 4482 2034 4543 NOTAE.

199 4572 318 4640 (87)
346 4570 787 4650 Sonattitulus,
831 4590 936 4628 non
967 4575 1262 4641 Andream,
1298 4576 1547 4650 sedejus
1581 4585 1703 4634 stu-
1738 4586 1780 4641 ι)
1813 4583 1953 4650 rint;
1984 4598 2053 4639 eo
2082 4581 2247 4637 modo
2270 4594 2383 4649 quo
2423 4577 2604 4650 illeuin
2665 4574 2880 4650 Iaudem
2915 4574 3154 4650 Georgii,
3181 4594 3244 4631 ex
3279 4580 3383 4635 fide

123 4642 377 4718 diosum,
409 4641 559 4694 velut
583 4642 651 4695 ab
672 4643 793 4718 ejus
822 4660 917 4718 ore
956 4641 1543 4718 agteptumxdidisse;
1569 4664 1704 4718 quo-

122 4714 293 4786 modo
325 4720 549 4786 ειειιῃιι
593 4713 849 4786 _qu_:edam
899 4715 952 4767 in
992 4715 1130 4786 ΨΜ.
1197 4716 1291 4772 Gr.
1347 4718 1479 4771 ’Λπὸ
1515 4713 1702 4786 φωνῆς

120 4780 501 4857 ᾼαμασκηνοῢ
527 4799 542 4813 ·
593 4782 877 4857 habeoque
905 4800 968 4837 cx
1020 4783 1209 4857 Regiis
1241 4780 1700 4857 codicibtts'quze;

119 4849 426 4925 ρτιιήᾊτῲ
477 4851 663 4925 φωνξής
706 4849 983 4925 Θεοδώρου
1045 4854 1210 4925 assa,
1267 4872 1387 4925 quae
1445 4849 1702 4912 videntur

121 4920 351 4976 Leontii
377 4920 686 4989 Byzantini,
719 4920 1072 4989 cujus‘etiam
1106 4920 1574 4981 fuerit'iuculenta
1607 4928 1699 4981 illa

116 4994 309 5067 oratio
332 4992 391 5045 in
436 4989 665 5067 Mediam
719 4989 1117 5067 Pentecostem,
1155 4994 1351 5067 iis_dem
1387 4995 1574 5067 Regiis
1606 5011 1703 5067 co-

115 5062 354 5116 dicibus
383 5061 604 5132 nomine
632 5059 844 5115 Leontii
870 5063 1169 5132 presbyteri
1202 5059 1496 5119 Constant:
1516 5066 1703 5121 Codex

115 5132 270 5202 satis
297 5131 625 5202 mendosus,
644 5131 1250 5202 quanquamantiquns.
1273 5132 1368 5189 Est
1392 5149 1499 5188 non
1524 5136 1704 5192 minus

114 5199 418 5275 laudando
440 5200 687 5275 Patapio,
716 5199 879 5275 quam
913 5199 1236 5275 illustrando
1261 5205 1507 5268 Andreae,
1539 5220 1700 5275 quem

113 5271 200 5326 ita
232 5270 386 5326 Deus
433 5269 815 5327 sollicitaverit
874 5272 940 5325 ad
979 5281 1293 5327 sanctorum
1347 5269 1704 5331 celebrandas
1746 5283 1748 5285 ’

115 5341 368 5412 laudes,
407 5342 560 5396 velut
596 5340 725 5395 olim
752 5340 1137 5412 Hieronymum
1173 5353 1416 5397 nostrum
1456 5344 1521 5397 ad
1559 5344 1705 5401 Scri-

111 5420 314 5481 ptura?
357 5411 667 5483 lectionem,
700 5409 1010 5483 quemjejus
1035 5426 1327 5466 maximum
1353 5415 1705 5483 interpretem

118 5479 485 5552 delegisset.
513 5479 604 5535 Sic
657 5492 807 5552 certe
854 5480 1102 5536 Andreas
1147 5485 1455 5552 praecipuus
1500 5479 1610 5537 fuit
1651 5484 1704 5537 in

118 5550 524 5607 declamandis
574 5550 811 5607 maxime
862 5553 1201 5609 exornativis
1243 5550 1612 5615 sermonibus,
1650 5561 1707 5607 ut

119 5621 217 5693 γει
251 5620 550 5693 ipsi,_quos
582 5634 791 5693 paucos
810 5619 1004 5693 damus
1022 5635 1087 5693 ex
1112 5622 1275 5693 Regia
1300 5636 1432 5692 gaza
1452 5621 1703 5691 probant.

114 5688 244 5744 Nec
274 5688 510 5745 dubium
542 5688 833 5745 cistareiu
867 5688 1219 5748 Bibliothecis
1257 5688 1400 5748 aliis.
1435 5688 1540 5746 non
1564 5708 1702 5748 nau-

116 5775 228 5815 cos
256 5759 436 5831 alios;
474 5761 891 5831 maximamque
934 5768 1165 5829 partem,
1213 5777 1353 5831 quos
1388 5759 1700 5831 Mclaphra-

110 5838 245 5887 stes
276 5829 616 5895 ἀδεσπότους
641 5829 824 5899 habet,
848 5830 1094 5903 nttlliquc
1118 5829 1406 5904 ascriptos,
1438 5829 1557 5904 ejus
1580 5832 1697 5887 fuc-

1812 4644 1964 4723 Regi’i
2001 4652 2211 4723 codicis
2245 4644 2349 4720 ipsi
2405 4647 2737 4723 vindicatus.
2793 4644 3091 4723 Exordiunj
3136 4662 3383 4720 magnam

1810 4714 2281 4777 habetutilitateni
2318 4729 2519 4785 :atque
2582 4717 2803 4785 utinam
2848 4714 2953 4769 sibi
2988 4714 3387 4784 quisque‘scri-

1808 4799 1959 4859 ptum
1983 4792 2300 4860 editumque
2354 4783 2671 4857 arripuerit,
2709 4783 3024 4860 videritque
3056 4783 3166 4860 quo
3216 4795 3389 4860 possit

1808 4855 2066 4916 exercere
2112 4855 2411 4921 talentum,
2465 4855 2630 4927 atque
2670 4855 2877 4924 aliquid
2913 4855 3115 4927 inferre
3142 4855 3387 4914 in'lucra

1813 4930 2061 4997 Domini!
2098 4929 2351 4999 Magnum
2367 4935 2523 4999 certe
2543 4926 2603 4999 et
2623 4941 2724 4999 ego
2749 4941 2871 4999 cum
2897 4926 3116 4982 Andrea
3152 4929 3389 4983 arbitror

1811 4994 2089 5068 plerisque
2130 4994 2368 5054 maxime
2394 4997 2636 5068 clericis,
2672 4994 2777 5051 hac
2822 4994 2877 5050 in
2915 5005 3384 5068 parte,_creatutn

1849 5066 2115 5125 ericulum
2142 5108 2157 5133 ,
2193 5069 2393 5138 quibus
2432 5069 2515 5123 sic
2550 5067 2757 5122 infossa
2789 5075 3046 5138 maneant
3077 5066 3383 5137 obrutaque

1849 5084 2115 5125 ertcutum
2142 5108 2157 5133 ,
2193 5084 2393 5138 quibus
2432 5084 2515 5123 Slc
2550 5084 2757 5122 ttuossa
2789 5084 3046 5121 maneant
3077 5084 3381 5137 onrutaque

1810 5084 2097 5195 Bominica
2149 5140 2376 5201 talenta,
2443 5153 2517 5194 ac
2555 5138 2821 5207 neglecta
2854 5135 3083 5207 fratrum
3116 5138 3268 5207 salus
3293 5154 3381 5191 rc-

1811 5208 2083 5284 fectioque
2121 5224 2275 5284 :_qua
2308 5207 2377 5284 de
2419 5208 2574 5284 rc_ad
2604 5204 2860 5284 ﬁmphil;
2881 5204 3118 5284 adducto
3141 5205 3382 5284 Chryso-

1810 5274 2009 5340 stomo:
2050 5274 2208 5334 titulo
2237 5278 2436 5334 melius
2479 5278 2665 5338 fuerit,
2713 5274 2769 5328 ut
2793 5274 2891 5342 τῷ,
2930 5274 3154 5335 τέλειον,
3180 5274 3384 5330 referat

1813 5348 1926 5417 βίον
1971 5349 2136 5404 vitam
2186 5348 2483 5418 perfectam
2547 5344 2777 5415 Patapii,
2820 5342 2979 5412 cujus
3019 5344 3090 5399 sit
3144 5344 3383 5400 laudatio

1812 5419 1946 5472 hac.

1886 5487 1996 5558 (88)
2030 5487 2219 5543 Plures
2247 5489 2468 5556 majoris
2496 5485 2697 5554 aliquid
2715 5483 3052 5538 emolumenti
3067 5485 3377 5558 percipiant.

1813 5555 1906 5612 Sic
1942 5555 2099 5614 nobis
2132 5555 2491 5613 formavimus
2529 5558 2789 5616 litteram,
2820 5564 3131 5619 nontamen
3159 5555 3381 5608 cumino

1816 5630 1872 5680 fit
1919 5630 2074 5689 satis.
2124 5629 2204 5691 τὸ,
2253 5629 2394 5699 ὑπὲρ
2451 5627 2569 5699 τοῦ,
2605 5625 2780 5699 fuerit
2832 5626 2977 5699 ἀντὶ,
3009 5625 3148 5695 ὑπὲρ
3173 5624 3377 5699 αύτῷ,

1813 5713 2006 5766 nempe
2046 5699 2228 5766 λόγου.
2285 5695 2376 5752 Διί
2424 5696 2654 5766 proinde
2676 5696 2780 5752 crit
2831 5695 2884 5749 in
2936 5695 3207 5765 sequenti,
3236 5695 3377 5766 ὑπὲρ

1809 5760 1903 5840 ᾧ),
1930 5760 2177 5825 oratione
2204 5768 2355 5823 hiatu
2384 5760 2634 5837 abrupta.
