3824 6212
162 384 292 453 1233

1442 392 1524 452 IN
1568 392 1628 452 S.
1664 388 2075 450 PATAPIUM.

3274 387 3408 453 1234

159 495 553 567 προσλαϐόντος
579 498 761 554 αὐτόν.
795 500 868 552 Τὸ
895 501 949 553 δὲ
974 502 1152 572 τίμιον
1185 502 1348 560 αὐτοῦ
1378 504 1472 556 καὶ
1494 502 1724 573 ἱερώτα-

1831 507 1884 553 et
1923 498 2143 555 laudent
2174 498 2271 570 qui
2308 514 2437 554 eum
2470 499 2889 570 assumpsissel.
2929 498 3061 569 Ejus
3090 514 3255 569 porro
3283 515 3407 569 pre—

157 602 246 640 τον
270 587 548 657 λείψανον,
578 590 628 641 οῖ
670 591 767 660 τῆς
807 592 968 658 ἁγίας
1013 594 1180 663 μονῆς
1220 596 1279 656 ἐς
1322 595 1516 648 ταυτὸν
1562 595 1727 665 ὁμόσε

157 678 453 748 γενόμενοι,
479 681 576 733 καὶ
623 682 681 733 ὲν
715 686 848 753 τιμῇ
874 685 967 737 καὶ
988 685 1115 756 δόξῃ
1144 684 1530 755 κηδεύσαντες,
1571 690 1629 740 ὲν
1651 688 1729 757 τῷ

157 771 268 840 ναῷ
300 771 394 825 τοῦ
422 772 581 840 ἁγίου
625 776 905 845 προφήτου
948 778 1262 849 Προδρόμου
1290 781 1383 833 καὶ
1423 780 1727 834 Βαπτιστοῢ

169 861 408 917 Ἰωάννου
448 864 769 919 κατέθεντοο
821 868 940 938 ἦτοι
992 869 1049 922 ἑν
1091 872 1158 941 τῇ
1200 870 1339 941 αὐτῇ
1389 871 1727 944 εύαγεστάτῃ

157 951 263 1003 τῶν
292 952 605 1021 Αἰγυπτίων
628 958 787 1026 μονῇ,
827 956 1063 1025 ψαλμοῖς
1095 960 1187 1012 καὶ
1232 959 1424 1030 ὕμνοις
1446 962 1540 1015 καὶ
1564 962 1727 1032 ᾠδαῖς

160 1046 549 1112 πνευματικαῖς
606 1047 1089 1117 προπεμψάμενοι,
1139 1050 1297 1114 δόξαν
1345 1069 1403 1104 τε
1454 1054 1550 1107 καὶ
1580 1046 1729 1107 αἶνον

156 1132 575 1219 ἀναπέμψαντες
610 1136 688 1207 τῷ
717 1141 817 1209 τῆς
860 1138 1009 1208 ζωῆς
1050 1141 1142 1195 καὶ
1181 1142 1413 1197 θανάτου
1451 1144 1553 1219 τὴν
1579 1145 1729 1213 ἐξου-

159 1240 184 1275 σ
196 1223 276 1276 ίαν
304 1223 503 1293 ἔχοντι.
864 1252 867 1254 ·

236 1397 424 1468 Ἡμεῖς
477 1397 591 1464 οὖν,
659 1403 956 1475 ἀγαπητοὶ,
1016 1408 1109 1460 ἐπὶ
1159 1409 1293 1461 πᾶσι
1325 1413 1436 1475 τοῖς
1484 1412 1727 1483 λεχθεῖσι

155 1488 244 1540 τὸν
284 1490 415 1544 Θεὸν
444 1492 877 1564 ἁνυμνήσαντες,
938 1499 1032 1551 καὶ
1070 1501 1192 1562 ταῖς
1217 1500 1330 1554 ἄνω
1362 1502 1471 1556 τῶν
1501 1505 1728 1560 δικαίων

160 1583 343 1650 μοναῖς
364 1583 456 1636 τὸν
485 1585 632 1639 ὅσιον
650 1585 842 1640 τοῦτον
877 1589 1098 1659 οἰκῆσαι
1119 1592 1538 1659 πιστεύσαντες,
1573 1598 1729 1652 αὐτοὶ

155 1674 292 1727 κατὰ
311 1673 423 1728 τῶν
452 1675 641 1731 παθῶν
659 1681 1058 1751 ἐνστησάμενοι
1087 1683 1375 1754 τρόπαιον,
1404 1688 1485 1751 είς
1511 1688 1603 1740 τὸν
1628 1693 1729 1762 τῆς

156 1767 421 1833 ἀπαθείας
473 1774 906 1844 καταντήσωμεν
952 1775 1184 1847 λιμένα*
1219 1778 1403 1832 ἐκεῖνα
1445 1783 1566 1851 μεθ’
1599 1784 1726 1838 ἑαυ-

152 1856 258 1909 τῶν
281 1861 755 1932 συνεισφέροντες,
791 1865 860 1919 τὰ
879 1866 964 1936 ἐφ’
991 1862 1070 1929 οἷς
1106 1868 1165 1921 τὸ
1206 1867 1363 1922 Θεϊον
1390 1858 1724 1940 ἀγάλλεσθαι

150 1948 398 2019 πέφυκεν
426 1969 441 1984 ο
480 1954 536 2006 ὲν
557 1946 603 2021 ᾧ
634 1957 727 2008 καὶ
753 1957 1058 2027 γενόμενοι,
1119 1963 1221 2033 τῆς
1252 1952 1390 2032 μετὰ
1418 1967 1527 2021 τῶν
1561 1968 1728 2033 ἀξίων

148 2039 363 2105 τελείας
407 2044 812 2110 καταπαύσεως
865 2048 1147 2120 τύχοιμεν,
1184 2053 1279 2105 καὶ
1305 2054 1416 2108 τῶν
1454 2058 1726 2127 ἐπηγγελ-

146 2129 333 2197 μένων
366 2131 610 2200 ἀγαθῶν,
638 2135 823 2207 χάριτι
860 2140 954 2190 καὶ
983 2140 1367 2214 φιλανθρωπίᾳ
1398 2146 1490 2200 τοῦ
1520 2150 1726 2218 Κυρίου

138 2220 308 2290 ἡμῶν
343 2223 520 2294 Ἰησοῦ
550 2226 810 2297 Χριστοῦ,
842 2228 964 2298 μεθ’
990 2223 1050 2285 οὗ
1084 2231 1162 2302 τῷ
1193 2224 1366 2305 Πατρὶ
1395 2239 1545 2291 πᾶσα
1578 2240 1724 2309 δόξα,

141 2316 304 2384 τιμὴ,
366 2317 593 2385 κράτος,
644 2319 994 2391 μεγαλοσύνη
1019 2340 1077 2375 τε
1111 2324 1206 2378 καὶ
1239 2327 1723 2400 μεγαλοπρέπεια,

141 2406 264 2475 ἅμα
293 2408 374 2478 τῷ
392 2408 534 2480 ἁγίῳ
565 2412 658 2464 καὶ
691 2412 941 2484 ζωοποιῷ
1004 2415 1307 2485 Πνεύματι,
1340 2417 1434 2472 νῦν
1482 2422 1578 2474 καὶ
1617 2423 1723 2491 ἀεὶ,

140 2499 240 2551 καὶ
274 2499 357 2563 είς
389 2501 518 2565 τοὺς
552 2502 756 2566 αῖῶνας
786 2503 893 2559 τῶν
920 2505 1155 2562 αἰώνων.
1208 2510 1403 2583 Ἀμήν,

773 2616 1130 2671 ΕΓΚΩΜΙΟΝ

146 2720 264 2797 Τὸν
310 2724 740 2797 βίον-δηλοῦν
778 2726 889 2797 τοῦ
928 2729 1229 2797 μαξεαρΙου
1286 2738 1599 2795 "utan/Iov
1630 2745 1725 2797 τέ-

215 2794 579 2933 ὶέἒιὲζῆςαπὸ
631 2795 838 2867 φωνῆς
904 2794 1187 2865 Ἀνδρέου
1244 2794 1725 2876 ἀρχιεπισκόπου

216 2975 405 3031 Πάντα
436 2978 719 3035 πιστεύειν
737 2981 888 3050 ἄξιον
917 2988 986 3040 τὰ
1011 2989 1180 3056 ὅντως
1212 2993 1335 3049 θεῖα
1364 2996 1457 3050 καὶ
1512 2998 1725 3070 ἀνθρὼ-

138 3081 274 3130 ποις
293 3071 661 3140 συμφέροντα.
688 3075 1011 3134 Πιστεύεται
1032 3081 1089 3135 δὲ
1114 3084 1183 3138 δι’
1202 3086 1373 3155 ἀκοῆς
1388 3090 1457 3142 τὰ
1475 3090 1720 3156 τοιαῦτα,

1830 593 2007 648 tiosas
2058 591 2593 662 sacratissimasque
2656 594 2941 664 reliquias,
3007 593 3407 649 convenientes

1828 680 2051 757 pariter
2085 682 2233 739 sacri
2267 681 2421 738 illius
2461 684 2786 738 monasterii
2807 683 2937 748 viri,
2982 683 3294 737 honorabili
3342 696 3407 735 ac

1828 777 2077 847 glorioso
2109 774 2306 831 funere
2357 781 2782 845 prosequentes,
2822 774 2879 829 in
2909 773 3088 829 sancti
3126 773 3407 845 prophetae

1833 868 2202 924 Praecursoris
2228 866 2601 938 Baptistaaque
2626 864 2863 922 Joannis
2910 867 3028 921 asde
3069 881 3229 921 sacra
3252 906 3267 931 ,
3303 865 3407 919 hoc

1829 970 1935 1028 est,
1964 961 2023 1016 in
2054 959 2253 1017 eodem
2288 960 2412 1029 ipso
2449 957 2804 1013 sanctissimo
2859 952 3245 1030 Egyptiorum
3287 973 3405 1009 mo-

1832 1052 2097 1117 nasterio,
2113 1050 2346 1121 psalmis
2362 1057 2416 1105 et
2433 1050 2677 1121 hymnis,
2693 1048 3042 1118 canticisque
3062 1048 3407 1118 spiritalibus

1832 1142 2228 1216 praeeuntibus,
2267 1143 2674 1212 deposuerunt,
2713 1138 2942 1211 gloriam
2992 1148 3048 1193 et
3101 1138 3317 1193 laudem
3355 1140 3404 1193 ei

1830 1235 2218 1292 submittentes
2258 1274 2272 1298 ,
2338 1233 2433 1304 qui
2495 1231 2663 1287 habet
2739 1236 3073 1300 potestatem
3155 1230 3283 1283 vita:
3353 1241 3408 1283 et

1831 1327 2045 1383 mortis.

1896 1418 2010 1475 Nos
2046 1419 2237 1489 igitur,
2267 1419 2479 1484 dilecti,
2527 1419 2585 1473 in
2614 1418 2880 1473 omnibus
2913 1415 3081 1473 dictis
3118 1414 3407 1470 laudantes

1829 1514 2024 1580 Deum,
2081 1513 2248 1579 dicta,
2311 1519 2680 1583 sanctumque
2735 1512 2902 1568 istum
2961 1510 3019 1565 in
3088 1507 3407 1565 coelestibus

1824 1606 2106 1677 iustorum
2139 1605 2529 1660 mansionibus
2555 1603 2811 1659 habitare
2846 1603 3168 1667 credentes,
3219 1608 3407 1656 erecto

1830 1698 2102 1754 adversus
2136 1696 2272 1751 vitia
2309 1694 2591 1764 animique
2610 1694 3064 1765 perturbationes
3096 1701 3323 1761 tropaeo,
3350 1691 3404 1743 in

1754 1795 2053 1891 Bportum
2114 1800 2371 1842 securum
2453 1792 2507 1839 et
2563 1799 2594 1838 a
2653 1781 3166 1853 perturbationibus
3226 1787 3404 1832 tutum

1829 1894 2238 1943 occurramus;
2296 1894 2361 1934 ea
2415 1876 2769 1932 conferentes
2822 1876 3148 1939 nobiscum,
3202 1872 3406 1942 quibus

1828 1973 1973 2030 Deus
1997 1971 2258 2028 delectari
2290 1970 2431 2027 solet
2459 1988 2473 2025 :
2510 1972 2562 2024 in
2596 1985 2707 2041 quo
2739 1970 2907 2025 etiam
2936 1972 3401 2027 consummatam,

1827 2081 1953 2122 cum
1984 2066 2053 2122 iis
2084 2066 2179 2137 qui
2212 2065 2366 2135 digni
2411 2070 2565 2129 sunt,
2600 2065 2846 2134 requiem
2881 2062 3314 2131 consequamur,
3340 2073 3404 2111 ac

1826 2159 2103 2230 promissa
2126 2159 2271 2213 bona
2304 2175 2317 2212 :
2350 2156 2528 2227 gratia
2554 2157 2962 2224 clementiaque
2988 2149 3205 2206 Domini
3227 2146 3403 2203 nostri

1826 2251 1955 2309 Jesu
1986 2252 2192 2308 Christi
2229 2292 2246 2319 ,
2273 2266 2397 2306 eum
2428 2266 2541 2322 quo
2592 2249 2741 2304 Patri
2774 2246 2960 2304 omnis
3001 2243 3216 2325 gloria“,
3247 2249 3404 2312 pote-
3490 2255 3502 2276 κ

1828 2353 1966 2411 stas,
2000 2343 2434 2414 magnificentia,
2476 2358 2541 2397 ac
2576 2341 2773 2404 decor,
2814 2353 2924 2393 una
2962 2350 3089 2392 cum
3125 2340 3318 2390 sancto
3350 2339 3406 2387 et

1826 2436 2049 2492 vivitico
2087 2436 2322 2507 Spiritu,
2353 2449 2502 2490 nunc
2536 2442 2591 2490 et
2620 2447 2861 2503 semper,
2887 2439 2940 2487 et
2973 2430 3028 2484 in
3075 2426 3274 2484 saecula
3301 2437 3404 2479 ειε-

1827 2527 2100 2583 culorum.
2126 2527 2319 2581 Amen.

2338 2633 2699 2692 ENCOMIUM
2725 2633 2839 2705 (87)

1828 2748 1943 2814 Quo
1976 2747 2286 2802 declaratur
2311 2746 2420 2800 vita
2441 2743 2581 2798 beati
2616 2742 2860 2814 Patapii,
2895 2741 3008 2794 viva
3037 2752 3155 2792 voce
3173 2737 3401 2791 Andrea:

2306 2814 2691 2884 archiepiscopi
2714 2811 2909 2868 Cretae.

1898 2999 2038 3054 Sunt
2085 2997 2191 3054 fide
2225 2997 2408 3068 digna,
2457 2997 2505 3052 si
2548 3010 2659 3067 qua
2696 3009 2884 3050 revera
2918 2991 3105 3046 divina
3149 2994 3280 3043 sunt
3337 3000 3401 3039 ac

1825 3091 2144 3148 hominibus
2199 3090 2594 3145 conducibilia.
2635 3086 2919 3157 Ejusmodi
2954 3092 3140 3138 autem
3174 3095 3298 3144 res,
3331 3093 3401 3132 ex

141 3158 217 3258 ὡς
243 3161 274 3212 ό
308 3160 453 3258 θεῖος
476 3166 726 3235 χρησμός
747 3183 762 3197 ’
788 3168 926 3242 ἀκοὴ
981 3173 1109 3243 γὰρ,
1144 3176 1233 3230 διὰ
1264 3178 1424 3248 λόγου
1447 3197 1462 3212 °
1486 3182 1644 3252 λόγος
1668 3186 1724 3240 δὲ

1831 3183 2016 3238 auditu
2049 3181 2352 3258 creduntur
2374 3221 2388 3246 ,
2421 3178 2884 3251 quemadmodum
2938 3176 3099 3230 habet
3151 3171 3400 3227 divinum

143 3253 370 3317 πάντως
385 3255 602 3346 μεξπεῖν,
631 3258 694 3324 ἐξ
722 3259 933 3333 ἀγαθῆς
959 3269 1333 3338 προαιρέσεως
1380 3276 1723 3346 προερχόμε-

140 3362 252 3437 νος,
285 3346 356 3437 δι’
377 3342 445 3419 ἦς
473 3349 501 3401 ό
526 3351 719 3421 μισθὸς
763 3357 880 3420 τοῖς
910 3357 985 3428 μὴ
1052 3361 1281 3433 νωθροῖς
1309 3342 1722 3437 εὑρισκομένοις

136 3436 198 3487 ὲν
242 3436 497 3508 οὐρανοῖς
538 3442 856 3501 ἀπόκειται.
905 3449 1115 3504 Οὐκοῦν
1173 3455 1362 3527 ἐπειδὴ
1420 3458 1514 3511 καὶ
1540 3436 1723 3528 Ῠλόγος

136 3529 297 3595 ἡμᾶς
326 3529 385 3581 ἐν
400 3534 466 3602 τῇ
485 3533 680 3606 ἀγήρῳ
713 3538 1089 3609 προτρέπεται
1116 3540 1291 3614 χώρᾳ,
1314 3545 1452 3616 πρὸς
1487 3547 1723 3601 ἀπόλαυε

139 3635 227 3670 σιν
257 3620 486 3688 ἀγαθῶν
520 3626 614 3678 καὶ
646 3626 803 3691 δόξαν
837 3629 895 3681 ὲν
923 3630 1044 3701 Θεῷ
1065 3631 1130 3695 ⁸⁵,
1169 3633 1307 3702 μετὰ
1328 3634 1533 3706 πολλῆς
1558 3638 1720 3709 ἀκρι-

135 3710 301 3773 ϐείας
322 3712 390 3766 τὰ
419 3714 570 3786 χείλη
600 3719 945 3789 κινήσαντες,
980 3722 1167 3776 τοῦτον
1195 3724 1270 3799 ᾡς
1291 3726 1453 3796 χρέος
1477 3729 1718 3802 προσθή-

139 3818 333 3868 σωμεν
360 3819 374 3832 ⁸
416 3806 485 3857 ἵν’
509 3807 569 3860 ού
599 3808 759 3878 μόνον
803 3813 966 3880 ἡμεῖς
1020 3813 1257 3886 ἀμοιϐὴν
1296 3816 1441 3890 ὑπὲρ
1466 3819 1559 3873 τοῦ
1587 3820 1716 3884 ἴσως

136 3894 532 3969 κατάσχωμεν,
590 3900 727 3956 ἀλλὰ
766 3903 861 3957 καὶ
887 3904 1049 3959 πλέον
1078 3904 1221 3977 ὑπὲρ
1246 3906 1401 3967 div".
1437 3913 1597 3985 _’Erral
1622 3917 1717 3969 καὶ

136 3987 332 4041 τούτου
360 3990 524 4062 χάριν
547 3992 939 4065 διαγράφονται
969 3998 1147 4052 πάντα
1164 4017 1178 4032 ο
1201 4001 1278 4066 ὡς
1303 4002 1390 4057 διὰ
1412 4005 1509 4075 τῆς
1535 4010 1717 4062 τοιαύ-

133 4096 243 4150 της
264 4080 457 4136 λοιπὸν
497 4085 839 4157 ἀκροάσεως,
875 4088 1136 4156 πολλάκις
1167 4093 1313 4158 τινὲς
1334 4095 1424 4149 τὸν
1461 4095 1574 4151 ἴσον
1601 4099 1714 4169 βίον

1825 3274 2109 3331 oraculum
2141 3291 2154 3326 :
2187 3272 2320 3327 fides
2347 3273 2517 3335 enim,
2547 3286 2645 3340 per
2687 3282 3043 3333 sermonem;
3078 3278 3261 3321 sermo
3304 3278 3403 3317 au-

1827 3375 1957 3428 tem,
1994 3372 2052 3418 ut
2089 3363 2166 3416 ita
2197 3363 2426 3416 omnino
2457 3361 2663 3424 dicam,
2691 3375 2758 3414 ex
2790 3360 2932 3414 bona
2957 3356 3239 3411 voluntate
3270 3369 3398 3425 pro-

1824 3456 2003 3523 cedit;
2031 3469 2162 3524 qua,
2195 3452 2265 3508 iis
2294 3452 2388 3522 qui
2423 3467 2535 3505 non
2582 3450 2791 3504 fuerint
2841 3446 3167 3517 deprehensi
3202 3460 3399 3512 segnes

1825 3548 2068 3618 reposita
2111 3552 2196 3601 est
2228 3558 2446 3599 merces
2477 3543 2530 3596 in
2581 3542 2760 3598 coelis.
2808 3540 3077 3608 Quoniam
3127 3537 3295 3606 igitur
3347 3543 3401 3590 et

1825 3653 2010 3695 sermo
2042 3638 2109 3692 ad
2138 3636 2416 3707 regionem
2443 3649 2542 3688 nos
2574 3632 2968 3694 immortalem,
3012 3630 3401 3697 bonorumque

1823 3730 2169 3794 fruitionem,
2217 3744 2282 3783 ac
2329 3728 2572 3783 divinam
2623 3724 2855 3796 gloriam
2915 3722 3187 3793 impellit.
3245 3721 3397 3774 omni

1825 3823 2112 3893 diligentia
2163 3828 2454 3877 moventes
2484 3819 2626 3873 labia
2653 3859 2667 3884 ,
2702 3818 2875 3873 hocce
2915 3813 3195 3870 sermonis
3226 3811 3394 3866 debiti

1826 3925 2040 3988 partem
2073 3915 2405 3986 adjiciamus
2435 3932 2449 3969 :
2487 3920 2549 3968 ut
2576 3928 2686 3967 non
2711 3910 2888 3968 solum
2925 3908 3029 3977 ipsi
3064 3922 3275 3976 aequam
3309 3921 3396 3961 rc-

1822 4008 2097 4080 cipiamus
2130 4006 2461 4073 mercedem,
2499 4004 2595 4061 sed
2631 4011 2686 4059 et
2715 4003 2901 4073 plures
2929 3998 3156 4068 majoris
3192 3996 3395 4067 aliquid

1823 4100 2181 4157 emolumenti
2213 4099 2519 4171 percipiant
2548 4096 2682 4169 (88).
2718 4093 2858 4150 Nam
2909 4100 2965 4149 et
3007 4106 3071 4148 ea
3113 4090 3180 4147 de
3230 4104 3394 4147 causa

1403 4246 1638 4305 VARUE
1662 4251 2067 4311 LECTIONES.

210 4355 254 4387 ⁸⁸
286 4352 484 4409 ἔνθεοι.
516 4420 520 4425 _
596 4356 640 4387 ⁸³
663 4356 790 4426 Leg.
823 4358 1004 4413 πλεῖον
1041 4360 1420 4433 ὁπερώναντο.

1378 4479 1768 4537 COMBEFISH
1808 4480 2039 4541 NOTAE.

204 4571 323 4639 (87)
351 4569 527 4648 Sonat
551 4647 554 4648 ν
579 4571 792 4648 titulus,
837 4589 941 4627 non
972 4574 1266 4640 Andream,
1302 4575 1552 4648 sedejus
1586 4584 1707 4634 stu-
1743 4584 1785 4640 D
1817 4582 1958 4648 rint;
1990 4597 2058 4637 eo
2088 4580 2253 4636 modo
2276 4593 2389 4648 quo
2428 4576 2608 4648 illenin
2670 4574 2884 4648 laudem
2921 4572 3159 4648 Georgii,
3187 4592 3250 4630 ex
3274 4579 3388 4635 fide.

128 4642 382 4717 diosum,
414 4640 563 4694 velut
588 4641 656 4694 ab
676 4642 798 4717 ejus
827 4658 922 4717 ore
960 4640 1548 4717 agtepturn,edidisge;
1573 4664 1710 4717 quo-

127 4713 299 4785 modo
330 4719 553 4785 exstayt
597 4712 854 4785 _qn_:edam
903 4714 957 4766 in
996 4713 1135 4785 ijl.
1202 4715 1296 4771 Gr.
1351 4716 1483 4770 Ἀπὸ
1519 4712 1707 4785 φωνῆς

125 4779 506 4856 ᾼαμασκηνοῦ
531 4799 547 4813 ο
597 4781 882 4856 habeoque
910 4800 973 4837 ex
1025 4782 1213 4856 Regiis
1246 4779 1705 4856 codicibns'qum;

124 4849 258 4924 dam
287 4850 430 4924 ’51:)
481 4850 667 4924 φωνῇς
710 4849 988 4924 Θεοδώρου
1050 4854 1215 4924 acea,
1271 4871 1392 4924 quae
1449 4849 1707 4911 videntur

127 4920 356 4975 Leontii
383 4921 691 4989 Byzantini,
724 4920 1076 4989 cujus’etiam
1111 4920 1579 4980 fuerit'lucnlenta
1612 4927 1704 4980 illa

121 4991 397 5066 oratinin
441 4989 671 5066 Mediam
723 4989 1122 5066 Pentecostem,
1160 4993 1355 5066 iisdem
1392 4995 1579 5066 Regiis
1612 5010 1708 5066 co-

120 5062 360 5115 dicibus
389 5061 609 5132 nomine
637 5059 848 5115 Leontii
876 5062 1173 5132 presbyteri
1207 5059 1500 5119 Constant:
1521 5064 1707 5121 Codex

120 5132 275 5185 satis
303 5130 630 5201 mendosus,
648 5130 1254 5201 quanquamantiquns.
1276 5132 1373 5189 Est
1397 5148 1503 5187 non
1528 5134 1709 5191 minus

118 5198 423 5273 laudando
445 5198 692 5273 Patapio’,
721 5198 884 5273 quam
917 5198 1240 5273 illustrando
1265 5203 1511 5267 Andreae,
1543 5219 1706 5273 quem

118 5271 205 5325 ita
237 5269 391 5325 Deus
438 5269 820 5326 sollicitaverit
879 5271 945 5324 ad
983 5280 1299 5326 sanctorum
1351 5269 1709 5330 celebrandas

120 5340 361 5403 laudes,
413 5341 564 5395 velut
601 5339 730 5394 olim
756 5339 1142 5410 Hieronymum
1177 5352 1420 5396 nostrum
1460 5343 1526 5396 ad
1563 5343 1710 5399 Scri-

118 5419 319 5479 ptura:
363 5410 672 5481 lectionem,
705 5424 864 5478 quem
895 5409 1015 5481 ejus
1039 5426 1332 5465 maximum
1357 5413 1710 5481 interpretem

124 5478 610 5551 delegissetasic
662 5491 811 5551 certe
858 5480 1106 5535 Andreas
1152 5484 1459 5551 praecipuus
1504 5478 1614 5537 fuit
1656 5483 1710 5536 in

124 5549 530 5605 declamandis
580 5549 815 5605 maxime
866 5552 1206 5607 exornativis
1247 5549 1616 5614 sermonibus.
1654 5560 1712 5606 ut

124 5620 222 5692 γει
257 5619 556 5692 ipsi,_quos
587 5633 796 5692 paucos
814 5618 1009 5692 damus
1027 5634 1093 5692 ert
1116 5621 1280 5692 Regia
1305 5635 1437 5690 gaza
1456 5620 1708 5691 probant.

121 5687 250 5743 Nec
280 5687 515 5760 dubium
548 5690 837 5745 exstarein
872 5687 1224 5747 Bibliothecis
1262 5687 1405 5747 aliis.
1439 5687 1544 5745 rion
1567 5706 1708 5760 pau-

121 5774 233 5814 cos
263 5758 441 5831 alios;
479 5761 895 5831 maximamque
932 5767 1170 5831 partem,
1218 5777 1358 5830 quos
1394 5758 1705 5831 Metaphra-

116 5837 251 5886 stes
282 5828 622 5894 ἀδεσπότους
646 5828 829 5898 habet,
853 5829 1098 5902 nullique
1123 5828 1411 5903 ascriptos,
1442 5828 1561 5903 ejus
1584 5830 1702 5887 fuc-

1817 4643 1969 4722 Regi'i
2006 4651 2217 4722 codicis
2251 4643 2355 4718 ipsi
2410 4646 2741 4722 vindicatus.
2798 4643 3096 4722 Exordiunj
3140 4662 3388 4719 magnam

1815 4713 2287 4776 habetutilitateni
2324 4727 2524 4783 :atque
2587 4716 2806 4784 utinam,
2853 4713 2958 4768 sibi
2993 4713 3392 4784 quisque'scri-

1814 4798 1965 4857 ptum
1988 4791 2306 4859 editumque
2361 4786 2677 4856 arripuerit,
2713 4783 3030 4859 videritun
3061 4800 3171 4859 quo
3221 4795 3394 4859 possit

1813 4854 2071 4914 exercere
2118 4854 2418 4919 talentum,
2470 4854 2636 4925 atque
2675 4855 2883 4924 aliquid
2919 4854 3120 4925 inferre
3148 4856 3200 4910 in
3222 4854 3393 4913 lucra

1819 4929 2066 4996 Domini!
2103 4928 2358 4998 Magnum
2372 4933 2530 4998 certe
2549 4924 2609 4998 et
2629 4940 2730 4998 ego
2754 4941 2876 4998 cum
2904 4924 3121 4981 Andrea
3157 4928 3393 4983 arbitror

1816 4993 2094 5067 plerisque
2136 4993 2374 5053 maxime
2400 4995 2642 5067 clericis,
2677 4994 2782 5049 hac
2828 4993 2882 5049 in
2920 5004 3388 5067 parte,_creatunt

1855 5064 2120 5123 ericulum
2147 5107 2162 5131 ,
2198 5067 2399 5136 quibus
2438 5067 2520 5121 sic
2554 5065 2762 5120 infossa
2794 5073 3051 5136 maneant
3082 5064 3388 5135 obrutaque

1855 5083 2120 5123 ertculum
2147 5107 2162 5131 ,
2198 5083 2399 5136 (ιυιυυε
2438 5083 2520 5121 ειο
2554 5083 2762 5120 Inlossa
2794 5083 3051 5119 maneant
3082 5083 3386 5135 obrutaque

1815 5083 2102 5193 Bominica
2154 5139 2382 5199 talenta,
2449 5151 2521 5193 ac
2561 5136 2827 5205 neglecta
2860 5133 3089 5205 fratrum
3120 5136 3273 5205 salus
3298 5152 3386 5190 rc-

1816 5206 2088 5278 fectioqne
2127 5225 2139 5261 :
2174 5223 2281 5277 qua
2314 5205 2382 5278 de
2425 5205 2579 5278 read
2611 5202 2865 5278 Ᾱηιριιὶιζ
2888 5203 3123 5278 adducto
3145 5203 3387 5278 Chryso-

1815 5270 2023 5351 εξιοιιιοζΔ
2055 5270 2214 5332 titulo
2243 5276 2442 5351 melius
2484 5275 2670 5351 fuerit,
2720 5270 2775 5351 i_t_t
2799 5270 2911 5351 τῷη
2936 5272 3160 5351 τέλειον,
3185 5270 3388 5351 referat

1856 5348 1930 5401 ίον
1976 5348 2142 5403 vitam
2191 5347 2489 5417 perfectam
2552 5343 2784 5414 Patapii,
2826 5342 2985 5410 cujus
3024 5342 3096 5397 sit
3149 5342 3388 5399 laudatio

1836 5433 1950 5472 HEC.

1890 5486 2001 5559 (88)
2034 5486 2224 5559 Plures
2252 5488 2474 5559 majoris
2502 5484 2703 5559 aliquid
2721 5481 3383 5559 emolumentipercipiant.

1819 5555 1911 5611 Sic
1948 5555 2105 5612 nobis
2137 5557 2496 5612 formavimus
2535 5557 2796 5615 litteram,
2827 5563 3137 5617 nontamen
3165 5555 3386 5607 Omnino

1820 5630 1877 5679 fit
1924 5630 2080 5687 satis.
2130 5628 2210 5690 τὸ,
2258 5628 2400 5698 ὑπὲρ
2456 5626 2574 5698 τού,
2611 5624 2786 5698 fuerit
2839 5624 2983 5698 avri,
3015 5623 3154 5694 ὑπὲρ
3179 5623 3382 5698 αύτῷ,

1819 5712 2010 5765 nempe
2051 5698 2234 5765 λόγου.
2290 5694 2381 5751 Διί
2430 5695 2660 5765 proinde
2683 5695 2787 5752 crit
2838 5694 2890 5748 in
2942 5694 3213 5764 sequenti,
3242 5694 3395 5765 ὑπὲρ.

1814 5760 1909 5839 ὅτι,
1936 5760 2183 5823 oratione
2210 5767 2361 5822 hiatu
2390 5760 2640 5837 abrupta.
