3824 6212
424 324 559 391 12⁸39

1610 336 1669 399 S.
1704 338 1806 398 AN
1816 336 2035 397 DREZE
2073 338 2494 401 CRETENSIS

3462 346 3560 411 lil‘sl

420 444 529 490 cat.
569 434 726 492 Justa
765 451 932 507 porro
963 438 1335 496 damnationis
1366 455 1536 497 causa
1567 458 1630 498 ea
1648 455 1771 499 erat
1801 445 1971 499 :Ecce

2107 447 2369 514 εὐλόγως.
2400 448 2473 501 Τὸ
2502 448 2559 501 δὲ
2590 448 2683 518 τῆς
2711 448 3077 521 κατακρίσεως
3121 446 3321 516 εὔλογον
3350 448 3474 506 τοῦτο
3490 450 3557 524 ἦν·

420 527 619 598 inquit,
659 527 864 585 fratres
886 569 900 594 ,
947 531 1103 586 vobis
1135 535 1416 597 omnibus,
1453 535 1533 590 sic
1555 536 1720 607 plane
1754 538 1865 595 Deo
1897 555 1998 595 vo-

418 621 587 683 lente,
644 619 825 677 factus
859 638 981 677 sum
1020 625 1281 681 amicus:
1330 627 1462 683 huic
1516 638 1700 686 autem
1760 632 1994 697 homini,

414 708 566 762 velut
594 708 876 766 abortivus
906 710 1168 770 inventus
1200 731 1321 770 sum
1343 757 1358 782 ,
1398 717 1472 772 ita
1512 718 1849 778 contumelia
1882 723 1997 778 alli-

413 799 491 851 cit
528 815 542 853 :
576 800 692 855 sive
719 803 946 858 omnino
974 819 1035 858 ea
1072 820 1130 860 se
1158 822 1217 862 re
1252 810 1408 865 vobis
1439 812 1603 882 plane
1647 817 1993 884 superiorem

411 887 533 940 vult
598 890 913 957 ostendere,
969 909 1180 967 vosque
1245 899 1626 960 calumniatur
1678 920 1883 961 novum
1933 925 1994 965 se

411 976 752 1036 Pbarismum
786 983 1082 1050 exhibens,
1111 990 1226 1045 sive
1254 1005 1387 1048 sane
1425 993 1476 1047 id
1512 1012 1578 1049 ex
1612 996 1815 1053 invidia
1853 1000 1906 1054 in
1935 1018 1994 1057 se

409 1069 529 1139 ipse
560 1082 795 1143 peccat:
840 1093 951 1131 non
986 1082 1263 1139 reveritus
1294 1101 1433 1155 quas
1470 1088 1575 1142 mei
1620 1090 1858 1147 studiosi
1890 1108 1992 1164 pro

409 1180 498 1219 tne
533 1166 804 1222 adhibent
835 1172 1298 1242 supplicationes,
1339 1186 1400 1232 ut
1429 1180 1560 1235 mihi
1595 1174 1992 1252 script‘o'testi-

406 1255 655 1312 monium
708 1258 944 1326 deferat,
994 1264 1219 1335 Deoque
1265 1267 1482 1336 offerat,
1516 1275 1671 1342 juxta
1702 1276 1823 1344 ejus
1857 1278 1990 1332 viri-

405 1347 513 1401 lem
540 1351 775 1406 maxime
799 1354 1125 1423 sapientiam
1150 1361 1504 1433 nominisque
1528 1368 1986 1436 appellationem:

403 1448 691 1510 tanquam,
724 1443 975 1514 inquam,
1008 1449 1098 1505 cui
1133 1466 1289 1508 mens
1319 1453 1394 1509 sit
1445 1455 1743 1521 instructa,
1781 1476 1987 1532 suppeo

401 1537 596 1602 tatque
629 1536 906 1593 orationis
938 1538 1180 1598 facultas
1227 1545 1294 1599 ad
1350 1556 1671 1603 accuratam
1706 1551 1985 1610 laudatio-

399 1640 528 1679 nem
555 1645 568 1682 :
600 1643 774 1698 quare
798 1631 969 1687 etiam
997 1634 1208 1706 dignus
1246 1636 1424 1695 Creta:
1452 1642 1752 1714 episcOpus
1802 1644 1984 1706 factus

401 1729 505 1782 est,
542 1719 900 1779 rationalium
941 1727 991 1781 ei
1027 1729 1212 1784 ovium
1255 1733 1495 1802 spiritali
1542 1737 1682 1807 pedo
1711 1739 1983 1798 divinitus

2119 538 2271 601 Ἰδοὺ,
2302 540 2489 610 φησὶν,
2534 538 2745 607 ἀδελφοί
2778 557 2895 610 μου,
2916 542 3079 592 πᾶσιν
3120 540 3246 609 ὑμῖν
3287 541 3475 613 ἐραστὴς
3491 546 3562 597 ἀπ.

2105 630 2377 702 εδείχθην,
2395 633 2533 686 Θεοῦ
2568 635 2784 695 πάντως
2811 633 3194 703 εὐδοκήσαντος
3217 649 3232 663 ο
3263 633 3332 702 τῷ
3355 634 3401 687 δέ
3418 636 3565 708 ἀνθρώ.
3586 668 3590 672 ι

2104 735 2192 794 mp
2220 725 2417 797 τούτῳ,
2476 726 2671 797 ὥσπερ
2708 726 2962 796 ἔκτρωμα
2992 725 3218 795 εὐρέθην
3246 725 3566 796 λοιδορούμενος

2103 814 2161 881 ἐξ
2188 816 2357 870 αὑτοῦ
2386 834 2397 846 ·
2436 819 2548 871 εἴτε
2576 817 2669 870 οὖν
2716 817 2874 881 αὐτὸς
2906 819 3138 892 πάντως,
3162 817 3234 880 ὡς
3260 816 3445 881 πάντως
3463 821 3569 889 ὑμῶν

2102 908 2367 981 ὑπάρχων
2384 909 2557 962 άνὼτε
2568 927 2660 981 ρος
2687 909 2849 963 τοῦτο
2876 909 3141 979 σημαίνει,
3160 910 3249 962 καὶ
3269 909 3397 979 ὑμᾶς
3416 909 3573 963 διαϐάλ-

2100 1001 2232 1066 λων,
2275 1003 2395 1066 νέος
2435 1003 2629 1071 φανεὶς
2652 1004 2945 1074 Φαρισαῖος
2967 1041 2981 1064 ,
3017 1002 3120 1054 εἴτε
3149 1003 3220 1072 μὴ
3246 1000 3316 1055 ὣν
3333 1001 3455 1056 ﬁtﬁt”
3480 1002 3573 1070 φθί-

2100 1110 2211 1158 νον,
2257 1091 2419 1147 τοῦτο
2467 1096 2548 1158 εἰς
2578 1093 3220 1165 ἐαυτὸν,κατεργάζεται,
3262 1095 3329 1165 μὴ
3354 1096 3574 1164 ἐπιτραπεὶς

2097 1183 2198 1247 τὰς
2238 1185 2380 1255 ὑπὲρ
2427 1187 2564 1257 ἐμοῦ
2611 1185 2762 1255 αὐτῷ
2827 1185 3227 1256 προσαγομένας
3260 1185 3354 1240 ὑπὸ
3375 1186 3464 1239 τῶν
3505 1186 3577 1255 ἐμὲ

2098 1274 2410 1328 ποθούντων
2455 1278 2771 1345 ἱκετηρίας,
2815 1276 2952 1347 πρὸς
2989 1276 3053 1329 τὸ
3087 1277 3348 1346 ἐγγράφως
3375 1292 3451 1346 μοι
3478 1292 3580 1345 μαρι

2093 1371 2363 1439 τυρῆσαι,
2409 1371 2507 1423 καὶ
2568 1369 2686 1439 Θεῷ
2743 1368 3127 1440 προσενέγκαι,
3171 1367 3292 1421 κατὰ
3325 1366 3411 1437 τὴν
3454 1366 3578 1420 αὑτοῦ

2094 1458 2481 1530 ἀνδρειοτάτην
2512 1476 2547 1528 φ
2556 1460 2684 1531 ρόνη
2694 1459 2779 1511 σίν
2801 1475 2860 1512 τε
2895 1459 2990 1510 καὶ
3010 1458 3313 1527 ἐπωνυμίαν·
3333 1456 3432 1519 νοῦ,
3451 1456 3580 1527 φημὶ,

2093 1556 2539 1627 ηὐτρεπισμένον
2570 1558 2628 1608 ἐν
2669 1555 2823 1625 αὐτῷ
2874 1555 3157 1625 ἀμέμπτου
3219 1553 3442 1614 αἰνέσεως
3468 1567 3482 1582 ο
3522 1550 3581 1603 διὸ

2092 1648 2188 1700 καὶ
2211 1648 2437 1717 Κρήτης
2473 1645 2621 1710 ἄξιος
2656 1646 2965 1721 ἐπίσκοπος
2992 1645 3195 1713 γέγονε,
3226 1642 3362 1712 παρὰ
3388 1641 3485 1709 Θεῷ
3506 1642 3580 1709 τῆς

2092 1726 2464 1809 ποιμαντικῆς
2549 1738 2867 1810 βακτηρίας
2922 1737 3030 1790 τῶν
3085 1735 3300 1803 λογικῶν
3351 1732 3581 1803 προὸάτων

399 1810 604 1868 tradito
642 1822 811 1886 atque
843 1826 1054 1888 aptato.
1086 1820 1359 1879 Caeterum
1387 1840 1506 1881 eam
1541 1845 1657 1884 rem
1688 1832 1971 1890 moliturut

2091 1828 2553 1903 κατηρτισμένος.
2617 1830 3079 1902 Ἑπιχειρήσειδὲ
3122 1828 3266 1882 τοῦτο
3303 1830 3361 1897 τῇ
3402 1825 3579 1894 δυνάμει

398 1910 485 1956 est
508 1905 855 1963 sanctissimi
891 1907 1137 1980 Spiritus
1168 1914 1395 1971 virtute.
1431 1916 1752 1989 Enimvero,
1791 1938 1825 1978 o
1855 1924 1982 1990 viri,

305 1991 308 1994 ’
399 2009 534 2049 sana
570 1996 684 2053 haec
708 2008 895 2056 mente
923 2004 1178 2071 audiens,
1224 2014 1464 2065 tremore
1490 2026 1556 2066 ac
1591 2013 1791 2072 timore
1811 2019 1985 2075 multo

396 2104 426 2139 a
460 2102 655 2145 somno
697 2093 974 2149 excitatos
1010 2112 1171 2164 sum;
1213 2109 1378 2169 atque
1417 2101 1473 2156 in
1510 2118 1599 2160 me
1632 2105 1837 2164 iterum
1894 2127 1984 2167 re-

396 2193 617 2247 versus,
650 2180 889 2240 decusso
921 2200 1143 2255 somno,
1172 2190 1388 2246 laudem
1417 2192 1593 2250 obtuli
1649 2196 1780 2253 Deo.
1817 2199 1981 2272 Cogi-

395 2271 579 2326 tabam
620 2281 804 2330 autem
856 2279 1004 2348 apud
1038 2296 1123 2336 me
1154 2298 1406 2351 quaenam
1455 2298 1604 2343 esset
1646 2289 1752 2345 ista
1783 2292 1927 2348 visio
1963 2314 1976 2349 :

392 2363 556 2432 plane
579 2364 856 2436 siquidem
893 2370 1132 2428 habebat
1187 2375 1440 2433 timorem
1472 2384 1759 2438 comitem.
1800 2384 1973 2451 Quid-

392 2469 520 2509 nam
556 2471 687 2513 vero
714 2459 819 2515 viri
850 2462 905 2516 in
940 2479 1026 2520 me
1056 2466 1218 2521 vellet
1250 2467 1533 2525 infensum
1566 2475 1798 2531 verbum
1824 2518 1839 2539 ,
1868 2480 1976 2535 nisi

390 2545 641 2613 omnino,
697 2550 826 2619 quia
872 2552 997 2622 ejus
1058 2556 1185 2611 vita:
1237 2558 1514 2615 rationem
1551 2563 1703 2619 velut
1741 2567 1976 2624 nihilum

391 2634 739 2695 habuissem.
768 2640 981 2713 Quippe
1008 2656 1169 2702 erant
1202 2664 1337 2705 meae
1365 2665 1529 2707 aures
1557 2654 1736 2723 plena:
1786 2658 1977 2715 incre-

389 2726 649 2793 dulitate,
680 2730 1068 2791 existimantis
1120 2737 1324 2793 deliria
1377 2756 1503 2810 quae
1551 2758 1581 2797 a
1626 2743 1849 2803 feminis
1892 2750 1977 2804 di-

388 2817 563 2873 renda
611 2819 816 2877 forent.
872 2822 1155 2896 Cogitans.
1192 2846 1326 2902 ergo
1369 2848 1498 2889 esse
1543 2838 1771 2893 omnino
1799 2856 1827 2893 a
1863 2841 1973 2897 Deo

386 2908 659 2965 visionem
694 2911 840 2967 hanc
870 2915 1209 2987 spiritalem,
1238 2936 1302 2976 ac
1323 2937 1447 2978 esse
1477 2926 1708 2983 caeleste
1736 2929 1969 2999 donum,

386 3016 475 3055 me
505 2994 626 3072 ipse
664 3003 946 3062 desiderio
982 3014 1307 3079 provocavi,
1360 3024 1528 3085 atque
1566 3017 1636 3072 ad
1683 3034 1826 3090 opus
1872 3038 1971 3079 ac-

386 3094 558 3158 cinxi,
590 3109 700 3165 quo
731 3096 832 3151 viri
891 3099 1040 3157 senis
1079 3110 1203 3158 acta
1236 3103 1548 3163 litterarum
1572 3117 1966 3183 monumentis,

387 3184 644 3242 ﬁdelibus
677 3186 953 3246 traderem
992 3209 1005 3246 :
1044 3191 1098 3247 id
1137 3195 1283 3265 apud
1317 3212 1403 3254 me
1438 3208 1715 3269 statuens,
1748 3215 1808 3260 ut
1852 3208 1966 3277 pri-

385 3292 536 3331 mum
573 3293 755 3337 meam
798 3281 1041 3339 dicerem
1088 3284 1572 3360 incredulitatem,
1609 3298 1965 3365 postmodum

386 3373 593 3434 autem,
629 3384 752 3439 quae
782 3372 917 3426 mihi
957 3389 1155 3447 magna
1182 3393 1214 3433 a
1250 3378 1361 3435 Deo
1387 3381 1787 3443 innotuissent.

459 3456 721 3530 Adeoque
763 3465 1031 3521 accersita
1082 3473 1403 3527 monasterii
1444 3476 1724 3545 praelecta,
1775 3484 1965 3539 omni-

383 3544 602 3616 hnsque
645 3551 853 3620 pariter
910 3556 1015 3610 sub
1048 3561 1287 3629 regulari
1336 3572 1392 3619 et
1425 3544 1731 3624 monastica
1767 3573 1965 3630 obser-

384 3640 571 3696 vantia
629 3643 1019 3715 militantibus,
1074 3651 1375 3723 diligenter
1427 3660 1497 3714 ab
1527 3660 1610 3716 eis
1668 3679 1833 3733 quam
1878 3667 1966 3722 vir

386 3746 614 3791 sanatus
650 3735 775 3792 vitae
799 3739 1071 3797 rationem
1112 3747 1387 3804 tenuisset
1428 3763 1786 3821 percontatus
1816 3774 1962 3827 sum,

386 3826 761 3902 utdeinceps,
819 3842 1085 3902 quantum
1139 3843 1358 3911 assequi
1424 3846 1698 3914 licuisset,
1732 3854 1995 3910 narrare'

326 3914 333 3921 ’
382 3919 729 3989 inciperem:
776 3923 882 3980 hoc
944 3938 1206 3995 reputans
1264 3931 1383 3989 fore
1467 3946 1526 3991 ut
1579 3941 1963 3999 universorum

384 4002 531 4065 Deus
574 4014 631 4066 in
666 4014 809 4069 ccelo
848 4016 1126 4086 habitans,
1167 4022 1238 4077 iis
1277 4025 1373 4094 qui
1415 4027 1616 4085 bonum
1655 4045 1965 4112 operantur

382 4102 525 4156 bona
555 4119 662 4158 non
697 4104 948 4178 deneget.
990 4108 1213 4177 Verum,
1252 4121 1596 4177 monachalis
1639 4104 1955 4194 ejusexer-

381 4192 670 4251 citationis
707 4198 1156 4259 consideratione
1188 4207 1395 4265 omissa
1426 4192 1726 4284 tacitaque,
1774 4219 1842 4273 ad
1897 4235 1960 4275 ea

381 4282 569 4339 statim
601 4285 814 4344 alacres
839 4294 1300 4363 processerimus,
1324 4300 1530 4369 quibus
1556 4282 1798 4361 evaserit
1835 4296 1958 4364 ma-

381 4377 467 4447 gis
502 4380 871 4452 conspicuus;
906 4399 973 4440 ex
1012 4389 1357 4457 novissimis,
1390 4407 1714 4454 enarrantes
1746 4401 1958 4471 priora.

2088 1926 2188 1979 τοῦ
2222 1923 2494 1992 παναγίου
2525 1923 2871 1995 Πνεύματος.
2889 1923 3056 1994 Ἐμοῦ
3074 1922 3148 1986 δὲ,
3173 1915 3214 1974 ὦ
3235 1920 3423 1989 ἄνδρες,
3448 1933 3582 1969 ταυτα

2088 2018 2214 2091 σὼῳ
2244 2019 2323 2090 τῷ
2345 2019 2595 2090 λογισμῷ
2624 2018 3012 2088 ἀκροωμένου,
3037 2017 3127 2070 σὺν
3154 2014 3326 2113 τρόμω
3364 2011 3580 2113 tamen

2085 2112 2143 2165 ὲν
2163 2111 2316 2182 φόϐῳ
2343 2109 2524 2181 πολλῷ
2549 2127 2564 2139 ·
2604 2111 2700 2164 καὶ
2733 2112 2820 2173 εἰς
2860 2107 3053 2162 ἐαυτὸν
3083 2103 3387 2169 ἐπανελθὼν,
3411 2103 3485 2157 τὸν
3509 2103 3580 2171 μὲν

2080 2203 2250 2258 ὕπνον
2273 2204 2773 2274 ἀποτιναξάμενος,
2811 2200 2970 2255 αἶνον
2996 2200 3072 2272 τῷ
3098 2200 3210 2269 Θεῷ
3266 2198 3577 2269 προσήνεγκα.

2093 2294 2367 2347 Ἐνενόουν
2403 2292 2460 2346 δὲ
2482 2294 2534 2346 τί
2551 2294 2610 2346 τὸ
2627 2294 2820 2364 ὅραμα
2837 2293 3023 2347 τοῦτο’
3061 2292 3141 2345 ὅτι
3190 2290 3281 2360 μὲν
3299 2288 3383 2340 καὶ
3403 2289 3431 2357 η
3454 2288 3579 2337 ὀπτα-

2083 2386 2173 2439 σία
2220 2385 2553 2454 συνέκφοϐος
2571 2403 2584 2416 ·
2606 2386 2667 2438 τὸ
2677 2380 2849 2439 δέἠτοῦ
2877 2384 3069 2457 ἀνδρδς
3089 2383 3215 2454 πρὸς
3232 2380 3323 2451 ἐμὲ
3343 2379 3579 2480 ἀεντιτείγρν

2083 2475 2256 2547 ῥῆμα,
2290 2475 2342 2528 τί
2377 2474 2485 2546 ἄρα
2543 2477 2715 2529 ὲστίν.
2749 2476 2812 2528 Εῖ
2845 2476 2923 2547 μὴ
2966 2474 3198 2572 πάντως,
3222 2473 3326 2572 ,ὅτι
3358 2471 3445 2572 ἐἰς
3468 2467 3580 2572 οὐδὲν

2078 2565 2414 2637 ἐλογισάμην
2469 2564 2566 2636 τὴν
2624 2563 2721 2618 τοῦ
2783 2564 2985 2636 ἀνδρὸς
3034 2561 3315 2661 πολιτείαν.
3351 2561 3612 2661 Platoris;

2078 2660 2188 2732 γὰρ
2209 2655 2350 2732 ἦσαν
2384 2659 2452 2712 τὰ
2481 2656 2598 2712 ὦτά
2645 2675 2749 2729 μου
2779 2657 3050 2730 γέμοντα,
3082 2656 3151 2708 τὰ
3175 2653 3480 2759 ῥηθησόμενα
3502 2653 3580 2756 τιῦν

2077 2752 2358 2823 γυναικῶν
2409 2753 2631 2824 ῥήματα
2660 2792 2675 2805 .
2708 2793 2721 2806 .
2759 2790 2774 2803 .
2814 2790 2830 2805 .
2864 2750 3233 2820 Λογισάμενος
3281 2745 3366 2799 οὖν
3401 2745 3492 2811 ἐγὼ
3519 2745 3579 2849 δτι

2075 2847 2141 2899 ὲκ
2157 2845 2294 2899 Θεοῦ
2338 2845 2559 2907 πάντως
2591 2843 2738 2897 ἐστὶν
2783 2842 2929 2914 αὕτη
2960 2844 2993 2913 ἡ
3022 2838 3347 2911 πνευματικὴ
3378 2838 3577 2893 omnia,

2076 2938 2270 2992 καὶὸτι
2302 2936 2472 2991 αὐτοῦ
2515 2933 2723 2990 ἄνωθέν
2778 2935 2901 2987 ἐστι
2919 2933 2982 2987 τὸ
3010 2933 3201 3004 δῶρον,
3246 2925 3581 2997 ἀνεζωπύρησσ

2072 3029 2152 3101 τῷ
2183 3030 2353 3100 πόθῳ,
2386 3028 2644 3098 καὶπρὸς
2668 3027 2731 3080 τὸ
2765 3026 2960 3098 δρᾶμα
3021 3020 3579 3124 ἐξηυτρεζιτίσθηνἱ

2074 3121 2391 3192 συγγραφῇ,
2427 3119 2497 3173 τά
2525 3116 2621 3170 τοῦ
2652 3117 2919 3188 γέροντος
2944 3117 3059 3179 τοῖς
3079 3116 3282 3176 πιστοῖς
3300 3109 3577 3215 παραδωσω·

2071 3214 2141 3268 τὰ
2168 3213 2299 3282 παρ’
2332 3213 2455 3283 ἐμοὶ
2485 3209 2703 3281 πρῶτον
2736 3208 2875 3279 πρὸς
2909 3210 3170 3265 ἀπιστίαν
3201 3210 3365 3263 εἰπεῖν
3416 3206 3577 3269 λελογιο

2071 3305 2287 3378 σμένος,
2358 3304 2588 3377 ὕστερον
2613 3305 2694 3371 δὲ,
2734 3306 2804 3359 τά
2823 3305 2918 3360 διὰ
2957 3304 3095 3360 Θεοῦ
3127 3302 3271 3374 αὑτῷ
3304 3299 3485 3373 μεγάλα
3502 3312 3577 3365 φα-

2069 3397 2249 3451 νέντα.

2141 3489 2275 3543 Τότε
2304 3488 2822 3560 προσκαλεσάμενος
2850 3487 2955 3541 σὺν
2982 3490 3050 3559 τῇ
3079 3484 3285 3559 πρώτῃ.
3331 3482 3484 3579 πᾷσαῖ
3509 3474 3578 3579 τξῖ

2071 3580 2169 3635 σὺν
2220 3580 2356 3651 αὐτῇ
2411 3579 2580 3643 οὔσας
2612 3582 2671 3632 ἐν
2708 3581 2775 3651 τῇ
2809 3580 3050 3650 ἀσκήσει
3075 3617 3092 3643 ,
3152 3573 3495 3673 ἐπυνθανόμην
3535 3573 3577 3673 ἐγ

2068 3670 2327 3742 ἀκριϐείᾳ
2354 3670 2484 3741 παρ’
2513 3659 2693 3724 αὐτῶν
2715 3670 2814 3740 τὴν
2852 3670 2953 3725 τοῦ
2977 3667 3167 3741 ἀνδρὸς
3188 3660 3576 3720 ωλιτείανοὸπως

2064 3762 2263 3817 λοιπὸν
2313 3762 2622 3833 ἀρξάμενος
2678 3761 3033 3833 διηγήσωμαι
3093 3757 3271 3822 καθὼς
3318 3749 3574 3812 κατέλαϐον,

2066 3853 2225 3909 τοῦτο
2254 3856 2627 3927 ἡγησάμενος,
2656 3854 2739 3909 ὅτι
2763 3857 2877 3918 τοῖς
2908 3852 3292 3927 ἐργαζομένοις
3322 3848 3377 3944 το
3401 3842 3575 3944 ἀγαθὸς

2065 3947 2164 4016 οὐχ
2206 3946 2500 4018 ὑστερήσει
2533 3948 2602 4000 τὰ
2633 3946 2814 4015 ἀγαθὰ
2838 3987 2852 4009 ,
2885 3950 2916 4001 ὁ
2944 3945 3214 4000 κατοικῶν
3242 3946 3297 4044 ἐν
3315 3941 3387 4012 τῷ
3410 3939 3578 4044 οὖξωξῗ

2064 4038 2195 4102 Θεὸς
2219 4038 2313 4092 τοῦ
2350 4040 2570 4102 παντός.
2589 4038 2773 4103 Ἀλλὰ,
2800 4038 2899 4110 τὴν
2925 4039 3026 4110 μὲν
3049 4038 3149 4108 τῆς
3169 4035 3430 4105 ἀσκήσεως
3448 4035 3576 4081 αὐτου

2064 4128 2298 4200 θεωρίαν
2322 4130 2409 4182 διὰ
2438 4129 2531 4183 τοῦ
2566 4129 2726 4198 λόγου
2775 4129 3031 4199 ἀφέντες,
3099 4129 3191 4182 ἐπὶ
3211 4125 3277 4222 τά
3302 4122 3481 4222 fta-HO)!
3518 4116 3577 4222 είς

2064 4220 2187 4293 ὄψιν
2235 4221 2473 4293 φέροντα
2526 4221 2822 4292 προθύμως
2852 4224 3214 4293 χωρήσωμεν,
3248 4219 3308 4271 ἐκ
3328 4215 3424 4268 τῶν
3451 4214 3575 4279 ἐσχά-

2063 4330 2195 4378 των,
2229 4313 2296 4366 τα
2325 4313 2518 4383 πρῶτα
2566 4313 2940 4385 διηγούμενοι.
2987 4334 3006 4367 ι
3051 4312 3250 4383 Ἀγαθὴ
3279 4308 3379 4381 γὰρ
3416 4303 3574 4375 ἐσχάτη

2062 4403 2222 4472 λόγου
2236 4403 2304 4470 ’⁸,
2330 4405 2471 4475 ὑπὲρ
2517 4406 2694 4476 ἀρχὴν
2750 4404 2939 4459 αὐτοῦ.
2971 4427 2991 4459 ι
3026 4405 3285 4476 Γνοίημεν
3305 4402 3356 4455 δὲ
3379 4401 3448 4453 ὅτι
3487 4395 3573 4465 βίω

381 4468 595 4541 Quippe
643 4490 664 4524 ι
723 4474 918 4530 melior
970 4485 1056 4533 est
1101 4478 1228 4536 finis
1282 4484 1570 4552 orationis,
1617 4468 1783 4558 quam
1831 4495 1955 4562 ejus

2079 4468 2325 4559 εὐσεϐοῦς
2354 4468 2831 4567 ἀναδεικνυμένου,
2861 4497 2969 4567 πρὸ
3006 4498 3304 4567 διηγήσεως
3328 4489 3573 4560 ἐγγράφου»

379 4561 597 4618 initium
628 4565 672 4619 i.
708 4584 727 4618 ι
801 4567 858 4622 Id
906 4584 1072 4641 porro
1109 4574 1428 4632 noverimus
1458 4594 1473 4632 :
1508 4593 1703 4650 nempe
1738 4598 1837 4640 eos
1866 4587 1959 4657 qui

378 4669 446 4709 ex
498 4658 718 4728 pietatis
753 4660 968 4719 ratione
1011 4664 1177 4720 vitam
1205 4667 1459 4737 exigunt,
1498 4668 1553 4725 in
1578 4674 1785 4731 sazculo
1813 4691 1953 4734 con-

378 4749 729 4805 versantibus
761 4752 923 4808 nobis
957 4756 1129 4827 magis
1159 4758 1442 4816 illustrare
1482 4763 1751 4833 animum,
1789 4786 1951 4840 quam

379 4835 474 4903 qui
520 4839 727 4906 scripto
782 4852 1063 4898 enarrant.
1102 4845 1166 4900 Et
1198 4848 1306 4903 hoc
1358 4865 1487 4907 vero
1517 4856 1734 4914 animos
1781 4835 1945 4917 nobis

379 4926 661 4996 roburque
681 4929 748 4982 ad
777 4931 1143 5003 eloquendum
1183 4939 1409 5010 adjecit,
1456 4961 1772 5019 quanquam
1810 4954 1951 5012 forte

380 5019 566 5076 minus
637 5020 940 5080 sufﬁcimus
992 5036 1050 5083 ut
1102 5029 1364 5103 pleraque
1386 5036 1501 5094 viri-
1529 5038 1669 5109 justi
1705 5043 1957 5104 facinora

379 5123 724 5166 enarramus.
753 5110 985 5185 Quando
1009 5125 1189 5174 autem
1213 5121 1390 5179 bonos
1422 5126 1546 5196 ejus
1579 5130 1804 5191 labores
1830 5153 1952 5193 ser-

377 5216 470 5255 mo
505 5207 832 5273 praecurrit,
877 5209 1341 5279 quemadmodum
1399 5222 1560 5288 juxta
1612 5223 1955 5286 Dominicam

377 5305 568 5348 vocem
604 5297 621 5346 1
660 5300 849 5369 nequit
908 5302 1046 5371 fieri,
1090 5321 1193 5363 nec
1228 5323 1361 5365 vero
1389 5322 1473 5368 est
1531 5324 1740 5372 rectum
1770 5331 1829 5375 ut
1873 5322 1956 5377 lu-

379 5398 544 5438 cerna
586 5389 783 5444 ardens
827 5395 929 5462 sub
976 5396 1119 5453 lecto
1163 5409 1421 5472 ponatur,
1468 5408 1562 5462 sed
1606 5416 1666 5462 ut
1693 5410 1795 5481 ipsi
1828 5412 1959 5483 basi

458 5565 475 5605 i
531 5563 710 5623 Ecclc.
743 5584 832 5636 vn,
871 5569 924 5624 9.
1003 5575 1020 5623 t
1061 5578 1255 5632 Matth.
1287 5596 1353 5646 v,
1393 5583 1455 5638 15
1489 5595 1641 5651 seqq.
1912 5616 1940 5639 .

2066 4589 2179 4650 τοῖς
2206 4590 2264 4641 ἐν
2287 4587 2368 4659 τῷ
2400 4587 2499 4658 βίῳ
2526 4589 3032 4659 ἀναστρεφομένοις
3061 4591 3212 4659 ἡμῖν,
3241 4576 3573 4682 inimicent-xei

2067 4679 2360 4752 φωτίζουσι
2407 4681 2504 4752 τὴν
2532 4682 2794 4735 διάνοιαν.
2831 4682 3039 4751 Συνέϐη
3070 4683 3125 4734 δέ
3154 4687 3249 4734 καὶ
3290 4675 3434 4729 τοῦτο
3474 4673 3572 4740 ἡμῖν

2065 4750 2320 4844 γενέσθαι
2344 4750 2617 4845 τοῦλόγου
2645 4776 2707 4829 τὸ
2739 4775 2990 4839 εὔτονον,
3028 4776 3157 4840 ἴσως
3214 4770 3503 4844 ἀποροῦντες
3521 4761 3569 4814 τά

2066 4867 2295 4921 πλεῖστα
2320 4867 2414 4921 τοῦ
2444 4868 2655 4922 δικαίου
2686 4869 2877 4939 ἀνδρὸς
2908 4869 3341 4965 κατορθωμάτων
3360 4860 3569 4965 amynta;

2057 4957 2202 5012 σθαι.
2269 4960 2378 5012 Καὶ
2416 4960 2604 5031 ἐπειδὴ
2635 4962 2662 5013 ὀ
2691 4960 2847 5028 λόγος
2891 4961 2989 5012 ἐπὶ
3036 4964 3153 5023 τοῖς
3197 4956 3405 5028 ἀγαθοῖς
3441 4956 3567 5004 αὐτου

2055 5049 2348 5122 προτρέχει
2377 5051 2585 5115 πόνοις,
2607 5050 2756 5105 ὥσπε
2766 5038 2800 5121 ρ
2820 5052 3014 5122 λύχνον
3035 5053 3333 5121 καιόμενον,
3360 5043 3568 5099 ἀδύνατον

2048 5143 2152 5195 καὶ
2193 5142 2293 5198 οὐκ
2325 5142 2482 5206 εὐθές
2517 5145 2658 5209 ἐστι,
2709 5148 2853 5202 κατὰ
2903 5148 3003 5220 τὴν
3028 5143 3355 5212 Δεσποτικὴν
3406 5129 3564 5220 φωνὴνν

2057 5233 2317 5288 ὑποκάτω
2370 5234 2555 5305 κλίνης
2590 5237 2835 5306 τεθῆναι,
2875 5219 2997 5292 ἀλλ’
3035 5238 3125 5291 ἐπ’
3154 5234 3315 5304 αὐτὴν
3345 5219 3564 5331 ﬁmi?

2060 5324 2295 5391 Χριστὸν
2341 5327 2688 5397 ἐπιτεθῆναι,
2722 5329 2807 5383 ἵνα
2853 5331 2964 5394 πᾶς
2996 5332 3024 5384 ὁ
3050 5327 3312 5383 πιστεύων
3338 5323 3410 5383 είς
3440 5323 3564 5416 enim

2061 5418 2237 5491 βλέπῃ
2262 5419 2325 5474 τὸ
2350 5420 2486 5491 φῶς,
2522 5420 2668 5477 οὕτω
2688 5422 2756 5476 τὰ
2781 5421 2873 5477 τοῦ
2904 5422 3018 5493 βίου
3054 5421 3216 5478 αὑτοῦ
3243 5420 3351 5472 ἔστι
3393 5415 3562 5480 πρῶτον

1674 5693 1894 5755 VARUS
1930 5702 2333 5761 l'.ECTIUNl£S.

483 5770 527 5814 υ
558 5769 644 5829 ἵσ.
675 5771 779 5840 μὴν
807 5774 914 5827 διά.
1026 5778 1071 5809 ’³
1098 5778 1251 5850 Apud
1279 5785 1532 5860 Septuag.
1566 5790 1743 5861 λόγον.
