3824 6212
120 382 265 448 1241

1435 393 1514 455 ΙΝ
1556 394 1618 454 S.
1660 394 2068 458 PATAPIUM.

3253 360 3391 457 tate

116 491 530 563 ἐγκαταλιπεῖν
547 494 614 560 ³⁸,
633 493 728 549 καὶ
778 494 952 560 οὕτως
981 496 1075 551 ἐπὶ
1101 498 1170 551 τὰ
1200 503 1586 573 μαρτυροῦντα
1615 503 1671 555 τὸ

1807 500 2030 557 Christo
2068 500 2495 571 superimposita
2550 500 2755 566 luceat,
2797 509 2856 558 ut
2887 502 3069 559 omnis
3098 503 3188 574 qui
3213 506 3389 561 credit

117 586 245 656 βίον
270 586 439 640 αὐτοῦ
460 590 518 641 ὲν
535 588 846 660 εὐφροσύνῃ
876 591 1021 661 ἡμᾶς
1050 590 1308 661 βαδίζειν.
1343 594 1568 658 Πάντως
1594 594 1703 665 γάρ

112 678 281 731 ἔνθεν
298 677 588 733 καὶταῦτα
610 679 1008 752 δειχθήσονται,
1021 683 1212 755 ῶσπερ
1232 685 1292 738 ὲν
1318 684 1440 755 habet
1459 685 1704 758 ἔμπροσ-

111 770 216 824 θεν
262 771 656 841 εὑρισκόμενα.
694 771 885 837 Οὐδεὶς
933 773 1042 845 γάρ
1102 775 1272 840 ἐστιν,
1310 778 1339 829 ό
1370 775 1446 848 μὴ
1472 778 1702 831 ἐπιστά-

115 878 288 931 μενος
317 862 387 915 ὲκ
411 861 519 915 τῶν
571 861 872 931 μελλόντων
920 862 1215 918 ἀκούεσθαι
1240 863 1303 926 τὸ
1325 905 1339 929 ,
1368 864 1470 917 ποῦ
1491 865 1662 920 ταῦτα
1682 909 1697 934 ,

111 955 215 1007 καὶ
264 952 455 1017 πόθεν,
507 953 748 1016 καὶπῶς
801 953 1164 1025 προέρχονται
1194 955 1333 1027 πρὸς
1361 956 1697 1028 φανέρωσιν.

111 1046 195 1098 Οὔ
228 1044 343 1114 γὰρ
370 1044 590 1098 δύναται
621 1042 737 1114 φῶς
761 1044 943 1098 σκότει
982 1041 1368 1113 συγκοινωνεὶᾯ
1397 1062 1412 1076 ⁶
1443 1048 1564 1100 οὐδὲ
1596 1049 1702 1104 πά-

107 1137 201 1190 λιν
240 1136 411 1207 μέρος
434 1135 609 1206 πιστῷ
635 1135 775 1205 μετὰ.
805 1135 1038 1190 ἀπίστου
1068 1151 1081 1165 ’
1115 1136 1241 1191 οὔτε
1299 1140 1700 1206 συγκατάθεσις

106 1227 235 1299 ναῷ
281 1228 423 1281 Θεοῦ
474 1228 614 1298 μετὰ
671 1226 1100 1282 είδὼλωνόῦτε
1152 1229 1424 1301 συλλήϐην
1480 1232 1696 1299 εἰπεῖν,

108 1316 531 1392 [συμφώνησις]
576 1317 696 1389 Θεῷ
740 1318 878 1391 πρὸς
915 1319 1134 1387 Βελίαρ.
1192 1323 1550 1393 Συντρίϐεται
1590 1325 1699 1397 γάρ

105 1409 189 1475 ὡς
223 1411 539 1481 γέγραπται
563 1409 626 1463 τὸ
674 1410 895 1481 σαθρὸν,
958 1411 1064 1464 ὑπὸ
1091 1412 1188 1465 τοῦ
1221 1414 1469 1485 ἰσχυροῦ,
1499 1417 1594 1470 καὶ
1616 1418 1698 1480 εἰς

104 1501 430 1570 ἀφανισμὸν
455 1500 518 1553 τὸ
546 1501 738 1555 τούτου
780 1500 935 1565 τέλος
972 1501 1387 1559 ἀποδείκνυται.
1426 1507 1540 1561 Καὶ
1586 1508 1697 1580 γὰρ

102 1592 182 1643 τὰ
215 1591 328 1645 τῶν
378 1593 589 1663 ἀρετῶν
640 1591 833 1663 βέϐαια
874 1594 967 1647 καὶ
992 1595 1166 1664 πάγια
1196 1596 1289 1649 καὶ
1322 1598 1695 1671 ἐρηρεισμένα

102 1684 353 1739 πάντοτε
379 1684 726 1755 διαμένοντα,
754 1686 939 1749 καθὼς
968 1686 997 1738 ό
1025 1686 1169 1751 Θείος
1225 1688 1570 1745 ἀποδεικνύει
1603 1692 1695 1746 λό-

101 1793 237 1845 γος,
265 1780 330 1830 ἐκ
354 1776 561 1830 τούτων
592 1777 668 1849 μὴ
697 1777 1117 1850 συντριϐόμενα,
1167 1779 1557 1848 ἀναφαίνονται
1588 1784 1693 1838 ὑπὸ

102 1866 208 1919 τοῦ
234 1864 394 1934 λόγου
425 1865 824 1937 φυλαττόμενα.
850 1869 930 1923 Τά
945 1869 1002 1922 δέ
1023 1871 1123 1937 τῆς
1154 1868 1354 1932 κακίας
1378 1871 1485 1926 ἴδια
1510 1892 1527 1924 ι
1559 1874 1694 1928 ὡσεὶ

100 1955 322 2019 καπνὸς
371 1955 714 2023 ἐκλείπουσι,
754 1976 773 2009 ι
838 1959 987 2013 κατά
1013 1962 1075 2016 τὸ
1108 1964 1532 2034 γεγραμμένον,
1585 1969 1692 2022 ίκαὶ

100 2047 299 2118 ὥσπερ
353 2049 616 2118 ὀμοούσια
643 2050 737 2104 τοῦ
790 2053 1063 2108 ἀσϐέστου
1102 2058 1276 2127 πυρὸς
1302 2061 1690 2130 φανεροῦνται.

107 2157 126 2189 ι
152 2137 472 2208 Πορεύεσθε
504 2158 524 2191 ι
549 2139 675 2210 γὰρ,
714 2142 854 2213 πρὸς
904 2145 1033 2209 τοὺς
1085 2151 1426 2218 πράττοντας
1468 2150 1538 2203 τὰ
1575 2167 1691 2204 τοι-

99 2228 273 2292 αῦτα,
312 2248 334 2281 ι
354 2229 433 2299 τῷ
467 2232 626 2300 φωτὶ,
649 2234 803 2304 φησὶ,
824 2235 919 2288 τοῦ
948 2237 1123 2309 πυρὸς
1142 2240 1298 2309 ὑμῶν
1328 2243 1421 2296 καὶ
1438 2245 1504 2313 τῇ
1529 2242 1690 2313 φλογὶ

98 2315 132 2393 ᾗ
166 2319 531 2386 ὲξεκαύσατε.
558 2340 576 2373 ι
626 2323 906 2378 Ἐντεῦθεν
936 2326 1145 2392 λοιπὸν,
1200 2329 1422 2400 ἀδελφοὶ
1447 2370 1465 2396 ,
1496 2331 1688 2403 ὥσπερ

98 2409 217 2463 ἀπὸ
243 2411 423 2482 πυρὸς
452 2411 798 2484 λυτρωθῆναι
838 2416 1154 2487 βουλόμενοι
1183 2418 1273 2473 διὰ
1334 2422 1435 2490 τῆς
1483 2424 1688 2494 ἀκροά-

98 2520 264 2571 σεως,
323 2503 419 2559 ἐπὶ
449 2505 518 2557 τὰ
545 2505 639 2558 τοῦ
692 2507 884 2576 ἀνδρὸς
945 2510 1321 2582 ύπέρλαμπρα
1377 2514 1553 2585 ἔργα,
1584 2516 1686 2580 τὰς

98 2596 277 2658 ἀκοὰς
305 2595 412 2667 τῆς
466 2596 704 2662 διανοίας
747 2600 1141 2669 συντείναντες,
1171 2604 1264 2657 καὶ
1289 2606 1371 2668 είς
1401 2606 1518 2677 φῶς
1546 2606 1686 2675 γνώ-

97 2705 249 2752 σεως
278 2690 751 2760 καταντήσαντες,
799 2690 982 2755 καθὼς
1014 2695 1111 2747 καὶ
1140 2699 1168 2749 ό
1203 2697 1443 2767 Χριστὸς
1474 2699 1686 2754 ἐκδιδά-

95 2795 252 2844 σκει,
302 2778 675 2851 ἀκουσώμεθα
699 2782 751 2835 τί
774 2781 1004 2853 λαλήσει
1042 2787 1100 2838 ὲν
1128 2785 1257 2856 ὑμῖν
1284 2788 1344 2840 τὸ
1371 2787 1595 2859 Πνεῦμα
1622 2788 1685 2843 τὸ

93 2866 282 2935 ἅγιον.
306 2867 482 2921 Δύτοῦ
511 2868 620 2940 γάρ
653 2870 750 2936 καὶ
773 2871 880 2924 eiul.
922 2872 1017 2927 κα)⁸
1073 2873 1382 2942 λαλοῦνται,
1420 2879 1516 2932 καὶ
1545 2879 1684 2950 πρὸς

89 2959 157 3011 τὸ
192 2958 380 3027 λέγειν
411 2959 713 3029 φαίνονται,
740 2961 816 3025 ὡς
841 2962 903 3016 τὸ
929 2964 1284 3021 ἀποστολικδν
1324 2970 1561 3041 γράμμα
1598 2971 1680 3024 δι-

90 3050 319 3114 δάσκει,
349 3052 501 3114 ὅπως
529 3051 844 3124 δοξάζωμεν
869 3055 1108 3121 ἐκτενῶς
1123 3059 1216 3113 τὸν
1236 3061 1396 3116 δόντα
1427 3063 1523 3117 καὶ
1548 3064 1679 3118 πάν-

1805 593 1862 648 in
1909 607 2034 647 eum
2085 592 2275 648 lumen
2338 593 2520 647 videat
2554 593 2678 649 :sic
2709 593 2953 663 primum
2982 593 3188 651 fuerint
3218 598 3386 652 omit-

1804 683 1969 739 tenda
2002 697 2100 752 per
2159 683 2331 738 vitam
2365 683 2434 739 ab
2481 698 2550 739 eo
2579 692 2753 753 gesta,
2804 692 3035 755 tumque
3066 686 3175 741 laeti
3216 688 3283 741 ad
3318 702 3385 742 ea

1803 775 2244 845 processerimus
2304 790 2429 845 quae
2498 775 2670 830 vitam
2723 777 2995 846 ejusmodi
3060 779 3387 833 testimonio

1803 868 2105 922 illustrant.
2142 867 2311 923 Plane
2342 867 2489 922 enim
2527 864 2781 921 futurum
2814 876 2898 923 est
2931 877 2990 922 ut
3014 878 3067 923 et
3103 870 3195 923 illa
3249 870 3383 924 hinc

1801 954 2179 1021 innotescant,
2214 969 2280 1010 ac
2310 956 2460 1010 velut
2503 955 2575 1009 ob
2603 955 2797 1010 oculos
2828 970 3017 1010 coram
3060 965 3380 1011 occurrant.

1802 1045 1972 1102 Nemo
2000 1047 2149 1101 enim
2184 1055 2291 1113 est,
2323 1047 2417 1117 qui
2451 1061 2560 1101 non
2593 1048 2780 1102 statim
2820 1062 2890 1102 ex
2942 1048 3236 1103 audiendis
3294 1049 3381 1102 in-

1799 1137 2009 1207 telligat
2030 1151 2142 1206 quo
2177 1152 2269 1192 res
2309 1136 2608 1207 ejusmodi,
2638 1145 2692 1193 et
2744 1136 2897 1194 unde
2926 1153 2990 1192 ac
3024 1154 3132 1209 qua
3167 1139 3384 1194 ratione

1800 1227 1855 1283 in
1916 1228 2094 1283 lucem
2145 1228 2493 1284 declarandae
2521 1230 2850 1299 procedant.
2890 1230 3003 1286 Nec
3035 1230 3181 1285 enim
3216 1245 3384 1285 com-

1796 1320 1986 1374 munio
2026 1319 2215 1390 aliqua
2245 1335 2369 1377 esse
2401 1329 2581 1389 potest
2620 1320 2728 1375 luci
2761 1322 2832 1376 ad
2866 1322 3147 1386 tenebras,
3180 1336 3363 1392 neque

1796 1411 1993 1467 iterum
2017 1425 2149 1482 pars
2171 1412 2355 1483 aliqua
2390 1413 2535 1468 lideli
2566 1429 2697 1468 cum
2721 1413 2958 1478 inﬁdeli,
2990 1427 3376 1469 consensusve

1798 1502 2003 1571 templo
2029 1500 2125 1556 Dei
2167 1516 2294 1556 cum
2333 1500 2521 1566 idolis,
2553 1510 2647 1556 aut
2678 1503 2917 1573 denique
2949 1503 3245 1558 conventio
3281 1500 3378 1558 Dei

1795 1591 1860 1646 ad
1931 1590 2100 1646 Belial
2125 1592 2177 1646 ιι.
2227 1591 2444 1662 Quippe
2506 1601 2850 1659 conteretur,
2903 1594 3066 1664 juxta
3108 1594 3256 1664 quod
3294 1601 3381 1648 est

1796 1686 2063 1757 scriptum
2096 1685 2139 1752 ι,
2191 1685 2339 1757 quod
2371 1693 2459 1741 est
2486 1684 2670 1740 debile
2694 1685 3102 1755 detritumque,
3132 1700 3163 1739 a
3197 1684 3332 1738 forti
3361 1699 3376 1736 :

1795 1778 2025 1850 ejusque
2052 1779 2182 1835 ﬁnis
2209 1776 2437 1834 abolitio
2470 1786 2574 1834 est.
2623 1766 2763 1832 cum
2794 1777 2940 1831 enim
2992 1792 3055 1832 ea
3092 1792 3215 1845 quae
3247 1783 3379 1830 sunt

1795 1871 2033 1936 virtutis,
2091 1871 2269 1933 ﬁrma,
2319 1870 2497 1926 solida
2560 1869 2893 1939 stabiliaque
2958 1875 3225 1938 perpetuo
3262 1880 3378 1920 ma-

1791 1974 1980 2032 neant,
2031 1962 2495 2034 quemadmodum
2546 1960 2771 2016 divinus
2802 1958 3048 2014 ostendit
3073 1971 3277 2021 sermo,
3305 1955 3376 2010 iis

1790 2073 1902 2113 non
1961 2056 2383 2112 conterentibus
2431 2068 2497 2108 ac
2541 2050 2928 2123 perdentibus,
2989 2050 3162 2120 liquet
3191 2063 3220 2103 a
3258 2062 3376 2103 ser-

1791 2164 1952 2205 mone
1974 2147 2317 2204 conservari.
2344 2146 2477 2212 Quae
2507 2156 2689 2199 autem
2724 2149 2857 2199 sunt
2888 2141 3173 2204 vitiorum,
3203 2156 3223 2190 ι
3254 2147 3375 2193 tan-

1788 2256 1951 2314 quam
2016 2237 2204 2294 fumus
2260 2238 2545 2303 deﬁciunt,
2587 2256 2604 2288 ι
2660 2236 2818 2307 juxta
2867 2234 3012 2306 quod
3079 2241 3165 2289 est
3230 2232 3375 2287 scri-

1789 2340 1947 2403 ptum
1980 2338 2062 2395 ¹¹⁵;

1787 2420 2223 2493 inexstinguibili
2257 2418 2651 2474 ostenduntur.
2713 2417 2804 2472 Ait
2853 2432 3002 2472 enim
3049 2415 3116 2470 ad
3150 2430 3247 2471 eos
3277 2415 3374 2485 qui

1787 2516 1915 2569 talia
1970 2521 2143 2584 agunt
2176 2530 2188 2566 :
2222 2530 2241 2564 ι
2277 2510 2571 2573 Ambulate
2632 2509 2687 2564 in
2720 2509 2933 2564 lumine
2994 2507 3141 2577 ignis
3169 2507 3371 2565 vestri.

1784 2618 1839 2664 ct
1873 2608 1928 2661 in
1958 2607 2180 2661 ﬂamma
2213 2619 2379 2672 quam
2430 2601 2795 2658 succendistis
2814 2607 2868 2653 ιι.
2903 2619 2922 2651 ι
2971 2596 3369 2664 Quamobrem,

1784 2698 1993 2763 dilecti,
2047 2697 2191 2751 velut
2217 2697 2308 2766 qui
2348 2693 2634 2748 auditione
2686 2690 3013 2747 studeamus
3049 2688 3118 2742 ab
3156 2687 3281 2755 igne
3308 2685 3371 2738 li-

1781 2791 1988 2856 berari,
2048 2788 2247 2849 mentis
2280 2802 2442 2842 aures
2494 2785 2707 2855 pariter
2752 2781 3107 2838 intendentes
3142 2779 3197 2833 in
3227 2791 3370 2847 prie-

1782 2884 1930 2939 clara
1953 2881 2057 2936 viri
2076 2896 2268 2951 opera,
2296 2893 2361 2934 ac
2393 2885 2756 2932 occurrentes
2785 2874 2852 2929 ad
2880 2872 3126 2929 scientiae
3158 2870 3367 2932 lumen,

1776 2976 1937 3046 juxta
1996 2973 2143 3045 quod
2173 2972 2429 3027 Christus
2456 2970 2636 3031 docet,
2686 2967 2978 3021 audiamus
3009 2963 3140 3033 quid
3174 2961 3371 3030 loqua--

1778 3075 1871 3122 tur
1900 3067 1955 3121 in
1994 3065 2157 3120 nobis
2195 3063 2438 3133 Spiritus
2469 3068 2721 3116 sanctus.
2753 3058 2940 3126 Ipsius
2972 3056 3120 3111 enim
3146 3068 3210 3107 ea
3241 3056 3371 3106 sunt

89 3161 225 3198 τοτε
273 3143 521 3199 διδοῦντα
571 3146 824 3213 ἐξουσίαν
868 3150 1157 3222 τοιαύτην,
1212 3153 1671 3227 συνφθεγγόμενοι

1789 3163 1837 3212 et
1871 3163 2142 3211 vocantur
2175 3161 2343 3223 atque
2367 3159 2426 3205 ut
2450 3151 2689 3206 habeant
2724 3148 2834 3203 dici
2871 3146 3164 3201 manifesta
3200 3142 3360 3202 fiunt,

93 3236 199 3289 καὶ
224 3239 394 3307 ἡμεῖς
422 3237 501 3307 τῷ
517 3238 837 3311 Εὑαγγελίῳ
869 3241 966 3295 σὺν
987 3241 1108 3313 Θεῷ
1128 3245 1244 3307 τοῖς
1271 3245 1597 3315 ἀνθρώποις.

1777 3246 1928 3303 velut
1989 3243 2152 3298 docet
2199 3242 2523 3311 Apostolus,
2569 3247 2631 3293 ut
2677 3253 2804 3294 eum
2850 3237 3058 3308 jugiter
3108 3233 3368 3287 laudibus

80 3326 473 3397 celebremus,
526 3329 621 3399 qui
683 3331 849 3386 talem
909 3330 1061 3388 dedit
1141 3342 1497 3403 potestatem,
1546 3345 1602 3393 et
1656 3347 1743 3397 est
1805 3350 2024 3406 semper
2093 3333 2347 3397 daturus,
2404 3331 2693 3400 loquentes
2749 3337 2804 3384 et
2847 3327 2954 3397 ipsi
3021 3325 3368 3382 sermonibus

88 3417 436 3486 evangelicis
465 3431 592 3472 eum
628 3418 965 3476 hominibus.

164 3535 391 3598 Ταύτας
427 3534 610 3589 τοίνυν
639 3534 751 3589 τῶν
772 3536 1066 3607 ἐγκωμίων
1100 3537 1374 3602 συλλαϐάς
1408 3530 1443 3594 ό
1460 3541 1678 3612 λεχθεὶς

85 3630 164 3697 ἀγ
173 3627 407 3689 ιώτατος
426 3625 726 3690 ἐπίσκοπος
744 3624 820 3691 ὡς
842 3626 1179 3699 εὐπρεπείας
1195 3629 1388 3698 λόγους
1414 3631 1676 3702 ἐπήξατο,

87 3717 347 3789 φοϐερῶς
399 3716 500 3787 τὴν
544 3716 700 3784 τάξιν
752 3716 986 3788 ἐχούσας
1037 3718 1174 3792 πρὸς
1228 3719 1519 3789 διόρθωσιν
1566 3722 1678 3777 τῶν

88 3809 298 3882 ζηλοῦν
348 3808 645 3862 ἐθελόντων
676 3808 769 3866 τδν
798 3809 1094 3878 άγγελικδν
1120 3810 1235 3881 βίον
1263 3811 1359 3865 τοῦ
1396 3812 1548 3867 ὁσίου
1575 3815 1681 3867 Πα-

86 3900 223 3971 τρὸς
275 3898 440 3969 ἡμῶν
479 3899 787 3954 Παταπίου.
832 3900 977 3954 Ἀλλ’
1029 3901 1111 3955 δτι
1160 3902 1327 3968 δόξαν
1384 3899 1481 3958 καὶ
1508 3905 1679 3976 τιμὴν

88 3989 375 4060 ἀμφιάσαι
414 3987 626 4054 τοῦτον,
657 3990 685 4041 ό
713 3987 981 4042 διδάσκων
1031 3988 1233 4058 γνῶσιν
1280 3992 1393 4054 τοῖς
1413 3992 1480 4061 τῇ
1513 3988 1679 4061 σοφίᾳ

89 4077 526 4152 προσεδρεύουσι
576 4078 735 4149 μόνος
770 4079 1025 4150 ἠθέλησε.
1069 4097 1087 4132 ι
1141 4080 1358 4151 Κράτος
1420 4080 1532 4151 γὰρ
1574 4083 1676 4150 τῆς

92 4171 478 4243 μεγαλοσύνης
524 4168 691 4223 αὐτοῦ
726 4171 811 4233 τίς
849 4169 1245 4242 ἐξαριθμήσας
1281 4189 1302 4224 ι
1333 4169 1509 4234 Αὐτὸς
1559 4170 1673 4240 δῴη

90 4262 186 4315 καὶ
212 4261 353 4331 ἡμῖν
384 4258 543 4326 λόγον
572 4260 631 4312 ἐν
658 4257 859 4323 ἀνοίξει
901 4258 996 4312 τοῦ
1061 4259 1351 4329 στόματος,
1383 4262 1412 4313 ό
1442 4259 1553 4324 ζῶν
1593 4260 1671 4324 είς

88 4353 180 4404 τὸν
207 4350 413 4412 αἰῶνα,
441 4351 593 4412 ὅπως
636 4349 732 4403 καὶ
756 4351 920 4419 ἡμεῖς
957 4350 1096 4415 μετὰ
1122 4350 1289 4404 πόθου
1317 4352 1434 4414 τοῖς
1454 4354 1671 4415 πιστοῖς

91 4441 517 4513 παραδώσωμεν
538 4439 607 4492 τὰ
626 4441 767 4509 μετά
809 4440 1039 4495 θάνατον
1094 4442 1262 4496 αὐτοῦ
1286 4443 1546 4511 γεγονότα
1572 4459 1670 4512 χα-

1850 3530 1960 3586 Has
1998 3528 2187 3598 itaque
2220 3527 2495 3581 sermonis
2531 3522 2828 3579 laudatorii
2892 3522 3138 3593 syllabas
3169 3520 3366 3592 praefa-

1779 3634 1871 3681 tus
1928 3618 2319 3678 sanctissimus
2364 3616 2702 3687 episcopus,
2754 3615 2906 3667 velut
2938 3613 3157 3667 decoris
3197 3612 3364 3666 verba

1779 3712 2113 3785 composuit,
2174 3724 2409 3778 quarum
2461 3714 2564 3762 est.
2595 3704 2863 3760 terribilis
2906 3703 3043 3791 ordo
3072 3703 3138 3757 ad
3169 3717 3361 3758 eorum

1768 3803 2235 3865 emendationem,
2275 3799 2367 3869 qui
2390 3796 2696 3868 angelicam
2730 3795 2910 3849 sancti
2949 3792 3130 3848 Patris
3171 3792 3351 3847 nostri

1778 3893 1995 3966 Patapii
2020 3892 2218 3955 vitam,
2245 3889 2479 3960 cupiunt
2508 3885 2782 3941 aemulari.
2814 3885 2955 3950 Quia
2994 3883 3360 3938 nihilominus

1776 3986 1954 4042 voluit
1986 3984 2081 4054 qui
2115 3982 2271 4038 solus
2293 3980 2583 4036 scientiam
2619 3976 2823 4032 docet°
2860 3975 3145 4047 sapientiae
3173 3973 3361 4031 studio

1778 4079 2055 4144 assiduos,
2124 4085 2186 4130 ut
2227 4076 2275 4131 is
2333 4073 2566 4146 gloriam
2632 4080 2686 4128 et
2729 4071 2994 4126 honorem
3046 4069 3301 4125 indueret
3343 4087 3358 4124 :

1778 4168 1938 4233 Nam,
1973 4186 1993 4219 ι
2060 4166 2321 4221 virtutem
2392 4160 2789 4233 magnitudinis
2828 4161 2955 4231 ejus
2987 4160 3113 4230 quis
3137 4174 3363 4215 enume-

1772 4260 1919 4314 rabit
1946 4258 2020 4312 Μ
2057 4276 2076 4309 ι
2110 4256 2228 4322 Ipse
2259 4254 2424 4309 etiam
2451 4268 2760 4308 sermonem
2785 4253 2945 4307 nobis
2977 4253 3031 4305 in
3060 4253 3174 4307 oris
3198 4266 3358 4320 aper—

1774 4338 1930 4405 tl‘bne
1984 4347 2199 4403 dederit
2226 4355 2277 4408 (Ι,
2318 4344 2411 4413 qui
2450 4343 2505 4396 in
2542 4343 2807 4397 aeternum
2864 4343 3001 4395 vivit
3031 4358 3047 4403 ;
3079 4350 3139 4396 ut
3167 4350 3220 4396 et
3256 4341 3361 4410 ipsi

1777 4456 1898 4512 quae
1970 4447 2094 4509 post
2128 4439 2249 4507 ejus
2283 4446 2517 4490 mortem
2567 4434 2821 4490 exhibita
2848 4440 2978 4489 sunt
3014 4433 3205 4488 divina
3236 4448 3359 4485 mu-

93 4500 358 4606 ρίσματα.
386 4500 552 4601 λέγει
570 4500 664 4587 οῦν
683 4535 712 4586 ό
753 4533 1185 4605 Ἐκκλησιαστὴς
1211 4500 1463 4605 Σολομῶν
1483 4550 1498 4564 ·
1532 4552 1551 4584 ι
1573 4500 1668 4586 λί-

1789 4500 1929 4598 iera,
1971 4500 2266 4589 Idesiderio
2339 4528 2594 4584 ﬁdelibus
2678 4528 2984 4583 tradamus.
3042 4526 3132 4582 Ait
3193 4525 3358 4595 igitur

90 4643 270 4691 καιος,
301 4626 400 4679 ἐάν
435 4624 617 4696 φθάσῃ
648 4624 991 4697 τελευτῆσαι,
1011 4626 1070 4679 ὲν
1105 4625 1411 4679 ἀναπαύσει
1439 4624 1615 4678 ἔσται.
1647 4643 1666 4675 ι

90 4717 200 4771 Καὶ
226 4718 397 4772 πάλιν
423 4717 561 4787 φησί
578 4721 648 4769 ”ι
672 4717 908 4772 Δικαίων
935 4717 1108 4788 ψυχαὶ
1133 4718 1192 4769 ἐν
1219 4717 1369 4788 χειρὶ
1390 4715 1621 4787 Κυρίου.
1644 4735 1663 4769 ι

93 4811 198 4865 Καὶ
262 4811 385 4882 μετ’
415 4809 573 4880 ὀλίγα
609 4825 624 4841 °
664 4828 683 4862 ι
719 4810 785 4863 Ἦ
804 4811 964 4871 ἐλπὶς
985 4807 1166 4862 αὐτῶν
1195 4808 1500 4868 ἀθανασίας
1528 4808 1671 4877 πλή-

94 4920 208 4974 ρης.
244 4922 267 4955 ι
304 4902 401 4955 Διό
428 4916 596 4972 φημι,
627 4901 922 4972 ἀγαπητοὶ,
947 4901 1030 4954 ὅτι
1055 4902 1088 4967 ἡ
1119 4898 1228 4952 τῶν
1254 4898 1504 4952 ἐντεῦθεν
1531 4899 1671 4970 πρὸς

88 4997 155 5048 τά
184 4997 309 5049 ἐκεῖ
342 4994 760 5065 μεταφοίτησις,
815 4995 930 5055 τοῖς
946 4993 1125 5061 άγίοις
1156 4988 1392 5053 πλοῦτος
1426 4990 1518 5044 καὶ¹
1537 4989 1664 5055 δόξα

88 5085 430 5157 εὑρίσκεται.
467 5085 531 5139 El
561 5084 671 5155 γάρ
703 5086 798 5138 καὶ
826 5084 887 5139 τὸ
906 5084 1107 5153 γεῶδες
1144 5082 1343 5152 σκῆνος
1375 5080 1435 5145 ἐξ
1459 5077 1528 5154 ἦς
1557 5081 1666 5151 γῆς

85 5176 391 5246 διεπλάσθη
416 5175 820 5242 ἐναποτίθεται,
843 5176 960 5232 ἀλλ’
988 5174 1089 5229 οὐκ
1122 5173 1525 5245 ἀπεσχισμένον
1556 5172 1669 5243 ἔχει

88 5268 298 5337 νοητῶς
327 5268 391 5321 τὸ
418 5267 711 5337 ὁμόφυλον.
743 5266 978 5331 Σώςοιτο
999 5265 1111 5336 γὰρ
1134 5261 1195 5316 τὸ
1222 5263 1344 5316 κατ’
1369 5262 1553 5318 εἰκόνα
1575 5265 1670 5318 καὶ

158 5463 187 5503 ιι
218 5464 261 5517 ll
287 5466 418 5522 Cor.
459 5483 534 5527 vr.
562 5466 659 5522 16.
729 5464 746 5505 ¹
786 5468 972 5522 Matth.
998 5484 1073 5533 IX,
1108 5467 1207 5533 16.
1272 5478 1310 5506 ιη
1332 5466 1474 5521 Psal.
1504 5482 1673 5530 van,
1706 5468 1763 5530 5,

1148 5532 1313 5606 'Sap.
1347 5549 1427 5598 In,
1452 5535 1503 5591 1.
1539 5538 1556 5573 ι
1592 5535 1800 5592 ἱ1›ἰι1.4.

87 5543 115 5583 1
157 5533 358 5605 Ephes.
390 5553 462 5601 vr,
497 5537 583 5591 19.
664 5546 685 5573 τ
724 5536 852 5608 Sap.
887 5552 960 5601 iv,
993 5537 1044 5594 7.

1776 4629 2142 4683 Ecclesiastes
2190 4623 2495 4677 Salomon:
2534 4639 2554 4673 ι
2589 4619 2783 4675 Justus
2832 4627 3037 4685 autem,
3088 4620 3133 4675 si
3178 4627 3357 4673 morte

1775 4725 2194 4791 praeoccupatus
2219 4716 2407 4778 fuerit,
2447 4715 2500 4768 in
2534 4713 2821 4783 refrigerio
2840 4714 2947 4768 erit
2983 4723 3028 4766 ι’.
3072 4732 3089 4764 ι
3118 4712 3357 4767 lterum-

1773 4827 1881 4881 que
1909 4812 1984 4863 ait
2015 4828 2027 4864 :
2068 4830 2087 4861 ι
2124 4809 2408 4863 Justorum
2443 4807 2641 4860 animae
2666 4806 2720 4858 in
2757 4821 2923 4860 manu
2951 4806 3045 4860 Dei
3082 4813 3214 4862 sunt
3245 4813 3290 4859 ³.
3327 4825 3347 4857 ι

1776 4903 1835 4956 Ει
1871 4911 1995 4971 post
2021 4917 2190 4972 pauca
2237 4917 2249 4953 :
2295 4918 2313 4951 ι
2350 4899 2486 4974 Spes
2511 4914 2703 4953 eorum
2740 4899 2899 4969 plena
2933 4909 3018 4953 est
3062 4900 3351 4953 immorta-

1775 4995 1930 5049 litate
1961 4995 2006 5047 ι.
2053 5013 2071 5046 ι
2132 4974 2500 5058 Quamobrem
2527 4991 2673 5056 dico,
2707 4992 2915 5057 dilecti,
2964 4992 3351 5057 migrationem

1776 5085 1846 5139 ab
1877 5085 1978 5140 hac
2021 5084 2093 5138 ad
2129 5086 2354 5137 alteram
2405 5084 2597 5147 vitam,
2623 5085 2848 5139 divitias
2876 5085 3086 5139 sanctis
3109 5084 3349 5138 inveniri

1775 5184 1830 5231 et
1880 5177 2112 5246 gratiam
2147 5193 2162 5242 ;
2196 5190 2514 5245 quanquam
2547 5176 2693 5231 enim
2760 5176 3173 5230 tabernaculum
3245 5174 3351 5227 hoc

1775 5277 2054 5324 terrenum
2095 5268 2148 5323 in
2183 5275 2385 5323 terram
2419 5266 2731 5339 deponatur
2758 5282 2825 5322 ex
2868 5281 2977 5335 qua
3015 5265 3202 5320 [ictum
3241 5271 3347 5325 est,

1839 5479 1864 5506 η
1894 5469 2000 5525 lsa.
2034 5486 2084 5537 L,
2107 5471 2190 5525 11.
2271 5479 2295 5506 ο
2336 5471 2480 5528 Psal.
2520 5484 2670 5535 xcru,
2700 5468 2786 5524 10.
2880 5479 2908 5519 P
2936 5469 3101 5525 Eccli.
3124 5471 3343 5530 nunt.

1360 5724 1591 5781 VARI/Ii
1620 5725 2006 5783 LECTIONES
2029 5772 2040 5783 .

160 5814 209 5849 “
244 5812 333 5867 Ισ.
363 5812 774 5882 ἑγκαταλαϐεἰν,

2155 2344 2221 2383 ac
2286 2327 2435 2383 velut
2482 2326 2727 2397 ejusdem
2801 2324 3037 2380 rationis
3086 2338 3210 2378 cum
3259 2322 3372 2394 igni
3440 2378 3489 2403 _.
