3824 6212
175 403 298 472 ίὲί5

1446 411 1532 473 ΙΝ
1566 411 1629 472 S.
1667 412 2086 478 PATAPIUM.

3288 421 3451 485 1216'

171 522 338 584 αὐτοῖς
360 520 422 573 τὸ
446 520 832 593 γεγραμμένον
859 539 872 555 ·
906 541 924 576 t
964 524 1211 594 Ἀδελφοί
1242 543 1345 597 μου
1377 527 1513 599 γὰρ,
1544 530 1729 600 φησὶν,

1844 528 1927 585 Ait
1949 531 2096 586 enim
2126 549 2140 587 :
2169 530 2422 588 tFratres
2447 532 2639 595 mei.si
2672 533 2798 603 quis
2825 533 2881 588 in
2910 532 3071 588 vobis
3096 534 3366 589 erraverit
3389 551 3422 589 a

172 611 260 665 ἐάν
286 629 367 674 τις
391 612 450 664 ἐν
486 612 615 684 ὑμῖν
637 612 887 685 πλανηθῇ
910 615 1018 669 ἀπὸ
1040 617 1139 687 τῆς
1163 617 1284 671 όδοῦ
1317 619 1416 690 τῆς
1445 619 1727 691 ἀληθείας,

170 705 257 757 καὶ
278 704 581 776 ἐπιστρέψῃ
603 723 684 770 τις
712 706 895 771 αὐτὸν,
931 709 1250 776 γινωσκέτω
1276 711 1361 763 ὅτι
1395 711 1732 782 ἐπιστρέψας

171 795 482 866 ἁμαρτωλὸν
506 799 570 849 ἐκ
595 797 805 869 πλάνης
856 799 978 853 ὁδοῦ
1029 801 1221 863 αὐτοῦ,
1265 802 1431 855 σώσει
1464 801 1642 873 ψυχὴν
1668 805 1733 856 ἐκ

169 887 408 950 θανάτου,
466 888 563 941 κα)⁸
595 890 826 958 καλύψει
866 891 1069 962 πλῆθος
1116 893 1421 964 ἁμαρτιῶν.
1457 913 1474 944 ι
1529 894 1731 946 Τοῦτον

166 976 252 1033 οῦν
278 979 366 1031 τὸν
398 981 456 1031 ἐν
480 980 731 1049 οὐρανοῖς
754 981 947 1046 μισθὸν
991 984 1360 1055 ἀποκείμενον
1382 984 1570 1038 λοιπὸν
1601 984 1732 1055 κλη-

169 1071 525 1143 ρωσάμενοι²⁸
588 1073 637 1124 οί
695 1074 1104 1146 προῤῥηθέντες
1157 1076 1464 1140 θεοσεϐεῖς,
1523 1078 1730 1149 ἤγαγον

163 1165 324 1236 αὐτὴν
360 1164 441 1227 είς
485 1166 851 1236 μοναστήριον
901 1168 1266 1237 καταμικρδν,
1315 1168 1633 1238 βουλόμενοι
1663 1170 1728 1238 τῇ

163 1253 526 1324 παρακλήσει,
559 1254 702 1308 κατὰ
725 1255 786 1308 τὸ
819 1256 1052 1325 πρέπον,
1087 1259 1406 1326 εἰσαγαγεῖν
1434 1258 1605 1328 αὐτὴν
1636 1258 1732 1311 καὶ

162 1343 467 1414 περιορῖσαι
486 1346 545 1396 ἐν
568 1347 645 1415 τῷ
678 1349 858 1399 ἐκεῖσε
883 1346 997 1400 ὄντι
1024 1348 1225 1414 κελλίῳ
1244 1365 1257 1377 ·
1284 1344 1354 1419 ἦν
1382 1349 1493 1418 γὰρ
1518 1350 1545 1401 ὁ
1565 1347 1733 1409 τόπος

159 1436 249 1489 τοῦ
282 1438 459 1489 ἐκεῖσε
483 1437 714 1508 ἀρχαίου
746 1439 1163 1511 ἐγκλειστηρίου
1186 1440 1570 1512 ἠσυχαζοῦσης
1604 1440 1733 1509 μιᾶς

156 1526 214 1577 ἐν
238 1525 383 1596 αὐτῷ
402 1541 416 1554 ’
444 1528 595 1589 ὅπως
623 1528 700 1597 μὴ
732 1528 893 1597 δῆθεν
933 1529 1094 1583 πάλιν
1117 1529 1357 1602 ἐκφύγῃ.
1408 1529 1732 1598 Ἐπισκὲψει

155 1612 248 1670 οὖν
290 1617 410 1688 θείᾳ
437 1618 574 1689 αὐτῇ
617 1621 1027 1691 συνερχόμενοι,
1051 1622 1111 1675 οὐ
1142 1621 1382 1676 διέλιπον
1412 1620 1732 1676 νουθετοῦν-

157 1725 262 1771 τες.
295 1709 502 1779 Συνέὕη
521 1710 578 1763 δὲ
607 1710 778 1780 αὐτὴν
806 1712 922 1781 μετ’
940 1713 1000 1765 οὐ
1031 1712 1168 1766 πολὺ
1186 1712 1474 1784 ἀρρωστίᾳ
1498 1729 1735 1784 περιπε-

155 1802 291 1854 σεῖν.
324 1801 445 1854 Ἐτι
477 1802 535 1854 δὲ
559 1801 665 1854 ὑπὸ
692 1804 789 1872 τῆς
816 1803 974 1856 νόσου
1007 1804 1230 1868 πυκνῶς
1257 1806 1302 1837 ³⁸
1327 1804 1729 1876 βαρυνομένης.

1840 622 2101 687 veritate,
2165 629 2221 678 et
2276 628 2615 679 converterit
2662 626 2788 695 quis
2852 640 3001 690 eum,
3051 624 3198 680 scire
3256 624 3423 680 debet

1839 712 2100 781 quoniam
2129 712 2223 782 qui
2258 716 2508 769 converti
2540 714 2728 770 fecerit
2760 723 3111 786 peccatorem
3141 715 3210 769 ab
3233 729 3423 770 errore

1838 804 1941 858 viae
1992 820 2128 868 suae,
2156 806 2387 860 salvabit
2415 808 2655 860 animam
2688 822 2717 860 a
2747 816 2923 861 morte
2965 806 3100 877 (96),
3127 816 3182 863 et
3210 808 3423 876 operiet

1841 897 2249 953 multitudinem
2286 910 2641 969 pecpatorum
2671 906 2756 952 1.»
2793 898 2945 953 lianc
2966 899 3137 968 igitur
3173 900 3227 952 in
3263 898 3422 954 caelis

1839 988 2141 1055 repositam
2198 990 2510 1045 mercedem
2560 989 2825 1059 deinceps
2864 991 3238 1052 consecuturi,
3284 1004 3424 1059 prae-

1842 1078 1936 1133 fati
1974 1080 2220 1151 religiosi
2277 1082 2403 1144 viri,
2441 1082 2711 1151 paulatim
2749 1081 2816 1135 ad
2866 1083 3267 1136 monasterium
3300 1096 3425 1151 per-

1839 1180 2150 1236 traxerunt,
2195 1171 2249 1225 id
2288 1182 2542 1242 agentes,
2582 1181 2641 1227 ut
2670 1172 2830 1241 juxta
2861 1172 3010 1242 quod
3044 1180 3163 1226 erat
3188 1187 3423 1226 consen-

1839 1273 2060 1321 taneutn
2082 1265 2363 1322 inductam
2399 1266 2783 1332 suasionibus,
2814 1267 2870 1320 in
2908 1267 3012 1319 loci
3050 1265 3201 1319 illius
3226 1264 3425 1319 cellula

1842 1359 1999 1429 (erat
2036 1361 2185 1413 enim
2240 1359 2398 1415 locus
2424 1361 2630 1415 veteris
2669 1360 2786 1414 illic
2836 1358 3152 1424 inclusorii,
3186 1359 3278 1412 ubi
3314 1372 3427 1411 mo-

1839 1452 2015 1506 nacha
2081 1466 2189 1506 una
2234 1460 2420 1522 ageret
2468 1451 2712 1521 quietam
2777 1451 2970 1515 vitam,
3043 1466 3110 1505 eo
3162 1449 3423 1503 nimirum

1839 1541 2078 1597 consilio
2103 1548 2162 1594 ut
2184 1556 2250 1595 ne
2271 1557 2492 1596 rursum
2512 1540 2754 1612 effugere
2776 1548 2960 1609 posset
2985 1540 3002 1609 )
3039 1539 3419 1594 includerent.

1839 1635 1973 1690 Eam
2026 1635 2211 1704 itaque
2267 1632 2584 1687 admirabili
2622 1634 2970 1703 inspectione
3019 1646 3085 1686 ac
3112 1646 3248 1686 cura
3287 1646 3426 1685 con-

1838 1726 2143 1789 venientes,
2198 1724 2642 1781 non.cessahant
2692 1723 3195 1779 commonefacere.
3255 1720 3424 1775 Porro

1841 1817 2075 1886 contigit
2109 1825 2167 1869 nt
2194 1817 2357 1886 paulo
2388 1823 2514 1884 post
2552 1814 2609 1868 in
2642 1814 2893 1884 morbum
2924 1812 3215 1866 incideret.
3263 1809 3427 1866 Cum-

156 1893 251 1945 καὶ
283 1893 341 1945 ἐν
372 1893 686 1962 ἀπογνώσει
743 1894 929 1963 ὁρῶσα
960 1897 1197 1968 ἑαυτὴν,
1234 1899 1417 1969 ᾐτεῖτο
1443 1898 1541 1962 τὰς
1574 1896 1732 1951 ἀδελ-

1844 1923 1940 1978 ]υο
1979 1905 2160 1960 adhuc
2210 1907 2458 1977 graviter
2489 1904 2681 1958 morbo
2742 1910 3111 1972 premeretur,
3164 1915 3229 1954 ac
3262 1916 3322 1955 se
3350 1900 3427 1954 vi-

149 1983 258 2050 φάς
284 1985 415 2053 πρὶν
447 1983 479 2053 ἢ
513 1984 803 2038 ἀποδοῦναι
830 1986 892 2039 τὸ
923 1987 1166 2058 πνεῦμα,
1221 1990 1373 2052 ὅπως
1413 1990 1509 2044 καὶ
1558 1991 1730 2062 αὐτὴν

148 2072 464 2144 ἐμϐάλωσιν
490 2074 569 2137 εἰς
595 2073 693 2145 τὴν
734 2075 1118 2148 ἐγκλείστραν,
1146 2078 1241 2131 καὶ
1271 2081 1388 2132 ἐκεῖ
1413 2079 1515 2150 τῆς
1543 2083 1732 2133 τελευ-

145 2167 245 2236 τῆς
274 2166 507 2238 ἀξιωθῇ.
535 2167 659 2220 Ἐπὶ
710 2169 846 2222 πολὺ
875 2169 931 2223 δὲ
964 2171 1134 2239 αὐτῆς
1166 2171 1544 2245 ἱκετευούσης,
1578 2174 1727 2238 ὅπως

142 2260 236 2314 διὰ
257 2260 452 2314 τοῦτον
482 2260 793 2330 ἀποσϐεσθῇ
815 2264 846 2332 ή
870 2263 1173 2331 ἀναφθεῖσα
1192 2263 1326 2332 φλὸξ
1344 2263 1439 2318 τοῦ
1459 2264 1729 2332 ἐναντίου,

140 2353 312 2417 ὁ,τῶν
341 2354 722 2408 ἀποστατικῶν
761 2355 1047 2424 δυνάμεων
1085 2359 1479 2427 πρωτοστάτης
1511 2357 1732 2425 ἐκπέμ-

143 2464 241 2500 πει
286 2447 426 2517 πρὸς
454 2448 627 2517 αὐτὴν
656 2448 995 2518 ταραχώδεις
1037 2450 1128 2501 καὶ
1166 2447 1433 2518 ζοφεροῦς
1467 2450 1577 2502 τῶν
1606 2450 1734 2503 ἐαυ-

140 2534 240 2589 τοῦ
300 2537 573 2604 ἀγγέλων,
623 2536 886 2605 ἐμφανῶς
928 2538 1065 2608 αὐτῇ
1093 2537 1401 2605 κράζοντας
1424 2556 1437 2569 ·
1473 2539 1540 2591 Τί
1570 2538 1733 2592 τοῦτο

145 2627 328 2690 θέλεις
359 2630 602 2698 ποιῆσαι,
635 2621 986 2698 Musam;
1030 2628 1363 2699 Ἐπίστρεφε
1395 2630 1532 2699 πρὸς
1561 2630 1733 2699 ἡμᾶς·

143 2720 305 2774 οὐδὲν
328 2720 579 2787 ὠφελεῖς.
598 2720 843 2788 Ἐγένετο
861 2719 918 2772 δὲ
943 2721 1107 2773 τοῦτο
1129 2719 1214 2788 ἐφ’
1241 2719 1448 2783 ἱκανοῦ,
1468 2714 1608 2774 ὥστε
1634 2720 1733 2790 τὴν

142 2817 387 2882 γυναῖκα
418 2814 632 2881 ἄφωνον
659 2813 895 2867 κεῖσθαι.
915 2815 1035 2867 Τῶν
1064 2809 1159 2866 οὖν
1182 2813 1430 2867 εὐλαδῶν
1454 2813 1733 2881 γυναικῶν

139 2905 347 2977 τῶνῦἐν
375 2908 438 2975 τῇ
476 2907 608 2976 μονῇ
661 2905 833 2958 ταῦτα
882 2904 1245 2976 θεωρουσῶν,
1304 2906 1398 2958 καὶ
1429 2906 1487 2958 ἐν
1522 2886 1734 2976 ἀθυμίᾳ

138 2995 479 3065 γενομένων,
534 2996 739 3067 ὁρῶσαι
764 2997 824 3049 τὸ
856 2997 1058 3066 πτῶμα
1104 2997 1298 3061 δεινὸν,
1329 2994 1485 3049 εἷπον
1524 3000 1581 3050 ἐν
1608 2999 1733 3050 ἐαυ-

141 3090 293 3149 ταῖς
322 3088 545 3150 Πάντως
571 3088 841 3142 ἀποδώσει
873 3090 970 3159 τὴν
1000 3089 1180 3159 ψυχὴν
1203 3093 1263 3142 ἐν
1294 3087 1582 3159 συντομία.
1602 3087 1730 3140 Ἐπὶ

149 3179 295 3232 πολὺ
328 3180 385 3233 δέ
430 3180 754 3252 σαγηνεύειν
800 3181 971 3251 αὐτὴν
1000 3180 1202 3233 ἐθέλων
1243 3184 1272 3234 ὁ
1319 3180 1584 3243 ἀντίθεος,
1636 3179 1734 3232 καὶ

1835 1999 1990 2052 deret
2018 1997 2384 2065 desperatam,
2423 2008 2624 2065 rogare
2660 1993 2830 2063 cuspit
2861 2007 3082 2047 sorores
3114 2001 3192 2057 ut,
3229 1991 3423 2060 prius-

1834 2104 2024 2167 quam~
2058 2088 2296 2144 traderet
2353 2088 2639 2157 spiritum,
2676 2087 2730 2141 in
2793 2086 3074 2157 ejusmodi
3136 2084 3425 2155 injicerent

1832 2181 2222 2244 inclusorium,
2245 2180 2522 2250 dignaque
2549 2181 2847 2235 haberetur
2877 2194 3002 2249 qua:
3035 2179 3150 2232 illic
3171 2175 3274 2232 Ieci
3312 2177 3420 2230 vita

1833 2271 2254 2342 defungeretur.
2293 2272 2387 2324 Sic
2422 2271 2590 2344 igitur
2629 2285 2693 2325 ea
2754 2271 2992 2323 multum
3046 2269 3421 2340 supplicante,

1834 2380 1945 2436 quo
1979 2364 2239 2419 domicilii
2285 2364 2433 2418 illius
2504 2363 2808 2433 asperitate
2838 2376 3162 2416 succensam
3226 2362 3425 2416 adver-

1836 2455 1966 2510 sarii
2001 2454 2277 2508 ﬂammam
2306 2453 2712 2523 exstingueret,
2744 2453 2950 2508 emittit
2969 2466 3173 2520 praeses
3200 2458 3426 2520 aposta-

1836 2554 2021 2600 tarum
2087 2546 2379 2609 virtutum,
2444 2545 2796 2599 turbulentos
2846 2544 3298 2613 caliginosnsque
3328 2557 3427 2596 an-

1835 2634 1988 2703 gelos
2019 2647 2175 2695 suos,
2218 2633 2313 2702 qui
2341 2633 2462 2701 ejus
2490 2633 2785 2702 conspicui
2832 2632 3033 2696 oculis,
3068 2632 3377 2686 clamarent
3409 2649 3422 2685 :

1836 2724 1979 2791 Quid
2047 2726 2152 2779 hoc
2187 2725 2270 2779 vis
2345 2724 2553 2786 facere,
2597 2739 2720 2793 qua:
2763 2724 2843 2778 sis
2900 2722 3127 2778 nostra?
3187 2721 3270 2775 Ad
3323 2736 3427 2775 nos

1834 2827 2145 2884 revertere;
2190 2817 2330 2871 nihil
2357 2817 2598 2887 proficis.
2635 2817 2693 2870 Id
2728 2830 2859 2870 vero
2894 2830 2993 2885 per
3023 2816 3246 2883 longum
3289 2814 3427 2869 satis

1839 2916 2057 2979 tempus
2080 2908 2220 2962 adeo
2245 2916 2304 2961 ut
2332 2909 2552 2972 mulier,
2587 2907 2795 2961 amissa
2818 2921 2977 2967 voce,
3002 2913 3174 2960 strata
3191 2905 3424 2975 jaceret.

1836 3000 1973 3055 Cum
2029 3000 2107 3053 ita
2156 2999 2324 3068 igitur
2360 2999 2563 3053 habere
2610 2997 3028 3067 perspexissent
3076 2996 3198 3065 ejus
3236 3009 3428 3048 mona-

1838 3090 1992 3145 sterii
2018 3089 2474 3144 sanctimoniales
2503 3088 2743 3152 feminas,
2765 3087 2871 3141 diri
2906 3101 3074 3141 casus
3108 3084 3428 3155 spectaculo

1840 3182 2062 3238 consilii
2124 3182 2339 3251 inapes,
2390 3180 2532 3249 apud
2582 3180 2798 3248 seipsas
2854 3178 3166 3233 dixerunt:
3228 3174 3420 3241 Plane,

117 3261 440 3339 ’δεσμεύων
472 3274 641 3343 αὐτῆς
669 3275 768 3342 τὴν
797 3273 1072 3340 γλῶσσαν,
1095 3273 1244 3332 ὅπως
1286 3272 1360 3341 μὴ
1390 3266 1538 3324 αἶνον
1570 3287 1732 3340 προσ-

1844 3273 1997 3328 brevi
2057 3280 2181 3342 aget
2232 3272 2495 3326 animam.
2528 3272 2599 3324 At
2626 3269 2721 3323 Dei
2753 3270 2845 3323 ille
2885 3268 3085 3331 hostis,
3123 3267 3425 3338 plurimum

152 3364 344 3436 φόρως
385 3364 532 3436 δὼσῃ
562 3364 639 3435 τῷ
673 3364 811 3435 Θεῷ,
845 3361 999 3419 εἶπον
1030 3365 1091 3416 ai
1133 3362 1461 3433 μονάζουσαι
1495 3377 1508 3391 ·
1548 3362 1736 3426 Δεῦτε,

151 3457 633 3528 προσκλαύσωμεν
695 3458 770 3528 τῷ
811 3458 1189 3524 ἐξουσιάζοντι
1237 3455 1579 3527 (συνάντημα
1632 3454 1742 3525 γὰρ

151 3549 216 3603 ἓν
244 3553 365 3613 τοῖς
395 3552 562 3604 πᾶσιν
587 3549 768 3622 ἡμῖν),
802 3553 951 3615 ὅπως
976 3553 1128 3625 δώσῃ
1165 3550 1267 3623 τὴν
1296 3549 1475 3621 ψυχὴν
1498 3548 1577 3619 τῷ
1598 3547 1738 3619 Θεῷ.

160 3642 365 3713 Ἡμεῖς
390 3643 450 3695 δέ
484 3644 803 3715 ποιήσωμεν
827 3645 889 3698 τὸ
909 3643 1124 3716 αἴτημα
1148 3644 1323 3717 αὐτῆς
1344 3657 1358 3673 ⁸
1392 3643 1488 3698 καὶ⁸
1513 3642 1742 3713 εισήγα-

149 3754 249 3806 γον
280 3738 457 3809 αὐτὴν
482 3740 562 3801 είς
593 3737 692 3805 τὴν
713 3737 1102 3810 ἐγκλείστραν.

220 4004 617 4073 Διανυκτερίου
638 4005 696 4059 δέ
718 4004 1022 4075 γενομένης
1052 4004 1160 4058 ἀπὸ
1183 4005 1424 4076 ἑσπέρας
1437 4003 1543 4067 ἓως
1571 4001 1737 4071 πρωῒ,

150 4097 250 4162 τὰς
287 4098 449 4169 ῥίζας
484 4096 745 4163 ἐξέκοπτε
768 4097 864 4151 τοῦ
901 4097 1149 4152 ἐναντίου
1177 4100 1209 4168 ἡ
1235 4096 1519 4169 προσευχὴ
1547 4095 1741 4150 τούτου

143 4190 246 4245 τοῦ
264 4191 552 4260 γέροντος,
579 4187 719 4261 [καὶ]
741 4189 924 4252 πάσας
949 4189 1116 4244 αὐτοῦ
1136 4189 1234 4254 τάς
1260 4188 1507 4260 μηχανὰς
1535 4189 1743 4261 εἴργειν

145 4279 245 4331 ἀπ’
282 4279 461 4349 αὐτῆς
524 4278 945 4349 παρεσκεύαζεν
967 4297 981 4311 ο
1074 4280 1171 4334 καὶ
1207 4281 1535 4348 φαινόμενος
1573 4297 1742 4351 προσ-

142 4371 432 4426 διετάτετο
444 4370 651 4439 λέγων’
671 4371 899 4425 Πάντων
928 4372 1036 4426 τῶν
1066 4371 1500 4442 συμϐεϐηκότων
1529 4389 1612 4425 σοι
1641 4374 1743 4442 τὴν

146 4461 467 4533 ἀμνηστίαν
498 4463 527 4514 ὁ
556 4460 743 4529 ἰατρὸς
770 4460 882 4515 τῶν
930 4460 1181 4532 ψυχικῶν
1210 4461 1537 4531 νοσημάτων
1569 4461 1744 4533 λήθην

142 4552 507 4623 ποιούμενος,
567 4550 892 4621 παραδόξως
920 4551 1064 4618 ἕξεις
1080 4551 1125 4583 ²⁷
1158 4550 1314 4604 λύσιν
1347 4550 1457 4605 τῶν
1487 4553 1740 4622 πονηρῶν

1841 3366 2071 3435 cupiens
2095 3379 2299 3433 sagena
2330 3377 2551 3433 capere,
2587 3378 2714 3416 cum
2738 3360 2864 3429 ejus
2898 3360 3141 3428 linguam
3171 3357 3422 3427 ligasset,

1841 3463 1903 3513 ut
1954 3446 2019 3510 ne
2050 3454 2158 3510 Deo
2189 3455 2344 3509 daret
2374 3466 2678 3523 congruam
2726 3449 2962 3514 laudem,
2988 3447 3275 3500 -dixerunt
3311 3460 3427 3500 mo-

1842 3546 2017 3603 niales
2049 3544 2317 3609 :Venite;
2353 3544 2420 3596 ad
2456 3558 2580 3596 eum
2610 3542 2919 3610 lugeamus,
2960 3537 3054 3608 qui
3093 3543 3424 3606 potestatem

1843 3639 2008 3694 habet
2042 3639 2062 3708 (
2088 3637 2290 3707 quippe
2315 3649 2465 3690 unus
2496 3640 2578 3688 est
2598 3631 2758 3685 nobis
2782 3628 3035 3683 omnibus
3062 3626 3320 3679 interitus
3352 3632 3377 3662 ³
3405 3626 3422 3695 )

1845 3741 1905 3787 ut
1936 3729 2175 3784 animam
2208 3729 2316 3782 Deo
2341 3725 2542 3780 tradat.
2576 3722 2685 3777 Nos
2704 3736 2891 3789 porro,
2925 3725 3250 3789 prmstemus
3276 3714 3427 3786 quod

1846 3819 1965 3891 ipsa
2017 3817 2470 3886 rogavit:atque
2526 3813 2583 3867 in
2644 3812 2843 3867 cellam
2905 3809 3055 3864 illam
3116 3806 3427 3863 solitariam

1845 3914 2203 3981 clausamque
2228 3908 2592 3963 induxerunt.
2960 3967 2981 3984 .

1915 4003 2111 4067 Porro,
2144 4001 2238 4057 ubi
2292 4000 2405 4055 illic
2440 4006 2656 4053 noctem
2703 4010 2868 4049 unam
2901 4008 2933 4048 a
2964 4005 3194 4061 vespera
3228 3988 3296 4044 ad
3333 4003 3428 4044 us-

1846 4110 1955 4166 que
1999 4109 2161 4149 mane
2195 4094 2422 4164 egisset,
2458 4089 2763 4146 adversarii
2804 4087 2984 4142 malas
3014 4081 3232 4139 radices
3273 4080 3428 4138 senis

1845 4187 2013 4257 hujus
2040 4188 2285 4256 precatio
2316 4183 2575 4256 exscidit,
2615 4195 2921 4250 omnesque
2956 4179 3025 4233 ab
3063 4193 3122 4231 ea
3158 4175 3279 4242 ejus
3310 4189 3429 4228 nta-

1845 4278 2040 4333 chinas
2069 4275 2350 4332 submovit
2396 4291 2411 4327 :
2449 4274 2537 4327 cui
2587 4273 2755 4328 etiam
2798 4286 2859 4325 se
2887 4268 3248 4338 conspicuum
3286 4279 3431 4335 prte-

1844 4370 2006 4436 bens,
2065 4367 2407 4439 praescripsit
2435 4365 2666 4420 dicens:
2698 4362 2945 4417 Medicus
2980 4359 3072 4414 ille
3101 4357 3425 4411 morborum

1846 4463 2065 4526 animae,
2124 4475 2246 4531 quae
2295 4460 2395 4513 tibi
2452 4457 2779 4512 acciderunt
2824 4453 3106 4514 universa,
3162 4445 3432 4503 oblivioni

1845 4556 2095 4618 tradens,
2131 4569 2161 4607 a
2192 4552 2355 4606 malis
2385 4558 2438 4605 te
2476 4548 2834 4604 illusionibns
2859 4542 3191 4615 mirabiliter
3217 4539 3426 4594 libera-

140 4645 587 4715 φαντασμάτων.
616 4642 708 4697 Διὸ
730 4642 1029 4713 ἐπίστρεφε
1051 4646 1132 4706 εἰς
1159 4643 1417 4714 Χριστὸν,
1440 4643 1538 4714 τὴν
1573 4645 1732 4715 μόνην

1845 4656 2005 4702 turus
2058 4653 2165 4702 est.
2210 4643 2588 4711 Quamobrem
2650 4646 2973 4695 convertere
3020 4633 3089 4688 ad
3115 4631 3430 4698 Christum,

139 4737 486 4807 καταφυγὴν
529 4735 640 4788 τῶν
673 4733 1131 4805 πεπλανημένων,
1186 4734 1281 4789 καὶ.
1306 4734 1592 4807 ἐκνήψασα
1646 4735 1732 4789 καὶ

1844 4738 2065 4793 unicum
2122 4736 2259 4791 illud
2319 4733 2617 4805 sull‘ugium
2672 4745 2869 4788 eorum
2921 4726 3017 4798 qui
3053 4728 3431 4789 exerrarunt;

136 4830 320 4901 βῶσιν
386 4828 652 4892 λαϐοῦσα,
687 4827 1041 4899 μετάπεμψαι
1072 4828 1209 4899 πρὸς
1236 4831 1302 4900 τῇ
1339 4830 1474 4899 μονῇ
1509 4828 1618 4882 τῶν
1647 4831 1732 4881 Λῖ-

1844 4829 2240 4900 evigilansque,
2294 4843 2358 4883 ac
2412 4829 2612 4883 robore
2661 4833 2911 4895 accepto,
2974 4821 3133 4876 mitte
3163 4819 3218 4873 in
3256 4815 3430 4887 [Egy-

134 4921 427 4991 γυπτίων.
474 4919 617 4989 Ἐγὼ
663 4920 771 4991 γάρ
826 4921 942 4990 εἰμι
973 4922 1000 4973 ὀ
1027 4920 1122 4973 τοῦ
1173 4919 1312 4975 Θεοῦ
1340 4920 1526 4984 δοῦλος
1556 4922 1732 4976 Πατά-

1844 4926 2075 4995 ptiorum
2134 4923 2739 4979 monasterium:sum
2807 4913 3108 4986 siquidem,
3179 4909 3273 4965 Dei
3343 4907 3435 4962 ille

133 5032 297 5078 πιος,
334 5013 402 5066 ὃν
433 5012 499 5064 σὺ
518 5011 616 5066 νῦν
663 5013 795 5085 ὁρᾷς
823 5013 1187 5067 συλλαλοῦντά
1234 5031 1338 5075 σοι.
1373 5017 1468 5070 καὶ⁸
1500 5018 1732 5089 ζήτησον

1844 5032 2035 5073 servus
2084 5015 2375 5086 Patapius,
2429 5028 2595 5085 quem
2642 5019 2829 5067 tecum
2870 5009 3191 5077 loquentem
3227 5001 3381 5057 vides
3411 5038 3429 5062 ,

133 5107 201 5159 bc
236 5104 344 5158 τοῦ
374 5106 557 5157 ἐκεῖσε
589 5107 704 5167 τοῖς
731 5104 1019 5160 ἀσθενοῦσι
1052 5108 1434 5178 παρεχομένου
1461 5109 1732 5178 ἁγιάσμα-

1850 5124 1989 5179 eque
2009 5110 2444 5165 sanctificatione
2468 5108 2580 5163 illic
2598 5106 2836 5163 infirmis
2860 5102 2971 5175 (97)
2996 5097 3227 5172 praeberi
3248 5094 3431 5158 solita,

220 5258 484 5321 Πίθων,
512 5259 596 5326 l9,
626 5261 717 5316 20.
796 5271 821 5299 ι
847 5260 1028 5318 Eccle.
1066 5279 1146 5331 ut,
1181 5262 1269 5320 l9.
1434 5329 1673 5388 VAR'E
1705 5332 2088 5391 LECTIONES

1511 5426 1556 5457 ⁸⁷
1591 5427 1676 5480 τσ.
1710 5425 1962 5497 παρέξει.

1477 5538 1873 5596 COMBEFISlI
1904 5540 2137 5596 ΝΟΤᾸΕ.

210 5633 344 5702 (96)
382 5634 624 5691 Salvabit
652 5635 888 5688 animam
913 5652 944 5687 a
966 5643 1153 5690 morte.
1183 5634 1276 5689 Sic
1308 5635 1747 5699 Graecammisso
1851 5647 1902 5691 et
1940 5647 2131 5691 auctor
2152 5637 2400 5704 sequitur
2432 5653 2445 5688 :
2478 5630 2688 5704 qnade
2725 5628 2956 5704 reﬁeda
2983 5636 3030 5704 et
3062 5625 3176 5704 alii.

125 5694 509 5775 αὐτοῦ’(ιιιοό
569 5706 768 5775 ipsum,
810 5714 1038 5776 et__sua,
1066 5712 1119 5761 et
1167 5705 1310 5773 ejus,
1355 5694 1519 5761 reddi
1546 5715 1743 5776 potest.
1927 5708 2039 5771 (97)
2077 5694 2243 5776 Eque'
2280 5694 2733 5776 sanctiﬁcatione
2758 5700 2875 5776 illic
2915 5698 3164 5776 _inﬁrmt's
3210 5694 3431 5776 prvelim

126 5777 272 5831 Hoc
317 5765 599 5830 ultimum.
633 5765 838 5829 habent
877 5765 1036 5844 Vulg.
1091 5765 1374 5846 magisque
1429 5765 1622 5844 prohat
1648 5775 1748 5831 Es-
1855 5765 2036 5834 solita.
2085 5765 2179 5831 Ἐκ
2222 5776 2315 5829 τοῦ
2342 5765 2523 5829 ἐκεῖσε
2563 5776 2677 5836 τοῖς
2710 5765 3003 5846 ἀσθενοῦσι
3051 5765 3428 5846 παρεχομένου

127 5850 307 5914 tius;
358 5846 577 5903 tametsi
613 5861 711 5902 nec
761 5837 1011 5919 primum
1031 5855 1116 5901 est
1167 5837 1557 5915 spernendum,
1599 5847 1746 5920 quod
1859 5849 2223 5920 ἁγιάσματος.
2260 5848 2419 5905 Forte
2454 5862 2483 5903 c
2513 5859 2674 5902 sacro
2702 5843 2850 5909 oleo,
2884 5837 3156 5912 ungendis
3189 5838 3422 5895 inlirmis

259 5427 310 5456 ³⁵
332 5425 427 5478 ια.
459 5423 888 5497 κληρωσόμενοι.
1004 5426 1049 5458 ³⁸
1080 5425 1166 5478 τσ.
1190 5423 1400 5487 δεινῶς.
