3824 6212
460 220 593 287 12251

2378 89 2484 102 ν-η

1648 221 1710 280 s.
1742 216 2074 279 ANDREIE
2114 214 2541 276 CRETENSIS
3482 228 3573 295 εὖ,

521 334 600 387 Ae
628 345 731 387 uos
760 328 1008 399 quidem,
1041 326 1144 383 viri
1179 326 1438 393 studiosi,
1466 326 1589 383 laete
1615 326 1831 391 habuit,
1871 324 2021 398 quid-

2213 324 2322 377 Καὶ
2353 324 2517 393 ἡμεῖς
2567 321 2682 391 μὲν,
2720 315 2763 376 ὧ
2818 323 3147 394 φιλομαθεῖς,
3181 329 3493 404 saepsit)qu
3517 339 3578 392 ἐπὶ

454 425 584 494 quid
613 422 873 493 praefatus
907 420 1298 474 sanctissimus
1336 420 1657 490 episcOpus,
1683 421 1786 476 etsi
1813 421 2033 485 nolens,

452 514 799 581 conscripsit.
831 510 1043 581 Quippe
1079 496 1311 566 adhaasit
1341 511 1589 566 scientiae
1642 512 2033 568 thesaurorum

453 608 507 661 in
537 605 843 675 Scripturis
898 605 1229 673 positorum,
1268 603 1355 658 vir
1396 604 1564 659 Attici
1603 605 1808 674 eloquii
1853 604 2034 661 facili-

453 708 563 753 tate
590 714 654 751 ac
679 704 992 760 venustate,
1041 695 1311 751 exercitio
1354 698 1505 750 omni
1541 698 2031 753 instructissimus.

450 791 818 857 Quamobrem
844 804 966 858 qua:
990 788 1220 845 exordio
1243 790 1704 859 conscripsimus,
1735 791 1858 861 ejus
1874 797 2036 845 erant

449 884 513 935 ad
552 882 846 952 quamdam
880 882 1027 936 velut
1059 882 1480 951 gloriatiouem;
1520 889 1577 935 ut
1607 882 1871 936 nimirum
1914 897 2036 936 ma-

448 990 589 1044 gnus
641 975 689 1028 ei
728 974 891 1027 Pater
943 972 1206 1042 Patapius
1258 974 1312 1027 in
1374 973 1591 1027 visione
1658 973 2029 1042 apparuisset.

452 1065 622 1118 ltatus
654 1073 837 1117 autem
881 1063 1166 1115 modestia:
1211 1076 1335 1115 esse
1383 1061 1461 1130 (l)
1504 1068 1563 1113 ut
1597 1074 1664 1114 ea
1714 1060 2033 1122 silerentur,

449 1152 569 1207 ideo
619 1151 1015 1220 praetermisit,
1078 1166 1186 1205 non
1238 1151 1387 1203 velut
1432 1151 1618 1203 minus
1666 1150 2029 1210 meminisset,

446 1244 539 1298 sed
590 1246 772 1298 sciens
813 1245 1135 1313 volensque.
1182 1243 1254 1295 At
1288 1258 1390 1310 ego
1426 1243 1493 1295 ad
1544 1242 1770 1295 divitias
1819 1243 2035 1295 enitens

445 1336 645 1391 divinae
690 1335 1004 1405 sapientiae,
1049 1333 1199 1389 istud
1258 1334 1461 1401 adjeci.
1517 1333 1755 1403 Quippe,
1791 1333 1858 1385 ad
1908 1348 2033 1388 eum

445 1428 539 1498 qui
572 1428 813 1480 omnium
847 1426 1034 1495 dirigit
1065 1435 1326 1489 mentem,
1356 1441 1455 1479 ceu
1483 1426 1795 1495 ejaculatus
1815 1439 2029 1494 preces,

445 1528 505 1573 ut
556 1521 894 1589 praeberetur
930 1519 1094 1585 digne
1144 1517 1328 1571 dicere
1365 1532 1491 1586 quae
1527 1531 1775 1586 congrua
1819 1525 2031 1583 essent,

446 1613 654 1683 rogavi.
682 1609 870 1681 Neque
893 1610 1038 1663 enim
1072 1610 1324 1663 cultioris
1363 1609 1639 1663 sermonis
1670 1607 1872 1678 gratia,
1906 1606 2034 1661 Pla-

442 1676 625 1757 tonem
661 1676 799 1768 adii,
837 1711 932 1754 aut
972 1698 1364 1770 Pythagoram,
1408 1701 1491 1753 vel
1537 1676 1835 1753 liotnerum
1868 1718 1881 1753 ε
1932 1698 2029 1754 sed
2061 1676 2105 1731 Β

445 1792 733 1862 sapientiae
783 1791 1020 1855 ducem,
1080 1791 1513 1859 sapientumque
1563 1789 2026 1868 moderatorem;

441 1882 589 1952 quod
622 1883 675 1935 iu
710 1882 831 1950 ejus
889 1880 1149 1935 manibus
1199 1881 1376 1934 simus
1436 1880 1562 1949 ipsi,
1625 1895 1691 1935 ac
1742 1896 2029 1937 sermones

442 1974 643 2029 uestri.
692 1972 869 2026 Porro
914 1972 1105 2041 nequit
1145 1987 1174 2025 a
1223 1988 1325 2027 sua
1363 1972 1455 2026 illa
1497 1972 1864 2039 humanitate,
1903 1989 2030 2044 pro-

439 2065 792 2135 pensiorique
826 2063 1206 2118 beneficentiae
1239 2062 1430 2117 studio
1478 2062 1533 2116 in
1583 2062 1886 2117 humanum
1934 2080 2028 2135 ge-

437 2177 541 2214 nus
574 2160 873 2229 prohiberi,
907 2159 1224 2228 mundoque
1255 2157 1584 2213 accedentes
1616 2156 1805 2223 corde,
1828 2171 2027 2212 senso-

438 2266 558 2305 rum
592 2249 896 2320 Scriptura:
936 2252 1215 2303 thoracem
1251 2250 1451 2303 induit.
1493 2246 1769 2315 Quocirca
1812 2248 1897 2303 sic
1924 2247 2023 2302 de-

436 2344 616 2399 crevit
667 2345 912 2397 ouiuium
944 2340 1233 2409 Dominus,
1286 2352 1547 2413 tanquam
1589 2360 1609 2393 ι
1667 2341 1859 2397 fecerit
1906 2340 2026 2410 ipse

436 2436 696 2506 pusillum
722 2442 777 2487 et
807 2449 1091 2504 magnum,
1131 2434 1293 2503 eique
1332 2433 1405 2487 sit
1454 2432 1742 2503 aequaliter
1782 2445 1917 2485 cura
1954 2429 2026 2484 de

434 2527 695 2580 omnibus
724 2524 787 2589 δ,
828 2542 847 2575 ι
887 2532 945 2577 ιιι
986 2533 1040 2577 et
1073 2538 1194 2577 meo
1242 2522 1574 2588 ministerio,
1623 2522 1825 2577 futuris
1858 2534 2026 2592 gene-

435 2616 746 2669 rationibus
778 2614 1027 2668 auditum
1060 2613 1251 2679 faciat,
1296 2624 1356 2668 ut
1387 2615 1459 2668 sit
1490 2614 1755 2669 terribilis
1797 2614 1853 2667 in
1890 2627 2023 2668 san-

435 2716 654 2761 ctorum
696 2708 966 2761 consiliis.
1011 2725 1030 2757 ι
1094 2706 1391 2761 Generatio
1427 2708 1576 2763 enim
1629 2717 1683 2762 et
1737 2706 2024 2777 generatio

436 2798 683 2852 laudabit
731 2812 897 2866 opera
931 2807 1047 2860 tua,
1094 2807 1148 2853 et
1192 2800 1498 2867 potentiam
1549 2809 1699 2854 tuam
1733 2799 2023 2853 annuntia-

437 2895 574 2947 huut
609 2903 672 2957 c;
729 2911 748 2943 ι
785 2901 1048 2960 tuamque
1083 2891 1410 2959 adjutricem
1468 2904 1692 2943 manum
1750 2890 2023 2959 glorifica-

436 2986 596 3047 buut,
622 2985 717 3054 qui
741 2984 1127 3053 obsequuntur
1154 2984 1267 3036 tuis
1293 2982 1605 3051 praeceptis.
1628 2980 2019 3047 Quamobrem,
2049 3023 2095 3085 ϐ

436 3085 494 3130 ιιι
529 3075 710 3131 Patris
747 3076 1096 3144 omnipotens
1151 3071 1370 3135 Sermo,
1423 3076 1561 3127 doce
1617 3087 1720 3127 nos
1771 3073 1899 3143 quid
1951 3074 2023 3127 sit

437 3176 723 3236 acceptum
750 3167 803 3219 in
840 3166 1020 3220 oculis
1047 3166 1182 3227 tuis,
1222 3173 1277 3219 et
1307 3173 1518 3218 rectum
1553 3162 1607 3217 iu
1647 3162 1759 3217 tuis
1792 3162 2025 3216 manda-

439 3260 531 3315 tis.
567 3258 646 3311 Tu
683 3258 830 3313 enim
865 3255 975 3310 dux
1006 3256 1142 3320 eris,
1175 3264 1343 3325 atque
1375 3254 1558 3314 nobis,
1591 3267 1714 3323 quae
1758 3253 1828 3307 ab
1861 3253 2025 3307 initio

438 3351 508 3406 ad
544 3352 778 3405 salutem
817 3349 1047 3420 parasti,
1086 3356 1217 3402 nota
1260 3346 1483 3402 feceris.
1520 3344 1701 3400 Tuum
1731 3360 1859 3400 vero
1896 3361 2028 3400 con-

438 3445 620 3499 silium
681 3445 809 3513 quis
863 3443 1227 3512 cognoverit,
1261 3440 1370 3495 nisi
1422 3448 1479 3493 tu
1529 3436 1752 3493 dederis
1807 3437 2026 3507 sapien-

440 3536 608 3590 tiam?
637 3535 850 3605 Quippe
879 3552 898 3585 ι
931 3534 1250 3588 mortalium
1287 3530 1650 3602 cogitationes
1696 3528 1939 3594 timidas,
1969 3535 2024 3583 et

445 3628 677 3681 incertas
714 3625 1091 3697 providentias
1132 3633 1359 3680 nostras
1401 3622 1465 3685 (ι,
1529 3640 1549 3673 ι
1584 3620 1777 3676 docuit
1808 3627 2023 3673 amator

439 3721 528 3775 ille
564 3720 867 3789 sapientiae.
894 3718 1262 3785 Quamobrem
1306 3714 1457 3771 solus
1485 3714 1601 3783 ipse
1623 3714 1692 3768 de
1736 3712 1878 3767 coelo
1925 3712 2023 3766 de-

438 3813 730 3876 scendens,
761 3812 1028 3866 beneﬁcio
1054 3824 1156 3863 nos
1179 3808 1435 3873 aﬂ‘ecisti,
1455 3814 1784 3876 nostrasque
1805 3819 2023 3859 assum-

437 3905 593 3974 μεὶςιὶ
627 3905 1004 3964 infirmitates,
1040 3910 1096 3956 et
1128 3900 1490 3969 aegritudines
1524 3897 1760 3967 portasti
1798 3914 1812 3952 :
1849 3905 2021 3966 utque

439 4013 506 4051 ne
536 3998 710 4050 ullum
753 3995 1138 4047 mandatorum
1186 3999 1409 4045 tuorum
1462 3991 1825 4053 solveremus,
1878 3989 2023 4045 indi-

437 4087 589 4152 xisti,
622 4087 1078 4152 disceremusque
1113 4097 1221 4136 non
1253 4080 1489 4136 deﬁcere
1541 4094 1606 4134 ac
1648 4082 1836 4135 animo
1887 4095 2022 4135 con-

435 4181 620 4235 cidere
646 4181 699 4232 iu
724 4179 904 4234 malis.
958 4176 1097 4243 Quis
1131 4190 1263 4231 vero
1312 4174 1460 4230 dicat
1491 4188 1615 4243 quae
1666 4172 1886 4239 feceris,
1921 4173 2018 4243 qui

436 4273 654 4327 veneris
689 4272 742 4326 in
773 4269 1062 4329 mundum,
1116 4267 1435 4336 mundoqu‘e
1481 4266 1712 4320 salutem
1765 4267 2016 4320 contule-

2141 413 2279 465 πᾶσι
2322 415 2434 477 τοῖς
2470 412 2575 465 ὑπο
2599 410 2689 464 τοῦ
2714 414 2996 483 εἰρημένου
3034 416 3317 484 ἀγιωτάτου
3343 424 3574 497 ἐπισκόπου,

2140 506 2234 557 καὶ
2292 505 2368 575 μὴ
2421 503 2691 568 θέλοντος,
2716 509 3088 575 ωγγραρεῖσι.
3139 509 3423 575 Συνέζευκτο
3456 522 3577 593 γὰρὸ

2139 596 2279 666 ἀνὴρ
2327 599 2392 667 τῇ
2447 596 2653 665 γνώσει
2698 598 2805 651 τῶν
2847 600 3125 669 Γραφικῶν
3175 602 3439 675 θησαυρῶν,
3481 615 3577 689 πάσῃ

2141 690 2309 759 πείρα
2357 691 2611 758 ’Δττικῆς
2640 690 2907 743 διαλέκτου
2942 693 3358 763 πεπαιδευμένος.
3384 700 3502 756 Ὅθεν
3519 710 3580 759 καὶ

2137 781 2206 833 τὰ
2228 782 2284 833 ἐν
2317 782 2592 851 προοιμίῳ
2614 782 2703 851 ὑφ’
2724 782 2873 853 ἡμῶν
2910 784 3295 855 συγγραφέντα,
3312 789 3445 842 αὑτοῦ
3467 794 3582 866 ὑπῇρο

2136 889 2198 941 χε
2235 872 2336 942 μὲν
2364 875 2444 936 εἰς
2473 874 2762 944 καύχησιν,
2808 875 2981 938 καθὼς
3029 878 3057 928 δ
3099 878 3261 944 μέγας
3308 881 3456 952 Πατὴρ
3487 888 3586 955 αὐτῷ

2137 961 2293 1034 ὤφθη
2345 964 2434 1018 διὰ
2480 966 2582 1034 τῆς
2642 967 2909 1028 ὀπτασίας
2962 967 3241 1031 ῐιατάπιος.
3292 970 3525 1037 Εὐλαὸεἱιις
3558 977 3586 1027 δ’

2137 1051 2231 1107 οὖν
2259 1056 2419 1108 τοῦτο
2446 1058 2476 1108 6
2502 1056 2716 1126 λεχθεὶς
2739 1056 3087 1127 λογισάμενος
3122 1058 3287 1129 ἔργον,
3312 1060 3465 1113 τούτου
3484 1066 3589 1133 χάριν

2133 1149 2308 1200 ταῦτα
2336 1149 2694 1220 παρέδραμεν
2721 1167 2734 1179 ο
2764 1150 2824 1201 οὐ
2863 1148 3233 1213 λανθανάντως,
3256 1150 3358 1203 ἀλλ’
3381 1154 3587 1217 ἑκουσίως.

2149 1236 2290 1305 Ἐγὼ
2320 1238 2397 1301 δὲ,
2452 1240 2531 1308 τῷ
2573 1239 2793 1306 πλοὺτιει
2819 1239 2920 1307 τῆς
2962 1239 3140 1308 θεῖκῆς
3175 1242 3341 1309 σοφίας
3365 1244 3592 1297 emam

2139 1349 2319 1401 μενος,
2370 1334 2528 1386 τοῦτο
2576 1333 2957 1405 προστέθεικα.
3013 1334 3148 1405 Πρὸς
3189 1334 3285 1406 γὰρ
3325 1336 3405 1388 τὸν
3442 1340 3593 1392 πάντων

2133 1424 2434 1497 διορθωτὴν
2473 1426 2574 1495 τὴν
2626 1426 2857 1497 γνώμην
2907 1426 3175 1496 ἡκόντισα,
3218 1428 3343 1490 ὅπως
3373 1447 3445 1497 μοι
3475 1436 3595 1500 mpi-

2137 1532 2241 1586 σχῃ
2276 1517 2454 1569 εἰπεῖν
2492 1516 2660 1581 ἀξίως
2702 1518 2773 1570 τὰ
2819 1518 3111 1589 πρέποντα.
3157 1518 3225 1570 Οὔ
3268 1519 3364 1588 γὰρ
3404 1521 3597 1583 Πλάτωνι,

2135 1607 2168 1677 ἢ
2201 1608 2518 1679 Πυθαγόρᾳ,
2551 1609 2583 1678 ἦ
2629 1609 2769 1679 ’0μὴ
2782 1625 2859 1680 ρῳ
2890 1611 3142 1679 προσείην
3177 1611 3348 1679 μαθεῖν
3369 1614 3448 1681 τὴν
3478 1614 3615 1671 δκῖεεη

2133 1716 2281 1762 κτον,
2319 1700 2456 1754 ἀλλά
2489 1700 2567 1771 τῷ
2609 1700 2713 1771 τῆς
2764 1700 2960 1770 σοφίας
3001 1700 3190 1770 ὁδηγῷ,
3223 1702 3308 1754 καὶ
3348 1702 3437 1754 τῶν
3474 1704 3602 1771 σοφῶν

2131 1789 2424 1861 διορθωτῇ,
2467 1791 2553 1843 ὅτι
2598 1791 2655 1842 ἐν
2681 1792 2748 1861 τῇ
2783 1791 2932 1861 χειρὶ
2971 1789 3149 1853 αὑτοῦ,
3181 1792 3267 1845 καὶ
3301 1793 3434 1861 ἡμεῖς
3467 1794 3541 1845 καὶ
3573 1796 3602 1845 οἱ

2129 1879 2281 1950 λόγος
2304 1882 2483 1951 ἡμῶν.
2531 1881 2843 1936 Ἀκώλυτον
2873 1883 2931 1935 δὲ
2959 1882 3067 1953 ἔχει
3087 1883 3266 1936 ἑαυτοῦ
3296 1883 3353 1935 τὸ
3384 1883 3604 1956 φιλάνθρωο

2135 1988 2261 2038 πον,
2285 1973 2381 2025 καὶ
2401 1974 2515 2035 τοῖς
2551 1973 3021 2044 προσερχομένας
3058 1975 3112 2027 ἐν
3137 1972 3335 2045 καθαρᾷ
3360 1974 3529 2045 καρδία,
3548 1979 3604 2028 ἐν.

2131 2065 2371 2119 διδύσκει
2420 2063 2652 2137 θώρακα
2700 2065 3005 2137 Γραφικῶν
3040 2066 3324 2137 νοημάτων.
3370 2066 3447 2119 Διὸ
3480 2066 3603 2138 ἔκρινε

2127 2157 2290 2211 τοῦτο
2332 2160 2361 2211 ὁ
2395 2158 2617 2211 πάντων
2654 2157 2960 2227 Δεσπότης,
3002 2158 3081 2211 ὅτι
3114 2177 3132 2209 ι
3164 2158 3342 2228 μικρὸν
3381 2161 3461 2212 καὶ
3488 2160 3603 2227 μίγεν

2128 2248 2293 2311 αὐτὸς
2319 2249 2598 2317 ἐποίησεν,
2619 2250 2830 2318 ὁμοίως
2861 2266 2919 2302 τε
2951 2252 3243 2319 προνοεῖται
3270 2250 3382 2319 περὶ
3400 2250 3599 2302 πάντων»

2126 2340 2279 2403 ὅπως
2311 2342 2407 2394 καὶ
2459 2340 2528 2393 δι’
2560 2339 2699 2409 ἐμοῦ
2755 2341 2864 2411 τὴν
2909 2340 3089 2410 φωνὴν
3132 2340 3373 2413 ἀκοντίση
3408 2344 3504 2404 ταῖς
3527 2341 3604 2410 μεθ’

2127 2430 2286 2501 ἡμῶν
2334 2434 2566 2499 γενεαῖς,
2594 2431 2673 2494 ὡς
2715 2432 2954 2503 φοϐερὸς
2999 2433 3056 2483 ἐν
3088 2431 3287 2501 βουλαῖς
3323 2433 3482 2499 ἁγίων.
3509 2433 3604 2484 ιΓε-

2125 2522 2227 2576 νεά
2263 2522 2375 2593 γὰρ
2404 2524 2499 2576 καὶ
2548 2523 2714 2592 γενεὰ
2739 2524 3025 2576 ἐπαινέσει
3056 2522 3122 2576 τά
3157 2523 3284 2595 ἔργα
3319 2540 3419 2585 σου,
3444 2524 3516 2577 καὶ
3542 2523 3607 2591 τὴν

2124 2612 2358 2682 δύναμίν
2406 2629 2502 2667 σου
2558 2615 2964 2683 ἀπαγγελοῦσι,
2994 2612 3153 2686 ἰ’.τήν
3183 2633 3237 2669 τε
3268 2617 3527 2685 ὑπερμαχόν
3549 2631 3605 2665 σου

2126 2707 2284 2777 χεῖρα
2330 2704 2669 2770 δοξάσουσιν,
2724 2707 2774 2758 oi
2807 2709 2925 2770 τοῖς
2956 2706 3326 2778 προστάγμασί
3354 2724 3430 2760 σου
3453 2707 3609 2760 ἀκολου-

2131 2794 2378 2860 θοῦντες.
2425 2798 2538 2859 Διὸ,
2572 2796 2959 2867 παντοδύναμε
2996 2797 3134 2864 Λόγε
3182 2797 3271 2849 τοῦ
3302 2795 3609 2865 Πατρδς,δίδα-

2129 2887 2219 2953 ξον
2250 2889 2399 2958 ἡμᾶς
2438 2887 2493 2941 τί
2523 2887 2761 2958 ἀρεστὸν
2786 2890 2845 2941 ἐν
2874 2887 3172 2957 ὀφθαλμοῖς
3206 2904 3312 2951 σου,
3338 2888 3417 2941 καὶ
3439 2888 3555 2949 εὑθές
3573 2888 3608 2937 ἑν

2125 2981 2248 3041 ταῖς
2275 2978 2518 3041 ἐντολαῖς
2548 2994 2662 3031 σου.
2695 2978 2769 3031 Σὺ
2803 2976 2922 3047 γὰρ
2951 2977 3237 3048 ὁδηγήσεις
3268 2978 3353 3029 καὶ
3387 2977 3604 3046 γνωρίσειε,

2123 3067 2161 3124 ἃ
2189 3068 2497 3140 ἡτοίμασας
2546 3069 2625 3131 είς
2658 3070 2947 3140 σωτηρίαν
2995 3069 3149 3139 ἡμῶν
3181 3070 3427 3138 ἀπαρχῆς.
3470 3064 3607 3134 Bauli;

2124 3160 2182 3215 δέ
2210 3177 2306 3215 σου
2354 3162 2438 3225 τίς
2476 3161 2640 3230 ἐγνω,
2668 3163 2717 3215 εί
2751 3162 2825 3232 μὴ
2882 3162 2949 3214 σὺ
2986 3160 3191 3222 ἔδωκας
3238 3161 3441 3230 σοφίανς
3474 3160 3607 3223 «Anyt-

2128 3256 2257 3324 σμοὶ
2287 3254 2396 3325 γάρ
2436 3252 2647 3323 θνητῶν
2683 3253 2877 3318 δειλοὶ,
2919 3255 3015 3307 καὶ
3048 3253 3350 3321 ἐπισφαλεῖς
3377 3253 3425 3305 ai
3445 3251 3609 3304 ἐπίνοιαι

2125 3346 2342 3418 ἡμῶν.ι
2401 3348 2430 3399 ὁ
2479 3346 2580 3414 τῆς
2622 3346 2818 3415 σοφίας
2868 3345 3115 3417 ἐραστὴς
3156 3345 3361 3410 ἐδίδαξε.
3404 3340 3609 3397 nam

2124 3436 2630 3507 εὐεργετουμένυυς
2666 3436 2836 3506 ἡμᾶς,
2889 3437 3138 3499 καταϐὰς
3183 3436 3241 3501 ἐξ
3280 3433 3475 3505 οὐρανοῦ
3508 3431 3611 3503 μόνος

2124 3528 2437 3595 ἀπέδειξας,
2486 3527 2584 3582 καὶ
2621 3526 2720 3590 τάς
2761 3527 3056 3592 ἀσθενείας
3100 3525 3252 3597 ἡμῶν
3301 3527 3529 3588 ἀνέλαὸες,
3556 3523 3614 3574 καὶ

2122 3620 2223 3685 τάς
2274 3619 2463 3683 νόσους
2520 3618 2876 3683 ἐὸἀστασας·
2921 3621 3019 3673 καὶ
3076 3620 3151 3690 μὴ
3203 3620 3340 3673 λύειν
3383 3612 3612 3687 ἐπηγγείὶυ

2127 3713 2259 3783 μίαν
2289 3711 2396 3766 τῶν
2425 3711 2535 3765 σῶν
2566 3712 2801 3766 ἐντολῶν
2825 3728 2839 3743 ·
2873 3712 2978 3767 καὶ
3002 3712 3273 3768 διδάσκειν
3321 3711 3387 3782 μὴ
3412 3708 3611 3764 ἐκκακεῖν.

2122 3804 2236 3858 Καὶ
2268 3805 2354 3868 τίς
2380 3806 2499 3877 ἐρεῖ
2524 3803 2580 3858 τί
2617 3804 2910 3877 ἐποίησας,
2946 3808 2977 3860 ὁ
3019 3804 3190 3860 ἐλθὼν
3227 3806 3302 3867 είς
3342 3804 3422 3855 τὸν
3449 3802 3610 3868 κόσμον.

2122 3897 2219 3951 καὶ
2255 3895 2437 3959 σώσας
2481 3896 2577 3950 τὸν
2620 3896 2827 3967 κόσμον
2854 3913 2871 3963 ;
2910 3899 2983 3951 Ἦ
3008 3897 3093 3962 τίς
3123 3897 3333 3967 ἀντιστῇ
3359 3894 3427 3966 τῷ
3451 3886 3612 3962 κρίμιτὶ

2122 4005 2217 4042 σου
2249 3982 2296 4057 ᾧ
2323 3988 2590 4059 ἐποίησας
2620 3988 2836 4059 μεγάλα
2855 3991 2959 4045 καὶ
2985 3990 3383 4061 ἀνεξιχνίαστα;
3410 3984 3516 4038 Ἀπὸ
3529 3980 3610 4033 τού-

2121 4099 2231 4135 των
2279 4077 2374 4135 οὖν
2420 4081 2530 4135 τῶν
2575 4081 2671 4135 τοῦ
2720 4081 2982 4153 Σωτῆρος
3047 4082 3249 4155 Κριτοῦ
3309 4078 3393 4134 τοῦ
3431 4068 3609 4142 ἀληθινοῦ

2119 4174 2256 4227 Θεοῦ
2288 4173 2662 4245 διδαγμάτων,
2696 4176 3006 4244 ἀγαπητοὶ,
3026 4175 3322 4244 ἀνοίξωμεν
3349 4171 3495 4238 στόμα
3516 4166 3609 4228 λόγῳ

2119 4267 2278 4332 Θεοῦ,
2330 4268 2427 4320 καὶ
2472 4267 2571 4339 τὴν
2615 4267 2775 4333 δόξαν
2820 4269 2922 4338 τῆς
2973 4266 3337 4340 μεγαλοσύνης
3377 4257 3527 4319 αὐτοῦ,
3562 4250 3609 4321 μὴ

436 4366 557 4421 ris?
587 4366 681 4421 Vel
727 4365 851 4434 quis
894 4362 1120 4417 resistat
1188 4360 1266 4414 illi
1301 4367 1397 4414 tuo
1436 4357 1683 4421 decreto,
1738 4372 1849 4427 quo
1909 4372 2021 4411 ma-

2128 4359 2539 4430 ἀποκρύψωμεν
2592 4360 2912 4431 κενοδοξία·
2976 4362 3096 4418 ἀλλ’
3141 4362 3376 4420 ἕκαστος,
3421 4356 3461 4407 εἰ
3505 4350 3608 4413 λόγον

433 4473 538 4528 gna
591 4468 642 4511 et
697 4452 1209 4526 imperscrutabilta
1285 4450 1527 4505 fecisti?
1583 4448 1668 4504 Ab
1739 4450 1824 4502 his
1858 4464 2015 4519 ergo,

436 4550 644 4613 dilecti,
709 4546 1012 4601 Salvatoris
1060 4543 1270 4599 Christi
1319 4542 1433 4596 veri
1493 4541 1587 4595 Dci
1634 4541 1924 4611 dogmatis,
1956 4557 2019 4596 os

436 4645 747 4713 aperiamus
799 4641 986 4695 divino
1038 4635 1307 4700 sermoni,
1362 4649 1425 4687 ac
1481 4649 1552 4688 ne
1608 4633 1757 4687 inani
1811 4628 2016 4702 glo‘ria,

436 4736 663 4805 gloriam
720 4731 1139 4799 magniﬁcentiae
1186 4729 1309 4798 ejus
1362 4726 1729 4780 occultemus.
1774 4725 1907 4789 lmo,
1972 4726 2017 4779 si

435 4829 559 4896 quis
599 4826 759 4878 habet
794 4824 887 4878 Dei
932 4837 1266 4883 sermonem,
1310 4818 1505 4873 oll'erat
1547 4818 1618 4872 de
1646 4816 1793 4871 bono
1829 4815 2013 4872 cordis

436 4922 719 4980 thesauro,
754 4931 863 4986 quo
896 4916 1208 4984 proximum
1248 4928 1277 4967 a
1320 4911 1462 4963 mala
1489 4909 1825 4978 cogitatione
1860 4923 2014 4960 aver-

432 5024 511 5069 tat
541 5033 554 5068 :
588 5028 761 5083 caque
792 5027 871 5069 re,
899 5010 1019 5076 ejus
1065 5008 1157 5076 qui
1194 5003 1543 5061 denuntiavit
1587 5001 1891 5072 jussitque,
1928 5002 2015 5055 di-

500 5175 526 5213 ιι
563 5173 689 5242 Sap.
732 5186 802 5231 γι,
833 5172 885 5221 ti.
965 5177 985 5205 ο
1032 5163 1177 5219 i’sal.
1208 5176 1386 5225 cxmv,
1437 5160 1491 5214 4.
1570 5157 1595 5197 ἀ
1625 5158 1754 5226 Sap.
1796 5174 1872 5220 Ix,
1928 5158 2010 5213 li.

2124 4451 2238 4522 ἔχει
2286 4452 2448 4515 Θεοῦ,
2499 4456 2861 4525 προσφερέτω
2911 4457 2980 4508 ἐκ
3036 4455 3128 4508 τοῦ
3185 4449 3375 4521 ἀγαθοῦ
3408 4435 3607 4515 θησαυροῦ

2124 4546 2220 4613 τῆς
2269 4545 2525 4615 καρδίας.
2560 4547 2647 4599 ἵνα
2680 4547 2773 4600 τὸν
2822 4548 3057 4618 πλησίον
3086 4541 3379 4613 ἀναστρέψῃ
3405 4541 3458 4590 ἐκ
3493 4529 3608 4591 κακῆς

2123 4637 2369 4699 ἐπινοίας
2392 4654 2405 4667 ⁸
2459 4638 2608 4697 ὅπως
2639 4637 2791 4709 δείξῃ
2834 4640 2892 4690 ἐν
2927 4638 3107 4706 τούτῳ
3139 4635 3233 4705 τὴν
3260 4632 3346 4685 τοῦ
3374 4619 3609 4709 saansaa-

2126 4728 2292 4797 μένου
2325 4729 2571 4798 ἀγάπην.
2622 4729 2686 4782 Οἱ
2717 4704 2825 4799 γάρ
2860 4728 2955 4781 τοῦ
2997 4704 3243 4797 Σωτῆρος
3274 4721 3412 4792 ἡμῶν
3438 4704 3609 4785 μαθηταὶ

2123 4821 2216 4873 καὶ
2247 4820 2559 4883 ἀπόστολοι,
2605 4820 2982 4886 διδαξάτωσαν
3020 4820 3174 4889 ἡμᾶς
3226 4813 3383 4866 ποιεῖν
3424 4804 3478 4856 τὰ
3499 4802 3607 4894 ὀμθξ²

2122 4912 2407 4975 ὡσαύτως.
2441 4908 2543 4965 Οἷα
2582 4913 2833 4982 Ἰωάννης
2877 4913 2941 4965 ἐκ
2977 4913 3078 4980 τῆς
3102 4911 3306 4981 ἐρήμου
3336 4897 3517 4968 καρδίας
3537 4899 3607 4937 τιιν

2121 5005 2471 5074 Φαρισαῖκῶν
2527 5006 2876 5075 διδαγμάτων
2927 4999 3334 5071 ἀπαναχωρῶν,
3385 4986 3503 5055 παρά
3539 4989 3603 5034 τις

1736 5267 2119 5324 [IOMBEFISII
2184 5266 2416 5321 ΝΟΤΑΞ.

502 5379 577 5445 (1)
609 5375 776 5430 Rarus
825 5382 998 5445 autem
1046 5366 1332 5445 modestia:
1373 5379 1505 5417 esse.
1533 5360 1855 5445 _E~3‘I.a6eiag
1909 5357 2002 5412 οὖν

429 5432 588 5503 τοῦτο
614 5449 641 5499 ὁ
674 5445 885 5514 λεχθεὶς
914 5441 1271 5514 λογισάμενος
1312 5436 1493 5514 ἔργον.
1512 5432 2007 5514 Ἰρξτιιιιηιηιιιργιξιιιο-

432 5498 702 5573 lationem
732 5498 1085 5568 adhibuiu'ius
1112 5498 1399 5567 'Barouio,
1459 5504 1524 5558 ad
1556 5498 1567 5502 ’
1588 5502 1773 5555 Basilii
1827 5498 2006 5573 [itaut

432 5568 1078 5654 nomineAtnpbilochii,
1108 5595 1173 5633 eo
1204 5576 1435 5654 e‘l_ev.iuti
1476 5586 1802 5654 concessam
1839 5568 2008 5654 Ephr.

429 5639 911 5727 Basilii’prccibus
948 5639 1176 5722 gratiam
1221 5648 1392 5703 Graeci
1431 5643 1731 5703 sermonis,
1786 5639 1935 5710 quod
1963 5640 2013 5691 is

2116 5374 2223 5413 non
2253 5357 2588 5417 meminerit,
2623 5356 2712 5409 ubi
2744 5354 3004 5409 describit
3027 5368 3145 5407 eam
3181 5363 3297 5403 cum
3325 5340 3596 5424 Ιξκεψηίίξτξ

2116 5428 2477 5498 pressione").
2545 5407 2677 5478 Erat
2742 5437 2889 5498 certe
2956 5441 3016 5498 ea
3076 5438 3161 5475 res
3216 5407 3595 5498 magis

2118 5478 2281 5567 quam
2324 5497 2532 5555 Basilii,
2565 5506 2731 5564 atque
2767 5496 2831 5547 ad
2873 5478 3358 5567 καύχησιν-αὐτῷ,
3386 5485 3498 5535 utet
3521 5478 3597 5539 ipse

2124 5559 2319 5623 merito
2353 5559 2834 5638 ε·ὒ).α6εἰας’ἕργον
2873 5559 3087 5619 duxerit
3113 5559 3371 5617 silentium
