3824 6212
533 252 678 317 1955

1711 263 1771 323 S.
1800 264 2127 325 ANDRExE
2152 267 2573 355 CRETENSIS
3537 278 3624 343 19.55

1112 361 1370 423 ORATIO
1403 367 1522 423 XX.

2834 375 3046 432 ΛΟΓΟΣ
3067 379 3149 434 K'.

740 478 818 534 De
852 486 1160 549 argumento
1204 479 1490 535 Publicani
1517 490 1566 535 et
1595 479 1884 537 Phariswi.

2277 488 2421 557 Περὶ
2448 485 2560 557 τῆς
2603 462 2934 557 ὑποθέσεως
2978 490 3085 546 τοῦ
3136 488 3373 546 Τελιὶινου
3414 495 3487 548 καί
3511 496 3584 551 τοῦ

2230 598 2235 603 .
2834 561 3173 628 Φαρισαίου.
3654 610 3659 647 ς

2289 672 2355 726 Ἦ
2385 672 2474 728 διὰ
2504 672 2601 727 τοῦ
2630 674 2867 728 Τελώνου
2898 675 2990 729 καὶ
3014 675 3106 729 τοῦ
3136 677 3399 747 Φαρισαίου
3416 678 3494 750 ὕλη
3508 675 3630 737 οἷόντε

2207 764 2619 836 προγύμνασμα
2675 767 2768 819 καὶ
2828 766 3227 838 προοδοποίησις
3283 769 3511 840 πρόκειται
3558 778 3632 838 τοῖς

2209 855 2558 927 βουλομένοις
2589 855 2810 926 ἔχεσθαι
2849 858 2945 928 τῆς
2995 859 3145 930 ἱερᾶς
3192 860 3534 925 ταπεινότητος,
3572 866 3634 932 τῆς

2207 949 2398 1002 πασῶν
2426 949 2535 1002 τῶν
2561 948 2774 1021 ἀρετῶν
2802 947 3225 1019 λαμϐανομένης,
3247 945 3327 1013 αἶς
3352 953 3381 1021 ἡ
3410 952 3551 1023 κτῆσις
3573 955 3637 1022 τῆς

2209 1037 2485 1108 βασιλείας
2499 1038 2611 1092 τῶν
2635 1039 2883 1109 οὐρανῶν
2919 1038 3082 1101 δντως
3108 1038 3377 1109 ἐνίδρυται,
3394 1042 3553 1111 καὶτῆς
3567 1043 3642 1095 Ozo-

2211 1131 2402 1201 μισοῦς
2425 1131 2747 1195 ἀλαζονείας
2770 1130 3085 1199 ἀπέχεσθαι,
3113 1131 3209 1200 τῆς
3234 1132 3400 1184 πασῶν
3430 1133 3514 1186 τῶν
3540 1135 3641 1203 σιλο-

2206 1221 2444 1292 χρίστων
2468 1222 2680 1292 ἀρετῶν
2728 1222 3178 1293 παρατρεπούσης
3202 1224 3284 1276 τὸν
3310 1223 3559 1295 ἄνθρωπον.
3581 1227 3643 1289 Τίς

2206 1313 2301 1367 οὖν
2323 1314 2383 1366 οὐ
2413 1313 2649 1385 ζηλώσει
2693 1313 2788 1368 τὸν
2832 1314 3098 1387 Τελώνην,
3157 1315 3241 1369 καί
3275 1316 3363 1386 τὴν
3405 1319 3643 1388 ἐπιστρνςὴν

2209 1405 2398 1471 αὐτοῦ,
2432 1407 2525 1459 καὶ
2550 1406 2650 1477 τὴν
2684 1408 3079 1478 μεταμέλειαν,
3099 1409 3188 1462 καὶ
3215 1409 3297 1462 τοῦ
3324 1410 3563 1480 Φαρισαίου
3584 1414 3646 1465 οὐκ

2206 1497 2559 1552 ἀποσείσεται
2605 1497 2699 1553 τὸν
2750 1499 2955 1567 ὅγκονς
3005 1502 3156 1568 εἴπερ
3201 1502 3233 1571 ἡ
3293 1501 3377 1570 μὲν
3413 1502 3647 1564 ταπείνωσις

2208 1590 2542 1644 συνάπτεται
2569 1590 2651 1661 τῷ
2678 1590 2930 1663 Χριστῷ,
2958 1593 2992 1662 ἡ
3023 1591 3077 1644 δὲ
3112 1591 3371 1655 ἀλαζονεία
3414 1592 3477 1663 τῷ
3508 1611 3648 1665 saepe.

2130 1717 2186 1773 Β.
2205 1680 2603 1750 νηματισμὲνῳ
2635 1682 2732 1735 καὶ
2766 1681 2970 1753 πλήρει
2996 1682 3154 1749 δγκου
3183 1683 3395 1753 δαίμονι.

2282 1770 2348 1825 Ἦ
2381 1772 2673 1836 ἀλαζονεία
2693 1773 2790 1825 τὸν
2822 1773 3042 1845 πρῶτον
3064 1774 3167 1827 τῶν
3192 1774 3412 1844 ἀγγέλων
3448 1768 3483 1843 ᾧ
3520 1776 3650 1845 κλῆσις

2200 1862 2297 1916 καὶ
2338 1863 2650 1936 Ἑωσφόρος
2676 1859 2768 1936 ἦν,
2806 1866 3031 1930 πάντως
3054 1866 3282 1920 διάϐολον
3304 1868 3514 1938 καθιστᾷ.
3554 1869 3651 1935 Ain

2196 1954 2288 2008 τὸν
2305 1955 2579 2028 γενάρχην
2611 1957 2786 2028 Ἀδὰμ
2807 1957 2905 2011 τοῦ
2926 1958 3239 2029 παραδείσου
3254 1958 3496 2025 ἐξωθεῖται
3510 1977 3545 2012 ἰ
3561 1961 3652 2015 Kai-

2198 2045 2309 2099 εἷλε
2336 2045 2607 2120 δυνάστας
2638 2048 2747 2102 ἀπὸ
2777 2032 2991 2119 θρόνων
3020 2090 3035 2113 ,
3063 2051 3153 2103 καὶ
3180 2049 3377 2119 ὕψωσεν
3402 2052 3649 2114 ταπεινούς.»

2204 2155 2222 2188 ι
2247 2135 2453 2207 Κύριος
2486 2139 2872 2211 ὑπερηφάνοις
2921 2142 3308 2208 ἀντιτάσσεται,
3351 2143 3436 2196 καὶ
3464 2146 3652 2206 ταπεινοῖς

2196 2227 2384 2281 δίδωσι
2411 2228 2592 2299 χάριν.
2625 2230 2807 2302 »Αὕτη
2843 2232 3187 2288 κατατίθεται
3216 2236 3301 2288 τὸν
3338 2237 3538 2307 Φαραώ·
3567 2231 3653 2288 «Εἷ-

2196 2335 2297 2371 πεν
2327 2320 2518 2390 ἄφρων
2557 2323 2616 2376 ὲν
2642 2323 2844 2396 καρδίᾳ
2867 2325 3058 2391 αὑτοῦ,
3087 2326 3195 2379 Οὐκ
3221 2326 3327 2380 ἔστι
3350 2326 3482 2391 Θεός.
3510 2346 3524 2380 ι
3557 2327 3653 2398 Δῖιτη

2194 2410 2287 2465 τὸν
2310 2411 2783 2487 Ναϐουχοδονόσορ
2816 2416 3245 2472 καταϐάλλεται·
3271 2438 3289 2471 ι
3310 2419 3565 2493 Κυρίῳγὰρ
3581 2420 3656 2487 Θεῷ

2197 2520 2291 2557 σου
2334 2507 2756 2578 προσκυνήσεις,
2815 2509 2916 2562 καὶ
2972 2509 3119 2580 αὐτῷ
3181 2511 3317 2582 μόνῳ
3362 2512 3651 2583 λατρεύσεις.»

597 654 889 710 Publicani
944 654 1326 724 Phariszeique
1357 654 1587 709 materia
1622 654 1793 709 veluti
1829 668 2104 724 praaexer-

526 747 881 803 citamentum
915 744 1195 817 quoddam
1242 753 1298 800 et
1330 744 1661 815 praeparatio
1699 747 1984 816 proposita
2021 752 2106 799 est

524 840 616 907 iis,
644 839 736 908 qui
789 840 984 894 volunt
1042 839 1327 894 adhaerere
1348 848 1558 894 sanctae
1589 838 1913 903 humilitati,
1976 853 2102 908 quae

523 933 815 988 universas
855 931 1210 1003 amplectitur
1227 931 1485 997 virtutes,
1519 931 1725 1000 quibus
1757 932 2104 1001 comparatio

524 1024 680 1094 regni
718 1025 959 1079 caelestis
993 1040 1124 1080 vere
1156 1023 1439 1087 innititur,
1469 1022 1753 1091 simulque
1782 1038 1813 1076 a
1845 1022 2106 1092 superbia

522 1129 644 1185 quae
700 1114 812 1168 Deo
869 1114 1045 1169 invisa
1073 1121 1161 1169 est
1223 1113 1523 1176 declinare,
1575 1129 1696 1183 quae
1730 1113 2007 1169 hominem
2037 1115 2107 1169 ab

523 1204 783 1260 omnibus
811 1203 1143 1260 Christianis
1169 1204 1471 1260 virtutibus
1510 1205 1737 1259 avertit.
1793 1203 1933 1271 Quis
1972 1221 2106 1277 ergo

523 1294 668 1348 haud
702 1295 1059 1349 aemulabitur
1082 1296 1445 1350 Publicanum
1468 1295 1832 1366 ejusdemque
1862 1311 2106 1352 conver-
2148 1300 2153 1313 ‘

521 1386 735 1441 sionem
758 1394 922 1456 atque
939 1386 1344 1455 paenitentiam,
1379 1396 1434 1442 et
1470 1386 1735 1443 Pharisaei
1764 1387 1967 1444 fastum
1991 1405 2103 1444 non

521 1478 904 1532 aversabitur?
937 1478 1211 1547 siquidem
1269 1479 1555 1534 humilitas
1620 1478 1844 1548 quidem
1876 1480 2106 1555 Christo

520 1565 829 1636 conjungit,
860 1566 1121 1637 superbia
1145 1581 1276 1622 vero
1306 1568 1539 1623 tumenti
1568 1569 1803 1623 dacmoni
1827 1576 1995 1641 atque
2022 1570 2107 1625 fa-

522 1663 641 1711 stus
676 1655 856 1725 pleno.

593 1746 864 1816 Superbia
897 1747 1195 1818 principem
1227 1748 1572 1819 angelorum,
1599 1750 1689 1805 cui
1730 1751 1898 1806 etiam
1928 1750 2096 1806 Luci-

520 1835 602 1891 fer
631 1851 828 1890 nomen
877 1843 1016 1901 erat,
1048 1837 1330 1891 diabolum
1361 1852 1592 1906 prorsus
1619 1837 1820 1893 eﬂ'ecit.
1848 1840 1973 1893 llznc
2004 1853 2097 1893 no-

520 1928 617 1981 stri
654 1928 870 1997 generis
903 1935 1183 1983 auctorem
1234 1928 1503 1983 Adamum
1531 1931 1788 2001 paradiso
1823 1931 2040 2001 expulit
2069 1947 2083 1984 :

524 2016 828 2088 «Deposuit
863 2027 1115 2089 potentes
1134 2020 1201 2075 de
1225 2020 1462 2085 thronis,
1516 2031 1571 2076 et
1609 2022 1874 2077 exaltavit
1913 2021 2096 2075 humi-

518 2102 596 2163 les
616 2118 660 2162 8.
676 2128 766 2160 ι-
781 2128 800 2160 ι
828 2111 1087 2164 Dominus
1106 2112 1362 2180 superbis
1383 2112 1614 2178 resistit,
1639 2112 1941 2168 humilibus
1961 2127 2095 2168 vero

518 2199 859 2265 datgratiam
883 2201 933 2252 ιι.
949 2219 968 2251 ι
993 2199 1118 2254 Haec
1139 2199 1486 2254 Pharaonem
1510 2201 1772 2271 deponit:
1794 2220 1813 2252 ι
1834 2201 1985 2255 Dixit
2015 2201 2096 2254 in-

517 2291 726 2361 sipiens
756 2291 809 2344 in
839 2292 1008 2346 corde
1043 2306 1168 2355 suo,
1225 2290 1343 2346 Non
1375 2302 1462 2347 est
1497 2295 1638 2348 Dens
1675 2294 1718 2347 ι.
1763 2312 1781 2345 ι
1822 2292 1949 2348 Haec
1980 2291 2093 2346 Na-

517 2381 1032 2438 buchodonosorem
1083 2382 1269 2453 dejicit
1303 2401 1318 2437 :
1352 2402 1371 2435 ι
1409 2383 1706 2439 Dominum
1737 2385 1885 2440 enim
1922 2383 2091 2440 Deum

516 2483 669 2527 tuum
693 2474 979 2539 adorabis,
1009 2482 1062 2529 et
1094 2474 1200 2545 ipsi
1237 2475 1340 2529 soli
1371 2474 1653 2531 serviesi.
1691 2495 1710 2528 ι
1768 2475 1874 2531 Et:
1913 2494 1933 2527 ι
1971 2475 2091 2531 Non

517 2564 686 2618 facies
734 2565 901 2618 ullam
968 2565 1269 2636 imaginem
1306 2566 1355 2619 ιί.
1397 2584 1415 2617 ι
1451 2567 1715 2633 Quamvis
1762 2568 1840 2621 illi
1870 2566 2092 2636 quidem

514 2654 747 2708 morbus
773 2654 878 2709 iste
898 2654 1115 2708 ablatus
1144 2665 1252 2721 est,
1285 2656 1415 2710 huic
1441 2672 1570 2711 vero
1594 2656 1650 2710 in
1677 2658 1923 2711 habitum
1960 2656 2092 2712 all'e-

486 2742 624 2805 ,ctio
660 2742 885 2797 transit.
920 2741 1059 2796 Vere
1096 2741 1266 2798 febris
1294 2751 1380 2800 est
1431 2746 1712 2814 superbia,
1745 2762 1868 2816 quae
1906 2748 2093 2817 subja-

512 2839 634 2885 ceat
663 2833 849 2886 sensui
874 2831 1166 2888 febrientis
1192 2852 1207 2902 ;
1237 2834 1393 2890 furor
1425 2845 1511 2891 est
1541 2837 1837 2893 vehemens
1878 2841 1945 2894 ad
1972 2842 2089 2894 rui-

513 2936 636 2975 nam
669 2922 950 2977 hominem
985 2925 1250 2992 trahens;
1281 2927 1526 2997 hydrops
1554 2936 1640 2983 est
1671 2929 1828 2998 plena
1860 2931 2004 2986 aeris
2037 2941 2092 2988 et

511 3027 694 3083 aqum.

584 3126 602 3158 ι
642 3106 777 3173 Quis
804 3093 965 3160 enim~
985 3107 1239 3161 ascendit
1265 3108 1321 3161 in
1358 3117 1600 3163 montem
1636 3109 1848 3165 Domini
1879 3113 1902 3165 ?
1932 3112 2091 3167 Inno-

491 3213 645 3253 -cens
670 3188 926 3253 manibus
957 3207 1013 3253 et
1040 3199 1276 3254 mundus
1307 3202 1498 3265 corde,
1518 3202 1612 3271 qui
1668 3217 1776 3256 non
1809 3205 2090 3273 acccpitin

509 3307 651 3346 vano
667 3293 907 3345 animam
936 3307 1090 3347 suam
1123 3289 1166 3346 ι.
1199 3310 1218 3343 ι
1251 3290 1582 3359 Hujusmodi
1609 3303 1726 3348 erat
1753 3294 1886 3366 'l‘yri
1941 3297 2095 3350 vani-

509 3392 594 3437 tas
611 3394 775 3453 atque
799 3383 987 3445 elatio,
1004 3399 1125 3452 quae
1149 3383 1398 3439 humoris
1419 3385 1613 3454 gratia:
1636 3384 1911 3453 jacturam
1938 3386 2089 3452 fecit,

2195 2597 2329 2651 Καί·
2367 2618 2385 2650 ι
2416 2599 2490 2652 Uti
2525 2600 2775 2671 ποιήσεις
2805 2601 2964 2656 οὐδὲν
2991 2604 3257 2675 ὁμοίωμα.
3285 2625 3303 2659 ι
3343 2605 3400 2659 Εἰ
3426 2605 3574 2675 καὶτῷ
3594 2606 3656 2675 μὲν

2194 2688 2228 2757 ή
2258 2686 2412 2750 νόσος
2439 2686 2647 2753 λύεται,
2674 2690 2753 2760 τῷ
2787 2690 2848 2744 δὲ
2868 2680 2986 2759 ἕξις
3004 2693 3211 2759 γίνεται
3238 2694 3294 2747 τὸ
3322 2694 3484 2758 πάθος.
3515 2696 3656 2755 Ὄντως

2195 2780 2427 2850 πυρετός
2457 2783 2602 2835 ἐστιν
2630 2783 3057 2855 ήύπερηφανία,
3094 2787 3446 2841 ὑποπίπτουσα
3468 2787 3657 2858 τῇαίσθή-

2195 2887 2278 2923 σει
2301 2869 2393 2923 τοῦ
2435 2872 2816 2942 πυρέττοντος,
2851 2878 3101 2947 φρενῖτις
3121 2878 3263 2949 δεινὴ
3290 2881 3363 2941 είς
3407 2877 3568 2930 πτῶσιν
3600 2876 3656 2928 τὸν

2116 3046 2165 3105 C
2197 3048 2409 3115 ὓδατος.

2272 3162 2291 3193 ι
2329 3144 2424 3204 Τίς
2448 3145 2559 3215 γὰρ
2582 3145 2926 3217 ἀναϐήσεται
2952 3150 3036 3215 είς
3073 3152 3132 3205 τὸ
3150 3153 3270 3223 ὅρος
3298 3152 3502 3225 Κυρίους
3526 3151 3653 3213 ’Ᾱθῶσς

2194 3235 2373 3305 χερσὶ,
2409 3236 2505 3288 καὶ
2548 3237 2790 3307 καθαρὸς
2837 3243 2910 3311 τῇ
2954 3243 3172 3313 καρδίᾳ,
3219 3244 3276 3308 ὃς
3316 3245 3406 3297 οὐκ
3438 3241 3655 3297 ἑλαϐενέτὶ

2196 3326 2412 3395 ματαίῳ
2442 3326 2541 3397 τὴν
2571 3326 2750 3399 ψυχὴν
2778 3331 2971 3387 αὐτοῦ.
2997 3351 3017 3385 ι
3047 3335 3277 3405 Τοιαύτη
3301 3332 3362 3408 ἦν
3393 3333 3519 3406 ἡτοῦ
3544 3333 3657 3403 Τύρον

2196 3417 2496 3487 ματαιότης
2533 3421 2631 3472 καὶ
2668 3422 2995 3494 ἀγερωχία,
3030 3429 3063 3496 ὴ
3095 3429 3190 3499 τὴν
3216 3432 3403 3500 ἰκμάδα
3444 3432 3658 3485 ἀποϐαλλο-

2195 3509 2328 3578 μένη
2378 3509 2479 3577 τῆς
2526 3510 2769 3582 χάριτος,
2821 3514 2897 3583 γῆ
2965 3516 3214 3588 ἄνικμος.
3248 3521 3380 3573 Ἰστε
3421 3520 3510 3591 γὰρ
3548 3520 3660 3587 ﬁrma

2190 3601 2348 3656 τοῦτο
2376 3606 2471 3657 καὶ
2502 3605 2647 3677 λόγῳ
2678 3609 2777 3660 καὶ
2802 3608 2996 3681 πείρα,
3038 3614 3066 3666 ὁ
3123 3613 3329 3676 ἀλαζὼν
3361 3615 3415 3667 οὺ
3442 3615 3573 3667 δεῖται
3598 3612 3660 3679 τῆς

2188 3694 2543 3765 τελειωτικῆς
2580 3696 2673 3750 τοῦ
2701 3698 2836 3752 Θεοῦ
2867 3701 3097 3771 χάριτος
3129 3720 3143 3733 ⁸
3204 3706 3289 3757 καὶ
3316 3706 3397 3758 διὰ
3426 3703 3549 3757 τοῦτό
3566 3703 3661 3754 ἐστιν

2189 3784 2420 3854 ἄνικμος
2450 3787 2545 3839 καὶ
2595 3786 2781 3857 ξηρὸς,
2828 3789 3086 3846 λείπεται
3129 3794 3221 3846 τοῦ
3265 3794 3472 3860 ζωτικοῦ
3503 3790 3662 3861 θερμοῦ.

2189 3872 2285 3925 καὶ
2336 3874 2434 3944 τῆς
2480 3873 2726 3946 ζωούσης
2761 3878 3085 3949 ὑγρότητος.
3143 3884 3229 3936 Ἐν
3272 3885 3429 3955 τούτῳ
3463 3881 3573 3952 κενῷ
3592 3881 3662 3933 iam

2187 3963 2390 4034 δένδρῳ
2444 3966 2543 4035 τὴν
2602 3967 2800 4023 καλιὰν
2851 3973 3153 4043 ἐργάζεται
3196 3978 3224 4028 ό
3274 3976 3553 4047 νυκτικόραξ
3588 3972 3661 4025 διὰ·

2188 4052 2366 4116 ϐολος.

509 3486 654 3528 terra
677 3476 1179 3545 ulique'arescens.
1215 3475 1383 3531 Scitis
1422 3492 1658 3548 namque
1685 3478 1829 3534 istuc
1860 3494 1969 3550 qua
1998 3495 2092 3534 ra-

508 3568 682 3651 tiope,
713 3583 895 3638 quave
923 3568 1291 3637 experientia,
1320 3570 1596 3640 superbus
1614 3584 1722 3623 non
1744 3570 1953 3641 indiget
1974 3586 2091 3641 per-

508 3660 729 3714 liciente
762 3657 854 3713 Dei
885 3660 1067 3729 gratia
1100 3675 1115 3712 :
1152 3670 1318 3731 atque
1350 3660 1557 3715 idcirco
1586 3661 1706 3717 sine
1749 3663 1977 3718 hutnore
2001 3672 2087 3719 est

509 3750 721 3815 aridus,
796 3759 949 3806 caret
980 3752 1137 3805 vitali
1197 3753 1384 3808 calore
1410 3760 1464 3807 et
1518 3752 1677 3808 vitali
1725 3754 2087 3812 irroratione.

506 3842 565 3898 In
597 3844 700 3897 hoc
752 3844 953 3913 quippe
987 3844 1137 3898 inani
1172 3845 1374 3901 arbore
1433 3845 1626 3902 nidum
1652 3862 1815 3903 suum
1841 3849 2088 3905 elaborat

508 3934 830 4005 nycticorax
868 3934 1144 3989 diabolus.

579 4108 759 4177 Atque
788 4114 847 4162 ut
875 4109 1067 4178 paucis
1094 4109 1296 4177 dicam,
1324 4112 1609 4171 humilitas
1636 4117 1803 4174 altrix
1835 4130 1922 4176 est
1972 4123 2086 4177 vir-

508 4206 709 4263 tutum,
744 4200 1100 4272 pietatisque,
1134 4202 1189 4257 in
1229 4219 1339 4274 qua
1374 4204 1693 4263 Christiana
1725 4213 2086 4282 pulchritudo

410 4343 413 4346 ,
506 4291 610 4345 sita
635 4299 739 4357 est,
770 4300 954 4360 caput,
988 4293 1143 4363 origo
1183 4301 1238 4349 et
1272 4295 1419 4352 linis.
1453 4296 1551 4353 Est
1581 4302 1901 4369 passionum
1934 4320 2082 4361 mor-

506 4383 735 4409 ιζηιυιιέιι
794 4384 1004 4409 -υιιιλειιε
1045 4386 1245 4409 ..ιλιλιειι
1319 4388 1561 4409 1---..Α-μεΑ
1609 4392 1621 4409 ρ
1799 4394 1835 4409 ιο
1960 4398 2025 4409 ι.-
2065 4399 2079 4409 .

2366 4291 2377 4308 ι
2610 4291 2686 4295 ι--
2728 4291 3066 4315 --,.---...,--
3109 4291 3327 4313 ...ηηηη
3354 4291 3640 4309 -.-νυ-τ

2195 4332 2414 4399 φάλαιον
2446 4333 2541 4386 καὶ
2560 4336 2704 4407 ἀρχὴ
2736 4343 2831 4392 καὶ
2849 4342 3027 4406 τέλος.
3076 4345 3196 4398 Τῶν
3240 4342 3413 4399 παθῶν
3446 4342 3660 4409 ἀναίρεσιςο

505 4383 761 4447 tiiicatio,
794 4384 1007 4453 peccati
1044 4386 1271 4453 ablatio,
1319 4388 1567 4446 humoris
1607 4392 1663 4446 in
1718 4394 1906 4451 radice
1958 4398 2080 4453 ildei
2115 4380 2159 4437 ι)
2190 4380 3027 4453 1.11;;LIT.Z'ff§i:'_"I""

505 4476 876 4531 conservatio.
932 4474 1233 4533 Humilitas
1274 4489 1359 4534 est
1416 4497 1540 4535 cum
1595 4483 1684 4540 Dei
1744 4487 1945 4544 timore
1988 4491 2083 4559 qui

502 4565 745 4620 extrudit
773 4566 1143 4637 iniquitatem.
1209 4572 1671 4640 quemadmodum
1723 4579 1799 4632 ait
1833 4587 1888 4634 et
1929 4579 2083 4637 Jere—

504 4656 645 4711 mias
676 4665 731 4711 et
763 4650 1047 4715 Salomon.
1094 4660 1238 4717 Sane
1279 4665 1428 4719 enim
1465 4685 1484 4718 ι
1524 4665 1745 4723 Initium
1787 4674 2079 4742 sapientiae

503 4758 588 4800 est
618 4749 782 4804 timor
803 4749 1027 4806 Domini
1053 4762 1114 4806 ιι.
1153 4772 1173 4806 ι
1208 4753 1306 4811 His
1338 4759 1580 4813 concinit
1609 4770 1663 4816 et
1690 4763 1886 4822 beatus
1945 4767 2080 4823 Pau-

505 4836 610 4890 lus.
653 4836 780 4893 Hzec
813 4840 1173 4898 Publicanum
1224 4862 1529 4915 praeconem
1575 4853 1820 4924 Spiritus
1851 4859 2015 4914 eﬂicit
2058 4879 2073 4917 :

503 4935 558 4978 at
585 4929 843 4997 superbia
869 4930 1205 4989 Pharisaaum
1230 4937 1395 4993 inane
1421 4940 1552 4997 facit
1608 4955 1929 5016 tympanum
1961 4953 2076 5008 fru-

501 5025 616 5072 stra
648 5019 909 5075 tinniens.
939 5022 1187 5079 Profecto
1214 5042 1433 5097 pomum
1454 5031 1848 5094 Sodomiticum
1867 5056 1948 5098 est
1975 5044 2077 5117 hy-

500 5113 730 5181 pocrita,
760 5122 1049 5170 maturans
1077 5117 1298 5186 quidem
1323 5120 1462 5179 belle
1491 5142 1614 5196 quze
1640 5140 1770 5185 sunt
1799 5113 2029 5189 externa
2058 5177 2073 5201 ,

501 5206 644 5273 quod
672 5221 802 5260 vero
846 5207 913 5262 ad
937 5208 1154 5264 interna
1201 5212 1468 5282 pertinet,
1497 5220 1755 5287 putridus
1787 5233 1872 5279 est
1908 5236 2074 5297 atque

499 5310 771 5366 Ingratus.

568 5393 827 5448 Ascendit
890 5396 945 5450 in
978 5397 1242 5480 templum
1288 5395 1648 5470 Publicanus,
1713 5410 2075 5483 ascenditque

2179 4790 2272 4847 τὸν
2301 4792 2538 4862 τελώνην
2569 4793 2787 4864 κήρυκα
2830 4801 3067 4853 ποιεῖται
3103 4802 3197 4854 τοῦ
3233 4801 3537 4871 Πνεύματος·
3578 4790 3657 4863 ἠδὲ

2182 4883 2469 4949 ἁλαζονεῖα
2501 4886 2589 4941 τὸν
2628 4889 2925 4958 Φαρισαῖον
2955 4894 3116 4945 κενδν
3160 4895 3433 4965 ἐργάζεται
3459 4890 3658 4959 τύμπανον

2183 5068 2401 5138 κριτὴς,
2430 5070 2620 5122 πέπων
2653 5072 2723 5124 τὰ
2756 5072 2853 5140 μὲν
2907 5073 3108 5138 ἔξωθεν
3156 5078 3381 5145 ὡραῖος,
3403 5076 3459 5130 τὰ
3494 5075 3536 5128 δὲ
3561 5069 3652 5124 ἐνδῦ-

2182 5157 2273 5211 θεν
2314 5160 2520 5231 σαπρὸς
2548 5178 2606 5213 τε
2642 5164 2735 5215 καὶ
2768 5164 2981 5236 ἄχαρις.

2266 5395 2454 5500 Ἀνέϐη
2486 5432 2563 5494 είς
2596 5433 2656 5485 τὸ
2690 5434 2836 5503 ἱερὸν
2857 5438 2884 5490 ό
2916 5437 3188 5509 Τελὼνης,
3207 5441 3299 5492 καὶ
3325 5436 3468 5506 ἀνέϐη
3494 5431 3562 5485 καὶ
3584 5442 3635 5479 σω

572 5585 597 5623 Β
630 5584 761 5660 an.
789 5604 824 5660 ι,
864 5588 949 5660 5‘2.
1029 5593 1195 5652 Hac.
1232 5614 1308 5660 tv,
1343 5598 1397 5653 6.

499 5666 654 5716 xxm,
692 5657 745 5719 5,
783 5659 834 5713 4.
861 5659 914 5711 5.
994 5671 1029 5691 "‘
1064 5662 1224 5721 Prov.
1262 5657 1305 5734 I,
1336 5668 1385 5723 7.

1481 5602 1496 5642 ί
1544 5602 1686 5660 Psal.
1753 5618 1848 5659 LII.
2012 5612 2024 5665 i
2058 5614 2335 5688 Matllmv=
2376 5624 2481 5691 i0;
2561 5624 2717 5683 Deut.
2753 5647 2825 5696 vr,
2861 5633 2947 5687 l5.
3025 5635 3050 5673 ι
3090 5634 3260 5690 Exod.
3289 5651 3375 5699 xx,
3404 5635 3446 5687 4.
3516 5621 3632 5680 ³Ρ⁵³¹

2192 2959 2481 3030 ἄνθρωπον
2505 2944 2915 3032 παροξύνουσα,
2947 2965 3136 3039 ὕδρωψ
3185 2944 3408 3039 ἔμ’πλεος
3442 2969 3568 3042 ἀέρος
3601 2968 3653 3020 καὶ
3754 2944 3755 2975 ³

2258 4146 2368 4198 Καὶ
2396 4145 2584 4229 ἀπλῶς
2611 4151 2808 4215 εἰπεῖν,
2846 4153 2879 4223 ἡ
2920 4155 3254 4222 ταπείνωσις
3300 4158 3476 4229 τροφὸς
3499 4156 3660 4224 ὑπάρχει

2187 4237 2294 4290 τῶν
2327 4241 2562 4308 ἀρετῶν,
2596 4242 2690 4295 τοῦ
2728 4244 3066 4315 Χριστιανοῦ
3107 4251 3331 4313 κάλλους
3354 4249 3582 4309 εὐσεϐείας
3604 4260 3660 4295 χε-

2188 4427 2516 4497 συντήρησις
2553 4430 2848 4502 ὑγρότητος
2906 4436 2964 4488 ὲν
3012 4440 3079 4508 τῇ
3117 4437 3240 4510 ῥίζῃ
3265 4438 3358 4505 τῆς
3387 4437 3589 4491 πίστεως.
3622 4427 3661 4479 Ἦ
3754 4436 3755 4453 ‘

2182 4521 2513 4590 ταπεινότης
2546 4521 2759 4576 σύνεστι
2790 4524 2868 4594 τῷ
2897 4526 3051 4595 φόϐῳ
3086 4528 3181 4580 τοῦ
3208 4528 3339 4581 Θεοῦ
3370 4526 3440 4595 τῷ
3468 4522 3661 4577 ἐλαύνοντι
3754 4550 3755 4605 1

2182 4608 2281 4677 τὴν
2312 4609 2566 4679 ἀνομίαν,
2594 4611 2670 4674 ὡς
2693 4612 2795 4681 ἔφη
2818 4616 2912 4666 καὶ
2931 4615 2960 4666 ό
3000 4617 3275 4687 ζιερεμίας
3307 4619 3392 4671 καὶ
3419 4617 3444 4668 ὁ
3468 4607 3659 4679 Σολομῶνι
3754 4626 3755 4689 ᾖ

2186 4701 2397 4763 Ὄντως
2430 4701 2542 4773 γὰρ
2565 4720 2583 4752 ι
2635 4704 2802 4776 Ἀρχὴ
2833 4707 3032 4775 σοφίας
3075 4708 3240 4777 φόϐος
3269 4709 3475 4781 Κυρίου.
3507 4726 3522 4758 ι
3562 4702 3660 4767 Δῦτη
3754 4746 3755 4751 η

2186 4975 2364 5045 μάτην
2389 4976 2682 5041 ἀλαλάζον.
2714 4982 2926 5046 Ὄντως
2952 4984 3079 5053 pom
3105 4985 3503 5061 Σοδόμωννὲστίν
3531 4984 3551 5033 ό
3573 4979 3656 5030 ὕπο·
3754 5014 3755 5019 η
