3824 6212
260 336 382 403 lilii

250 545 305 595 δὲ
351 542 451 594 ὅσα
505 536 629 593 εἷπε
679 538 857 607 πάσης
909 534 1225 600 ἀλαζονείας
1288 534 1384 587 καὶ
1441 532 1819 603 ὑπερηφανίας

251 631 387 704 ἦσαν
413 630 840 700 τοιπληρωμένα.
892 628 966 680 Οὐ
995 629 1104 697 γὰρ
1129 621 1250 677 εἷπε
1275 641 1288 655 ο
1322 624 1393 677 Σύ
1448 640 1514 694 με
1542 625 1821 693 ἐποίησας,

256 724 446 793 Κύριε,
478 720 573 775 καὶ
602 719 693 774 διὰ
737 720 834 788 τῆς
879 718 1132 788 βοηθείας
1169 717 1265 785 τῆς
1299 716 1399 786 σῆς
1440 713 1826 786 ὲλευθεροῦμαι

256 816 435 884 πάσης
470 812 681 875 ἀδικίας
713 811 810 865 καὶ
850 809 1128 882 ἁρπαγῆς,
1168 809 1261 862 καλ⁸
1288 807 1396 860 τῶν
1422 806 1594 861 ἄλλων
1622 806 1825 860 κακῶν·

262 930 279 955 ι
311 908 373 957 Τί
398 906 506 974 γὰρ
536 903 700 973 ἔχεις,
743 903 930 972 φησὶν,
958 901 986 955 ὃ
1008 902 1107 954 οὐκ
1142 898 1370 963 ἔλαϐες;
1402 916 1421 949 ι
1469 897 1627 950 Ἀλλὰ
1653 898 1831 953 πάντα

256 997 321 1048 τὰ
351 993 748 1064 κατορθώματα
777 993 837 1057 ἐξ
871 992 1004 1054 ἰδίας
1031 991 1310 1059 δυνάμεως
1339 988 1610 1057 ἐλογίζετο
1638 1006 1834 1060 κατορ-

258 1087 450 1139 θῶσαι.
510 1086 622 1147 Πᾶς
670 1083 728 1136 δὲ
775 1082 1063 1153 ἄνθρωπος
1112 1080 1284 1149 ἐχέτω
1332 1079 1725 1150 πληροφορίαν,
1752 1080 1833 1133 ὅτι

257 1177 424 1244 χωρὶς
451 1178 547 1242 τῆς
573 1172 665 1225 τοῦ
689 1170 826 1225 Θεοῦ
859 1168 1111 1239 βοηθείας
1140 1169 1200 1220 οὐ
1231 1167 1472 1227 δύναται,
1506 1167 1627 1220 οὐδὲ
1660 1165 1833 1236 ἰσχύει

260 1264 599 1335 κατορθῶσαί
638 1280 690 1314 τι
723 1260 925 1327 ἀγαθόν
950 1258 966 1289 ³
1013 1277 1032 1310 ι
1063 1257 1248 1325 Χωρὶς
1276 1258 1386 1327 γὰρ
1419 1256 1580 1326 ἐμοῦ,
1611 1256 1777 1325 φησὶν
1806 1256 1835 1308 ὁ

260 1355 512 1424 Χριστὸς,
563 1355 625 1406 οὐ
677 1349 907 1404 δύνασθε
955 1350 1130 1401 ποιεῖν
1167 1346 1337 1399 οὐδέν.
1368 1364 1386 1396 ι
1424 1346 1535 1399 Καὶ
1559 1347 1586 1398 ὁ
1616 1344 1836 1417 Προφή-

260 1462 356 1514 της
383 1461 396 1474 ·
445 1463 463 1494 ι
488 1444 612 1495 Ἐὰν
644 1442 719 1511 μὴ
751 1440 954 1510 Κύριος
980 1437 1309 1508 οίκοδομήσῃ
1339 1432 1485 1491 οἷκον
1504 1477 1519 1501 ,
1549 1438 1628 1500 είς
1661 1436 1837 1506 μάτην

262 1540 562 1591 ἐκοπίασαν
609 1538 658 1589 οί
704 1530 1137 1603 οἰκοδομοῦντες.
1165 1550 1183 1581 ι
1244 1531 1351 1583 Καὶ
1388 1531 1416 1581 ὁ
1474 1529 1833 1593 Ἀπόστολος’

270 1645 288 1678 ι
321 1628 392 1680 Ού
445 1625 539 1678 τοῦ
592 1625 858 1685 θέλοντος,
907 1620 1027 1674 οὐδὲ
1072 1620 1165 1673 τοῦ
1212 1619 1519 1689 τρέχοντος,
1565 1618 1700 1671 ἀλλὰ
1745 1617 1871 1701 τοῦ,

264 1720 540 1782 ἐλεοῦντος
596 1716 751 1771 Θεοῦ.
789 1737 807 1767 ι
848 1717 980 1779 Καὶ,
1033 1734 1051 1766 ι
1091 1714 1206 1767 Οὐκ
1239 1711 1349 1781 ἐγὼ
1374 1712 1450 1779 δὲ,
1501 1711 1617 1765 ἀλλ’
1655 1713 1689 1780 ἡ
1738 1711 1839 1782 χά-

786 408 793 411 _
1236 334 1322 394 ΙΝ
1359 332 1844 395 PUBLICANUM

1953 332 1976 390 Γ
2021 329 2509 391 ΡΗΑΒΙΞᾸΞΙΙΜ.

252 452 446 517 Ἔλεγε
487 450 617 520 γὰρ,
654 467 672 500 ι
695 445 752 499 '0
774 445 929 510 Θεὸς,
953 442 1259 514 εὐχαριστῶ
1290 461 1423 497 act.-
1458 443 1611 496 Μετὰ
1650 443 1823 495 ταῦτα

1953 442 2071 496 nim

3363 321 3498 386 1262

2120 460 2143 496 τι
2192 461 2211 492 ι
2266 441 2432 505 Deus,
2468 439 2673 511 gratias
2713 453 2816 512 ago
2845 438 2963 497 tibi.
3006 458 3026 492 ι
3084 435 3318 495 Posthac
3368 458 3499 495 mo

1926 546 2268 601 quaecunque
2296 530 2455 595 dixit,
2487 531 2638 585 omni
2684 539 2845 585 erant
2890 532 3050 601 plena
3092 533 3406 601 arrogantia
3443 541 3498 585 et

1928 620 2204 689 superbia.
2234 618 2353 674 Non
2383 619 2527 674 enim
2554 620 2631 672 ait
2662 618 2780 675 :Tu
2819 636 2904 675 me
2929 618 3135 684 fecisti,
3172 620 3422 684 Do.niue,
3448 630 3501 675 ct

1931 720 2152 782 propter
2175 712 2477 769 bonitatem
2519 720 2669 765 tuam
2699 711 2960 767 immunis
2987 728 3110 767 sum
3144 712 3214 766 ab
3235 712 3385 766 omni
3426 728 3501 765 st-

1922 802 2140 871 justitia
2169 811 2224 857 et
2255 802 2468 873 rapina,
2519 810 2686 870 atque
2719 819 2747 856 a
2787 804 3004 859 caeteris
3048 804 3248 859 malis:
3296 821 3315 853 ι
3362 803 3504 869 Quid

1902 885 2077 949 enim
2110 894 2301 957 habes.
2347 892 2547 962 inquit,
2594 893 2741 961 quod
2776 908 2882 947 non
2915 886 3201 963 acceperis
3225 894 3296 948 Vi
3337 913 3362 949 ι
3398 894 3505 949 Sed

1898 985 2191 1049 ,universa
2228 995 2376 1038 recte
2403 982 2550 1037 facta
2579 996 2645 1037 ex
2686 984 2908 1053 propria
2942 982 3206 1041 lacultate
3252 1000 3312 1039 se
3359 997 3508 1040 recte

1934 1076 2137 1130 l'ccisse
2174 1074 2570 1130 arbitrabatur.
2604 1072 2799 1129 Omnis
2830 1090 2960 1130 vero
3003 1075 3168 1131 homo
3197 1076 3509 1131 certissima
3565 1062 3571 1068 ’

1935 1167 2039 1221 sibi
2077 1167 2430 1237 persuadeat,
2473 1164 2621 1236 quod
2672 1166 2880 1235 absque
2933 1166 3120 1222 divino
3154 1169 3360 1222 auxilio
3409 1185 3511 1222 nec

1933 1264 2116 1327 potest
2147 1270 2246 1312 nec
2284 1256 2432 1312 valet
2470 1256 2693 1325 aliquod
2721 1256 2929 1312 bonum
2962 1270 3141 1327 agere,
3165 1265 3228 1311 ut
3252 1272 3348 1326 par
3381 1268 3465 1312 est
3493 1276 3510 1313 :

1944 1369 1964 1403 ι
2005 1350 2137 1406 Sine
2181 1365 2266 1405 me
2310 1350 2482 1411 enim,
2540 1349 2723 1419 inquit
2783 1346 3063 1429 Christus,
3119 1362 3225 1401 non
3279 1350 3512 1417 potestis

1940 1441 2121 1497 facere
2147 1439 2445 1511 quidquam
2485 1446 2533 1492 ι.
2572 1458 2592 1491 ι
2648 1436 2715 1492 Ει
2752 1436 3020 1507 Propheta
3058 1455 3070 1491 :
3118 1453 3138 1485 ι
3181 1435 3293 1491 Nisi
3328 1436 3515 1492 Domi-

1939 1549 2044 1588 nus
2077 1532 2435 1589 :editlcaverit
2476 1531 2727 1594 domum,
2756 1531 2824 1585 ’in
2866 1545 3089 1585 cassum
3123 1528 3520 1585 laboraverunt

1939 1623 2275 1680 aediﬁcantes
2304 1632 2354 1679 1.
2398 1642 2419 1675 ι
2456 1622 2525 1678 Ει
2561 1622 2905 1693 Apostolus:
2951 1639 2970 1673 ι
2998 1621 3114 1675 Non
3148 1621 3380 1678 volentis
3418 1639 3516 1676 ne-

1943 1730 2049 1785 que
2077 1715 2373 1779 currentis,
2415 1713 2515 1770 sed
2544 1712 2863 1769 miserentis
2896 1712 2986 1768 Dei
3017 1721 3064 1766 ⁸.
3121 1733 3140 1766 ι
3194 1713 3259 1768 Ει
3288 1730 3302 1766 :
3339 1732 3357 1763 ι
3397 1712 3517 1767 Non

267 1831 347 1886 ρις
390 1811 488 1864 τοῦ
525 1781 686 1873 Θεοῦ,
734 1811 767 1878 ἡ
805 1808 901 1860 σὺν
954 1805 1099 1874 ἐμοί.
1128 1823 1147 1856 ι
1186 1806 1318 1864 Καὶ,
1370 1822 1388 1853 ι
1435 1805 1493 1857 '0
1527 1803 1659 1864 Θεὸς
1693 1806 1841 1857 ἐστιν

1953 1781 2042 1873 ego
2070 1812 2277 1869 autem,
2314 1803 2411 1860 sed
2431 1803 2610 1875 gratia
2644 1803 2759 1866 Dei,
2792 1818 2915 1872 quae
2947 1818 3160 1857 mecum
3192 1816 3240 1857 ι.
3272 1822 3290 1855 ι
3337 1803 3518 1873 Atque

264 1908 294 1959 ὁ
340 1903 580 1974 ἐνεργῶν
636 1904 692 1954 ὲν
748 1902 880 1951 ἡμῖν
936 1899 1028 1954 καὶ
1083 1897 1145 1950 τὸ
1191 1896 1365 1951 θέλειν
1444 1898 1537 1950 καὶ
1586 1897 1647 1948 τὸ
1689 1898 1842 1968 ὲνερ-

262 2002 406 2066 γείν.
449 2018 467 2047 ι

334 2092 443 2143 Καὶ
477 2088 569 2142 διὰ
599 2087 759 2141 τοῦτο
786 2089 813 2139 ὁ
850 2086 948 2156 μὲν
971 2082 1231 2161 ,Τελὼνης
1255 2085 1427 2156 κῆπος
1454 2081 1522 2157 ἦν
1537 2088 1649 2148 τοῖς
1679 2102 1843 2139 πνευ-

268 2187 516 2253 ματικοῖς
562 2180 752 2233 ὕδασιν
804 2178 1166 2250 ὑποϐρύχιος·
1217 2179 1246 2231 ὁ
1282 2180 1340 2233 δὲ
1388 2181 1677 2250 Φαρισαῖος
1716 2178 1846 2250 δρῦς

263 2272 332 2346 ἧν
358 2272 616 2342 ἄφυλλος,
648 2271 788 2326 κατά
835 2272 926 2323 τὸν
970 2272 1199 2325 Ἡσαΐαν
1244 2271 1337 2324 καὶ
1378 2271 1470 2323 τὸν
1499 2272 1843 2341 Σαλομῶντα.

268 2368 328 2419 El
350 2367 459 2434 γὰρ
486 2366 580 2418 καὶ
608 2363 683 2434 τῷ
710 2361 1039 2433 αὑτεξουσίῳ
1079 2364 1425 2434 τετιμήμεθα
1458 2363 1559 2433 τῆς
1590 2363 1850 2434 προαιρὲ⁹

268 2475 426 2519 σεως,
454 2457 574 2509 ἀλλ’
620 2456 768 2525 ὅμως
788 2495 802 2518 ,
837 2456 993 2516 sum
1018 2454 1118 2523 τῆς
1148 2454 1355 2508 ἄνωθεν
1404 2456 1721 2525 συμμαχίας
1758 2455 1850 2508 ού-

267 2552 356 2602 ὀὲν
383 2548 491 2601 τῶν
519 2547 1024 2618 ἀνδραγαθημάτων
1058 2547 1113 2598 ὲν
1145 2549 1211 2617 τῇ
1244 2546 1347 2618 6δῴ
1384 2546 1478 2601 τοῦ
1517 2547 1634 2617 βίου
1666 2549 1849 2599 ἐπιτε-

267 2642 417 2693 λέσαι
448 2637 742 2707 δυνάμεθα.
793 2655 811 2688 ι
842 2633 976 2690 Οἶδα
1024 2636 1154 2709 γὰρ,
1196 2638 1379 2707 φησὶν,
1428 2638 1509 2692 ὅτι
1537 2639 1598 2691 ού
1633 2637 1726 2691 τοῦ
1756 2640 1851 2691 άν-

271 2731 553 2801 θρώπουμὴ
599 2727 716 2791 ὁδὸς
750 2726 939 2792 αὑτοῦ,
987 2728 1110 2780 οὐδὲ
1140 2726 1431 2799 πορεύεται
1480 2729 1621 2798 ἀνὴρ
1653 2745 1849 2799 κατορ-

273 2823 443 2876 θῶσαι
476 2820 703 2892 πορείαν
742 2819 931 2875 αὐτοῦ.
962 2838 981 2870 ι
1021 2820 1113 2889 Μὴ
1145 2815 1236 2873 οῦν
1267 2821 1478 2884 ἑαυτοῖς
1509 2819 1850 2890 λογιζώμεθα

271 2913 378 2967 τῶν
403 2913 631 2982 ἀγώνων
667 2911 738 2965 τὰ
762 2913 1019 2984 τρόπαια.
1059 2912 1357 2983 Ἡμέτερον
1383 2912 1492 2982 γὰρ
1548 2914 1608 2964 τὸ
1635 2906 1853 2983 προελέ-

279 3006 398 3059 σθαι
433 3005 594 3074 μόνον
642 3003 704 3056 τὸ
736 3004 980 3073 κρεῖττον
1019 3003 1113 3056 καὶ
1152 3003 1477 3065 σπουδάσαι,
1511 3002 1645 3056 Θεοῦ
1694 3004 1751 3057 δὲ
1792 3003 1853 3056 τὸ

1948 1914 1967 1948 ι
2014 1895 2154 1951 Deus
2198 1905 2284 1951 est
2324 1896 2420 1966 qui
2458 1905 2720 1966 operatur
2761 1896 2814 1951 in
2849 1895 3010 1952 nobis
3042 1895 3342 1967 ipsummet
3380 1898 3519 1953 velle

1945 1999 2009 2039 ac
2039 1986 2331 2054 ipsommet
2373 1985 2588 2056 operari
2630 1987 2677 2041 ιι.
2729 2005 2748 2039 ι

2015 2074 2226 2132 idcirco
2240 2076 2314 2131 Po
2324 2076 2570 2134 blicanos
2588 2089 2706 2133 erat
2721 2078 2916 2133 hortus
2936 2078 3322 2148 spiritualibos
3337 2078 3518 2148 aquis,

1948 2170 2223 2240 irriguos;
2253 2167 2641 2227 at‘Pharisaaus
2676 2181 2795 2226 erat
2840 2188 3080 2242 quercus
3108 2173 3230 2228 sine
3262 2172 3435 2236 foliis,
3465 2184 3521 2226 ut

1948 2263 2120 2317 lsaias
2149 2263 2394 2332 loquitur
2425 2272 2478 2318 et
2509 2262 2770 2317 Salomon
2821 2274 2867 2317 ο.
2909 2263 3173 2330 Quamvis
3201 2265 3347 2320 enim
3375 2264 3523 2319 arbi-

1948 2355 2056 2410 trio
2099 2355 2344 2410 decorati
2398 2356 2572 2411 simus
2614 2356 2925 2420 libertatis,
2978 2356 3362 2422 nihilominus,
3404 2358 3525 2412 sine

1950 2461 2211 2516 supremo
2239 2447 2443 2501 auxilio
2466 2446 2600 2501 nihil
2632 2447 2900 2501 bonorum
2930 2461 3161 2516 operum
3198 2449 3258 2502 in
3281 2448 3370 2503 via
3400 2450 3526 2503 vitae

1950 2539 2217 2607 perlicere
2263 2539 2532 2593 valemus.
2575 2555 2594 2589 ι
2636 2536 2771 2591 Νονί
2809 2537 2978 2601 enim,
3019 2538 3378 2610 inquit,quod
3413 2554 3523 2595 non

1951 2631 2019 2683 sit
2044 2629 2289 2683 hominis
2322 2629 2409 2683 via
2435 2629 2578 2698 ejus,
2613 2644 2790 2699 neque
2825 2630 3194 2699 proﬁciscitur
3209 2632 3289 2685 vir
3318 2641 3524 2687 rectam

1951 2719 2165 2775 ellicere
2215 2720 2610 2791 profectionem
2656 2738 2812 2778 suam
2842 2722 2893 2778 ά.
2938 2741 2957 2776 ι
3014 2722 3094 2778 Ne
3139 2724 3313 2795 igitur
3366 2728 3526 2780 nobis

1953 2809 2092 2879 ipsis
2138 2818 2362 2879 accepta
2418 2810 2660 2866 feramus
2710 2812 3078 2867 certaminum
3130 2824 3373 2883 tropaea:
3432 2832 3530 2869 no—

1953 2910 2129 2956 strum
2160 2910 2242 2957 est
2270 2904 2414 2958 enim
2449 2903 2656 2975 eligere
2718 2903 2986 2960 duntaxat
3028 2908 3172 2977 quod
3221 2907 3416 2962 melius
3458 2910 3530 2963 sit

1955 2994 2023 3049 ad
2060 2995 2224 3066 idque
2251 2998 2422 3064 eniti;
2467 2995 2558 3052 Dei
2609 3013 2739 3054 vero
2781 3010 2866 3054 est
2909 3000 2962 3054 in
3021 3009 3204 3055 actum
3258 3000 3533 3056 deducere

276 3098 353 3159 είς
384 3096 543 3167 ἔργον
576 3096 803 3162 ἀγαγεῖν
846 3092 942 3164 τὴν
980 3092 1193 3164 ἀγαθὴν
1244 3094 1545 3163 ἐπιθυμίαν
1577 3095 1671 3148 καὶ
1722 3094 1844 3162 ἐφε-

1956 3087 2163 3143 bonom
2205 3090 2541 3146 desiderium
2595 3106 2659 3147 ac
2701 3094 2944 3148 studium
3000 3094 3049 3148 ei
3094 3097 3287 3165 quine
3335 3103 3534 3150 natura

279 3204 388 3252 σιν,
419 3185 497 3255 τῷ
523 3185 656 3254 μηδὲ
685 3185 845 3254 φύσει
874 3185 933 3238 τὸ
955 3184 1213 3237 δύνασθαι
1247 3184 1442 3254 ἔχοντι,
1475 3185 1588 3237 ἁλλ’
1618 3186 1725 3238 άπὸ
1752 3186 1844 3255 τῆς

1956 3182 2178 3250 quidem
2211 3182 2377 3237 habet
2407 3190 2465 3236 ut
2503 3185 2703 3252 possit,
2738 3185 2833 3239 sed
2880 3201 2910 3238 a
2956 3187 3132 3255 gratia
3178 3188 3536 3257 consequitur

276 3282 500 3348 χάριτος
529 3276 863 3346 λαμϐάνοντι
918 3275 1118 3341 λέγειν,
1140 3274 1221 3326 ὅτι
1270 3291 1287 3325 ι
1312 3272 1572 3343 Δύναμαι.
1604 3293 1623 3325 ι
1682 3273 1844 3326 Τοῦτο

1958 3279 2018 3324 ot
2063 3270 2233 3335 dicat,
2282 3290 2300 3322 ι
2364 3271 2618 3327 Possum.
2663 3292 2683 3326 ι
2737 3274 2849 3329 Hoc
2910 3278 3223 3344 arrogantia
3282 3278 3423 3333 foret
3481 3288 3537 3333 et

278 3372 491 3438 κόμπος
518 3368 610 3421 καὶ
634 3366 901 3436 καύχησις
929 3383 942 3397 ·
980 3383 999 3415 ι
1024 3364 1090 3417 Τί
1125 3363 1233 3435 γὰρ
1278 3364 1445 3435 ἔχεις,
1474 3365 1657 3434 φησιν,
1694 3364 1722 3416 ὃ
1755 3366 1854 3417 οὐκ

278 3459 510 3523 5.165;;
564 3458 613 3511 εί
652 3458 708 3510 δὲ
749 3460 841 3511 καὶ
876 3455 1089 3519 ἔλαϐες,
1132 3455 1185 3508 τί
1227 3456 1498 3525 καυχᾶσαι
1527 3455 1601 3518 ὼς
1645 3455 1719 3528 μὴ
1756 3455 1855 3509 λα-

279 3550 486 3613 6ὠν;›

362 3659 378 3688 ι
412 3637 680 3707 Νηστεύω
707 3637 789 3700 δὶς
809 3636 902 3690 τοῦ
921 3636 1217 3699 Σαϐϐάτου,
1241 3633 1561 3689 ἀποδεκατῶ
1592 3634 1649 3687 δὲ
1679 3635 1860 3691 πάντα

281 3733 385 3784 ὅσα
435 3731 672 3798 κτῶμαι,
702 3750 721 3782 ι
772 3730 990 3799 Ἐπειδὴ
1038 3729 1146 3799 γὰρ
1195 3728 1542 3797 κατηγόρησε
1587 3727 1699 3779 τῶν
1748 3726 1859 3779 λοι-

284 3820 405 3872 πῶν
455 3819 756 3888 ἀνθρώπων
809 3820 904 3871 καὶ
945 3817 1042 3870 τοῦ
1078 3816 1323 3870 Τελώνου
1368 3818 1396 3869 ὁ
1421 3816 1742 3887 Φαρισαῖος,
1778 3817 1860 3869 ὅτι

289 3910 471 3979 μοιχοί
519 3913 623 3961 εἰσι
673 3909 766 3961 καὶ
814 3909 1099 3978 ἅρπαγες·
1152 3907 1317 3971 αὐτὸς
1355 3907 1495 3977 πρὸς
1548 3907 1733 3978 μὲντὸ
1764 3908 1863 3978 τῆς

290 4002 536 4071 μοιχείας
570 3989 739 4063 πάθος
774 4001 872 4069 τὴν
915 4001 1170 4068 νηστείαν
1209 3999 1608 4071 ὴλαζονεύσατο
1628 4016 1644 4032 ο
1676 3999 1862 4071 ἐπειδὴ

289 4094 399 4146 ἀπὸ
425 4093 523 4162 τῆς
554 4092 763 4164 τρυφῆς
800 4091 1012 4159 γίνεται
1039 4093 1073 4161 ή
1106 4091 1332 4162 πορνεία
1355 4106 1367 4121 ·
1404 4091 1566 4161 κόρος
1613 4091 1722 4161 γὰρ
1759 4106 1863 4144 πα-

291 4185 394 4255 τὴρ
443 4183 677 4254 ῦϐρεως,
725 4183 822 4236 καὶ
877 4183 1104 4252 πορνεία
1158 4186 1223 4236 ὲκ
1256 4183 1605 4255 πλησμονῆς·
1634 4184 1662 4235 ὀ
1701 4185 1866 4252 Φαρι-

1960 3362 2263 3432 gloriatio:
2314 3382 2332 3414 ι
2375 3363 2514 3429 Quid
2556 3366 2703 3420 enim
2756 3366 2959 3431 babes,
3001 3367 3206 3436 inquit,
3245 3371 3390 3438 quod
3428 3387 3535 3426 non

1963 3455 2281 3523 acceperis;
2321 3463 2375 3509 et
2407 3456 2452 3510 si
2483 3455 2771 3524 accepisti,
2809 3458 2939 3525 quid
2984 3461 3241 3528 gloriaris
3275 3469 3537 3533 tauquam

1963 3545 2056 3616 qui
2104 3562 2213 3601 non
2263 3549 2548 3619 acceperis
2600 3548 2667 3603 οἳ
2701 3568 2719 3602 ι

2043 3659 2061 3690 ι
2091 3638 2288 3709 Jejuno
2352 3642 2437 3698 his
2477 3642 2533 3696 in
2588 3644 2851 3710 Sabhato,
2884 3644 3128 3700 decimas
3172 3645 3263 3700 do-
3293 3648 3539 3703 omnium

1966 3748 2306 3803 quaecunque
2354 3734 2612 3805 possideo
2656 3735 2702 3790 ί.
2753 3756 2772 3789 ι
2820 3737 3277 3808 Quandoquidem
3319 3748 3544 3796 incusa-

1969 3833 2118 3881 verat
2138 3826 2382 3896 reliquos
2417 3827 2663 3884 homines
2680 3828 2988 3900 ipsumque
3009 3829 3371 3888 Pnhlicanum
3396 3833 3543 3887 Plia-

1969 3915 2332 3983 risaeusiste,
2378 3917 2524 3986 quod
2566 3918 2776 3972 mmchi
2836 3919 2948 3973 sint
3001 3929 3054 3974 et
3106 3935 3335 3989 rapaces
3367 3961 3384 3986 ,
3426 3922 3544 3992 ipse

1970 4004 2189 4075 quidem
2213 4006 2478 4063 adversus
2510 4010 2762 4065 mmcbia:
2790 4012 2982 4065 vitium
3010 4010 3280 4081 jejunium
3317 4014 3494 4083 jactat
3526 4058 3541 4078 .

1973 4096 2240 4167 siquidem
2301 4115 2331 4152 a
2389 4100 2610 4155 luxuria
2669 4102 2893 4157 exsistit
2936 4101 3268 4168 fornicatio;
3319 4108 3546 4161 satietas
3634 4114 3637 4117 ‘

1971 4189 2117 4243 enim
2159 4204 2359 4259 parens
2406 4201 2492 4246 est
2542 4192 2984 4258 incontinentia,
3040 4204 3092 4249 et
3135 4195 3429 4251 fornicatio
3479 4216 3541 4253 cx

293 4279 441 4340 σαῖος
482 4276 540 4330 δὲ
595 4276 657 4329 τὸ
698 4275 857 4346 σῶμα
901 4276 991 4329 διὰ
1027 4275 1279 4345 νηστείας
1332 4276 1844 4361 κατατήκων,.πολῖ

1974 4282 2273 4352 rcpletione
2301 4282 2565 4353 contingit
2596 4299 2610 4336 :
2646 4292 2700 4335 at
2728 4283 3048 4340 Pliaristeus
3076 4301 3277 4355 corpus
3327 4306 3427 4358 per
3463 4292 3549 4358 je-

294 4365 520 4434 ἀπέχειν
547 4366 818 4434 ἐκαυχᾶτο
866 4364 974 4418 τῶν
1002 4363 1261 4417 τοιούτων
1292 4364 1498 4417 παθῶν.
1547 4365 1844 4433 Ἐνήστευο·

1971 4373 2186 4442 joniom
2218 4388 2526 4438 maceratis,
2567 4374 2729 4445 longe
2758 4375 2956 4430 abesse
2995 4377 3333 4445 gloriabatur
3357 4382 3423 4434 ab
3448 4380 3549 4433 huc

292 4458 345 4510 δὲ
380 4456 429 4509 oi
463 4457 739 4525 Φαρισαῖοι
769 4455 863 4509 δύο
890 4454 1103 4526 ἡμέρας
1136 4457 1236 4525 τῆς
1266 4453 1577 4533 ἑϐδομάδος,
1609 4455 1844 4525 δευτέρου

1964 4466 2207 4536 jusmodi
2264 4464 2670 4521 aﬂ‘ectionibus.
2718 4464 3055 4534 Jejunabant
3092 4484 3254 4537 porro
3290 4471 3546 4525 Pharis-ei

294 4547 388 4597 καὶ
414 4547 695 4618 πέμπτην.
1712 4560 1727 4563 “

1965 4552 2102 4606 duas
2132 4550 2487 4607 hebdomadas
2520 4551 2706 4618 ferias,
2747 4554 3046 4609 secnndam
3083 4572 3277 4628 nempe
3310 4567 3362 4613 et
3386 4561 3550 4629 quin-

1431 4672 1434 4676 ’
1969 4652 2103 4698 tam.

366 4726 510 4795 Πρὸς
539 4725 596 4778 δὲ
641 4726 722 4789 τὸ,
763 4744 781 4775 ι
816 4727 1098 4796 Ἀρπαγες
1157 4727 1253 4780 καὶ
1306 4728 1507 4794 ἄδικοι,
1554 4748 1572 4779 ι
1611 4728 1799 4796 ἔλεγεν

2037 4735 2320 4790 Adversus
2376 4742 2558 4790 autem
2610 4736 2784 4792 illud:
2839 4756 2858 4790 ι
2897 4738 3151 4809 Rapaces
3188 4749 3244 4795 et
3278 4742 3489 4809 injusti,
3525 4763 3544 4796 ι

295 4819 610 4888 Φαρισαῖος,
654 4836 673 4869 ι
715 4818 1065 4872 Ἀποδεκατῶ
1094 4820 1274 4872 πάντα
1294 4821 1395 4873 ὅσα
1425 4822 1662 4890 κτῶμαι.
1696 4841 1713 4871 ι
1741 4823 1844 4874 Τοσ

1970 4830 2190 4885 dicebat
2241 4828 2598 4886 Pharisaeus:
2638 4850 2656 4883 ι
2719 4830 2976 4888 Decimas
3007 4833 3080 4887 do
3117 4836 3360 4889 οιιιιιὶιιιιι
3399 4852 3550 4905 quie-

295 4911 453 4963 οῦτον
492 4909 602 4980 γὰρ
640 4910 1052 4980 ὲνεκαυχήσατο
1101 4910 1477 4964 ἐναντιοῦσθαι
1525 4913 1592 4981 τῇ
1649 4912 1844 4980 ἁρπαγε

1978 4936 2197 4991 cunque
2226 4922 2502 4991 possideo.
2543 4940 2562 4984 ρ
2596 4923 2746 4978 Adeo
2777 4924 2924 4979 enim
2957 4926 3304 4995 gloriabatur
3332 4944 3390 4983 se
3429 4943 3553 4982 con-

296 5001 391 5052 καὶ
423 5002 492 5071 τῇ
528 4999 732 5070 ἀδικίᾳ,
770 4998 909 5052 ὥστε
944 5000 1042 5052 καὶ
1083 5000 1149 5051 τὰ
1184 5000 1379 5053 ἑαυτοῦ
1411 5000 1619 5070 ἑτέροις
1650 5001 1844 5053 διδόναι

1979 5012 2213 5065 trarimn
2252 5028 2377 5068 esse
2440 5016 2649 5085 rapinae
2690 5024 2744 5070 et
2801 5016 3110 5086 iujustitite,
3165 5026 3224 5070 ut
3256 5033 3353 5072 sua
3385 5020 3551 5072 etiam

297 5092 362 5143 Οἱ
396 5092 506 5163 γὰρ
553 5090 795 5161 Ἑϐραῖοι
825 5090 1069 5143 ἐδίδοσαν
1103 5090 1213 5144 τῶν
1244 5091 1413 5145 ὄντων
1445 5092 1697 5144 ἁπάντων
1741 5110 1759 5142 ι
1791 5091 1844 5144 δε

1980 5104 2103 5158 aliis
2152 5105 2348 5160 daret.
2383 5106 2592 5163 Hebraei
2649 5109 2795 5163 enim
2823 5109 3025 5163 dabant
3056 5123 3278 5163 snarom
3308 5111 3551 5164 ninnium

298 5183 474 5251 κᾶτην
506 5182 660 5252 μίαν,
695 5203 712 5233 ι
766 5184 860 5235 καὶ
893 5182 1032 5251 μετὰ
1087 5182 1185 5251 τὴν
1217 5184 1422 5250 τρίτην
1446 5196 1459 5211 ⁸
1495 5183 1588 5237 καὶ
1634 5186 1688 5237 αἱ
1730 5188 1844 5255 τρεῖ

1982 5194 2309 5250 facultatum
2349 5217 2367 5248 ι
2425 5200 2701 5253 decimam
2742 5216 2908 5253 unam
2946 5202 2991 5262 Β,
3033 5216 3051 5248 ι
3109 5199 3343 5252 subinde
3369 5209 3552 5255 autem

300 5272 717 5343 συντεθειμέναι
752 5273 1082 5337 διανύουσιν,
1133 5275 1214 5327 ὅτι
1248 5275 1310 5328 τὸ
1340 5274 1524 5345 τρίτον
1557 5276 1657 5344 τῆς
1688 5277 1844 5330 οὐσία

1988 5286 2240 5345 tertiam;
2269 5294 2434 5355 atque
2469 5287 2549 5341 liae
2589 5296 2703 5341 tres
2735 5287 2901 5340 simul
2936 5289 3260 5353 composita!
3291 5287 3554 5353 cilicium.

299 5364 481 5417 αὐτῶν
511 5364 732 5416 ἐδίδουν.
778 5364 939 5416 Ἀλλὰ
970 5366 1061 5417 καὶ
1100 5366 1189 5429 τὰς
1228 5364 1484 5435 ἀπαρχὰς
1524 5367 1620 5418 καὶ
1665 5384 1844 5438 πρωτο

1978 5375 2123 5443 quod
2140 5376 2370 5451 tertiam
2420 5394 2531 5432 sua:
2570 5378 2897 5432 substantia:
2932 5386 3142 5444 partem
3197 5379 3414 5432 darent.
3449 5379 3557 5432 Sed

297 5455 480 5519 τόκια,
512 5458 606 5509 καὶ
633 5457 796 5526 ἕτερα
825 5456 1047 5509 πλείονα
1081 5459 1343 5528 παρεῖχον
1376 5457 1482 5509 τῶν
1526 5458 1694 5511 ὄντων
1741 5460 1842 5513 {me

1979 5465 2209 5519 enititer
2266 5466 2558 5534 primitias.
2608 5475 2663 5521 et
2695 5466 3113 5537 redemptorum
3153 5470 3559 5540 primogenita-

380 5590 433 5641 Ἰ
466 5590 592 5642 Cor.
627 5606 697 5651 tv,
726 5589 777 5647 7.

310 5662 333 5689 ε
368 5658 536 5712 Eii-lt.
570 5675 641 5717 vt.
679 5661 744 5725 5;

307 5739 456 5793 sxw,
494 5730 579 5792 10,
613 5729 703 5784 ιν.

876 5598 901 5626 ι
938 5590 1098 5646 Joan.
1153 5608 1243 5652 xv,
1276 5592 1329 5645 5.
1408 5600 1434 5639 γ
1466 5591 1611 5647 Psal.
1641 5608 1808 5656 cxvtt.
1843 5597 1890 5649 Ι.

1969 5606 1990 5633 ³
2015 5598 2142 5652 Cor.
2173 5616 2220 5652 ιιι
2248 5640 2263 5665 ,
2301 5600 2385 5654 16.

824 5661 929 5716 Isa.
967 5678 1006 5725 ι,
1039 5662 1126 5715 50.
1236 5661 1259 5700 (⁸
1294 5661 1494 5717 Jctcm.
1532 5680 1588 5727 χ,
1616 5665 1704 5718 25.

2484 5613 2509 5642 α
2546 5600 2567 5655 Ι
2597 5600 2725 5666 Cor,
2761 5618 2851 5665 xv,
2886 5603 2935 5657 L
3052 5600 3080 5640 δ
3113 5600 3346 5670 Philipp.
3380 5617 3440 5664 tt,
3477 5601 3561 5657 Ιῦ.

1820 5677 1839 5695 ε
1879 5667 1895 5718 ι
1933 5667 2056 5722 Cor.
2095 5686 2181 5734 tv,
2208 5671 2260 5725 7.

2372 5669 2391 5710 ί
2426 5670 2556 5726 an.
2592 5688 2750 5739 xvtn,
2782 5674 2848 5727 12
2949 5674 2975 5713 8
3014 5671 3152 5727 Tob.
3212 5689 3252 5738 t,
3284 5669 3315 5726 7
3348 5689 3364 5739 ;
3404 5672 3561 5728 Deut.
