3824 6212
229 347 370 415 1269

1156 360 1253 419 DE
1300 342 1627 424 auriam
1680 365 1857 426 rm.
1896 366 1992 427 ET
2016 368 2113 428 DE
2154 371 2599 435 DEFUNCTIS.

3370 372 3505 438 1270

227 464 422 535 χερσὶν
449 464 658 532 ἀγνοεῖ,
703 466 799 520 καὶ
842 466 952 519 τῶν
1000 465 1300 534 ἀγνώστων
1357 473 1863 543 καταψηφίζεταιη

1929 475 2116 533 futura
2167 481 2521 552 imaginatur.
2564 483 2933 554 Ignoratquze
2966 449 3098 539 sunt
3140 485 3193 540 in
3231 487 3511 546 manibus.

228 554 314 609 Ὺά
346 557 407 610 ἐν
437 557 596 610 ποσὶν
619 556 719 610 ούκ
743 557 1056 621 ἐπίσταται,
1091 559 1276 614 καὶτὰ
1305 563 1363 615 ἐν
1390 561 1515 632 ὕψει
1550 582 1824 636 μετεωρο-

225 645 405 713 λογεῖ.
447 646 513 699 Τί
553 647 693 717 μετὰ
726 649 922 718 μικρὸν
957 648 1107 721 αύτῷ
1138 652 1481 724 συμϐήσεται
1535 654 1610 725 μὴ
1643 655 1821 721 εἰδὼς.

226 734 426 790 αἰώνια
477 737 985 809 καταστοχάζεται·
1028 743 1056 794 6
1111 742 1331 814 μικρὸς,
1370 745 1397 797 6
1444 744 1694 817 εὐτελὴς,
1730 747 1825 800 καὶ

226 828 339 880 τῶν
384 827 694 897 ἀνεφίκτων
741 831 1120 904 κατατολμῶν.
1181 834 1505 905 Ἀνθρωπος
1561 837 1624 890 rb
1657 842 1825 892 πολυ-

225 916 587 987 τροπώτατον
620 919 715 972 καὶ
757 923 1131 994 παμμήχανον
1182 924 1444 996 ὄργανον·
1496 926 1557 980 rb
1595 928 1827 985 εὐδαπά-

226 1023 394 1076 νητον
428 1006 684 1077 φύραμα,
742 1009 805 1061 rb
844 1010 993 1082 ζωῆς
1023 1014 1121 1067 καὶ
1159 1013 1396 1070 θανάτου
1437 1016 1713 1089 μεθόριον,
1765 1020 1826 1074 τὸ

232 1098 428 1169 νοερὸν
456 1099 517 1152 ὲν
546 1099 651 1173 ὕλῃ
684 1101 969 1174 σύγκριμὰ
1001 1121 1060 1158 τε
1104 1106 1201 1159 καὶ
1247 1106 1522 1179 σύνθημα,
1551 1109 1613 1163 rb
1650 1112 1709 1164 ὲν
1736 1112 1820 1164 αἰ-

229 1190 454 1260 σθητοῖς
501 1190 722 1259 λογικὸν
779 1195 1157 1267 ἀποτέλεσμα,
1204 1200 1233 1252 6
1265 1199 1690 1271 ἀχειρότευκτος
1728 1201 1826 1255 ἀν-

226 1281 409 1351 δριὰς,
448 1282 509 1335 rb
538 1281 785 1354 ἔμψυχον
818 1285 1068 1357 ἄγαλμα,
1103 1289 1165 1342 rb
1194 1280 1540 1362 περιώνυμον
1574 1293 1734 1358 ζῶον,
1766 1294 1826 1347 rb

227 1374 634 1445 εὖδιάγραπτον
675 1375 930 1448 ἰνδαλμα,
990 1380 1052 1433 τὸ
1108 1379 1347 1447 θεοειδὲς
1397 1385 1727 1456 κάτοπτρον,
1763 1386 1826 1440 rb

226 1463 341 1515 τῶν
371 1464 484 1517 ἄνω
517 1464 611 1517 καὶ
644 1464 797 1543 κάτω
829 1466 1180 1537 μεταίχμιον,
1214 1469 1276 1522 rb
1312 1470 1507 1539 ὁρατὸν
1546 1474 1640 1525 καὶ
1672 1472 1826 1525 νοού-

232 1571 395 1623 μενον
444 1555 723 1627 σύστημα,
772 1557 836 1610 rb
868 1558 1118 1626 δεκτικὸν
1150 1561 1359 1632 φθορᾶς
1397 1564 1492 1616 καὶ
1522 1564 1820 1619 ἀνάλωτον.

232 1646 555 1717 Ἀνθρωπος
586 1648 647 1701 rb
690 1648 1009 1720 αύθήμερον
1039 1651 1221 1716 ἄνθος,
1250 1653 1310 1705 rb
1338 1654 1658 1710 εύδιάὁατον
1686 1658 1825 1711 ἀπο.

232 1741 501 1810 σκίασμα,
538 1742 959 1815 ή-εύμάραντος
985 1743 1140 1817 χλόη,
1173 1745 1237 1799 rb
1270 1747 1544 1802 εὐάλωτον
1573 1749 1818 1821 θήραμα,

231 1831 290 1884 rb
317 1810 1135 1904 εὐδραπέτευτονἀνδράποδον,
1168 1836 1231 1889 rb
1264 1836 1578 1902 πολυπαθὲς
1605 1810 1698 1893 καὶ
1720 1810 1821 1892 ἐύξ
1856 1810 1899 1866 Β

228 1922 480 1976 διάλυτον
541 1923 705 1987 ζῶον,
757 1926 785 1979 6
822 1925 1016 1996 πηλὸς,
1064 1927 1159 1983 καὶ
1193 1929 1263 1981 τὰ
1316 1929 1532 1997 μεγάλα
1568 1930 1775 1998 φυσῶν,
1805 1935 1834 1986 6

227 2014 416 2085 χνοῦς,
453 2016 547 2067 καὶ
578 2014 649 2069 τὰ
677 2016 791 2070 ἄνω
834 2018 1175 2089 περιαθρῶν.
1210 2020 1383 2073 Τοῦτο
1413 2022 1595 2075 τοίνυν
1641 2025 1703 2075 rb
1736 2041 1834 2076 πο-

229 2106 521 2175 λυώνυμον
573 2106 714 2171 ζῶον
753 2110 781 2160 6
829 2100 1141 2180 ἅνθρωπος,
1180 2111 1385 2175 πολλὰς
1431 2112 1544 2183 μὲν·
1582 2113 1695 2183 ἔχει
1732 2114 1831 2179 τὰς

227 2197 590 2262 ἐπεισάκτους
628 2201 704 2271 πῆ
745 2199 844 2269 μὲν
891 2201 1031 2271 πρὸς
1057 2200 1127 2254 τὰ
1160 2200 1353 2273 χείρω,
1407 2206 1483 2274 πῆ
1517 2204 1573 2258 δὲ
1601 2206 1738 2276 πρὸς
1763 2207 1831 2260 τὰ

230 2287 444 2358 βελτίω,
485 2289 813 2359 μεταϐολὰς,
863 2290 1067 2354 πολλὰς
1126 2292 1186 2348 δὲ
1240 2293 1339 2357 τὰς
1373 2294 1643 2365 ἐλλείψεις
1691 2298 1831 2367 πρὸς

228 2380 434 2435 τούτων
465 2383 748 2453 ἑκάτερον.
776 2383 855 2453 Τῇ
879 2383 988 2453 γὰρ
1020 2385 1312 2457 ἀφαιρέσει
1340 2386 1450 2441 τῶν
1472 2391 1828 2459 κρειττόνων,

231 2471 328 2534 τὰς
382 2473 748 2543 ἁντεισφορᾶς
807 2474 1191 2543 είσδεξάμενος
1235 2476 1349 2530 τῶν
1404 2480 1690 2549 χειρόνων,
1748 2484 1830 2546 είς

235 2560 524 2630 πολυπαθῆ
565 2563 633 2614 δι’
656 2563 940 2632 ὲμπαθοῦς
965 2565 1271 2633 μετέπεσεν
1291 2568 1635 2639 αὐθαιρέτως
1657 2571 1825 2643 ζωήν.

247 2649 469 2721 Ἐπειδὴ
504 2653 613 2723 γὰρ
643 2655 786 2724 χειρὶ¹
817 2653 955 2706 Θεοῦ
980 2656 1075 2708 καὶ
1103 2658 1274 2711 εἰκόνι
1304 2659 1665 2724 διαπλασθεὶς
1687 2663 1827 2732 μετά

232 2740 331 2812 τὴν
362 2742 564 2807 κτίσιν,
603 2745 744 2815 ὑπὲρ
779 2746 877 2814 τὴν
901 2747 1080 2800 κτίσιν
1114 2750 1400 2822 τετίμητο,
1425 2747 1543 2806 εἶτα
1569 2755 1667 2822 τῆς
1694 2754 1827 2810 ἀθα-

232 2832 429 2895 νασίας
466 2836 897 2905 προηγουμένως
951 2840 1009 2890 ἐν
1066 2839 1294 2911 χάριτος
1341 2842 1510 2914 μοίρᾳ
1541 2844 1603 2896 rb
1633 2844 1825 2916 δέρῤος

232 2923 677 2995 ἀμφιασάμενος,
717 2930 809 2980 καὶ
852 2929 951 2997 τῆς
1000 2931 1314 3003 ἀφθαρσίας
1348 2936 1448 3003 τὴν
1474 2936 1668 3010 στολὴν
1697 2941 1818 2992 ἐποο

236 3015 413 3083 μένως
445 3016 783 3087 ἠμπέσχετο.
832 3020 982 3073 Ἔδει
1024 3022 1102 3086 δὲ,
1137 3026 1359 3080 πάντων
1380 3026 1517 3097 ὁμοῦ
1545 3028 1679 3095 τῶν,
1721 3030 1823 3083 ὅσα

230 3105 337 3158 ὕπο
368 3107 470 3176 τὴν
510 3106 784 3178 αἴσθησιν,
837 3113 933 3163 καὶ
978 3114 1080 3166 ὅσα
1132 3117 1337 3187 ταύτην
1383 3119 1817 3191 ὑπερανέστηκε,
1847 3153 1894 3214 c

263 3196 279 3214 ς
357 3197 385 3214 η
427 3198 440 3214 .
567 3201 579 3214 .
883 3203 897 3214 .
1069 3206 1091 3214 -
1240 3209 1249 3214 .
1471 3212 1479 3214 _

226 3196 321 3250 rbv
357 3197 511 3262 θείας
565 3201 621 3253 ἐν
671 3203 936 3273 μετουσίᾳ.
992 3206 1319 3275 κηδεμονίας
1357 3212 1673 3281 γενόμενον,
1714 3214 1821 3266 τῶν

230 3289 356 3358 μὲν,
405 3291 805 3365 ύπεραρθῆναι,
863 3301 974 3361 τοῖς
1010 3299 1088 3356 δὲ.
1133 3301 1538 3374 ἀμιλληθῆναισ
1592 3308 1658 3376 τῇ
1701 3307 1823 3360 κατ’

227 3382 522 3453 ἀμφότερα
565 3385 709 3455 λέγω
754 3388 863 3440 τῶν
904 3391 1089 3461 μερῶν
1122 3393 1440 3465 οἰκειότητι.
1491 3397 1602 3451 Καὶ
1631 3397 1822 3451 τούτου

226 3473 506 3543 τετύχηκε
534 3478 976 3550 μεγαλοπρεπῶς
1008 3500 1069 3535 τε
1102 3484 1219 3553 ἅμα
1254 3487 1346 3538 καὶ
1376 3487 1695 3558 φιλοτίμως,
1727 3491 1822 3543 καὶ

225 3566 305 3629 ὡς
338 3567 441 3621 οῦκ
484 3567 551 3642 ἄν
576 3587 661 3632 τις
691 3572 973 3627 είκάσαιτο
1002 3575 1137 3629 Θεοῦ
1180 3578 1600 3649 μεγαλοδωρεὰν
1632 3581 1710 3650 τῷ
1742 3583 1821 3635 οξ-

227 3658 367 3730 κείῳ
399 3663 501 3731 τῆς
532 3663 726 3716 ἑαυτοῦ
760 3668 942 3734 χειρὸς
987 3669 1484 3740 συνεμπρέπουσαν
1517 3673 1817 3744 πὶάσματι.

227 3751 342 3805 Καὶ
365 3752 430 3824 δὴ
467 3753 561 3806 καὶ
590 3756 808 3827 τρυφὴν
834 3755 948 3828 εἶχε
989 3759 1049 3812 rb
1074 3760 1285 3833 ζιυηρὺν
1316 3763 1493 3817 ἐκεῖνο
1522 3765 1613 3818 τοῦ
1643 3785 1820 3838 παρα-

227 3843 410 3897 δείσου
446 3847 643 3916 χωρίον
666 3865 679 3879 ·
716 3849 839 3902 καθ’
866 3851 931 3921 ἢν
962 3853 993 3920 ὴ
1020 3851 1087 3905 δι’
1110 3854 1388 3919 ἁπωθείας
1428 3857 1609 3927 ὼρᾶτο
1645 3878 1822 3928 μακα-

232 3935 420 4005 ριότης
437 3953 450 3965 ’
475 3938 569 3991 καὶ
602 3940 634 4008 ἡ
662 3942 782 4009 μετ’
806 3942 1056 4011 ἀγγέλων
1080 3943 1325 4016 διαγωγή
1352 3964 1365 3978 ·
1399 3947 1615 4016 ἀξίωμα
1639 3950 1717 4014 δὲ,
1758 3953 1819 4005 τὸ

230 4025 449 4093 λογικόν
475 4045 533 4081 τε
559 4030 656 4082 καὶ
682 4032 888 4102 νοερὸν,
927 4034 1023 4086 καὶ
1052 4033 1339 4101 ἀθάνατον,
1366 4039 1459 4091 καὶ
1487 4039 1814 4113 ἀνώλεθρον.

233 4117 326 4171 ἅτε
360 4118 509 4183 θείας
540 4123 945 4194 συμμετασχὼν
977 4126 1335 4197 ὡραιότητος,
1390 4130 1489 4202 τὴν
1526 4131 1625 4202 τῆς
1661 4134 1815 4203 τιτρώι⁵

232 4225 331 4279 της
363 4211 573 4275 εἰκόνος
609 4214 999 4286 ἁποτυπούσης
1030 4220 1354 4289 ἐμφέρειαν.
1406 4222 1550 4293 Πρὸς
1582 4224 1814 4290 τούτοις,

234 4297 311 4351 ἔτι
364 4300 583 4355 πάντων
630 4304 766 4373 ὁμοῦ
798 4306 907 4358 τῶν
939 4306 1095 4371 ζώων
1145 4308 1243 4380 τὴν
1285 4313 1534 4383 κυρείανο
1574 4315 1678 4370 ὅσα
1719 4317 1817 4387 τὴν

234 4391 337 4460 γῆν
366 4393 550 4464 ἕρπει,
586 4396 682 4449 καὶ
712 4396 803 4450 τὸν
835 4399 976 4468 ἀέρα
994 4401 1216 4471 τέμνει,
1251 4405 1345 4457 καὶ
1374 4405 1471 4476 τὴν
1496 4407 1669 4480 ὑγρὰν
1698 4409 1815 4464 δια-

1928 572 2081 627 etde
2115 574 2324 642 ignotis
2370 576 2646 632 decernit.
2681 574 2874 632 Nescit
2901 592 3025 647 quae
3051 586 3185 632 sunt
3215 576 3283 632 ad
3319 578 3507 646 pedes,

1926 669 1983 717 et
2030 662 2099 718 de
2148 665 2388 720 excelsis
2445 675 2875 724 commentatur.
2926 667 3161 723 Nescius
3200 668 3336 737 quid
3388 683 3513 738 post

1930 752 2209 807 modicum
2271 755 2376 823 ipsi
2427 765 2754 811 eventurum
2812 757 2907 824 sit,
2956 766 3162 812 aeterna
3209 756 3424 824 iudicat
3457 767 3512 812 et

1927 844 2219 913 exquirit:
2268 847 2542 911 modicus,
2594 848 2857 917 vilisque,
2892 848 3102 918 quique
3142 850 3509 904 nihilominus

1928 937 2258 994 inconcessa
2285 948 2601 1007 praesumat.
2634 939 2810 994 Homo
2838 956 3099 1010 perquam
3127 941 3507 995 multimodum

1926 1038 1983 1085 et
2022 1029 2088 1084 ad
2137 1034 2321 1086 omnia
2366 1038 2749 1101 comparatum
2796 1048 3089 1100 organum,
3146 1032 3327 1089 facilis
3370 1048 3508 1086 con-

1927 1123 2072 1177 sumi
2109 1138 2315 1187 massa,
2358 1124 2488 1178 vitae
2514 1132 2569 1177 et
2598 1124 2758 1203 morti
2802 1124 3209 1185 conterminus,
3240 1125 3507 1194 spiritalis

1929 1216 1982 1269 in
2032 1216 2264 1270 materia
2308 1215 2599 1270 concretio
2650 1216 3116 1285 compositiuque,
3157 1214 3387 1270 effectus
3422 1230 3510 1267 rac

1928 1306 2154 1361 tionalis
2204 1306 2259 1359 in
2312 1307 2482 1362 rebus
2540 1307 2730 1361 sensui
2797 1306 3092 1375 subjectis,
3159 1316 3341 1361 statua
3396 1321 3506 1359 non

1927 1414 2094 1453 manu
2131 1397 2302 1462 facta,
2349 1399 2717 1453 simulacrum
2776 1399 3103 1461 animatum,
3140 1396 3359 1452 celebre
3386 1397 3507 1449 aui-

1928 1492 2059 1556 mal,
2106 1492 2526 1562 repraesentatio
2590 1492 2913 1561 Speciesque
2975 1506 3242 1560 expressu
3300 1489 3504 1553 facilis,

1926 1582 2198 1640 deiforme
2274 1583 2585 1651 speculum,
2640 1583 2966 1638 cwlestibus
3032 1581 3509 1649 terrestribusque

1928 1673 2220 1741 interiecta
2277 1671 2661 1742 intercapedo,
2715 1670 2981 1733 visibilis,
3023 1677 3080 1724 et
3137 1669 3508 1741 intelligihilis

1928 1779 2393 1835 compagohqua:
2442 1771 2497 1818 et
2551 1764 2622 1818 sit
2667 1762 3010 1831 corruptioni
3073 1761 3334 1815 obnoxia.
3393 1769 3507 1815 eta

1928 1856 2288 1927 cerruptione
2319 1855 2604 1910 immunis.
2624 1852 2822 1921 Homo,
2851 1853 2957 1907 diei
2986 1853 3150 1907 unius
3179 1852 3303 1915 llos,
3324 1851 3509 1905 adum-

1931 1948 2114 2003 bratio
2158 1946 2351 2017 fugax,
2405 1945 2574 2000 herba
2629 1943 2790 2000 facile
2819 1958 3187 2006 marcescens,
3226 1949 3390 2011 captu
3427 1941 3508 1994 fa-

1926 2039 2052 2095 cilis
2076 2045 2336 2100 venatus,
2394 2036 2557 2093 facile
2587 2035 2656 2090 ad
2687 2035 2871 2105 fugam
2905 2032 3267 2103 mancipium,
3302 2030 3508 2085 animal

1930 2130 2121 2185 multis
2167 2129 2470 2184 obnoxium
2524 2128 2757 2192 morbis,
2816 2134 2871 2181 et
2909 2124 3056 2195 quod
3111 2124 3273 2178 facile
3306 2123 3506 2177 resolvi

1931 2219 2146 2289 possit;
2181 2219 2381 2282 lutum,
2410 2228 2470 2273 ut
2505 2216 2873 2272 nihilominus
2921 2217 3091 2268 altum
3138 2214 3357 2282 sapiat;
3387 2212 3509 2282 pul-

1929 2311 2033 2375 vis,
2072 2320 2130 2365 ut
2165 2319 2346 2364 tamen
2401 2310 2653 2366 ccelestia
2698 2308 3132 2376 contempletur.
3166 2303 3283 2360 Hoc
3316 2304 3507 2372 itaque

1926 2402 2120 2458 multis
2172 2402 2392 2472 insigne
2449 2400 2767 2456 nominibus
2809 2400 3037 2461 animal,
3088 2396 3275 2462 homo,
3324 2401 3507 2448 muta-

1927 2493 2116 2548 tiones
2162 2495 2385 2555 multas,
2432 2507 2540 2564 qua
2591 2492 2655 2547 ad
2688 2492 2955 2554 deterius,
2987 2504 3094 2558 qua
3156 2488 3224 2542 ad
3283 2487 3505 2552 melius,

1927 2584 2183 2640 inductas
2232 2586 2467 2655 recipit;
2524 2584 2714 2639 multis
2765 2598 2894 2638 vero
2943 2580 3089 2651 quod
3160 2585 3377 2647 spectat
3437 2576 3505 2630 ad

1926 2690 2247 2749 utrumque,
2301 2679 2612 2734 defectibus
2681 2660 2933 2732 laborat:
2992 2672 3244 2729 Sublatis
3300 2671 3507 2740 quippe

1929 2771 2272 2839 melioribus,
2310 2786 2504 2826 eorum
2542 2771 2667 2824 loco
2695 2769 2922 2824 inducta
2955 2766 3144 2836 pejora
3181 2764 3503 2822 admittens,

1924 2877 1955 2917 e
1986 2863 2095 2917 vita
2134 2863 2457 2933 passionum
2486 2862 2640 2916 vitiis
2692 2859 3028 2928 mancipata,
3072 2857 3128 2910 in
3157 2857 3324 2910 vitam
3363 2853 3498 2906 llllll-

1926 2952 1999 3006 tis
2036 2952 2392 3020 passionihus
2421 2949 2708 3013 afﬂictam,
2758 2964 2858 3002 sua
2895 2949 3010 3016 ipse
3051 2952 3253 3016 sponte
3281 2943 3502 2998 recidit.

1923 3035 2079 3103 Quod
2112 3038 2258 3092 enim
2295 3035 2388 3091 Dei
2423 3037 2584 3091 fictus
2617 3052 2779 3091 manu
2813 3045 2938 3106 post
2965 3042 3177 3100 creata,
3203 3049 3313 3103 prae
3349 3046 3507 3086 crea-

1924 3129 2020 3192 tis,
2052 3129 2418 3198 praarogativa
2447 3128 2704 3199 imaginis
2746 3129 3013 3182 honorem
3050 3126 3366 3188 habuisset,
3400 3123 3505 3176 im-
3564 3116 3575 3121 ’

1926 3216 2285 3270 mortalitatis
2335 3217 2536 3285 prtevie
2586 3217 2809 3285 pellem,
2858 3231 2959 3271 ceu
3009 3216 3061 3268 in
3094 3213 3347 3269 beneficii
3380 3229 3506 3282 par-

1925 3313 2059 3368 tem,
2096 3307 2347 3369 iudutus,
2381 3315 2787 3375 consequenter
2843 3307 3011 3361 etiam
3057 3305 3503 3374 incorruptionis

1924 3397 2192 3459 tunicam.
2231 3397 2520 3452 induisset.
2551 3397 2655 3451 Par
2678 3398 2823 3452 enim
2856 3405 3000 3460 erat,
3042 3405 3102 3450 ut
3134 3399 3228 3466 qui
3257 3397 3502 3450 omnium

1926 3490 2117 3552 simul,
2151 3498 2265 3544 tum
2297 3505 2419 3560 qum
2448 3490 2653 3544 cadunt
2682 3490 2783 3545 sub
2820 3505 3047 3545 sensum
3076 3496 3191 3542 tum
3224 3503 3348 3557 qum
3374 3489 3506 3541 eud-

1922 3591 2059 3636 nent
2096 3583 2312 3647 sensui,
2368 3582 2568 3637 divinaa
2613 3580 2983 3636 Providentia:
3014 3595 3284 3648 'curieque
3333 3582 3507 3649 parti-

1922 3688 2055 3742 ceps
2093 3672 2323 3727 effectus
2348 3681 2523 3736 esset,
2561 3673 2686 3727 aliis
2726 3674 2947 3742 quidem
2977 3674 3340 3743 praecelleret.
3377 3688 3501 3726 cum

1922 3766 2052 3821 aliis
2082 3776 2264 3820 autem
2298 3773 2574 3831 certaret;
2619 3766 2880 3835 partium,
2913 3766 3165 3836 inquam.
3195 3764 3260 3819 ad
3292 3766 3502 3819 alteru-

1923 3865 2007 3910 tra
2035 3859 2343 3912 alliuitale:
2380 3859 2523 3925 quod
2579 3866 2876 3928 utrumque
2926 3859 3218 3929 magnifice
3246 3857 3408 3912 simul
3449 3866 3505 3910 et

1921 3948 2214 4003 ambitiose
2261 3958 2601 4005 consecutus
2654 3957 2783 4003 cst:
2831 3949 2966 4003 adeo
3020 3957 3077 4001 ut
3115 3963 3277 4001 nemo
3343 3947 3505 4002 facile

1922 4040 2019 4095 Dei
2068 4041 2563 4112 magnificentiam,
2612 4043 2836 4113 proprio
2902 4058 3020 4097 suae
3078 4042 3253 4111 ipsius
3306 4057 3505 4095 manus

1919 4133 2181 4203 figmento
2210 4150 2534 4207 congruam,
2569 4134 2953 4189 aestimaverit.
2982 4134 3191 4190 Habeat
3228 4135 3502 4205 siquidem

1919 4227 2105 4281 vitalis
2153 4228 2248 4283 ille
2290 4227 2536 4297 paradisi
2590 4227 2747 4281 locus
2771 4228 3148 4297 voluptatem;
3179 4245 3313 4296 qua,
3343 4227 3502 4281 beata

1919 4316 1987 4371 ab
2010 4317 2398 4374 affectionibus
2451 4318 2701 4373 vacuitas
2734 4319 3088 4382 cernebatur.
3132 4319 3506 4373 conversatio-

1917 4425 2024 4479 que
2050 4392 2174 4464 cum
2198 4410 2443 4481 angelis;
2467 4410 2710 4479 dignitas
2737 4409 2974 4477 denique
3007 4408 3314 4471 rationalis,
3339 4408 3503 4463 intel-

233 4486 456 4555 νήχεται
502 4487 688 4556 φύσινο
728 4490 840 4542 τῶν
869 4509 929 4545 τε
960 4494 1019 4545 ὲν
1050 4496 1370 4568 παραδείσῳ
1410 4502 1615 4568 φυτῶν,
1674 4505 1817 4576 πλὴν
1851 4493 1863 4547 Ῑ

1933 4502 2319 4570 lectualisque,
2354 4510 2410 4557 et
2469 4502 2824 4564 immortalis,
2853 4516 2955 4554 nec
2995 4501 3345 4570 corruptioni
3400 4502 3504 4555 ob~

232 4575 352 4638 ἑνὸς
385 4576 576 4645 μόνου,
608 4580 694 4647 ἐφ’
718 4574 779 4635 οὗ
817 4582 878 4635 rb
913 4585 1011 4654 τῆς
1036 4586 1258 4656 ἐντολῆς
1288 4589 1634 4661 ἐνεσημάνθη
1677 4574 1809 4664 προ-

231 4667 517 4758 χάραγμα·
541 4673 704 4725 οἱονεὶ
730 4675 1034 4745 γυμνάσιον
1052 4678 1201 4749 αύτῷ
1230 4683 1510 4751 προτεθὲν,
1546 4687 1680 4757 πρὸς
1717 4689 1816 4758 τὴν

229 4757 295 4810 δι’
325 4761 535 4831 ἀρετῆς
583 4763 667 4825 εἰς
705 4766 959 4838 ὑπακοὴν
996 4769 1235 4833 πίστεως
1266 4771 1597 4846 τελειότητα.
1631 4757 1817 4851 Ταύτῃ

230 4851 337 4922 γὰρ
362 4852 462 4922 τῆς
500 4854 712 4918 εἰκόνος
739 4857 800 4911 rb
827 4858 1060 4921 θεοειδὲς
1089 4861 1369 4932 ἀλιῖιὸητον
1397 4865 1702 4933 διασώζοιτ’
1728 4871 1813 4932 ἂν,

230 4944 323 4994 καὶ
354 4943 456 5011 τῆς
510 4945 649 5009 πρὸς
705 4947 768 5000 rb
805 4950 1033 5021 ἀρχαῖον
1070 4954 1266 5018 κάλλος
1303 4958 1710 5024 ἀποτυπώσεως
1762 4966 1820 5016 ἐν

231 5034 413 5103 ταυτῷ
448 5034 601 5104 μένοι
629 5036 691 5090 rb
719 5040 1073 5113 ἁφομοίωμα,
1105 5046 1203 5114 τῆς
1229 5050 1439 5113 οἰκείας
1475 5053 1574 5105 οὐκ
1609 5052 1822 5118 ἐξιστά-

235 5140 395 5189 μενον
420 5126 807 5199 μονιμότητος.
827 5131 989 5195 Ἀλλ’,
1019 5134 1202 5204 οῖμοιί
1238 5138 1444 5191 τούτων
1474 5142 1622 5206 ὅπως
1645 5145 1821 5197 εἰπεῖν

233 5216 329 5267 οὐκ
368 5216 500 5286 ἔχω,
543 5217 859 5282 δελεασθεὶς
900 5223 1008 5277 ὑπὸ
1046 5228 1345 5300 συμϐούλῳ
1374 5231 1451 5301 τῷ
1474 5234 1689 5304 δαίμονι
1733 5237 1822 5291 διὰ

231 5304 502 5402 τὴνΔπρδς
529 5310 599 5361 τὰ
628 5312 864 5382 αἰσθητὰ
911 5316 1069 5385 prem
1111 5336 1170 5371 τε
1222 5322 1318 5374 καὶ
1358 5323 1617 5387 διάθεσιν.
1647 5328 1816 5402 ἄρδην

230 5395 544 5467 ἐστέρηται*
566 5404 898 5473 παραδείσου
929 5409 1050 5477 μὲν,
1069 5410 1253 5465 ούκέτι
1287 5414 1511 5482 πολίτης
1533 5395 1815 5490 ᾀδόμενος,

229 5486 290 5539 οὗ
329 5488 588 5561 βασιλέυς
612 5493 722 5547 τῶν
753 5496 858 5551 ὑπὸ
902 5502 1058 5570 χεῖρα
1107 5504 1645 5578 μεγαλαυχούμενος.
1694 5511 1818 5575 Πῶς

229 5578 339 5649 γὰρ
375 5581 406 5634 6
430 5585 497 5654 τῇ
534 5584 743 5661 χείρονι
772 5593 1167 5664 προστετηκὼς
1208 5599 1317 5650 τῶν
1351 5600 1537 5654 παθῶν
1571 5603 1794 5676 εὐηθείᾳ

229 5671 324 5765 καὶ
346 5676 469 5738 ταῖς
506 5679 841 5749 παραλόγοις
877 5684 987 5737 τῶν
1027 5687 1234 5757 ἡδονῶν
1269 5690 1554 5762 ὑποκύψας
1595 5661 1818 5765 όρμαῖςζ

227 5761 328 5833 τῆς
360 5767 621 5841 τοιαύτης
653 5771 850 5841 γένοιτ’
890 5774 954 5829 ἂν
986 5777 1281 5847 διαπαντὸς
1310 5784 1368 5836 ὲν
1403 5761 1672 5859 μετουσίᾷ
1718 5761 1814 5860 με-

1925 4594 2096 4649 noxia
2125 4635 2138 4659 ,
2192 4595 2341 4648 velut
2375 4592 2574 4648 divinae
2616 4592 3049 4663 pulchritudinis
3089 4594 3360 4664 participe
3409 4595 3507 4647 ho-

1924 4686 2094 4750 mine,
2127 4692 2391 4739 accurata
2450 4683 2643 4755 prima:
2690 4684 2948 4754 imaginis
2995 4687 3381 4756 expressioue.
3420 4684 3503 4738 Ad

1928 4777 2043 4830 haec
2086 4792 2215 4832 vero
2257 4777 2420 4830 etiam
2460 4770 2515 4830 in
2560 4778 2821 4830 animalia
2863 4778 3049 4835 omnia
3091 4778 3357 4832 donatum
3399 4779 3504 4832 im-

1928 4871 2170 4939 perium,
2213 4880 2325 4923 tum
2367 4885 2429 4924 ea
2462 4885 2584 4940 quae
2635 4877 2857 4940 reptant
2891 4886 3059 4940 super
3092 4879 3298 4925 terram
3322 4912 3336 4934 ,
3386 4879 3500 4924 tum

1921 4979 2045 5031 qua:
2100 4970 2290 5027 secant
2330 4977 2539 5025 aerem,
2593 4972 2708 5017 lum
2758 4979 2881 5035 qua:
2932 4979 3131 5032 aquam
3184 4973 3497 5033 pernatant.

1920 5053 2086 5109 Facta
2121 5056 2249 5110 item
2273 5056 2526 5125 paradisi
2567 5057 2830 5112 arborum
2887 5057 3150 5118 facultas,
3204 5071 3311 5109 una
3362 5058 3500 5108 dun-

1920 5155 2068 5201 taxat
2119 5158 2371 5219 excepta,
2427 5148 2481 5203 in
2531 5166 2637 5218 qua
2688 5149 2867 5203 divini
2913 5147 3158 5201 mandati
3188 5146 3502 5217 designatio

1920 5240 2291 5309 signaretur:
2335 5242 2487 5296 velut
2534 5242 2588 5296 in
2645 5241 2975 5295 exercitium
3018 5238 3303 5308 proposito
3351 5239 3502 5306 ligno

1922 5332 1989 5385 ad
2041 5334 2374 5388 obedientia:
2423 5334 2545 5390 fidei
2603 5330 3165 5388 consummationem.
3225 5330 3317 5385 Sic
3354 5331 3499 5386 enim

1921 5425 2134 5493 integra
2161 5424 2362 5481 divinae
2398 5427 2659 5497 imaginis
2689 5425 2905 5494 species
2939 5421 3328 5479 conservanda
3361 5432 3500 5484 erat,

1920 5532 2299 5588 expressaque
2340 5519 2407 5574 ad
2461 5520 2745 5588 antiquam
2792 5516 3260 5586 pulchritudinem
3306 5516 3505 5572 simili-

1924 5609 2082 5672 tudo,
2118 5610 2251 5663 nihil
2281 5626 2379 5666 sua
2412 5609 2684 5665 decedens
2728 5611 3052 5675 stabilitate,
3092 5610 3287 5665 cedem
3337 5611 3505 5667 modo

1928 5701 2160 5763 habens,
2209 5718 2492 5757 mansura.
2549 5701 2681 5763 Sed,
2721 5703 2823 5757 heu
2880 5704 2997 5757 me!
3045 5703 3257 5767 nescio,
3312 5708 3373 5756 ut
3418 5700 3504 5753 his

1923 5795 2205 5862 omnibus,
2261 5795 2470 5851 diaboli
2513 5798 2855 5855 consulentis
2897 5797 3093 5854 fraude
3163 5812 3264 5852 sua
3304 5795 3399 5855 illa
3434 5792 3503 5847 ad
