3824 6212
100 408 239 477 ἓῖΠ

995 417 1089 478 DE
1134 419 1455 479 IIUMANA
1490 418 1660 477 VlTA
1699 414 1794 473 ET
1835 419 1932 477 DE
1965 420 2411 481 DEFUNCTIS.

3243 416 3377 483 12⁸18

94 528 400 599 ἀρτηρίαις
444 524 649 594 ὑμένας
703 528 1104 591 ἐπισυνάπτων,
1145 530 1239 582 καὶ
1274 530 1480 599 φλέῦας
1530 533 1676 599 ὲμπι-

1796 543 1901 595 que
1933 531 2161 585 animali
2194 530 2440 592 adhibet,
2485 543 2549 582 ac
2586 527 2761 599 pingit
2796 528 3118 598 Qualitates,
3161 537 3216 585 et
3247 547 3374 600 pro-

94 619 255 672 πλῶν
288 619 520 689 αἵματος
553 632 568 682 ;
597 617 688 680 Τίς
723 617 856 671 ὀστᾶ
894 618 1032 688 πρὸς
1072 622 1228 681 ὀστᾶ,
1282 621 1378 673 καὶ
1423 622 1691 692 ἁρμονίαν

93 708 345 779 ἁρμονίᾳ
399 710 682 769 συνάπτει,
726 708 818 759 καὶ⁵
851 708 1013 779 σαρκὶ
1046 709 1440 778 συγκαλύπτει,
1477 711 1576 763 καὶ
1622 714 1689 782 τῇ

92 800 305 865 ἔξωθεν
344 798 619 870 προσϐολῇ
653 799 699 831 ³⁸
735 799 1093 869 μεγαλοφυῶς
1140 801 1467 871 ἀμφιέννυσι
1495 818 1510 868 ;
1534 803 1690 866 Ποῖος

90 894 152 943 ἐν
212 893 401 962 μήτρα
450 890 805 960 βυρσοδέψης,
868 891 1033 963 δορὰν
1083 894 1433 962 ἐτεκτήνατο,
1485 895 1581 947 καὶ
1620 897 1693 967 τῇ

91 981 309 1052 κρυφία
331 982 431 1050 τῆς
471 983 673 1051 σαρκὸς
711 983 924 1052 ἀδήλως
966 983 1225 1054 ὑγρότητι
1278 985 1376 1056 τὴν
1406 988 1690 1055 ἐπιφαινο-

93 1072 270 1141 μένην
322 1070 418 1124 τοῦ
475 1071 743 1142 δέρματος
777 1072 1009 1141 ὲποψίαν
1043 1066 1266 1138 ἁπαλῶς
1315 1075 1486 1139 οὕτως
1532 1076 1688 1129 λειώο

93 1180 220 1225 σας,
272 1158 397 1216 εἶτα
449 1164 726 1226 συντείνας
780 1164 1107 1235 ὁλοσχερῶς,
1178 1166 1500 1235 ἐσχεδίασες
1534 1167 1628 1231 Τίς
1660 1170 1688 1221 6

90 1250 314 1312 πλάσας
334 1251 588 1321 καρδίας,
608 1253 701 1306 καὶ
722 1256 957 1321 νεφροὺς
992 1238 1318 1320 ὑποζεύξας,
1352 1258 1447 1309 καὶ
1480 1259 1686 1326 σπλάγ-

88 1358 236 1409 χνων
266 1338 519 1410 ἑφευρὼν
560 1342 661 1403 τὰς
692 1344 1007 1407 συνθέσειςς
1055 1364 1073 1396 t
1117 1346 1213 1408 Τίς
1246 1348 1274 1399 6
1324 1347 1500 1411 δ;δοὺς
1541 1349 1685 1421 ζωὴν

87 1434 185 1486 καὶ
218 1432 390 1505 πνοὴν
413 1434 507 1487 καὶ
536 1434 605 1487 τὰ
630 1436 804 1488 πάντα
830 1454 844 1500 ;
889 1456 906 1488 ι

166 1704 279 1756 Καὶ
319 1703 423 1775 πρὸ
480 1703 689 1758 τούτων
734 1704 835 1770 ἔτι,
863 1705 1008 1769 τίνος
1049 1707 1208 1778 ἔργον
1237 1711 1264 1761 ὁ
1298 1710 1470 1778 μέγας
1526 1707 1680 1776 οὗτος

86 1794 191 1846 καὶ
224 1797 597 1864 παναρμόνιος
640 1797 884 1867 κόσμος;
920 1799 1042 1862 Πῶς
1090 1801 1317 1870 οὐρανὸς
1350 1802 1559 1873 ὑπέστη
1617 1807 1677 1856 τὸ

86 1884 244 1954 μέγα
290 1887 382 1938 καὶ
401 1885 665 1955 διαφανὲς
697 1887 792 1941 τοῦ
836 1889 1037 1952 παντὸς
1078 1890 1471 1961 ὲπικάλυμμας
1511 1871 1679 1947 Πόθεν
1712 1871 1752 1924 Β

83 1975 244 2046 αὐτῷ
275 1978 570 2048 σφαιρικὸν
593 1978 653 2031 τὸ
681 1979 872 2049 σχῆμα
906 1980 1280 2051 περιτιθέασιν
1307 1982 1459 2045 ἔνιοι,
1483 1986 1679 2055 τροχοῦ

82 2088 147 2123 τε
170 2071 331 2139 δίκην
352 2071 664 2141 ὲγκαρσίως
693 2071 1082 2142 στρεφόμενον,
1118 2074 1212 2126 καὶ
1244 2076 1308 2145 τῇ
1336 2075 1441 2126 τῶν
1465 2074 1680 2146 ἄστρων

81 2164 234 2233 φορᾷ
254 2163 536 2233 τηνάλλως
577 2154 1087 2233 ὲπικυ).ινδοὺμενον
1164 2167 1273 2218 Καὶ⁸
1320 2167 1423 2237 πρὸ
1451 2168 1675 2234 τούτων,

81 2255 171 2318 τίς
199 2256 304 2325 τὴν
335 2255 673 2325 προκόσμιον
702 2256 815 2308 τῶν
843 2256 1241 2327 ὑπερκοσμίων
1279 2259 1563 2328 δυνάμεων
1585 2277 1679 2312 ται

83 2346 368 2416 ξιαρχίαν,
420 2345 829 2417 ἀγγελοπρεπεῖ
867 2348 1233 2418 συνεστήσατο
1276 2349 1550 2417 τάγματις
1584 2349 1680 2412 Τίς

80 2438 301 2491 τούτων
340 2439 439 2501 τὰς
468 2440 664 2502 ἁΰλους
707 2440 800 2492 καὶ
835 2439 1107 2508 φλογερὰς
1133 2440 1322 2503 οὐσίας
1343 2442 1421 2505 είς
1450 2459 1681 2513 μυριαρ-

80 2529 214 2597 χίας
258 2528 356 2581 καὶ
377 2528 706 2599 χιλιαρχίας,
736 2530 1132 2600 ἁσχηματίστῳ
1175 2529 1567 2600 διαμορφὼσας
1603 2534 1679 2584 εί-

84 2623 194 2680 ast,
227 2619 525 2682 πολυειδῶς
558 2622 944 2687 κατεποίκιλε;
981 2621 1153 2675 Πόθεν
1184 2624 1368 2686 αὐτοῖς
1409 2624 1469 2676 τὸ
1499 2624 1681 2695 πυρῶ-

77 2712 177 2774 δες
206 2713 303 2763 καὶ
340 2712 629 2780 φωτοειδὲς
660 2712 752 2764 καὶ
783 2713 1108 2783 ὑπόπτερον,
1144 2714 1205 2766 τὸ
1246 2714 1449 2782 κοῦφόν
1476 2732 1532 2767 τε
1584 2716 1678 2768 καὶ

81 2803 509 2874 ὑπηνέμιον;’ί”ί
535 2803 597 2855 τὸ
624 2804 787 2874 τομόν
813 2822 873 2856 τε
902 2806 997 2858 κοιλ⁵
1028 2805 1162 2874 πρὸς
1192 2806 1467 2860 διακονίαν
1496 2807 1681 2859 εὐστα-

75 2895 185 2957 λὲς
216 2895 314 2947 καὶ
341 2895 696 2965 δραστήριον,
726 2897 822 2948 καὶ
856 2897 1081 2964 είσάγαν
1109 2896 1373 2962 ὀξυπετὲς
1424 2900 1518 2951 καὶ
1551 2899 1677 2968 ὑψί-

78 3003 288 3055 πορον,
316 2987 409 3039 καὶ
439 2985 501 3038 τὸ
526 2980 668 3040 κατᾶ
692 2986 887 3050 παντὸς
915 2989 1155 3057 ἀμογητὶ¹
1184 2989 1465 3059 φέρεσθαι,
1488 2987 1599 3042 οἷον
1620 2989 1679 3042 τδ
1714 3026 1722 3034 -

80 3081 244 3134 θεῖον
303 3080 676 3134 διακελεύεται
737 3078 1099 3149 πρόσταγμα,
1146 3077 1304 3141 Τίνος
1355 3080 1596 3149 σόφισμα
1650 3084 1679 3134 6

1797 619 1963 673 funda
2025 621 2284 690 astringit
2327 620 2451 691 t7),
2515 634 2580 673 ac
2646 622 2873 690 ﬁguram
2937 621 3372 692 distinguentem

1794 711 2105 767 constituit.
2137 711 2274 777 Quis
2307 727 2509 767 nervos
2546 710 2817 789 extendit,
2852 712 3134 782 trahitque
3156 728 3385 776 musmg

1794 801 1900 864 los,
1938 811 2104 872 atque
2135 802 2361 858 arteriis
2412 803 2767 857 membranas
2805 803 3049 855 conserit
3101 804 3372 855 annectit-

1790 908 1898 962 que
1931 904 1985 949 et
2021 910 2190 950 venas
2222 894 2492 965 sanguine
2521 894 2755 964 implet?
2783 894 2918 960 Quis
2951 908 3079 948 ossa
3111 894 3367 959 ossibus,

1790 991 2196 1053 cotupagesque
2214 983 2397 1054 jungit
2417 984 2801 1054 compagibus,
2826 993 2879 1037 et
2905 998 3071 1037 carne
3100 984 3368 1063 contegit,

1790 1082 2130 1142 externoque
2178 1083 2497 1144 legumento
2536 1073 2828 1143 magniﬁce
2880 1073 3100 1128 induit?
3141 1072 3277 1139 Quis
3311 1077 3368 1128 in

1789 1164 1950 1218 vulva
1981 1165 2279 1231 coriarius,
2338 1166 2538 1235 pellem
2593 1165 2831 1234 paravit,
2894 1179 2957 1218 ac
3009 1166 3366 1234 conspicuam

1789 1256 1936 1309 cutis
1967 1255 2337 1325 superﬁciem.
2377 1257 2448 1309 ita
2499 1257 2741 1310 molliter
2773 1256 3019 1318 laevians,
3058 1255 3369 1326 exindeque

1787 1345 1934 1398 omni
1967 1356 2123 1416 parte
2160 1346 2526 1409 contendens,
2568 1345 2789 1401 occulta
2840 1346 3150 1399 clanculum
3184 1349 3370 1401 carnis

1787 1436 2139 1502 bumiditate,
2161 1435 2382 1491 eﬁ‘ecit?
2404 1436 2670 1504 Quisnam
2697 1436 2854 1490 ﬁnxit
2882 1438 3071 1499 corda,
3099 1453 3369 1505 rencsque

1742 1574 1746 1579 .
1785 1526 2099 1595 subjunxit,
2132 1544 2195 1583 ac
2228 1530 2499 1584 viscerum
2530 1536 2867 1583 structuram
2903 1528 3148 1581 invenit?
3183 1548 3199 1579 ι
3232 1527 3370 1594 Quis

1783 1619 1935 1674 dedit
1968 1621 2156 1684 vitam,
2191 1631 2245 1676 et
2277 1621 2722 1690 inspirationem,
2759 1627 2813 1674 et
2852 1619 3039 1673 omnia
3062 1621 3136 1673 h?
3172 1640 3190 1671 ι
3336 1692 3341 1697 ἡ

1855 1709 2123 1766 Praeterea
2157 1727 2309 1777 vero,
2363 1710 2653 1780 cujusnam
2704 1725 2866 1779 opus,
2911 1725 3145 1778 magnus
3187 1711 3273 1763 hic
3312 1721 3368 1764 et

1783 1804 2253 1857 conciunissimus
2288 1799 2570 1856 mundus?
2608 1799 2898 1865 Quomodo
2931 1802 3133 1854 malum
3176 1802 3367 1854 condi-

1786 1900 1902 1946 tum
1956 1901 2064 1956 est,
2116 1906 2374 1961 magnum
2418 1890 2551 1944 illud
2605 1897 2659 1944 et
2718 1890 3055 1959 pellucidum
3118 1890 3363 1945 universi

1785 1983 2215 2055 tegumentum?
2248 1982 2539 2049 Quomodo
2581 1982 2628 2036 ei
2676 1980 2935 2051 quidam.
2995 1982 3362 2035 orbicularem

1784 2076 2015 2143 ﬁguram
2072 2077 2488 2145 ascripserunt,
2553 2088 2659 2143 qua
2715 2082 2846 2127 rota:
2899 2072 3078 2126 instar
3127 2073 3366 2143 obliqua:

1782 2176 2058 2226 versetur.
2098 2174 2489 2231 astrorumque
2544 2165 2755 2219 latione
2806 2173 3011 2218 temere
3046 2164 3366 2218 volutetur?
3442 2184 3447 2189 ·

1782 2260 2033 2326 Anteqne
2073 2258 2271 2311 iterum
2306 2256 2434 2321 illa;
2474 2256 2600 2324 quis
2642 2256 2795 2308 illum
2845 2255 3047 2309 mundo
3089 2257 3366 2325 antiquio-

1784 2366 1896 2403 rem
1936 2348 2036 2415 (8).
2069 2346 2419 2417 superiorum
2457 2345 2663 2398 mundo
2711 2343 3015 2410 Virtutum,
3048 2344 3360 2399 ordinatum

1783 2439 2189 2510 principatum,
2240 2449 2484 2506 congruo
2527 2435 2738 2505 angelis
2782 2436 2979 2489 ordine
3029 2437 3365 2490 constituit?

1781 2531 1919 2597 Quis
1967 2543 2158 2583 eorum
2192 2541 2220 2580 a
2271 2527 2500 2580 materia
2543 2535 2786 2580 secretas
2810 2526 3205 2596 ﬁammeasque
3235 2529 3364 2581 sub-

1782 2621 2039 2681 stantias,
2059 2636 2157 2688 per
2181 2619 2486 2690 myriadum
2516 2619 2977 2686 millenorumque
2998 2620 3363 2688 principatum,

1782 2712 2110 2782 infigurabili
2149 2712 2331 2779 specie
2373 2710 2618 2765 formans
2666 2709 3146 2778 distinguensque,
3185 2712 3364 2763 nuilti-

1781 2804 2039 2858 l'ormiter
2065 2802 2356 2857 distinxit?
2393 2802 2547 2858 Unde
2588 2802 2668 2856 eis
2710 2809 2904 2855 natura
2952 2801 3147 2869 ignea,
3203 2801 3367 2853 lumic

1780 2909 2026 2963 nosaque
2077 2901 2132 2948 et
2175 2895 2402 2962 aligera,
2450 2894 2740 2961 levisque,
2795 2906 2859 2945 ac
2898 2891 3050 2944 velut
3095 2890 3366 2944 ventitia?

1779 2985 1924 3053 Quid
1952 3003 2011 3040 ea
2045 2986 2290 3047 acutius,
2344 2993 2510 3053 atque
2559 2984 2643 3063 ad.
2681 2981 3054 3036 ministerium
3103 2981 3365 3036 liabilitas

1780 3093 1834 3139 et
1864 3082 2142 3148 efﬁcacia;
2178 3082 2549 3150 celeritasque
2577 3080 2869 3142 immensa,
2906 3089 2960 3132 et
2989 3080 3241 3133 incessus
3271 3093 3365 3150 su.-

80 3171 347 3238 διὰχυτος
374 3164 530 3233 οὗτος
562 3170 690 3240 ἀὴρ,
714 3170 809 3222 καὶ
831 3169 891 3221 τὸ
919 3168 1061 3238 ὑπὲρ
1088 3167 1248 3221 αὑτὸν
1270 3167 1511 3238 αἰθέριον
1536 3170 1676 3239 πῦρς

1785 3173 1968 3227 blimis
1999 3190 2012 3225 :
2046 3187 2109 3225 ac
2145 3172 2385 3233 demum,
2429 3179 2486 3221 ut
2522 3169 2674 3222 nullo
2702 3168 2892 3222 labore
2925 3167 3194 3243 ferantur.
3225 3183 3365 3232 qun-

87 3260 217 3324 Πῶς
243 3263 273 3313 6
310 3259 472 3323 αὐτὸς
526 3259 603 3326 πῆ
655 3259 753 3327 μὲν
781 3259 944 3328 ψυχοϊ
981 3275 996 3323 ;
1038 3259 1112 3326 πῆ
1138 3257 1196 3310 δὲ
1253 3257 1556 3328 θερμαίνει·
1612 3261 1673 3313 τὸ

86 3353 198 3419 μὲν
244 3353 311 3419 τῇ
351 3330 497 3403 καίὰ
528 3351 689 3419 φύσιν
737 3350 1039 3420 ὑγρότητι,
1087 3349 1148 3401 τὸ
1195 3349 1249 3402 δὲ
1304 3353 1370 3419 τῇ
1425 3350 1559 3421 πρὸς
1605 3350 1674 3404 τὰ

81 3443 205 3494 ἄνω
233 3440 537 3509 ὲγγύτητι;
570 3441 724 3505 Ποίος
763 3441 1006 3510 ὑφάντης
1034 3442 1067 3512 ἢ
1092 3441 1377 3512 ποικιλτὴς
1416 3443 1673 3512 τοιαύτην

79 3534 285 3603 ὀθόνην
318 3532 577 3601 ὲξύφανε,
629 3533 767 3601 πρὸς
813 3531 912 3602 τὴν
966 3531 1074 3584 τῶν
1116 3533 1358 3603 ἡλιακῶν
1407 3535 1675 3607 ὑποδοχὴν

81 3626 330 3677 ἀκτίνων
366 3623 749 3694 ἁρμόξουσαν;
786 3625 941 3687 Τίνος
964 3622 1211 3694 τεχνίτου
1253 3625 1315 3677 τὸ
1348 3627 1675 3698 περικαλλὲς

81 3715 250 3769 τοῦτο
274 3717 370 3768 καὶ
395 3715 677 3787 περίγειον
706 3715 990 3786 ’ἐδρασμα;
1053 3715 1149 3777 Τίς
1186 3717 1213 3769 6
1243 3716 1446 3788 ταύτην
1478 3718 1673 3789 ἀπερι-

81 3792 615 3878 δρακτωςὲρείσας,
659 3809 1081 3878 ὲμηχανήσατος
1120 3807 1245 3862 Ἐπὶ
1283 3810 1422 3874 τίνος
1456 3810 1512 3863 δὲ
1569 3813 1675 3865 τῶν

82 3900 262 3965 αὑτῆς
296 3898 658 3968 ἐδρασμάτων
688 3901 741 3952 αί
780 3898 1112 3968 κρυφιώδεις
1140 3900 1369 3969 ἀφέσεις
1394 3904 1673 3958 συνδέδεν-

79 4006 211 4054 ταις
243 3988 422 4042 Πόθεν
459 3989 522 4041 τὸ
558 3991 699 4059 μέγα
726 3990 885 4044 τοῦτο
923 3995 1210 4061 στοιχεῖον,
1234 3994 1267 4062 ἡ
1301 3994 1562 4060 θάλασσα,
1584 4001 1676 4050 καὶ

80 4082 146 4134 τὸ
169 4080 416 4134 ἄπλετον
446 4079 592 4152 ὕδωρ
620 4083 800 4134 ὲκείνο
830 4083 924 4135 καὶ
966 4084 1214 4154 ἄπειρον,
1248 4087 1327 4148 είς
1359 4086 1417 4139 ἓν
1450 4090 1676 4157 συνάγε-

78 4190 173 4226 ται
226 4172 520 4242 σύγκριμα
557 4172 766 4234 ;Πόθεν
801 4172 872 4225 τὰ
904 4174 1157 4244 πολυειδῆ
1187 4174 1331 4246 γένη-
1356 4177 1463 4230 τῶν
1488 4178 1673 4245 ζώων,

77 4267 181 4316 ὅσα
232 4278 296 4314 τε
343 4260 488 4331 ὑπὲρ
529 4262 634 4332 γῆν
684 4263 925 4327 ἴπταται,
984 4264 1081 4317 καὶ
1151 4267 1280 4335 περὶ
1339 4268 1442 4337 γῆν
1493 4269 1673 4340 ἕρπει,

76 4357 175 4409 καὶ
234 4357 357 4418 τοῖς
421 4353 610 4407 ὕδασιν
689 4356 1106 4427 ὑπερνήχεται;
1158 4358 1245 4421 Ὡς
1305 4360 1514 4431 μεγάλη
1580 4362 1674 4414 τοῦ

78 4445 322 4518 Ποιητοῦ
391 4446 499 4499 τῶν
545 4448 799 4501 ἁπάντων
852 4450 884 4519 ή
953 4448 1213 4517 δύναμιςί
1280 4452 1449 4504 Πόθεν
1506 4454 1674 4508 ὲκπο-

1774 3279 1995 3333 cunque
2020 3263 2205 3332 jussio
2233 3261 2419 3314 divina
2450 3260 2788 3327 injunxerit?
2810 3258 3114 3326 Cujusnam
3149 3260 3364 3312 molitio

1775 3354 2008 3409 diffusus
2041 3352 2129 3404 hic
2156 3366 2272 3416 aer,
2298 3350 2503 3419 quique
2531 3350 2605 3411 ei,
2638 3349 2914 3401 agthereus
2947 3348 3090 3415 ignis
3122 3350 3364 3402 eminet?

1775 3444 2061 3513 Quomodo
2088 3444 2231 3497 idem
2264 3443 2380 3511 ipse
2399 3439 2603 3510 partim
2640 3438 2954 3508 refrigerat,
2982 3436 3177 3507 partim
3210 3438 3360 3492 cale-

1777 3537 1911 3592 facit
1944 3554 1956 3588 :
1990 3536 2226 3589 alterum
2255 3532 2475 3602 quidem
2506 3530 2693 3583 nativa
2720 3528 3086 3592 humiditate,
3122 3529 3357 3582 alterum

1778 3639 1990 3690 autem,
2046 3641 2110 3680 ex
2166 3624 2517 3693 superiorum
2568 3617 2810 3672 vicinia?
2859 3616 2997 3682 Quis
3049 3626 3229 3672 textor
3263 3629 3362 3673 aut

1776 3717 2087 3791 plumarius
2120 3716 2297 3769 velum
2344 3709 2619 3781 ejusmodi
2660 3706 3035 3776 suscipiendis
3076 3708 3356 3763 solaribus

1777 3812 1951 3867 radiis
1987 3815 2371 3878 comparatum
2407 3802 2697 3858 contexit?
2730 3801 2901 3870 Cujus
2932 3800 3164 3855 artiﬁcis
3198 3816 3360 3855 manu

1779 3903 2007 3975 prodiit,
2062 3897 2517 3955 venustissimum
2571 3896 2676 3949 hoc
2728 3901 3049 3962 terramque
3106 3892 3358 3949 ambiens

1780 3992 2229 4050 firmamentum?
2270 3989 2409 4056 Quis
2445 4004 2563 4043 eam
2621 3985 3080 4055 incomprehensa
3141 3984 3361 4039 ratione

1777 4088 2071 4144 stabiliens
2105 4087 2409 4154 ﬁgensque,
2434 4080 2662 4133 molitus
2702 4078 2823 4133 est?
2856 4078 2914 4131 In
2957 4091 3195 4148 quonam
3230 4093 3358 4130 vero

1776 4182 1899 4250 ejus
1929 4178 2411 4232 fundamentorum
2440 4172 2681 4242 colligati
2730 4178 2860 4225 sunt
2896 4168 3083 4239 jactus
3115 4170 3359 4223 occulti?

1778 4269 2063 4338 Quomodo
2112 4281 2370 4336 maguum
2414 4264 2521 4317 hoc
2566 4264 2900 4317 elementum
2935 4275 3105 4324 mare,
3154 4262 3356 4328 illaque

1778 4356 2168 4429 innavigabilis
2204 4356 2584 4420 immensaque
2624 4365 2767 4419 aqua
2837 4350 2890 4401 in
2927 4364 3090 4401 unam
3127 4363 3358 4416 congre-

1778 4454 2057 4525 gationem
2110 4447 2361 4502 coaluit?
2424 4444 2580 4499 Unde
2649 4443 2819 4497 multa
2882 4441 2975 4495 illa
3034 4441 3351 4494 animalium

75 4516 311 4607 ρεύεται
344 4538 489 4605 φυτὰ
524 4539 617 4590 καὶ
645 4540 781 4607 γένη
822 4516 1029 4607 φυτῶν,
1057 4541 1152 4593 καὶ
1191 4541 1320 4606 ξύλα
1351 4542 1532 4612 ὑψηλὰ
1576 4545 1671 4597 καὶ

1784 4516 2018 4615 genera?
2055 4547 2166 4593 tum
2200 4536 2481 4599 nitnirum,
2516 4548 2639 4603 qure
2673 4534 2859 4587 volant
2909 4545 3075 4600 super
3124 4537 3350 4596 terram,

76 4630 381 4699 μετέωρας
429 4628 602 4681 Πόθεν
634 4631 965 4711 σπερμάτων
995 4631 1148 4700 γένη,
1180 4632 1272 4683 καὶ
1308 4631 1669 4703 βοσκημάτων
1704 4676 1711 4677 κ

73 4723 270 4791 νομαὶ,
302 4721 399 4774 καὶ
442 4720 617 4790 χῶραι
671 4722 996 4786 ποάζουσαι.
1044 4725 1277 4791 ροδονιαί
1300 4741 1356 4775 τε
1381 4727 1472 4776 καὶ
1500 4728 1671 4797 παρὰ·

76 4814 252 4868 δεισοι
275 4853 292 4879 ,
321 4814 418 4864 καὶ
451 4814 709 4883 ποταμῶν
739 4814 931 4884 ἐκροαὶ
958 4854 973 4878 ,
1004 4815 1099 4866 καὶ
1135 4815 1444 4885 σήραγγε;;
1497 4818 1592 4880 Τίς
1641 4820 1669 4872 6

168 4984 203 5027 ιι
234 4942 546 5051 Δσῑᾼινιι,
575 4986 668 5041 25.
715 5062 723 5069 1

1777 4644 1890 4688 tum
1922 4645 2041 4700 quae
2078 4628 2228 4683 circa
2286 4627 2459 4696 ipsam
2514 4632 2746 4693 reptant,
2799 4631 2913 4675 tum
2955 4622 3192 4690 denique
3234 4637 3354 4690 qum

1778 4727 1940 4796 aquis
1988 4727 2369 4792 supernatant.
2426 4715 2600 4781 Quam
2636 4730 2829 4784 magna
2860 4717 3037 4769 virtus
3077 4714 3353 4786 Creatoris

1777 4821 2159 4876 universorum
2186 4814 2199 4867 l
2239 4810 2394 4866 Unde
2427 4809 2790 4879 egrediuntur
2817 4809 3041 4879 plantae,
3067 4818 3121 4863 et
3154 4824 3353 4879 genera

1356 5119 1590 5177 VARUE
1639 5120 2049 5180 LECTIONES.

148 5221 201 5254 ”
222 5221 315 5273 ἷσ.
339 5215 605 5289 προϐολῇ.

1406 5304 1797 5361 COMBEFISII
1838 5307 2072 5364 NOTAE.

145 5410 239 5481 ('1)
279 5406 564 5476 Profunda
591 5403 1236 5481 ασιιςίηῃὶε.Δαμματίζει
1272 5401 1431 5472 βάθη.
1462 5400 1536 5454 Ita
1567 5402 1671 5481 με.

71 5473 228 5537 bent
250 5473 576 5533 constanter
602 5475 846 5539 codices,
879 5488 1192 5544 quanquam
1224 5482 1307 5526 est
1344 5487 1444 5524 vox
1472 5473 1668 5533 rarior,

72 5546 692 5617 nechxit’Js-agnita.
721 5544 896 5617 Sensu
942 5544 1213 5617 congruit,
1265 5551 1323 5595 ut
1362 5551 1674 5609 exponatur

71 5640 141 5677 eo
183 5619 361 5675 modo
412 5613 795 5687 qrtcfHesycli.
845 5615 923 5687 τὸλ
950 5613 1272 5687 ἁμματίζει,
1325 5627 1539 5687 nempe.
1573 5629 1669 5687 πε-

72 5691 350 5762 ριπλέκει
372 5681 845 5762 ,δέσμεύειίνειιιι
874 5681 1134 5762 nimirum
1174 5684 1254 5762 sic
1286 5681 1666 5762 astringeudo,

74 5753 234 5818 huos
272 5753 394 5813 sibi»
418 5753 578 5809 ῑυιέιιιι
623 5757 947 5818 constituat,
978 5756 1066 5808 cui
1111 5754 1328 5808 colores
1358 5753 1660 5821 inspergat.

70 5834 227 5888 Num
262 5830 417 5885 aliud
457 5828 700 5897 mystcrii
740 5842 840 5881 vox
889 5827 1002 5881 haec
1046 5826 1270 5889 habeat,
1316 5824 1498 5893 sitque
1535 5838 1663 5877 con-

1772 5411 1984 5472 ceptum
2012 5405 2340 5476 vocabulum
2375 5409 2513 5464 artis
2540 5408 2788 5476 picturaa,
2822 5420 2910 5460 res
2940 5420 3027 5459 me
3059 5406 3213 5457 latet.
3255 5404 3348 5461 Vix

1772 5469 1973 5547 nam
1986 5478 2157 5547 possit
2184 5469 2331 5530 afiud
2373 5469 2620 5547 signiﬁca
2633 5494 2709 5531 re.

1843 5542 1917 5612 (8)
1948 5543 2147 5617 dfundo
2190 5542 2569 5614 antiquiorem.
2611 5547 2955 5617 Προκόσμιιν
3001 5545 3346 5615 ταξιαρχίαν.

1765 5610 1926 5665 Jufua
1977 5613 2156 5671 Basilii
2209 5628 2264 5669 et
2318 5610 2436 5673 fere
2491 5610 2924 5673 Graecorum'de
2988 5610 3349 5680 mutuli—slli-

1762 5684 1943 5805 ἷιίιςιᾶξε
1978 5687 2257 5741 creatione
2300 5696 2428 5744 ante
2471 5690 2835 5759 corporalem,
2876 5689 2941 5743 de
2984 5701 3093 5757 qua
3142 5684 3212 5743 ad
3248 5685 3349 5738 Mo-

1807 5771 1857 5807 l0
1903 5771 2034 5807 ιιιιιι.
