3824 6212
166 331 311 398 1235

1069 348 1165 409 DE
1200 351 1523 414 HUMANA
1556 357 1728 417 VlTA
1770 360 1865 420 ET
1903 360 2000 421 DE
2033 358 2481 428 DEFUNCTIS.

3310 372 3442 440 1286

161 452 621 523 εὶσπμάττοντες,
657 455 753 510 καὶ
778 459 938 528 ἡμεῖς
970 459 1071 512 οὐκ
1098 461 1395 533 αἰδούμεθα
1418 483 1432 531 ;
1459 466 1525 518 Τί
1552 466 1728 532 ποιεῖς

1855 480 2067 541 gentes,
2109 490 2211 530 nec
2256 476 2358 546 ipsi
2408 478 2713 533 reverentia
2769 483 3057 537 tenemur?
3083 483 3222 550 Quid
3254 484 3396 551 facis
3424 524 3437 550 ;

160 543 462 615 ἄνθρωπες
498 546 527 598 ὁ
557 547 810 618 κείμενος
837 549 1058 620 ἐξέστη·
1110 553 1206 605 καὶ
1251 556 1313 607 σὺ
1345 557 1448 624 οὐκ,
1476 558 1708 630 αἰσχύνῃ
1734 575 1748 626 ;

175 636 239 689 '0
271 637 534 707 κείμενος
567 638 782 709 ἐξέστη,
816 641 912 693 καὶ
943 643 1008 696 σὺ
1047 643 1304 711 παίζεις;
1349 648 1586 714 Ἐκεῖνος
1613 652 1753 719 ἀγωο

160 730 280 799 νιᾷ,
310 731 409 781 καὶ⁸
468 730 532 782 σὺ
587 730 907 803 δαιμονιᾷς;
948 723 1188 798 Ἐκεῖνος
1231 736 1522 802 κλονεῖται,
1559 742 1749 796 καὶ-σὺ

158 820 226 871 οὐ
253 819 541 890 φρίττεις;
585 820 821 885 Ἐκεῖνος
876 823 1238 895 ψυχορραγεϊ,
1298 828 1394 882 καὶ
1425 830 1488 883 σὺ
1519 832 1579 885 οῦ
1616 851 1748 903 μορ-

163 906 452 976 μολύττῃ;
493 907 734 971 Ἐκεῖνος
764 908 1029 978 κρίνεται,
1071 913 1165 966 καὶ
1188 914 1252 966 σὺ
1288 916 1387 968 οὐκ
1423 918 1744 989 ὲξίστασαι;

172 995 417 1057 Ἐκεῖνος
444 996 857 1065 εἰσπράττεται,
883 999 1059 1053 καὶσὺ
1091 1001 1150 1052 οὐ
1182 1005 1409 1073 ναρκᾷς,
1434 1006 1532 1075 τὴν
1554 1009 1746 1078 ὁμοίαν

158 1084 402 1149 ἐλπίζων
429 1084 755 1154 ὲπαίτησιν;
788 1088 1029 1152 Ἐκεῖνος
1061 1089 1353 1158 θαμϐεῖται
1380 1094 1745 1167 ὀρῶνᾶμήπω

158 1175 402 1246 ἑώρακε,
437 1176 531 1227 καὶ
568 1177 632 1229 σὺ
680 1177 739 1228 ού
807 1179 948 1247 φοϐῇ
985 1180 1078 1232 καὶ
1109 1182 1375 1253 συστέλλῃ
1409 1187 1743 1256 σωφρονιζό-

160 1283 364 1336 μενος;
404 1267 643 1329 Ἐκεῖνος
683 1267 928 1338 θνήσκει,
961 1272 1054 1322 καὶ
1074 1273 1137 1323 σὺ
1166 1273 1460 1347 φρυάσσῃς
1505 1277 1743 1344 Ἐκεῖνος

155 1358 520 1429 τελευτᾷ,κα“ι
572 1361 637 1412 σὺ
698 1361 1023 1431 ἑνθουσιᾷςς
1076 1362 1330 1433 Ἐπίσχες
1376 1367 1599 1437 μικρὸν,
1644 1369 1742 1422 άν-

157 1445 393 1515 θρωπε;
433 1446 599 1515 Ἄφες
651 1448 814 1500 αὐτὸν
868 1447 1125 1501 ἀπελθεῖν
1175 1452 1234 1502 ἐν
1265 1454 1456 1524 εἰρήνῃ
1481 1455 1610 1509 ἔνθα
1644 1458 1738 1511 κέ-

158 1534 376 1605 κληται.
413 1537 613 1590 Ἔασον
675 1538 836 1590 αὑτὸν
883 1538 1102 1592 ὁδεῦσαι
1157 1540 1368 1611 τρίϐον,
1420 1545 1487 1614 ἢν
1529 1546 1738 1602 οὐδέπω

155 1624 439 1689 διώδευσε,
458 1627 554 1679 καὶ
584 1620 650 1697 ἦς
677 1626 776 1679 οὐκ
802 1627 1153 1697 ἀναστρέψει,
1181 1631 1272 1681 καὶ
1297 1630 1364 1699 ἣν
1384 1632 1584 1700 ὁμοίως
1601 1635 1736 1689 πάν-

155 1731 272 1777 τες,
300 1715 447 1767 κᾶνὸ
480 1714 580 1784 μὲν
620 1714 804 1779 εὐθὺς,
840 1718 867 1768 ό
912 1716 969 1768 δὲ
1015 1717 1131 1785 μετ’
1152 1718 1354 1787 ὀλίγον,
1405 1721 1697 1792 ὀδεύσομεν
1718 1742 1733 1758 ο

1857 563 2124 618 ohomo?
2181 564 2402 631 Jacens,
2460 576 2687 638 stupore
2748 571 2919 625 nimio
2968 583 3264 643 correptus
3318 587 3432 639 est,

1857 668 1961 708 nec
2051 664 2106 707 tu
2174 658 2575 714 confunderis?
2652 659 2877 723 Jaeens,
2963 663 3199 719 horrore
3288 668 3436 721 velut

1853 744 2114 800 sensibus
2165 751 2441 817 excessit;
2492 758 2547 804 et
2617 758 2673 804 tu
2749 752 2936 808 ludis?
2994 753 3091 809 Ille
3118 755 3173 808 in
3232 757 3431 827 agooia

1851 845 1972 903 est;
2041 848 2098 893 et
2134 847 2190 893 tu
2260 841 2587 896 daemoniaci
2653 843 2831 898 instar
2879 846 3265 904 insanisillle
3319 859 3431 903 tur-

1853 928 2058 996 batur;
2121 941 2175 985 et
2230 940 2288 986 tu
2351 948 2459 988 non
2497 934 2738 990 horres?
2789 935 2882 990 Ille
2942 938 3126 1008 rigens
3190 940 3426 994 animam

1852 1019 2002 1089 agit;
2050 1036 2149 1075 nec
2182 1031 2236 1075 ιιι
2284 1024 2553 1081 terreris?
2612 1025 2707 1079 Ille
2753 1026 3071 1094 judicatur;
3110 1044 3208 1084 nec
3240 1038 3295 1082 tu
3330 1030 3427 1085 ob-

1851 1111 2166 1180 stupescis?
2201 1111 2293 1168 Ille
2339 1116 2405 1169 ad
2438 1116 2683 1170 rationes
2738 1119 2991 1186 cogitur;
3026 1134 3127 1173 nec
3200 1129 3256 1173 ιιι
3311 1130 3428 1175 tor-

1850 1213 1945 1267 pes
1999 1202 2086 1254 cui
2150 1212 2205 1255 et
2271 1204 2372 1273 ipsi
2435 1207 2582 1259 ratio
2645 1207 2919 1262 reddenda
2980 1208 3278 1270 imminet?
3330 1213 3426 1268 Ille

1848 1299 2009 1359 pavet
2051 1293 2245 1349 videns
2296 1295 2562 1352 hactenus
2614 1314 2725 1353 non
2780 1300 2938 1366 visa;
3000 1317 3100 1357 nec
3142 1313 3197 1357 ιιι
3257 1306 3426 1361 casti-

1848 1382 2024 1448 gatior
2065 1382 2244 1439 factus
2315 1388 2477 1443 times
2529 1399 2583 1444 et
2630 1383 3021 1447 contraheris?
3086 1393 3180 1449 Ille
3251 1397 3422 1450 mori-

1846 1479 1974 1536 tur;
2009 1481 2064 1527 et
2131 1483 2187 1528 ttt
2221 1479 2512 1547 superbis?
2559 1480 2655 1536 Ille
2703 1484 3011 1551 occmnbit;
3067 1494 3122 1540 et
3172 1496 3229 1540 ιιι
3274 1488 3422 1541 velut

1845 1558 2087 1616 fanatico
2141 1567 2337 1634 spiritu
2389 1571 2735 1639 corriperis?
2781 1570 3007 1627 Sustine
3047 1576 3344 1639 modicum,
3387 1591 3420 1630 ο

1843 1652 2030 1708 homo.
2063 1654 2217 1720 Sine,
2251 1659 2410 1711 abeat
2446 1660 2498 1713 in
2529 1676 2683 1729 pace,
2724 1678 2831 1731 quo
2866 1672 3092 1720 voratus
3124 1666 3248 1720 fuit.
3287 1666 3420 1722 Sine

1842 1741 2063 1798 incedat
2109 1747 2276 1810 viam,
2333 1764 2497 1818 quam
2545 1753 2781 1806 necdum
2832 1754 3084 1819 incessit,
3127 1765 3179 1809 et
3210 1772 3277 1811 ex
3308 1772 3416 1827 qua

155 1808 243 1869 εις
277 1805 381 1875 γῆν
437 1807 719 1876 σκοτεινὴν
766 1808 860 1860 καὶ
890 1809 1185 1879 γνοφερὰν,
1216 1812 1295 1868 εἰς
1344 1811 1450 1883 γῆν
1512 1817 1730 1883 σκότους

164 1900 275 1919 -2-.-
301 1898 371 1919 ι--.
433 1891 487 1919 -1.
521 1898 615 1919 μ’--
644 1897 752 1919 ε--.
787 1898 950 1919 ηιμ---
973 1916 986 1919 _
1038 1900 1147 1919 -391
1177 1903 1189 1919 9
1213 1903 1268 1919 -.ρ
1335 1902 1360 1919 ν
1414 1903 1425 1919 ι
1503 1905 1528 1919 Α
1644 1907 1668 1919 .-

2264 1805 2275 1810 7
2352 1805 2364 1818 .
2597 1805 2778 1806 ηκκηκ
2835 1805 3084 1819 ἠν-⁷⁷⁷⁷1
3134 1805 3177 1809 ν
3214 1805 3277 1811 ν-
3311 1805 3416 1827 1-"-

1842 1849 2121 1904 nunquam
2171 1854 2529 1907 regressurus
2571 1854 2684 1908 θείς
2742 1860 3019 1914 quamque
3075 1863 3270 1903 omnes
3322 1864 3416 1919 pa-

153 1898 399 1963 αἰωνίου,
430 1891 491 1950 οὗ
518 1898 617 1950 οὐκ
642 1897 757 1951 ἔστι
782 1898 1007 1967 φέγγος,
1031 1900 1151 1952 οὐδὲ
1167 1903 1300 1972 ὁρᾷν
1328 1902 1471 1973 ζωὴν
1501 1905 1731 1976 βροτῶν.

156 1993 330 2046 Ἔνθα
381 1993 477 2046 xa‘t.
523 1995 669 2063 ἡμᾶς
746 1989 889 2047 εἶναι
938 1994 1021 2047 δεῖ
1075 1997 1313 2061 πάντως,
1372 2001 1467 2054 καὶ
1528 2003 1734 2075 ταύτης

150 2087 350 2155 πεῖραν
403 2085 584 2138 λαϐεῖν
626 2126 641 2153 ,
689 2085 889 2156 ὁμοίως
939 2088 1051 2149 τοῖς
1080 2105 1098 2138 ι
1132 2089 1213 2152 είς
1250 2090 1354 2161 γῆν
1406 2091 1661 2162 χώματος
1705 2116 1726 2149 ι

149 2175 598 2230 καταϐαίνουσιν.

143 2283 256 2336 qua
281 2279 337 2322 et
366 2283 465 2321 nos
513 2268 736 2322 omnino
811 2278 1031 2340 oportet
1083 2285 1228 2336 esse,
1286 2273 1517 2342 ejusque
1579 2277 1884 2345 periculum
1939 2288 2138 2355 facere,
2192 2292 2363 2347 simili
2430 2294 2498 2348 iis

149 2378 170 2410 ι
211 2360 264 2413 in
301 2367 504 2412 terram
547 2360 758 2430 aggeris
780 2371 878 2417 ιη.»

227 2451 370 2504 Ἀλλ’
401 2452 547 2522 ἐρεῖς
595 2469 685 2522 μοι
743 2454 886 2523 τάχα
931 2454 1135 2507 τούτων
1166 2455 1402 2520 ἁκούων,
1458 2458 1725 2529 ἁγαπητὲ.

144 2544 213 2596 Τί
245 2539 372 2609 οῦνς
407 2545 505 2597 Διὰ
555 2543 715 2598 τοῦτο
771 2546 830 2598 οὐ
864 2546 947 2598 δεῖ
971 2546 1198 2611 κλαίειν,
1241 2547 1325 2600 ὅτι
1353 2552 1444 2618 γῆ,
1482 2551 1578 2603 καὶ
1602 2568 1727 2619 γνο-

148 2635 338 2705 φώδης
366 2635 460 2689 τὸν
492 2635 834 2705 προλαϐόντα
879 2636 1182 2706 διαδέχεται
1212 2638 1386 2707 χῶρος
1412 2656 1427 2704 ;
1464 2640 1571 2693 Καὶ
1608 2643 1728 2707 πῶς

143 2728 222 2799 μὴ
250 2728 508 2799 θρηνήσω
543 2728 769 2792 δικαίως
827 2728 919 2782 τὸν
959 2730 1038 2792 είς
1094 2729 1352 2799 τοιαύτην
1378 2731 1726 2801 ἀπαγόμενον

138 2822 280 2891 γῆνς
309 2822 462 2892 εἴπερ
483 2821 588 2891 γῆν
637 2821 757 2875 δέον
814 2804 974 2883 νοεῖν,
1010 2820 1112 2891 τὴν
1154 2820 1410 2890 τοιαύτην
1445 2823 1721 2876 κατάστα-

48 2896 51 2917 ’
140 2929 252 2965 σιν.
278 2911 400 2976 Πῶς
424 2913 526 2965 οὐκ
546 2910 764 2980 οίμιῦξω
795 2911 891 2963 καὶ
915 2909 1256 2981 ὀλολύξομαι,
1289 2912 1476 2974 σκότος
1508 2912 1723 2967 ἀκούων

134 3004 353 3071 οἴκησιν
385 3003 478 3057 καὶ
513 3003 890 3066 κατάπαυσιν;
940 3000 1033 3065 Μὴ
1062 3003 1191 3072 γὰρ.
1242 3002 1452 3073 λιθίνην
1487 3002 1593 3073 ἔχω
1622 3006 1722 3075 τὴν

134 3096 366 3167 καρδίαν
396 3095 526 3164 ἐγὼ,
555 3096 630 3159 ὡς
648 3094 853 3150 τούτοιν
882 3095 1096 3149 ἀκούων
1122 3096 1197 3166 μὴ
1228 3094 1447 3164 θρηνεῖν
1471 3110 1485 3159 ;
1521 3096 1583 3147 Ei
1610 3096 1719 3168 γὰρ

1839 1926 2013 1990 riter,
2053 1943 2370 1998 quanquam
2407 1931 2460 1984 hi
2491 1934 2702 1998 statim,
2752 1936 2856 2000 illi,
2894 1937 3040 1993 brevi
3086 1947 3230 2008 post,
3267 1940 3419 1993 ince-

1840 2014 1969 2070 dere
2003 2017 2300 2074 habemus:
2339 2022 2405 2074 ad
2439 2029 2640 2076 terram
2675 2026 3021 2081 tenebrosam
3054 2038 3108 2082 et
3148 2030 3417 2099 caligino-

1836 2120 1954 2159 sam
1979 2134 1995 2174 ;
2024 2119 2224 2164 terram
2254 2113 2714 2181 sempiternarum
2759 2119 3136 2182 tenebrarum,
3177 2122 3268 2175 tthi
3306 2137 3415 2177 non

1833 2205 1916 2252 est
1950 2200 2233 2268 splendor,
2274 2218 2377 2258 nec
2408 2212 2495 2259 est
2540 2205 2725 2260 videre
2760 2209 2929 2262 vitam
2965 2212 3320 2278 mortalium;
3357 2214 3414 2268 in

2570 2298 2803 2364 ratione,
2852 2301 2946 2369 qui
3005 2300 3413 2359 descenderunt

1922 2463 2028 2519 Sed
2058 2463 2244 2519 forsan
2306 2466 2460 2520 dicas
2492 2467 2607 2521 haec
2668 2468 2919 2534 audiens,
2977 2469 3212 2525 dilecte:
3267 2472 3409 2537 Quid

1835 2555 2005 2609 vero?
2052 2555 2245 2610 Nonne
2274 2556 2396 2610 ideo
2452 2556 2692 2612 ﬂendum
2752 2566 2867 2624 est,
2936 2560 3083 2628 quod
3127 2561 3200 2616 sit
3260 2573 3410 2618 terra

1834 2646 2165 2712 tenebrosa,
2234 2647 2493 2716 quodqtie
2583 2648 2736 2703 locus
2799 2650 3143 2717 caliginosus
3225 2654 3408 2707 susci-

1830 2736 1945 2803 piat
1996 2735 2353 2789 del'unctum?
2398 2736 2501 2802 Qui
2568 2747 2747 2790 atttem
2784 2753 2891 2792 non
2935 2740 3136 2793 merito
3189 2740 3405 2811 lugeam

1827 2842 1952 2882 eum
2004 2828 2111 2894 qui.
2151 2827 2218 2881 ad
2287 2836 2492 2882 terram
2535 2828 2805 2898 ejusmodi
2854 2830 3404 2901 abducitur?siqui-

1828 2918 1949 2971 deni
2007 2925 2187 2973 status
2245 2919 2356 2983 ille,
2424 2929 2565 2974 terra
2628 2921 2959 2991 cogitandus
2991 2924 3084 2976 sit.
3153 2922 3256 2990 Qui
3296 2941 3405 2979 non

1826 3008 2103 3077 deplorem
2135 3010 2534 3080 lamenterque,
2582 3012 2812 3068 audiens
2847 3013 3201 3068 tenebrarum
3228 3015 3405 3069 domi-

1828 3102 2018 3156 cilium
2059 3110 2114 3156 et
2136 3103 2428 3172 requiem?
2469 3102 2610 3158 Num
2643 3106 2786 3159 enim
2830 3120 2937 3159 non
2967 3105 3247 3160 debuerim
3279 3123 3404 3163 esse

135 3190 235 3243 καὶ
267 3191 346 3252 εἰς
372 3187 488 3256 φῶς
539 3186 755 3250 ἀκούων
799 3186 1291 3256 ἀπαχθησόμενον,
1355 3188 1565 3238 ἀνεῖναι
1614 3188 1714 3258 τῆς

1842 3195 1982 3249 :orde
2034 3194 2271 3263 lapideo,
2329 3203 2386 3248 ut
2448 3196 2564 3250 haec
2622 3198 2854 3252 audiens
2896 3213 3010 3252 non
3039 3199 3295 3269 lugeam?
3342 3198 3400 3254 Si

133 3280 311 3349 λύπης
361 3282 425 3333 οὐ
484 3278 758 3351 καρτερῶ,
813 3278 932 3342 πῶς
978 3277 1240 3348 ἀνέξομαι
1294 3279 1455 3348 σιγᾷν
1490 3281 1715 3345 σκότους

1842 3285 1968 3338 :nim
2002 3285 2085 3337 vel
2116 3285 2182 3338 ad
2220 3286 2360 3340 lucis
2394 3286 2674 3355 regionem
2708 3287 2947 3343 audiens
2991 3289 3399 3353 abducendum,
3436 3300 3439 3302 ‘

128 3376 348 3431 ἁκούων
402 3375 685 3445 οἰκήτορα,
746 3374 838 3427 τὸν
888 3373 995 3444 πρὸ
1070 3371 1268 3442 μικροῦ
1305 3373 1713 3443 συνοικήτορα;

130 3470 259 3533 Πῶς
292 3470 367 3539 μὴ
397 3467 604 3539 γοερῶς
637 3467 1032 3537 α’ποδύρωμαι,
1081 3465 1139 3517 ὃν
1189 3464 1373 3517 οὐκέτι
1410 3464 1714 3531 θεάσομαι;

130 3561 246 3613 Καὶ
304 3559 418 3613 εἴθε
463 3576 527 3627 γε
578 3559 637 3611 τὸ
691 3557 867 3627 γλυκὺ
911 3555 1070 3610 τοῦτο
1117 3555 1232 3625 φῶς
1287 3555 1715 3625 καταλείψαντα,

126 3651 426 3720 φωτοειδὴς
489 3649 785 3716 ὑπεδέξατο
863 3648 1074 3719 χῶρος,
1150 3648 1227 3711 ὡς
1293 3648 1358 3701 ἄν
1438 3665 1522 3711 τις
1574 3650 1717 3719 τάχα

127 3743 361 3815 βραχεῖα
390 3740 685 3812 παραψυχὴ
714 3742 826 3804 τοῖς
852 3738 1175 3808 ἀνιωμένοις
1206 3740 1546 3808 προσκέοιτο.

1821 3390 1929 3428 non
1960 3388 2186 3442 possum
2221 3388 2250 3427 a
2285 3376 2506 3429 tristitia
2540 3386 2868 3445 temperare,
2905 3380 3183 3448 quomodo
3219 3388 3401 3435 tacere

1820 3463 2133 3528 habuerim,
2181 3464 2274 3533 qui
2311 3480 2460 3530 eum,
2490 3481 2654 3534 quem
2703 3468 2868 3535 paulo
2900 3475 3028 3522 ante
3070 3470 3239 3523 habui
3267 3484 3401 3524 ceu.

1822 3556 2192 3622 tubernalem,
2241 3555 2595 3611 tenebrarum
2644 3557 2919 3625 hospitem
2968 3559 3230 3614 audiam?
3291 3560 3396 3626 Qui

1824 3664 1935 3703 non
1990 3649 2119 3702 altis
2155 3647 2487 3702 clamoribus
2524 3662 2650 3700 eum
2706 3647 3015 3716 deplorem,
3057 3666 3218 3718 quem
3251 3652 3394 3705 ultra

1819 3753 1929 3792 non
1987 3736 2089 3790 sim
2140 3737 2409 3791 visurus?
2457 3736 2635 3805 Atq‘ue
2662 3737 2870 3789 utinam
2914 3751 3071 3801 sane,
3098 3739 3244 3794 dulci
3291 3741 3396 3795 bac

124 3840 248 3893 Iure
297 3836 514 3898 relicta,
563 3835 618 3888 in
664 3834 842 3888 locum
888 3832 1133 3888 lucidum
1176 3840 1326 3889 esset
1354 3844 1684 3904 susceptus;
1726 3828 1898 3889 utsic
1948 3830 2098 3887 forte
2156 3833 2293 3888 levis
2348 3831 2593 3903 quaedam
2660 3833 2967 3888 consolatio
3028 3835 3394 3890 maerentibus

124 3940 444 4001 suppeteret
464 3933 478 3985 ί

194 4026 393 4090 Βαϐαὶ,
414 4025 515 4096 τῆς
546 4025 864 4097 παραλόγου
921 4026 1033 4080 τῶν
1057 4025 1234 4095 λόγων
1264 4026 1629 4097 ἀντιστροφῆς
1650 4043 1709 4080 τε

1885 4021 2083 4092 Papae!
2134 4017 2365 4072 alienam
2397 4030 2426 4069 a
2460 4017 2672 4071 ratione
2709 4016 2988 4070 rationum
3022 4019 3392 4073 contrarieta-

128 4121 212 4176 καὶ
234 4120 447 4186 ἀνοίας,
489 4119 586 4173 καὶ
618 4119 716 4189 τῆς
764 4116 908 4172 οῦτω
941 4118 1283 4190 κατεχούσης
1311 4118 1403 4171 τὸν
1441 4117 1568 4171 νοῦν
1601 4120 1709 4189 άμ-

1842 4131 1920 4168 cm
1970 4119 2026 4168 et
2072 4108 2484 4178 insipientiam;
2541 4115 2805 4178 tantaque
2838 4110 3083 4163 animum
3135 4111 3388 4166 cmcilate

114 4213 434 4278 ϐλυωπίας,
468 4213 516 4265 ει
543 4211 660 4264 δέον
715 4209 873 4265 τοῦτο
906 4211 1121 4266 είπεῖνι
1158 4211 1250 4282 Μὴ
1283 4210 1393 4281 γὰρ
1448 4210 1549 4264 οὐκ
1596 4210 1705 4265 ἔδει

1842 4207 2263 4267 ircumventum,
2283 4201 2327 4254 si
2353 4201 2426 4253 ita
2448 4200 2594 4269 loqui
2621 4201 2748 4255 licet
2774 4203 2787 4255 ι
2812 4202 2953 4254 Num
2978 4217 3106 4256 vero
3129 4218 3228 4272 par
3244 4211 3385 4267 erat,

111 4301 349 4371 θνητοὺς
365 4300 524 4364 ϐντας
542 4301 687 4370 ἡμᾶς
709 4299 1021 4370 ὑπαχθῆναι
1048 4300 1267 4372 θανάτῳ
1288 4318 1303 4367 ;
1330 4300 1421 4372 Μὴ
1473 4301 1698 4372 μείζους

1849 4306 1867 4351 ι
1919 4314 1985 4352 ne
2040 4297 2321 4357 mortales,
2367 4294 2532 4346 morti
2616 4294 3058 4362 subjiceremur?
3103 4294 3244 4349 Num
3286 4312 3387 4365 par

110 4394 221 4447 εδει
249 4393 343 4446 τοῦ
377 4392 586 4446 ἑαυτῶν
638 4393 979 4465 ἀναφανῆναι
1028 4393 1304 4445 Δεσπότου
1341 4408 1357 4457 ;
1388 4390 1449 4445 Ei
1479 4389 1573 4446 οὖν
1606 4393 1702 4447 καὶ

1842 4399 1947 4454 rat,
1996 4397 2057 4443 ut
2085 4388 2316 4443 Domino
2345 4395 2539 4440 nostro
2584 4386 2824 4454 majores
2860 4386 3212 4440 videremur?
3242 4386 3381 4441 Cum

107 4483 275 4548 αὐτὸς
304 4482 483 4536 εἵλετο
535 4482 739 4553 Κύριος
789 4482 865 4538 ῶν
894 4482 988 4536 τοῦ
1040 4483 1242 4546 παντὸς
1266 4482 1361 4535 καὶ
1394 4484 1694 4554 Δεσπότης,

1843 4497 1940 4552 rgo
1967 4481 2104 4551 ipse.
2153 4478 2397 4532 universi
2431 4476 2602 4529 totius
2654 4475 2917 4528 Dominus
2943 4475 3241 4544 herusque,
3282 4492 3380 4529 eo—

107 4576 206 4630 le.
243 4574 364 4644 φῶς
380 4573 489 4627 τῶν
513 4576 571 4627 ὲν
609 4573 795 4629 σκότει
821 4614 837 4639 ,
874 4574 968 4628 καὶ
990 4574 1104 4644 ζωὴ
1137 4574 1245 4626 τῶν
1277 4574 1555 4641 ἁπάντων,
1599 4575 1688 4639 θα-

1842 4588 2036 4642 umque
2088 4570 2273 4624 lumen
2319 4568 2412 4638 qui
2454 4577 2582 4622 sunt
2622 4567 2675 4620 in
2723 4565 2988 4630 tenebris,
3025 4580 3089 4619 ac
3117 4566 3228 4619 vita
3256 4569 3380 4620 uni-

104 4667 270 4721 νάτου
302 4663 606 4733 γεύσασθαι
633 4706 648 4729 ,
679 4664 777 4718 καὶ
825 4665 924 4736 τὴν
959 4665 1040 4727 είς
1083 4663 1209 4735 ᾅδου
1249 4663 1552 4717 κατάϐασιν
1575 4666 1696 4717 ὲπι-

1842 4678 2109 4727 ersorum,
2141 4672 2370 4714 mortem
2405 4668 2629 4728 gustare
2662 4657 2923 4719 voluerit,
2954 4672 3017 4711 ac
3047 4658 3380 4715 descendere

104 4756 418 4823 δείξασθαι,
445 4754 521 4819 ὡς
576 4755 643 4809 ἂν
712 4754 855 4808 κατὰ
901 4753 1227 4824 πάνταημίν
1255 4752 1494 4824 ὀμοιωθῇ
1527 4754 1695 4824 χωρὶς

1842 4772 1856 4809 ι
1890 4754 2190 4817 infernum,
2226 4761 2283 4805 ut
2318 4766 2411 4820 per
2445 4750 2628 4804 omnia
2664 4749 2822 4803 nobis
2846 4748 3066 4813 similis,
3101 4751 3220 4804 sine
3254 4766 3379 4821 pet-,-

104 4847 420 4918 ὰμαρτίας,
477 4846 569 4899 καὶ
615 4847 708 4900 τὸν
755 4845 955 4916 ἀμειδῆ
1004 4843 1098 4898 τοῦ
1144 4843 1274 4916 ᾅδου
1338 4844 1549 4915 χῶρον,
1601 4845 1694 4898 τὸν

1842 4854 1944 4906 ato.
1974 4842 2319 4907 elliceretur,
2351 4855 2501 4901 cum,
2548 4838 2799 4908 inquam,
2852 4839 3018 4893 tridui
3051 4842 3252 4910 spatio,
3293 4842 3378 4895 in-

99 4940 326 5009 άφεγγῆ
343 4939 489 5007 λέγω
522 4939 615 4992 καὶ
635 4938 977 5008 σκοτομήνης
1000 4936 1204 5007 πλήρη,
1228 4938 1693 5007 νυκτοτριήμερον

1842 4950 2023 4990 navem
2069 4933 2269 4988 inferni
2304 4932 2582 5000 regionem
2611 4970 2625 4995 ,
2663 4930 2843 4985 locum
2888 4931 3039 4984 illum
3076 4930 3374 4987 obscurum

96 5032 410 5101 διελήλυθε,
456 5030 507 5083 τί
549 5030 698 5096 ξένον
751 5028 1118 5100 ἁμαρτωλοὺς
1173 5028 1331 5092 ὄντας
1370 5029 1539 5097 ἡμᾶς,
1593 5027 1690 5081 καὶ

1842 5039 1861 5078 ι
1896 5032 2056 5079 nocte
2105 5025 2222 5077 a‘tra
2266 5022 2486 5093 plenum
2532 5022 2955 5090 pertransierit,
2988 5022 3119 5093 quid
3152 5022 3371 5085 mirum,

94 5121 336 5192 νεκροὺς
392 5121 495 5192 ἤδη
550 5123 662 5183 τοῖς
711 5118 1129 5190 παραπτώμασι
1168 5117 1310 5172 κατὰ
1360 5119 1453 5171 τὸν
1512 5120 1690 5189 μέγαν

1842 5160 1844 5169 .
1902 5131 2003 5170 nos
2035 5121 2376 5186 peccatores.
2411 5120 2463 5167 et
2514 5112 2628 5180 jam
2671 5111 2872 5166 mortui
2923 5112 3186 5181 peccatis,
3214 5112 3371 5179 juxta

104 5213 463 5277 ’Δπόστολον,
502 5214 644 5291 ,τοὺς
670 5213 776 5265 ὑπὸ
799 5212 1013 5280 γένεσιν
1054 5211 1147 5265 καὶ
1195 5210 1401 5281 φθορὰν
1424 5254 1440 5277 ,
1480 5210 1694 5283 θανάτῳ

1842 5206 1936 5261 ιιοιι
1966 5210 2042 5259 ait
2099 5218 2329 5273 magnus
2367 5202 2666 5272 Apostolus
2701 5202 2727 5230 °
2757 5240 2772 5265 ,
2804 5200 2897 5270 qui
2925 5214 3119 5254 sumus
3145 5199 3370 5252 obnoxii

90 5303 200 5373 μὲν
228 5284 662 5372 προσομιλῆσαι,
702 5303 796 5356 καὶ
850 5302 978 5374 ᾅδου
1008 5303 1076 5355 τὰ
1119 5302 1375 5355 σκοτεινὰ
1400 5302 1489 5355 διὰ
1519 5303 1691 5373 μέσης

1842 5299 1936 5352 ‘tui
1982 5306 2035 5352 et
2078 5296 2353 5359 interitui,
2407 5304 2639 5348 mortem
2688 5300 3034 5361 oppetamus,
3081 5290 3369 5356 mediaque

84 5390 280 5462 ψυχῆς
338 5392 592 5446 ὑπελθεῖν
650 5393 1001 5461 καταγώγια,
1054 5387 1117 5446 οὗ
1165 5393 1267 5445 οὐκ
1311 5390 1429 5444 ἐστι
1486 5392 1690 5461 φέγγος

1845 5390 1971 5442 iiuna
2014 5389 2301 5447 adeamus,
2349 5386 2644 5439 tenebrosa
2695 5382 2895 5435 inferni
2948 5380 3259 5433 habitacula
3312 5381 3363 5432 in

88 5479 251 5542 ἰδεῖν,
287 5479 411 5533 οὐδὲ
449 5481 584 5551 όρᾷν
607 5480 755 5552 ζωὴν
791 5480 1018 5553 βροτῶν,
1044 5481 1121 5545 ὡς
1156 5479 1517 5552 προλέλεκται
1545 5497 1561 5547 ;
1593 5481 1686 5553 Μὴ

1842 5480 1990 5533 tibus
2029 5495 2139 5532 nou
2186 5480 2259 5531 sit
2294 5479 2436 5531 lucis
2488 5473 2768 5544 splendor,
2817 5487 2917 5525 nec
2963 5470 3134 5524 videri
3193 5473 3361 5540 possit

81 5573 225 5643 γὰρ,
253 5572 397 5644 ὑπὲρ
425 5572 517 5625 τὸν
546 5575 824 5645 Δεσπότην
844 5575 1020 5645 ’ἡμεῖς
1042 5612 1058 5639 ,
1094 5574 1128 5645 ἢ
1157 5572 1264 5627 τῶν
1296 5573 1467 5642 ἁγίων
1495 5573 1683 5645 κρείτ-

1842 5571 2106 5626 ιοιιειίιιιιι
2134 5570 2264 5637 vita,
2305 5577 2364 5623 ut
2396 5567 2717 5638 praedictum
2762 5563 2901 5618 fuit?
2929 5562 3188 5634 Nunquid
3218 5562 3362 5618 enim

178 5757 222 5791 ι·
252 5745 502 5819 Dama",
529 5748 584 5805 2.
662 5758 691 5787 ιι
724 5749 928 5821 Ephes.
969 5764 1034 5817 ιι,
1081 5748 1135 5803 5.
