3824 6212
263 279 396 346 1289

1169 283 1267 344 DE
1307 281 1634 356 HUMANA
1661 281 1838 339 VlTA
1876 279 1970 339 ET
2004 281 2099 339 DE
2137 281 2580 342 DEFUNCTIS.

3379 291 3511 350 1290

259 400 484 456 σκότους
529 391 796 462 μετῆλθεν
841 393 920 455 είς
953 391 1088 460 φῶς.
1122 393 1190 446 Et
1217 409 1279 461 γε
1307 391 1402 445 τοῦ
1435 391 1563 460 παρ’
1583 392 1716 461 ἡμῖν
1743 392 1822 442 αἰ·-

1934 390 2105 460 plora,
2144 389 2348 464 defecit
2378 394 2523 446 enim
2564 394 2652 445 lut'
2684 403 2728 446 P.
2771 411 2788 443 ι
2836 393 2901 446 At
2935 388 3003 449 nd
3031 411 3214 450 amare
3246 398 3512 454 lamente-

261 483 480 554 σθητοῦ,
512 484 574 536 τὸ
607 485 794 553 νοητὸν
827 485 1004 536 ἐκεῖνο
1043 483 1412 553 διαφερόντως
1456 481 1829 552 ὑπερανέστη-

257 593 352 630 κεν
371 591 385 604 ⁸
410 570 513 640 ὧν,
546 576 601 629 τὸ
634 575 764 646 μὲν,
795 576 1165 647 δυοδεκάωρος
1194 575 1502 646 διαδέχεται
1529 574 1656 638 νὺξ,
1689 574 1828 627 κατά

257 666 506 737 περίοδον
533 666 683 738 αὑτῷ
711 667 1010 737 γιγνομένη
1041 669 1169 737 περὶ
1195 669 1300 736 γῆν
1331 667 1706 734 ἀποσκίασμα,
1736 665 1828 718 καὶ⁸

255 757 504 829 χρονικὸν
535 757 864 826 περιγράφει
893 755 1170 827 διάστημα
1189 771 1202 786 ο
1233 756 1296 808 τὸ
1323 755 1403 819 δὲ,
1433 755 1494 808 οὐ
1527 755 1738 817 σκότος,
1765 755 1826 806 ού

253 846 368 912 νὺξ,
407 847 508 900 οὐκ
541 846 800 916 ἀλαμπὴς
835 846 1041 918 ἡμέρα,
1077 847 1139 899 ού
1175 847 1370 917 χρόνου
1407 845 1690 916 περίοδος·
1727 845 1828 896 οὐκ

244 933 522 1002 ἐνιαυτὸς,
565 937 666 991 οὐκ
696 936 831 991 αἰὼν
855 977 868 1000 ,
899 940 972 990 ὀὐ
1003 939 1210 992 κίντπαα
1242 939 1338 990 καὶ
1367 937 1643 1006 διάστημα
1668 950 1828 1006 περι-

250 1022 482 1100 ίστησιν·
503 1029 618 1082 ἀλλ’
647 1029 831 1092 άῖδίως
853 1030 1175 1098 ἐναυγάζον,
1199 1031 1308 1090 τοῖς
1336 1030 1436 1098 τῆς
1465 1025 1632 1106 αξιτοῦ
1654 1043 1826 1078 κατα‹⁵

247 1121 526 1192 τρυφῶσιν
577 1120 750 1174 ἀϊδίου
805 1121 1190 1192 λαμπρότητος
1220 1139 1234 1152 ·
1285 1119 1360 1182 ὥς
1414 1137 1516 1172 που
1570 1119 1631 1171 τὸ
1683 1117 1827 1170 θεῖον

249 1213 488 1284 Γράμμα
521 1213 656 1282 φησί
687 1229 700 1242 ο
735 1231 752 1264 ι
785 1211 906 1276 Φῶς
937 1213 1170 1276 δικαίοις
1201 1212 1498 1274 διαπαντός
1526 1227 1539 1241 ·
1569 1211 1740 1280 ὄνομα
1769 1211 1826 1263 δὲ

247 1303 460 1358 ἀσεϐῶν
498 1305 785 1359 σϐέννυται
804 1321 818 1335 ·
857 1323 875 1354 ι
909 1304 1021 1358 τῶν
1059 1304 1134 1376 μὴ
1161 1305 1240 1373 τῷ
1271 1304 1412 1374 φωτὶ
1438 1302 1546 1356 τῶν
1569 1301 1663 1354 τοῦ
1690 1301 1825 1355 Θεοῦ

249 1394 691 1464 προσταγμάτων
727 1397 786 1446 ἐν
820 1393 897 1465 τῷ
934 1394 1194 1465 σκοτεινῴ
1229 1395 1324 1447 τοῦ
1371 1393 1487 1464 βίου
1531 1393 1824 1464 πορευθέν-

244 1504 352 1540 των
383 1487 587 1558 χωρίῳ.
622 1487 794 1542 Τοῦτο
825 1489 889 1558 δὴ
921 1489 982 1541 τὸ
1015 1487 1168 1558 παρὰ
1200 1487 1293 1540 τοῦ
1329 1487 1450 1538 Ἰὼϐ
1486 1486 1781 1558 εἰρημένον
1809 1503 1823 1514 ο

249 1597 271 1630 ι
297 1579 392 1642 Τίς
410 1580 475 1634 ἄν
508 1597 574 1650 με
606 1580 725 1650 θείη
758 1581 899 1634 κατὰ
932 1581 1077 1650 μῆνα
1106 1580 1329 1650 ἡμερῶν
1354 1580 1463 1632 τῶν
1493 1577 1823 1650 ἔμπροσθεν,

246 1667 496 1735 λέγοντος
517 1706 532 1731 ,
561 1661 636 1722 ὧν
668 1687 736 1740 με
767 1671 795 1723 ὁ
823 1668 957 1733 Θεὸς
991 1669 1286 1738 ἐφύλαττεν
1317 1670 1560 1739 ἄτρωτον
1585 1686 1600 1700 ·
1629 1670 1705 1732 ὡς
1737 1671 1824 1721 ὅτε

1938 482 2046 546 ris;
2091 482 2236 534 [ωιιά
2268 483 2546 552 siquidem
2581 485 2670 538 lux
2703 487 2978 540 exstincta
3017 499 3120 551 est,
3155 489 3252 544 sed
3283 495 3514 548 transiit

1936 586 1965 624 a
2008 572 2250 627 tenebris
2287 574 2353 626 ad
2404 577 2625 628 lucem:
2664 578 2889 644 quando
2936 577 3062 633 luce
3101 581 3202 635 hac
3232 585 3510 647 sensibili,

1937 662 2202 728 Spit-italis
2233 663 2326 715 illa
2354 663 2680 720 immensum
2715 669 3070 724 excellentior
3095 683 3217 726 est:
3247 689 3276 728 c
3311 677 3514 744 quibus

1936 755 2090 804 alteri
2144 753 2367 820 quidem
2421 757 2669 811 succedit
2719 776 2824 813 nux
2871 761 3162 817 duuileeim
3217 766 3510 833 horarum,

1938 855 2098 898 teri-ar.
2127 845 2177 898 ei
2209 847 2418 900 ambitu
2453 864 2550 916 per
2578 849 2874 905 circuitum
2931 855 3075 908 facta
3105 857 3510 920 mnbraculum,

1935 937 2458 1006 circumscribitque
2509 941 2768 994 diurnum
2825 945 3103 1012 spatium;
3159 950 3387 1002 alteram
3417 968 3515 1005 au-

1935 1035 2070 1092 tem,
2122 1043 2300 1097 neque
2363 1029 2632 1092 tenebrae,
2687 1048 2863 1101 neque
2922 1051 3052 1097 nox,
3119 1055 3219 1092 nec
3273 1041 3512 1095 obscura

1934 1115 2084 1184 dies,
2111 1133 2216 1172 nec
2261 1119 2503 1174 ambitus
2545 1123 2828 1187 temporis,
2884 1141 2992 1177 non
3023 1141 3226 1192 annus,
3264 1145 3373 1182 non
3409 1145 3513 1184 sa:-

1935 1210 2142 1271 culum,
2176 1225 2286 1264 non
2327 1221 2513 1269 motus
2570 1213 2884 1281 spatiumve
2933 1217 3171 1277 obsidet.
3206 1219 3299 1272 sed
3353 1229 3514 1274 aeter-

1935 1315 2064 1353 num
2101 1299 2172 1354 iis
2212 1299 2426 1366 illucet,
2459 1301 2550 1371 qui
2581 1312 2792 1358 aeterno
2825 1307 2946 1373 ejus
2973 1307 3270 1374 splendore
3308 1313 3512 1366 ail'atim

1935 1391 2289 1454 deliciantur,
2325 1401 2382 1445 ut
2429 1393 2672 1462 quodam
2714 1397 2833 1449 loco
2865 1397 2944 1450 ait
2979 1395 3270 1468 Scriptura
3303 1417 3461 1456 saera
3499 1423 3510 1456 :

1939 1503 1957 1536 ι
2002 1484 2117 1539 Lux
2161 1484 2329 1552 justis
2381 1495 2686 1556 perpetuo;
2722 1505 2921 1553 nomen
2980 1499 3162 1545 autem
3219 1493 3514 1563 impiorum

1933 1570 2396 1646 exstinguitnrq:
2435 1599 2452 1627 ι
2488 1592 2680 1630 eorum
2739 1579 3022 1646 nimirum,
3071 1583 3164 1650 qui
3215 1587 3516 1639 tenebrosa

1936 1667 2099 1736 hujus
2147 1667 2271 1720 vitae
2326 1667 2472 1730 loco,
2540 1668 2752 1722 lumine
2808 1671 3194 1724 mandatorum
3245 1673 3359 1737 Dei,
3403 1693 3512 1728 nun

241 1757 402 1826 ηὕγει
445 1760 472 1810 ὁ
513 1759 706 1829 λύχνος
748 1760 916 1814 αὐτοῦ
960 1763 1053 1814 ἐπὶ
1099 1761 1340 1830 κεφαλῆς
1386 1778 1507 1830 μου.
1555 1781 1574 1812 ι
1619 1762 1822 1832 Λύχνος

1934 1759 2382 1812 ambulaverunt.
2447 1760 2546 1813 Est
2585 1761 2637 1812 id
2676 1761 2823 1830 quod
2863 1759 2967 1816 Job
2991 1763 3260 1832 loquitur,
3293 1765 3512 1822 dicens:

243 1850 380 1919 γὰρ,
414 1849 578 1920 νόμου
609 1851 670 1904 τὸ
703 1851 838 1921 φῶς.
875 1871 894 1904 ι
921 1853 1048 1905 Ὅτε
1081 1852 1158 1924 τῷ
1190 1854 1330 1920 φωτὶ
1365 1853 1539 1906 αὐτοῦ’
1563 1853 1823 1924 ἐπορευό-

246 1959 354 2011 μην
381 1943 442 1995 ὲν
471 1943 653 1996 σκότει
679 1959 695 1975 ο
735 1963 754 1993 ι
793 1943 888 1997 τοῦ
925 1945 1188 2014 παρόντος
1224 1944 1383 2016 δῆλον
1412 1945 1605 2007 αἰῶνος
1631 1962 1646 1974 ο
1683 1945 1826 1997 κατὰ

238 2033 331 2086 τὸν
370 2032 513 2087 οὕτω
547 2033 819 2102 ψάλλοντα
843 2054 857 2067 ·
887 2055 926 2100 ,ι
968 2034 1086 2100 Νὺξ
1127 2037 1404 2104 φωτισμὸς
1442 2038 1500 2088 ἐν
1537 2039 1602 2106 τῇ
1643 2038 1820 2106 τρνφῇ

242 2141 370 2196 μου.
397 2125 507 2179 Καὶ
538 2128 570 2196 ἡ
604 2127 702 2191 νὺξ
733 2126 810 2190 ὡς
843 2126 1024 2198 ἡμέρα
1056 2128 1464 2199 φωτισθὴσεται
1491 2145 1502 2157 ·
1540 2132 1632 2181 καί
1663 2128 1738 2191 ὡς
1764 2129 1824 2181 τὴ

241 2217 434 2279 σκότος
471 2219 676 2290 αὐτῆς,
713 2218 854 2273 οὕτω
895 2222 988 2272 καὶ
1027 2220 1088 2272 τὸ
1132 2220 1243 2288 φῶς
1283 2221 1472 2290 αὐτῆς.
1512 2240 1529 2270 ι
1570 2219 1782 2272 οὐκοῦν
1807 2236 1820 2248 ·

237 2310 291 2362 εί
321 2309 437 2378 φῶς
466 2309 567 2380 μέν
589 2312 738 2364 ἐστιν
760 2311 960 2376 ὀΘεὸς,
980 2309 1171 2382 ὥσπερ
1201 2311 1296 2364 οὖν
1319 2314 1435 2364 ἐστι
1455 2330 1466 2342 ο
1503 2330 1521 2362 ι
1551 2313 1660 2364 Καὶ
1693 2328 1820 2364 σκο-

235 2400 330 2455 τία
359 2405 418 2456 ἐν
451 2401 602 2474 αὐτῷ
635 2405 734 2456 οὐκ
768 2403 917 2456 ἐστιν
951 2403 1193 2473 ούδεμία·
1237 2423 1255 2455 ι
1295 2434 1362 2442 -
1401 2423 1419 2454 ι
1461 2403 1549 2456 Ἐν
1582 2402 1730 2473 αύτῴ
1764 2401 1820 2454 δὲ

237 2494 456 2565 ζῶμεν,
487 2497 583 2551 καὶ
613 2497 912 2568 κινούμεθα
945 2498 1038 2550 καὶ
1072 2498 1270 2568 ἐσμὲν,
1310 2517 1327 2549 ι
1364 2497 1460 2550 καὶ
1488 2495 1626 2567 πρὸς
1657 2495 1820 2548 αὐτὸν

241 2587 651 2660 μεθιστάμεθαο
679 2589 894 2644 πάντων
919 2589 976 2642 δὲ
1007 2589 1164 2660 ἡμῶν
1191 2591 1248 2642 αἱ
1277 2589 1447 2659 ψυχαὶ
1478 2588 1622 2641 κατά
1645 2587 1704 2639 τὸ
1733 2587 1822 2639 λο-

236 2679 395 2747 γικὸν
417 2682 475 2734 ἐν
503 2681 694 2754 χερσὶν
719 2681 887 2735 αὐτοῦ
909 2723 924 2746 ,
951 2682 1321 2751 διημάρτηται
1349 2685 1381 2752 ὴ
1410 2682 1542 2752 περὶ
1566 2679 1664 2734 τοῦ
1697 2681 1823 2734 σκό-

237 2787 366 2835 τους
396 2775 490 2826 καὶ
521 2773 630 2826 τῶν
657 2775 948 2828 σκοτεινῶν
973 2775 1070 2826 τοῦ
1104 2774 1229 2845 ᾅδου
1265 2775 1456 2844 χώρων
1493 2771 1820 2843 προτεθεῖσα

239 2864 553 2935 παράλογος
581 2867 853 2932 ἔνστασις,
882 2867 991 2920 τῶν
1018 2867 1084 2920 δι’
1119 2866 1368 2929 ἐναντίας
1399 2867 1493 2919 καὶ
1523 2865 1816 2927 ἀντίθεσις.

1943 1871 1959 1900 ι
1993 1841 2144 1916 Quis
2184 1851 2376 1918 utique
2422 1867 2508 1904 me
2561 1860 2728 1920 ponat
2774 1851 2929 1920 juxta
2964 1868 3208 1907 mensem
3267 1856 3512 1924 priorum

1933 1942 2166 2006 dierum,
2195 1942 2396 2010 quibus
2437 1957 2524 1994 me
2552 1939 2696 1995 Dens
2720 1943 3066 1996 custodiebat
3098 1944 3515 2002 inviolabilem?

1934 2032 2080 2086 sicut
2135 2047 2261 2084 cum
2330 2031 2552 2086 lucebat
2625 2033 2849 2086 lucerna
2920 2033 3046 2102 ejus
3114 2051 3284 2103 super
3348 2048 3512 2106 caput

1935 2138 2114 2177 meum
2157 2133 2199 2176 τ.
2241 2142 2258 2173 ι
2290 2123 2539 2177 Lucerna
2567 2126 2712 2178 enim
2773 2137 2855 2180 est
2891 2127 3076 2180 lumen
3108 2128 3280 2200 legis:
3317 2146 3336 2180 ι
3376 2129 3511 2184 Cum

1933 2215 2143 2270 lumine
2177 2215 2296 2284 ejus
2342 2216 2694 2270 ambulabant
2734 2217 2788 2270 in
2825 2219 3066 2286 tenebris
3097 2229 3118 2256 ⁸
3154 2237 3168 2273 :
3210 2239 3229 2272 ι
3269 2237 3514 2291 praesen-

1931 2309 2002 2361 tis
2052 2308 2311 2361 nisnirum
2368 2309 2577 2374 sieciili,
2631 2309 2788 2375 juxta
2841 2325 2964 2364 eum
3017 2313 3108 2380 qui
3167 2313 3247 2366 sic
3289 2313 3508 2382 psallit:

1967 2421 1985 2450 c
2045 2399 2160 2454 Nux
2192 2401 2530 2456 illuminalio
2582 2405 2632 2454 in
2661 2404 2884 2458 delictis
2926 2406 3086 2460 meis.
3127 2406 3193 2460 Et
3223 2423 3330 2462 nox
3363 2409 3512 2463 sicut

1930 2492 2050 2546 dies
2091 2492 2534 2547 illuminahitur:
2587 2495 2734 2549 sicut
2773 2495 3015 2550 tenebrae
3056 2497 3202 2566 ejus,
3239 2499 3314 2552 ita
3343 2509 3397 2552 et
3424 2499 3508 2553 Iu-

1933 2601 2056 2640 men
2081 2585 2204 2654 ejus
2233 2588 2307 2638 ι.ι
2342 2583 2552 2655 Itaque,
2584 2588 2858 2656 siquidem
2879 2587 3024 2643 Deus
3045 2589 3138 2644 lux
3175 2599 3281 2655 est,
3303 2601 3360 2645 ut
3385 2608 3512 2646 vere

1931 2686 2014 2732 est
2049 2698 2068 2730 ι
2101 2693 2199 2732 nec
2229 2677 2352 2732 ulla:
2389 2680 2441 2732 in
2469 2695 2535 2733 eo
2579 2688 2707 2733 sunt
2737 2683 2974 2736 tenebrie
3005 2691 3053 2736 ιι.
3097 2703 3116 2734 ›
3152 2714 3223 2724 --
3257 2703 3273 2734 ι
3303 2683 3360 2738 In
3391 2686 3511 2753 ipso

1931 2780 2116 2824 autem
2157 2770 2398 2826 vivimus
2453 2780 2508 2824 et
2557 2787 2846 2826 movemur
2875 2781 2930 2828 et
2970 2789 3163 2828 sumus
3184 2771 3234 2839 ἧς
3273 2795 3291 2826 ι
3330 2778 3512 2845 adque

1887 2875 2050 2934 ,eum
2086 2859 2426 2929 migramus;
2463 2862 2708 2914 omnium
2759 2877 2892 2915 vero
2933 2871 3184 2918 nostrum
3225 2865 3424 2919 animte
3455 2879 3506 2929 ι,

241 2955 390 3026 quod
426 2968 640 3028 spectat
689 2960 756 3014 ad
801 2961 1071 3014 rationem
1119 2960 1170 3011 in
1215 2959 1338 3028 ejus
1387 2966 1514 3013 sunt
1571 2958 1874 3011 inanibus:
1915 2954 2074 3022 plane
2126 2963 2356 3021 peccat,
2417 2950 2695 3024 fallaxque
2737 2955 3016 3024 arguitur,
3061 2955 3510 3012 adversariorum

242 3047 416 3104 aliene
438 3065 467 3102 a
489 3053 697 3105 ratione
733 3053 1011 3120 proposita
1041 3053 1408 3120 impugnatio.
1431 3051 1574 3120 quod
1605 3058 1816 3120 spectat
1853 3048 1917 3100 ad
1951 3047 2230 3108 tenebras,
2266 3054 2320 3100 et
2349 3047 2655 3116 caliginosa
2704 3047 2908 3102 iul'erui
2954 3049 3094 3104 loca.

312 3146 419 3200 Τοῦ
448 3147 651 3217 τρόπον
683 3145 984 3214 δειχθέντος
1013 3145 1128 3198 κατ’
1148 3147 1448 3216 ἐπιδρομὴν
1474 3146 1575 3214 τῆς
1603 3147 1661 3197 ἐν
1695 3145 1819 3215 ᾅδου

1992 3140 2211 3194 Cursim
2249 3149 2430 3194 autem
2457 3141 2738 3194 declarato
2770 3141 2954 3204 modo,
2987 3156 3098 3208 quo
3129 3142 3326 3197 anima:
3364 3146 3511 3200 velut

235 3239 382 3293 κατὰ
414 3237 658 3308 περίοδον
707 3237 814 3290 τῶν
853 3237 1040 3307 ψυχῶν
1089 3236 1440 3299 διελεύσεως,
1493 3236 1652 3304 δεῦρο
1709 3232 1822 3298 οὖν,

234 3331 346 3384 τῶν
386 3329 695 3400 εἰρημένων
739 3329 1042 3398 ἀφέμενος,
1081 3327 1371 3394 ἄνθρωπε,
1413 3327 1510 3399 τὴν
1548 3327 1640 3379 τού
1690 3330 1828 3396 ἡμε-

231 3423 399 3492 τέρου
461 3421 713 3485 σώματος
781 3420 1034 3472 διδάσκου
1095 3422 1374 3483 δαλυσιν,
1441 3420 1515 3488 μὴ
1575 3419 1674 3488 τὴν
1728 3421 1826 3490 τῆς

227 3512 418 3582 ψυχῆς
451 3511 645 3582 ἐρεύνα
682 3513 1014 3564 κατάστασιν
1049 3513 1186 3580 μετὰ
1216 3512 1313 3581 τὴν
1346 3513 1409 3564 ἐκ
1443 3509 1537 3563 τοῦ
1574 3509 1826 3580 σώματος

229 3601 442 3666 ἔξοδον,
469 3601 552 3654 ὅτι
583 3599 656 3670 μὴ
688 3601 824 3670 πρὸς
854 3600 988 3670 ἐμοῦ
1019 3603 1112 3654 καὶ
1145 3601 1238 3654 σοῦ
1271 3601 1444 3654 ταῦτα
1473 3602 1676 3671 ζητεῖν.
1701 3601 1826 3653 ’Ἄλ-

231 3695 326 3756 λος
369 3693 481 3763 γὰρ
523 3693 553 3744 ὁ
595 3692 771 3744 ταῦτα
813 3691 989 3755 εἰδώς.
1035 3694 1096 3744 Ei
1134 3693 1246 3762 γάρ
1283 3692 1462 3763 ψυχῆς
1503 3693 1692 3746 οὐσίαν
1727 3694 1825 3745 οὐκ

229 3785 386 3839 ἐστιν
413 3787 546 3854 ἡμῖν
573 3783 795 3845 εἰδέναι,
821 3783 938 3848 πῶς
969 3783 1034 3836 ἂν
1061 3784 1333 3854 εἰδείημεν
1357 3783 1454 3855 τὴν
1484 3783 1698 3853 ἐκείνης
1725 3799 1827 3835 και

230 3878 531 3942 τάπαυσιν,
559 3872 629 3948 ἦς
661 3872 821 3938 εἶδος,
850 3876 942 3928 καὶ
973 3875 1183 3946 σχῆμα,
1215 3877 1309 3928 καὶ
1343 3877 1572 3946 μέγεθος
1599 3875 1821 3944 ἁγνοοῦ-

237 3986 375 4040 μεν;
403 3968 594 4038 ἡλίκον
624 3985 682 4020 τε
719 3970 812 4036 καὶ
845 3969 970 4022 ὅσον
995 3968 1170 4037 αὐτῆς
1201 3969 1438 4038 ὑπάρχει
1471 3968 1532 4020 τὸ
1568 3969 1821 4038 μέγεθος.

233 4062 340 4115 κᾶν
369 4063 448 4132 τῷ
481 4061 718 4130 ἐφολκίῳ
754 4061 1059 4114 συνδέδεται
1081 4103 1094 4124 ,
1129 4061 1311 4128 λόγοις
1345 4055 1426 4125 οἷς
1458 4057 1566 4114 οἶδε
1605 4061 1764 4129 μόνος
1797 4060 1825 4111 ὁ

236 4153 592 4224 συναρμόσας
627 4151 778 4215 Θεός.
809 4151 1028 4204 Τούτων
1059 4151 1233 4216 οὕτως
1267 4153 1531 4234 ἐχόντων,
1568 4152 1731 4224 φέρε,
1765 4152 1825 4204 τὸ

233 4243 419 4312 τίμιον
452 4244 640 4311 κτῆμα
669 4243 768 4312 τὴν
798 4241 977 4312 ψυχὴν
1006 4241 1085 4313 τῷ
1115 4243 1244 4312 θείῳ
1278 4243 1375 4312 τῆς
1409 4243 1614 4306 εἰκόνος
1648 4244 1821 4314 αὐχή-

237 4350 400 4403 ματι,
443 4334 930 4404 παραδραμόντες,
973 4335 1046 4398 ὼς
1088 4335 1361 4405 ἄληπτον,
1403 4335 1533 4405 περὶ
1577 4335 1638 4386 τὸ
1679 4335 1822 4404 παχὺ

227 4421 395 4475 τοῦτο
429 4423 527 4476 καὶ
561 4411 788 4490 ληπτὸν,
819 4423 913 4476 καὶ
946 4423 1166 4486 πολλαῖς
1202 4424 1295 4476 τοῦ
1337 4423 1454 4492 βίου
1496 4420 1822 4492 μεταϐολαῖς

233 4513 720 4581 συναλλονιύμενόν
758 4531 816 4566 τε
859 4515 952 4566 καὶ
991 4515 1459 4586 περιτρεπόμενον
1498 4514 1818 4584 ἐνασχολού-

237 4601 382 4672 μεθα
411 4602 592 4670 σῶμα,
623 4603 715 4656 καὶ
743 4603 907 4656 αὑτοῦ
941 4620 1043 4656 που
1073 4604 1164 4656 τὸν
1191 4603 1314 4657 νοῦν
1343 4604 1820 4674 προσερείσωμεν·

229 4693 310 4754 ὠς
345 4690 415 4745 ἂν
449 4692 629 4766 μάθῃς
649 4731 662 4756 ,
695 4695 948 4764 ἀγαπητὲ
970 4735 984 4755 ,
1015 4694 1113 4764 τῆς
1146 4694 1305 4764 ἡμῶν
1337 4694 1612 4760 εὐτελείας
1641 4697 1702 4748 τὸ
1727 4713 1824 4748 τα-
1865 4753 1876 4767 ,

229 4783 426 4836 πεινδν
456 4785 552 4836 καὶ
581 4784 945 4854 χαμαίζηλον,
976 4785 1084 4837 τῶν
1112 4785 1345 4856 ἐαρινῶν
1374 4785 1580 4840 ἀνθέων
1611 4788 1690 4850 είς
1723 4805 1826 4857 μη-

228 4879 324 4933 δὲν
345 4880 606 4952 διαφέρον
622 4922 636 4947 ,
659 4881 800 4934 κατὰ
825 4881 884 4947 τὸ
911 4879 1216 4950 εὖφθαρτον
1237 4881 1334 4934 καὶ
1359 4881 1702 4952 εύμάρειντον
1727 4882 1824 4951 τῆς

229 4974 312 5035 είς
344 4970 417 5025 τὰ
447 4971 506 5036 ἐξ
532 4965 608 5026 ὧν
639 4971 938 5045 συνέστηκε
967 4971 1285 5036 διαλύσεως.
1319 4973 1472 5026 Ἐπεὶ
1500 4968 1592 5026 οὖν
1621 4975 1654 5043 ή
1687 4974 1816 5042 περὶ

227 5059 425 5113 τούτου
463 5061 662 5130 γνῶσις
700 5061 812 5132 ἔχει
853 5079 906 5114 τι
947 5062 1044 5114 καὶ
1081 5060 1382 5132 ὠφέλιμον,
1421 5063 1516 5115 καὶ⁵
1559 5063 1696 5133 πρδς
1739 5065 1818 5116 οἰ-

229 5145 474 5216 κοδομὴν
524 5147 657 5214 ἄγον
702 5150 828 5212 τοὺς
883 5149 959 5218 μὴ
1013 5151 1308 5219 παρέργως
1355 5150 1463 5202 τῶν
1511 5151 1817 5221 λεγομένων

229 5237 538 5302 ἀκούοντας
561 5255 576 5269 ·
615 5237 792 5309 βούλει
832 5257 917 5294 σοι
954 5239 1112 5305 δείξω
1148 5241 1256 5292 τῶν
1297 5243 1585 5312 ἡμετέρων
1627 5244 1814 5312 σωμά-

229 5347 343 5383 των
373 5331 474 5401 τὴν
498 5323 904 5402 ἐὐδιάφθαρτον
937 5332 1213 5402 σύμπηξιν
1247 5336 1342 5386 καὶ
1372 5333 1634 5398 διάλυσιν,
1669 5337 1817 5400 ὅπως

233 5424 385 5477 ἐστὶν
410 5423 632 5496 εὐτελὴς
658 5426 750 5480 καὶ
774 5428 884 5480 τῶν
909 5426 1122 5497 κτηνῶν
1148 5428 1226 5489 εἰς
1257 5425 1424 5497 μηδὲν
1448 5427 1814 5501 διαφέρουσας

307 5635 336 5672 r
365 5625 518 5680 Eccl.
549 5640 688 5686 xm,
721 5625 805 5680 lO.
921 5635 946 5675 ει
979 5625 1135 5682 Prov.
1171 5631 1369 5692 xui,.9.

235 5703 264 5736 ν
288 5695 410 5752 Ἀρι.
453 5712 583 5757 mi,
614 5697 703 5749 '28.
783 5704 807 5731 ι
836 5694 967 5766 Sap.
1003 5711 1082 5762 in,
1119 5705 1168 5751 1.

561 5794 830 5854 ΡΔΤιιοι.
879 5795 996 5854 Gn.
1049 5795 1288 5884 XCVII.

1455 5642 1474 5668 τ
1500 5629 1604 5685 Job
1659 5649 1809 5695 xxix,

1693 5869 1738 5883 ﬁ

1841 5671 1888 5687 GI.

1931 3227 2165 3280 circuitu
2211 3244 2274 3280 ac
2317 3228 2524 3280 ambitu
2561 3231 2793 3297 quodam
2832 3240 3154 3299 permanent
3199 3233 3507 3301 infernum,

1926 3317 2036 3385 jam
2084 3333 2224 3386 age,
2275 3333 2307 3369 ο
2355 3317 2551 3381 homo,
2603 3321 2667 3374 iis
2709 3337 2830 3389 quae
2878 3323 3021 3374 dicta
3071 3333 3199 3376 sunt
3249 3327 3510 3394 omissis,

1929 3409 2082 3462 disce
2111 3409 2528 3463 dissolutionem
2573 3411 2804 3464 humani
2839 3413 3126 3480 corporis;
3166 3431 3274 3468 non
3313 3418 3510 3474 animae

1929 3512 2136 3554 statum
2184 3511 2458 3566 scrutare,
2508 3502 2578 3556 ab
2616 3519 2845 3570 egressu
2897 3519 2929 3558 e
2977 3519 3236 3575 corpore,
3290 3511 3510 3575 quando

1931 3607 2030 3643 nec
2079 3607 2260 3643 meum
2305 3599 2397 3665 est
2433 3606 2533 3644 nec
2599 3601 2750 3645 tuum
2805 3595 2910 3648 ista
2955 3611 3224 3664 quaerere.
3296 3600 3512 3670 Quippe

1929 3684 2070 3736 alius
2101 3691 2184 3737 est
2213 3683 2306 3752 qui
2341 3684 2514 3736 novit.
2543 3683 2684 3736 Nam
2709 3684 2755 3739 si
2787 3701 2965 3754 neque
3000 3688 3368 3744 substantiam
3399 3695 3513 3746 ani-

1931 3789 2031 3828 mae
2090 3791 2392 3842 possumus
2441 3774 2604 3837 scire,
2662 3777 2755 3845 qui
2813 3779 3144 3834 sciverimus
3214 3781 3364 3838 illius
3421 3800 3509 3838 re-

1930 3867 2146 3935 quiem,
2181 3866 2342 3932 cujus
2383 3876 2436 3920 et
2482 3867 2726 3936 speciem
2779 3867 3120 3939 ignoramus.
3162 3882 3216 3928 ct
3255 3876 3508 3944 ﬁguram,

1929 3967 1980 4010 et
2015 3957 2488 4025 magnitudinem?
2531 3974 2720 4026 quam,
2765 3959 3013 4030 inquam,
3067 3963 3154 4016 illa
3211 3964 3407 4035 ingens
3439 3970 3511 4022 sit

1929 4056 1982 4099 et
2015 4057 2197 4109 aucta,
2245 4051 2463 4104 tametsi
2531 4053 2756 4121 alligata
2823 4065 2907 4108 est
2964 4057 3252 4118 naviculae.
3305 4061 3512 4129 quibus

1933 4140 2076 4195 Dens
2129 4144 2282 4196 solus
2325 4145 2419 4212 qui
2489 4147 2732 4213 aptavit,
2791 4150 3104 4205 rationibus
3159 4167 3509 4223 perspectum

1933 4231 2114 4286 habet.
2151 4233 2240 4287 Sir.
2289 4235 2472 4303 itaque
2503 4237 2668 4292 rebus
2697 4238 3060 4306 habentibus,
3095 4247 3360 4312 animam,
3397 4265 3509 4302 rem

1932 4321 2078 4373 illam
2108 4323 2292 4375 divina
2325 4323 2581 4392 imaginis
2630 4329 2960 4382 excellentia
3001 4333 3242 4387 nobilem
3287 4353 3512 4406 acpic-

1931 4415 2155 4472 tinsam.
2230 4414 2384 4467 velut
2454 4417 2989 4487 incomprehensam,
3067 4434 3509 4493 pranerenntes,

1929 4505 2078 4556 circa
2133 4519 2386 4560 crassum
2431 4506 2536 4561 hoc
2587 4512 3110 4583 comprehensuqne
3169 4515 3332 4574 facile
3381 4535 3508 4574 cur-

1927 4609 2052 4662 pus,
2094 4595 2362 4666 quodque
2418 4599 2609 4654 multis
2659 4603 2787 4657 vita:
2839 4605 3245 4663 nutttttionibns
3303 4611 3512 4680 pariter

1925 4686 2250 4741 immutctur
2324 4700 2710 4760 verseturque,
2803 4695 3189 4766 immorentur,
3273 4701 3511 4774 ejusque

1928 4787 2083 4846 parte
2123 4781 2306 4848 aliqua
2358 4784 2800 4840 considerationi
2843 4801 3081 4846 mentem
3126 4794 3506 4866 applicemus;

1927 4881 1986 4924 ut
2022 4874 2266 4936 noveris,
2299 4875 2525 4943 dilecte,
2564 4878 2796 4936 vilitatis
2841 4883 3092 4941 humanae
3134 4887 3507 4946 humilitatem

1926 4962 2430 5036 abjectionemque,
2462 4985 2570 5041 qua
2606 4973 2744 5026 nihil
2786 4990 2815 5028 a
2851 4978 3038 5032 vernis
3075 4978 3310 5037 ﬂoribus
3349 4983 3510 5038 dill'e-
3575 4998 3587 5010 '

1927 5064 2033 5119 rat,
2075 5059 2220 5126 quod
2265 5062 2464 5116 attinet
2520 5063 2587 5117 ad
2641 5066 2729 5120 sui
2806 5066 3026 5124 facilem
3090 5071 3508 5140 corruptionem

1927 5147 2426 5222 ilct'eetimiemquc,
2455 5155 2828 5213 dissolutione
2861 5161 2915 5213 in
2942 5175 3006 5214 ea
3034 5163 3238 5228 quibus
3265 5169 3505 5216 constat.

1927 5236 2004 5290 Ex
2035 5255 2146 5308 quo
2183 5241 2359 5311 igitur
2405 5249 2480 5300 rei
2518 5247 2687 5316 hujus
2719 5249 2954 5304 scientia
2986 5251 3152 5304 etiam
3189 5251 3322 5306 utile
3349 5253 3520 5320 quid-i

1929 5331 2070 5400 piam
2123 5333 2307 5398 habet.
2357 5339 2615 5406 quodque
2657 5356 2754 5395 eos
2794 5319 2888 5410 qui
2934 5356 3042 5395 non
3071 5341 3247 5410 levius
3273 5343 3518 5397 audiunt:

1926 5421 2203 5481 aediﬁcare
2249 5430 2486 5496 possit:
2551 5433 2706 5488 visne
2773 5431 3060 5488 ostendam
3137 5428 3507 5490 humanorum

2007 5640 2027 5666 '
2061 5636 2196 5692 ibid.
2236 5638 2289 5692 5.
2401 5637 2420 5674 ί
2449 5634 2597 5692 Psal.
2625 5647 2894 5702 cxxxvui,
2930 5634 3023 5694 H.
3129 5647 3154 5676 υ
3189 5609 3416 5706 Joan.i,
3452 5637 3508 5696 5.

3183 5800 3255 5868 41

2401 5637 2420 5674 ί
2449 5634 2597 5692 Psal.
2625 5647 2894 5702 cxxxvut,
2930 5634 3023 5694 11.
