3870 6214
243 340 375 407 1353

1555 345 1868 406 MAGNUS
1901 342 2166 406 CANON.

3355 345 3495 414 1354

234 455 396 516 θεῖον,
424 469 502 506 πα
513 453 762 524 μμάκαρ,
795 453 1180 518 ἐπικαλοῦντες
1201 471 1214 484 ·
1257 455 1318 509 τὸ
1351 456 1578 527 Κρήτης
1608 455 1810 523 ἐγκαλ-

1954 463 2234 518 atronum,
2273 449 2618 519 beatissime,
2685 450 2964 508 desiderio
3022 452 3395 529 invocamus;
3456 477 3494 516 υ

232 545 513 616 λὼπισμα.

932 639 1111 704 Δόξα.

315 728 643 798 Ἀμέριστον
676 731 741 799 τῇ
798 729 979 798 οὐσίᾳ,
1013 730 1318 800 ἀσύγχυτον
1363 734 1478 794 τοῖς
1507 732 1820 804 προσώποις

235 821 468 888 θεολογῶ
500 837 581 886 σε,
637 821 737 890 τὴν
787 821 1074 892 τριαδικὴν
1121 822 1248 892 μίαν
1278 821 1554 893 Θεότητοιο
1591 823 1664 886 ὡς
1691 825 1822 893 ὁμο-

234 913 526 973 6ασίλειον,
560 912 655 964 καὶ
681 911 971 983 σύνθρονον
994 930 1007 943 ·
1045 913 1153 983 βοῶ
1187 930 1270 966 σοι
1293 915 1354 966 τὸ
1386 910 1539 985 ᾆσμα
1561 914 1622 968 τὸ
1655 915 1820 986 μέγα,

234 1005 293 1056 τὸ
319 1005 376 1056 ὲν
400 1002 652 1072 ὑψίστοις
685 1003 925 1074 τρισσῶς
961 1003 1448 1075 ὑμνολογούμενον.

871 1186 1147 1239 Θεοτόκιο
1156 1204 1210 1240 ν.

306 1277 654 1340 Καὶτίκτεις,
687 1275 780 1330 καὶ
804 1276 1195 1348 παρθενεύεις,
1225 1280 1320 1332 καὶ
1354 1279 1537 1350 μένεις
1564 1281 1631 1333 δι’
1658 1281 1825 1349 ἀμφο·

232 1373 428 1443 τέρων.
490 1367 656 1421 Φύσει
710 1368 982 1437 παρθένος
1036 1371 1064 1422 ὀ
1111 1369 1323 1440 τεχθεὶς
1357 1371 1592 1434 καινίζει
1627 1372 1826 1440 νόμους

234 1464 478 1533 φύσεω;’
508 1465 539 1530 ὴ
573 1461 737 1530 νηδὺς
793 1460 850 1514 δὲ
893 1460 1015 1513 κύει
1042 1460 1118 1531 μὴ
1149 1461 1474 1532 λοχεύουσα.
1516 1465 1651 1527 Θεὸς
1689 1465 1824 1517 ὅπου

235 1554 406 1619 θέλει,
435 1554 655 1605 νικᾶται
696 1549 913 1620 φύσεως
943 1549 1121 1614 τάξιν.
1173 1570 1190 1603 ι
1231 1553 1382 1607 Ποιεί
1425 1555 1534 1625 γὰρ
1573 1557 1673 1610 ὅσα
1704 1554 1827 1625 βού-

235 1647 412 1701 λεται.
451 1665 471 1698 ι

733 1735 872 1806 ’ῼόὴ
903 1733 967 1789 ε’.
1006 1736 1327 1806 ὈΕιρμός.

1915 546 2268 602 Cretensium
2299 544 2498 616 gloria.

2600 633 2806 690 Gloria.

1990 731 2335 786 individuam
2395 730 2734 794 substantia,
2801 731 3053 799 personis
3117 730 3495 800 inconfusam,

1919 840 2084 879 unam
2121 827 2324 878 trinam
2357 822 2626 876 Deitatem
2663 823 2941 893 praedico;
2979 827 3127 878 velut
3162 826 3324 895 cujus
3357 828 3496 883 idem

1921 917 1994 973 sit
2022 932 2274 986 regnum,
2303 930 2526 984 unaque
2553 915 2747 980 sedes;
2775 931 3032 984 maguum
3083 917 3326 974 clamore
3363 921 3500 975 sub-

1922 1010 2081 1062 mitto
2131 1010 2435 1074 canticum,
2481 1008 2626 1074 quod
2692 1008 2836 1062 trine
2897 997 2952 1062 in
3012 1009 3301 1068 altissimis
3354 1014 3501 1068 cele-

1922 1100 2136 1154 bratur.

2494 1187 2563 1243 Iu
2595 1187 2908 1256 Deiparam.

1996 1281 2060 1336 Et
2094 1280 2267 1351 paris,
2301 1287 2356 1335 et
2383 1295 2444 1335 es
2475 1281 2649 1348 virgo,
2693 1293 2988 1349 manetque
3019 1290 3256 1351 utraque
3293 1297 3502 1352 praero-

1927 1375 2128 1442 gativa.
2168 1371 2272 1437 Qui
2306 1379 2506 1425 natura
2540 1373 2694 1442 virgo
2730 1380 2898 1426 natus
2929 1381 3037 1435 est,
3088 1373 3314 1425 novavit
3358 1373 3506 1444 leges

1927 1472 2163 1518 natura.
2223 1461 2398 1517 Porro
2452 1469 2638 1532 gestas
2696 1469 2938 1523 uterum,
2977 1478 3087 1516 non
3125 1474 3390 1530 suscepto
3415 1479 3507 1518 se-

1927 1557 2094 1611 mine.
2122 1554 2311 1609 Vincit
2335 1554 2503 1616 Deus,
2527 1555 2617 1608 ubi
2648 1562 2734 1608 est
2759 1554 2964 1618 visum,
2986 1564 3199 1608 natura!
3219 1552 3506 1622 ordinem;

1927 1650 2069 1702 Nam
2105 1666 2122 1699 ε
2161 1647 2518 1716 Quaecunque
2547 1646 2686 1706 vult,
2720 1644 2855 1698 facit
2881 1655 2925 1698 ι.
2974 1665 2993 1698 ι

2501 1736 2613 1792 Ode
2644 1738 2698 1792 5.
2729 1736 2974 1791 Hirmus.

321 1808 417 1880 Ἐκ
470 1825 666 1889 νυκτὸς
724 1803 1085 1895 ὀρθρίζοντα,
1131 1803 1518 1898 φιλάνθρωπε,
1556 1828 1822 1898 φώτισον,

2001 1827 2159 1882 Mane
2196 1843 2224 1881 a
2261 1837 2423 1881 nocte
2478 1827 2822 1895 vigilantem,
2858 1827 3136 1892 illumina,
3194 1843 3414 1898 precor,
3449 1838 3506 1883 tu

235 1919 454 1990 δέομαι.
519 1922 613 1972 καὶ
657 1919 926 1988 ὁὸήγησον
964 1919 1133 1990 κάμὲ,
1177 1921 1234 1973 ὲν
1291 1924 1404 1984 τοῖς
1436 1923 1826 1994 προστάγμασι

238 2029 335 2067 σου
359 2030 372 2043 ο
414 2014 508 2065 καὶ
556 2012 762 2076 δίδαξον
795 2029 884 2080 με,
919 2012 1124 2083 Σῶτερ,
1154 2015 1325 2066 ποιεῖν
1364 2012 1423 2065 τὸ
1463 2015 1678 2084 θέλημά
1709 2033 1824 2070 σου.

323 2109 416 2161 Ἐν
443 2109 596 2160 νυκτὶ
633 2107 723 2160 τὸν
768 2107 882 2176 βίον
938 2123 1038 2177 μου
1094 2106 1312 2176 διῆλθον
1351 2106 1456 2159 ἀεί.
1487 2108 1684 2172 Σκότος
1718 2109 1825 2179 γὰρ

237 2201 465 2270 γέγονα,
499 2200 594 2252 καὶ
630 2198 822 2269 βαθεῖά
859 2217 951 2269 μοι
987 2198 1178 2270 ἀχλὺς,
1211 2200 1245 2268 ἡ
1273 2197 1370 2261 νὺξ
1398 2198 1497 2268 τῆς
1525 2198 1826 2270 ἁμαρτίας.

249 2293 395 2350 Ἀλλ’
425 2294 500 2358 ὡς
529 2295 741 2366 ἡμέρας
773 2295 910 2362 υἱὸν,
943 2293 1149 2364 Σῶτερ,
1173 2292 1452 2356 ἀνάδειξόν
1487 2310 1578 2364 με.

311 2476 420 2530 Τὸν
455 2476 688 2546 Ῥουϐὶμ
737 2470 1080 2546 μιμούμενος
1142 2479 1170 2529 ὁ
1221 2476 1388 2538 τάλας
1433 2476 1543 2546 ἐγὼ
1571 2519 1584 2543 ,
1617 2477 1830 2549 ἔπραξα

237 2568 483 2637 ἄθεσμον
547 2568 642 2620 καὶ
704 2568 1024 2637 παράνομον
1084 2568 1280 2639 βουλὴν
1339 2569 1480 2622 κατὰ
1550 2568 1646 2622 τοῦ
1695 2568 1830 2623 Θεοῦ

238 2659 499 2729 ὑψίστου,
567 2659 765 2728 μιάνας
823 2659 1012 2729 κοίτην
1065 2660 1238 2731 ἐμὴν,
1307 2661 1381 2725 ὼς
1437 2661 1534 2714 τοῦ
1583 2662 1829 2733 πατρὸς,

237 2752 475 2813 ἐκεῖνος.

334 2842 806 2913 Ἐξομολογοῦμαί
843 2861 961 2911 σοι,
994 2845 1196 2916 Χριστὲ
1266 2846 1518 2911 Βασιλεῦ,
1562 2848 1828 2920 ἥμαρτον,

243 2935 520 3006 ἥμαρτον,
579 2934 653 2998 ὡς
699 2936 748 2988 ot
807 2937 936 3006 πρὶν
967 2936 1058 2990 τὸν
1103 2938 1305 3009 Ἰωσὴφ
1357 2939 1576 3008 ἀδελφοὶ
1615 2955 1830 3008 πεπρα-

246 3025 406 3088 κότες
431 3042 446 3058 ’
506 3025 600 3079 τὸν
662 3026 762 3097 τῆς
815 3026 1041 3094 ἁγνείας
1075 3029 1308 3099 καρπὸν,
1343 3031 1434 3083 καὶ
1463 3029 1555 3084 τὸν
1587 3031 1685 3101 τῆς
1723 3047 1831 3084 σω-

248 3116 550 3188 φροδύνης-
1697 3116 1702 3120 ’

333 3160 617 3263 ’Υπδῗτῶν
673 3212 970 3278 συγγόνων,
1017 3212 1051 3283 ἡ
1089 3213 1276 3266 δικαία
1297 3213 1445 3285 ψυχὴ
1480 3216 1694 3270 δέδοτο·
1737 3218 1835 3270 πέ-
1859 3160 1903 3216 c

249 3316 429 3370 πρατο
455 3303 535 3363 είς
569 3301 812 3353 δουλείαν
837 3304 864 3354 ὁ
885 3303 1113 3370 γλυκὺς,
1146 3304 1226 3364 είς
1254 3303 1428 3356 τύπον
1459 3305 1555 3358 τοῦ
1577 3306 1785 3376 Κυρίου
1815 3321 1830 3336 ⁸

247 3393 394 3463 αὐτὴ
419 3393 475 3446 δὲ
507 3394 601 3461 ὃλη
629 3393 797 3463 ψυχὴ,
829 3394 1073 3465 ἐπράθης
1094 3398 1206 3458 τοῖς
1228 3398 1420 3458 κακοῖς
1449 3413 1566 3450 σου.

334 3483 536 3554 Ἰωσὴφ
568 3484 658 3537 τὸν
691 3486 921 3552 δίκαιον,
961 3488 1057 3540 καὶ
1109 3487 1363 3556 σώφρονα
1398 3488 1528 3541 νοῦν
1565 3489 1836 3561 μίμησαι,

246 3575 490 3628 τάλαινα
522 3579 618 3628 καὶ
659 3575 888 3645 ἁδόκιμε
918 3575 1091 3647 ψυχὴ,
1125 3579 1221 3630 καὶ
1279 3578 1355 3648 μὴ
1412 3578 1837 3646 ἀκολασταίνου,

248 3671 378 3731 ταῖς
412 3669 746 3738 παραλόγοις
777 3669 981 3740 ὁρμαῖς
1008 3670 1097 3722 ἀεὶ
1127 3670 1552 3741 παρανομοῦσα.

330 3844 396 3897 Εἰ
431 3843 525 3897 καὶ
557 3843 746 3914 λάκκῳ
782 3842 968 3914 ᾧκησέ
1004 3861 1138 3897 ποτε
1175 3843 1397 3916 Ἰωσὴφ,
1425 3846 1685 3900 Δέσποτα
1723 3847 1841 3902 Κύ-

257 3951 379 4006 ριευ
415 3934 530 3985 ἀλλ’
563 3935 644 3996 είς
694 3933 866 3985 τύπον
904 3934 1002 4004 τῆς
1033 3937 1215 4005 ταφῆς
1265 3939 1364 3990 καὶ
1418 3936 1521 4006 τῆς
1567 3939 1844 4010 ὲγέρσεώς

258 4040 378 4078 σου.
426 4023 565 4092 Ἐγὼ
585 4023 664 4086 δὲ,
689 4023 743 4076 τί
776 4023 858 4075 σοί
893 4040 1027 4076 ποτε
1062 4023 1308 4079 τοιοῦτον
1341 4026 1734 4095 προσενέγκω;

333 4192 443 4246 Τοῦ
482 4194 730 4258 Μωσέως
758 4195 999 4265 ἡκουσας
1043 4195 1140 4265 τὴν
1175 4197 1372 4268 θήὗην,
1430 4198 1600 4271 ψυχὴ,
1645 4199 1802 4254 ῦδασι
1827 4245 1845 4271 ,

262 4281 477 4351 κύμασι
514 4284 826 4353 φερομένην
853 4285 1127 4354 ποταμοῦ,
1168 4285 1243 4350 ὡς
1290 4289 1347 4341 ὲν
1393 4288 1620 4359 θαλάμῳ
1652 4291 1844 4357 πάλαι,

264 4373 551 4443 φυγοῦσαν
581 4376 769 4446 δρᾶμα
795 4378 994 4449 πικρὸν
1036 4377 1232 4450 βουλῆς
1264 4381 1648 4451 Φαραωνίτον.

1929 1922 2196 1984 clemens,
2230 1935 2295 1973 ac
2323 1918 2502 1974 deduc
2537 1920 2592 1974 in
2636 1919 2918 1975 mandatis
2948 1920 3097 1984 tuis;
3135 1933 3202 1975 ac
3235 1935 3344 1988 me,
3383 1919 3510 1974 Sal-

1929 2025 2105 2080 vator,
2138 2015 2275 2068 doce
2307 2015 2489 2067 facere
2522 2013 2865 2066 voluntatem
2895 2019 3047 2065 tuam
3083 2023 3131 2065 ε.

2001 2109 2193 2162 Totam
2233 2088 2312 2160 .iu
2351 2114 2514 2160 nocte
2570 2105 2739 2158 vitam
2779 2118 2958 2157 meam
3004 2103 3182 2168 duxi;
3250 2117 3376 2157 nam
3431 2102 3509 2157 l‘ui

1907 2197 2171 2254 tenebrae
2209 2197 2262 2264 b,
2293 2195 2681 2264 prol‘undaque
2717 2193 2848 2247 mihi
2892 2193 3094 2261 caligo,
3139 2205 3246 2246 nox
3295 2193 3508 2262 peccati

1931 2301 2045 2348 est.
2088 2289 2169 2344 Tu
2199 2303 2284 2344 me
2325 2286 2716 2352 nihilominus,
2763 2284 3046 2352 Salvator,
3078 2296 3137 2339 ut
3157 2284 3330 2338 lilium
3368 2283 3514 2338 lucis

1932 2384 2104 2440 eliice.

2003 2475 2196 2529 Ruben
2230 2474 2382 2529 illum
2413 2484 2462 2534 ο,
2493 2473 2666 2528 miser
2691 2486 2792 2543 ego
2815 2470 3087 2534 imitatus,
3128 2469 3379 2540 iniquum
3411 2468 3514 2525 im-

1934 2568 2194 2638 piumque
2213 2565 2511 2638 consilium
2546 2565 2771 2618 molitus
2793 2578 2915 2618 sum
2941 2561 3208 2636 adversus
3234 2562 3402 2616 Deum
3433 2559 3516 2613 al-

1933 2636 2414 2722 tissimumpmeo
2471 2654 2644 2710 cubili
2702 2655 2938 2724 polluto,
2991 2667 3103 2724 qua
3152 2653 3247 2708 ille
3294 2651 3516 2706 ratione

1932 2751 2115 2806 cubile
2139 2750 2334 2820 polluit
2381 2759 2697 2819 paternum.

2005 2838 2290 2894 Conﬁteor
2353 2837 2477 2900 tibi,
2512 2836 2737 2890 Christe
2792 2833 2930 2898 Rex,
2982 2831 3231 2902 peccavi,
3267 2831 3516 2899 peccavi,

1936 2928 2083 2983 velut
2109 2929 2202 2998 qui
2231 2927 2360 2983 olim
2383 2925 2589 2996 Joseph
2623 2925 2825 2979 fratres
2859 2922 3237 2978 vendiderunt
3261 2920 3314 2974 ἀι
3349 2920 3520 2976 casti-

1935 3020 2068 3074 tatis
2098 3019 2359 3074 nimirum
2395 3019 2662 3086 fructum,
2688 3023 2744 3072 et
2773 3015 3154 3070 continentiae.

2001 3191 2225 3246 Tradita
2282 3201 2366 3246 est
2421 3205 2453 3244 a
2503 3191 2758 3259 cognatis
2798 3190 2983 3244 anima
3016 3187 3212 3258 iusta;
3255 3187 3520 3242 venditus

1935 3286 2096 3338 estin
2130 3299 2352 3338 servum
2407 3283 2595 3337 dulcis
2631 3283 2743 3345 ille,
2795 3284 2851 3336 in
2893 3281 3126 3350 ﬁguram
3177 3277 3432 3344 Domini;
3467 3286 3523 3330 at

1937 3384 1995 3428 tu
2030 3381 2163 3436 tota,
2199 3375 2406 3435 anima,
2432 3374 2750 3428 venundata
2779 3386 2842 3426 es
2885 3372 2997 3426 tuis
3037 3370 3208 3423 vitiis.

2009 3466 2295 3524 Emulare
2329 3464 2530 3534 Joseph
2558 3466 2790 3531 justum,
2823 3478 2889 3517 ac
2932 3471 3174 3517 mentem
3211 3468 3453 3522 castam,
3490 3472 3524 3511 ο

1939 3561 2145 3616 misera
2179 3559 2528 3629 reprobaque
2556 3557 2774 3621 anima;
2805 3553 3240 3615 neclibidinose,
3272 3563 3524 3619 semper-

1939 3667 2047 3722 que
2065 3651 2266 3705 alienis
2300 3664 2330 3703 a
2375 3648 2594 3702 ratione
2637 3645 3048 3717 cupiditatibus
3086 3645 3404 3712 obsequens
3444 3639 3528 3694 vi-

1943 3758 2061 3800 V33.

2013 3835 2380 3902 Quanquam,
2435 3831 2571 3888 here
2626 3829 2897 3894 Domine,
2958 3828 3262 3900 aliquando
3323 3824 3528 3896 Ioseph

1943 3928 1998 3983 in
2026 3928 2150 3982 lacu
2201 3923 2499 3992 habitavit;
2552 3925 2608 3979 id
2645 3933 2822 3979 tamen
2866 3924 2921 3978 in
2955 3925 3274 3992 sepultura
3317 3929 3425 3974 tuae
3473 3926 3531 3972 et

1944 4019 2374 4077 resurrectionis
2401 4026 2618 4089 typum.
2669 4016 2739 4071 At
2768 4031 2922 4090 ergo,
2955 4016 3088 4087 quid
3126 4028 3368 4086 unquam
3429 4012 3528 4069 tibi

1943 4113 2216 4184 ejusmodi
2253 4110 2480 4166 oﬂ'eram
2504 4110 2529 4164 Ἰ

2015 4203 2186 4259 Mosis
2219 4213 2243 4242 ⁸
2277 4203 2476 4256 thebcn
2525 4199 2726 4255 audisti
2772 4199 2911 4269 (37),
2953 4213 2988 4254 ο
3023 4197 3240 4265 anima;
3277 4207 3338 4252 ut
3367 4197 3529 4268 aquis

1943 4297 2100 4359 olim,
2153 4306 2212 4350 ut
2241 4296 2486 4350 lluminis
2535 4293 2817 4355 ﬂuctibus.
2857 4294 3010 4349 velut
3069 4293 3315 4346 thalamo
3351 4303 3527 4355 vecta,

1946 4405 2190 4444 amaram
2238 4388 2440 4458 fugerit
2485 4385 3010 4441 Pharaouiticarum
3065 4385 3395 4439 insidiarum
3448 4385 3529 4438 la-

1881 4492 1925 4547 ι)
1953 4482 2156 4535 bulam.

340 4653 540 4735 :Psal.
575 4657 912 4735 exntvihﬁ.
988 4658 1190 4735 I_Psal_.
1226 4677 1356 4735 Lxu,
1379 4661 1435 4728 2;
1467 4678 1657 4730 cxvm,
1691 4663 1782 4729 35;
1857 4679 2025 4731 cun,
2054 4665 2140 4720 10.
2220 4665 2248 4705 δ
2283 4664 2480 4735 Ephes.
2511 4681 2564 4730 v,
2599 4665 2652 4720 8.
2731 4677 2750 4701 α
2782 4663 2920 4718 Gen.
2949 4679 3118 4730 xxxv,
3148 4664 3252 4731 εὶς
3278 4679 3438 4731 uix,
3475 4667 3530 4720 4.

262 4722 293 4764 δ
342 4724 482 4779 Gen.
521 4742 703 4780 xxxv"
734 4769 748 4793 ,
774 4728 869 4782 98.
964 4739 989 4768 ο
1026 4730 1194 4784 Exod.
1241 4748 1304 4797 ιι,
1335 4733 1386 4786 3.

1590 4864 1980 4925 COMBEFISH
2013 4869 2246 4926 NOTIE.

341 4977 730 5050 (37)7Tli_eben.
783 4979 989 5050 Θήϐην.
1061 4981 1134 5035 lta
1180 4984 1320 5036 alius
1382 4982 1552 5036 codex
1615 4980 1752 5034 LXX
1792 4991 1847 5036 et

263 5048 439 5122 Cyril.
474 5049 526 5100 iu
553 5047 868 5122 Glaphyris,’
905 5047 1001 5122 pro
1023 5068 1131 5117 quo
1149 5053 1236 5104 alii
1265 5051 1650 5122 codicesiLXX
1680 5051 1842 5122 Q§6t~r

264 5119 335 5191 (lg:
369 5135 475 5191 qua
501 5134 635 5172 voce
654 5120 922 5174 videndus
953 5121 1134 5191 l‘iobil.
1159 5124 1224 5176 ad
1255 5139 1290 5175 ιι
1329 5124 1460 5176 illud
1490 5121 1661 5175 Exml.
1688 5121 1843 5191 Vulg.

267 5188 561 5243 Fiscellam
607 5191 865 5257 acirpeam
898 5206 916 5244 :
949 5190 1138 5254 Tigur.
1184 5197 1420 5245 arculam
1459 5188 1846 5254 arundineaan;

268 5263 472 5328 interp.
513 5260 790 5327 Origenis,
824 5277 890 5314 ex
922 5277 1128 5331 papyro
1166 5273 1337 5331 putat.
1383 5263 1479 5316 Vix
1533 5274 1682 5316 certe
1718 5263 1848 5317 sciri

267 5339 456 5403 potest
485 5345 550 5383 ex
581 5345 690 5403 qua
713 5340 859 5399 esset
903 5332 1153 5386 materia.
1193 5333 1610 5403 Cniitpluteusia
1647 5335 1849 5387 habent

269 5400 489 5473 θήκην·
545 5401 691 5461 quod
738 5403 811 5454 sit
860 5403 1184 5473 arca__velut
1231 5400 1505 5473 genitrice.
1553 5420 1663 5473 quo
1710 5404 1850 5457 forte

267 5471 440 5541 modo
483 5475 833 5541 scripserunt
893 5471 1067 5531 LXX:
1122 5471 1346 5528 necVox
1405 5471 1669 5528 llebraica
1735 5475 1852 5526 vult

266 5539 427 5610 aliud
456 5561 468 5592 :
508 5539 632 5610 nam
651 5551 736 5596 est
769 5553 917 5601 mn:
951 5559 1071 5610 qum
1099 5545 1290 5598 eadem
1325 5545 1554 5600 habetur
1589 5545 1730 5598 Gen.
1777 5559 1850 5609 vi,

271 5612 367 5682 ubi
408 5607 554 5666 LXX
600 5612 840 5666 reddunt
876 5607 1144 5666 κιϐωτόν·
1189 5614 1388 5671 Noster
1431 5631 1647 5678 arcam;
1689 5607 1854 5682 atque

271 5680 412 5738 adeo
439 5682 712 5755 quidquid
758 5686 999 5753 tnySterii
1041 5686 1122 5738 vel
1169 5687 1513 5755 Augustinus
1553 5689 1636 5739 vel
1672 5680 1852 5739 alii—in

273 5765 338 5804 ea
370 5750 504 5806 νοτε
548 5750 712 5816 LXX,
751 5750 874 5822 qua:
920 5763 1175 5822 corrupta
1222 5750 1459 5820 videtur,
1500 5759 1852 5818 invenerunt,

635 5847 907 5907 ΙἈτιιυι.
949 5848 1066 5908 Gn.
1109 5848 1334 5911 XCVII.

1954 4995 2049 5060 aut
2087 4987 2354 5060 suspicati
2387 4995 2839 5060 sunttmanasse
2875 4988 3093 5044 videtur
3123 5005 3186 5044 ex
3223 4992 3533 5060 ignorantia

1955 5055 2238 5129 Hebraicis
2276 5058 2508 5124 Ιὶηεζιιως
2543 5057 2743 5112 Noster
2788 5074 2920 5114 vero
2964 5060 3018 5112 in
3063 5075 3124 5112 ea
3166 5055 3537 5129 peritissimus

1955 5129 2069 5181 sive
2098 5126 2491 5199 Hieronymus.
2531 5130 2648 5184 sive
2680 5129 2843 5191 alius,
2877 5130 2983 5184 sibi
3015 5126 3263 5192 indulsit,
3291 5141 3350 5183 ut
3377 5147 3540 5199 gene-

1955 5199 2128 5250 ricmn
2204 5197 2568 5254 determinate
2628 5200 2932 5266 explicaret
2991 5216 3004 5252 :
3053 5202 3329 5266 quomodo
3383 5197 3535 5256 idem

1956 5283 2152 5336 nonnon
2185 5268 2365 5322 herbae
2392 5272 2561 5324 ramis
2595 5271 2708 5324 suis
2733 5269 3118 5322 obumbrantis
3141 5284 3245 5321 non
3269 5269 3343 5323 ita
3370 5280 3533 5336 nota,

1952 5332 2096 5425 '1th
2137 5356 2150 5392 :
2183 5339 2430 5392 hederam
2485 5340 2723 5394 reddidit
2757 5337 2882 5393 Jon.
2916 5353 2991 5401 tv,
3031 5338 3122 5392 ubi
3162 5337 3303 5392 LXX
3345 5332 3538 5396 σηοω-ἐ

1950 5430 2115 5484 bitam
2145 5431 2385 5486 habent:
2417 5432 2637 5500 quidam
2671 5431 2862 5485 dicunt
2891 5430 3120 5484 ricinum
3149 5448 3168 5484 :
3194 5447 3326 5500 qum
3355 5442 3526 5486 muta-

1952 5502 2029 5554 tio
2084 5509 2137 5555 et
2183 5517 2319 5555 nova
2362 5502 2574 5564 versio,
2615 5511 2868 5556 assuetas
2892 5501 3148 5570 yersioni
3189 5499 3332 5555 LXX
3375 5517 3538 5556 aures

1949 5571 2313 5642 quorumdam
2369 5572 2779 5636 Africanorum,
2840 5586 2948 5626 non
3010 5588 3200 5642 parum
3250 5572 3535 5628 offendit:

1950 5658 2057 5767 qua
2077 5643 2233 5767 ἔθιγε
2255 5641 2623 5713 Hieronymus
2659 5651 2714 5696 et
2758 5641 3107 5716 Augustinus
3137 5642 3542 5714 epistolis-mu-

1983 5728 2050 5767 uo
2115 5727 2144 5767 a
2177 5727 2242 5767 ts.

1955 5723 2050 5767 tuo
2077 5722 2242 5769 datis.

3144 5845 3220 5908 43
