3870 6214
252 421 385 484 1:357

1569 424 1879 484 MAGNUS
1906 421 2172 482 CANON.

3352 420 3489 485 1358

319 534 382 588 Ei
432 533 523 586 ml.
566 532 760 604 φρέαρ,
789 532 1054 596 Δέσποτα,
1094 532 1357 604 ὑπάρχεις
1400 532 1561 603 βαθὺ,
1619 532 1804 603 βλῦσόι

1988 531 2336 602 Quanquam,
2373 528 2625 594 Domine,
2673 531 2819 585 altus
2867 537 3062 601 puteus
3103 545 3161 583 es
3189 538 3241 597 ιι,
3288 529 3487 586 ﬂuenta

248 647 341 700 μοι
402 628 620 697 νάματα
673 624 733 691 ἐξ
783 625 1063 697 ἀχράντων
1109 644 1202 679 σου
1247 627 1495 696 φλεϐῶν*
1546 627 1613 681 ἵν’
1646 627 1722 691 ὼς
1781 629 1814 699 ὴ

247 720 608 790 Σαμαρεῖτις,
645 719 844 789 μηκέτι
886 702 1056 773 πίνων
1080 717 1218 789 διψῶ
1240 734 1253 751 ε
1285 719 1431 791 ζωῆς
1464 719 1573 792 γάρ
1608 720 1817 792 ῥεῖθρον

248 809 486 880 βλύζεις.

320 902 545 968 Σιλωάμ
600 898 840 967 γενέσθω
891 915 981 970 μοι
1020 900 1088 953 τὰ
1134 901 1347 971 δάκρυά
1396 919 1519 972 μου,
1571 902 1816 955 Δέσποτα

244 990 442 1056 Κύριε,
484 990 575 1041 ἵνα
620 988 879 1057 νίψωμαι”
912 989 1066 1057 κάγὼ
1111 991 1208 1053 τάς
1256 990 1447 1063 κόρας,
1482 992 1579 1061 τῆς
1636 991 1816 1062 ψυχῆς

247 1099 374 1151 μου,
407 1082 499 1134 καί⁵
526 1080 620 1132 ἴδω
646 1096 715 1133 ,σε
746 1081 968 1150 νοερῶς,
998 1083 1058 1134 τὸ
1090 1082 1205 1152 φῶς
1230 1082 1293 1134 τὸ
1322 1081 1672 1153 προαιὼνιον.
1734 1094 1739 1101 ‘

846 1171 961 1239 Τῆς
1003 1172 1216 1238 ὐσίας.

332 1262 673 1333 Ἀσυγκρξτῳ
727 1261 890 1333 ἔρωτι
916 1305 929 1328 ,
978 1259 1265 1328 πανόλσιε,
1325 1262 1481 1327 ξύλον
1527 1242 1829 1334 ποθήσασέ

246 1353 631 1422 προσκυνῆσαι
654 1355 753 1423 τῆς
778 1353 946 1417 ζωῆς,
978 1352 1207 1422 ἠξίωσαι
1241 1352 1336 1407 τοῦ
1362 1354 1528 1407 πόθου
1546 1371 1559 1384 ·
1588 1353 1816 1419 ἀξίωσον

240 1439 339 1497 οὖν
361 1442 525 1513 κάμὲ.
561 1447 746 1514 τυχεῖν
767 1443 869 1514 τῆς
895 1444 1007 1497 ἄνω
1034 1443 1218 1513 δόξης.

330 1619 572 1690 Ῥεῖθρον
612 1620 901 1693 Ἰορδάνιον
938 1624 1252 1694 περάσασα,
1289 1615 1448 1695 εὗρες
1481 1624 1810 1687 ἀνάπαυσιν,

242 1711 341 1780 τὴν
394 1710 656 1765 ὲνὼδυνον
691 1713 891 1784 σαρκὸς
942 1714 1137 1784 ἡδονὴν
1200 1716 1549 1784 ὲκφυγοῦσαυ
1599 1712 1667 1788 ἧς
1723 1716 1814 1769 καὶ

242 1802 390 1872 ἡμᾶς
422 1803 628 1869 ἐξελοῦ,
660 1807 781 1868 σαῖς
812 1808 1163 1881 προσευχαῖς,
1194 1808 1338 1863 ὁσία.

886 1897 1180 1966 Ἀνδρέου.

325 1989 414 2051 Ὠς
444 1988 721 2058 ποιμένων
761 1987 1018 2059 ἄριστος,
1061 1988 1286 2060 Ἀνδρέα
1321 1991 1472 2060 σοφὲ,
1516 1990 1813 2063 πρόκριτον

240 2082 377 2133 ὅντα
424 2097 503 2145 σε,
530 2079 680 2149 πόθῳ
716 2079 908 2149 δέομαι
944 2079 1126 2150 πολλῷ
1159 2083 1256 2134 καὶ
1302 2082 1472 2154 φόϐῳ,
1524 2086 1643 2146 σαῖς
1674 2100 1809 2153 πρε-

239 2172 457 2234 σϐείαις
494 2172 591 2243 τῆς
616 2172 890 2242 σωτηρίας
928 2176 1135 2243 τυχεῖν,
1162 2176 1261 2229 καὶ
1289 2174 1438 2246 ζωῆς
1461 2176 1703 2235 αἰωνίου.

939 2349 1117 2402 Δόξα.

939 2350 1017 2401 Δό
1057 2365 1117 2402 a.

317 2440 408 2506 Σὲ,
437 2439 630 2510 Τριάς,
666 2439 987 2508 δοξάζομεν,
1009 2350 1101 2493 ⁴ῗὸν
1119 2440 1215 2492 ἕνα
1236 2440 1389 2493 Θεόν’
1410 2442 1619 2508 Ἄγιος,
1634 2442 1810 2511 ἅγιος,

240 2532 396 2599 ἆγιος
438 2531 510 2594 εἴ,
562 2530 592 2584 ὸ
627 2533 836 2599 Πατὴρ,
880 2533 909 2583 ὁ
947 2532 1095 2594 Υἱὸς,
1144 2533 1239 2585 καὶ
1276 2531 1338 2586 τὸ
1368 2533 1627 2604 Πνεῦμα⁸
1665 2534 1813 2604 ἁπλῆ

239 2626 402 2678 οὐσία
424 2641 439 2655 ο
484 2625 650 2696 μονάς
679 2625 764 2679 ἀεὶ
800 2625 1276 2696 προσκυνουμένη.

747 2802 855 2857 Kal
893 2802 1031 2859 νῦν.
1064 2805 1303 2859 Θεοτόκ.

324 2893 421 2946 Ἐκ
486 2892 580 2947 σοῦ
632 2894 950 2963 ἠμφιάσατο
1002 2896 1062 2947 τὸ
1123 2895 1355 2966 φύραμά
1404 2912 1525 2967 μου,
1575 2894 1809 2967 ἄφθορε,

240 2985 497 3055 ἄνανδρε,
531 2986 963 3057 μητροπαρθένε,
996 2984 1126 3049 Θεὸς
1148 2987 1177 3038 ὁ
1207 2987 1393 3050 κτίσας
1424 2989 1549 3050 τοὺς
1574 2986 1774 3051 αἰῶνας
1794 3004 1833 3065 ’κ

240 3079 336 3130 καὶ
369 3077 582 3147 ἥνωσεν
610 3078 791 3147 ἑαυτῷ
819 3077 918 3149 τὴν
947 3077 1055 3131 τῶν
1081 3078 1384 3149 ἀνθρώπων
1408 3078 1591 3147 φύσιν.

710 3192 843 3263 ᾮδὴ
880 3199 952 3257 ς’.
1020 3193 1081 3246 '0
1117 3194 1354 3262 Εῐρμός.

323 3286 557 3357 Ἐὁόησα
585 3287 644 3338 ὲν
674 3285 771 3357 ὅλῃ
797 3285 995 3356 καρδίᾳ
1029 3303 1134 3355 μου
1186 3285 1324 3355 πρὸς
1361 3285 1451 3338 τὸν
1489 3283 1811 3357 οἰκτίρμονα

233 3376 394 3443 Θεὸν,
426 3376 521 3430 καὶ
568 3375 856 3444 είσήκουσέ
908 3392 1009 3446 μου
1059 3374 1120 3439 ἐξ
1162 3372 1290 3444 ᾆδον
1321 3375 1670 3430 κατωτάτου·
1717 3375 1812 3428 καὶ

234 3470 520 3538 ἀνήγαγεν
547 3470 613 3522 ὲκ
646 3467 854 3538 φθορᾶς
881 3466 980 3540 τὴν
1006 3468 1187 3538 ψυχήν
1216 3484 1339 3537 μου.

309 3564 395 3616 Τὰ
423 3563 658 3634 δάκρυα,
684 3560 894 3631 Σῶτερ,
925 3559 1038 3612 τῶν
1063 3558 1360 3629 ὀφθαλμῶν
1393 3575 1518 3629 μου,
1557 3558 1651 3612 καὶ
1689 3560 1813 3622 τοὺς

234 3654 305 3706 ὲκ
333 3651 533 3722 βάθους
564 3650 927 3720 στεναγμοὺς,
967 3649 1226 3721 καθαρῶς
1256 3650 1569 3720 προσφέρω,
1602 3648 1813 3719 βοὼσης

231 3746 336 3812 τῆς
364 3742 595 3812 καρδίας
616 3758 630 3771 ·
663 3737 734 3793 Ὦ
774 3740 926 3805 Θεὸς,
955 3740 1258 3812 ἡμάρτηκά
1288 3757 1392 3803 σοι,
1425 3739 1672 3811 ἱλάσθητί
1700 3757 1811 3809 μοι.

320 3831 660 3895 Ἐξένευσας,
693 3830 861 3901 ψυχὴ,
894 3830 988 3884 τοῦ
1022 3830 1230 3902 κυρίου
1265 3846 1379 3895 σου,
1420 3829 1609 3901 ὥσπερ
1634 3830 1813 3884 Δαθὰν

234 3924 335 3977 καὶ
391 3920 686 3992 Ἀΰειρώψ
754 3922 892 3976 ἀλλὰ
941 3924 1124 3990 φεῖσαι
1182 3921 1384 3992 κράξον
1430 3922 1491 3987 ἐξ
1537 3922 1662 3992 ὅλης
1711 3922 1813 3993 τῆς

234 4013 488 4084 καρδῖας,
523 4013 611 4066 ἶνα
651 4012 724 4084 μὴ
754 4013 816 4067 τὸ
854 4013 1041 4084 χάσμα
1078 4014 1176 4082 τῆς
1208 4014 1312 4084 γῆς
1346 4030 1405 4066 σε
1465 4012 1808 4085 συγκαλὺψῃ.

318 4102 410 4164 Ὠς
453 4101 708 4171 δάμαλις,
744 4101 911 4171 ψυχὴ,
954 4104 1428 4174 παροιστρήσασα,
1465 4103 1813 4174 ὲξωμοιώθης

236 4192 321 4263 τῷ
363 4191 640 4262 Ἐφραῖμσ
674 4192 751 4255 ὡς
795 4192 998 4264 δορκὰς
1041 4194 1105 4246 ὲκ
1141 4193 1371 4265 βρόχων,
1409 4194 1689 4249 ἀνάσωσον
1724 4194 1813 4248 τὸν

236 4285 378 4356 βίον,
413 4284 757 4355 πετρωθεῖσα
789 4282 986 4356 πράξει
1017 4286 1109 4339 τὸν
1141 4285 1289 4351 νοῦν,
1320 4291 1414 4341 καὶ
1444 4286 1667 4358 θεωρίᾳ.

321 4459 388 4510 Ἡ
426 4458 550 4528 χεὶρ
599 4460 747 4529 ἡμᾶς
797 4459 1041 4522 Μωσέως
1088 4461 1449 4532 πιστώσηται,
1493 4461 1661 4532 ψυχὴ,
1694 4461 1811 4525 πῶς

1920 629 2055 684 mihi
2089 627 2157 682 ab
2184 628 2520 682 intemeratis
2551 626 2661 680 tuis
2691 625 2844 681 renis
2872 624 3108 688 elfunde,
3137 633 3194 678 ut
3225 627 3492 692 quemad-

1920 719 2141 775 modum
2172 716 2371 773 mulier
2402 717 2770 779 Samaritana,
2817 731 2925 771 non
2973 716 3209 785 amplius
3253 716 3488 770 bibendo

1918 812 2101 867 sitiam
2132 826 2146 864 :
2174 809 2380 883 quippe
2410 808 2647 863 scaturis
2673 807 2876 861 ﬂuenta
2916 806 3062 862 vitae.

1991 901 2115 956 Sint
2163 901 2297 954 mihi
2337 897 2483 954 Siloe
2503 909 2551 962 σι,
2591 898 2724 952 mea:
2784 898 3057 968 lacrymte,
3110 914 3145 953 o
3196 899 3323 955 bere
3381 892 3487 953 Do-

1919 994 2090 1055 mine;
2139 998 2200 1045 ut
2249 998 2304 1045 et
2361 989 2477 1060 ipse
2529 990 2705 1043 lavem
2750 989 2991 1058 pupillas
3056 989 3271 1055 animae,
3324 998 3492 1061 teque

1919 1084 2101 1137 lumen
2145 1090 2526 1153 praemternum
2557 1081 2771 1134 videam
2805 1081 3039 1152 spiritali
3080 1087 3313 1137 ratione.

2504 1169 2570 1224 In
2605 1168 2880 1225 Sanctam.

1986 1263 2147 1328 Cum,
2190 1262 2531 1326 beatissima,
2587 1260 3004 1330 incomparabili
3045 1261 3240 1316 ardore
3271 1263 3489 1318 deside-

1916 1370 2101 1410 rasses
2134 1354 2365 1409 adorare
2395 1354 2602 1421 lignum
2638 1353 2780 1418 vitae,
2813 1354 2955 1406 facta
2988 1367 3048 1407 es
3080 1354 3190 1408 voti
3224 1368 3483 1424 compos:

1917 1443 2003 1499 fac
2022 1460 2153 1516 ergo
2190 1452 2249 1499 ut
2269 1452 2324 1500 et
2354 1446 2470 1515 ipse
2503 1459 2730 1514 compos
2764 1445 3007 1499 ccelcstis
3041 1445 3228 1514 glorize
3277 1460 3491 1513 merear

1915 1536 2077 1590 cllici.

1989 1627 2091 1682 libi
2131 1625 2392 1682 Iordanis
2441 1625 2642 1681 ﬂumen
2695 1627 3032 1693 transisses,
3091 1628 3346 1683 invenisti
3400 1644 3491 1683 re-

1914 1720 2133 1789 quiem,
2186 1719 2413 1774 molesta
2477 1720 2666 1774 carnis
2720 1720 3002 1788 voluptate
3068 1721 3325 1784 liberata;
3379 1735 3485 1789 qua

1914 1816 1967 1864 et
2007 1825 2129 1874 nos,
2159 1809 2269 1865 tuis
2302 1809 2579 1880 precibus,
2610 1823 2647 1862 o
2679 1816 2889 1874 sancta,
2924 1811 3125 1865 liberos
3158 1810 3327 1866 edice.

2509 1901 2576 1956 In
2604 1903 2895 1957 Andream.

1984 1991 2141 2054 Tuis,
2195 1985 2422 2063 sapiens
2470 1992 2712 2059 Andrea,
2761 1993 3284 2056 intercessionibus,
3338 1993 3484 2048 velut

1914 2084 2007 2152 qui
2042 2092 2321 2153 pastorum
2358 2085 2616 2152 optimus,
2646 2084 2882 2139 eximius
2917 2084 3017 2151 sis,
3054 2085 3225 2139 multo
3255 2098 3364 2139 tum
3387 2085 3487 2139 de-

1914 2177 2138 2243 siderio,
2181 2186 2294 2230 tum
2334 2185 2504 2244 metu,
2559 2177 2793 2233 salutem
2823 2178 3088 2248 consequi
3129 2192 3193 2232 ac
3223 2175 3482 2233 aeternam

1914 2256 2079 2323 vitam
2120 2283 2270 2339 rogo.

2589 2358 2796 2415 Gloria.
2985 2403 2994 2412 .
3348 2414 3361 2429 ,

1984 2449 2060 2505 Te
2093 2450 2441 2515 Trinitatem,
2481 2452 2646 2507 Deum
2700 2464 2869 2506 unum
2894 2452 3304 2523 gloriﬁcamus:
3344 2453 3486 2507 San-

1914 2554 2056 2608 ctus,
2093 2546 2339 2606 Sanctus.
2371 2552 2594 2599 sanctus
2619 2558 2703 2606 es,
2739 2543 2922 2609 Pater,
2956 2553 3012 2600 et
3050 2543 3247 2610 Filius,
3276 2559 3330 2600 et
3359 2546 3485 2615 Spi-

1915 2634 2055 2687 ritus
2088 2643 2314 2689 sanctus
2346 2651 2360 2689 :
2394 2636 2708 2690 substantia
2738 2635 3241 2706 simplex,adorata
3265 2652 3484 2709 semper

1915 2724 2118 2779 unitas.

2374 2814 2442 2869 Et
2467 2831 2625 2870 nunc.
2657 2815 2739 2869 Ad
2770 2816 2989 2886 Deipar.

1987 2907 2061 2962 Ex
2093 2916 2144 2963 te
2198 2907 2377 2961 induit
2423 2914 2666 2961 nostram
2711 2908 3184 2978 conspersionem,
3221 2922 3253 2962 ο
3304 2909 3486 2963 incor-

1914 3011 2101 3069 rupta,
2152 3000 2338 3053 nescia
2365 2999 2492 3062 viri,
2520 2998 2689 3068 Virgo
2721 2998 2911 3065 Mater,
2955 3002 3049 3069 qui
3095 3000 3239 3056 Deus
3282 3001 3479 3058 saecula

1915 3089 2180 3166 condidit,
2215 3100 2383 3160 atque
2429 3089 2723 3143 humanam
2752 3090 2856 3145 sibi
2893 3102 3144 3145 naturam
3182 3094 3379 3147 univit.

1970 3254 1977 3259 .
2455 3202 2567 3257 Ode
2600 3203 2652 3257 6.
2692 3203 2936 3258 Hirmus.

1985 3291 2230 3345 Clamavi
2284 3306 2349 3345 ex
2406 3301 2522 3344 toto
2576 3291 2743 3345 corde
2790 3308 2912 3346 meo
2958 3292 3023 3345 ad
3069 3294 3482 3349 misericordem

1915 3380 2108 3446 Deum,
2155 3388 2210 3435 et
2259 3381 2540 3435 exaudivit
2572 3395 2656 3435 me
2685 3381 2752 3434 de
2787 3383 2896 3435 into
2925 3382 3178 3450 inferno;
3214 3393 3268 3438 et
3296 3386 3484 3439 eduxit

1913 3469 1981 3524 ab
2016 3467 2239 3522 interitu
2273 3468 2438 3520 vitam
2475 3481 2650 3521 meam
2681 3476 2728 3520 ι’.
3126 3461 3136 3470 ’

1984 3559 2302 3630 Laerymas,
2361 3573 2395 3614 o
2451 3558 2726 3621 Salvator,
2785 3559 3074 3613 oculorum
3126 3572 3394 3624 meorum,
3431 3573 3488 3617 et

1914 3652 2096 3706 cordis
2140 3650 2436 3706 clamantis
2489 3649 2760 3719 profunda
2808 3651 3051 3719 suspiria
3085 3651 3256 3716 palam
3295 3652 3482 3707 olIero.

1913 3742 1958 3797 0
1992 3743 2156 3806 Deus,
2188 3741 2287 3796 tibi
2319 3743 2573 3813 peccavi;
2595 3741 2867 3796 eslomilti
2907 3743 3203 3811 propitius.

1986 3831 2258 3885 Extranea
2289 3828 2432 3884 [acta
2455 3844 2535 3895 es,
2568 3843 2601 3883 o
2623 3835 2828 3891 anima,
2862 3843 2891 3883 a
2931 3829 3160 3885 Domino
3197 3839 3290 3883 tuo
3337 3831 3487 3885 velut

1916 3923 2125 3976 Dathan
2166 3930 2221 3977 et
2269 3922 2481 3976 Abiron
2517 3925 2577 3988 ’ς
2615 3922 2790 3975 clama
2831 3937 2962 3977 vero
3003 3937 3072 3976 ex
3117 3932 3228 3977 toto
3275 3924 3483 3981 corde:

1914 4014 2120 4080 Parce;
2152 4022 2211 4067 ut
2241 4030 2309 4068 ne
2337 4024 2390 4069 te
2419 4021 2584 4069 terra:
2612 4014 2798 4070 hiatus
2836 4014 3135 4085 Operuerit.

1983 4105 2289 4169 Insaniens,
2314 4119 2347 4159 ο
2367 4104 2575 4169 anima,
2624 4112 2884 4177 tanquam
2915 4106 3104 4169 vitula,
3142 4104 3281 4161 facta
3321 4118 3381 4160 es
3412 4109 3486 4161 sl-

1914 4196 2059 4251 milis
2084 4194 2340 4265 Ephraim
2377 4196 2439 4259 l;
2486 4195 2636 4250 salva
2668 4212 2695 4248 a
2726 4196 2937 4266 laqueis
2963 4197 3140 4251 instar
3185 4200 3402 4266 capreae
3431 4210 3482 4262 ιι,

1914 4288 2121 4352 vitam;
2173 4290 2411 4341 mentem
2464 4285 2518 4339 in
2565 4293 2778 4354 petram
2833 4286 3052 4351 durata,
3081 4297 3135 4341 et
3186 4288 3403 4342 actione
3430 4298 3485 4343 et

1913 4372 2395 4441 contemplatione.
3501 4370 3511 4379 ’

1984 4461 2175 4528 Nobis,
2212 4477 2245 4517 ο
2291 4464 2496 4525 anima,
2544 4461 2711 4517 Mosis
2739 4478 2932 4516 manus
2965 4464 3126 4516 tidem
3172 4475 3374 4518 certam
3411 4467 3484 4519 le-

232 4551 461 4604 δύναται
486 4552 641 4615 Θεὸς,
672 4550 1020 4622 λεπρωθέντα
1059 4553 1173 4622 βίον
1232 4530 1804 4609 λευκᾶναιήκαθᾶ·

1937 4553 2051 4608 terit
2081 4563 2130 4617 ν,
2179 4564 2234 4606 ut
2266 4554 2441 4621 possit
2474 4552 2619 4608 Deus
2670 4553 2943 4620 leprosum
3003 4553 3167 4608 vitam
3222 4555 3485 4610 dealbare

236 4658 330 4710 ραι
357 4657 370 4670 ⁸
408 4642 503 4694 καὶ
534 4643 609 4712 μὴ
652 4643 908 4713 άπογνῷς
943 4645 1200 4712 σεαυτὴν,
1234 4645 1339 4697 κᾶν
1399 4645 1706 4715 λεπρὼοῇς.

306 4826 392 4878 τὰ
430 4828 671 4896 κύματα,
706 4826 915 4899 Σῶτερ,
938 4828 1050 4881 τῶν
1089 4828 1449 4897 πταισμάτων
1482 4844 1604 4898 μου.
1647 4830 1723 4893 ὡς
1753 4831 1811 4883 ὲν

230 4915 487 4988 θαλάσσῃ
549 4917 819 4988 Ἐρυθρᾷ,
890 4918 1378 4986 ἐπαναστραφέντα
1439 4919 1679 4988 ἐκάλυψέ
1739 4937 1807 4990 με

230 5007 412 5074 ἄφνω,
446 5006 522 5068 ὡς
564 5006 689 5070 τοὺς
720 5008 1055 5076 Αἰγυπτίους
1101 5008 1230 5060 ποτὲ
1281 5009 1373 5061 καὶ
1408 5009 1535 5071 τοὺς
1581 5009 1804 5077 τριστά-

232 5113 358 5159 τας.

307 5259 336 5319 ξ
370 5248 531 5303 Joan.
567 5264 643 5310 tv,
677 5252 758 5306 Η.
833 5261 862 5300 ιι
892 5249 1051 5305 Joan.
1085 5266 1159 5311 Ix,
1201 5253 1254 5306 7.
1332 5261 1353 5289 τ
1377 5251 1552 5307 Jonas.
1589 5269 1644 5318 ll,
1683 5254 1737 5319 3,
1766 5254 1820 5307 7.

234 5326 264 5355 τ
294 5317 466 5374 Exod.
495 5333 571 5383 tv,
603 5320 659 5373 6.
764 5333 791 5360 κ
833 5319 1002 5375 Exod.
1036 5336 1149 5386 xlv,
1178 5321 1288 5387 26;
1337 5338 1426 5386 xv,
1475 5324 1530 5377 4.

1912 4659 1978 4698 ac
2009 4644 2277 4698 mundare
2307 4661 2320 4697 :
2354 4658 2536 4712 neque
2580 4644 2718 4713 ipsa,
2749 4644 3000 4711 quamvis
3047 4645 3282 4713 leprosa,
3329 4662 3480 4716 Spem

1910 4736 1990 4788 tui
2027 4734 2320 4802 altjcceris.

1982 4824 2313 4879 Delictorum
2353 4838 2599 4879 meorum
2650 4821 2878 4891 ﬂuctus,
2924 4840 2957 4880 ο
3011 4825 3284 4894 Salvator,
3330 4828 3482 4884 velut

1911 4917 1964 4969 iu
2018 4916 2154 4970 mari
2203 4915 2389 4970 Rubro
2439 4915 2626 4971 subito
2683 4917 2916 4982 reversi,
2968 4933 3055 4973 me
3117 4928 3479 4989 operuerunt,

1911 5010 2057 5063 sicut
2129 5007 2423 5078 Aﬁgyptios
2486 5009 2623 5064 olim
2699 5021 2755 5065 et
2828 5011 3110 5082 principes
3181 5010 3482 5084 [Pharao-

1912 5101 2001 5155 nis
2025 5108 2051 5137 ι
2075 5097 2093 5170 ]
2120 5099 2252 5170 (59).
2738 5120 2741 5122 -
3104 5108 3107 5111 ·

1897 5259 1918 5286 ³
1949 5255 2110 5311 Num.
2143 5274 2252 5316 m.
2286 5258 2377 5315 3|.
2461 5261 2480 5297 ⁸
2517 5222 2658 5316 Dsce
2691 5255 2853 5324 x,H.
2923 5273 2950 5299 ιι
2985 5258 3152 5315 Eccli.
3182 5275 3351 5325 xxv".
3374 5259 3491 5315 22..

1515 5475 1903 5534 COMBEFISII
1938 5474 2173 5531 NOTAE.

305 5588 441 5665 (39)_
476 5588 540 5643 Et
585 5568 895 5665 principes.
943 5593 1051 5646 Καὶ
1090 5595 1216 5665 toil;
1281 5594 1595 5665 τριστάτας.
1641 5593 1804 5649 Forte

1940 5603 1959 5648 t
2001 5594 2244 5664 primat-ii
2287 5593 2428 5648 inter
2461 5593 2755 5662 primarios
2803 5595 2918 5665 sive
2960 5594 3130 5650 duces
3160 5596 3276 5650 sive
3309 5595 3476 5651 satel-

235 5658 388 5712 decst
412 5658 630 5730 Φαραώ.
662 5658 903 5716 Habetur
934 5677 996 5717 ea
1029 5679 1129 5717 vox
1155 5658 1331 5718 Exod.
1353 5681 1441 5728 xv,
1468 5665 1525 5729 4,
1546 5680 1804 5735 expressa

227 5761 298 5825 ex
330 5746 788 5835 llebrgontltihest
814 5771 835 5833 ε⁵
852 5750 917 5803 Et
934 5751 1116 5833 elcetio
1134 5738 1337 5835 verum:
1358 5757 1650 5835 principum
1674 5756 1809 5835 ejus,

1909 5666 2033 5718 lites
2080 5672 2134 5718 et
2180 5665 2406 5729 milites,
2458 5665 2651 5732 quales
2706 5674 2761 5717 et
2804 5664 2985 5719 Latini
3041 5682 3176 5720 suos
3230 5665 3479 5721 Triarius

1900 5734 2161 5816 .ltabent}
2194 5736 2400 5816 denqua
2431 5749 2566 5789 voce
2598 5734 2786 5787 multis
2836 5747 3043 5816 nosten
3064 5735 3244 5803 Sant.,
3275 5735 3476 5805 Nobil.,

232 5816 350 5874 sive
382 5829 443 5874 ut
481 5802 635 5890 Vulg.
671 5802 835 5879 Electi
1874 5804 2019 5893 'ipse
2056 5806 2223 5861 etiam
2252 5802 2620 5874 Hieronymus
2647 5822 2696 5861 c.
2727 5821 2858 5861 xxm
2889 5805 3110 5873 Ezecb.,
3141 5802 3248 5863 etC.
