3870 6214
269 335 399 400 1361
1418 388 1437 397 _
1616 335 1932 396 MAGNUS
1962 337 2232 398 CANON.
3392 343 3529 408 1302

265 449 375 513 κῶς
394 466 409 480 -
444 447 540 499 καὶ
569 444 737 516 μονάς
765 442 996 516 ὑπάρχω
1022 444 1087 513 τῇ
1124 441 1288 511 φύσει
1321 441 1583 513 ἡνωμένη
1603 456 1616 470 ·
1663 444 1692 495 6
1723 444 1836 497 Πα-

1967 462 1992 498 a
2029 465 2043 501 :
2080 448 2376 515 uuitasque
2400 448 2613 504 exsisto
2644 448 2798 503 unita
2841 458 3061 520 natura,
3091 448 3273 518 Pater,
3321 454 3525 527 inquit,

264 538 390 610 τὴρ,
416 536 608 607 φησὶν,
643 537 672 588 6
701 533 852 599 Υἱὸς,
881 535 976 588 καὶ
1005 533 1148 587 θεῖον
1188 532 1435 604 Πνεῦμα.

1967 538 2136 606 "ilius,
2162 554 2227 596 ac
2261 539 2483 596 divinus
2507 540 2770 610 Spiritus.

530 660 537 665 -
779 626 888 683 Καὶ
916 627 1051 682 νῦν.
1088 628 1326 683 Θεοτόκ.

2367 631 2436 685 Et
2469 649 2629 686 nunc.
2670 633 2753 687 Ad
2790 632 3098 701 Deiparam.

2012 719 2130 776 Tua
2189 722 2351 777 vulva
2408 722 2579 777 Deum
2638 724 2849 792 peperit
2884 725 2951 778 in
3014 707 3249 780 humana
3315 726 3526 793 forma;

1943 828 2101 882 quem
2134 814 2282 868 velut
2316 815 2562 868 omnium
2595 813 2913 870 Creatorem
2954 830 3144 878 exora,
3184 825 3243 870 ut
3279 820 3406 884 tuis,
3436 814 3527 873 Dei

349 719 414 775 Ἠ
449 722 635 792 μήτρα
686 738 778 775 σου
807 720 942 774 Θεὸν
997 722 1186 774 τέτοκε
1238 719 1673 791 μεμορφωμένον
1719 720 1842 774 καθ’

268 815 450 884 ἡμᾶς’
504 812 563 866 ὃν
611 813 688 875 ὡς
723 813 965 883 Κτίστην
1018 813 1240 865 πάντων
1283 810 1545 877 δυσώπει,
1587 810 1842 877 Θεοτόκε,

270 906 359 960 ἱνα
386 907 504 968 ταῖς
529 903 856 974 πρεσϐείαις
883 907 1003 967 ταῖς
1036 906 1159 966 σαῖς
1193 902 1595 972 δικαιωθῶμεν.

1967 902 2218 968 ἓεηίιτίι,
2252 904 2751 960 intercessionibus
2771 905 3160 974 justifiremur.

573 996 905 1051 ΚΟντάκιογ
936 994 1111 1064 ιδιόμ.
1144 982 1277 1063 Ἦχ.
1317 997 1425 1048 πλ.
1453 991 1537 1058 β’.

2092 1038 2113 1055 ,
2228 993 2527 1049 Contaciou
2554 996 2843 1050 idiomelou
2864 1006 2970 1051 ton.
2998 997 3058 1061 2,
3081 997 3244 1065 obliq.

336 1087 499 1157 Ψυχή
531 1104 655 1157 μου,
692 1086 836 1157 ψυχή
869 1103 994 1157 μου,
1050 1086 1258 1140 ἀνάστα
1281 1098 1296 1114 ⁸
1343 1084 1397 1138 τί
1428 1083 1754 1151 καθεύδεις;
1783 1083 1846 1136 τὸ

2014 1085 2212 1139 Anima
2245 1101 2365 1142 mea
2384 1127 2399 1152 ,
2425 1102 2568 1150 mea,
2601 1102 2859 1156 exsurge,
2891 1088 3074 1141 anima
3097 1104 3112 1155 ;
3134 1087 3267 1157 quid
3285 1087 3536 1144 dormis?

266 1181 421 1244 τέλος
462 1179 721 1248 ὲγγίζει,-
745 1181 839 1233 καί¹
878 1179 1094 1248 μέλλεις
1122 1176 1494 1250 θορυΰεῖσθαι.
1544 1175 1846 1246 Ἀνάνηψον

1971 1176 2199 1232 mminet
2230 1175 2377 1242 finis,
2411 1187 2578 1247 atque
2614 1177 2844 1232 tibi‘est
2896 1164 3079 1231 futura
3134 1179 3398 1232 turbatio.
3449 1180 3530 1231 Ad

267 1269 383 1336 οὖν,
417 1273 505 1327 ἵνα
530 1272 786 1342 φείσηταί
820 1288 917 1324 σου
965 1270 1202 1342 Χριστὸς
1247 1270 1278 1322 6
1307 1269 1463 1335 Θεὸς,
1498 1270 1528 1322 6
1568 1264 1846 1339 πανταχοῦ

1967 1267 2234 1322 neliorem
2261 1282 2396 1339 ergo
2434 1268 2649 1339 frugem
2681 1267 3008 1331 revertaris,
3058 1277 3115 1321 ut
3149 1267 3246 1321 tibi
3279 1268 3533 1323 Christus

277 1361 494 1435 παρὼν,
525 1362 711 1417 καὶτὰ
742 1361 920 1416 πάντα
952 1360 1193 1434 πληρῶν.

1967 1359 2097 1417 Mus
2150 1361 2464 1432 ignoverit,
2535 1361 2633 1433 qui
2712 1360 2921 1432 ubique
2996 1374 3284 1431 praesens,
3346 1364 3531 1415 omnia

1948 1452 2143 1523 replet.

927 1541 994 1595 '0
1021 1539 1191 1608 οἶκος

345 1632 420 1685 Τδ
470 1630 564 1685 τοῦ
616 1633 851 1703 Χριστοῦ
904 1633 1142 1704 ἰατρεῖον
1207 1630 1420 1702 βλέπων
1473 1629 1848 1701 ἀνεῳγμένον,

2025 1630 2231 1688 Videtis
2287 1631 2547 1689 diabolus
2653 1634 2921 1689 medicam
2996 1630 3202 1686 Cbristi
3261 1629 3532 1685 ofﬁcinam

272 1724 366 1776 καὶ
414 1725 515 1794 τὴν
552 1727 618 1778 ὲκ
673 1724 863 1778 τούτου
892 1723 969 1795 τῷ
1008 1724 1180 1795 Ἀδὰμ
1232 1722 1592 1793 πηγάζουσαν
1641 1719 1851 1789 ὑγείαν,

1967 1731 2224 1794 ψει-ωσι,
2245 1725 2485 1795 indeque
2512 1735 2825 1779 manantem
2861 1724 2991 1778 Adae
3024 1723 3342 1783 sanitatem,
3384 1737 3535 1775 com-

270 1792 495 1875 ιπαθεν,
555 1811 766 1882 ἐπλήγη
830 1814 860 1865 6
912 1792 1194 1877 διάϐολος,
1236 1792 1330 1865 και
1383 1810 1459 1874 ὡς
1519 1807 1846 1863 κινδυνεύων

1967 1792 2135 1871 notus
2180 1824 2265 1871 est
2320 1792 2769 1886 ist—perterritus
2805 1833 2820 1883 ;
2851 1811 2922 1870 ac
2949 1815 3099 1869 velut
3165 1815 3220 1867 in
3285 1813 3534 1883 periculo

271 1902 531 1974 ὠδύρετο,
560 1904 654 1956 καὶ
678 1906 791 1966 τοῖς
820 1904 985 1957 αὑτοῦ
1010 1904 1184 1973 φίλοις
1215 1903 1477 1972 ἀνεϐόησε
1498 1919 1510 1934 ·
1543 1902 1608 1954 Τί
1636 1901 1847 1970 ποιήσω

1967 1922 2200 1975 versans,
2234 1907 2384 1961 luctu
2423 1908 2491 1962 ad
2523 1907 2737 1963 amicos
2782 1905 3090 1960 clamavit:
3146 1903 3288 1970 Quid
3334 1903 3530 1957 faciant

271 1993 351 2063 τῷ
386 1993 501 2062 Υἱῷ
532 1994 632 2063 τῆς
663 1994 882 2067 Μαρίας
908 2012 923 2060 ;
977 1996 1194 2050 κτείνει
1226 2012 1294 2065 με
1376 1993 1747 2063 Βηθλεεμίτης
1770 2010 1785 2025 ·
1817 1995 1846 2047 ὁ

1967 1995 2129 2050 uaria:
2152 1995 2292 2051 Filio
2312 1997 2434 2053 ille
2449 1994 2810 2053 Bethleemita
2839 1996 2934 2051 ille
2952 1996 3138 2066 perdit
3166 2013 3180 2049 :
3204 1997 3301 2065 qui
3331 1994 3533 2065 ubique

272 2084 556 2156 πανταχοῦ
584 2084 796 2157 παρὼν,
839 2087 933 2140 καὶ
961 2086 1032 2140 τὰ
1069 2089 1251 2141 πάντα
1277 2085 1523 2157 πληρῶν.

1967 2100 2215 2153 transeas,
2244 2087 2432 2141 omnia
2472 2087 2666 2157 replet.
3222 2088 3227 2095 '

2631 1544 2860 1599 Domus.

809 2178 880 2231 Τὸ
915 2177 1314 2246 συναξὰριον.

342 2267 425 2338 Τῇ
465 2268 612 2339 αὐτῇ
650 2269 859 2341 ἡμέρᾳ,
914 2271 1057 2324 κατά
1103 2274 1201 2342 τὴν
1246 2275 1479 2343 ἀρχαίαν
1521 2273 1844 2345 παράδοσιν,

271 2353 553 2425 ψάλλομεν
575 2359 668 2410 καὶ
698 2357 796 2428 τὴν
825 2357 919 2411 τοῦ
959 2361 1197 2430 μεγάλου
1229 2364 1468 2427 Κανόνος
1495 2364 1841 2420 ἀκολουθίαν.

272 2444 477 2497 Τοῦτον
513 2445 607 2498 τὸν
634 2444 803 2505 ὅντως
832 2448 1071 2504 κανόνων
1119 2452 1401 2522 μέγιστον,
1428 2437 1683 2507 ἀπάντων
1724 2453 1846 2524 ἀρί-

275 2550 420 2597 στως
451 2537 546 2590 καὶ
572 2538 909 2606 τεχνηέντως
942 2543 1222 2611 ἡρμόσατο
1258 2548 1354 2597 καὶ
1411 2545 1770 2615 συνέγραψεν,
1818 2548 1847 2600 6

276 2630 335 2681 ἑν
374 2629 551 2697 ἁγίοις
595 2632 784 2706 Πατὴρ
838 2636 996 2703 ἡμῶν
1030 2635 1286 2704 Ἀνδρέας
1331 2638 1359 2689 6
1415 2637 1846 2705 ἀρχιεπίσκοπος

277 2721 526 2792 Κρήτης,
575 2726 604 2777 6
660 2726 752 2778 καὶ
805 2725 1241 2796 Ἱεροσολυμίτης
1295 2728 1728 2799 ὀνομαζόμενοςυ
1789 2715 1848 2794 ὃς

277 2810 508 2882 ὥρμητο
540 2815 641 2885 μὲν
686 2818 750 2870 ὲκ
779 2819 1108 2886 Δαμασκοῦ,
1141 2820 1237 2872 ἐπὶ
1270 2821 1849 2894 τεσσαρεσκαιδεκάτῳ

275 2903 335 2955 δὲ
362 2903 473 2958 ἔτει
494 2907 593 2976 τῆς
619 2907 784 2961 αὐτοῦ
819 2908 1035 2979 ἡλικίας
1052 2910 1423 2982 παιδευτηρίῳ
1452 2913 1851 2983 γραμματικῆς

279 2993 542 3059 ἑκδοθεῖς,
582 2999 677 3049 καὶ
708 2998 807 3068 τὴν
860 2999 1148 3067 ἐγκύκλιον
1188 3002 1472 3054 παίδευσιν
1516 3001 1847 3074 ἐξασκήσας,

2552 2176 2943 2249 Synaxan’um.

2016 2269 2219 2325 Eodem
2253 2272 2364 2337 die,
2399 2286 2466 2327 ex
2505 2271 2733 2340 antiqua
2769 2270 3080 2326 traditione
3124 2269 3379 2325 canimus
3419 2268 3532 2325 olli-

1946 2359 2092 2413 oium
2126 2361 2308 2431 magni
2340 2360 2606 2416 Canonis.
2636 2358 2794 2414 Hune
2828 2374 2957 2414 vere
2979 2374 3045 2415 ex
3077 2360 3340 2415 omnibus
3369 2374 3538 2414 cano-

1948 2451 2112 2505 nibus
2138 2452 2466 2519 maximum,
2494 2456 2700 2525 optime
2726 2461 2781 2509 et
2822 2453 3462 2525 ingeniose’composuit
3484 2462 3541 2508 et

1948 2547 2283 2614 conscripsit
2317 2556 2547 2602 sanctus
2604 2546 2771 2602 Pater
2803 2559 2992 2602 noster
3023 2546 3299 2610 Andreas,
3356 2547 3541 2600 archi-

1950 2641 2243 2710 episcopus
2295 2638 2492 2704 Cretae,
2537 2654 2908 2709 cognomento
2969 2639 3531 2710 Hierosolymitanus.

1950 2728 2052 2785 Hic
2085 2731 2354 2786 Damasco
2379 2732 2673 2796 oriundus,
2721 2732 2938 2786 decimo
2975 2739 3181 2802 quarto
3211 2731 3394 2784 aetatis
3426 2745 3540 2783 sua:

1950 2836 2096 2876 anno
2129 2824 2503 2891 grammaticae
2536 2824 2722 2878 studia
2773 2838 3071 2895 aggressus
3099 2863 3114 2887 ,
3160 2831 3231 2877 et‘
3270 2819 3543 2875 omnibus

1950 2914 2163 2969 artibus
2201 2915 2532 2971 liberalibus
2578 2915 2751 2985 probe
2774 2917 3055 2981 excultus,
3094 2913 3541 2983 Hierosolymam
3626 2962 3635 2971 ,

1907 3046 1916 3057 .
1952 3005 2219 3075 pervenit,
2260 3006 2540 3077 vitamque
2569 3006 2935 3061 monasticam
2992 3005 3119 3059 iniit
3152 3023 3165 3060 :
3202 3004 3301 3075 qui
3352 3010 3546 3057 sancte

280 3088 356 3147 εἰς
399 3085 751 3159 Ἱεροσόλυμα
790 3089 1050 3159 γεγονὼς,
1101 3092 1191 3146 τὸν
1233 3093 1511 3165 μοναστὴν
1552 3095 1850 3166 ὑπέρχεται

1967 3108 2012 3151 et
2067 3097 2156 3166 pie
2210 3097 2376 3151 vitam
2410 3112 2707 3167 peragens,
2741 3098 2812 3151 in-
2844 3097 3034 3166 quieto
3090 3095 3181 3149 illo
3218 3104 3273 3148 et
3301 3108 3329 3146 a
3365 3093 3546 3147 turbis

279 3180 427 3248 βίονσ
460 3179 622 3243 ὁσίως
678 3180 734 3233 δὲ
767 3181 860 3234 καὶ
906 3182 1172 3252 Θεοφιλῶς
1227 3184 1430 3252 διάγων
1476 3187 1521 3217 ³³
1574 3190 1633 3240 έν
1664 3188 1853 3260 ἡσύχῳ

276 3270 374 3323 καὶ
406 3272 667 3343 ἀταράχῳ
696 3276 762 3343 τῇ
813 3273 998 3346 βιοτῇ,
1043 3275 1218 3328 πολλά
1269 3277 1366 3346 μὲν
1417 3278 1510 3329 καὶ
1557 3277 1692 3331 ἄλλα
1726 3295 1855 3347 συγ-

273 3362 588 3433 γράμματα
624 3364 863 3435 βιωφελῆ
893 3367 1211 3421 καταλείπει
1242 3371 1307 3438 τῇ
1336 3368 1432 3421 τοῦ
1457 3368 1593 3422 Θεοῦ
1630 3370 1856 3440 Ἐκκλη-

278 3457 397 3526 σία,
446 3456 637 3525 λόγους
665 3476 725 3511 τε
756 3459 849 3512 καὶ
896 3458 1162 3523 κανόνας·
1218 3461 1423 3530 μᾶλλον
1459 3462 1749 3532 ἀδρότερος
1799 3466 1857 3517 ὲν

272 3549 393 3608 τοῖς
442 3551 839 3618 πανηγυρικοῖς
882 3549 1168 3621 γινόμενός
1224 3569 1284 3604 τε
1339 3554 1433 3606 καὶ
1480 3552 1854 3623 δεικνύμενος.

274 3638 387 3690 Σὺν
420 3638 637 3703 πολλοῖς
667 3640 722 3692 δὲ
758 3640 961 3706 ἄλλοις,
999 3643 1095 3695 καὶ
1125 3644 1220 3696 τὸν
1252 3645 1503 3714 παρόντα
1540 3645 1717 3714 μέγαν
1742 3646 1859 3698 Κα-

273 3730 413 3787 νόνα
458 3733 740 3802 συνέταξε,
779 3737 1075 3803 κατάνυξιν
1129 3737 1359 3809 ἄπειρον
1406 3737 1623 3809 ἔχοντα.
1672 3741 1859 3793 ῐιᾶσαν

274 3824 391 3895 γὰρ
434 3824 681 3889 [παλαιᾶς
716 3828 812 3881 καὶ
854 3828 1001 3890 Νέας
1047 3828 1293 3897 ἱστορίαν
1336 3829 1619 3900 Διαοήκης
1672 3831 1858 3901 ὲρανι·

278 3916 525 3986 σάμενος
554 3920 647 3971 καὶ
686 3918 971 3989 ἀθροισας,
1016 3919 1080 3973 τὸ
1124 3919 1302 3990 παρὸν
1354 3921 1638 3990 ἡρμόσατο
1673 3921 1858 3991 μέλος,

280 4007 397 4060 ἀπὸ
440 4008 612 4078 Ἀδὰμ
639 4009 841 4081 δηλαδὴ
871 4011 1033 4081 μέχρι
1058 4010 1150 4063 καὶ
1180 4010 1354 4080 αὐτῆς
1390 4010 1631 4081 Χριστοῦ
1658 4012 1862 4082 ἀναλή-

280 4097 457 4167 ψεως,
487 4101 586 4152 καὶ
631 4100 728 4154 τοῦ
770 4101 880 4154 τῶν
923 4102 1240 4155 ἀποστόλων
1289 4102 1676 4173 κηρύγματος·
1723 4121 1863 4173 προ-

278 4191 554 4260 τρέπεται
576 4190 708 4260 γοῦν
745 4192 834 4247 διὰ
887 4192 1079 4246 τούτου
1133 4195 1315 4247 πᾶσαν
1346 4192 1544 4265 ψυχὴν,
1599 4194 1701 4248 ὅσα
1761 4195 1864 4264 μὲν

281 4282 473 4350 ἀγαθά
521 4284 625 4353 τῆς
686 4284 931 4356 ἱστορίας
983 4284 1179 4356 ζηλοῦν
1230 4287 1325 4338 καὶ
1380 4285 1667 4356 μιμεῖσθαι
1726 4286 1865 4357 πρὸς

286 4372 522 4443 δύναμιν
546 4392 558 4407 ·
597 4375 699 4429 ὅσα
728 4376 785 4430 δὲ
815 4376 925 4430 τῶν
964 4377 1208 4445 φαύλων,
1233 4378 1573 4448 ἀποφεύγειν
1597 4394 1610 4409 ⁸
1650 4379 1745 4432 καὶ
1777 4381 1867 4433 ἀεὶ

288 4465 435 4536 πρὸς
460 4467 596 4521 Θεὸν
626 4469 972 4540 ἀνατρέχειν,
998 4469 1090 4524 διὰ
1122 4472 1433 4541 μετανοίας,
1464 4471 1555 4525 διὰ
1587 4471 1862 4543 δακρύων,
1897 4455 1942 4511 Ῑ)

287 4558 388 4610 καὶ
422 4557 887 4631 ὲξομολογήσεως,
926 4561 1021 4615 καὶ
1052 4562 1152 4630 τῆς
1183 4561 1351 4631 ἄλλης
1383 4562 1633 4633 δηλονότι
1673 4564 1861 4635 εὐαρι-

291 4653 563 4722 στήσεως.
594 4652 740 4721 Πλὴν
769 4654 850 4716 είς
877 4654 1135 4707 τοσοῦτόν
1162 4655 1313 4708 ἐστιν
1339 4652 1536 4724 εὔρους
1563 4654 1659 4707 καὶ
1689 4655 1868 4725 ἐμμε-

286 4744 412 4815 λὴς,
442 4744 518 4805 ὡς
546 4746 639 4798 καὶ
665 4744 836 4817 αὐτὴν
874 4748 974 4814 τὴν
1032 4747 1405 4818 σκληροτέραν
1450 4746 1631 4817 ψυχὴν
1668 4748 1869 4811 ἱκανῶς

291 4834 560 4904 μαλάξαι,
593 4836 688 4888 καὶ
731 4836 870 4905 πρὸς
906 4836 1172 4907 ἀνάνηψιν
1209 4837 1254 4869 ¹⁵
1285 4837 1491 4906 ἀγαθοῦ
1536 4840 1750 4909 ἐγεῖραι
1773 4858 1788 4873 υ
1817 4839 1869 4893 εἱ

297 4926 463 4998 μόνον
493 4927 634 4998 μετὰ
679 4930 1156 5000 συντετριμμένης
1200 4930 1428 5003 καρδίας
1468 4933 1561 4986 καὶ
1593 4934 1870 5005 προσοχῆς

292 5019 611 5091 ἀνηκούσης
636 5020 829 5092 ψάλλοι
858 5022 923 5076 ⁸⁸.
962 5022 1216 5092 Ἐποίησε
1247 5023 1304 5077 δὲ
1336 5022 1549 5086 τοῦτον,
1582 5024 1671 5077 ὅτε
1710 5024 1804 5078 καὶ
1843 5025 1873 5078 6

292 5109 650 5180 πατριάρχης
695 5110 1085 5181 Ἰεροσολύμων
1117 5113 1145 5165 6
1199 5111 1374 5182 μέγας
1423 5112 1751 5182 Σωφρόνιος,
1778 5114 1871 5166 τὸν

299 5199 403 5269 τῆς
440 5199 749 5267 Αἰγυπτίας
796 5201 1014 5271 Μαρίας
1047 5201 1175 5254 Βίον
1232 5201 1630 5272 συνεγράψατο.
1679 5204 1870 5257 Κατάι-

302 5288 456 5355 νύξιν
478 5292 589 5363 γὰρ
618 5293 711 5346 καὶ
740 5286 893 5356 οὗτος
917 5295 945 5347 6
978 5292 1091 5356 βίος
1113 5291 1480 5364 προϐέϐληται
1501 5294 1751 5365 ἄπειρον,
1776 5293 1871 5347 καὶ

304 5384 510 5455 πολλὴν
539 5387 653 5448 τοῖς
681 5385 965 5439 ἐπταικόσι
988 5386 1082 5438 καὶ
1115 5384 1486 5458 ἀμαρτάνουσι
1517 5386 1872 5456 παραμυθίαν

303 5477 517 5543 δίδωσι,
549 5480 597 5532 εἱ
632 5478 795 5549 μόνον
828 5479 938 5532 τῶν
986 5478 1208 5548 φαύλων
1240 5477 1543 5547 ἀποστῆναι
1576 5478 1868 5549 βούλοιντο.

1958 3196 2173 3259 remoto
2205 3188 2421 3240 vivendi
2459 3189 2752 3251 instituto,
2795 3188 2968 3241 multa
2996 3187 3219 3256 quidem
3257 3200 3381 3238 cum
3434 3184 3542 3237 alia

1958 3278 2224 3333 Ecclesiae
2282 3278 2378 3332 Dei
2431 3280 2717 3333 fructuosa
2772 3278 2982 3346 ingenii
3042 3279 3126 3331 sui
3187 3284 3540 3330 monumenta

1960 3369 2208 3437 reliquit,
2241 3376 2355 3422 tum
2387 3368 2577 3423 varias
2634 3371 2921 3425 orationes
2972 3382 3027 3424 et
3077 3385 3360 3424 canones:
3421 3384 3543 3422 cre-

1961 3460 2114 3515 brior
2145 3472 2324 3514 tamen
2357 3470 2409 3513 et
2440 3461 2726 3529 copiosior
2758 3461 2809 3514 in
2861 3461 3215 3530 panegyricis
3265 3458 3541 3512 orationi-

1959 3552 2063 3606 bus
2087 3551 2329 3605 exsistit.
2373 3549 2449 3604 ην
2495 3551 2685 3604 multis
2725 3558 2908 3605 autem
2938 3551 3087 3612 aliis,
3132 3549 3281 3602 hunc
3314 3564 3540 3617 quoque

1961 3656 2221 3709 magnum
2256 3640 2562 3704 Cononem,
2607 3641 2822 3695 infinita
2870 3640 3211 3696 contritione
3259 3639 3544 3705 animique

1961 3732 2390 3802 compunctioue
2415 3731 2703 3795 refertum,
2747 3730 3074 3785 elaboravit.
3103 3730 3349 3784 Collecta
3395 3729 3546 3782 enim

1963 3826 2017 3878 in
2080 3840 2249 3878 unum
2301 3824 2564 3879 universa
2620 3822 2830 3878 Veteris
2896 3830 2950 3877 et
3009 3822 3147 3875 Novi
3201 3819 3541 3875 Tedauieuti

1964 3914 2216 3978 historia,
2253 3914 2531 3969 canticum
2561 3913 2664 3968 hoc
2714 3912 3068 3982 composuit:
3102 3911 3172 3966 ab
3211 3912 3424 3965 Adamn
3463 3911 3544 3963 vi-
3619 3936 3623 3940 ι

1964 4008 2185 4068 ᾱυΙὶροι.
2219 4022 2392 4078 usque
2423 4006 2490 4061 ad
2517 4006 2729 4062 Christi
2769 4005 3220 4074 Assumptionem
3257 4015 3309 4058 et
3345 4003 3543 4073 praadi-

1966 4102 2245 4156 cationem
2280 4101 2660 4171 apostolorum
2695 4118 2707 4153 :
2739 4108 2851 4169 quo
2889 4097 3110 4168 quidem
3155 4113 3372 4151 omnem
3427 4097 3546 4150 ani-

1967 4208 2109 4247 mam
2139 4193 2492 4255 cohortatur,
2526 4200 2583 4245 ut
2614 4206 2677 4245 ea
2714 4206 2834 4261 qum
2879 4191 2932 4243 in
2975 4189 3205 4243 historia
3243 4189 3393 4243 videt
3423 4203 3547 4244 esse

1969 4285 2109 4339 bona
2140 4292 2193 4339 et
2221 4283 2541 4345 laudabilia,
2573 4297 2673 4352 pro
2704 4282 2914 4336 viribus
2949 4289 3233 4345 sectetur;
3270 4297 3391 4350 quae
3419 4297 3550 4337 vero

1970 4377 2138 4437 mala,
2174 4374 2351 4445 fugiat
2402 4382 2457 4427 et
2509 4382 2830 4437 aversetur;
2883 4385 3210 4440 semperque
3250 4371 3317 4423 ad
3379 4371 3547 4424 Deuzn

1974 4474 2221 4521 recurrat
2250 4480 2350 4535 per
2386 4463 2790 4534 pmuitentiam,
2819 4476 2915 4532 per
2943 4462 3242 4532 lacrymas,
3293 4476 3393 4529 per
3418 4476 3549 4516 eon-

1975 4559 2301 4621 fessionem,
2335 4566 2389 4612 et
2414 4572 2509 4626 per
2541 4556 2649 4611 alia
2686 4553 3002 4624 hujusmodi
3057 4552 3225 4606 Deum
3269 4552 3548 4621 placandi,

1973 4653 2137 4720 eique
2169 4648 2422 4719 placendi
2463 4648 2660 4701 media.
2692 4646 2837 4712 Quin
2874 4644 3012 4700 adeo
3043 4644 3236 4698 Canon
3268 4643 3355 4701 hic
3384 4659 3553 4699 cano-

1976 4757 2071 4797 rus
2104 4750 2188 4796 cst
2221 4742 2350 4795 etin
2385 4739 2599 4793 animos
2628 4748 2737 4791 tam
2779 4734 2942 4789 facile
2977 4734 3178 4800 influit,
3209 4744 3268 4787 ut
3310 4744 3361 4789 et
3395 4750 3552 4787 men-

1977 4844 2123 4894 tem.
2176 4833 2277 4887 etsi
2344 4831 2689 4901 praeduram,
2757 4827 2977 4883 abunde
3031 4827 3323 4893 emolliat,
3384 4837 3436 4881 et
3484 4828 3553 4880 ad

1976 4924 2357 4994 recipiendum
2409 4923 2461 4977 id
2513 4919 2663 4992 quod
2720 4922 2929 4976 bonum
2969 4928 3025 4975 et
3076 4919 3368 4974 honestum
3421 4926 3551 4982 cst,

1976 5020 2214 5084 excitet;
2269 5017 2569 5071 dummodo
2602 5013 2773 5070 corde
2801 5014 3063 5077 contrito,
3091 5019 3147 5067 ct
3180 5000 3367 5065 debita
3429 5026 3553 5064 cum

1975 5112 2281 5166 attentione
2332 5112 2616 5180 psallatur.
2652 5109 2805 5165 Fecit
2853 5117 3035 5162 autem
3071 5090 3219 5160 hunc
3270 5105 3552 5159 Canonem

1975 5219 2040 5258 eo
2096 5211 2344 5272 tempore
2391 5216 2501 5272 quo
2553 5217 2784 5272 magnus
2841 5199 3186 5269 Sophronins
3240 5195 3555 5264 patriarcha

1981 5291 2535 5362 llicrosolymitanus,
2565 5291 2747 5345 Vitam
2781 5288 2964 5343 Maria:
2994 5285 3334 5356 Aigyptiacae
3354 5283 3555 5339 litteris

1982 5385 2299 5449 mandavit;
2336 5400 2460 5455 quae
2486 5394 2542 5438 et
2593 5384 2711 5453 ipsa
2762 5377 3202 5450 eompunctionis
3237 5376 3554 5447 plcniSsittta

1979 5486 2084 5539 est,
2132 5477 2413 5547 lapsisque
2444 5487 2497 5533 et
2529 5472 2914 5545 peccatoribus
2950 5469 3181 5526 multum
3213 5466 3558 5536 consolatio-

1529 5630 1620 5687 VA
1629 5629 1770 5687 BHE
1809 5628 2209 5687 LECTIONES.
2255 5655 2263 5663 ·

373 5748 417 5779 ⁸⁸
456 5744 611 5813 Apud
654 5744 837 5803 Grcts.
863 5744 1096 5846 διαζῶν.⁵
1201 5746 1443 5821 “Caele.
1474 5730 1759 5815 ἀναληψίν.

1871 5747 1914 5834 ξ’
1936 5745 2114 5802 Grcis.
2138 5743 2411 5810 ψάλλοιτο.
