3870 6214
220 307 225 310 .
250 251 393 319 1369

1455 290 1461 299 ι
1534 292 1543 301 ~
1560 254 1879 317 MAGNUS
1932 252 2205 315 CANON.

3388 249 3523 316 1370

294 370 491 426 ’Δαῦίδ
540 386 671 423 ποτε
695 371 724 423 ὁ
752 371 1071 443 πατρόοεος,
1112 371 1160 423 εἰ
1210 371 1307 425 καὶ
1346 372 1564 445 ἥμαρτε
1616 372 1821 436 διττῶς1

2006 369 2335 439 Quanquam
2371 367 2501 423 olim
2536 362 2633 421 Dei
2671 381 2873 437 parens
2903 366 3114 433 David,
3151 368 3353 438 duplex
3394 385 3522 440 pec-

244 464 398 535 ψυχή
450 479 554 532 μου
577 477 593 493 ·
631 463 800 534 (βέλει
833 464 933 534 μὲν
983 462 1259 529 τοξευθεὶς
1300 464 1400 534 τῆς
1433 463 1701 535 μοιχείας,
1752 463 1831 532 τῷ

244 554 305 608 δὲ
363 553 549 625 δόρατι
591 553 757 617 ἁλοὺς
799 554 898 623 τῆς
923 553 1018 607 τοῦ
1068 554 1230 622 φόνου
1273 554 1463 623 ποινῆς
1481 554 1521 623 ο)
1546 552 1660 605 ἀλλ’
1690 551 1828 623 αὑτὴ

244 644 315 697 τὰ
339 644 622 715 βαρύτερα
674 643 785 697 τῶν
829 642 1007 713 ἐργων
1049 646 1246 708 νοσεῖς,
1277 646 1398 707 ταῖς
1432 644 1572 697 κατά
1594 642 1830 714 γνώμην

243 736 473 806 ὁρμαῖς.

317 825 533 895 Συνῆψε
561 825 661 896 μέν
685 828 713 879 ὀ
744 825 907 879 Δαῦίδ
934 842 1066 879 ποτε
1092 826 1408 898 ἀνομήματι
1432 825 1531 895 τὴν
1559 824 1789 895 ἀνομίαν
1808 837 1823 853 ⁸

244 916 395 986 φόνῳ
421 917 530 985 γὰρ
558 916 658 985 τὴν
686 919 932 987 μοιχείαν
958 917 1151 987 ἐκίρνα
1174 918 1273 986 τὴν
1327 916 1621 984 μετάνοιαν
1664 915 1827 976 εὐθὺς

242 1004 579 1076 παραδείξας
624 1005 850 1075 διττλήν⁹
882 1004 999 1058 ἀλλ’
1019 1005 1160 1075 αὐτὴ
1183 1005 1525 1075 πονηρότερα
1557 1002 1824 1073 εἰργάσω,

238 1095 415 1167 ψυχὴ,
444 1097 521 1167 μὴ
551 1095 901 1166 μεταγνοῦσα
930 1095 1069 1167 Θεῷ.

311 1266 481 1321 Δαὸίδ
525 1283 657 1320 ποτε
711 1267 1076 1339 ἀνεστήλωσε,
1135 1267 1592 1339 συγγραψάμενος
1648 1268 1726 1329 ὡς
1766 1268 1825 1319 ἐν

241 1355 436 1420 είκόνι,
481 1353 674 1425 ὕμνον,
707 1355 776 1408 δι’
797 1350 859 1410 οὗ
878 1356 977 1426 τὴν
1031 1355 1231 1424 πρᾶξιν
1263 1356 1499 1426 ἐλέγχει,
1536 1357 1604 1426 ἣν
1632 1356 1824 1427 εἰργά-

244 1460 396 1508 σατο,
455 1444 814 1515 κραυγάζωνο
850 1464 869 1493 σ
907 1446 1161 1515 Ἐλέησόν
1216 1462 1282 1516 με
1317 1462 1330 1475 ·
1389 1447 1472 1498 σοὶ
1522 1443 1633 1515 γὰρ
1679 1446 1825 1515 μόνῳ

242 1533 553 1606 ἐξήμαρτον
582 1534 661 1606 τῷ
685 1536 903 1590 πάντων
921 1536 1040 1607 Θεῷ
1061 1553 1076 1568 ’
1097 1536 1260 1601 αὐτὸς
1294 1534 1589 1607 καθάρισόν
1613 1552 1698 1606 με.
1727 1552 1747 1587 ι

1937 469 2122 515 catum
2159 469 2206 527 ι,
2231 474 2265 513 o
2294 459 2475 513 anima
2508 472 2652 524 mea,
2689 458 2936 529 peccavit
2966 476 2981 512 :
3017 459 3274 514 adulterii
3298 459 3519 529 quidem

1934 552 2261 606 vulneratus
2287 550 2498 619 jaculo,
2547 550 2737 604 lancea
2789 563 2920 604 vero
2975 548 3201 625 injusta:
3244 550 3398 605 necis
3453 563 3520 605 ae

1934 640 2224 695 homicidii
2279 648 2474 708 captus
2535 638 2830 708 victusque
2886 658 2900 694 :
2961 639 3078 709 ipsa
3130 639 3516 705 nihilominus,

1933 731 2192 803 graviora
2228 730 2489 799 operibus
2518 744 2740 798 peccas,
2773 730 2940 783 animi
2988 730 3407 799 cupiditatibus.

2010 822 2175 875 David
2228 822 2483 892 equidem
2519 821 2707 888 scelus
2730 823 2928 875 sceleri
2959 821 3014 875 id
3051 822 3313 889 temporis
3363 820 3516 876 addi-

1933 911 2014 966 dit
2048 931 2061 965 :
2094 912 2296 980 quippe
2349 910 2628 979 duplicem
2678 911 2868 963 statim
2928 894 3310 979 pmnitentiam
3346 911 3508 965 exhi-

1930 1005 2087 1067 bens,
2116 1003 2418 1057 homicidio
2451 1002 2776 1057 adulterium
2808 1003 3052 1057 miscuit.
3084 1003 3152 1057 At
3190 1012 3271 1068 tu,
3305 1004 3511 1070 anima,

1932 1095 2282 1169 gravioribus
2350 1093 2711 1161 commissis,
2775 1108 2885 1148 non
2946 1092 3060 1149 Deo
3125 1095 3511 1164 paenitentiam

1930 1189 2113 1260 egisti.

2002 1278 2169 1334 David
2225 1279 2379 1343 olim,
2435 1280 2584 1335 velut
2639 1280 2695 1335 in
2747 1278 2984 1350 imagine
3034 1279 3357 1347 depingens.
3409 1293 3509 1332 ceu

1929 1372 2094 1441 cippo
2128 1370 2457 1439 inscriptum
2500 1372 2762 1443 hymnum
2811 1370 3151 1441 publicavit,
3184 1384 3293 1438 quo
3322 1384 3511 1438 repre-

1928 1464 2176 1518 hendens
2248 1470 2525 1533 patratum
2586 1462 2808 1518 facinus
2868 1463 3125 1517 clamat:
3182 1478 3202 1513 ι
3254 1460 3511 1516 MiSr-rere

1928 1556 2076 1610 mei:
2108 1555 2207 1610 tibi
2262 1554 2366 1612 soli
2391 1554 2639 1642 .peccavi
2693 1553 3115 1620 omnium-Deo;
3154 1553 3271 1624 ipse
3302 1553 3507 1608 munda

1928 1657 2088 1701 mea.
2130 1663 2149 1697 ι

324 1709 389 1764 Ἡ
417 1710 652 1775 κιϐωτὸς
674 1711 751 1775 ὡς
771 1712 1003 1783 ἐφέρετο
1032 1713 1364 1785 ἐπιδίφριος,
1404 1710 1564 1778 Ὀζάν
1589 1714 1820 1775 ἐκεῖνος,

1995 1735 2131 1790 Cum
2182 1750 2313 1789 arca
2363 1735 2419 1789 in
2470 1748 2643 1789 curru
2699 1730 3015 1794 veheretur,
3054 1740 3114 1786 ut
3140 1740 3352 1785 tantum
3394 1728 3541 1784 Ου’

239 1802 325 1855 ὅτε
349 1801 765 1873 ἀνατραπέντος
806 1800 902 1855 τοῦ
960 1803 1165 1873 μόσχου
1222 1803 1383 1873 μόνον
1430 1804 1629 1873 ἥψατο,
1684 1802 1821 1855 Θεοῦ
1868 1826 1881 1833 -

237 1890 511 1962 ἐπειράθη
534 1891 705 1962 ὀργῆς
729 1907 745 1923 ·
780 1892 897 1945 ἀλλ’
922 1892 1088 1947 αὑτοῦ
1109 1893 1206 1965 τὴν
1227 1893 1522 1950 αὐθάδειαν
1551 1894 1819 1966 φυγοῦσα,

235 1981 411 2053 ψυχὴ,
436 1982 601 2036 σέὸου
629 1983 698 2037 τά
724 1981 846 2037 θεῖα
870 1983 1075 2048 καλῶς.

320 2160 600 2229 Ἀκήκοας
670 2157 767 2211 τοῦ
818 2159 1181 2231 ’Δϐεσσαλὼμ
1214 2203 1229 2226 ,
1274 2163 1393 2227 πῶς
1444 2162 1544 2233 τῆς
1605 2164 1822 2232 φύσεως

236 2247 640 2316 ἀντεξανίστης
674 2247 888 2316 Ἔγνως
932 2247 1032 2311 τὰς
1098 2250 1315 2318 ἐναγεῖς
1370 2252 1536 2306 αὐτοῦ
1567 2253 1817 2325 πράξεις,

235 2334 327 2403 αἶς
344 2340 599 2409 ἐξύϐρισε
623 2339 722 2410 τὴν
738 2336 930 2410 κοίτην
953 2341 1119 2394 Δαδὶδ
1145 2342 1236 2396 τοῦ
1262 2343 1469 2414 πατρός
1485 2359 1500 2373 ·
1525 2343 1645 2398 ἀλλ’
1678 2345 1818 2416 αὐτὴ

237 2433 500 2502 ἐμιμήσω
543 2430 646 2494 τὰς
695 2429 863 2483 αὑτοῦ
913 2431 1182 2501 ἐμπαθεῖς
1239 2433 1335 2486 καὶ
1379 2433 1698 2503 φιληδόνους
1722 2417 1844 2506 όρ-⁵

239 2523 374 2593 μάς.

319 2611 629 2677 Ὑπέταξας
691 2614 755 2668 τὸ
810 2616 1114 2672 ἀδούλωτόν
1168 2634 1264 2672 σου
1320 2619 1565 2691 ἀξίωμα,
1596 2618 1675 2690 τῷ
1705 2621 1814 2673 σώο

239 2703 376 2774 ματί
414 2720 537 2757 σουσ
570 2705 731 2759 ἄλλον
775 2705 885 2777 γὰρ
928 2708 1314 2777 ’Δρχιτόφελη
1339 2709 1577 2780 εὑροῦσα
1599 2710 1690 2763 τὸν
1724 2711 1815 2780 ἐχ-

237 2793 392 2863 Θρόν,
445 2794 614 2865 ψυχὴ,
675 2797 937 2867 συνῆλθες
983 2801 1102 2862 ταῖς
1150 2800 1341 2854 τούτου
1405 2801 1620 2870 βουλαῖς
1648 2820 1660 2832 ·
1699 2801 1816 2855 ἀλλ’

235 2884 412 2947 αὐτὰς
468 2885 813 2941 διεσκέδασεν
840 2889 1004 2954 αὐτὸς
1029 2892 1058 2944 ό
1086 2892 1341 2962 Χριστὸς,
1376 2892 1461 2947 ἵνα
1492 2894 1558 2947 σὺ
1595 2894 1814 2958 πάντως

237 2975 442 3046 σωθῇς.

317 3066 380 3119 '0
414 3066 667 3137 Σολομὼν
705 3070 735 3122 ὁ
770 3069 1078 3140 Θαυμάσιος
1099 3116 1113 3139 ,
1148 3075 1176 3127 ό
1204 3075 1303 3129 καὶ
1350 3075 1574 3146 χάριτος
1620 3076 1812 3143 σοφίας
1843 3049 1885 3106 C

231 3156 455 3226 πλήρης
475 3176 490 3189 ·
519 3149 674 3219 οὗτος
693 3158 756 3211 τὸ
776 3161 1034 3230 πονηρὸν,
1082 3164 1327 3217 ἐναντίον
1380 3164 1476 3217 τοῦ
1506 3164 1643 3218 Θεοῦ
1678 3181 1811 3217 ποτε

232 3250 493 3318 ποιήσας,
515 3248 722 3319 ἀπέστη
758 3250 924 3304 αὑτοῦ
945 3267 960 3281 ’
994 3246 1039 3320 ᾧ
1074 3252 1214 3325 αὐτή
1270 3254 1360 3308 τὸν
1393 3255 1667 3326 ἐπάρατόν
1717 3271 1810 3307 σου

230 3336 372 3408 βίον,
398 3336 568 3408 ψυχὴ,
601 3340 1136 3411 προσαφωμοίωσας.

300 3517 440 3580 Ταῖς
462 3517 676 3586 ἡδοναῖς
707 3517 1065 3589 ἐξελκόμενος
1090 3520 1201 3575 τῶν
1223 3520 1413 3574 παθῶν
1458 3521 1645 3589 αὐτοῦ,
1681 3539 1811 3576 κατ-

225 3607 558 3680 ερρυποῦτο.
584 3608 780 3676 Οῖμοιι
823 3610 883 3662 '0
912 3611 1151 3679 ἐραστὴς
1191 3612 1291 3681 τῆς
1326 3612 1540 3680 σοφίας,
1575 3613 1810 3684 ἐραστὴς

229 3698 452 3768 πορνῶν
474 3697 770 3764 γυναικῶν,
795 3699 892 3751 καὶ
914 3699 1064 3762 ξένος
1088 3700 1247 3753 Θεοῦ·
1275 3700 1335 3753 δν
1368 3701 1510 3773 αὐτὴ
1545 3705 1807 3775 ἐμιμήσω

227 3787 375 3841 κατὰ
400 3787 546 3853 νοῦν,
576 3783 621 3840 ὧ
651 3788 820 3859 ψυχὴ,
851 3789 1214 3858 ἡδυπαθείαις
1237 3793 1514 3863 αἰσχραῖς.

299 3878 409 3930 Τὸν
445 3878 685 3949 Ῥοὸοάμ
731 3881 1160 3950 παρεζήλωσας,
1222 3881 1568 3951 ἀλογήσαντα
1612 3882 1807 3954 βουλῆς

227 3968 501 4038 πατρῴας
536 3984 551 3998 ·
615 3968 733 4046 ἅμα
780 3968 839 4021 δὲ
877 3968 974 4021 καὶ
1023 3968 1115 4021 τδν
1171 3970 1430 4022 κάκιστον
1481 3969 1667 4025 δοῦλον
1709 3973 1807 4026 Ἰε-

230 4057 467 4126 ροϐοὰμ,
498 4056 591 4110 τὸν
620 4059 748 4128 πρὶν
777 4059 1111 4129 ἀποστάτην,
1143 4057 1313 4129 ψυχή·
1347 4059 1483 4112 ἀλλὰ
1510 4060 1681 4130 φεῦγε
1706 4064 1806 4133 τὴν

230 4149 470 4218 μίμησιν
498 4188 512 4212 ,
557 4150 655 4203 καὶ
698 4151 900 4222 κράξον
951 4150 1106 4221 Θεῷ·
1166 4150 1474 4221 Ἥμαρτον,
1527 4153 1806 4225 οίκτειρὸν

231 4256 325 4311 με.

232 4438 365 4491 μου.
418 4422 577 4490 υῖμοι
601 4424 614 4476 1
642 4422 878 4491 Γέγονας
915 4422 1195 4492 σαρκικῶν
1241 4424 1606 4493 μολυσμάτων
1636 4443 1808 4479 κατα-

229 4513 473 4582 γώγιον,
532 4514 626 4567 καὶ
682 4513 874 4576 σκεῦος
934 4513 1161 4584 αίσχρδν
1203 4513 1313 4567 τῶν
1364 4514 1555 4568 παθῶν
1587 4531 1601 4545 ο
1673 4515 1810 4569 ἀλλὰ

228 4606 408 4677 φεῦγε
443 4607 540 4677 τὴν
572 4607 826 4678 μίμησιν,
874 4606 1147 4678 καῆλέγε
1197 4607 1317 4679 Θεῷ
1378 4607 1478 4671 τὰς
1537 4607 1809 4680 ἁμαρτίας

230 4716 358 4755 σου.

1927 1828 2040 1892 ille,
2067 1828 2214 1897 quod
2246 1828 2458 1881 vitulus
2485 1825 2860 1889 subverteret,
2886 1840 3114 1878 manum
3143 1822 3503 1883 admovisset,

1925 1918 2021 1974 Dei
2083 1920 2223 1973 iram
2273 1926 2536 1987 expertus
2588 1925 2673 1973 est
2702 1915 2732 1957 ι)
2771 1923 3081 1972 :‘caeterum
3139 1913 3261 1982 ejus
3315 1920 3373 1965 tu
3423 1920 3505 1965 te-

1923 2010 2236 2065 meritatem
2283 2025 2485 2067 cavens
2513 2049 2529 2075 ,
2594 2024 2628 2064 o
2670 2008 2896 2086 anima,
2948 2005 3120 2078 probe
3164 2004 3290 2059 diva
3342 2018 3506 2058 vene-
3549 2033 3554 2037 -

1922 2114 1982 2153 ra
1990 2115 2066 2154 rc.
2317 2087 2323 2093 ’

1990 2189 2324 2244 Absalonem
2382 2189 2586 2245 audisti
2626 2197 2688 2245 ut
2728 2190 2997 2246 adversus
3026 2193 3276 2241 naturam
3316 2183 3503 2238 insur-

1921 2280 2161 2335 rexerit?
2194 2280 2350 2335 Nosti
2378 2282 2617 2337 scelesta
2651 2281 2775 2349 ejus
2812 2295 2998 2351 opera,
3029 2286 3090 2333 ut
3117 2276 3294 2347 patris
3320 2275 3502 2330 cubile

1919 2370 2181 2440 polluerit
2201 2372 2266 2425 οἳ
2290 2372 2586 2427 Enimvero
2613 2373 2845 2427 vitiosas
2872 2371 2994 2442 ejus
3022 2366 3499 2440 voluptariasque,

1918 2468 1972 2515 et
2000 2462 2144 2543 ipsa,
2167 2464 2429 2517 aemulata
2461 2479 2523 2519 es
2548 2464 2901 2531 cupiditates.

1987 2638 2241 2693 Liberam
2271 2648 2422 2692 tuam
2457 2636 2788 2707 dignitatem
2826 2644 2932 2703 tuo,
2950 2635 3169 2705 corpori
3200 2634 3497 2703 subjectam

1914 2729 2138 2783 voluisti
2168 2746 2182 2782 :
2211 2729 2439 2783 invento
2470 2729 2677 2798 quippe
2708 2727 2873 2782 hoste
2926 2727 3036 2780 alio
3080 2710 3409 2796 Acltit'opbel
3443 2721 3497 2789 ά,

1913 2835 1947 2874 ο
2011 2819 2218 2883 anima,
2279 2817 2400 2887 ejus
2470 2819 2732 2873 consiliis
2797 2817 3063 2873 obsecuta
3118 2832 3179 2872 es
3232 2836 3246 2871 :
3309 2831 3497 2871 verum

1914 2923 1979 2964 ea
2042 2907 2302 2964 Christus
2355 2906 2678 2978 dissipavit;
2731 2907 2894 2978 plane
2950 2914 3010 2962 ut
3060 2908 3293 2963 salutem
3361 2920 3498 2961 con-

1917 2999 2194 3065 sequaris.

1990 3089 2249 3143 Salomon
2285 3088 2378 3143 ille
2407 3087 2707 3151 mirabilis,
2741 3088 2834 3157 qui
2884 3096 2938 3142 et
2983 3088 3271 3158 sapientia:
3321 3090 3495 3160 gratia

1915 3179 2114 3248 plenus
2137 3187 2317 3243 esset;
2355 3179 2426 3239 is,
2453 3178 2705 3247 inquam,
2728 3180 2932 3233 malum
2959 3181 3089 3233 olim
3115 3181 3168 3234 in
3201 3194 3495 3249 conspectu

1914 3267 2009 3322 Dei
2083 3268 2329 3332 faciens,
2392 3268 2461 3322 ab
2519 3283 2586 3323 eo
2647 3269 2908 3324 discessit
2964 3280 2988 3308 ο
3046 3288 3061 3325 :
3127 3272 3258 3326 huic
3312 3281 3411 3337 tu,
3463 3287 3498 3327 ο

1912 3360 2118 3421 anima,
2181 3360 2582 3415 exsecrabilem
2649 3368 2802 3414 tuam
2858 3360 3027 3413 vitam
3077 3360 3317 3415 similem
3369 3362 3497 3416 red-

1910 3450 2121 3506 didisti.
2914 3518 2918 3523 μ

1980 3540 2073 3596 Ille
2108 3547 2327 3605 tantus,
2376 3538 2727 3594 trahentibus
2776 3538 3130 3594 aﬂ‘ectionum
3177 3540 3478 3602 illecebris.

1910 3639 2314 3702 conspurcatus
2349 3640 2454 3686 est.
2488 3629 2632 3685 Heu!
2671 3628 2973 3699 Sapientiae
3010 3638 3245 3689 amator.
3281 3638 3496 3682 amator

1909 3726 2224 3789 mulierum,
2255 3739 2319 3778 ac
2348 3724 2441 3779 Dei
2469 3724 2676 3794 hospes
2709 3742 2722 3777 :
2760 3738 2885 3777 eum
2922 3734 2976 3776 tu
3004 3722 3208 3787 anima,
3238 3721 3494 3776 obscenis

1910 3817 2093 3871 animo
2127 3798 2527 3884 voluptatibus,
2561 3816 2773 3867 imitata
2807 3828 2888 3869 es.

1980 3907 2227 3959 ﬂoboam
2272 3904 2525 3959 azmulata
2559 3920 2641 3968 es,
2680 3920 2713 3957 ο
2741 3904 2950 3968 anima,
3013 3909 3301 3967 paternum
3360 3916 3491 3955 con-

1910 3996 2091 4050 silium
2131 4006 2477 4065 spernentem
2520 4012 2533 4048 :
2561 3996 2910 4064 pariterque,
2940 4009 3158 4049 servum
3195 3993 3491 4061 pessimum

1907 4085 2200 4141 Jeroboam
2233 4087 2365 4139 olim
2411 4086 2747 4140 desertorem
2791 4084 2836 4140 τ.
2874 4085 2992 4139 Jatn
3028 4099 3190 4149 cave,
3222 4084 3486 4149 imiteris;

1907 4188 1961 4233 et
1991 4179 2163 4232 clama
2194 4178 2262 4231 ad
2295 4178 2464 4231 Deum
2494 4196 2508 4233 ε
2544 4177 2797 4244 Peccavi,
2840 4178 3110 4233 miserere
3148 4176 3277 4231 mei.

300 4329 409 4383 Τὸν
444 4328 649 4401 ’Ᾱχαὰὁ
688 4331 1090 4402 παρεζήλωσας
1135 4334 1247 4395 τοῖς
1311 4332 1607 4402 μιάσμασι,
1659 4333 1803 4405 ψυχή

1981 4352 2401 4422 Ιιιήυίηοηιεηῑιι
2429 4337 2639 4414 Achab,
2668 4369 2701 4407 ο
2726 4352 2912 4407 anima
2945 4369 3089 4418 mea,
3119 4368 3178 4407 es
3203 4352 3411 4405 imitata
3439 4352 3487 4405 ³.

1912 4442 2080 4497 Facta
2128 4459 2188 4497 es
2232 4442 2535 4496 carnalium
2602 4444 3077 4498 immunditiarum
3122 4450 3489 4510 conceptacu-

1913 4534 2047 4595 lum,
2098 4547 2161 4587 ac
2202 4548 2300 4587 vas
2345 4539 2505 4602 turpe
2556 4533 2850 4603 vitiorum;
2895 4549 3029 4591 cave
3068 4533 3182 4605 jam
3232 4530 3488 4597 imiteris,

1914 4631 2116 4694 tuaque
2146 4633 2373 4694 peccata
2402 4621 2493 4677 dic
2521 4621 2656 4682 Deo.

302 4888 327 4916 ι
355 4877 560 4957 ll__Reg.
602 4878 778 4957 ἐμέ,
812 4876 902 4931 15.
979 4873 1186 4957 ejsal.
1221 4891 1274 4957 ι..
1331 4877 1569 4957 1ιιξειὸ-ἱ
1637 4875 1664 4915 δ
1704 4877 1745 4931 11
1776 4878 1819 4932 Β

1945 4846 2025 4957 v3,
2060 4881 2116 4937 6.
2172 4882 2426 4957 _c_l_lR_eg.
2457 4901 2548 4951 xv,
2585 4886 2610 4940 1
2669 4900 2824 4957 seqq.
2904 4901 3016 4949 xvi,
3056 4887 3147 4940 21.
3222 4884 3247 4923 ἀ
3283 4881 3323 4937 11
3356 4882 3488 4954 Reg.

224 4964 341 5014 xv),
377 4950 469 5003 91.

547 4959 572 4987 ε
602 4945 666 5001 111
701 4946 835 5017 Reg.
879 4962 960 5013 ιιι,
1004 4945 1093 5012 12;
1126 4962 1202 5011 xl,
1237 4948 1292 5001 4.
1373 4946 1393 4985 ί
1427 4948 1494 5002 111
1534 4946 1666 5017 Reg.
1701 4964 1798 5016 xu,
1840 4945 1928 5016 l5,
1964 4952 2056 5005 20.

2167 4955 2192 4994 ⁸
2225 4953 2292 5009 111
2327 4953 2459 5027 Reg.
2500 4972 2614 5023 xvr,
2641 4956 2732 5013 50.

1550 5065 1780 5122 VARIAE
1821 5068 2113 5125 LEGTION
2120 5070 2223 5127 ES.

333 5156 379 5190 ¹⁸
399 5171 491 5226 γρ.
528 5153 833 5225 ’Δκιτόφελ.

1548 5268 1935 5326 consensu
1961 5260 2196 5329 NOTAE.

222 5361 451 5417 oraculo
498 5375 635 5431 quas
686 5362 965 5432 quaerebat
1001 5363 1178 5432 patris
1226 5364 1434 5428 asiuas,
1477 5364 1570 5419 sed
1612 5373 1666 5417 et
1718 5378 1807 5417 re-

222 5447 391 5503 gnum
436 5434 745 5503 accepisse,
776 5432 877 5503 illo
918 5431 1215 5501 inu’ugeute
1254 5435 1308 5488 in
1355 5449 1559 5502 regem,
1594 5434 1662 5488 de
1700 5447 1809 5503 quo

222 5500 607 5573 iteicogitabat
656 5502 924 5573 quidem;
958 5500 1155 5573 eoque
1210 5518 1338 5559 vere
1395 5500 1670 5573 πάρεργον
1720 5500 1803 5567 τὸ,

223 5572 705 5651 ἀνάρρυσιςγμιυοό
731 5572 1148 5651 _bic_habet_ur,
1193 5582 1251 5627 et
1290 5572 1701 5651 emendavimus
1737 5587 1803 5626 ex

229 5641 397 5698 altera
430 5641 696 5710 editione,
731 5641 935 5697 hcbd.t
978 5641 1263 5713 jcjunior.,
1310 5660 1418 5700 non
1470 5642 1687 5699 videtur
1714 5657 1802 5697 sa-

1917 5380 2047 5418 num
2076 5384 2090 5418 ;
2119 5378 2434 5434 quanquam
2487 5364 2633 5419 enim
2667 5366 2842 5430 possit
2872 5361 3067 5433 exponi
3105 5359 3293 5434 Busta,
3339 5361 3490 5434 ricti-

1914 5450 2025 5497 ma,
2068 5430 2245 5489 ut'est
2289 5430 2439 5505 apud
2469 5434 2706 5505 Etymol.
2742 5443 2796 5488 et
2838 5430 2995 5505 Sau'l,
3023 5432 3183 5505 velut
3216 5431 3307 5505 ad_
3331 5430 3489 5505 victi-

1912 5518 2057 5556 mam
2106 5497 2419 5574 occurrisse
2454 5497 2727 5565 vid'eatur,
2773 5502 3036 5574 qttamiid
3082 5501 3343 5570 temporis
3384 5497 3487 5574 _Sa-

1912 5574 2057 5645 muel
2113 5573 2356 5645 iaceret;
2397 5574 2580 5631 minus
2612 5567 2803 5631 tamen"
2827 5573 3100 5645 quadrat;
3134 5567 3256 5625 nam
3296 5578 3349 5625 et
3383 5567 3487 5624 hoc

1914 5642 2197 5717 πάρεργον
2221 5644 2342 5700 fuit.
2548 5672 2549 5675 η
