3870 6214
215 364 350 428 1377

1483 365 1794 426 MAGNUS
1830 365 2076 427 CANON
2090 413 2103 428 .

3319 370 3451 437 1378

214 491 233 524 ι
275 471 466 528 Κλαίω
497 469 729 540 πικρῶς.
783 488 803 521 ι
833 469 990 532 Ἀνες
1024 485 1134 540 μοι,
1169 469 1384 541 Σῶτερ;
1419 473 1629 543 κράζω,
1655 473 1730 538 ὡς
1759 475 1787 527 6

1911 482 1948 527 ιι
1970 470 2182 537 Petrus,
2213 491 2231 524 ι
2271 486 2455 528 amare
2479 472 2581 529 fleo
2603 472 2668 540 b;
2707 491 2726 525 ι
2769 474 2942 531 clamo
2969 483 3025 530 ut
3051 475 3449 551 Publicanuse;

210 561 503 631 Τελώνης·
536 559 758 629 δακρύω
788 559 862 621 ὼς
894 561 927 627 ἡ
965 560 1169 630 πόρνηο
1205 559 1352 624 δέξαι
1390 579 1493 632 μου
1525 563 1616 616 τὸν
1645 562 1782 634 θρῆ-

209 669 326 715 νον,
355 649 541 713 καθώς
571 667 702 726 ποτε
729 650 828 719 τῆς
855 650 1186 714 Χαναναίας.

285 743 398 812 Τῆν
431 741 724 811 σηπεδόνα,
752 740 959 811 Σῶτερ,
991 741 1356 813 θεράπευσον,
1391 745 1492 814 τῆς
1520 746 1785 816 ταπεινῆς

215 851 320 905 μου
359 833 571 903 ψυχῆς·
611 832 738 901 μόνε
783 833 957 902 ίατρὲ,
1003 833 1270 903 μάλαγμα
1314 851 1405 905 μοι
1445 836 1654 902 ἐπίθες,
1689 837 1786 889 καὶ

211 925 395 978 ἔλαιον
431 924 527 976 καὶ
571 920 740 986 οἶνον,
779 922 917 992 ἔργα
964 925 1281 993 μετανοίας,
1319 925 1608 990 κατάνυξιν
1647 927 1786 996 μετὰ

211 1015 491 1086 δακρύων.

289 1109 398 1179 Τὴν
418 1105 730 1159 Χαναναίαν
753 1104 907 1173 κάγὼ
935 1104 1290 1175 μιμούμενος,
1320 1124 1338 1155 ι
1362 1103 1616 1175 Ἐλέησόν
1640 1121 1728 1173 με,
1760 1122 1779 1156 ι

214 1196 324 1266 βοῶ
348 1195 424 1265 τῷ
451 1195 565 1264 Υἱῷ
593 1195 791 1247 Δαϐίδ·
820 1194 1062 1263 ἅπτομαι
1087 1193 1180 1246 τοῦ
1208 1194 1515 1261 κρασπέδου
1542 1194 1616 1256 ὡς
1643 1197 1674 1263 ἡ
1704 1195 1789 1246 ai-

217 1285 526 1358 μορῤοοῦσα
547 1303 560 1316 ·
597 1284 770 1337 κλαίω
801 1284 873 1348 ὡς
905 1286 938 1354 ἡ
973 1284 1171 1355 Μάρθα
1205 1285 1300 1337 καὶ¹
1330 1284 1517 1354 Μαρία
1550 1285 1646 1338 ἐπὶ
1679 1285 1788 1337 Aa-

215 1379 406 1450 ζάρου.

287 1469 362 1523 T6
400 1467 506 1522 τῶν
545 1467 820 1536 δακρύων,
856 1467 1061 1536 Σῶτερ,
1101 1466 1465 1537 ἀλάϐαστρον,
1503 1465 1577 1530 ὡς
1617 1463 1787 1536 μύρον

216 1559 503 1614 κατακενῶ
536 1559 632 1613 ἐπὶ
669 1558 912 1628 κεφαλῆς
933 1575 946 1588 °
981 1558 1168 1629 κράζω
1199 1576 1283 1611 σοι
1315 1559 1390 1622 ὡς
1424 1561 1456 1629 ἡ
1490 1559 1660 1631 πόρνη
1694 1559 1786 1612 τὸν

217 1652 393 1704 ἔλαιον
426 1650 688 1720 ζητοῦσα.
742 1650 940 1719 Δέησιν
973 1649 1262 1721 προσάγω,
1298 1651 1390 1704 καὶ
1425 1651 1618 1719 ἄφεσιν
1651 1649 1786 1704 αίτῶ

215 1742 400 1796 λαϐεῖν
423 1734 521 1810 ’με.

286 1834 346 1886 Et
377 1835 467 1886 καὶ
501 1832 686 1902 μηδεὶς
716 1831 791 1895 ὼς
819 1830 928 1900 ἐγώ
965 1847 1046 1884 σοι
1078 1833 1354 1903 ἥμαρτεν,
1387 1833 1499 1886 ἀλλ’
1523 1834 1674 1903 ὅμως
1701 1834 1786 1888 δέ-
1817 1829 1860 1884 Β

216 1927 302 1991 Eat
338 1927 518 1996 κάμὲ,
555 1923 899 1994 εΰσπλαγχνε
945 1921 1162 1994 Σῶτερ,
1200 1923 1348 1994 φόϐῳ
1385 1924 1746 1994 μετανοοῦντα
1770 1966 1786 1990 ,

213 2019 310 2072 καί
338 2017 489 2086 πόθῳ
515 2015 842 2086 κεκραγόταο
877 2013 1190 2084 ιἭμαρτόν
1214 2030 1296 2066 σοι
1325 2014 1492 2085 μόνῳ,
1517 2009 1786 2086 ὴνόμησα,

213 2108 443 2177 ἐλέησόν
477 2123 565 2177 με.
603 2125 621 2157 ι

286 2202 497 2264 Φεῖσαι,
529 2197 734 2268 Σῶτερ,
769 2195 862 2251 τοῦ
900 2195 1029 2250 ίδίου
1067 2196 1400 2266 πλάσματος,
1432 2197 1523 2251 καὶ
1558 2196 1789 2268 ζήτησον

212 2289 291 2353 ὡς
316 2288 520 2359 ποιμὴν
545 2288 603 2340 τὸ
630 2286 907 2349 ἀπολωλὸς
931 2285 1200 2356 πρόϐατον
1227 2303 1238 2316 ’
1270 2287 1606 2358 πλανηθέντα
1633 2288 1792 2358 ἑξάρ-

215 2395 393 2433 πασον
429 2378 521 2431 τοῦ
556 2377 754 2430 λύκουο
797 2375 1021 2446 ποίησόν
1061 2392 1128 2446 με
1167 2375 1417 2446 θρέμμα,
1459 2381 1515 2431 ὲν
1551 2381 1615 2448 τῇ
1653 2381 1787 2450 μονῇ

215 2471 326 2524 τῶν
361 2471 469 2523 σῶν
497 2470 804 2539 προϐάτων.

290 2563 461 2614 Ὅταν
487 2561 716 2633 καθίσῃς
743 2563 787 2614 Κ
797 2561 952 2631 ριτὴς
975 2560 1051 2623 ὡς
1076 2560 1468 2631 εῦσπλαγχνος,
1493 2561 1590 2616 καὶ
1612 2561 1790 2632 δείξῃς

216 2655 319 2724 τὴν
345 2652 582 2722 φοϐερὰν
604 2653 762 2715 δόξαν
792 2667 906 2716 σου,
934 2651 1140 2720 Χριστὲ
1161 2693 1176 2716 ,
1204 2645 1248 2704 ὦ
1274 2655 1424 2715 ποῖος
1449 2653 1613 2720 φόϐος
1635 2653 1786 2706 τότεί

220 2743 455 2814 καμίνου
487 2743 779 2812 καιομένης
802 2757 814 2769 °
852 2743 1068 2796 πάντων
1096 2742 1418 2797 δειλιώντων
1441 2744 1504 2796 τὸ
1531 2744 1790 2798 ἄστεκτον

218 2832 315 2886 τοῦ
344 2831 411 2902 βή
421 2832 588 2902 ματός
618 2849 732 2885 σου.

825 3008 939 3078 Τῆς
969 3009 1193 3076 Ὀσίας.

309 3103 373 3155 Ἦ
410 3103 506 3155 τοῦ
546 3101 725 3165 Φωτὸς
760 3101 856 3156 τοῦ
894 3101 1091 3156 ἀδύτου
1144 3105 1343 3174 Μήτηρ
1384 3121 1443 3157 σε
1485 3106 1788 3174 φωτίσασα,

223 3194 538 3263 σκοτασμοῦ
593 3193 751 3246 ἔλυσε
806 3193 1034 3246 παθῶν·
1092 3193 1639 3272 ὅθενχείσδεδεγμένη
1696 3199 1790 3250 τοῦ

220 3284 538 3354 Πνεύματος
564 3286 663 3354 τὴν
687 3285 876 3356 χάριν,
907 3284 1170 3353 φώτισον,
1203 3285 1390 3356 Μαρία
1409 3325 1424 3350 ,
1451 3285 1577 3349 τούς
1611 3303 1670 3340 σε
1702 3305 1793 3340 πι-

222 3375 368 3438 στῶς
395 3376 605 3445 ἀνευφη
613 3375 863 3446 μοῦντας.

290 3467 486 3537 Θαῦμα
518 3467 701 3523 καινὸν
728 3466 960 3522 κατιδὼν
988 3467 1236 3532 ἐξίστατο
1267 3470 1295 3521 6
1328 3468 1470 3534 θεῖος
1503 3470 1670 3536 δντως
1690 3514 1702 3536 ,
1735 3474 1794 3526 ἐν

119 3594 129 3602 -
221 3558 328 3620 σοὶ,
359 3559 571 3632 Μῆτερ,
597 3561 879 3630 Ζωσιμᾶςο
905 3558 1136 3628 ἄγγελον
1163 3560 1272 3631 γὰρ
1301 3561 1444 3632 ἐώρα
1470 3563 1529 3614 ὲν
1556 3562 1791 3632 σώματι,

219 3648 321 3702 καὶ
373 3648 616 3717 θάμϐους
662 3649 782 3712 ὅλος
827 3646 1150 3718 ἐπληροῦτο,
1197 3649 1430 3719 Χριστὸν
1473 3650 1674 3719 ὗμνοῦν
1716 3654 1794 3715 είς

221 3739 352 3802 τοὺς
383 3738 603 3802 αἰῶνας.

855 3917 1153 3986 Ἀνδρέου.

309 4010 397 4073 Ὠς
433 4009 741 4080 παρρησίαν
774 4010 912 4080 ἔχων
948 4010 1085 4079 πρὸς
1118 4008 1346 4079 Κύριονο
1381 4007 1794 4080 Ἀνδρέανκρή“

224 4118 324 4171 της
354 4102 550 4154 σεπτὸν
581 4101 758 4164 κλέος,
789 4100 1040 4164 δυσωπῶ,
1073 4101 1340 4171 πρέσϐευε
1371 4101 1465 4154 τοῦ
1494 4101 1691 4170 δεσμοῦ
1728 4119 1794 4171 με

225 4194 326 4264 τῆς
365 4193 597 4262 ἀνομίας
639 4193 792 4244 λύσιν
832 4191 925 4244 νῦν
965 4193 1145 4262 εὑρεῖν
1185 4194 1369 4262 εὐχαῖς
1414 4209 1537 4256 σου,
1577 4194 1652 4256 ὡς
1695 4193 1795 4263 τῆς

230 4285 520 4354 μετανοίας
548 4283 885 4349 διδάσκαλος,
915 4283 1075 4336 όσίων
1104 4283 1250 4348 δόξα.

1885 564 2102 618 remitte
2132 564 2283 629 mihi,
2319 553 2609 629 Salvator;
2659 566 2935 636 lacrymor
2983 575 3041 619 ut
3088 573 3343 626 meretrix
3372 572 3401 614 ιι
3434 593 3448 630 :

1885 661 1944 706 tu
1981 653 2127 706 velut
2157 653 2284 705 olim
2325 652 2668 720 Chananaaaa,
2703 655 2910 708 luctum
2940 671 3122 710 meum
3153 661 3369 728 suscipe
3401 672 3450 715 ο.

1955 741 2119 795 Putre
2143 743 2299 796 ulcus
2339 744 2562 798 humilis
2593 745 2788 799 animae
2819 760 2970 808 meai,
3003 762 3157 808 cura,
3193 765 3225 801 ο
3258 749 3454 803 Salva-

1887 841 2018 889 tor:
2060 844 2116 888 tu
2147 836 2298 890 solus
2331 835 2575 891 medicus
2616 838 2906 905 malagma,
2941 838 3232 906 oleumque
3273 853 3328 894 et
3371 842 3456 895 vi-

1887 941 2017 978 num
2039 964 2054 988 ,
2079 940 2270 1008 nempe
2301 926 2636 996 paenitentia:
2660 941 2825 996 opera
2847 965 2862 992 ,
2907 930 3294 982 contritionetu
3327 946 3451 985 cum

1886 1016 2148 1087 lacrymis
2179 1018 2399 1072 adhibe.

1956 1105 2132 1160 Etiam
2178 1123 2278 1176 ego
2339 1107 2708 1162 Chananzeam
2764 1107 3032 1172 imitatus,
3090 1107 3256 1162 David
3312 1108 3452 1163 Filio

1887 1197 2084 1263 clamo,
2127 1216 2144 1248 ι
2203 1197 2462 1252 Miserere
2510 1201 2612 1254 mei
2682 1199 2743 1264 f;
2807 1217 2827 1251 ι
2873 1210 3032 1267 tango
3074 1200 3362 1262 ﬁmbriam,
3399 1210 3456 1254 ιιι

1886 1286 2316 1343 baunorrhoissa
2342 1291 2402 1352 8;
2431 1288 2534 1343 ﬂeo
2556 1299 2615 1342 ut
2643 1288 2857 1343 Martha
2882 1300 2935 1344 et
2954 1290 3124 1343 Maria
3158 1304 3325 1359 super
3362 1290 3457 1342 La-

1887 1393 2078 1431 zarum
2107 1379 2157 1431 ιι.
2824 1426 2829 1430 .

1956 1468 2352 1539 Lacrymarum
2410 1469 2748 1525 alabastrum
2770 1511 2785 1535 ,
2815 1485 2848 1525 ο
2880 1472 3154 1537 Salvator.
3193 1478 3456 1546 unguenti

1887 1558 2086 1622 instar,
2135 1574 2303 1628 super
2332 1567 2500 1629 caput
2554 1575 2763 1613 evacuo
2808 1561 2872 1627 i;
2919 1563 3098 1616 clamo
3152 1565 3249 1618 tibi
3311 1566 3456 1618 sicut

1889 1650 2150 1702 meretrix
2208 1649 2300 1702 illa
2371 1647 2810 1702 misericordiam
2867 1665 3120 1716 quaerens
3175 1651 3223 1705 ἱ.
3275 1651 3455 1708 Oll‘ero

1891 1753 2105 1808 preces,
2147 1738 2648 1807 remissionemque
2679 1738 2939 1809 efﬂagito.

1959 1828 2281 1899 Quanquam
2328 1845 2486 1882 nemo
2523 1829 2597 1881 ita
2643 1839 2701 1882 ut
2732 1843 2834 1897 ego
2879 1829 3120 1898 graviter
3163 1832 3448 1900 peccavit;

1869 1921 1986 1988 sed
2015 1931 2069 1974 et
2098 1935 2182 1974 me
2205 1921 2587 1983 nihilominus,
2617 1920 2858 1974 clemens
2885 1920 3162 1984 Salvator,
3202 1923 3418 1990 suscipe
3437 1961 3454 1985 ,

1891 2011 2092 2065 timore
2152 2015 2547 2079 pmnitentem,
2615 2025 2680 2064 ac
2741 2010 3018 2064 desiderio
3073 2013 3452 2080 clamantem:

1897 2121 1916 2154 ι
1951 2102 2071 2156 Tibi
2105 2104 2211 2157 soli
2248 2103 2466 2171 peccavi
2495 2118 2512 2168 ;
2541 2101 2726 2169 inique
2755 2102 2874 2170 egi;
2907 2101 3166 2156 miserere
3198 2103 3325 2156 mei.
3361 2121 3381 2153 ι

1962 2192 2156 2256 Parce,
2221 2191 2497 2256 Salvator,
2554 2203 2645 2246 tuo
2701 2191 2998 2259 ﬁgmento,
3051 2206 3116 2245 ac
3160 2192 3309 2245 velut
3363 2207 3459 2261 pa-

1893 2289 2028 2345 stor,
2064 2297 2220 2336 ovem
2257 2297 2445 2351 quaere
2483 2297 2604 2350 quae
2631 2281 2792 2350 periit
2821 2280 2848 2318 ιι
2879 2300 2890 2334 ;
2927 2279 3200 2342 e‘rrantem
3237 2296 3267 2335 a
3301 2282 3460 2336 leone

1892 2373 2040 2441 eripe
2075 2385 2090 2424 :
2120 2371 2208 2426 lac
2263 2386 2346 2426 me
2392 2373 2673 2426 alunmum
2718 2372 2770 2424 in
2805 2372 2960 2425 eaula
3003 2374 3183 2426 ovium
3217 2383 3456 2426 tuarum.

1964 2552 2199 2617 Quando
2239 2551 2414 2607 Judex
2465 2551 2677 2608 sederis
2731 2551 2878 2605 velut
2914 2551 3460 2620 elemens,tuamquc

1891 2642 2191 2695 terribilem
2219 2643 2479 2712 gloriam,
2509 2657 2542 2694 o
2567 2641 2807 2705 Christe,
2841 2639 3152 2693 ostenderis
3177 2655 3191 2692 :
3223 2654 3256 2692 ο
3281 2655 3460 2706 quan-

1894 2740 1983 2787 tus
2020 2743 2150 2786 tunc
2180 2731 2346 2786 timor
2385 2731 2398 2784 l
2431 2731 2650 2784 camino
2679 2745 2931 2792 accensa,
2967 2728 3333 2798 omnibusque
3369 2744 3461 2794 pa-

1894 2824 2146 2878 ventibus
2183 2823 2426 2878 tribunal
2477 2823 2612 2876 illud
2669 2831 2850 2886 tuum,
2908 2821 3053 2892 quod
3102 2821 3242 2876 nihil
3286 2822 3462 2874 latere

1890 2915 2085 2985 possit.

2489 3003 2558 3058 In
2586 3003 2864 3060 Sanctam.

1964 3099 2102 3154 Cum
2141 3105 2190 3154 te
2230 3098 2480 3154 Luminis
2513 3097 2705 3163 Mater,
2747 3097 2894 3168 quod
2924 3112 3180 3154 occasum
3230 3101 3459 3163 nesciat,

1896 3189 2284 3253 illuminasset,
2329 3190 2592 3242 vitiorum
2643 3191 2883 3243 tenebris
2914 3190 3189 3244 absolvit:
3235 3208 3466 3262 quapro-

1897 3287 2034 3348 pter,
2087 3286 2364 3347 suscepta,
2412 3294 2446 3332 o
2493 3278 2662 3330 Maria
2718 3277 2958 3346 Spiritus
3007 3281 3204 3348 gratia,
3255 3290 3307 3336 te
3359 3284 3464 3338 liJc

1896 3368 2235 3423 celebrantes
2272 3369 2542 3420 illumina.

1967 3458 2179 3512 Novum
2240 3457 2294 3510 in
2347 3467 2400 3510 te
2445 3457 2772 3510 miraculum
2826 3465 3120 3520 contuens.
3176 3475 3209 3514 ο
3267 3459 3459 3526 Mater,

1896 3565 2022 3605 vere
2077 3548 2413 3602 admirabilis
2473 3547 2723 3602 Zosimas
2791 3548 3123 3617 obstupuit,
3190 3564 3254 3604 ac
3317 3554 3462 3605 velut

1895 3649 2078 3694 mente
2103 3647 2318 3694 emotus
2348 3648 2430 3693 est
2459 3656 2473 3691 :
2512 3637 2726 3692 videbat
2771 3639 2914 3692 enim
2953 3640 3006 3692 in
3037 3654 3267 3710 corpore
3296 3657 3460 3711 ange-

1897 3730 2031 3794 lmn,
2068 3735 2326 3798 totusque
2377 3737 2602 3796 stupore
2636 3728 2973 3796 replebatur,
3023 3717 3257 3786 laudans
3307 3733 3462 3787 Chri-

1899 3829 2044 3875 stum
2083 3821 2139 3874 in
2167 3820 2386 3874 saecula.

2476 3909 2542 3963 lu
2588 3909 2873 3964 Andream.

1968 4002 2126 4056 Velut
2171 4002 2264 4072 qui
2306 4004 2562 4057 litluciam
2612 4003 2754 4072 apud
2808 4004 3094 4058 Dominum
3152 4005 3376 4073 habeas,
3425 4025 3461 4062 o

1896 4092 2138 4156 Andrea,
2175 4095 2490 4149 venerabile
2513 4094 2692 4149 Creta:
2737 4095 2923 4161 decus,
2973 4097 3240 4166 obsecro;
3283 4101 3460 4156 inter-

1896 4184 2086 4250 eedas,
2126 4191 2187 4238 ut
2223 4185 2334 4239 tuis
2366 4201 2515 4239 nunc
2547 4186 2823 4254 precibus,
2873 4187 2966 4256 qui
3013 4191 3349 4257 paenitentia:
3381 4195 3459 4247 sis

1899 4274 2109 4338 doctor,
2146 4289 2208 4326 ac
2244 4275 2416 4343 gloria
2449 4281 2796 4338 sanctorum,
2831 4275 3234 4344 absolutionem
3261 4297 3289 4333 a
3331 4295 3459 4351 pec-

1900 4365 2008 4417 cati
2037 4365 2260 4418 vinculo
2289 4365 2598 4419 nanciscar.

277 4489 666 4557 Εὐλογοῦμεν
685 4488 944 4556 Πατέρα,
977 4485 1132 4550 Υἱὸν,
1160 4491 1258 4544 καὶ
1290 4491 1461 4560 ἅγιον
1482 4492 1740 4561 Πνεῦμα.

1911 4450 2268 4533 Βεηειίὶεἱηιιιε
2309 4476 2546 4543 Patrem,
2594 4487 2643 4531 et
2686 4476 2912 4542 Filium,
2943 4488 2992 4532 et
3025 4478 3288 4546 Spiritum
3336 4499 3461 4537 san-

299 4646 536 4716 ’Λναρχε
560 4645 762 4716 Πάτερ,
790 4645 883 4698 Υἱὲ
908 4647 1107 4700 συνάνα
1119 4663 1236 4716 ρχε,
1260 4646 1340 4697 Πα
1351 4645 1586 4718 ράκλητε
1610 4647 1796 4714 ἀγαθὲ,

223 4735 452 4807 Πνεῦμα
501 4737 561 4808 τὸ
609 4737 784 4801 εύθὲς,
833 4737 1006 4802 Λόγου
1061 4736 1194 4789 Θεοῦ
1241 4737 1281 4788 Γ
1284 4736 1543 4806 εννῆτορ,
1592 4738 1802 4806 Πατρδς

181 4901 188 4905 ⁹
223 4829 466 4898 ἀνάρχου
489 4827 657 4894 Λόγε,
683 4827 903 4898 Πνεῦμα
926 4826 1034 4892 ζῶν
1059 4827 1151 4880 καὶ
1176 4825 1377 4893 κτίζον,
1403 4827 1574 4898 Τριὰς
1597 4828 1798 4894 Μονὰς,

221 4921 447 4991 ἐλέησόν
477 4936 562 4989 με.
657 4960 660 4962 ν

894 5032 1130 5087 Θεοτόκ.

286 5118 304 5140 ⁸
324 5125 396 5185 Ως
427 5124 491 5176 ὲκ
521 5122 695 5193 βαφῆς
721 5121 1072 5192 ἂλουργίδος,
1104 5124 1368 5194 ἄχραντε,
1399 5124 1432 5192 ἡ
1463 5123 1626 5193 νοητὴ
1659 5141 1794 5194 πορ-

219 5216 387 5289 φυρὶς
436 5215 530 5268 τοῦ
560 5215 926 5285 Ἐμμανουήλ,
965 5214 1110 5270 ἔνδον
1150 5216 1206 5267 ὲν
1248 5218 1316 5286 τῇ
1361 5215 1559 5285 γαστρί
1604 5233 1718 5280 σου,
1759 5217 1791 5286 ἡ

221 5307 366 5378 σὰρξ
398 5308 802 5378 συνεξυφάνθης
834 5307 955 5360 ὅθεν
983 5306 1243 5360 Θεοτόκον
1273 5309 1330 5360 ὲν
1355 5307 1581 5378 ἀληθείᾳ
1615 5325 1672 5360 σε
1706 5325 1789 5360 τι-

225 5398 460 5468 μοῦμεν.
500 5399 850 5467 (Αὶνοῦμεν,
888 5397 1284 5467 εὐλογοῦμεν·
1325 5398 1422 5451 καὶ
1465 5399 1649 5453 πάλιν
1685 5399 1790 5452 τὸν

221 5490 490 5560 Ειρμόν.)

339 5681 365 5721 b
411 5679 540 5736 Luc.
595 5697 730 5746 uti,
766 5679 856 5738 62.
964 5692 985 5720 ε
1027 5680 1160 5734 Luc.
1215 5695 1372 5741 vvm,
1449 5681 1530 5746 l5.

1629 5681 1652 5719 ἀ
1709 5679 1841 5733 an.
1897 5697 1996 5744 vn,
2083 5681 2174 5735 58.

2599 4560 2765 4600 ctum.

1967 4638 2192 4692 Eterne
2248 4636 2429 4700 Pater,
2485 4633 2588 4688 Fili
2637 4643 2930 4701 cozeterne,
2969 4637 3111 4694 bone
3158 4639 3460 4705 Paraclcte,

1897 4737 2048 4782 recte
2080 4727 2342 4798 Spiritus.
2382 4725 2546 4781 Verbi
2586 4727 2680 4782 Dei
2733 4725 2994 4792 Genitor,
3045 4729 3221 4786 Patris
3272 4737 3458 4786 aeterni

1895 4818 2156 4886 Verbum,
2209 4817 2447 4887 Spiritus
2478 4820 2598 4873 vive
2642 4827 2697 4874 et
2728 4819 2978 4886 Cveator,
3037 4820 3280 4878 Trinitas
3332 4821 3464 4877 Uni-

1899 4920 2114 4983 tasquc,
2154 4913 2422 4968 miserere
2446 4914 2572 4970 mei.

2509 5026 2593 5080 Ad
2634 5027 2851 5098 Deipar.

1970 5116 2131 5172 Velut
2171 5133 2232 5172 ex
2289 5118 2499 5172 murice
2543 5121 2804 5187 quodam,
2852 5136 2884 5175 ο
2919 5122 3265 5185 intemerata,
3312 5123 3461 5176 intus

1896 5209 1950 5262 in
1987 5218 2142 5264 utero
2169 5219 2281 5276 tuo,
2315 5211 2580 5281 spiritalis
2626 5211 3002 5266 Emmanuelis
3052 5228 3296 5280 purpura
3345 5215 3461 5276 illa,

1896 5316 2028 5356 caro
2060 5310 2316 5357 contexta
2355 5311 2440 5358 est
2468 5319 2482 5356 :
2516 5303 2872 5372 quamobrem
2916 5312 2967 5356 te
3001 5318 3128 5357 vere
3167 5303 3458 5374 Deiparam

1897 5397 2254 5452 honoramus.
2313 5395 2667 5470 (Laudamus,
2723 5396 3113 5460 benedicimus;
3166 5414 3228 5452 ac
3274 5415 3460 5454 rursus

1904 5487 2198 5559 Hirmum.)

2892 5682 2909 5720 ί
2942 5683 3095 5738 ibid..

2282 5691 2305 5719 ε
2334 5681 2529 5735 Matth.
2563 5697 2650 5745 xv,
2685 5683 2774 5736 9‘2.
2892 5682 2909 5720 ί
2942 5683 3095 5738 ibitl..
3202 5688 3228 5724 ⁸
3263 5684 3454 5740 Matth.

223 5765 303 5817 Ix,
338 5751 405 5804 ΞΟ
439 5767 589 5822 seqq.
667 5753 692 5789 δ
716 5751 958 5813 Joan.xt,
990 5752 1080 5813 53,
1113 5751 1197 5804 54.
1316 5751 1329 5788 ί
1372 5750 1564 5804 Matth.
1607 5767 1756 5816 uri,
1788 5751 1791 5766 ‘

1911 5749 2034 5807 larc.
2068 5768 2176 5817 xw,
2215 5752 2266 5805 3.
2349 5750 2362 5800 ι
2403 5749 2536 5806 Luc.
2570 5768 2665 5817 vn,
2701 5751 2790 5810 38.
2890 5753 2911 5791 ¹ι
2941 5753 3084 5808 l’sal.
3116 5769 3303 5821 cxvtn,
3336 5756 3458 5814 ΠΟ.
3528 5807 3533 5811 .
