  <div class='ocr_page' id='page_1' title='image "/cluster/home/n/w/nwhite01/storage/ocr_20150623/97/hvd.32044073502130/762.png"; bbox 0 0 3870 6214; ppageno 0'>
   <div class='ocr_carea' id='block_1_1' title="bbox 239 338 361 407">
    <p class='ocr_par' dir='ltr' id='par_1_1' title="bbox 239 338 361 407">
     <span class='ocr_line' id='line_1_1' title="bbox 239 338 361 407; baseline 0 -1"><span class='ocrx_word' id='word_1_1' title='bbox 239 338 361 407; x_wconf 76' lang='lat'><strong>1335</strong></span> 
     </span>
    </p>
   </div>
   <div class='ocr_carea' id='block_1_2' title="bbox 1438 325 2229 420">
    <p class='ocr_par' dir='ltr' id='par_1_2' title="bbox 1438 325 2229 420">
     <span class='ocr_line' id='line_1_2' title="bbox 1438 325 2229 420; baseline -0.009 -30"><span class='ocrx_word' id='word_1_2' title='bbox 1438 328 1687 420; x_wconf 60' lang='lat' dir='ltr'><strong>CANON</strong></span> <span class='ocrx_word' id='word_1_3' title='bbox 1732 326 1813 389; x_wconf 88' lang='lat' dir='ltr'><strong>IN</strong></span> <span class='ocrx_word' id='word_1_4' title='bbox 1849 325 2229 386; x_wconf 80' lang='lat' dir='ltr'><strong>LAZARUM.</strong></span> 
     </span>
    </p>
   </div>
   <div class='ocr_carea' id='block_1_3' title="bbox 3331 314 3468 379">
    <p class='ocr_par' dir='ltr' id='par_1_3' title="bbox 3331 314 3468 379">
     <span class='ocr_line' id='line_1_3' title="bbox 3331 314 3468 379; baseline 0.015 -2"><span class='ocrx_word' id='word_1_5' title='bbox 3331 314 3468 379; x_wconf 85' lang='lat'><strong>1386</strong></span> 
     </span>
    </p>
   </div>
   <div class='ocr_carea' id='block_1_4' title="bbox 241 431 1813 533">
    <p class='ocr_par' dir='ltr' id='par_1_4' title="bbox 241 444 1797 533">
     <span class='ocr_line' id='line_1_4' title="bbox 241 444 1797 533; baseline -0.011 -18"><span class='ocrx_word' id='word_1_6' title='bbox 241 461 445 533; x_wconf 81' lang='grc' dir='ltr'>μνοῦτο·</span> <span class='ocrx_word' id='word_1_7' title='bbox 485 456 581 512; x_wconf 77' lang='grc' dir='ltr'><strong>καὶ</strong></span> <span class='ocrx_word' id='word_1_8' title='bbox 605 454 968 510; x_wconf 80' lang='grc' dir='ltr'><strong>συνεσκότασε</strong></span> <span class='ocrx_word' id='word_1_9' title='bbox 991 452 1050 506; x_wconf 70' lang='grc' dir='ltr'>τὸ</span> <span class='ocrx_word' id='word_1_10' title='bbox 1072 447 1190 521; x_wconf 83' lang='grc' dir='ltr'>φῶς</span> <span class='ocrx_word' id='word_1_11' title='bbox 1212 451 1270 503; x_wconf 81' lang='grc' dir='ltr'>ὲν</span> <span class='ocrx_word' id='word_1_12' title='bbox 1311 448 1498 520; x_wconf 73' lang='grc' dir='ltr'>ἡμέρα</span> <span class='ocrx_word' id='word_1_13' title='bbox 1549 444 1797 516; x_wconf 83' lang='grc' dir='ltr'>καθορῶν</span> 
     </span>
    </p>
   </div>
   <div class='ocr_carea' id='block_1_5' title="bbox 1931 431 3472 533">
    <p class='ocr_par' dir='ltr' id='par_1_5' title="bbox 1931 431 3472 510">
     <span class='ocr_line' id='line_1_5' title="bbox 1931 431 3472 510; baseline -0.006 -15"><span class='ocrx_word' id='word_1_14' title='bbox 1931 440 2288 510; x_wconf 69' lang='lat' dir='ltr'><strong>utaliebatur;</strong></span> <span class='ocrx_word' id='word_1_15' title='bbox 2339 435 2679 508; x_wconf 89' lang='lat' dir='ltr'><strong>spoliabatur</strong></span> <span class='ocrx_word' id='word_1_16' title='bbox 2748 431 3024 499; x_wconf 80' lang='lat' dir='ltr'><strong>infernus;</strong></span> <span class='ocrx_word' id='word_1_17' title='bbox 3074 432 3386 502; x_wconf 84' lang='lat' dir='ltr'><strong>lumenque,</strong></span> <span class='ocrx_word' id='word_1_18' title='bbox 3439 449 3472 486; x_wconf 91' lang='grc' dir='ltr'><strong>ο</strong></span> 
     </span>
    </p>
   </div>
   <div class='ocr_carea' id='block_1_6' title="bbox 239 543 1221 622">
    <p class='ocr_par' dir='ltr' id='par_1_6' title="bbox 239 543 1221 622">
     <span class='ocr_line' id='line_1_6' title="bbox 239 543 1221 622; baseline -0.011 -15"><span class='ocrx_word' id='word_1_19' title='bbox 239 571 311 622; x_wconf 82' lang='grc' dir='ltr'><strong>σε,</strong></span> <span class='ocrx_word' id='word_1_20' title='bbox 344 551 546 621; x_wconf 72' lang='grc' dir='ltr'>’Ῑησιῐῦ,</span> <span class='ocrx_word' id='word_1_21' title='bbox 583 545 1008 619; x_wconf 76' lang='grc' dir='ltr'><strong>προσηλωμένον</strong></span> <span class='ocrx_word' id='word_1_22' title='bbox 1036 543 1221 614; x_wconf 83' lang='grc' dir='ltr'>σακρί.</span> 
     </span>
    </p>
   </div>
   <div class='ocr_carea' id='block_1_7' title="bbox 313 721 1794 797">
    <p class='ocr_par' dir='ltr' id='par_1_7' title="bbox 313 721 1794 797">
     <span class='ocr_line' id='line_1_7' title="bbox 313 721 1794 797; baseline -0.009 -13"><span class='ocrx_word' id='word_1_23' title='bbox 313 728 516 794; x_wconf 78' lang='grc' dir='ltr'>’Δξίους</span> <span class='ocrx_word' id='word_1_24' title='bbox 548 725 843 797; x_wconf 80' lang='grc' dir='ltr'><strong>μετανοίας</strong></span> <span class='ocrx_word' id='word_1_25' title='bbox 866 723 1112 795; x_wconf 77' lang='grc' dir='ltr'>καρποὺς</span> <span class='ocrx_word' id='word_1_26' title='bbox 1141 721 1213 792; x_wconf 80' lang='grc' dir='ltr'>μὴ</span> <span class='ocrx_word' id='word_1_27' title='bbox 1241 721 1552 792; x_wconf 61' lang='grc' dir='ltr'>ἀπαιτήσεις</span> <span class='ocrx_word' id='word_1_28' title='bbox 1585 735 1686 785; x_wconf 83' lang='grc' dir='ltr'><strong>μου</strong></span> <span class='ocrx_word' id='word_1_29' title='bbox 1715 735 1729 749; x_wconf 92' lang='grc'><strong>·</strong></span> <span class='ocrx_word' id='word_1_30' title='bbox 1761 721 1794 789; x_wconf 84' lang='grc' dir='ltr'>ἡ</span> 
     </span>
    </p>
   </div>
   <div class='ocr_carea' id='block_1_8' title="bbox 237 794 1835 891">
    <p class='ocr_par' dir='ltr' id='par_1_8' title="bbox 237 794 1835 891">
     <span class='ocr_line' id='line_1_8' title="bbox 237 794 1835 891; baseline -0.01 -16"><span class='ocrx_word' id='word_1_31' title='bbox 237 820 335 891; x_wconf 77' lang='grc' dir='ltr'>γάρ</span> <span class='ocrx_word' id='word_1_32' title='bbox 369 819 524 889; x_wconf 78' lang='grc' dir='ltr'>ἰσχύς</span> <span class='ocrx_word' id='word_1_33' title='bbox 550 794 658 888; x_wconf 84' lang='grc' dir='ltr'><strong>μου</strong></span> <span class='ocrx_word' id='word_1_34' title='bbox 688 817 747 868; x_wconf 83' lang='grc' dir='ltr'>ὲν</span> <span class='ocrx_word' id='word_1_35' title='bbox 780 816 905 885; x_wconf 70' lang='grc' dir='ltr'>ἐμοὶ</span> <span class='ocrx_word' id='word_1_36' title='bbox 939 794 1180 878; x_wconf 68' lang='grc' dir='ltr'>ἐξέλιπε.</span> <span class='ocrx_word' id='word_1_37' title='bbox 1209 811 1456 882; x_wconf 80' lang='grc' dir='ltr'>Καρδίαν</span> <span class='ocrx_word' id='word_1_38' title='bbox 1491 829 1582 879; x_wconf 89' lang='grc' dir='ltr'><strong>μοι</strong></span> <span class='ocrx_word' id='word_1_39' title='bbox 1617 809 1797 881; x_wconf 85' lang='grc' dir='ltr'>δώρη-</span> <span class='ocrx_word' id='word_1_40' title='bbox 1822 794 1835 804; x_wconf 61' lang='grc'><em>’</em></span> 
     </span>
    </p>
   </div>
   <div class='ocr_carea' id='block_1_9' title="bbox 239 901 1795 978">
    <p class='ocr_par' dir='ltr' id='par_1_9' title="bbox 239 901 1795 978">
     <span class='ocr_line' id='line_1_9' title="bbox 239 901 1795 978; baseline -0.009 -12"><span class='ocrx_word' id='word_1_41' title='bbox 239 928 318 966; x_wconf 87' lang='grc' dir='ltr'><strong>σαι</strong></span> <span class='ocrx_word' id='word_1_42' title='bbox 341 910 430 963; x_wconf 80' lang='grc' dir='ltr'><strong>ἀεὶ</strong></span> <span class='ocrx_word' id='word_1_43' title='bbox 461 906 961 978; x_wconf 81' lang='grc' dir='ltr'><strong>συντετριμμένην,</strong></span> <span class='ocrx_word' id='word_1_44' title='bbox 995 903 1268 972; x_wconf 77' lang='grc' dir='ltr'>πτωχείαν</span> <span class='ocrx_word' id='word_1_45' title='bbox 1298 901 1354 954; x_wconf 85' lang='grc' dir='ltr'><strong>δὲ</strong></span> <span class='ocrx_word' id='word_1_46' title='bbox 1394 902 1795 975; x_wconf 81' lang='grc' dir='ltr'>πνευματικὴν,</span> 
     </span>
    </p>
   </div>
   <div class='ocr_carea' id='block_1_10' title="bbox 236 992 1800 1066">
    <p class='ocr_par' dir='ltr' id='par_1_10' title="bbox 236 992 1800 1066">
     <span class='ocr_line' id='line_1_10' title="bbox 236 992 1800 1066; baseline -0.008 -11"><span class='ocrx_word' id='word_1_47' title='bbox 236 1004 313 1056; x_wconf 81' lang='grc' dir='ltr'>ἵνα</span> <span class='ocrx_word' id='word_1_48' title='bbox 355 999 528 1054; x_wconf 78' lang='grc' dir='ltr'>ταῦτά</span> <span class='ocrx_word' id='word_1_49' title='bbox 575 1015 656 1051; x_wconf 88' lang='grc' dir='ltr'><strong>σοι</strong></span> <span class='ocrx_word' id='word_1_50' title='bbox 713 995 1010 1066; x_wconf 76' lang='grc' dir='ltr'>προσοίσω,</span> <span class='ocrx_word' id='word_1_51' title='bbox 1063 993 1140 1057; x_wconf 83' lang='grc' dir='ltr'>ὡς</span> <span class='ocrx_word' id='word_1_52' title='bbox 1183 992 1379 1063; x_wconf 71' lang='grc' dir='ltr'>δεκτὴν</span> <span class='ocrx_word' id='word_1_53' title='bbox 1421 992 1632 1056; x_wconf 83' lang='grc' dir='ltr'>θυσίαν,</span> <span class='ocrx_word' id='word_1_54' title='bbox 1671 992 1800 1062; x_wconf 81' lang='grc' dir='ltr'>μόνε</span> 
     </span>
    </p>
   </div>
   <div class='ocr_carea' id='block_1_11' title="bbox 236 1093 426 1161">
    <p class='ocr_par' dir='ltr' id='par_1_11' title="bbox 236 1093 426 1161">
     <span class='ocr_line' id='line_1_11' title="bbox 236 1093 426 1161; baseline -0.011 -15"><span class='ocrx_word' id='word_1_55' title='bbox 236 1093 426 1161; x_wconf 76' lang='grc' dir='ltr'>Σῶτερ.</span> 
     </span>
    </p>
   </div>
   <div class='ocr_carea' id='block_1_12' title="bbox 299 1172 1800 1248">
    <p class='ocr_par' dir='ltr' id='par_1_12' title="bbox 299 1172 1800 1248">
     <span class='ocr_line' id='line_1_12' title="bbox 299 1172 1800 1248; baseline -0.004 -16"><span class='ocrx_word' id='word_1_56' title='bbox 299 1176 472 1248; x_wconf 84' lang='grc' dir='ltr'>Κριτά</span> <span class='ocrx_word' id='word_1_57' title='bbox 506 1192 609 1247; x_wconf 90' lang='grc' dir='ltr'><strong>μου</strong></span> <span class='ocrx_word' id='word_1_58' title='bbox 640 1175 736 1229; x_wconf 81' lang='grc' dir='ltr'>καὶ</span> <span class='ocrx_word' id='word_1_59' title='bbox 765 1172 984 1242; x_wconf 86' lang='grc' dir='ltr'>γνωστά</span> <span class='ocrx_word' id='word_1_60' title='bbox 1015 1192 1117 1246; x_wconf 87' lang='grc' dir='ltr'><strong>μου</strong></span> <span class='ocrx_word' id='word_1_61' title='bbox 1146 1191 1160 1206; x_wconf 77' lang='grc' dir='ltr'><strong>ο</strong></span> <span class='ocrx_word' id='word_1_62' title='bbox 1189 1176 1218 1228; x_wconf 88' lang='grc' dir='ltr'>ὁ</span> <span class='ocrx_word' id='word_1_63' title='bbox 1250 1173 1464 1244; x_wconf 78' lang='grc' dir='ltr'>μέλλων</span> <span class='ocrx_word' id='word_1_64' title='bbox 1497 1173 1658 1228; x_wconf 84' lang='grc' dir='ltr'>πάλιν</span> <span class='ocrx_word' id='word_1_65' title='bbox 1705 1173 1800 1242; x_wconf 77' lang='grc' dir='ltr'><strong>ἔρ-</strong></span> 
     </span>
    </p>
   </div>
   <div class='ocr_carea' id='block_1_13' title="bbox 233 1259 1801 1339">
    <p class='ocr_par' dir='ltr' id='par_1_13' title="bbox 233 1259 1801 1339">
     <span class='ocr_line' id='line_1_13' title="bbox 233 1259 1801 1339; baseline -0.004 -17"><span class='ocrx_word' id='word_1_66' title='bbox 233 1269 411 1339; x_wconf 81' lang='grc' dir='ltr'>χεσθαι</span> <span class='ocrx_word' id='word_1_67' title='bbox 447 1269 544 1320; x_wconf 77' lang='grc' dir='ltr'><strong>σὺν</strong></span> <span class='ocrx_word' id='word_1_68' title='bbox 575 1267 689 1330; x_wconf 76' lang='grc' dir='ltr'>τοῖς</span> <span class='ocrx_word' id='word_1_69' title='bbox 723 1265 1002 1334; x_wconf 79' lang='grc' dir='ltr'><strong>ἀγγέλοις,</strong></span> <span class='ocrx_word' id='word_1_70' title='bbox 1039 1269 1222 1336; x_wconf 79' lang='grc' dir='ltr'>κρῖναι</span> <span class='ocrx_word' id='word_1_71' title='bbox 1278 1265 1488 1335; x_wconf 86' lang='grc' dir='ltr'>κόσμον</span> <span class='ocrx_word' id='word_1_72' title='bbox 1538 1259 1801 1326; x_wconf 67' lang='grc' dir='ltr'>ᾶπανταῖ</span> 
     </span>
    </p>
   </div>
   <div class='ocr_carea' id='block_1_14' title="bbox 237 1354 1802 1430">
    <p class='ocr_par' dir='ltr' id='par_1_14' title="bbox 237 1354 1802 1430">
     <span class='ocr_line' id='line_1_14' title="bbox 237 1354 1802 1430; baseline -0.005 -16"><span class='ocrx_word' id='word_1_73' title='bbox 237 1361 350 1430; x_wconf 79' lang='grc' dir='ltr'><strong>ἱλέῳ</strong></span> <span class='ocrx_word' id='word_1_74' title='bbox 374 1375 470 1410; x_wconf 86' lang='grc' dir='ltr'><strong>σου</strong></span> <span class='ocrx_word' id='word_1_75' title='bbox 494 1357 706 1427; x_wconf 78' lang='grc' dir='ltr'>ὄμματι</span> <span class='ocrx_word' id='word_1_76' title='bbox 730 1357 855 1410; x_wconf 88' lang='grc' dir='ltr'>τότε</span> <span class='ocrx_word' id='word_1_77' title='bbox 883 1355 1008 1410; x_wconf 81' lang='grc' dir='ltr'>ἰδών</span> <span class='ocrx_word' id='word_1_78' title='bbox 1043 1374 1134 1426; x_wconf 85' lang='grc' dir='ltr'><strong>με,</strong></span> <span class='ocrx_word' id='word_1_79' title='bbox 1171 1359 1356 1425; x_wconf 78' lang='grc' dir='ltr'>φεῖσαι</span> <span class='ocrx_word' id='word_1_80' title='bbox 1403 1355 1499 1407; x_wconf 75' lang='grc' dir='ltr'>καὶ</span> <span class='ocrx_word' id='word_1_81' title='bbox 1533 1354 1802 1424; x_wconf 77' lang='grc' dir='ltr'>οἵκτειρόν</span> 
     </span>
    </p>
   </div>
   <div class='ocr_carea' id='block_1_15' title="bbox 237 1442 1803 1520">
    <p class='ocr_par' dir='ltr' id='par_1_15' title="bbox 237 1442 1803 1520">
     <span class='ocr_line' id='line_1_15' title="bbox 237 1442 1803 1520; baseline -0.004 -18"><span class='ocrx_word' id='word_1_82' title='bbox 237 1467 320 1520; x_wconf 89' lang='grc' dir='ltr'><strong>με,</strong></span> <span class='ocrx_word' id='word_1_83' title='bbox 350 1448 550 1518; x_wconf 83' lang='grc' dir='ltr'>Ἰησοῦ,</span> <span class='ocrx_word' id='word_1_84' title='bbox 597 1447 690 1501; x_wconf 83' lang='grc' dir='ltr'><strong>τὸν</strong></span> <span class='ocrx_word' id='word_1_85' title='bbox 750 1446 893 1518; x_wconf 82' lang='grc' dir='ltr'>ὑπὲρ</span> <span class='ocrx_word' id='word_1_86' title='bbox 949 1449 1131 1501; x_wconf 80' lang='grc' dir='ltr'>πᾶσαν</span> <span class='ocrx_word' id='word_1_87' title='bbox 1164 1444 1328 1515; x_wconf 80' lang='grc' dir='ltr'>φύσιν</span> <span class='ocrx_word' id='word_1_88' title='bbox 1360 1444 1469 1498; x_wconf 90' lang='grc' dir='ltr'><strong>τῶν</strong></span> <span class='ocrx_word' id='word_1_89' title='bbox 1497 1442 1803 1516; x_wconf 82' lang='grc' dir='ltr'>ἀνθρώπων</span> 
     </span>
    </p>
   </div>
   <div class='ocr_carea' id='block_1_16' title="bbox 235 1540 644 1611">
    <p class='ocr_par' dir='ltr' id='par_1_16' title="bbox 235 1540 644 1611">
     <span class='ocr_line' id='line_1_16' title="bbox 235 1540 644 1611; baseline -0.005 -17"><span class='ocrx_word' id='word_1_90' title='bbox 235 1540 644 1611; x_wconf 79' lang='grc' dir='ltr'>ἁμαρτήσαντα.</span> 
     </span>
    </p>
   </div>
   <div class='ocr_carea' id='block_1_17' title="bbox 757 1627 1194 1707">
    <p class='ocr_par' dir='ltr' id='par_1_17' title="bbox 757 1627 1194 1707">
     <span class='ocr_line' id='line_1_17' title="bbox 757 1627 1194 1707; baseline -0.005 -25"><span class='ocrx_word' id='word_1_91' title='bbox 757 1692 767 1707; x_wconf 44' lang='grc'><strong>1</strong></span> <span class='ocrx_word' id='word_1_92' title='bbox 821 1627 936 1696; x_wconf 79' lang='grc' dir='ltr'><strong>Τῆς</strong></span> <span class='ocrx_word' id='word_1_93' title='bbox 971 1627 1194 1692; x_wconf 81' lang='grc' dir='ltr'>Ὀσίας.</span> 
     </span>
    </p>
   </div>
   <div class='ocr_carea' id='block_1_18' title="bbox 309 1717 1801 1791">
    <p class='ocr_par' dir='ltr' id='par_1_18' title="bbox 309 1717 1801 1791">
     <span class='ocr_line' id='line_1_18' title="bbox 309 1717 1801 1791; baseline -0.001 -17"><span class='ocrx_word' id='word_1_94' title='bbox 309 1721 638 1790; x_wconf 80' lang='grc' dir='ltr'>Ἐξέστησας</span> <span class='ocrx_word' id='word_1_95' title='bbox 691 1719 944 1782; x_wconf 71' lang='grc' dir='ltr'>ἃπαντας</span> <span class='ocrx_word' id='word_1_96' title='bbox 983 1721 1049 1788; x_wconf 85' lang='grc' dir='ltr'>τῇ</span> <span class='ocrx_word' id='word_1_97' title='bbox 1096 1718 1224 1791; x_wconf 78' lang='grc' dir='ltr'>ξένῃ</span> <span class='ocrx_word' id='word_1_98' title='bbox 1252 1717 1499 1789; x_wconf 80' lang='grc' dir='ltr'>πολιτείᾳ</span> <span class='ocrx_word' id='word_1_99' title='bbox 1534 1735 1629 1772; x_wconf 89' lang='grc' dir='ltr'><strong>σου</strong></span> <span class='ocrx_word' id='word_1_100' title='bbox 1652 1735 1668 1749; x_wconf 77' lang='grc' dir='ltr'><strong><em>ο</em></strong></span> <span class='ocrx_word' id='word_1_101' title='bbox 1701 1719 1801 1786; x_wconf 76' lang='grc' dir='ltr'><strong>ἀγο</strong></span> 
     </span>
    </p>
   </div>
   <div class='ocr_carea' id='block_1_19' title="bbox 245 1808 1805 1881">
    <p class='ocr_par' dir='ltr' id='par_1_19' title="bbox 245 1808 1805 1881">
     <span class='ocr_line' id='line_1_19' title="bbox 245 1808 1805 1881; baseline -0.001 -16"><span class='ocrx_word' id='word_1_102' title='bbox 245 1813 396 1881; x_wconf 68' lang='grc' dir='ltr'>ίέλων</span> <span class='ocrx_word' id='word_1_103' title='bbox 435 1812 622 1875; x_wconf 79' lang='grc' dir='ltr'>τάξεις</span> <span class='ocrx_word' id='word_1_104' title='bbox 647 1849 662 1872; x_wconf 86' lang='grc'><strong>,</strong></span> <span class='ocrx_word' id='word_1_105' title='bbox 708 1809 919 1881; x_wconf 82' lang='grc' dir='ltr'>βροτῶν</span> <span class='ocrx_word' id='word_1_106' title='bbox 950 1810 1019 1862; x_wconf 74' lang='grc' dir='ltr'>τὰ</span> <span class='ocrx_word' id='word_1_107' title='bbox 1059 1814 1385 1879; x_wconf 77' lang='grc' dir='ltr'>συστήματα</span> <span class='ocrx_word' id='word_1_108' title='bbox 1406 1827 1420 1840; x_wconf 89' lang='grc'>·</span> <span class='ocrx_word' id='word_1_109' title='bbox 1451 1809 1634 1871; x_wconf 62' lang='lat' dir='ltr'><strong>eam;</strong></span> <span class='ocrx_word' id='word_1_110' title='bbox 1673 1808 1805 1880; x_wconf 80' lang='grc' dir='ltr'><strong>βιώ-</strong></span> 
     </span>
    </p>
   </div>
   <div class='ocr_carea' id='block_1_20' title="bbox 237 1893 1805 1970">
    <p class='ocr_par' dir='ltr' id='par_1_20' title="bbox 237 1893 1805 1970">
     <span class='ocr_line' id='line_1_20' title="bbox 237 1893 1805 1970; baseline -0.004 -13"><span class='ocrx_word' id='word_1_111' title='bbox 237 1921 390 1967; x_wconf 81' lang='grc' dir='ltr'>σασα,</span> <span class='ocrx_word' id='word_1_112' title='bbox 421 1903 514 1955; x_wconf 78' lang='grc' dir='ltr'>καὶ</span> <span class='ocrx_word' id='word_1_113' title='bbox 539 1903 703 1970; x_wconf 78' lang='grc' dir='ltr'>φύσιν</span> <span class='ocrx_word' id='word_1_114' title='bbox 741 1899 1062 1970; x_wconf 77' lang='grc' dir='ltr'>ύπερΰᾶσα’</span> <span class='ocrx_word' id='word_1_115' title='bbox 1096 1898 1215 1953; x_wconf 80' lang='grc' dir='ltr'>ἀνθ’</span> <span class='ocrx_word' id='word_1_116' title='bbox 1236 1893 1311 1952; x_wconf 87' lang='grc' dir='ltr'>ὦν</span> <span class='ocrx_word' id='word_1_117' title='bbox 1342 1899 1524 1962; x_wconf 59' lang='lat' dir='ltr'><strong>ialm;</strong></span> <span class='ocrx_word' id='word_1_118' title='bbox 1555 1901 1666 1962; x_wconf 88' lang='grc' dir='ltr'>τοῖς</span> <span class='ocrx_word' id='word_1_119' title='bbox 1706 1915 1805 1951; x_wconf 90' lang='grc' dir='ltr'>πο-</span> 
     </span>
    </p>
   </div>
   <div class='ocr_carea' id='block_1_21' title="bbox 238 1989 1798 2072">
    <p class='ocr_par' dir='ltr' id='par_1_21' title="bbox 238 1989 1798 2072">
     <span class='ocr_line' id='line_1_21' title="bbox 238 1989 1798 2072; baseline -0.003 -25"><span class='ocrx_word' id='word_1_120' title='bbox 238 1997 314 2047; x_wconf 75' lang='grc' dir='ltr'><strong>σὶν</strong></span> <span class='ocrx_word' id='word_1_121' title='bbox 349 1993 732 2072; x_wconf 64' lang='grc' dir='ltr'>ὲπιὸαίνουρα,</span> <span class='ocrx_word' id='word_1_122' title='bbox 764 1992 976 2061; x_wconf 85' lang='grc' dir='ltr'>Μαρία,</span> <span class='ocrx_word' id='word_1_123' title='bbox 1019 1990 1293 2062; x_wconf 81' lang='grc' dir='ltr'>Ἰορδάνην</span> <span class='ocrx_word' id='word_1_124' title='bbox 1325 1989 1680 2061; x_wconf 73' lang='grc' dir='ltr'>διεπέρασας.</span> <span class='ocrx_word' id='word_1_125' title='bbox 1781 2031 1798 2048; x_wconf 84' lang='grc'><strong>.</strong></span> 
     </span>
    </p>
   </div>
   <div class='ocr_carea' id='block_1_22' title="bbox 312 2253 1807 2328">
    <p class='ocr_par' dir='ltr' id='par_1_22' title="bbox 312 2253 1807 2328">
     <span class='ocr_line' id='line_1_22' title="bbox 312 2253 1807 2328; baseline -0.003 -16"><span class='ocrx_word' id='word_1_126' title='bbox 312 2259 557 2312; x_wconf 83' lang='grc' dir='ltr'>Ίλέωσαι</span> <span class='ocrx_word' id='word_1_127' title='bbox 587 2256 680 2311; x_wconf 81' lang='grc' dir='ltr'><strong>τὸν</strong></span> <span class='ocrx_word' id='word_1_128' title='bbox 709 2256 955 2327; x_wconf 80' lang='grc' dir='ltr'>Κτίστην</span> <span class='ocrx_word' id='word_1_129' title='bbox 980 2253 1121 2326; x_wconf 76' lang='grc' dir='ltr'>ὑπὲρ</span> <span class='ocrx_word' id='word_1_130' title='bbox 1146 2255 1256 2308; x_wconf 87' lang='grc' dir='ltr'><strong>τῶν</strong></span> <span class='ocrx_word' id='word_1_131' title='bbox 1295 2254 1807 2328; x_wconf 39' lang='grc' dir='ltr'>εὐφημούντωννσε,</span> 
     </span>
    </p>
   </div>
   <div class='ocr_carea' id='block_1_23' title="bbox 233 2346 1809 2425">
    <p class='ocr_par' dir='ltr' id='par_1_23' title="bbox 233 2346 1809 2425">
     <span class='ocr_line' id='line_1_23' title="bbox 233 2346 1809 2425; baseline -0.004 -20"><span class='ocrx_word' id='word_1_132' title='bbox 233 2352 351 2406; x_wconf 80' lang='grc' dir='ltr'>ὁσία</span> <span class='ocrx_word' id='word_1_133' title='bbox 390 2352 603 2422; x_wconf 78' lang='grc' dir='ltr'>Μῆτερ,</span> <span class='ocrx_word' id='word_1_134' title='bbox 654 2349 922 2421; x_wconf 79' lang='grc' dir='ltr'>ρυσθῆναι</span> <span class='ocrx_word' id='word_1_135' title='bbox 962 2346 1259 2402; x_wconf 85' lang='grc' dir='ltr'>κακώσεων</span> <span class='ocrx_word' id='word_1_136' title='bbox 1285 2348 1377 2400; x_wconf 79' lang='grc' dir='ltr'>καὶ</span> <span class='ocrx_word' id='word_1_137' title='bbox 1413 2346 1809 2425; x_wconf 32' lang='grc' dir='ltr'>Θλίψεων,-τῶν</span> 
     </span>
    </p>
   </div>
   <div class='ocr_carea' id='block_1_24' title="bbox 236 2435 1811 2511">
    <p class='ocr_par' dir='ltr' id='par_1_24' title="bbox 236 2435 1811 2511">
     <span class='ocr_line' id='line_1_24' title="bbox 236 2435 1811 2511; baseline -0.005 -17"><span class='ocrx_word' id='word_1_138' title='bbox 236 2442 417 2511; x_wconf 79' lang='grc' dir='ltr'>κύκλῳ</span> <span class='ocrx_word' id='word_1_139' title='bbox 449 2439 952 2508; x_wconf 82' lang='grc' dir='ltr'>συνεπιτιθεμένων</span> <span class='ocrx_word' id='word_1_140' title='bbox 973 2452 989 2468; x_wconf 77' lang='grc'><strong><em>⁸</em></strong></span> <span class='ocrx_word' id='word_1_141' title='bbox 1030 2435 1118 2489; x_wconf 81' lang='grc' dir='ltr'><strong>ἵνα</strong></span> <span class='ocrx_word' id='word_1_142' title='bbox 1147 2436 1434 2507; x_wconf 80' lang='grc' dir='ltr'>ρυσθέντες</span> <span class='ocrx_word' id='word_1_143' title='bbox 1473 2436 1582 2488; x_wconf 85' lang='grc' dir='ltr'><strong>τῶν</strong></span> <span class='ocrx_word' id='word_1_144' title='bbox 1613 2451 1811 2505; x_wconf 84' lang='grc' dir='ltr'>πειρα-</span> 
     </span>
    </p>
   </div>
   <div class='ocr_carea' id='block_1_25' title="bbox 237 2525 1808 2604">
    <p class='ocr_par' dir='ltr' id='par_1_25' title="bbox 237 2525 1808 2604">
     <span class='ocr_line' id='line_1_25' title="bbox 237 2525 1808 2604; baseline -0.004 -18"><span class='ocrx_word' id='word_1_145' title='bbox 237 2533 406 2604; x_wconf 88' lang='grc' dir='ltr'>σμῶν,</span> <span class='ocrx_word' id='word_1_146' title='bbox 443 2532 840 2604; x_wconf 80' lang='grc' dir='ltr'>μεταλύνωμεν</span> <span class='ocrx_word' id='word_1_147' title='bbox 889 2528 1210 2596; x_wconf 78' lang='grc' dir='ltr'>ἀπαύστως,</span> <span class='ocrx_word' id='word_1_148' title='bbox 1258 2528 1352 2583; x_wconf 70' lang='grc' dir='ltr'><strong>τὸν</strong></span> <span class='ocrx_word' id='word_1_149' title='bbox 1381 2525 1693 2595; x_wconf 81' lang='grc' dir='ltr'>δοξάσαντά</span> <span class='ocrx_word' id='word_1_150' title='bbox 1723 2542 1808 2594; x_wconf 83' lang='grc' dir='ltr'><strong>σε,</strong></span> 
     </span>
    </p>
   </div>
   <div class='ocr_carea' id='block_1_26' title="bbox 236 2623 461 2698">
    <p class='ocr_par' dir='ltr' id='par_1_26' title="bbox 236 2623 461 2698">
     <span class='ocr_line' id='line_1_26' title="bbox 236 2623 461 2698; baseline 0 -20"><span class='ocrx_word' id='word_1_151' title='bbox 236 2623 461 2698; x_wconf 77' lang='grc' dir='ltr'>Κύριον.</span> 
     </span>
    </p>
   </div>
   <div class='ocr_carea' id='block_1_27' title="bbox 866 2711 1173 2781">
    <p class='ocr_par' dir='ltr' id='par_1_27' title="bbox 866 2711 1173 2781">
     <span class='ocr_line' id='line_1_27' title="bbox 866 2711 1173 2781; baseline -0.003 -14"><span class='ocrx_word' id='word_1_152' title='bbox 866 2711 1173 2781; x_wconf 79' lang='grc' dir='ltr'><strong>Ἀνδρέου.</strong></span> 
     </span>
    </p>
   </div>
   <div class='ocr_carea' id='block_1_28' title="bbox 313 2803 1806 2877">
    <p class='ocr_par' dir='ltr' id='par_1_28' title="bbox 313 2803 1806 2877">
     <span class='ocr_line' id='line_1_28' title="bbox 313 2803 1806 2877; baseline 0.001 -18"><span class='ocrx_word' id='word_1_153' title='bbox 313 2805 538 2877; x_wconf 78' lang='grc' dir='ltr'>’Δνδρέα</span> <span class='ocrx_word' id='word_1_154' title='bbox 592 2804 883 2873; x_wconf 78' lang='grc' dir='ltr'>σεὸάσμιε,</span> <span class='ocrx_word' id='word_1_155' title='bbox 941 2805 1040 2857; x_wconf 58' lang='grc' dir='ltr'><strong>καὶ⁵</strong></span> <span class='ocrx_word' id='word_1_156' title='bbox 1108 2803 1292 2872; x_wconf 83' lang='grc' dir='ltr'>Πάτερ</span> <span class='ocrx_word' id='word_1_157' title='bbox 1339 2805 1806 2876; x_wconf 84' lang='grc' dir='ltr'>τρισμακάριστε,</span> 
     </span>
    </p>
   </div>
   <div class='ocr_carea' id='block_1_29' title="bbox 233 2894 1810 2970">
    <p class='ocr_par' dir='ltr' id='par_1_29' title="bbox 233 2894 1810 2970">
     <span class='ocr_line' id='line_1_29' title="bbox 233 2894 1810 2970; baseline 0 -18"><span class='ocrx_word' id='word_1_158' title='bbox 233 2897 435 2968; x_wconf 78' lang='grc' dir='ltr'>ποιμὴν</span> <span class='ocrx_word' id='word_1_159' title='bbox 477 2897 577 2965; x_wconf 84' lang='grc' dir='ltr'>τῆς</span> <span class='ocrx_word' id='word_1_160' title='bbox 605 2896 832 2967; x_wconf 81' lang='grc' dir='ltr'><strong>Κρήτης</strong></span> <span class='ocrx_word' id='word_1_161' title='bbox 856 2935 870 2962; x_wconf 90' lang='grc'><strong>,</strong></span> <span class='ocrx_word' id='word_1_162' title='bbox 913 2895 990 2967; x_wconf 81' lang='grc' dir='ltr'>μὴ</span> <span class='ocrx_word' id='word_1_163' title='bbox 1022 2894 1210 2968; x_wconf 81' lang='grc' dir='ltr'>παύσῃ</span> <span class='ocrx_word' id='word_1_164' title='bbox 1235 2895 1490 2967; x_wconf 86' lang='grc' dir='ltr'>δεόμενος</span> <span class='ocrx_word' id='word_1_165' title='bbox 1527 2897 1668 2970; x_wconf 82' lang='grc' dir='ltr'>ὑπὲρ</span> <span class='ocrx_word' id='word_1_166' title='bbox 1699 2898 1810 2952; x_wconf 87' lang='grc' dir='ltr'><strong>τῶν</strong></span> 
     </span>
    </p>
   </div>
   <div class='ocr_carea' id='block_1_30' title="bbox 236 2984 1808 3059">
    <p class='ocr_par' dir='ltr' id='par_1_30' title="bbox 236 2984 1808 3059">
     <span class='ocr_line' id='line_1_30' title="bbox 236 2984 1808 3059; baseline 0.002 -20"><span class='ocrx_word' id='word_1_167' title='bbox 236 3003 294 3040; x_wconf 81' lang='grc' dir='ltr'><strong>σε</strong></span> <span class='ocrx_word' id='word_1_168' title='bbox 326 2985 641 3057; x_wconf 78' lang='grc' dir='ltr'>ὑμνούντων</span> <span class='ocrx_word' id='word_1_169' title='bbox 664 3003 680 3018; x_wconf 89' lang='grc'><strong>·</strong></span> <span class='ocrx_word' id='word_1_170' title='bbox 708 2985 796 3038; x_wconf 75' lang='grc' dir='ltr'><strong>ἵνα</strong></span> <span class='ocrx_word' id='word_1_171' title='bbox 831 2984 1124 3056; x_wconf 78' lang='grc' dir='ltr'>ῥυσθῶμεν</span> <span class='ocrx_word' id='word_1_172' title='bbox 1165 2985 1350 3055; x_wconf 81' lang='grc' dir='ltr'>πάσης</span> <span class='ocrx_word' id='word_1_173' title='bbox 1376 2987 1548 3059; x_wconf 84' lang='grc' dir='ltr'>ὀργῆς</span> <span class='ocrx_word' id='word_1_174' title='bbox 1572 2990 1670 3043; x_wconf 75' lang='grc' dir='ltr'><strong>καὶ</strong></span> <span class='ocrx_word' id='word_1_175' title='bbox 1693 2988 1808 3044; x_wconf 82' lang='grc' dir='ltr'>θλι-</span> 
     </span>
    </p>
   </div>
   <div class='ocr_carea' id='block_1_31' title="bbox 232 3076 1880 3176">
    <p class='ocr_par' dir='ltr' id='par_1_31' title="bbox 232 3076 1880 3176">
     <span class='ocr_line' id='line_1_31' title="bbox 232 3076 1880 3176; baseline 0.001 -44"><span class='ocrx_word' id='word_1_176' title='bbox 232 3079 396 3149; x_wconf 81' lang='grc' dir='ltr'>ψεως,</span> <span class='ocrx_word' id='word_1_177' title='bbox 423 3078 520 3131; x_wconf 71' lang='grc' dir='ltr'>καὶ</span> <span class='ocrx_word' id='word_1_178' title='bbox 557 3076 764 3147; x_wconf 78' lang='grc' dir='ltr'>φθορᾶς</span> <span class='ocrx_word' id='word_1_179' title='bbox 813 3077 911 3130; x_wconf 73' lang='grc' dir='ltr'><strong>καὶ</strong></span> <span class='ocrx_word' id='word_1_180' title='bbox 940 3077 1302 3148; x_wconf 76' lang='grc' dir='ltr'>πταισμάτων</span> <span class='ocrx_word' id='word_1_181' title='bbox 1345 3079 1685 3153; x_wconf 61' lang='grc' dir='ltr'>ἁνειιιάστων</span> <span class='ocrx_word' id='word_1_182' title='bbox 1709 3120 1725 3147; x_wconf 91' lang='grc'><strong>,</strong></span> <span class='ocrx_word' id='word_1_183' title='bbox 1757 3081 1809 3134; x_wconf 80' lang='grc' dir='ltr'>οἱ</span> <span class='ocrx_word' id='word_1_184' title='bbox 1835 3119 1880 3176; x_wconf 71' lang='lat' dir='ltr'><strong><em>C</em></strong></span> 
     </span>
    </p>
   </div>
   <div class='ocr_carea' id='block_1_32' title="bbox 231 3169 1208 3242">
    <p class='ocr_par' dir='ltr' id='par_1_32' title="bbox 231 3169 1208 3242">
     <span class='ocr_line' id='line_1_32' title="bbox 231 3169 1208 3242; baseline 0 -18"><span class='ocrx_word' id='word_1_185' title='bbox 231 3170 501 3242; x_wconf 81' lang='grc' dir='ltr'>τιμῶντές</span> <span class='ocrx_word' id='word_1_186' title='bbox 533 3186 626 3222; x_wconf 94' lang='grc' dir='ltr'><strong>σου</strong></span> <span class='ocrx_word' id='word_1_187' title='bbox 649 3169 748 3240; x_wconf 79' lang='grc' dir='ltr'>τὴν</span> <span class='ocrx_word' id='word_1_188' title='bbox 776 3169 941 3241; x_wconf 82' lang='grc' dir='ltr'>τιμὴν</span> <span class='ocrx_word' id='word_1_189' title='bbox 972 3169 1208 3232; x_wconf 80' lang='grc' dir='ltr'>πιστῶς.</span> 
     </span>
    </p>
   </div>
   <div class='ocr_carea' id='block_1_33' title="bbox 939 3261 1118 3326">
    <p class='ocr_par' dir='ltr' id='par_1_33' title="bbox 939 3261 1118 3326">
     <span class='ocr_line' id='line_1_33' title="bbox 939 3261 1118 3326; baseline 0.006 -12"><span class='ocrx_word' id='word_1_190' title='bbox 939 3261 1118 3326; x_wconf 78' lang='grc' dir='ltr'>Δόξα.</span> 
     </span>
    </p>
   </div>
   <div class='ocr_carea' id='block_1_34' title="bbox 302 3352 1815 3423">
    <p class='ocr_par' dir='ltr' id='par_1_34' title="bbox 302 3352 1815 3423">
     <span class='ocr_line' id='line_1_34' title="bbox 302 3352 1815 3423; baseline -0.001 -18"><span class='ocrx_word' id='word_1_191' title='bbox 302 3353 476 3422; x_wconf 71' lang='grc' dir='ltr'>Τριας</span> <span class='ocrx_word' id='word_1_192' title='bbox 503 3353 784 3422; x_wconf 80' lang='grc' dir='ltr'>ὁμοούσιε,</span> <span class='ocrx_word' id='word_1_193' title='bbox 814 3352 1000 3415; x_wconf 86' lang='grc' dir='ltr'>Μόνας</span> <span class='ocrx_word' id='word_1_194' title='bbox 1030 3355 1063 3423; x_wconf 86' lang='grc' dir='ltr'><strong>ή</strong></span> <span class='ocrx_word' id='word_1_195' title='bbox 1095 3352 1532 3423; x_wconf 86' lang='grc' dir='ltr'>τρισυπόστατος</span> <span class='ocrx_word' id='word_1_196' title='bbox 1558 3368 1572 3384; x_wconf 78' lang='lat'><strong><em>°</em></strong></span> <span class='ocrx_word' id='word_1_197' title='bbox 1604 3353 1665 3405; x_wconf 79' lang='grc' dir='ltr'>σὲ</span> <span class='ocrx_word' id='word_1_198' title='bbox 1692 3353 1815 3405; x_wconf 79' lang='grc' dir='ltr'>ἀνυ-</span> 
     </span>
    </p>
   </div>
   <div class='ocr_carea' id='block_1_35' title="bbox 233 3423 1816 3516">
    <p class='ocr_par' dir='ltr' id='par_1_35' title="bbox 233 3423 1816 3516">
     <span class='ocr_line' id='line_1_35' title="bbox 233 3423 1816 3516; baseline -0.002 -16"><span class='ocrx_word' id='word_1_199' title='bbox 233 3444 375 3516; x_wconf 60' lang='lat' dir='ltr'><strong>two-3</strong></span> <span class='ocrx_word' id='word_1_200' title='bbox 383 3462 503 3515; x_wconf 88' lang='grc' dir='ltr'>μεν,</span> <span class='ocrx_word' id='word_1_201' title='bbox 525 3445 745 3513; x_wconf 78' lang='grc' dir='ltr'>Πατέρα</span> <span class='ocrx_word' id='word_1_202' title='bbox 767 3445 1105 3510; x_wconf 75' lang='grc' dir='ltr'>δοξάζοντες,</span> <span class='ocrx_word' id='word_1_203' title='bbox 1125 3445 1254 3499; x_wconf 77' lang='grc' dir='ltr'>Υῑὸν</span> <span class='ocrx_word' id='word_1_204' title='bbox 1283 3423 1700 3516; x_wconf 54' lang='grc' dir='ltr'>μεγαλύνοντες,</span> <span class='ocrx_word' id='word_1_205' title='bbox 1719 3447 1816 3499; x_wconf 74' lang='grc' dir='ltr'>καὶ</span> 
     </span>
    </p>
   </div>
   <div class='ocr_carea' id='block_1_36' title="bbox 231 3532 1813 3607">
    <p class='ocr_par' dir='ltr' id='par_1_36' title="bbox 231 3532 1813 3607">
     <span class='ocr_line' id='line_1_36' title="bbox 231 3532 1813 3607; baseline -0.001 -16"><span class='ocrx_word' id='word_1_206' title='bbox 231 3537 469 3606; x_wconf 77' lang='grc' dir='ltr'>Πνεῦμα</span> <span class='ocrx_word' id='word_1_207' title='bbox 497 3535 953 3607; x_wconf 81' lang='grc' dir='ltr'>προσκυνοῦντες,</span> <span class='ocrx_word' id='word_1_208' title='bbox 977 3536 1067 3589; x_wconf 82' lang='grc' dir='ltr'><strong>τὸν</strong></span> <span class='ocrx_word' id='word_1_209' title='bbox 1090 3537 1187 3592; x_wconf 73' lang='grc' dir='ltr'><strong>ἕνα</strong></span> <span class='ocrx_word' id='word_1_210' title='bbox 1211 3537 1372 3607; x_wconf 87' lang='grc' dir='ltr'>φύσει</span> <span class='ocrx_word' id='word_1_211' title='bbox 1394 3532 1612 3606; x_wconf 78' lang='grc' dir='ltr'>άληθῶς</span> <span class='ocrx_word' id='word_1_212' title='bbox 1650 3537 1782 3590; x_wconf 84' lang='grc' dir='ltr'>Θεὸν</span> <span class='ocrx_word' id='word_1_213' title='bbox 1798 3575 1813 3604; x_wconf 93' lang='grc'><strong>,</strong></span> 
     </span>
    </p>
   </div>
   <div class='ocr_carea' id='block_1_37' title="bbox 232 3627 1529 3707">
    <p class='ocr_par' dir='ltr' id='par_1_37' title="bbox 232 3627 1529 3707">
     <span class='ocr_line' id='line_1_37' title="bbox 232 3627 1529 3707; baseline 0.001 -25"><span class='ocrx_word' id='word_1_214' title='bbox 232 3629 386 3700; x_wconf 75' lang='grc' dir='ltr'>ζωήν</span> <span class='ocrx_word' id='word_1_215' title='bbox 406 3645 470 3707; x_wconf 6' lang='grc' dir='ltr'><strong>,τε</strong></span> <span class='ocrx_word' id='word_1_216' title='bbox 503 3629 598 3682; x_wconf 77' lang='grc' dir='ltr'>καὶ</span> <span class='ocrx_word' id='word_1_217' title='bbox 632 3629 798 3695; x_wconf 81' lang='grc' dir='ltr'>ζωὰς,</span> <span class='ocrx_word' id='word_1_218' title='bbox 830 3628 1112 3699; x_wconf 80' lang='grc' dir='ltr'>βασιλειαν</span> <span class='ocrx_word' id='word_1_219' title='bbox 1149 3627 1529 3700; x_wconf 82' lang='grc' dir='ltr'>ἀτελεύτητον.</span> 
     </span>
    </p>
   </div>
   <div class='ocr_carea' id='block_1_38' title="bbox 906 3804 1148 3857">
    <p class='ocr_par' dir='ltr' id='par_1_38' title="bbox 906 3804 1148 3857">
     <span class='ocr_line' id='line_1_38' title="bbox 906 3804 1148 3857; baseline 0.008 -2"><span class='ocrx_word' id='word_1_220' title='bbox 906 3804 1148 3857; x_wconf 77' lang='grc' dir='ltr'>Θεοτόκ.</span> 
     </span>
    </p>
   </div>
   <div class='ocr_carea' id='block_1_39' title="bbox 306 3893 1818 3966">
    <p class='ocr_par' dir='ltr' id='par_1_39' title="bbox 306 3893 1818 3966">
     <span class='ocr_line' id='line_1_39' title="bbox 306 3893 1818 3966; baseline 0.003 -21"><span class='ocrx_word' id='word_1_221' title='bbox 306 3893 424 3961; x_wconf 76' lang='grc' dir='ltr'><strong>Τὴν</strong></span> <span class='ocrx_word' id='word_1_222' title='bbox 456 3893 610 3945; x_wconf 86' lang='grc' dir='ltr'>πόλιν</span> <span class='ocrx_word' id='word_1_223' title='bbox 634 3909 726 3946; x_wconf 79' lang='grc' dir='ltr'><strong>σου</strong></span> <span class='ocrx_word' id='word_1_224' title='bbox 755 3894 992 3963; x_wconf 73' lang='grc' dir='ltr'>φύλαττε</span> <span class='ocrx_word' id='word_1_225' title='bbox 1013 3936 1028 3959; x_wconf 90' lang='grc'><strong>,</strong></span> <span class='ocrx_word' id='word_1_226' title='bbox 1058 3895 1428 3965; x_wconf 78' lang='grc' dir='ltr'>Θεογεννῆτορ</span> <span class='ocrx_word' id='word_1_227' title='bbox 1455 3894 1689 3966; x_wconf 80' lang='grc' dir='ltr'>ἄχραντε</span> <span class='ocrx_word' id='word_1_228' title='bbox 1713 3913 1727 3929; x_wconf 75' lang='grc' dir='ltr'><strong>ο</strong></span> <span class='ocrx_word' id='word_1_229' title='bbox 1759 3898 1818 3950; x_wconf 83' lang='grc' dir='ltr'>ὲν</span> 
     </span>
    </p>
   </div>
   <div class='ocr_carea' id='block_1_40' title="bbox 232 3983 1820 4060">
    <p class='ocr_par' dir='ltr' id='par_1_40' title="bbox 232 3983 1820 4060">
     <span class='ocr_line' id='line_1_40' title="bbox 232 3983 1820 4060; baseline 0.001 -22"><span class='ocrx_word' id='word_1_230' title='bbox 232 3985 326 4038; x_wconf 77' lang='grc' dir='ltr'>σοὶ</span> <span class='ocrx_word' id='word_1_231' title='bbox 352 3984 464 4055; x_wconf 85' lang='grc' dir='ltr'>γὰρ</span> <span class='ocrx_word' id='word_1_232' title='bbox 490 3983 630 4055; x_wconf 78' lang='grc' dir='ltr'>αὕτη</span> <span class='ocrx_word' id='word_1_233' title='bbox 656 3985 866 4047; x_wconf 83' lang='grc' dir='ltr'>πιστῶς</span> <span class='ocrx_word' id='word_1_234' title='bbox 892 3985 1272 4056; x_wconf 84' lang='grc' dir='ltr'>βασιλεύουσα,</span> <span class='ocrx_word' id='word_1_235' title='bbox 1300 3988 1358 4040; x_wconf 83' lang='grc' dir='ltr'>ὲν</span> <span class='ocrx_word' id='word_1_236' title='bbox 1384 3986 1468 4039; x_wconf 68' lang='grc' dir='ltr'><strong>σοι</strong></span> <span class='ocrx_word' id='word_1_237' title='bbox 1496 3987 1592 4040; x_wconf 73' lang='grc' dir='ltr'><strong>καὶ</strong></span> <span class='ocrx_word' id='word_1_238' title='bbox 1615 3987 1820 4060; x_wconf 84' lang='grc' dir='ltr'>κρατύ-</span> 
     </span>
    </p>
   </div>
   <div class='ocr_carea' id='block_1_41' title="bbox 229 4075 1818 4150">
    <p class='ocr_par' dir='ltr' id='par_1_41' title="bbox 229 4075 1818 4150">
     <span class='ocr_line' id='line_1_41' title="bbox 229 4075 1818 4150; baseline 0.003 -22"><span class='ocrx_word' id='word_1_239' title='bbox 229 4091 393 4128; x_wconf 83' lang='grc' dir='ltr'>νεται</span> <span class='ocrx_word' id='word_1_240' title='bbox 416 4091 431 4104; x_wconf 90' lang='grc'><strong>·</strong></span> <span class='ocrx_word' id='word_1_241' title='bbox 459 4077 553 4128; x_wconf 73' lang='grc' dir='ltr'>καὶ</span> <span class='ocrx_word' id='word_1_242' title='bbox 574 4075 664 4127; x_wconf 80' lang='grc' dir='ltr'>διὰ</span> <span class='ocrx_word' id='word_1_243' title='bbox 687 4075 780 4128; x_wconf 83' lang='grc' dir='ltr'>σοῦ</span> <span class='ocrx_word' id='word_1_244' title='bbox 809 4078 1015 4129; x_wconf 83' lang='grc' dir='ltr'>νικῶσα</span> <span class='ocrx_word' id='word_1_245' title='bbox 1037 4116 1052 4140; x_wconf 91' lang='grc'><strong>,</strong></span> <span class='ocrx_word' id='word_1_246' title='bbox 1079 4077 1377 4146; x_wconf 80' lang='grc' dir='ltr'>τροποῦται</span> <span class='ocrx_word' id='word_1_247' title='bbox 1419 4080 1598 4132; x_wconf 84' lang='grc' dir='ltr'>πάντα</span> <span class='ocrx_word' id='word_1_248' title='bbox 1627 4096 1818 4150; x_wconf 85' lang='grc' dir='ltr'>πειρα-</span> 
     </span>
    </p>
   </div>
   <div class='ocr_carea' id='block_1_42' title="bbox 231 4167 1818 4242">
    <p class='ocr_par' dir='ltr' id='par_1_42' title="bbox 231 4167 1818 4242">
     <span class='ocr_line' id='line_1_42' title="bbox 231 4167 1818 4242; baseline 0.004 -24"><span class='ocrx_word' id='word_1_249' title='bbox 231 4168 401 4236; x_wconf 72' lang='grc' dir='ltr'>σμὸν,</span> <span class='ocrx_word' id='word_1_250' title='bbox 452 4167 551 4220; x_wconf 80' lang='grc' dir='ltr'><strong>καὶ</strong></span> <span class='ocrx_word' id='word_1_251' title='bbox 588 4168 838 4222; x_wconf 79' lang='grc' dir='ltr'>σκυλεύει</span> <span class='ocrx_word' id='word_1_252' title='bbox 870 4167 1184 4238; x_wconf 71' lang='grc' dir='ltr'>πολεμίους,</span> <span class='ocrx_word' id='word_1_253' title='bbox 1213 4171 1308 4222; x_wconf 59' lang='grc' dir='ltr'><strong>καὶ⁹</strong></span> <span class='ocrx_word' id='word_1_254' title='bbox 1347 4169 1523 4223; x_wconf 76' lang='grc' dir='ltr'>διέπει</span> <span class='ocrx_word' id='word_1_255' title='bbox 1579 4170 1641 4224; x_wconf 83' lang='grc' dir='ltr'>τὸ</span> <span class='ocrx_word' id='word_1_256' title='bbox 1673 4172 1818 4242; x_wconf 73' lang='grc' dir='ltr'>ὑπή-ο</span> 
     </span>
    </p>
   </div>
   <div class='ocr_carea' id='block_1_43' title="bbox 233 4273 396 4310">
    <p class='ocr_par' dir='ltr' id='par_1_43' title="bbox 233 4273 396 4310">
     <span class='ocr_line' id='line_1_43' title="bbox 233 4273 396 4310; baseline 0 0"><span class='ocrx_word' id='word_1_257' title='bbox 233 4273 396 4310; x_wconf 85' lang='grc' dir='ltr'>κοον.</span> 
     </span>
    </p>
   </div>
   <div class='ocr_carea' id='block_1_44' title="bbox 224 4367 1821 4441">
    <p class='ocr_par' dir='ltr' id='par_1_44' title="bbox 224 4367 1821 4441">
     <span class='ocr_line' id='line_1_44' title="bbox 224 4367 1821 4441; baseline 0.005 -21"><span class='ocrx_word' id='word_1_258' title='bbox 224 4369 360 4441; x_wconf 7' lang='grc' dir='ltr'>Εἰς,</span> <span class='ocrx_word' id='word_1_259' title='bbox 391 4367 474 4441; x_wconf 15' lang='grc' dir='ltr'><strong>τὸν</strong></span> <span class='ocrx_word' id='word_1_260' title='bbox 555 4368 956 4433; x_wconf 74' lang='grc' dir='ltr'>Ἀπόδειπνοι·,</span> <span class='ocrx_word' id='word_1_261' title='bbox 1016 4369 1338 4440; x_wconf 67' lang='grc' dir='ltr'>ψὰλλομεν</span> <span class='ocrx_word' id='word_1_262' title='bbox 1395 4374 1503 4426; x_wconf 82' lang='grc' dir='ltr'><strong>τὸν</strong></span> <span class='ocrx_word' id='word_1_263' title='bbox 1553 4375 1821 4441; x_wconf 80' lang='grc' dir='ltr'>παρόντα</span> 
     </span>
    </p>
   </div>
   <div class='ocr_carea' id='block_1_45' title="bbox 306 4440 1895 4519">
    <p class='ocr_par' dir='ltr' id='par_1_45' title="bbox 306 4440 1895 4519">
     <span class='ocr_line' id='line_1_45' title="bbox 306 4440 1895 4519; baseline 0.006 -31"><span class='ocrx_word' id='word_1_264' title='bbox 306 4440 556 4519; x_wconf 46' lang='lat' dir='ltr'><strong>garove:</strong></span> <span class='ocrx_word' id='word_1_265' title='bbox 581 4455 594 4467; x_wconf 87' lang='grc'><strong>·</strong></span> <span class='ocrx_word' id='word_1_266' title='bbox 651 4441 882 4519; x_wconf 57' lang='grc' dir='ltr'>ίξοζημα</span> <span class='ocrx_word' id='word_1_267' title='bbox 925 4441 1032 4519; x_wconf 53' lang='lat' dir='ltr'><strong>to?</strong></span> <span class='ocrx_word' id='word_1_268' title='bbox 1056 4442 1258 4519; x_wconf 56' lang='lat' dir='ltr'><strong>“artat;</strong></span> <span class='ocrx_word' id='word_1_269' title='bbox 1295 4443 1542 4519; x_wconf 49' lang='lat' dir='ltr'><strong>adepti;-</strong></span> <span class='ocrx_word' id='word_1_270' title='bbox 1609 4440 1818 4512; x_wconf 61' lang='grc' dir='ltr'>κυρίου</span> <span class='ocrx_word' id='word_1_271' title='bbox 1853 4465 1895 4519; x_wconf 72' lang='grc' dir='ltr'>ι)</span> 
     </span>
    </p>
   </div>
   <div class='ocr_carea' id='block_1_46' title="bbox 322 4506 1551 4582">
    <p class='ocr_par' dir='ltr' id='par_1_46' title="bbox 322 4506 1551 4582">
     <span class='ocr_line' id='line_1_46' title="bbox 322 4506 1551 4582; baseline 0.003 -20"><span class='ocrx_word' id='word_1_272' title='bbox 322 4506 610 4575; x_wconf 82' lang='grc' dir='ltr'><strong>Ἀνδρέου</strong></span> <span class='ocrx_word' id='word_1_273' title='bbox 640 4509 876 4576; x_wconf 80' lang='grc' dir='ltr'>Κρήτης</span> <span class='ocrx_word' id='word_1_274' title='bbox 911 4509 1016 4564; x_wconf 85' lang='grc' dir='ltr'>τοῦ</span> <span class='ocrx_word' id='word_1_275' title='bbox 1056 4506 1551 4582; x_wconf 68' lang='grc' dir='ltr'>Ἰεροσολυμίέοὖ.</span> 
     </span>
    </p>
   </div>
   <div class='ocr_carea' id='block_1_47' title="bbox 649 4618 1451 4694">
    <p class='ocr_par' dir='ltr' id='par_1_47' title="bbox 649 4618 1451 4694">
     <span class='ocr_line' id='line_1_47' title="bbox 649 4618 1451 4694; baseline 0.006 -20"><span class='ocrx_word' id='word_1_276' title='bbox 649 4622 784 4694; x_wconf 79' lang='grc' dir='ltr'><strong>ᾨδὴ</strong></span> <span class='ocrx_word' id='word_1_277' title='bbox 812 4628 884 4676; x_wconf 82' lang='grc' dir='ltr'>α’.</span> <span class='ocrx_word' id='word_1_278' title='bbox 915 4618 1016 4693; x_wconf 83' lang='grc' dir='ltr'><strong>ἦχ.</strong></span> <span class='ocrx_word' id='word_1_279' title='bbox 1041 4629 1114 4678; x_wconf 86' lang='lat' dir='ltr'><strong>a&#39;.</strong></span> <span class='ocrx_word' id='word_1_280' title='bbox 1132 4623 1192 4676; x_wconf 84' lang='grc' dir='ltr'>Ὀ</span> <span class='ocrx_word' id='word_1_281' title='bbox 1216 4626 1451 4694; x_wconf 80' lang='grc' dir='ltr'>Εἱρμός,</span> 
     </span>
    </p>
   </div>
   <div class='ocr_carea' id='block_1_48' title="bbox 320 4733 1816 4807">
    <p class='ocr_par' dir='ltr' id='par_1_48' title="bbox 320 4733 1816 4807">
     <span class='ocr_line' id='line_1_48' title="bbox 320 4733 1816 4807; baseline 0.002 -20"><span class='ocrx_word' id='word_1_282' title='bbox 320 4733 482 4807; x_wconf 54' lang='lat' dir='ltr'><strong>nam</strong></span> <span class='ocrx_word' id='word_1_283' title='bbox 506 4734 770 4788; x_wconf 80' lang='grc' dir='ltr'>ἐπινίκιον</span> <span class='ocrx_word' id='word_1_284' title='bbox 795 4735 1016 4805; x_wconf 82' lang='grc' dir='ltr'>ᾄσωμεν</span> <span class='ocrx_word' id='word_1_285' title='bbox 1051 4737 1252 4798; x_wconf 81' lang='grc' dir='ltr'>πάντες</span> <span class='ocrx_word' id='word_1_286' title='bbox 1282 4736 1401 4805; x_wconf 85' lang='grc' dir='ltr'><strong>Θεῷ</strong></span> <span class='ocrx_word' id='word_1_287' title='bbox 1429 4737 1506 4807; x_wconf 79' lang='grc' dir='ltr'>τῷ</span> <span class='ocrx_word' id='word_1_288' title='bbox 1527 4737 1816 4807; x_wconf 81' lang='grc' dir='ltr'>ποιήσαντι</span> 
     </span>
    </p>
   </div>
   <div class='ocr_carea' id='block_1_49' title="bbox 225 4825 1814 4898">
    <p class='ocr_par' dir='ltr' id='par_1_49' title="bbox 225 4825 1814 4898">
     <span class='ocr_line' id='line_1_49' title="bbox 225 4825 1814 4898; baseline 0.001 -20"><span class='ocrx_word' id='word_1_289' title='bbox 225 4825 537 4894; x_wconf 70' lang='grc' dir='ltr'>θαυμαστά</span> <span class='ocrx_word' id='word_1_290' title='bbox 574 4826 777 4896; x_wconf 75' lang='grc' dir='ltr'>τέρατα</span> <span class='ocrx_word' id='word_1_291' title='bbox 809 4827 1058 4898; x_wconf 77' lang='grc' dir='ltr'>βραχίονι</span> <span class='ocrx_word' id='word_1_292' title='bbox 1086 4826 1296 4898; x_wconf 65' lang='grc' dir='ltr'>ὑψηλῷ,</span> <span class='ocrx_word' id='word_1_293' title='bbox 1330 4829 1426 4881; x_wconf 73' lang='grc' dir='ltr'>καὶ</span> <span class='ocrx_word' id='word_1_294' title='bbox 1461 4828 1694 4882; x_wconf 84' lang='grc' dir='ltr'>σώσαντι</span> <span class='ocrx_word' id='word_1_295' title='bbox 1723 4829 1814 4881; x_wconf 76' lang='grc' dir='ltr'><strong>τὸν</strong></span> 
     </span>
    </p>
   </div>
   <div class='ocr_carea' id='block_1_50' title="bbox 237 4905 1311 4987">
    <p class='ocr_par' dir='ltr' id='par_1_50' title="bbox 237 4905 1311 4987">
     <span class='ocr_line' id='line_1_50' title="bbox 237 4905 1311 4987; baseline 0.001 -19"><span class='ocrx_word' id='word_1_296' title='bbox 237 4916 476 4987; x_wconf 79' lang='grc' dir='ltr'>Ἰσραήλ</span> <span class='ocrx_word' id='word_1_297' title='bbox 489 4931 502 4944; x_wconf 75' lang='grc' dir='ltr'><strong><em>ο</em></strong></span> <span class='ocrx_word' id='word_1_298' title='bbox 536 4915 617 4968; x_wconf 89' lang='grc' dir='ltr'><strong>ὃτι</strong></span> <span class='ocrx_word' id='word_1_299' title='bbox 639 4914 970 4980; x_wconf 80' lang='grc' dir='ltr'>δεδόξασται.</span> <span class='ocrx_word' id='word_1_300' title='bbox 1306 4905 1311 4912; x_wconf 59' lang='grc'><em>’</em></span> 
     </span>
    </p>
   </div>
   <div class='ocr_carea' id='block_1_51' title="bbox 303 5007 1816 5079">
    <p class='ocr_par' dir='ltr' id='par_1_51' title="bbox 303 5007 1816 5079">
     <span class='ocr_line' id='line_1_51' title="bbox 303 5007 1816 5079; baseline 0.001 -19"><span class='ocrx_word' id='word_1_301' title='bbox 303 5007 530 5078; x_wconf 80' lang='grc' dir='ltr'>Νεκρδν</span> <span class='ocrx_word' id='word_1_302' title='bbox 584 5009 961 5079; x_wconf 85' lang='grc' dir='ltr'>τετραήμερον</span> <span class='ocrx_word' id='word_1_303' title='bbox 1006 5007 1401 5079; x_wconf 77' lang='grc' dir='ltr'>ἐξαναστήσας,</span> <span class='ocrx_word' id='word_1_304' title='bbox 1453 5008 1636 5078; x_wconf 82' lang='grc' dir='ltr'>Σῶτέρ</span> <span class='ocrx_word' id='word_1_305' title='bbox 1692 5024 1816 5079; x_wconf 86' lang='grc' dir='ltr'>μου,</span> 
     </span>
    </p>
   </div>
   <div class='ocr_carea' id='block_1_52' title="bbox 308 5184 810 5249">
    <p class='ocr_par' dir='ltr' id='par_1_52' title="bbox 308 5184 810 5249">
     <span class='ocr_line' id='line_1_52' title="bbox 308 5184 810 5249; baseline 0 -11"><span class='ocrx_word' id='word_1_306' title='bbox 308 5195 346 5238; x_wconf 72' lang='grc' dir='ltr'><strong>ει</strong></span> <span class='ocrx_word' id='word_1_307' title='bbox 391 5184 543 5240; x_wconf 88' lang='lat' dir='ltr'><strong>Psal.</strong></span> <span class='ocrx_word' id='word_1_308' title='bbox 594 5198 679 5249; x_wconf 85' lang='lat' dir='ltr'><strong>cv,</strong></span> <span class='ocrx_word' id='word_1_309' title='bbox 712 5185 810 5240; x_wconf 72' lang='lat' dir='ltr'><strong>2i.</strong></span> 
     </span>
    </p>
   </div>
   <div class='ocr_carea' id='block_1_53' title="bbox 1897 523 3470 594">
    <p class='ocr_par' dir='ltr' id='par_1_53' title="bbox 1897 523 3470 594">
     <span class='ocr_line' id='line_1_53' title="bbox 1897 523 3470 594; baseline -0.005 -6"><span class='ocrx_word' id='word_1_310' title='bbox 1897 531 2049 594; x_wconf 82' lang='lat' dir='ltr'><strong>Jesu,</strong></span> <span class='ocrx_word' id='word_1_311' title='bbox 2080 531 2274 586; x_wconf 86' lang='lat' dir='ltr'><strong>videns</strong></span> <span class='ocrx_word' id='word_1_312' title='bbox 2301 543 2466 584; x_wconf 88' lang='lat' dir='ltr'><strong>carne</strong></span> <span class='ocrx_word' id='word_1_313' title='bbox 2502 528 2777 583; x_wconf 76' lang='lat' dir='ltr'><strong>conﬁxum</strong></span> <span class='ocrx_word' id='word_1_314' title='bbox 2816 525 3010 590; x_wconf 81' lang='lat' dir='ltr'><strong>clavis,</strong></span> <span class='ocrx_word' id='word_1_315' title='bbox 3040 523 3130 578; x_wconf 86' lang='lat' dir='ltr'><strong>die</strong></span> <span class='ocrx_word' id='word_1_316' title='bbox 3155 524 3334 580; x_wconf 90' lang='lat' dir='ltr'><strong>media</strong></span> <span class='ocrx_word' id='word_1_317' title='bbox 3371 525 3470 580; x_wconf 88' lang='lat' dir='ltr'><strong>ob-</strong></span> 
     </span>
    </p>
   </div>
   <div class='ocr_carea' id='block_1_54' title="bbox 1899 621 2378 676">
    <p class='ocr_par' dir='ltr' id='par_1_54' title="bbox 1899 621 2378 676">
     <span class='ocr_line' id='line_1_54' title="bbox 1899 621 2378 676; baseline -0.004 -2"><span class='ocrx_word' id='word_1_318' title='bbox 1899 621 2242 676; x_wconf 85' lang='lat' dir='ltr'><strong>tenebratum</strong></span> <span class='ocrx_word' id='word_1_319' title='bbox 2272 627 2378 674; x_wconf 90' lang='lat' dir='ltr'><strong>est.</strong></span> 
     </span>
    </p>
   </div>
   <div class='ocr_carea' id='block_1_55' title="bbox 1968 707 3473 780">
    <p class='ocr_par' dir='ltr' id='par_1_55' title="bbox 1968 707 3473 780">
     <span class='ocr_line' id='line_1_55' title="bbox 1968 707 3473 780; baseline -0.003 -16"><span class='ocrx_word' id='word_1_320' title='bbox 1968 709 2242 780; x_wconf 82' lang='lat' dir='ltr'><strong>Ne,rogo,</strong></span> <span class='ocrx_word' id='word_1_321' title='bbox 2272 710 2470 779; x_wconf 82' lang='lat' dir='ltr'><strong>dignos</strong></span> <span class='ocrx_word' id='word_1_322' title='bbox 2501 724 2531 764; x_wconf 92' lang='lat' dir='ltr'><strong>a</strong></span> <span class='ocrx_word' id='word_1_323' title='bbox 2565 725 2654 765; x_wconf 87' lang='lat' dir='ltr'><strong>me</strong></span> <span class='ocrx_word' id='word_1_324' title='bbox 2679 707 3021 780; x_wconf 70' lang='lat' dir='ltr'><strong>poenitentiae</strong></span> <span class='ocrx_word' id='word_1_325' title='bbox 3042 707 3258 764; x_wconf 83' lang='lat' dir='ltr'><strong>fructus</strong></span> <span class='ocrx_word' id='word_1_326' title='bbox 3278 721 3473 778; x_wconf 83' lang='lat' dir='ltr'><strong>exege-</strong></span> 
     </span>
    </p>
   </div>
   <div class='ocr_carea' id='block_1_56' title="bbox 1901 796 3474 865">
    <p class='ocr_par' dir='ltr' id='par_1_56' title="bbox 1901 796 3474 865">
     <span class='ocr_line' id='line_1_56' title="bbox 1901 796 3474 865; baseline -0.004 -12"><span class='ocrx_word' id='word_1_327' title='bbox 1901 800 2006 865; x_wconf 87' lang='lat' dir='ltr'><strong>ris;</strong></span> <span class='ocrx_word' id='word_1_328' title='bbox 2037 815 2160 853; x_wconf 88' lang='lat' dir='ltr'><strong>nam</strong></span> <span class='ocrx_word' id='word_1_329' title='bbox 2186 800 2362 853; x_wconf 90' lang='lat' dir='ltr'><strong>virtus</strong></span> <span class='ocrx_word' id='word_1_330' title='bbox 2402 813 2520 853; x_wconf 88' lang='lat' dir='ltr'><strong>mea</strong></span> <span class='ocrx_word' id='word_1_331' title='bbox 2561 799 2614 852; x_wconf 90' lang='lat' dir='ltr'><strong>in</strong></span> <span class='ocrx_word' id='word_1_332' title='bbox 2646 813 2730 853; x_wconf 88' lang='lat' dir='ltr'><strong>me</strong></span> <span class='ocrx_word' id='word_1_333' title='bbox 2758 797 2981 852; x_wconf 80' lang='lat' dir='ltr'><strong>defecit.</strong></span> <span class='ocrx_word' id='word_1_334' title='bbox 3013 796 3164 852; x_wconf 89' lang='lat' dir='ltr'><strong>Dona</strong></span> <span class='ocrx_word' id='word_1_335' title='bbox 3194 811 3292 850; x_wconf 88' lang='lat' dir='ltr'><strong>cor</strong></span> <span class='ocrx_word' id='word_1_336' title='bbox 3324 810 3474 850; x_wconf 89' lang='lat' dir='ltr'><strong>sem-</strong></span> 
     </span>
    </p>
   </div>
   <div class='ocr_carea' id='block_1_57' title="bbox 1903 889 3476 960">
    <p class='ocr_par' dir='ltr' id='par_1_57' title="bbox 1903 889 3476 960">
     <span class='ocr_line' id='line_1_57' title="bbox 1903 889 3476 960; baseline -0.001 -17"><span class='ocrx_word' id='word_1_337' title='bbox 1903 906 1999 960; x_wconf 87' lang='lat' dir='ltr'><strong>per</strong></span> <span class='ocrx_word' id='word_1_338' title='bbox 2031 891 2347 952; x_wconf 89' lang='lat' dir='ltr'><strong>contritum,</strong></span> <span class='ocrx_word' id='word_1_339' title='bbox 2395 901 2448 944; x_wconf 86' lang='lat' dir='ltr'><strong>et</strong></span> <span class='ocrx_word' id='word_1_340' title='bbox 2477 889 2708 959; x_wconf 89' lang='lat' dir='ltr'><strong>spiritus</strong></span> <span class='ocrx_word' id='word_1_341' title='bbox 2747 898 3162 959; x_wconf 83' lang='lat' dir='ltr'><strong>paupertatem;</strong></span> <span class='ocrx_word' id='word_1_342' title='bbox 3198 905 3307 959; x_wconf 92' lang='lat' dir='ltr'><strong>quo</strong></span> <span class='ocrx_word' id='word_1_343' title='bbox 3359 889 3476 944; x_wconf 60' lang='lat' dir='ltr'><strong>haec</strong></span> 
     </span>
    </p>
   </div>
   <div class='ocr_carea' id='block_1_58' title="bbox 1903 979 3475 1049">
    <p class='ocr_par' dir='ltr' id='par_1_58' title="bbox 1903 979 3475 1049">
     <span class='ocr_line' id='line_1_58' title="bbox 1903 979 3475 1049; baseline -0.002 -16"><span class='ocrx_word' id='word_1_344' title='bbox 1903 995 2139 1048; x_wconf 78' lang='lat' dir='ltr'><strong>semper,</strong></span> <span class='ocrx_word' id='word_1_345' title='bbox 2163 980 2262 1034; x_wconf 86' lang='lat' dir='ltr'><strong>tibi</strong></span> <span class='ocrx_word' id='word_1_346' title='bbox 2288 981 2386 1036; x_wconf 91' lang='lat' dir='ltr'><strong>soli</strong></span> <span class='ocrx_word' id='word_1_347' title='bbox 2409 980 2706 1044; x_wconf 87' lang='lat' dir='ltr'><strong>Salvatori,</strong></span> <span class='ocrx_word' id='word_1_348' title='bbox 2733 988 2795 1034; x_wconf 91' lang='lat' dir='ltr'><strong>ut</strong></span> <span class='ocrx_word' id='word_1_349' title='bbox 2811 979 3200 1049; x_wconf 88' lang='lat' dir='ltr'><strong>acceptabilem</strong></span> <span class='ocrx_word' id='word_1_350' title='bbox 3235 979 3475 1035; x_wconf 81' lang='lat' dir='ltr'><strong>hostiam</strong></span> 
     </span>
    </p>
   </div>
   <div class='ocr_carea' id='block_1_59' title="bbox 1902 1070 2147 1126">
    <p class='ocr_par' dir='ltr' id='par_1_59' title="bbox 1902 1070 2147 1126">
     <span class='ocr_line' id='line_1_59' title="bbox 1902 1070 2147 1126; baseline -0.008 0"><span class='ocrx_word' id='word_1_351' title='bbox 1902 1070 2147 1126; x_wconf 80' lang='lat' dir='ltr'><strong>oﬂeratu.</strong></span> 
     </span>
    </p>
   </div>
   <div class='ocr_carea' id='block_1_60' title="bbox 1971 1160 3479 1233">
    <p class='ocr_par' dir='ltr' id='par_1_60' title="bbox 1971 1160 3479 1233">
     <span class='ocr_line' id='line_1_60' title="bbox 1971 1160 3479 1233; baseline -0.002 -16"><span class='ocrx_word' id='word_1_352' title='bbox 1971 1160 2147 1217; x_wconf 80' lang='lat' dir='ltr'><strong>Judex</strong></span> <span class='ocrx_word' id='word_1_353' title='bbox 2189 1176 2346 1218; x_wconf 89' lang='lat' dir='ltr'><strong>meus</strong></span> <span class='ocrx_word' id='word_1_354' title='bbox 2382 1169 2436 1216; x_wconf 87' lang='lat' dir='ltr'><strong>et</strong></span> <span class='ocrx_word' id='word_1_355' title='bbox 2461 1161 2713 1233; x_wconf 87' lang='lat' dir='ltr'><strong>cognitor</strong></span> <span class='ocrx_word' id='word_1_356' title='bbox 2739 1177 2924 1228; x_wconf 89' lang='lat' dir='ltr'><strong>meus;</strong></span> <span class='ocrx_word' id='word_1_357' title='bbox 2956 1162 3049 1231; x_wconf 88' lang='lat' dir='ltr'><strong>qui</strong></span> <span class='ocrx_word' id='word_1_358' title='bbox 3080 1171 3348 1216; x_wconf 88' lang='lat' dir='ltr'><strong>venturus</strong></span> <span class='ocrx_word' id='word_1_359' title='bbox 3377 1163 3479 1214; x_wconf 85' lang='lat' dir='ltr'><strong>ite-</strong></span> 
     </span>
    </p>
   </div>
   <div class='ocr_carea' id='block_1_61' title="bbox 1904 1251 3480 1324">
    <p class='ocr_par' dir='ltr' id='par_1_61' title="bbox 1904 1251 3480 1324">
     <span class='ocr_line' id='line_1_61' title="bbox 1904 1251 3480 1324; baseline -0.003 -16"><span class='ocrx_word' id='word_1_360' title='bbox 1904 1269 2025 1308; x_wconf 88' lang='lat' dir='ltr'><strong>rum</strong></span> <span class='ocrx_word' id='word_1_361' title='bbox 2065 1268 2123 1309; x_wconf 85' lang='lat' dir='ltr'><strong>es</strong></span> <span class='ocrx_word' id='word_1_362' title='bbox 2158 1269 2283 1308; x_wconf 90' lang='lat' dir='ltr'><strong>cum</strong></span> <span class='ocrx_word' id='word_1_363' title='bbox 2317 1252 2526 1323; x_wconf 79' lang='lat' dir='ltr'><strong>angelis</strong></span> <span class='ocrx_word' id='word_1_364' title='bbox 2555 1252 2911 1324; x_wconf 86' lang='lat' dir='ltr'><strong>judicaturus</strong></span> <span class='ocrx_word' id='word_1_365' title='bbox 2963 1252 3223 1305; x_wconf 85' lang='lat' dir='ltr'><strong>mundqu</strong></span> <span class='ocrx_word' id='word_1_366' title='bbox 3257 1251 3480 1306; x_wconf 77' lang='lat' dir='ltr'><strong>univer-</strong></span> 
     </span>
    </p>
   </div>
   <div class='ocr_carea' id='block_1_62' title="bbox 1902 1343 3478 1413">
    <p class='ocr_par' dir='ltr' id='par_1_62' title="bbox 1902 1343 3478 1413">
     <span class='ocr_line' id='line_1_62' title="bbox 1902 1343 3478 1413; baseline -0.002 -13"><span class='ocrx_word' id='word_1_367' title='bbox 1902 1359 2025 1400; x_wconf 90' lang='lat' dir='ltr'><strong>sum</strong></span> <span class='ocrx_word' id='word_1_368' title='bbox 2056 1362 2070 1397; x_wconf 91' lang='lat'><strong>:</strong></span> <span class='ocrx_word' id='word_1_369' title='bbox 2101 1352 2232 1398; x_wconf 92' lang='lat' dir='ltr'><strong>tunc</strong></span> <span class='ocrx_word' id='word_1_370' title='bbox 2265 1360 2353 1399; x_wconf 88' lang='lat' dir='ltr'><strong>me</strong></span> <span class='ocrx_word' id='word_1_371' title='bbox 2381 1344 2651 1413; x_wconf 86' lang='lat' dir='ltr'><strong>propitius</strong></span> <span class='ocrx_word' id='word_1_372' title='bbox 2681 1344 3120 1413; x_wconf 69' lang='lat' dir='ltr'><strong>intuens,~parce</strong></span> <span class='ocrx_word' id='word_1_373' title='bbox 3156 1358 3220 1397; x_wconf 90' lang='lat' dir='ltr'><strong>ac</strong></span> <span class='ocrx_word' id='word_1_374' title='bbox 3248 1343 3478 1397; x_wconf 89' lang='lat' dir='ltr'><strong>misere-</strong></span> 
     </span>
    </p>
   </div>
   <div class='ocr_carea' id='block_1_63' title="bbox 1904 1434 3480 1506">
    <p class='ocr_par' dir='ltr' id='par_1_63' title="bbox 1904 1434 3480 1506">
     <span class='ocr_line' id='line_1_63' title="bbox 1904 1434 3480 1506; baseline -0.001 -17"><span class='ocrx_word' id='word_1_375' title='bbox 1904 1451 1986 1501; x_wconf 87' lang='lat' dir='ltr'><strong>re,</strong></span> <span class='ocrx_word' id='word_1_376' title='bbox 2009 1450 2042 1490; x_wconf 93' lang='grc' dir='ltr'><strong>ο</strong></span> <span class='ocrx_word' id='word_1_377' title='bbox 2075 1434 2228 1501; x_wconf 83' lang='lat' dir='ltr'><strong>Jesu,</strong></span> <span class='ocrx_word' id='word_1_378' title='bbox 2260 1436 2355 1506; x_wconf 87' lang='lat' dir='ltr'><strong>qui</strong></span> <span class='ocrx_word' id='word_1_379' title='bbox 2399 1449 2566 1506; x_wconf 84' lang='lat' dir='ltr'><strong>supra</strong></span> <span class='ocrx_word' id='word_1_380' title='bbox 2618 1434 2934 1490; x_wconf 88' lang='lat' dir='ltr'><strong>universum</strong></span> <span class='ocrx_word' id='word_1_381' title='bbox 2980 1435 3280 1489; x_wconf 88' lang='lat' dir='ltr'><strong>humanum</strong></span> <span class='ocrx_word' id='word_1_382' title='bbox 3308 1449 3480 1503; x_wconf 78' lang='lat' dir='ltr'><strong>genus</strong></span> 
     </span>
    </p>
   </div>
   <div class='ocr_carea' id='block_1_64' title="bbox 1907 1527 2150 1596">
    <p class='ocr_par' dir='ltr' id='par_1_64' title="bbox 1907 1527 2150 1596">
     <span class='ocr_line' id='line_1_64' title="bbox 1907 1527 2150 1596; baseline 0.004 -14"><span class='ocrx_word' id='word_1_383' title='bbox 1907 1527 2150 1596; x_wconf 80' lang='lat' dir='ltr'><strong>peccavi.</strong></span> 
     </span>
    </p>
   </div>
   <div class='ocr_carea' id='block_1_65' title="bbox 2521 1615 2885 1672">
    <p class='ocr_par' dir='ltr' id='par_1_65' title="bbox 2521 1615 2885 1672">
     <span class='ocr_line' id='line_1_65' title="bbox 2521 1615 2885 1672; baseline 0 -2"><span class='ocrx_word' id='word_1_384' title='bbox 2521 1615 2587 1670; x_wconf 83' lang='lat' dir='ltr'><strong>In</strong></span> <span class='ocrx_word' id='word_1_385' title='bbox 2610 1615 2885 1672; x_wconf 80' lang='lat' dir='ltr'><strong>Sanctam.</strong></span> 
     </span>
    </p>
   </div>
   <div class='ocr_carea' id='block_1_66' title="bbox 1977 1707 3482 1767">
    <p class='ocr_par' dir='ltr' id='par_1_66' title="bbox 1977 1707 3482 1767">
     <span class='ocr_line' id='line_1_66' title="bbox 1977 1707 3482 1767; baseline 0.001 -5"><span class='ocrx_word' id='word_1_386' title='bbox 1977 1707 2093 1764; x_wconf 87' lang='lat' dir='ltr'><strong>Tua</strong></span> <span class='ocrx_word' id='word_1_387' title='bbox 2126 1708 2218 1763; x_wconf 89' lang='lat' dir='ltr'><strong>illa</strong></span> <span class='ocrx_word' id='word_1_388' title='bbox 2248 1724 2389 1764; x_wconf 89' lang='lat' dir='ltr'><strong>nova</strong></span> <span class='ocrx_word' id='word_1_389' title='bbox 2422 1709 2635 1764; x_wconf 83' lang='lat' dir='ltr'><strong>vivendi</strong></span> <span class='ocrx_word' id='word_1_390' title='bbox 2683 1711 2898 1765; x_wconf 83' lang='lat' dir='ltr'><strong>ratione</strong></span> <span class='ocrx_word' id='word_1_391' title='bbox 2932 1711 3219 1766; x_wconf 86' lang='lat' dir='ltr'><strong>universos</strong></span> <span class='ocrx_word' id='word_1_392' title='bbox 3265 1711 3319 1764; x_wconf 93' lang='lat' dir='ltr'><strong>in</strong></span> <span class='ocrx_word' id='word_1_393' title='bbox 3362 1722 3482 1767; x_wconf 86' lang='lat' dir='ltr'><strong>stu-</strong></span> 
     </span>
    </p>
   </div>
   <div class='ocr_carea' id='block_1_67' title="bbox 1908 1799 3484 1871">
    <p class='ocr_par' dir='ltr' id='par_1_67' title="bbox 1908 1799 3484 1871">
     <span class='ocr_line' id='line_1_67' title="bbox 1908 1799 3484 1871; baseline 0.002 -19"><span class='ocrx_word' id='word_1_394' title='bbox 1908 1799 2325 1869; x_wconf 82' lang='lat' dir='ltr'><strong>porem,egisti;</strong></span> <span class='ocrx_word' id='word_1_395' title='bbox 2360 1808 2479 1854; x_wconf 94' lang='lat' dir='ltr'><strong>tum</strong></span> <span class='ocrx_word' id='word_1_396' title='bbox 2514 1800 2796 1870; x_wconf 82' lang='lat' dir='ltr'><strong>angelicas</strong></span> <span class='ocrx_word' id='word_1_397' title='bbox 2838 1801 3084 1865; x_wconf 79' lang='lat' dir='ltr'><strong>ordines,</strong></span> <span class='ocrx_word' id='word_1_398' title='bbox 3126 1809 3242 1871; x_wconf 85' lang='lat' dir='ltr'><strong>tum</strong></span> <span class='ocrx_word' id='word_1_399' title='bbox 3275 1814 3484 1856; x_wconf 80' lang='lat' dir='ltr'><strong>morta-</strong></span> 
     </span>
    </p>
   </div>
   <div class='ocr_carea' id='block_1_68' title="bbox 1908 1887 3484 1960">
    <p class='ocr_par' dir='ltr' id='par_1_68' title="bbox 1908 1887 3484 1960">
     <span class='ocr_line' id='line_1_68' title="bbox 1908 1887 3484 1960; baseline 0.003 -18"><span class='ocrx_word' id='word_1_400' title='bbox 1908 1887 2042 1943; x_wconf 91' lang='lat' dir='ltr'><strong>lium</strong></span> <span class='ocrx_word' id='word_1_401' title='bbox 2073 1901 2250 1945; x_wconf 69' lang='lat' dir='ltr'><strong>caatus</strong></span> <span class='ocrx_word' id='word_1_402' title='bbox 2279 1907 2292 1943; x_wconf 91' lang='lat'>:</span> <span class='ocrx_word' id='word_1_403' title='bbox 2320 1906 2442 1960; x_wconf 80' lang='lat' dir='ltr'><strong>qua:</strong></span> <span class='ocrx_word' id='word_1_404' title='bbox 2482 1893 2630 1946; x_wconf 86' lang='lat' dir='ltr'><strong>velut</strong></span> <span class='ocrx_word' id='word_1_405' title='bbox 2679 1891 2798 1945; x_wconf 86' lang='lat' dir='ltr'><strong>sine</strong></span> <span class='ocrx_word' id='word_1_406' title='bbox 2834 1906 3070 1960; x_wconf 87' lang='lat' dir='ltr'><strong>corpore</strong></span> <span class='ocrx_word' id='word_1_407' title='bbox 3119 1892 3344 1954; x_wconf 78' lang='lat' dir='ltr'><strong>vixeris.</strong></span> <span class='ocrx_word' id='word_1_408' title='bbox 3378 1894 3484 1947; x_wconf 82' lang='lat' dir='ltr'><strong>sis.-</strong></span> 
     </span>
    </p>
   </div>
   <div class='ocr_carea' id='block_1_69' title="bbox 1908 1982 3485 2052">
    <p class='ocr_par' dir='ltr' id='par_1_69' title="bbox 1908 1982 3485 2052">
     <span class='ocr_line' id='line_1_69' title="bbox 1908 1982 3485 2052; baseline 0.003 -19"><span class='ocrx_word' id='word_1_409' title='bbox 1908 1995 2016 2050; x_wconf 92' lang='lat' dir='ltr'><strong>que</strong></span> <span class='ocrx_word' id='word_1_410' title='bbox 2058 1996 2418 2052; x_wconf 87' lang='lat' dir='ltr'><strong>supergressa</strong></span> <span class='ocrx_word' id='word_1_411' title='bbox 2451 1991 2710 2036; x_wconf 88' lang='lat' dir='ltr'><strong>naturam</strong></span> <span class='ocrx_word' id='word_1_412' title='bbox 2737 1999 2752 2034; x_wconf 91' lang='lat'><strong>:</strong></span> <span class='ocrx_word' id='word_1_413' title='bbox 2775 1982 3133 2052; x_wconf 86' lang='lat' dir='ltr'><strong>quamobrem</strong></span> <span class='ocrx_word' id='word_1_414' title='bbox 3179 1984 3329 2036; x_wconf 86' lang='lat' dir='ltr'><strong>velut</strong></span> <span class='ocrx_word' id='word_1_415' title='bbox 3364 1985 3485 2038; x_wconf 86' lang='lat' dir='ltr'><strong>sine</strong></span> 
     </span>
    </p>
   </div>
   <div class='ocr_carea' id='block_1_70' title="bbox 1909 2072 3485 2143">
    <p class='ocr_par' dir='ltr' id='par_1_70' title="bbox 1909 2072 3485 2143">
     <span class='ocr_line' id='line_1_70' title="bbox 1909 2072 3485 2143; baseline 0.001 -17"><span class='ocrx_word' id='word_1_416' title='bbox 1909 2086 2143 2142; x_wconf 86' lang='lat' dir='ltr'><strong>corpore</strong></span> <span class='ocrx_word' id='word_1_417' title='bbox 2210 2074 2438 2143; x_wconf 85' lang='lat' dir='ltr'><strong>pedibus</strong></span> <span class='ocrx_word' id='word_1_418' title='bbox 2498 2072 2780 2141; x_wconf 88' lang='lat' dir='ltr'><strong>incedens,</strong></span> <span class='ocrx_word' id='word_1_419' title='bbox 2836 2089 2870 2129; x_wconf 90' lang='grc' dir='ltr'><strong>ο</strong></span> <span class='ocrx_word' id='word_1_420' title='bbox 2930 2072 3123 2141; x_wconf 82' lang='lat' dir='ltr'><strong>Maria,</strong></span> <span class='ocrx_word' id='word_1_421' title='bbox 3185 2074 3485 2129; x_wconf 80' lang='lat' dir='ltr'><strong>Jordanem</strong></span> 
     </span>
    </p>
   </div>
   <div class='ocr_carea' id='block_1_71' title="bbox 1909 2161 2245 2217">
    <p class='ocr_par' dir='ltr' id='par_1_71' title="bbox 1909 2161 2245 2217">
     <span class='ocr_line' id='line_1_71' title="bbox 1909 2161 2245 2217; baseline 0.012 -4"><span class='ocrx_word' id='word_1_422' title='bbox 1909 2161 2245 2217; x_wconf 83' lang='lat' dir='ltr'><strong>transivisti.</strong></span> 
     </span>
    </p>
   </div>
   <div class='ocr_carea' id='block_1_72' title="bbox 1981 2251 3487 2326">
    <p class='ocr_par' dir='ltr' id='par_1_72' title="bbox 1981 2251 3487 2326">
     <span class='ocr_line' id='line_1_72' title="bbox 1981 2251 3487 2326; baseline 0.003 -20"><span class='ocrx_word' id='word_1_423' title='bbox 1981 2251 2055 2307; x_wconf 89' lang='lat' dir='ltr'><strong>lis</strong></span> <span class='ocrx_word' id='word_1_424' title='bbox 2072 2252 2384 2310; x_wconf 88' lang='lat' dir='ltr'><strong>Creatorem</strong></span> <span class='ocrx_word' id='word_1_425' title='bbox 2411 2256 2591 2326; x_wconf 75' lang='lat' dir='ltr'><strong>placa,</strong></span> <span class='ocrx_word' id='word_1_426' title='bbox 2623 2272 2655 2313; x_wconf 93' lang='grc' dir='ltr'><strong>ο</strong></span> <span class='ocrx_word' id='word_1_427' title='bbox 2675 2263 2866 2313; x_wconf 89' lang='lat' dir='ltr'><strong>sancta</strong></span> <span class='ocrx_word' id='word_1_428' title='bbox 2890 2254 3078 2320; x_wconf 86' lang='lat' dir='ltr'><strong>Mater,</strong></span> <span class='ocrx_word' id='word_1_429' title='bbox 3108 2255 3202 2324; x_wconf 86' lang='lat' dir='ltr'><strong>qui</strong></span> <span class='ocrx_word' id='word_1_430' title='bbox 3235 2264 3286 2310; x_wconf 92' lang='lat' dir='ltr'><strong>te</strong></span> <span class='ocrx_word' id='word_1_431' title='bbox 3307 2256 3487 2310; x_wconf 83' lang='lat' dir='ltr'><strong>laudi-</strong></span> 
     </span>
    </p>
   </div>
   <div class='ocr_carea' id='block_1_73' title="bbox 1910 2343 3488 2414">
    <p class='ocr_par' dir='ltr' id='par_1_73' title="bbox 1910 2343 3488 2414">
     <span class='ocr_line' id='line_1_73' title="bbox 1910 2343 3488 2414; baseline 0.004 -16"><span class='ocrx_word' id='word_1_432' title='bbox 1910 2343 2016 2399; x_wconf 89' lang='lat' dir='ltr'><strong>bus</strong></span> <span class='ocrx_word' id='word_1_433' title='bbox 2039 2345 2354 2414; x_wconf 88' lang='lat' dir='ltr'><strong>celebrant;</strong></span> <span class='ocrx_word' id='word_1_434' title='bbox 2384 2358 2444 2402; x_wconf 93' lang='lat' dir='ltr'><strong>ut</strong></span> <span class='ocrx_word' id='word_1_435' title='bbox 2488 2363 2519 2403; x_wconf 87' lang='lat' dir='ltr'><strong>a</strong></span> <span class='ocrx_word' id='word_1_436' title='bbox 2571 2348 2731 2404; x_wconf 90' lang='lat' dir='ltr'><strong>malis</strong></span> <span class='ocrx_word' id='word_1_437' title='bbox 2775 2359 2831 2403; x_wconf 88' lang='lat' dir='ltr'><strong>et</strong></span> <span class='ocrx_word' id='word_1_438' title='bbox 2876 2349 3286 2404; x_wconf 87' lang='lat' dir='ltr'><strong>calamitatibus</strong></span> <span class='ocrx_word' id='word_1_439' title='bbox 3317 2349 3488 2404; x_wconf 75' lang='lat' dir='ltr'><strong>unde—</strong></span> 
     </span>
    </p>
   </div>
   <div class='ocr_carea' id='block_1_74' title="bbox 1911 2439 3487 2510">
    <p class='ocr_par' dir='ltr' id='par_1_74' title="bbox 1911 2439 3487 2510">
     <span class='ocr_line' id='line_1_74' title="bbox 1911 2439 3487 2510; baseline 0.003 -20"><span class='ocrx_word' id='word_1_440' title='bbox 1911 2451 2133 2507; x_wconf 88' lang='lat' dir='ltr'><strong>quaque</strong></span> <span class='ocrx_word' id='word_1_441' title='bbox 2186 2439 2603 2496; x_wconf 90' lang='lat' dir='ltr'><strong>imminentibus</strong></span> <span class='ocrx_word' id='word_1_442' title='bbox 2660 2441 2999 2496; x_wconf 90' lang='lat' dir='ltr'><strong>liberemur:</strong></span> <span class='ocrx_word' id='word_1_443' title='bbox 3045 2457 3156 2510; x_wconf 93' lang='lat' dir='ltr'><strong>quo</strong></span> <span class='ocrx_word' id='word_1_444' title='bbox 3202 2441 3414 2496; x_wconf 83' lang='lat' dir='ltr'><strong>liberati</strong></span> <span class='ocrx_word' id='word_1_445' title='bbox 3455 2457 3487 2494; x_wconf 87' lang='lat' dir='ltr'><strong>a</strong></span> 
     </span>
    </p>
   </div>
   <div class='ocr_carea' id='block_1_75' title="bbox 1910 2527 3491 2602">
    <p class='ocr_par' dir='ltr' id='par_1_75' title="bbox 1910 2527 3491 2602">
     <span class='ocr_line' id='line_1_75' title="bbox 1910 2527 3491 2602; baseline 0.006 -23"><span class='ocrx_word' id='word_1_446' title='bbox 1910 2527 2338 2596; x_wconf 85' lang='lat' dir='ltr'><strong>tentationibus,</strong></span> <span class='ocrx_word' id='word_1_447' title='bbox 2373 2529 2662 2585; x_wconf 90' lang='lat' dir='ltr'><strong>Dominum</strong></span> <span class='ocrx_word' id='word_1_448' title='bbox 2690 2531 2784 2602; x_wconf 86' lang='lat' dir='ltr'><strong>qui</strong></span> <span class='ocrx_word' id='word_1_449' title='bbox 2807 2530 2939 2586; x_wconf 80' lang='lat' dir='ltr'><strong>fecit</strong></span> <span class='ocrx_word' id='word_1_450' title='bbox 2963 2531 3282 2600; x_wconf 75' lang='lat' dir='ltr'><strong>gloriosam,</strong></span> <span class='ocrx_word' id='word_1_451' title='bbox 3316 2531 3491 2588; x_wconf 82' lang='lat' dir='ltr'><strong>ince&#39;s-</strong></span> 
     </span>
    </p>
   </div>
   <div class='ocr_carea' id='block_1_76' title="bbox 1911 2619 3318 2689">
    <p class='ocr_par' dir='ltr' id='par_1_76' title="bbox 1911 2619 3318 2689">
     <span class='ocr_line' id='line_1_76' title="bbox 1911 2619 3318 2689; baseline 0.011 -18"><span class='ocrx_word' id='word_1_452' title='bbox 1911 2625 2098 2672; x_wconf 80' lang='lat' dir='ltr'><strong>santer</strong></span> <span class='ocrx_word' id='word_1_453' title='bbox 2119 2619 2551 2689; x_wconf 82' lang='lat' dir='ltr'><strong>magniﬁcemus.</strong></span> <span class='ocrx_word' id='word_1_454' title='bbox 3313 2619 3318 2627; x_wconf 72' lang='grc'><em>’</em></span> 
     </span>
    </p>
   </div>
   <div class='ocr_carea' id='block_1_77' title="bbox 2501 2712 3390 2772">
    <p class='ocr_par' dir='ltr' id='par_1_77' title="bbox 2501 2712 3390 2772">
     <span class='ocr_line' id='line_1_77' title="bbox 2501 2712 3390 2772; baseline 0.006 -5"><span class='ocrx_word' id='word_1_455' title='bbox 2501 2712 2566 2767; x_wconf 81' lang='lat' dir='ltr'><strong>In</strong></span> <span class='ocrx_word' id='word_1_456' title='bbox 2599 2715 2891 2770; x_wconf 80' lang='lat' dir='ltr'><strong>Andream.</strong></span> <span class='ocrx_word' id='word_1_457' title='bbox 3383 2765 3390 2772; x_wconf 89' lang='lat'><strong>.</strong></span> 
     </span>
    </p>
   </div>
   <div class='ocr_carea' id='block_1_78' title="bbox 1981 2799 3489 2876">
    <p class='ocr_par' dir='ltr' id='par_1_78' title="bbox 1981 2799 3489 2876">
     <span class='ocr_line' id='line_1_78' title="bbox 1981 2799 3489 2876; baseline 0.009 -23"><span class='ocrx_word' id='word_1_458' title='bbox 1981 2799 2199 2857; x_wconf 84' lang='lat' dir='ltr'><strong>Andrea</strong></span> <span class='ocrx_word' id='word_1_459' title='bbox 2247 2805 2598 2870; x_wconf 85' lang='lat' dir='ltr'><strong>venerabilis,</strong></span> <span class='ocrx_word' id='word_1_460' title='bbox 2634 2821 2699 2861; x_wconf 89' lang='lat' dir='ltr'><strong>ac</strong></span> <span class='ocrx_word' id='word_1_461' title='bbox 2738 2808 3059 2865; x_wconf 85' lang='lat' dir='ltr'><strong>beatissime</strong></span> <span class='ocrx_word' id='word_1_462' title='bbox 3088 2806 3268 2876; x_wconf 89' lang='lat' dir='ltr'><strong>Pater,</strong></span> <span class='ocrx_word' id='word_1_463' title='bbox 3312 2807 3489 2866; x_wconf 83' lang='lat' dir='ltr'><strong>Cretae</strong></span> 
     </span>
    </p>
   </div>
   <div class='ocr_carea' id='block_1_79' title="bbox 1910 2897 3487 2970">
    <p class='ocr_par' dir='ltr' id='par_1_79' title="bbox 1910 2897 3487 2970">
     <span class='ocr_line' id='line_1_79' title="bbox 1910 2897 3487 2970; baseline 0.008 -26"><span class='ocrx_word' id='word_1_464' title='bbox 1910 2901 2124 2961; x_wconf 89' lang='lat' dir='ltr'><strong>pastor,</strong></span> <span class='ocrx_word' id='word_1_465' title='bbox 2161 2908 2229 2949; x_wconf 90' lang='lat' dir='ltr'><strong>ne</strong></span> <span class='ocrx_word' id='word_1_466' title='bbox 2258 2897 2565 2951; x_wconf 88' lang='lat' dir='ltr'><strong>cessaveris</strong></span> <span class='ocrx_word' id='word_1_467' title='bbox 2599 2911 2759 2953; x_wconf 89' lang='lat' dir='ltr'><strong>orare</strong></span> <span class='ocrx_word' id='word_1_468' title='bbox 2789 2913 2890 2968; x_wconf 87' lang='lat' dir='ltr'><strong>pro</strong></span> <span class='ocrx_word' id='word_1_469' title='bbox 2918 2899 2988 2955; x_wconf 89' lang='lat' dir='ltr'><strong>iis</strong></span> <span class='ocrx_word' id='word_1_470' title='bbox 3018 2901 3113 2970; x_wconf 90' lang='lat' dir='ltr'><strong>qui</strong></span> <span class='ocrx_word' id='word_1_471' title='bbox 3144 2910 3194 2955; x_wconf 81' lang='lat' dir='ltr'><strong>te</strong></span> <span class='ocrx_word' id='word_1_472' title='bbox 3224 2901 3487 2970; x_wconf 87' lang='lat' dir='ltr'><strong>laudant;</strong></span> 
     </span>
    </p>
   </div>
   <div class='ocr_carea' id='block_1_80' title="bbox 1913 2985 3489 3062">
    <p class='ocr_par' dir='ltr' id='par_1_80' title="bbox 1913 2985 3489 3062">
     <span class='ocr_line' id='line_1_80' title="bbox 1913 2985 3489 3062; baseline 0.008 -24"><span class='ocrx_word' id='word_1_473' title='bbox 1913 2991 1972 3038; x_wconf 91' lang='lat' dir='ltr'><strong>ut</strong></span> <span class='ocrx_word' id='word_1_474' title='bbox 1995 2985 2066 3040; x_wconf 90' lang='lat' dir='ltr'><strong>ab</strong></span> <span class='ocrx_word' id='word_1_475' title='bbox 2095 2985 2244 3041; x_wconf 87' lang='lat' dir='ltr'><strong>omni</strong></span> <span class='ocrx_word' id='word_1_476' title='bbox 2271 2986 2374 3050; x_wconf 87' lang='lat' dir='ltr'><strong>ira,</strong></span> <span class='ocrx_word' id='word_1_477' title='bbox 2407 2996 2461 3044; x_wconf 91' lang='lat' dir='ltr'><strong>et</strong></span> <span class='ocrx_word' id='word_1_478' title='bbox 2488 2988 2799 3054; x_wconf 75' lang='lat' dir='ltr'><strong>afﬂictione,</strong></span> <span class='ocrx_word' id='word_1_479' title='bbox 2834 2992 3136 3062; x_wconf 83' lang='lat' dir='ltr'><strong>exitioque,</strong></span> <span class='ocrx_word' id='word_1_480' title='bbox 3173 2993 3489 3052; x_wconf 83' lang='lat' dir='ltr'><strong>immensis-</strong></span> 
     </span>
    </p>
   </div>
   <div class='ocr_carea' id='block_1_81' title="bbox 1911 3076 3488 3150">
    <p class='ocr_par' dir='ltr' id='par_1_81' title="bbox 1911 3076 3488 3150">
     <span class='ocr_line' id='line_1_81' title="bbox 1911 3076 3488 3150; baseline 0.008 -22"><span class='ocrx_word' id='word_1_481' title='bbox 1911 3089 2020 3143; x_wconf 89' lang='lat' dir='ltr'><strong>que</strong></span> <span class='ocrx_word' id='word_1_482' title='bbox 2068 3076 2314 3146; x_wconf 90' lang='lat' dir='ltr'><strong>lapsibus</strong></span> <span class='ocrx_word' id='word_1_483' title='bbox 2345 3077 2677 3146; x_wconf 86' lang='lat' dir='ltr'><strong>liberemur,</strong></span> <span class='ocrx_word' id='word_1_484' title='bbox 2714 3079 2806 3150; x_wconf 88' lang='lat' dir='ltr'><strong>qui</strong></span> <span class='ocrx_word' id='word_1_485' title='bbox 2836 3080 2979 3138; x_wconf 84' lang='lat' dir='ltr'><strong>lldeli</strong></span> <span class='ocrx_word' id='word_1_486' title='bbox 3017 3091 3069 3138; x_wconf 86' lang='lat' dir='ltr'><strong>te</strong></span> <span class='ocrx_word' id='word_1_487' title='bbox 3103 3084 3288 3140; x_wconf 88' lang='lat' dir='ltr'><strong>animo</strong></span> <span class='ocrx_word' id='word_1_488' title='bbox 3312 3085 3488 3141; x_wconf 83' lang='lat' dir='ltr'><strong>bono-</strong></span> 
     </span>
    </p>
   </div>
   <div class='ocr_carea' id='block_1_82' title="bbox 1915 3180 2123 3221">
    <p class='ocr_par' dir='ltr' id='par_1_82' title="bbox 1915 3180 2123 3221">
     <span class='ocr_line' id='line_1_82' title="bbox 1915 3180 2123 3221; baseline 0 -2"><span class='ocrx_word' id='word_1_489' title='bbox 1915 3180 2123 3221; x_wconf 86' lang='lat' dir='ltr'><strong>ramus.</strong></span> 
     </span>
    </p>
   </div>
   <div class='ocr_carea' id='block_1_83' title="bbox 2597 3262 2802 3316">
    <p class='ocr_par' dir='ltr' id='par_1_83' title="bbox 2597 3262 2802 3316">
     <span class='ocr_line' id='line_1_83' title="bbox 2597 3262 2802 3316; baseline -0.01 0"><span class='ocrx_word' id='word_1_490' title='bbox 2597 3262 2802 3316; x_wconf 80' lang='lat' dir='ltr'><strong>Gloria.</strong></span> 
     </span>
    </p>
   </div>
   <div class='ocr_carea' id='block_1_84' title="bbox 1983 3345 3487 3425">
    <p class='ocr_par' dir='ltr' id='par_1_84' title="bbox 1983 3345 3487 3425">
     <span class='ocr_line' id='line_1_84' title="bbox 1983 3345 3487 3425; baseline 0.011 -26"><span class='ocrx_word' id='word_1_491' title='bbox 1983 3345 2227 3402; x_wconf 86' lang='lat' dir='ltr'><strong>Trinitas</strong></span> <span class='ocrx_word' id='word_1_492' title='bbox 2243 3351 2749 3415; x_wconf 87' lang='lat' dir='ltr'><strong>consubstantialis,</strong></span> <span class='ocrx_word' id='word_1_493' title='bbox 2773 3351 2966 3409; x_wconf 91' lang='lat' dir='ltr'><strong>Unitas</strong></span> <span class='ocrx_word' id='word_1_494' title='bbox 2983 3355 3127 3409; x_wconf 89' lang='lat' dir='ltr'><strong>trine</strong></span> <span class='ocrx_word' id='word_1_495' title='bbox 3153 3357 3487 3425; x_wconf 84' lang='lat' dir='ltr'><strong>subsistens,</strong></span> 
     </span>
    </p>
   </div>
   <div class='ocr_carea' id='block_1_85' title="bbox 1917 3435 3490 3515">
    <p class='ocr_par' dir='ltr' id='par_1_85' title="bbox 1917 3435 3490 3515">
     <span class='ocr_line' id='line_1_85' title="bbox 1917 3435 3490 3515; baseline 0.011 -27"><span class='ocrx_word' id='word_1_496' title='bbox 1917 3442 1968 3490; x_wconf 85' lang='lat' dir='ltr'><strong>te</strong></span> <span class='ocrx_word' id='word_1_497' title='bbox 2017 3435 2338 3500; x_wconf 87' lang='lat' dir='ltr'><strong>laudamus;</strong></span> <span class='ocrx_word' id='word_1_498' title='bbox 2386 3438 2602 3496; x_wconf 89' lang='lat' dir='ltr'><strong>Patrem</strong></span> <span class='ocrx_word' id='word_1_499' title='bbox 2637 3441 3034 3510; x_wconf 76' lang='lat' dir='ltr'><strong>gloriﬁcantes,</strong></span> <span class='ocrx_word' id='word_1_500' title='bbox 3074 3446 3490 3515; x_wconf 80' lang='lat' dir='ltr'><strong>magniﬁcautes</strong></span> 
     </span>
    </p>
   </div>
   <div class='ocr_carea' id='block_1_86' title="bbox 1916 3523 3492 3600">
    <p class='ocr_par' dir='ltr' id='par_1_86' title="bbox 1916 3523 3492 3600">
     <span class='ocr_line' id='line_1_86' title="bbox 1916 3523 3492 3600; baseline 0.01 -22"><span class='ocrx_word' id='word_1_501' title='bbox 1916 3523 2140 3592; x_wconf 84' lang='lat' dir='ltr'><strong>Filium,</strong></span> <span class='ocrx_word' id='word_1_502' title='bbox 2172 3541 2236 3582; x_wconf 86' lang='lat' dir='ltr'><strong>ac</strong></span> <span class='ocrx_word' id='word_1_503' title='bbox 2278 3526 2543 3600; x_wconf 88' lang='lat' dir='ltr'><strong>Spiritum</strong></span> <span class='ocrx_word' id='word_1_504' title='bbox 2579 3531 2894 3596; x_wconf 90' lang='lat' dir='ltr'><strong>adorantes,</strong></span> <span class='ocrx_word' id='word_1_505' title='bbox 2928 3549 3098 3588; x_wconf 87' lang='lat' dir='ltr'><strong>unum</strong></span> <span class='ocrx_word' id='word_1_506' title='bbox 3126 3550 3253 3590; x_wconf 86' lang='lat' dir='ltr'><strong>vere</strong></span> <span class='ocrx_word' id='word_1_507' title='bbox 3295 3547 3492 3594; x_wconf 88' lang='lat' dir='ltr'><strong>natura</strong></span> 
     </span>
    </p>
   </div>
   <div class='ocr_carea' id='block_1_87' title="bbox 1915 3617 3491 3693">
    <p class='ocr_par' dir='ltr' id='par_1_87' title="bbox 1915 3617 3491 3693">
     <span class='ocr_line' id='line_1_87' title="bbox 1915 3617 3491 3693; baseline 0.01 -22"><span class='ocrx_word' id='word_1_508' title='bbox 1915 3617 2107 3682; x_wconf 85' lang='lat' dir='ltr'><strong>Deum,</strong></span> <span class='ocrx_word' id='word_1_509' title='bbox 2148 3619 2429 3692; x_wconf 85' lang='lat' dir='ltr'><strong>vitamque</strong></span> <span class='ocrx_word' id='word_1_510' title='bbox 2476 3629 2529 3677; x_wconf 89' lang='lat' dir='ltr'><strong>et</strong></span> <span class='ocrx_word' id='word_1_511' title='bbox 2558 3622 2702 3678; x_wconf 87' lang='lat' dir='ltr'><strong>vitas</strong></span> <span class='ocrx_word' id='word_1_512' title='bbox 2747 3622 2894 3693; x_wconf 68' lang='lat'><strong>(-49);</strong></span> <span class='ocrx_word' id='word_1_513' title='bbox 2947 3624 3354 3683; x_wconf 87' lang='lat' dir='ltr'><strong>interminabile</strong></span> <span class='ocrx_word' id='word_1_514' title='bbox 3402 3646 3491 3686; x_wconf 84' lang='lat' dir='ltr'><strong>rc-</strong></span> 
     </span>
    </p>
   </div>
   <div class='ocr_carea' id='block_1_88' title="bbox 1915 3725 2102 3780">
    <p class='ocr_par' dir='ltr' id='par_1_88' title="bbox 1915 3725 2102 3780">
     <span class='ocr_line' id='line_1_88' title="bbox 1915 3725 2102 3780; baseline 0.011 -19"><span class='ocrx_word' id='word_1_515' title='bbox 1915 3725 2102 3780; x_wconf 64' lang='lat' dir='ltr'><strong>gnunL</strong></span> 
     </span>
    </p>
   </div>
   <div class='ocr_carea' id='block_1_89' title="bbox 2553 3803 2866 3874">
    <p class='ocr_par' dir='ltr' id='par_1_89' title="bbox 2553 3803 2866 3874">
     <span class='ocr_line' id='line_1_89' title="bbox 2553 3803 2866 3874; baseline 0.006 -17"><span class='ocrx_word' id='word_1_516' title='bbox 2553 3803 2621 3857; x_wconf 82' lang='lat' dir='ltr'><strong>lu</strong></span> <span class='ocrx_word' id='word_1_517' title='bbox 2647 3803 2866 3874; x_wconf 70' lang='grc' dir='ltr'>Πείραι’.</span> 
     </span>
    </p>
   </div>
   <div class='ocr_carea' id='block_1_90' title="bbox 1990 3889 3498 3968">
    <p class='ocr_par' dir='ltr' id='par_1_90' title="bbox 1990 3889 3498 3968">
     <span class='ocr_line' id='line_1_90' title="bbox 1990 3889 3498 3968; baseline 0.01 -23"><span class='ocrx_word' id='word_1_518' title='bbox 1990 3889 2192 3946; x_wconf 80' lang='lat' dir='ltr'><strong>Urbem</strong></span> <span class='ocrx_word' id='word_1_519' title='bbox 2227 3901 2373 3947; x_wconf 90' lang='lat' dir='ltr'><strong>tuam</strong></span> <span class='ocrx_word' id='word_1_520' title='bbox 2406 3910 2584 3957; x_wconf 89' lang='lat' dir='ltr'><strong>serva,</strong></span> <span class='ocrx_word' id='word_1_521' title='bbox 2607 3894 2699 3951; x_wconf 90' lang='lat' dir='ltr'><strong>Dei</strong></span> <span class='ocrx_word' id='word_1_522' title='bbox 2726 3897 2958 3966; x_wconf 84' lang='lat' dir='ltr'><strong>genitrix</strong></span> <span class='ocrx_word' id='word_1_523' title='bbox 2984 3899 3340 3968; x_wconf 85' lang='lat' dir='ltr'><strong>intemerata;</strong></span> <span class='ocrx_word' id='word_1_524' title='bbox 3367 3904 3418 3958; x_wconf 90' lang='lat' dir='ltr'><strong>in</strong></span> <span class='ocrx_word' id='word_1_525' title='bbox 3445 3915 3498 3960; x_wconf 86' lang='lat' dir='ltr'><strong>te</strong></span> 
     </span>
    </p>
   </div>
   <div class='ocr_carea' id='block_1_91' title="bbox 1922 3984 3498 4066">
    <p class='ocr_par' dir='ltr' id='par_1_91' title="bbox 1922 3984 3498 4066">
     <span class='ocr_line' id='line_1_91' title="bbox 1922 3984 3498 4066; baseline 0.008 -28"><span class='ocrx_word' id='word_1_526' title='bbox 1922 3984 2192 4054; x_wconf 84' lang='lat' dir='ltr'><strong>siquidem</strong></span> <span class='ocrx_word' id='word_1_527' title='bbox 2213 3985 2448 4042; x_wconf 86' lang='lat' dir='ltr'><strong>lideliter</strong></span> <span class='ocrx_word' id='word_1_528' title='bbox 2481 3995 2696 4059; x_wconf 81' lang='lat' dir='ltr'><strong>regnat,</strong></span> <span class='ocrx_word' id='word_1_529' title='bbox 2719 4004 2780 4042; x_wconf 90' lang='lat' dir='ltr'><strong>ac</strong></span> <span class='ocrx_word' id='word_1_530' title='bbox 2803 3989 2856 4042; x_wconf 91' lang='lat' dir='ltr'><strong>in</strong></span> <span class='ocrx_word' id='word_1_531' title='bbox 2890 3997 2942 4045; x_wconf 93' lang='lat' dir='ltr'><strong>te</strong></span> <span class='ocrx_word' id='word_1_532' title='bbox 2978 3991 3261 4061; x_wconf 81' lang='lat' dir='ltr'><strong>tinuatur;</strong></span> <span class='ocrx_word' id='word_1_533' title='bbox 3293 4004 3498 4066; x_wconf 86' lang='lat' dir='ltr'><strong>tuaque</strong></span> 
     </span>
    </p>
   </div>
   <div class='ocr_carea' id='block_1_92' title="bbox 1921 4075 3498 4157">
    <p class='ocr_par' dir='ltr' id='par_1_92' title="bbox 1921 4075 3498 4157">
     <span class='ocr_line' id='line_1_92' title="bbox 1921 4075 3498 4157; baseline 0.012 -29"><span class='ocrx_word' id='word_1_534' title='bbox 1921 4075 2122 4130; x_wconf 81' lang='lat' dir='ltr'><strong>victrix</strong></span> <span class='ocrx_word' id='word_1_535' title='bbox 2164 4093 2328 4146; x_wconf 90' lang='lat' dir='ltr'><strong>opera</strong></span> <span class='ocrx_word' id='word_1_536' title='bbox 2353 4117 2367 4142; x_wconf 91' lang='lat'><strong>,</strong></span> <span class='ocrx_word' id='word_1_537' title='bbox 2408 4080 2770 4135; x_wconf 85' lang='lat' dir='ltr'><strong>tentationem</strong></span> <span class='ocrx_word' id='word_1_538' title='bbox 2805 4097 3022 4138; x_wconf 90' lang='lat' dir='ltr'><strong>omnem</strong></span> <span class='ocrx_word' id='word_1_539' title='bbox 3073 4084 3248 4157; x_wconf 80' lang='lat' dir='ltr'><strong>fugat,</strong></span> <span class='ocrx_word' id='word_1_540' title='bbox 3283 4091 3498 4146; x_wconf 82' lang='lat' dir='ltr'><strong>hostes-</strong></span> 
     </span>
    </p>
   </div>
   <div class='ocr_carea' id='block_1_93' title="bbox 1923 4167 3124 4244">
    <p class='ocr_par' dir='ltr' id='par_1_93' title="bbox 1923 4167 3124 4244">
     <span class='ocr_line' id='line_1_93' title="bbox 1923 4167 3124 4244; baseline 0.008 -27"><span class='ocrx_word' id='word_1_541' title='bbox 1923 4180 2030 4235; x_wconf 91' lang='lat' dir='ltr'><strong>que</strong></span> <span class='ocrx_word' id='word_1_542' title='bbox 2057 4167 2353 4236; x_wconf 78' lang='lat' dir='ltr'><strong>praedatur,</strong></span> <span class='ocrx_word' id='word_1_543' title='bbox 2387 4182 2449 4222; x_wconf 91' lang='lat' dir='ltr'><strong>ac</strong></span> <span class='ocrx_word' id='word_1_544' title='bbox 2477 4171 2793 4226; x_wconf 84' lang='lat' dir='ltr'><strong>moderatur</strong></span> <span class='ocrx_word' id='word_1_545' title='bbox 2819 4174 3124 4244; x_wconf 81' lang='lat' dir='ltr'><strong>subjectos.</strong></span> 
     </span>
    </p>
   </div>
   <div class='ocr_carea' id='block_1_94' title="bbox 1924 4364 3499 4447">
    <p class='ocr_par' dir='ltr' id='par_1_94' title="bbox 1924 4364 3499 4447">
     <span class='ocr_line' id='line_1_94' title="bbox 1924 4364 3499 4447; baseline 0.007 -27"><span class='ocrx_word' id='word_1_546' title='bbox 1924 4366 2013 4447; x_wconf 36' lang='lat' dir='ltr'><strong>Ad.</strong></span> <span class='ocrx_word' id='word_1_547' title='bbox 2058 4381 2298 4435; x_wconf 67' lang='lat' dir='ltr'><strong>vespera:</strong></span> <span class='ocrx_word' id='word_1_548' title='bbox 2350 4364 2728 4447; x_wconf 73' lang='lat' dir='ltr'><strong>[l’araseeves</strong></span> <span class='ocrx_word' id='word_1_549' title='bbox 2786 4380 2913 4425; x_wconf 88' lang='lat' dir='ltr'><strong>ante</strong></span> <span class='ocrx_word' id='word_1_550' title='bbox 2972 4370 3196 4447; x_wconf 75' lang='lat' dir='ltr'><strong>Rutnos]</strong></span> <span class='ocrx_word' id='word_1_551' title='bbox 3258 4377 3499 4431; x_wconf 73' lang='lat' dir='ltr'><strong>canimus</strong></span> 
     </span>
    </p>
   </div>
   <div class='ocr_carea' id='block_1_95' title="bbox 1994 4437 3499 4510">
    <p class='ocr_par' dir='ltr' id='par_1_95' title="bbox 1994 4437 3499 4510">
     <span class='ocr_line' id='line_1_95' title="bbox 1994 4437 3499 4510; baseline 0.009 -22"><span class='ocrx_word' id='word_1_552' title='bbox 1994 4437 2188 4510; x_wconf 68' lang='lat' dir='ltr'><strong>Itanece</strong></span> <span class='ocrx_word' id='word_1_553' title='bbox 2234 4451 2510 4510; x_wconf 57' lang='lat' dir='ltr'><strong>rationem,</strong></span> <span class='ocrx_word' id='word_1_554' title='bbox 2557 4438 2757 4491; x_wconf 80' lang='lat' dir='ltr'><strong>editum</strong></span> <span class='ocrx_word' id='word_1_555' title='bbox 2802 4457 2834 4492; x_wconf 91' lang='lat' dir='ltr'><strong>a</strong></span> <span class='ocrx_word' id='word_1_556' title='bbox 2861 4451 3044 4495; x_wconf 76' lang='lat' dir='ltr'><strong>sancto</strong></span> <span class='ocrx_word' id='word_1_557' title='bbox 3091 4437 3240 4510; x_wconf 53' lang='lat' dir='ltr'><strong>patre</strong></span> <span class='ocrx_word' id='word_1_558' title='bbox 3286 4447 3499 4502; x_wconf 84' lang='lat' dir='ltr'><strong>domin</strong></span> 
     </span>
    </p>
   </div>
   <div class='ocr_carea' id='block_1_96' title="bbox 1996 4505 3351 4583">
    <p class='ocr_par' dir='ltr' id='par_1_96' title="bbox 1996 4505 3351 4583">
     <span class='ocr_line' id='line_1_96' title="bbox 1996 4505 3351 4583; baseline 0.009 -25"><span class='ocrx_word' id='word_1_559' title='bbox 1996 4505 2210 4559; x_wconf 82' lang='lat' dir='ltr'><strong>Audrea</strong></span> <span class='ocrx_word' id='word_1_560' title='bbox 2232 4505 2499 4570; x_wconf 68' lang='lat' dir='ltr'><strong>Cretensi,</strong></span> <span class='ocrx_word' id='word_1_561' title='bbox 2536 4521 2876 4578; x_wconf 81' lang='lat' dir='ltr'><strong>cognomento</strong></span> <span class='ocrx_word' id='word_1_562' title='bbox 2908 4505 3351 4583; x_wconf 66' lang='lat' dir='ltr'><strong>Hierosolymita.</strong></span> 
     </span>
    </p>
   </div>
   <div class='ocr_carea' id='block_1_97' title="bbox 2372 4619 3068 4689">
    <p class='ocr_par' dir='ltr' id='par_1_97' title="bbox 2372 4619 3068 4689">
     <span class='ocr_line' id='line_1_97' title="bbox 2372 4619 3068 4689; baseline 0.009 -13"><span class='ocrx_word' id='word_1_563' title='bbox 2372 4619 2484 4676; x_wconf 83' lang='lat' dir='ltr'><strong>Ode</strong></span> <span class='ocrx_word' id='word_1_564' title='bbox 2521 4623 2566 4689; x_wconf 92' lang='lat' dir='ltr'><strong>l,</strong></span> <span class='ocrx_word' id='word_1_565' title='bbox 2597 4634 2706 4678; x_wconf 86' lang='lat' dir='ltr'><strong>ton.</strong></span> <span class='ocrx_word' id='word_1_566' title='bbox 2748 4640 2786 4681; x_wconf 90' lang='grc' dir='ltr'><strong>ι.</strong></span> <span class='ocrx_word' id='word_1_567' title='bbox 2822 4624 3068 4682; x_wconf 69' lang='lat' dir='ltr'><strong>Hirrum.</strong></span> 
     </span>
    </p>
   </div>
   <div class='ocr_carea' id='block_1_98' title="bbox 1997 4731 3500 4815">
    <p class='ocr_par' dir='ltr' id='par_1_98' title="bbox 1997 4731 3500 4815">
     <span class='ocr_line' id='line_1_98' title="bbox 1997 4731 3500 4815; baseline 0.006 -27"><span class='ocrx_word' id='word_1_568' title='bbox 1997 4731 2201 4789; x_wconf 86' lang='lat' dir='ltr'><strong>Omnes</strong></span> <span class='ocrx_word' id='word_1_569' title='bbox 2252 4748 2352 4803; x_wconf 86' lang='lat' dir='ltr'><strong>pro</strong></span> <span class='ocrx_word' id='word_1_570' title='bbox 2405 4733 2636 4789; x_wconf 88' lang='lat' dir='ltr'><strong>victoria</strong></span> <span class='ocrx_word' id='word_1_571' title='bbox 2675 4733 2786 4791; x_wconf 91' lang='lat' dir='ltr'><strong>Deo</strong></span> <span class='ocrx_word' id='word_1_572' title='bbox 2828 4747 3111 4795; x_wconf 86' lang='lat' dir='ltr'><strong>cantemus</strong></span> <span class='ocrx_word' id='word_1_573' title='bbox 3168 4741 3377 4809; x_wconf 88' lang='lat' dir='ltr'><strong>laudes,</strong></span> <span class='ocrx_word' id='word_1_574' title='bbox 3405 4747 3500 4815; x_wconf 91' lang='lat' dir='ltr'><strong>qui</strong></span> 
     </span>
    </p>
   </div>
   <div class='ocr_carea' id='block_1_99' title="bbox 1929 4823 3503 4898">
    <p class='ocr_par' dir='ltr' id='par_1_99' title="bbox 1929 4823 3503 4898">
     <span class='ocr_line' id='line_1_99' title="bbox 1929 4823 3503 4898; baseline 0.009 -20"><span class='ocrx_word' id='word_1_575' title='bbox 1929 4823 2060 4880; x_wconf 80' lang='lat' dir='ltr'><strong>fecit</strong></span> <span class='ocrx_word' id='word_1_576' title='bbox 2090 4832 2342 4894; x_wconf 89' lang='lat' dir='ltr'><strong>portenta</strong></span> <span class='ocrx_word' id='word_1_577' title='bbox 2368 4826 2638 4880; x_wconf 88' lang='lat' dir='ltr'><strong>mirabilia</strong></span> <span class='ocrx_word' id='word_1_578' title='bbox 2668 4827 2894 4883; x_wconf 85' lang='lat' dir='ltr'><strong>brachio</strong></span> <span class='ocrx_word' id='word_1_579' title='bbox 2921 4831 3162 4898; x_wconf 84' lang='lat' dir='ltr'><strong>excelso,</strong></span> <span class='ocrx_word' id='word_1_580' title='bbox 3195 4844 3249 4890; x_wconf 86' lang='lat' dir='ltr'><strong>et</strong></span> <span class='ocrx_word' id='word_1_581' title='bbox 3273 4837 3503 4893; x_wconf 87' lang='lat' dir='ltr'><strong>salvavit</strong></span> 
     </span>
    </p>
   </div>
   <div class='ocr_carea' id='block_1_100' title="bbox 1925 4914 3080 4989">
    <p class='ocr_par' dir='ltr' id='par_1_100' title="bbox 1925 4914 3080 4989">
     <span class='ocr_line' id='line_1_100' title="bbox 1925 4914 3080 4989; baseline 0.009 -19"><span class='ocrx_word' id='word_1_582' title='bbox 1925 4915 2181 4971; x_wconf 88' lang='lat' dir='ltr'><strong>lsraelem</strong></span> <span class='ocrx_word' id='word_1_583' title='bbox 2210 4927 2273 4982; x_wconf 76' lang='grc' dir='ltr'>(ις</span> <span class='ocrx_word' id='word_1_584' title='bbox 2300 4919 2560 4986; x_wconf 87' lang='lat' dir='ltr'><strong>quoniam</strong></span> <span class='ocrx_word' id='word_1_585' title='bbox 2595 4914 2936 4989; x_wconf 81' lang='lat' dir='ltr'><strong>gloriﬁcatus</strong></span> <span class='ocrx_word' id='word_1_586' title='bbox 2975 4935 3080 4980; x_wconf 88' lang='lat' dir='ltr'><strong>est.</strong></span> 
     </span>
    </p>
   </div>
   <div class='ocr_carea' id='block_1_101' title="bbox 1998 5005 3506 5092">
    <p class='ocr_par' dir='ltr' id='par_1_101' title="bbox 1998 5005 3506 5092">
     <span class='ocr_line' id='line_1_101' title="bbox 1998 5005 3506 5092; baseline 0.011 -31"><span class='ocrx_word' id='word_1_587' title='bbox 1998 5005 2350 5075; x_wconf 89' lang='lat' dir='ltr'><strong>Suscitando,</strong></span> <span class='ocrx_word' id='word_1_588' title='bbox 2399 5024 2432 5064; x_wconf 90' lang='grc' dir='ltr'><strong>ο</strong></span> <span class='ocrx_word' id='word_1_589' title='bbox 2475 5025 2628 5066; x_wconf 89' lang='lat' dir='ltr'><strong>meus</strong></span> <span class='ocrx_word' id='word_1_590' title='bbox 2672 5011 2944 5084; x_wconf 86' lang='lat' dir='ltr'><strong>Salvator,</strong></span> <span class='ocrx_word' id='word_1_591' title='bbox 2981 5016 3249 5074; x_wconf 83' lang='lat' dir='ltr'><strong>Lazarum</strong></span> <span class='ocrx_word' id='word_1_592' title='bbox 3295 5025 3506 5092; x_wconf 77' lang='lat' dir='ltr'><strong>quatri-</strong></span> 
     </span>
    </p>
   </div>
   <div class='ocr_carea' id='block_1_102' title="bbox 1571 5337 2213 5419">
    <p class='ocr_par' dir='ltr' id='par_1_102' title="bbox 1571 5337 2213 5419">
     <span class='ocr_line' id='line_1_102' title="bbox 1571 5337 2213 5419; baseline 0.003 -23"><span class='ocrx_word' id='word_1_593' title='bbox 1571 5337 1951 5398; x_wconf 82' lang='lat' dir='ltr'><strong>COMBEFISII</strong></span> <span class='ocrx_word' id='word_1_594' title='bbox 1979 5338 2213 5419; x_wconf 65' lang='grc' dir='ltr'><strong>ΝΟΤᾹΖ.</strong></span> 
     </span>
    </p>
   </div>
   <div class='ocr_carea' id='block_1_103' title="bbox 302 5432 1818 5506">
    <p class='ocr_par' dir='ltr' id='par_1_103' title="bbox 302 5432 1818 5506">
     <span class='ocr_line' id='line_1_103' title="bbox 302 5432 1818 5506; baseline -0.003 -15"><span class='ocrx_word' id='word_1_595' title='bbox 302 5433 432 5506; x_wconf 75' lang='grc' dir='ltr'><strong>(ιθ)</strong></span> <span class='ocrx_word' id='word_1_596' title='bbox 481 5433 752 5506; x_wconf 79' lang='lat' dir='ltr'><strong>Vitamque</strong></span> <span class='ocrx_word' id='word_1_597' title='bbox 776 5442 844 5506; x_wconf 10' lang='lat' dir='ltr'><strong>iet</strong></span> <span class='ocrx_word' id='word_1_598' title='bbox 883 5435 1041 5506; x_wconf 64' lang='lat' dir='ltr'><strong>vitas.</strong></span> <span class='ocrx_word' id='word_1_599' title='bbox 1071 5434 1226 5505; x_wconf 79' lang='grc' dir='ltr'>Ζωήν</span> <span class='ocrx_word' id='word_1_600' title='bbox 1268 5450 1329 5487; x_wconf 89' lang='grc' dir='ltr'><strong>τε</strong></span> <span class='ocrx_word' id='word_1_601' title='bbox 1358 5435 1452 5506; x_wconf 66' lang='grc' dir='ltr'><strong>και</strong></span> <span class='ocrx_word' id='word_1_602' title='bbox 1483 5434 1662 5506; x_wconf 75' lang='grc' dir='ltr'>ζωάς.</span> <span class='ocrx_word' id='word_1_603' title='bbox 1691 5432 1818 5506; x_wconf 35' lang='grc' dir='ltr'>-ῌοο</span> 
     </span>
    </p>
   </div>
   <div class='ocr_carea' id='block_1_104' title="bbox 222 5503 1817 5570">
    <p class='ocr_par' dir='ltr' id='par_1_104' title="bbox 222 5503 1817 5570">
     <span class='ocr_line' id='line_1_104' title="bbox 222 5503 1817 5570; baseline -0.002 -11"><span class='ocrx_word' id='word_1_604' title='bbox 222 5503 527 5567; x_wconf 81' lang='lat' dir='ltr'><strong>ultimum,</strong></span> <span class='ocrx_word' id='word_1_605' title='bbox 573 5503 696 5557; x_wconf 86' lang='lat' dir='ltr'><strong>cum</strong></span> <span class='ocrx_word' id='word_1_606' title='bbox 742 5505 816 5558; x_wconf 87' lang='lat' dir='ltr'><strong>sit</strong></span> <span class='ocrx_word' id='word_1_607' title='bbox 853 5503 1213 5570; x_wconf 64' lang='lat' dir='ltr'><strong>abstractum,</strong></span> <span class='ocrx_word' id='word_1_608' title='bbox 1250 5519 1362 5558; x_wconf 92' lang='lat' dir='ltr'><strong>non</strong></span> <span class='ocrx_word' id='word_1_609' title='bbox 1409 5505 1622 5559; x_wconf 68' lang='lat' dir='ltr'><strong>violetur</strong></span> <span class='ocrx_word' id='word_1_610' title='bbox 1657 5503 1817 5557; x_wconf 84' lang='lat' dir='ltr'><strong>aliter</strong></span> 
     </span>
    </p>
   </div>
   <div class='ocr_carea' id='block_1_105' title="bbox 222 5572 1819 5644">
    <p class='ocr_par' dir='ltr' id='par_1_105' title="bbox 222 5572 1819 5644">
     <span class='ocr_line' id='line_1_105' title="bbox 222 5572 1819 5644; baseline -0.003 -15"><span class='ocrx_word' id='word_1_611' title='bbox 222 5589 383 5629; x_wconf 62' lang='lat' dir='ltr'><strong>Sane</strong></span> <span class='ocrx_word' id='word_1_612' title='bbox 409 5582 466 5630; x_wconf 90' lang='lat' dir='ltr'><strong>et</strong></span> <span class='ocrx_word' id='word_1_613' title='bbox 496 5589 526 5628; x_wconf 90' lang='lat' dir='ltr'><strong>e</strong></span> <span class='ocrx_word' id='word_1_614' title='bbox 555 5574 826 5644; x_wconf 80' lang='lat' dir='ltr'><strong>theologia</strong></span> <span class='ocrx_word' id='word_1_615' title='bbox 861 5576 914 5627; x_wconf 93' lang='lat' dir='ltr'><strong>in</strong></span> <span class='ocrx_word' id='word_1_616' title='bbox 962 5572 1238 5644; x_wconf 12' lang='lat' dir='ltr'><strong>Deoitlici,</strong></span> <span class='ocrx_word' id='word_1_617' title='bbox 1277 5589 1440 5643; x_wconf 90' lang='lat' dir='ltr'><strong>quam</strong></span> <span class='ocrx_word' id='word_1_618' title='bbox 1482 5573 1819 5644; x_wconf 66' lang='lat' dir='ltr'><strong>intellectum</strong></span> 
     </span>
    </p>
   </div>
   <div class='ocr_carea' id='block_1_106' title="bbox 222 5643 1818 5706">
    <p class='ocr_par' dir='ltr' id='par_1_106' title="bbox 222 5643 1818 5706">
     <span class='ocr_line' id='line_1_106' title="bbox 222 5643 1818 5706; baseline -0.001 -10"><span class='ocrx_word' id='word_1_619' title='bbox 222 5646 398 5699; x_wconf 83' lang='lat' dir='ltr'><strong>velut</strong></span> <span class='ocrx_word' id='word_1_620' title='bbox 429 5645 484 5699; x_wconf 91' lang='lat' dir='ltr'><strong>in</strong></span> <span class='ocrx_word' id='word_1_621' title='bbox 511 5659 672 5699; x_wconf 85' lang='lat' dir='ltr'><strong>sensu</strong></span> <span class='ocrx_word' id='word_1_622' title='bbox 703 5643 908 5698; x_wconf 82' lang='lat' dir='ltr'><strong>causali</strong></span> <span class='ocrx_word' id='word_1_623' title='bbox 937 5662 951 5697; x_wconf 88' lang='lat'><strong>:</strong></span> <span class='ocrx_word' id='word_1_624' title='bbox 979 5650 1038 5696; x_wconf 92' lang='lat' dir='ltr'><strong>ut</strong></span> <span class='ocrx_word' id='word_1_625' title='bbox 1065 5643 1282 5697; x_wconf 90' lang='lat' dir='ltr'><strong>dicatur</strong></span> <span class='ocrx_word' id='word_1_626' title='bbox 1309 5644 1450 5699; x_wconf 84' lang='lat' dir='ltr'><strong>Deus</strong></span> <span class='ocrx_word' id='word_1_627' title='bbox 1475 5652 1530 5698; x_wconf 91' lang='lat' dir='ltr'><strong>et</strong></span> <span class='ocrx_word' id='word_1_628' title='bbox 1555 5643 1818 5706; x_wconf 87' lang='lat' dir='ltr'><strong>Trinitas,</strong></span> 
     </span>
    </p>
   </div>
   <div class='ocr_carea' id='block_1_107' title="bbox 224 5712 1819 5784">
    <p class='ocr_par' dir='ltr' id='par_1_107' title="bbox 224 5712 1819 5784">
     <span class='ocr_line' id='line_1_107' title="bbox 224 5712 1819 5784; baseline -0.003 -14"><span class='ocrx_word' id='word_1_629' title='bbox 224 5713 294 5770; x_wconf 79' lang='lat' dir='ltr'><strong>in</strong></span> <span class='ocrx_word' id='word_1_630' title='bbox 330 5728 397 5770; x_wconf 71' lang='lat' dir='ltr'><strong>se</strong></span> <span class='ocrx_word' id='word_1_631' title='bbox 435 5724 488 5770; x_wconf 83' lang='lat' dir='ltr'><strong>et</strong></span> <span class='ocrx_word' id='word_1_632' title='bbox 533 5714 966 5769; x_wconf 84' lang='lat' dir='ltr'><strong>substantialiter</strong></span> <span class='ocrx_word' id='word_1_633' title='bbox 999 5713 1145 5780; x_wconf 88' lang='lat' dir='ltr'><strong>vita;</strong></span> <span class='ocrx_word' id='word_1_634' title='bbox 1186 5715 1332 5783; x_wconf 87' lang='lat' dir='ltr'><strong>quod</strong></span> <span class='ocrx_word' id='word_1_635' title='bbox 1379 5723 1463 5770; x_wconf 89' lang='lat' dir='ltr'><strong>est</strong></span> <span class='ocrx_word' id='word_1_636' title='bbox 1497 5712 1819 5784; x_wconf 78' lang='lat' dir='ltr'><strong>singularis-</strong></span> 
     </span>
    </p>
   </div>
   <div class='ocr_carea' id='block_1_108' title="bbox 582 5808 1291 5871">
    <p class='ocr_par' dir='ltr' id='par_1_108' title="bbox 582 5808 1291 5871">
     <span class='ocr_line' id='line_1_108' title="bbox 582 5808 1291 5871; baseline 0.003 -3"><span class='ocrx_word' id='word_1_637' title='bbox 582 5809 858 5870; x_wconf 74' lang='grc' dir='ltr'>Ρηιιοι..</span> <span class='ocrx_word' id='word_1_638' title='bbox 894 5809 1010 5871; x_wconf 77' lang='lat' dir='ltr'><strong>Gn.</strong></span> <span class='ocrx_word' id='word_1_639' title='bbox 1039 5808 1291 5870; x_wconf 79' lang='lat' dir='ltr'><strong>XCVII.</strong></span> 
     </span>
    </p>
   </div>
   <div class='ocr_carea' id='block_1_109' title="bbox 1925 5432 3505 5514">
    <p class='ocr_par' dir='ltr' id='par_1_109' title="bbox 1925 5432 3505 5514">
     <span class='ocr_line' id='line_1_109' title="bbox 1925 5432 3505 5514; baseline 0.009 -29"><span class='ocrx_word' id='word_1_640' title='bbox 1925 5432 2448 5514; x_wconf 47' lang='lat' dir='ltr'><strong>sitne,nsimulqu_e</strong></span> <span class='ocrx_word' id='word_1_641' title='bbox 2515 5441 2678 5514; x_wconf 72' lang='lat' dir='ltr'><strong>vitae,</strong></span> <span class='ocrx_word' id='word_1_642' title='bbox 2735 5456 2832 5514; x_wconf 86' lang='lat' dir='ltr'><strong>ceu</strong></span> <span class='ocrx_word' id='word_1_643' title='bbox 2891 5441 3136 5497; x_wconf 91' lang='lat' dir='ltr'><strong>omnium</strong></span> <span class='ocrx_word' id='word_1_644' title='bbox 3211 5450 3505 5514; x_wconf 68' lang='lat' dir='ltr'><strong>arrttetvpa</strong></span> 
     </span>
    </p>
   </div>
   <div class='ocr_carea' id='block_1_110' title="bbox 1926 5503 3504 5594">
    <p class='ocr_par' dir='ltr' id='par_1_110' title="bbox 1926 5503 3504 5594">
     <span class='ocr_line' id='line_1_110' title="bbox 1926 5503 3504 5594; baseline 0.005 -35"><span class='ocrx_word' id='word_1_645' title='bbox 2287 5503 2490 5594; x_wconf 55' lang='lat' dir='ltr'><strong>modus</strong></span> <span class='ocrx_word' id='word_1_646' title='bbox 2561 5503 2862 5594; x_wconf 43' lang='lat' dir='ltr'><strong>loquendi,</strong></span> <span class='ocrx_word' id='word_1_647' title='bbox 2931 5515 3180 5584; x_wconf 75' lang='lat' dir='ltr'><strong>mysticis</strong></span> <span class='ocrx_word' id='word_1_648' title='bbox 3238 5503 3504 5594; x_wconf 42' lang='grc' dir='ltr'>ιιιολιίιιιξ,</span> 
     </span>
    </p>
   </div>
   <div class='ocr_carea' id='block_1_111' title="bbox 1927 5573 3506 5700">
    <p class='ocr_par' dir='ltr' id='par_1_111' title="bbox 1927 5573 3506 5700">
     <span class='ocr_line' id='line_1_111' title="bbox 1927 5573 3506 5700; baseline 0.009 -73"><span class='ocrx_word' id='word_1_649' title='bbox 1927 5573 2234 5700; x_wconf 50' lang='grc' dir='ltr'><strong>ἴξιπξιθιιίὺυε</strong></span> <span class='ocrx_word' id='word_1_650' title='bbox 2285 5591 2518 5649; x_wconf 87' lang='lat' dir='ltr'><strong>magnus</strong></span> <span class='ocrx_word' id='word_1_651' title='bbox 2573 5573 2678 5636; x_wconf 81' lang='lat' dir='ltr'><strong>fuit</strong></span> <span class='ocrx_word' id='word_1_652' title='bbox 2725 5573 3290 5653; x_wconf 68' lang='lat' dir='ltr'><strong>Andreas,&#39;pt-rquam</strong></span> <span class='ocrx_word' id='word_1_653' title='bbox 3345 5573 3506 5640; x_wconf 53' lang='lat' dir='ltr'><strong>fami;</strong></span> 
     </span>
    </p>
   </div>
   <div class='ocr_carea' id='block_1_112' title="bbox 3065 5811 3145 5871">
    <p class='ocr_par' dir='ltr' id='par_1_112' title="bbox 3065 5811 3145 5871">
     <span class='ocr_line' id='line_1_112' title="bbox 3065 5811 3145 5871; baseline 0.038 -3"><span class='ocrx_word' id='word_1_654' title='bbox 3065 5811 3145 5871; x_wconf 53' lang='lat' dir='ltr'><strong>53t-</strong></span> 
     </span>
    </p>
   </div>
  </div>
