3870 6214
406 339 541 404 1387

1590 337 1653 396 S.
1693 334 2023 398 ΑΝΒΒΕᾸΞ
2051 332 2475 397 CRETENSIS

3519 336 3641 406 133

395 453 644 507 duanum
697 453 998 510 mortuum,
1055 442 1276 500 excelso
1312 459 1437 499 cum
1477 446 1703 504 hrachio
1737 463 1766 501 a
1804 456 1976 503 morte

2113 447 2170 501 δν
2187 422 2461 517 Λάζαρον,
2483 446 2583 517 τῆς
2612 443 2819 516 φθορᾶς
2842 444 3164 515 manage;
3186 444 3431 517 βραχῖονι
3449 449 3640 522 ὖζνῃλῷ,

392 541 660 605 liberasti,
691 554 754 594 ac
783 536 1075 593 OSleltdiSli
1115 537 1436 605 potentiam,
1467 538 1561 607 qui
1592 537 1670 593 sis
1693 538 1875 594 fortis.

464 636 687 690 Vocans
741 631 1012 685 Lazarum
1052 644 1081 683 a
1135 638 1516 695 monumento,
1548 629 1840 685 confestim
1892 646 1979 685 re-

391 725 716 781 suscitasti:
770 722 1024 779 infernus
1081 729 1264 775 autem
1320 720 1531 777 inferne
1580 736 1767 778 amare
1816 722 1981 787 luxit,

391 831 749 887 gemensque,
777 824 951 879 tuam,
1001 831 1034 867 ι)
1085 815 1362 880 Salvator,
1396 813 1700 883 potentiam
1734 813 1978 866 tremuit.

470 906 833 977 Laerymatus
883 920 964 970 es,
1002 903 1248 968 Domine,
1288 918 1455 974 super
1502 900 1733 966 Lazaro,
1763 915 1982 955 assum-

392 1008 540 1069 ptam
568 1009 671 1050 ate
705 1011 926 1050 carnem
957 995 1396 1065 dispensatione,
1433 991 1770 1055 ostendens;
1797 990 1978 1059 quod-

393 1105 499 1159 que
545 1088 821 1143 exsistens
880 1088 1042 1150 Deus,
1097 1088 1263 1141 homo
1322 1084 1500 1138 factus
1557 1082 1637 1137 sis
1688 1082 1851 1144 nobis
1904 1082 1982 1136 si-

392 1182 560 1235 milis.

461 1271 687 1326 Marthae
716 1268 1008 1337 Mariaaque
1049 1269 1322 1338 lacrymas
1348 1264 1676 1329 cohibuisti,
1725 1264 1975 1327 Domine,

392 1365 685 1426 suscitato,
736 1376 768 1414 ο
802 1361 1077 1424 Salvator,
1137 1375 1167 1412 a
1216 1359 1454 1413 mortuis
1502 1357 1714 1411 Lazaro
1748 1372 1761 1407 :
1795 1365 1851 1411 et
1884 1355 1978 1409 ubi

393 1458 642 1527 potentia
682 1465 798 1519 tua,
837 1452 1094 1524 spiritum
1132 1460 1352 1506 mortuo
1385 1449 1763 1506 reddidisses.

464 1639 715 1693 Ilnmano
780 1647 932 1687 more
992 1634 1349 1699 percontatus
1415 1639 1497 1688 es,
1563 1622 1816 1685 Domine,
1881 1619 1974 1674 ubi

393 1713 882 1797 Lazarus'positus
930 1727 1100 1782 esset,
1126 1717 1426 1797 ostendens
1457 1714 1754 1775 ,onmibus,
1789 1724 1822 1766 o
1847 1709 1973 1763 Sal-

2088 540 2183 591 xat
2215 538 2423 603 ἔδειξας
2452 538 2529 600 ὡς
2556 537 2783 601 δυνατδς
2814 537 2913 608 τὴν
2933 539 3179 603 ἐξουσίαν
3213 556 3326 591 σου.

2154 630 2416 699 Φωνήσας
2459 628 2552 681 τὸν
2594 627 2846 700 Λάζαρον
2892 631 2955 682 ὲκ
3011 631 3107 682 τοῦ
3155 631 3446 701 μνημείου,
3500 632 3641 698 sitit;

2085 720 2489 791 ὲξανέστησας·
2541 721 2658 775 ἀλλ’
2704 722 2732 773 ὁ
2783 722 2914 793 ᾅδης
2973 724 3221 777 κάτωθεν
3264 725 3481 794 πικρῶς
3526 727 3642 780 dri-3.

2086 828 2230 883 ρετο,
2267 814 2362 864 καὶ
2396 811 2595 865 στένων
2621 812 2845 883 ἔτρεμε,
2874 813 3085 884 Σῶτερ,
3112 816 3214 885 τὴν
3254 816 3508 880 ἐξουσίαν
3540 835 3641 873 σον.

2164 904 2502 981 Ἐδὰιερυσας
2523 946 2537 970 ,
2566 905 2739 976 Κύριε
2764 945 2781 968 ,
2824 905 2919 957 ἐπὶ
2960 907 3197 977 Λαζάρῳ
3218 946 3236 970 ,
3273 908 3533 962 δεικνύων
3559 910 3644 981 τὴν

2083 992 2364 1061 σάρκωσιν
2399 997 2499 1063 τῆς
2537 995 2852 1062 οἰκονομίας
2901 1012 3016 1053 σου.
3074 998 3170 1048 καὶ
3219 997 3301 1049 ὅτι
3339 999 3498 1067 φύσει
3528 1000 3646 1062 θεὸς

2080 1083 2366 1154 ὑπάρχων,
2397 1083 2558 1153 φύσει
2586 1084 2708 1139 καθ’
2741 1087 2891 1156 ἡμᾶς
2919 1086 3150 1154 γέγονας
3187 1088 3500 1158 ἄνθρωπος.

2148 1258 2259 1327 Τῆς
2288 1258 2520 1328 Μάρθας
2545 1259 2615 1312 τὰ
2628 1260 2863 1331 δάκρυα,
2894 1261 3103 1331 καὶτῆς
3133 1263 3350 1332 Μαρίας
3372 1265 3649 1318 κατέπαυ-

2078 1366 2198 1411 σας,
2241 1348 2449 1419 Κύριε,
2484 1352 2549 1404 ὲκ
2578 1352 2789 1422 νεκρῶν
2839 1353 2931 1405 τὸν
2973 1353 3226 1423 Λάζαρον
3256 1355 3647 1426 ἐξαναστήσας,

2076 1440 2283 1511 Σῶτερ,
2318 1444 2414 1495 καὶ
2438 1442 2616 1507 δείξας
2654 1443 2901 1515 ὲμπνοῦν
2926 1445 3017 1499 τὸν
3062 1444 3255 1516 νεκρὸν
3279 1486 3294 1510 ,
3324 1449 3391 1515 τῇ
3436 1446 3653 1517 ἐξουσία

2077 1546 2195 1585 σου.

2145 1621 2237 1691 Τῷ
2279 1621 2430 1692 νόμῳ
2483 1622 2585 1692 τῆς
2643 1622 2863 1691 φύσεως
2918 1624 3021 1695 τῆς
3077 1623 3462 1696 ἀνθρωπίνης,
3505 1627 3652 1697 ἡρώ-

2071 1728 2265 1783 τησας,
2297 1713 2548 1766 Δέσποτα
2571 1754 2589 1782 ,
2630 1712 2741 1766 Ποῦ
2787 1713 3029 1767 τέθειται
3076 1714 3337 1785 Λάζαρος
3363 1732 3380 1782 ;
3407 1716 3651 1770 δεικνύων

391 1833 571 1887 valor,
599 1796 871 1874 sinceram
894 1812 962 1867 ad
994 1825 1119 1877 nos,
1138 1816 1195 1865 et
1213 1822 1344 1865 vera
1368 1806 1552 1862 carnis
1569 1802 1970 1873 assumptione,

2112 1805 2210 1856 τᾶοι
2236 1841 2251 1868 ,
2283 1803 2468 1875 Σῶτερ
2490 1842 2508 1871 ,
2545 1804 2836 1860 ἀνόθευτον
2873 1805 2976 1875 τὴν
3004 1806 3139 1876 πρὸς
3166 1807 3322 1876 ἡμᾶς
3355 1808 3653 1885 οἰκονομίαν

393 1912 785 1973 meonomiam.

462 2005 621 2060 Tunc
660 1996 862 2056 inferni
909 1991 1225 2050 contrivisti
1273 1996 1455 2061 portas
1500 1983 1754 2041 vocando
1799 1981 1972 2036 Laza-
2051 2054 2055 2058 '

396 2108 542 2155 rum,
575 2088 859 2156 hostisque
910 2079 1185 2138 enervasti
1225 2077 1527 2147 potentiam
1563 2094 1576 2129 :
1613 2088 1680 2129 ac
1738 2068 1973 2144 adegisti

397 2192 457 2237 ut
491 2188 620 2237 ante
653 2188 876 2233 crucem
907 2182 958 2228 te
988 2176 1271 2236 tremeret,
1302 2183 1335 2223 ο
1362 2167 1520 2224 solus
1548 2166 1827 2221 Salvator.

460 2349 783 2423 Occupasti,
807 2362 841 2405 o
877 2344 1131 2409 Domine,
1178 2349 1438 2411 tanquam
1484 2336 1650 2402 Deus,
1685 2334 1972 2390 detentum

392 2444 460 2505 ad
523 2444 745 2502 inferno
816 2438 1126 2501 Lazarum,
1182 2448 1249 2488 ac
1316 2430 1554 2487 vinculis
1625 2426 1917 2483 absolvisti
1955 2443 1976 2487 τ,

396 2538 617 2610 quippe,
675 2548 709 2589 ο
738 2540 956 2604 potens,
989 2537 1083 2583 tuo
1123 2524 1308 2582 omnia
1333 2522 1536 2579 cedunt
1564 2527 1861 2592 praecepto.

1087 2705 1294 2760 Gloria.

464 2802 774 2861 Laudemus
805 2798 1047 2863 Patrem,
1085 2795 1418 2864 Filiumque,
1444 2800 1499 2846 et
1544 2790 1812 2860 Spiritum
1843 2804 1973 2843 san-

398 2906 569 2955 ctum.
604 2890 895 2947 indivisam
930 2887 983 2941 in
1024 2895 1217 2939 natura
1252 2898 1357 2937 una
1380 2881 1725 2943 Trinitatem,
1758 2887 1814 2932 ct
1849 2894 1972 2932 cum

396 2986 634 3057 angelis,
690 2982 842 3036 velut
906 2977 1073 3032 Deum
1139 2975 1308 3029 unum
1374 2973 1703 3037 increatum,
1764 2969 1972 3041 gloriﬁ-

398 3092 610 3136 οθηιυε.

1052 3159 1117 3213 Et
1156 3173 1314 3213 nunc.

469 3260 699 3315 Factum
723 3233 902 3319 nobis,
935 3252 1113 3307 Patris
1145 3244 1645 3315 beneplacito,sine
1678 3244 1979 3297 mutatione

401 3363 455 3409 et
505 3347 900 3406 commistione
950 3342 1184 3400 similem
1245 3342 1372 3392 vitae
1438 3337 1757 3403 Auctorem,
1792 3352 1825 3387 υ
1884 3332 1978 3387 Dei

403 3445 598 3510 Mater,
628 3443 697 3498 de
748 3440 953 3510 Spiritu
1009 3442 1226 3499 sancto,
1261 3428 1701 3490 immutabiliter,
1734 3426 1982 3495 nihilque

404 3538 531 3594 laesa
564 3532 879 3604 integritate
913 3524 1242 3595 concepisti.

968 3616 1078 3672 Ode
1100 3616 1154 3670 Ξ.
1190 3612 1434 3667 Ilirmus.

476 3717 735 3785 Attende,
763 3714 989 3777 coelum,
1012 3721 1062 3766 et
1095 3711 1314 3779 loquar,
1335 3706 1754 3774 Christumque,
1778 3703 1869 3774 qui
1896 3718 1985 3758 so-

406 3817 496 3871 lus
522 3814 765 3868 clemens
799 3815 903 3872 est,
947 3799 1405 3873 propensior-ique
1447 3797 1502 3851 in
1546 3796 1846 3850 humanum
1890 3809 1983 3865 ge-

410 3921 516 3961 nus
545 3902 764 3965 atTectu,
800 3896 1017 3951 cantico
1050 3891 1363 3947 celebrabo.

475 3994 663 4050 Gloria
697 4010 711 4047 :
749 3988 841 4058 qui
876 3984 1090 4040 vocasti
1141 3990 1376 4046 tantum,
1438 3980 1984 4050 quatriduanumque

408 4093 685 4142 mortuum
733 4080 974 4135 amicum
1031 4074 1299 4129 Lazarum
1356 4072 1425 4127 de
1480 4072 1740 4142 sepulcro
1797 4069 1983 4127 susci-

409 4176 567 4232 tasti.

338 4328 352 4340 ,
479 4265 702 4321 Andivit
735 4272 885 4319 tuam
943 4274 1133 4316 vocem
1185 4257 1277 4328 qui
1313 4264 1432 4312 erat
1461 4256 1584 4311 sine
1609 4255 1829 4324 Spiritu,
1862 4256 1984 4310 ani-

412 4354 609 4430 maque
647 4356 978 4417 viviﬁcatus,
1013 4349 1305 4406 confestim
1350 4356 1425 4414 te,
1448 4346 1696 4412 Domine,
1724 4346 1981 4411 laudans,

410 4469 442 4507 a
479 4450 713 4507 mortuis
742 4445 1066 4501 resurrexit.

479 4542 585 4610 Qui
631 4539 810 4596 fetens
837 4537 1081 4590 Lazarus
1112 4540 1252 4600 erat,
1281 4540 1395 4600 tua,
1446 4546 1479 4585 o
1514 4545 1670 4585 meus
1707 4527 1983 4592 Salvator,

410 4639 669 4702 suscepta
700 4628 1000 4697 auditaque
1037 4623 1255 4680 viviﬂca
1303 4636 1459 4687 voce,
1487 4635 1518 4677 e
1551 4619 1766 4673 tumulo
1794 4632 1985 4673 resur-

411 4724 576 4777 rexit.
612 4742 615 4745 ·

483 4815 844 4884 Lacrymatus
874 4825 934 4865 es
983 4822 1149 4878 super
1167 4790 1426 4870 amicum,
1457 4822 1489 4861 o
1521 4803 1778 4860 Salvator
1808 4816 1988 4868 meus;

413 4912 693 4965 astruens,
726 4908 786 4953 ut
815 4906 1065 4954 nostram
1100 4913 1230 4953 vere
1260 4896 1510 4953 indueris
1528 4903 1806 4964 naturam,
1836 4908 1993 4949 eum-

412 4997 535 5054 dem
557 4992 923 5050 resuscitans.

481 5083 829 5142 Contremuit
851 5080 1120 5147 infernus,
1155 5094 1282 5134 mox
1315 5087 1374 5134 ut
1408 5078 1475 5135 ad
1504 5094 1714 5143 vocem,
1738 5076 1988 5132 vinctum

414 5178 646 5240 institis,
666 5176 733 5232 ad
758 5175 885 5232 vita:
913 5174 1081 5245 hujus
1126 5172 1468 5244 postliminio
1506 5186 1672 5228 auras
1709 5175 1993 5226 reverten-

418 5286 550 5335 tem,
585 5269 824 5342 aspexit.
1581 5248 1588 5256 ’

486 5358 906 5430 Obstupuerunt
938 5356 1294 5415 Hebraeorum
1327 5356 1537 5430 populi,
1566 5370 1691 5412 cum
1722 5353 1991 5418 vocando,

417 5468 448 5504 υ
494 5450 772 5515 Salvator,
796 5449 1056 5509 fetentem
1074 5450 1371 5516 Lazarum,
1419 5449 1586 5507 verbo
1622 5446 1992 5507 resuscitasti.

2078 1911 2195 1949 σου.

2145 1988 2227 2040 Τὰ
2262 1986 2492 2057 κλεῖθρα
2535 1987 2868 2057 συνέτριψας
2908 1988 3031 2041 τότε
3083 1989 3181 2042 τοῦ
3220 1989 3362 2061 ᾅδου
3413 1991 3647 2061 φωνήσας

2073 2079 2165 2133 τὸν
2200 2080 2454 2150 Λάζαρον
2477 2118 2492 2143 ,
2522 2080 2619 2131 καὶ⁵
2649 2080 2710 2131 τὸ
2738 2082 2939 2149 κράτος
2976 2079 3185 2145 ἔσωσας
3215 2081 3269 2113 ⁸⁸
3302 2082 3401 2135 τοῦ
3431 2083 3649 2153 πολεμή-

2072 2188 2252 2241 τορος,
2279 2170 2374 2223 καὶ
2398 2170 2626 2234 ἔπεισας
2655 2170 2763 2241 πρὸ
2787 2170 2883 2224 τοῦ
2914 2170 3149 2240 σταυροῦ
3173 2171 3414 2243 τρέμειν
3436 2190 3513 2237 σε,
3535 2174 3645 2243 μόνε

2073 2262 2281 2341 Σῶτερ.

2142 2352 2443 2424 Δεσμώτην
2469 2352 2560 2406 τὸν
2581 2354 2835 2425 Λάζαρον
2864 2354 2969 2409 ὑπὸ
2998 2354 3092 2408 τοῦ
3110 2354 3245 2425 ᾅδου
3270 2356 3644 2427 κρατούμενον,

2073 2448 2343 2512 Δέσποτα,
2407 2445 2484 2508 ὡς
2534 2446 2669 2509 Θεὸς
2717 2444 3094 2515 προέφθασας,
3147 2449 3252 2500 καὶ
3310 2449 3506 2510 ἔλυσας
3554 2446 3647 2500 τῶν

2072 2538 2290 2607 δεσμῶν
2321 2553 2336 2568 ·
2376 2537 2454 2607 τῷ
2484 2535 2562 2607 σῷ
2595 2536 2706 2607 γὰρ
2746 2537 2950 2605 πάντα,
2982 2538 3199 2600 δυνατὲ,
3240 2540 3391 2594 εἴκει
3431 2540 3645 2613 προστά-

2073 2647 2268 2701 γματι.
2942 2668 2955 2673 -

2777 2720 2957 2785 Δόξα.

2145 2813 2365 2881 Πατέρα
2410 2810 2753 2880 δοξάσωμεν,
2797 2811 2949 2876 Υἱὺν,
3001 2810 3097 2864 καὶ
3138 2811 3417 2881 Πνεῦμα,
3463 2810 3643 2882 Τριάδα
3686 2828 3687 2835 ‘

2076 2906 2380 2977 ἀχώριστον
2423 2908 2482 2957 ἐν
2519 2905 2707 2975 μονάδι
2729 2904 2946 2973 φύσεως
2967 2945 2983 2967 ,
3012 2905 3108 2957 καὶ
3137 2903 3248 2957 σὺν
3290 2906 3536 2975 ἀγγέλοις
3563 2904 3646 2959 αὺο

2076 3001 2198 3069 τὴν,
2232 2999 2307 3062 ὡς
2333 2997 2429 3050 ’ἑνα
2456 2997 2713 3051 ἇκτιστον
2739 2997 2896 3063 θεὸν,
2925 2996 3419 3069 δοξολογήσωμεν.

2713 3172 2824 3228 Καὶ
2876 3174 3017 3228 νῦν.

2160 3264 2473 3335 Ἀτρέπτως
2507 3263 2769 3334 ὲκύησας,
2809 3267 3271 3338 Παρθενομῆτορ,
3308 3268 3403 3322 τὸν
3440 3267 3647 3335 κτίστην

2080 3356 2179 3426 τῆς
2210 3356 2447 3424 φύσεως,
2471 3355 2532 3421 ἐξ
2562 3356 2717 3424 ἁγίου
2747 3357 3084 3428 Πνεύματος,
3118 3359 3251 3412 κατ’
3289 3360 3531 3413 εὐδοκίαν
3560 3360 3648 3412 [Iz-

2079 3450 2205 3518 τρδς
2230 3488 2244 3513 ,
2281 3450 2577 3520 γενόμενον
2617 3449 2756 3519 ὅπερ
2789 3450 2983 3520 ἐσμὲν,
3010 3450 3136 3521 δίχα
3160 3453 3388 3523 τροπῆς
3417 3455 3506 3506 καὶ⁵
3530 3467 3649 3521 pup-

2086 3557 2208 3610 μου.

2552 3632 2691 3702 ’ῼδὶρ
2733 3633 2816 3697 β’.
2854 3631 2916 3686 Ὀ
2955 3633 3195 3702 Εἱρμός.

2157 3726 2440 3796 Πρόσεχε,
2493 3725 2728 3796 οὕρανὲ,
2789 3728 2881 3778 καὶ
2938 3727 3184 3796 λαλήσω,
3219 3730 3326 3781 καὶ
3384 3728 3650 3797 ἁνυμνήσω

2084 3819 2320 3890 Χριστὸν
2350 3818 2439 3871 τὸν
2474 3817 2706 3890 Σωτῆρα
2729 3818 2821 3872 τοῦ
2854 3819 3061 3889 κόσμου
3086 3860 3102 3884 ,
3135 3820 3234 3872 τὸν
3291 3821 3454 3891 μόνον
3490 3820 3649 3889 φιλανθ

2085 3911 2114 3963 Θ
2125 3926 2328 3981 ρωπον.

2154 3999 2293 4063 Δόξα
2326 4015 2408 4052 σοι
2438 4012 2455 4029 ο
2490 3996 2570 4069 τῷ
2594 3998 2907 4067 φωνήσαντι
2936 3996 3120 4067 μόνον,
3158 4001 3265 4053 καὶ
3295 4002 3364 4053 ὲκ
3385 3999 3479 4053 τοῦ
3506 3999 3652 4066 τάφον

2085 4090 2276 4161 νεκρὸν
2304 4089 2643 4158 τεταρταῖον,
2673 4085 2765 4139 τὸν
2791 4085 2949 4155 φίλον
2975 4086 3255 4157 ἐγείροντι
3291 4089 3559 4159 Λάζαρον.

2161 4266 2399 4316 Ἤκουσε
2432 4261 2533 4328 τῆς
2577 4259 2762 4328 φωνῆς
2798 4277 2892 4313 σον
2920 4263 2947 4313 δ
2976 4260 3209 4325 ἄπνους,
3242 4264 3343 4313 καὶ
3371 4260 3647 4330 ψνχωθεὶς,

2085 4352 2149 4404 ἐκ
2185 4348 2392 4418 νεκρῶν
2418 4348 2616 4417 ἀνέστη
2650 4348 2880 4412 εὐθέως,
2906 4348 3144 4413 δοξάζων
3168 4365 3255 4417 σε,
3285 4352 3481 4421 Κύριε.

2153 4524 2489 4595 Πρόσταγμα
2566 4525 2856 4596 ζωηφνέρου
2938 4528 3125 4597 φωνῆς
3198 4545 3297 4582 σου
3385 4529 3649 4598 δεξὰμενος

2083 4618 2293 4681 ὀδωδὼς
2326 4657 2341 4682 ,
2401 4619 2672 4691 ἐξηγέρθη
2747 4619 2844 4674 τοῦ
2904 4621 3115 4691 τάφου,
3178 4622 3372 4693 Σῶτὲρ
3441 4624 3566 4694 μου,
3625 4622 3648 4670 ὸ

2087 4710 2361 4779 Λάζαρος.
3248 4706 3251 4709 ’

2171 4800 2505 4869 Ἐδὰκρυσας
2556 4800 2651 4853 ἐπὶ
2703 4800 2866 4872 φίλῳ,
2909 4800 3092 4873 Σῶτέρ
3138 4820 3267 4872 μου*
3320 4803 3643 4873 πιστούμενοξ

2090 4892 2191 4962 τὴν
2229 4893 2387 4962 ἡμῶν
2425 4891 2499 4956 ὡς
2548 4893 2819 4962 ὲφόρεσας
2868 4894 3193 4964 φύσινηιαὶ
3228 4895 3421 4950 τοῦτον
3445 4894 3643 4960 ἀνέστηο

2096 5000 2218 5048 σας.

2181 5073 2514 5146 Ἐτρόμαξεν
2564 5074 2641 5139 ὡς
2670 5076 2923 5130 κατεῖδεν
2954 5080 2982 5132 ὁ
3027 5079 3159 5151 ᾅδης
3205 5077 3638 5152 παλινδρομοῦντα

2097 5167 2261 5232 εὐθὺς
2299 5167 2390 5219 τὸν
2432 5166 2717 5237 δεδεμένον
2754 5169 3013 5240 κειρίαις,
3064 5174 3213 5242 φωνῇ
3245 5172 3388 5241 πρὸς
3430 5170 3519 5240 τὴν
3554 5157 3635 5219 ὧδε

2131 5280 2266 5317 ιυην.

2131 5281 2176 5317 ω
2216 5280 2266 5315 ν.

2097 5262 2130 5328 ζ
2180 5263 2512 5421 f1Eééxrr'rpscxv
2556 5349 2667 5403 τῶν
2713 5349 2981 5422 Ἐϐραίων
3017 5353 3070 5407 οἱ
3116 5353 3309 5423 δῆμοι,
3358 5354 3445 5405 ὅτε
3485 5347 3632 5417 ww}.

2094 5460 2194 5505 σας
2213 5484 2227 5507 ,
2265 5442 2449 5514 Σῶτερ
2474 5485 2487 5509 ,
2518 5441 2889 5513 ὲξανέστησας
2917 5444 3069 5515 λόγῳ
3104 5443 3338 5499 ὀδωδότα
3369 5442 3458 5496 τὸν
3486 5438 3631 5501 Ait?

2098 5551 2212 5607 ρον.
2758 5556 2763 5561 -

1723 5671 1956 5747 vanu:
2004 5672 2408 5731 LECTIONES.

492 5738 540 5771 ⁸⁷⁵
562 5739 668 5793 ἄλ.
695 5738 914 5799 “acac.
