3870 6214
271 369 404 436 1380

1504 368 1754 430 CANON
1794 369 1877 430 IN
1918 366 2299 432 LAZARUM.

3384 375 3521 441 1390

283 532 291 539 ,
349 479 705 549 Ἐσείσθησαν
751 480 818 534 τὰ
866 482 1067 551 ταμεῖα
1113 482 1208 536 τοῦ
1246 482 1411 550 ᾆδον,
1459 482 1534 544 ὼς
1576 478 1845 550 tabularii-:0

2014 478 2300 535 Concussa
2338 487 2468 535 sunt
2534 478 2735 535 inferni
2767 482 3135 552 receptacula,
3161 490 3220 537 ut
3247 491 3377 542 tunc
3410 498 3524 545 sta—

267 573 430 637 εὗθὺς
450 573 597 627 κάτω
622 572 868 643 Λάζαρος
891 573 1032 640 τότε,
1078 578 1142 647 τῇ
1179 578 1329 647 φωνῇ
1377 574 1471 629 τοῦ
1500 574 1840 639 ζωὼσαντος.

739 666 877 737 ᾩδὴ
917 674 988 736 γ’.
1032 668 1094 721 '0
1130 670 1369 739 Είρμός.

346 774 365 807 ι
398 754 563 809 Λίθον
591 754 651 809 δν
676 757 1083 829 ὲπεδοκίμησαν
1122 760 1172 812 οξ
1200 759 1616 829 οἰκοδομοῦντες
1638 800 1653 825 ,
1688 750 1845 822 οὗτος

266 846 503 917 ἐγενήθη
538 848 619 910 είς
642 847 883 918 κεφαλὴν
909 849 1141 917 γωνίαςδ
1173 869 1192 901 ι
1224 849 1385 913 αὑτός
1414 851 1561 901 ἐστιν
1590 850 1622 919 ἡ
1648 849 1843 919 πέτρα,

269 932 383 1013 ὲνῇ
425 941 728 1008 ἐστερέωσε
762 941 996 1011 Χριστὸς
1029 941 1130 1012 τὴν
1166 941 1496 1012 Ἐκκλησίαν
1534 939 1699 995 αὐτοῦ
1724 982 1739 1009 ,
1776 939 1845 1011 ἢν

267 1029 327 1096 ἐξ
359 1027 530 1082 ἐθνῶν
560 1029 955 1102 ὲξηγορήσατο.
1194 1021 1206 1033 ’

335 1118 537 1190 Θαῦμα
563 1117 714 1185 ξένον
745 1122 841 1174 καὶ
872 1109 1174 1195 παράδοξον
1200 1139 1215 1155 ⁸
1242 1124 1359 1188 πῶς
1384 1126 1412 1177 δ
1441 1125 1683 1198 Κτίστης
1707 1126 1845 1182 πάν-

266 1226 396 1274 των,
426 1212 562 1280 ὅπερ
589 1211 689 1264 οὐκ
712 1212 919 1281 ἠγνόει,
948 1214 1023 1276 ὡς
1047 1212 1496 1286 ἀγνοῶνὴρὼταε
1526 1216 1632 1270 Ποῦ
1666 1221 1843 1272 κεῖται

268 1301 328 1355 ὃν
355 1301 601 1374 θρηνεῖτε
625 1320 639 1367 ;
666 1303 781 1355 ’[Ιοῦ
812 1305 1076 1359 τέθαπται
1110 1306 1381 1378 Λάζαρος,
1404 1308 1461 1360 ὃν
1497 1310 1616 1379 μετ’
1647 1310 1844 1380 ὀλίγων

268 1395 335 1446 ὲκ
366 1393 595 1464 νεκρῶν,
625 1393 804 1459 ζῶντα
833 1398 968 1467 ἡμῖν
998 1396 1343 1469 ὲξανεστήσω
1372 1400 1521 1469 ὲγώ;

338 1575 503 1628 Λίθον
547 1574 606 1627 ὃν
653 1591 734 1627 σοι
786 1572 1189 1644 προσεκύλισαν
1243 1576 1294 1628 οῖ
1344 1576 1707 1646 κηδεύσαντές
1758 1597 1839 1646 σε,

268 1664 457 1720 τοῦτον
486 1666 811 1734 συγκινῆσαι
842 1668 870 1720 ὁ
909 1665 1117 1735 Ἰησοῦς
1144 1666 1480 1738 προστάξας,
1510 1669 1675 1734 εὐθὺς
1707 1671 1846 1726 ἀνέ-

269 1756 439 1827 στησέ
501 1772 584 1820 σε,
649 1758 906 1827 φωνήσας
953 1774 1037 1810 σοι
1062 1774 1075 1786 ·
1128 1757 1345 1828 Λάζαρε
1373 1798 1390 1826 ,
1414 1760 1657 1815 ἀνάστα·
1683 1761 1845 1834 δεῦρο

265 1847 408 1918 πρός
445 1865 512 1918 με
537 1863 553 1879 ο
592 1849 681 1903 ἵνα
714 1849 812 1920 τὴν
838 1849 937 1920 σὴν
964 1852 992 1903 6
1020 1837 1153 1921 ᾅδης
1183 1848 1361 1922 πτήξῃ
1388 1854 1591 1922 φωνήν.

338 1941 543 2012 Μάρθα
573 1942 667 1995 καὶ
692 1943 899 2013 Μαρία,
928 1943 1100 2014 Κύριε
1123 1982 1137 2006 ,
1170 1942 1427 2014 ὀδυρμοῖς
1456 1944 1646 1997 ὲόόωψ
1682 1963 1702 1997 ε
1739 1945 1843 2000 Ἴδε

262 2031 326 2083 δν
350 2031 557 2099 ἐφίλεις
575 2035 887 2100 τεταρταῖος
903 2033 1105 2096 δζει.Εἰ
1123 2031 1191 2106 ἧς
1212 2028 1315 2089 ὧδε
1328 2036 1472 2101 τότε,
1493 2038 1592 2090 οὐκ
1614 2036 1845 2111 ἕθνησκε

263 2120 541 2194 Λάζαρος.
578 2142 598 2175 ι
642 2124 783 2176 Ἀλλ’
812 2125 888 2188 ὡς
914 2124 1217 2198 ᾀχώριστος
1241 2128 1403 2182 παντὶ
1427 2169 1441 2195 ,
1469 2129 1658 2185 τοῦτον
1684 2130 1846 2195 εὐθὺς

264 2215 530 2285 φωνήσας
558 2215 810 2286 ἤγειρας.

349 2394 547 2458 Ῥἁνας
581 2394 675 2447 ἐπὶ
712 2393 850 2465 φίλῳ
887 2394 1101 2467 δάκρυα
1140 2394 1208 2449 δι’
1250 2398 1594 2470 οἰκονομίαν,
1635 2401 1846 2470 ἔδειξας

258 2483 366 2556 τὴν
395 2485 575 2556 σάρκα
597 2485 695 2554 τὴν
724 2485 783 2550 ἐξ
810 2487 842 2556 ἡ
853 2485 970 2556 μῶν
998 2486 1300 2559 ληφθεῖσαν
1323 2528 1338 2555 ,
1368 2490 1526 2563 οὐσίᾳ
1546 2534 1561 2559 ,
1595 2494 1656 2546 οὐ
1686 2494 1848 2567 δοκή-

263 2593 354 2630 σει
377 2618 393 2643 ,
427 2576 613 2647 Σῶτερ
641 2617 656 2644 ,
699 2577 994 2632 ἑνωθεῖσὰν
1044 2575 1129 2633 σοι
1161 2596 1176 2610 ο
1217 2581 1312 2635 καὶ
1347 2581 1423 2646 ὡς
1464 2583 1844 2658 φιλάνθρωπος

258 2667 421 2733 Θεὸς,
453 2667 643 2721 τοῦτον
662 2667 823 2732 εὐθὺς
851 2671 1139 2741 φωνήσας
1170 2672 1424 2745 ἧγειρας.

336 2842 501 2915 Οῖμοι
527 2845 542 2897 ι
584 2844 754 2908 ὅντως
803 2844 896 2899 νῦν
938 2843 1213 2909 ἀπόλωλα,
1243 2844 1452 2898 ἐκϐοῶν
1477 2846 1506 2899 6
1536 2844 1671 2917 ᾅδης
1700 2846 1842 2901 οὕτω

260 2932 612 3005 προσεφώνει
639 2933 718 3005 τῷ
742 2935 959 3006 θανάτῳ
984 2936 1177 3004 λέγων·
1223 2932 1353 2991 Ἰδοὺ
1381 2939 1409 2990 6
1435 2938 1749 3010 Ναζαραῖος
1769 2941 1842 2999 τὰ

262 3023 420 3079 κάτω
443 3024 745 3090 συνέσεισε,
770 3027 867 3080 καὶ
892 3030 989 3098 τὴν
1010 3028 1252 3099 γαστέρα
1277 3045 1379 3100 μου
1398 3028 1606 3100 τεμὼν,
1635 3031 1838 3086 ἄπνουν

262 3116 483 3188 νεκρὸν,
513 3117 769 3187 φωνήσας
790 3117 1000 3189 ἤγειρε.

339 3205 453 3261 Ποῦ
484 3206 518 3276 ἡ
548 3206 656 3260 τῶν
701 3205 967 3275 Ἐϐραίων
996 3204 1188 3271 ἄνοιας
1218 3205 1329 3259 Ποῦ
1365 3208 1400 3278 ἠ
1430 3206 1661 3260 ἀπιστία
1686 3223 1702 3272 ;
1734 3208 1840 3272 ἓως

270 3298 401 3351 πότε
437 3297 627 3352 πλάνοι
656 3314 670 3363 ;
706 3298 851 3363 Ἕως
880 3297 1012 3351 πότε
1042 3297 1216 3364 νόθοι;
1259 3297 1457 3368 Ὁρᾶτε
1485 3297 1578 3352 τὸν
1610 3297 1842 3353 θανόντα

270 3390 420 3459 φωνῇ
451 3386 827 3457 ἐξαλλόμενον,
864 3388 959 3442 καὶ
984 3388 1267 3441 ἀπιστεῖτε
1299 3387 1377 3458 τῷ
1424 3387 1650 3460 Χριστῷ
1673 3405 1688 3455 ;
1712 3389 1841 3441 Ὄν-

268 3495 375 3542 τως
404 3478 526 3533 υἱοὶ
547 3476 642 3531 τοῦ
662 3476 891 3542 σκότους
922 3477 1126 3540 πάντες
1151 3477 1334 3546 ὑμεῖς.

968 3590 1142 3655 Δόξα.

338 3681 479 3736 Ἕνα
510 3682 608 3754 τῆς
629 3682 854 3754 Τριάδος
885 3678 1001 3737 οἷδά
1032 3699 1090 3734 σε
1111 3722 1126 3745 ,
1156 3680 1203 3732 εί
1234 3680 1328 3733 καὶ
1357 3679 1678 3751 ὲσαρκώθης
1701 3693 1717 3712 ⁸
1750 3681 1845 3734 ἕνα

261 3774 368 3828 καὶ
395 3772 602 3839 δοξάζω
629 3774 756 3827 Υἱδν
784 3773 1201 3845 σεσαρκωμὲνον
1236 3772 1327 3827 τδν
1353 3775 1417 3827 ἐκ
1454 3774 1556 3843 τῆς
1580 3775 1844 3828 Θεοτόκου

260 3864 529 3937 ἀσπόρως
563 3863 968 3936 βλαστήσαντα,
996 3866 1090 3918 καὶ
1125 3866 1223 3918 σὺν
1257 3864 1432 3935 Πατρὶ
1461 3865 1557 3918 καὶ
1594 3864 1847 3937 Πνεύμα-

262 3973 347 4023 τι,
382 3953 484 4008 ἕνα
510 3954 641 4008 Υἱδν
662 3954 1133 4025 δοξολογούμενον.
1424 3967 1433 3973 ’

912 4067 1022 4120 Καὶ
1077 4066 1231 4123 vim-

341 4180 506 4237 Ξένον
532 4183 626 4236 διαὶ
657 4181 884 4253 φρικτὸν
919 4182 981 4233 τὸ
1027 4182 1230 4253 ὅραμα,
1261 4182 1319 4249 ἐξ
1351 4182 1682 4253 οἰκονομίας,
1711 4182 1847 4254 ὅπερ

269 4273 575 4345 προεώρων
602 4275 654 4326 οί
678 4273 932 4342 ἀψευδεῖς
960 4273 1238 4344 προφῆται
1260 4274 1534 4345 Παρθένον
1561 4273 1845 4337 Θεότοκον,

267 4366 535 4437 ἀσπόρως
583 4364 682 4433 μὶν
728 4364 969 4418 κυοῦσαν
1016 4366 1308 4435 ἁσπόρως,
1357 4365 1652 4419 τίκτουσαν
1679 4364 1846 4431 Θεὸν,

272 4455 545 4526 μένουσαν
570 4456 629 4508 δὲ
670 4455 810 4525 μετὰ
858 4458 1016 4508 τόκον
1039 4455 1231 4525 ἁγνήν.

743 4567 878 4638 ᾨδὴ
943 4567 1012 4620 δέ.
1064 4568 1118 4621 Ὀ
1152 4567 1387 4634 Ειρμός.

357 4677 609 4748 Ἐπήρθη
638 4679 666 4731 6
693 4676 863 4747 ἥλιος,
891 4679 989 4731 καὶ
1020 4677 1053 4747 ή
1103 4675 1297 4747 σελήνη
1329 4674 1461 4745 ἔστη
1492 4677 1551 4728 ὲν
1588 4678 1655 4746 τῇ
1698 4676 1852 4743 τάξει

270 4768 469 4837 αὐτῆς.
490 4766 762 4838 Ὑψώθης,
788 4767 1130 4838 μακρόθυμε,
1154 4767 1248 4820 ἐπὶ
1272 4764 1367 4819 τοῦ
1398 4765 1577 4831 ξύλου,
1603 4767 1696 4820 καὶ
1719 4766 1853 4837 ἔπη-

271 4860 375 4926 ξας
405 4861 465 4911 ἐν
490 4857 639 4928 αὐτῷ
668 4858 767 4929 τὴν
810 4858 1139 4927 Ἐκκλησίαν
1166 4875 1283 4911 σου.

362 4948 701 5019 Ἑδὰκρυσας
720 4988 735 5012 ,
762 4947 935 5017 Κύριε
962 4988 978 5012 ,
1007 4948 1099 5000 ὲπὶ
1131 4947 1369 5016 Λαζάρῳ
1390 4986 1404 5010 ,
1432 4945 1612 5011 δείξας
1639 4946 1721 4998 ὅτι
1750 4945 1848 5000 ἄν·

273 5038 497 5108 θρωπος
529 5033 579 5091 εἶ
609 5077 624 5101 ,
656 5038 751 5090 καὶ
790 5038 1017 5108 ἤγειρας
1043 5078 1058 5100 ,
1090 5039 1373 5103 Δέσποτα,
1398 5036 1491 5089 τὸν
1536 5035 1807 5090 τεθνεῶτα
1831 5074 1847 5099 ,

272 5130 373 5182 καὶ
410 5128 614 5192 ἔδειξας
647 5132 759 5191 τοῖς
787 5127 958 5191 λαοῖς,
983 5128 1064 5180 ὃτι
1101 5127 1229 5189 Υἱὸς
1257 5123 1308 5180 εἴ
1326 5127 1421 5180 τοῦ
1443 5125 1602 5181 Θεοῦ.

360 5221 421 5272 '0
471 5219 675 5283 ἄπνους
713 5220 912 5291 ἤκουσε
956 5218 1017 5271 τὸ
1061 5219 1389 5289 πρόσταγμά
1422 5234 1553 5270 σου·
1611 5238 1630 5271 ι
1684 5221 1854 5289 Δεῦρο

276 5311 405 5377 ἔξω,
434 5311 653 5383 Λαζάρε
675 5327 690 5342 °
722 5330 741 5362 ι
764 5311 1022 5382 δρομαῖος
1052 5310 1304 5363 ἀνίστατο
1340 5312 1436 5363 σὺν
1464 5312 1577 5374 τοῖς
1607 5312 1853 5383 σπαργά-

276 5418 413 5470 νοις,
443 5403 536 5456 καὶ
560 5403 775 5473 ἧλλατο,
812 5401 1006 5471 ἀγαθὲ,
1032 5402 1243 5464 δεικνὺς
1273 5401 1332 5453 τὸ
1364 5401 1567 5472 κράτος
1594 5419 1708 5457 σου.

350 5580 466 5652 Τῆς
501 5579 735 5652 Μάρθας
772 5583 845 5637 τὰ
889 5581 1126 5654 δάκρυα,
1163 5580 1379 5653 καὶτῆς
1422 5582 1646 5653 Μαρίας
1692 5585 1852 5638 κατέι

1947 571 2043 624 tim
2076 570 2405 626 vivificantis
2438 586 2571 626 voce
2599 570 2842 628 Lazarus
2870 574 3232 631 animaretur.

2501 661 2614 717 Ode
2638 662 2693 717 '5.
2734 663 2977 718 Hirmus.

2020 770 2039 803 ι
2072 749 2337 821 Lapidem
2361 766 2521 822 quem
2559 754 2995 822 reprobaverunt
3043 756 3399 827 aediﬁcantes,
3430 760 3522 815 hic

1947 838 2130 895 factus
2154 850 2240 895 est
2268 841 2327 895 in
2354 851 2521 911 caput
2549 842 2733 914 anguli
2761 853 2841 899 τ.»
2866 843 2990 900 Ha-c
3016 852 3169 915 petra
3182 855 3286 912 est,
3321 849 3376 903 in
3411 865 3520 919 qua

1944 932 2203 990 Christus
2232 933 2506 1000 fundavit,
2554 949 2718 1006 quam
2769 952 2835 992 ex
2866 938 3124 1006 gentibus
3152 939 3386 995 redemit
3418 941 3520 995 Ec-

1945 1023 2199 1091 clesiam.

2017 1114 2339 1169 Miraculum
2372 1130 2578 1170 novum
2626 1124 2690 1171 .et
2733 1116 3041 1174 insolitum.
3070 1116 3359 1184 Quomodo
3400 1124 3519 1176 uni-

1946 1206 2235 1267 versor'um
2277 1205 2528 1273 Creator,
2547 1208 2695 1262 velut
2716 1210 3018 1279 ignoraret,
3041 1210 3187 1279 quod
3221 1225 3327 1271 non
3360 1212 3518 1283 igno-

1946 1299 2125 1362 rabat,
2160 1300 2635 1370 percontabatur?
2660 1301 2764 1357 Ubi
2800 1302 3022 1372 positus
3062 1314 3149 1358 est
3178 1319 3339 1373 quem
3373 1305 3522 1375 luge-

1945 1390 2056 1444 tis?
2095 1388 2198 1445 Ubi
2226 1392 2485 1461 sepultus
2508 1390 2774 1458 Lazarus,
2805 1408 2972 1464 quem
3001 1408 3105 1463 ego
3151 1393 3301 1449 brevi
3335 1409 3458 1450 sum
3491 1410 3522 1449 a

1946 1483 2179 1539 mortuis
2238 1484 2652 1539 suscitaturus?

2015 1573 2275 1645 Lapidem
2304 1591 2464 1646 quem
2491 1576 2590 1632 tibi
2624 1575 3005 1639 advolverant,
3036 1576 3132 1647 qui
3163 1585 3317 1641 tuum
3363 1592 3524 1633 cura.

1944 1670 2072 1717 rant
2105 1663 2293 1732 funus,
2353 1666 2449 1720 ubi
2504 1663 2666 1720 Jcsus
2705 1679 2735 1719 a
2765 1663 3252 1735 Judaeisjussisset
3287 1666 3520 1730 revolvi,

1946 1765 2000 1812 te
2030 1757 2215 1814 statim
2238 1756 2592 1815 resuscitavit
2614 1774 2629 1824 ;
2648 1771 2856 1813 vocans
2884 1766 2970 1812 te:
2991 1756 3220 1823 Lazare,
3249 1773 3477 1830 resurgo
3503 1776 3519 1822 ;

1949 1849 2075 1905 veni
2108 1850 2178 1904 ad
2211 1865 2333 1916 me,
2364 1858 2426 1905 ut
2456 1856 2549 1904 tua
2578 1848 2857 1905 infernum
2893 1863 3026 1904 voce
3061 1851 3412 1920 percellen‘es.

2023 1939 2232 1995 Martha
2287 1938 2589 2010 Mariaque,
2632 1953 2666 1994 ο
2720 1941 2973 2006 Domine,
3002 1940 3271 2011 gemendo
3315 1942 3520 1996 clama-

1948 2032 2082 2089 bant
2114 2048 2128 2084 :
2167 2050 2188 2085 ι
2249 2032 2392 2088 Ecce
2423 2047 2585 2103 quem
2632 2032 2877 2099 amabas,
2927 2030 3333 2101 quatriduanus
3367 2031 3517 2087 fetet.

1949 2123 2007 2179 Si
2052 2123 2259 2180 fuisses
2314 2123 2430 2189 hic,
2476 2138 2589 2178 non
2629 2120 2844 2178 fuisset“
2848 2130 3103 2177 mortuus
3135 2121 3382 2177 Lazarus
3409 2122 3458 2177 '.
3496 2141 3515 2172 ι

1947 2212 2152 2272 Verum
2193 2215 2287 2286 qui
2318 2229 2590 2285 nusquam
2624 2214 2868 2280 decsses,
2899 2227 3034 2268 eum.
3055 2213 3238 2268 statim
3274 2214 3523 2269 vocando

1945 2304 2320 2362 resuscitasti.

2019 2397 2250 2453 Stillans
2284 2395 2696 2466 dispensatione
2737 2394 3014 2465 lacrymas
3053 2407 3224 2463 super
3254 2392 3519 2452 amicum.

1946 2482 2170 2545 carnem
2204 2503 2370 2560 quam
2403 2503 2470 2543 ex
2498 2487 2660 2542 nobis
2684 2485 3112 2555 assumpsisses,
3144 2484 3390 2541 essentia
3412 2497 3520 2538 non

1946 2580 2288 2650 apparentia,
2350 2581 2560 2634 unitam
2623 2577 2726 2632 tibi
2788 2576 3331 2645 ostendistizutque
3379 2573 3525 2628 Deus
3602 2566 3607 2570 ’

1944 2669 2219 2737 benignus
2247 2683 2313 2725 ac
2347 2669 2686 2734 misericors,
2718 2683 2842 2724 eum
2870 2670 3055 2722 statim
3082 2666 3331 2722 vocando
3365 2680 3523 2721 resu-

1910 2807 1914 2812 .
1945 2761 2188 2816 scitasti.

2014 2853 2130 2909 Heu
2158 2853 2281 2908 mel
2337 2866 2467 2909 vere
2528 2864 2677 2906 nunc
2717 2849 2852 2918 perii
2890 2862 2954 2902 ac
2986 2847 3054 2903 de
3085 2862 3172 2902 me
3201 2854 3384 2901 actum
3415 2853 3523 2906 est,

1943 2946 2215 3003 clamabat
2243 2944 2495 3001 infernus
2535 2944 2604 2998 ad
2637 2950 2872 2998 mortem
2916 2959 2930 2996 :
2965 2939 3109 2996 Ecce
3165 2939 3313 2994 enim
3356 2937 3534 2993 Naza-

1945 3053 2087 3094 raeus
2127 3037 2218 3093 ille
2248 3037 2466 3093 inferna
2494 3017 2805 3102 concussit,
2836 3042 3099 3103 sectoque
3141 3046 3266 3087 meo
3310 3038 3526 3093 ventre,

1865 3150 1908 3209 ο
1943 3136 2219 3184 mortuum
2250 3127 2370 3183 sine
2402 3126 2625 3196 spiritu,
2650 3122 2904 3181 vocando
2935 3122 3313 3178 resuscitavit.

2019 3216 2120 3271 Ubi
2160 3215 2514 3269 Hebraeorum
2571 3212 2885 3267 dementia?
2944 3209 3046 3264 Ubi
3116 3207 3528 3264 incredulitas?

1948 3304 2201 3371 Quandiu
2257 3303 2622 3373 impostores?
2684 3300 2929 3372 quandiu
2979 3298 3253 3353 adulterii
3314 3296 3525 3352 Videtis

1949 3384 2224 3449 mortuum
2241 3393 2310 3447 ad
2332 3407 2521 3448 vocem
2541 3407 2703 3446 unam
2716 3391 3083 3452 exsilientem,
3102 3397 3280 3443 etnon
3301 3388 3525 3444 creditis

1948 3483 2206 3541 Christo?
2228 3481 2366 3537 Vere
2398 3497 2497 3538 vos
2531 3478 2850 3537 omnes'ﬁlii
2881 3478 3252 3535 tenebrarum.

2636 3593 2843 3649 Gloria.

2024 3686 2099 3741 Te
2130 3701 2297 3742 unum
2333 3685 2399 3740 de
2431 3666 2699 3740 Trinitate
2724 3676 2870 3748 novi,
2903 3697 3216 3753 quanquam
3248 3697 3310 3738 es
3342 3683 3528 3739 incar—

1951 3788 2147 3843 natus;
2207 3791 2485 3847 unumque
2516 3775 2765 3846 glorifico
2798 3771 2996 3828 Filium
3035 3774 3403 3839 incarnatum,
3457 3791 3525 3830 ex'

1955 3867 2185 3937 Deipara
2218 3870 2335 3923 sine
2366 3870 2576 3924 semine
2630 3875 2841 3930 natum,
2866 3867 3159 3941 ipsumque
3187 3881 3313 3920 cum
3337 3864 3526 3931 Patre,

1952 3970 2001 4016 et
2035 3960 2244 4040 Spiritu
2276 3970 2492 4025 sancto,
2510 3959 2701 4013 Filium
2735 3974 2903 4013 unum
2932 3957 3318 4029 glorificatum.

2585 4066 2657 4122 Ει
2731 4084 2891 4122 nunc.

2021 4182 2278 4245 Nova,ex
2299 4181 2734 4251 dispensatione,
2756 4184 2920 4248 visio,
2945 4191 2999 4238 et
3030 4181 3325 4247 horrenda,
3360 4196 3522 4252 quam

1954 4254 2325 4339 przevideruut
2354 4285 2580 4326 veraces
2625 4272 2904 4341 propinata:
2932 4290 2945 4324 :
2980 4287 3197 4340 nempe,
3232 4270 3522 4341 Deiparam

1956 4360 2256 4431 Virginem,
2298 4369 2566 4431 conceptu
2606 4369 2876 4433 partuque
2901 4361 3022 4417 sine
3053 4362 3284 4425 semine,
3314 4369 3522 4416 castam

1882 4490 1924 4544 Β
1955 4469 1986 4508 a
2016 4462 2175 4524 partu
2206 4464 2539 4509 manentem.

2501 4562 2613 4617 Ode
2632 4563 2688 4616 4.
2715 4563 2959 4617 Hirmus.

2025 4676 2283 4733 Elevatus
2314 4685 2397 4730 est
2431 4679 2513 4732 sol
2544 4679 2588 4741 ι,
2612 4677 2851 4745 lunaque
2901 4675 3057 4730 stetit
3096 4674 3151 4728 in
3183 4674 3378 4730 ordine
3399 4690 3522 4731 suo.

1955 4769 2208 4829 Elevatus
2236 4783 2296 4822 es
2328 4770 2379 4820 in
2412 4767 2577 4837 ligno,
2614 4782 2648 4822 o
2678 4764 3022 4839 longanimis,
3079 4773 3340 4837 tuamque
3370 4766 3426 4822 in
3459 4783 3524 4823 eo

1944 4858 2246 4913 Ecclesium
2282 4856 2469 4912 ﬁxisti.
2960 4914 2969 4917 _

2015 4947 2375 5019 Lacrymatus
2398 4963 2480 5012 es,
2510 4948 2759 5013 Domine,
2795 4964 2962 5021 super
2997 4950 3264 5005 Lazarum
3300 4964 3316 5003 :
3349 4949 3527 5004 homi-

1948 5056 2070 5096 nem
2138 5051 2189 5095 te
2254 5042 2372 5110 ipse
2410 5040 2753 5105 ostendens,
2823 5043 3210 5113 excitastique,
3274 5040 3523 5105 Domine,

1952 5142 2254 5193 mortuum,
2285 5147 2349 5185 ac
2392 5142 2444 5186 te
2474 5135 2694 5203 populis
2726 5133 2818 5190 Dei
2841 5133 3035 5189 Filium
3060 5132 3326 5202 probasti.

2026 5221 2246 5277 Audivi!
2275 5222 2369 5292 qui
2402 5222 2522 5277 sine
2566 5224 2762 5295 spiritu
2822 5233 2942 5279 erat
2971 5230 3300 5293 praeceptum
3333 5226 3525 5274 tuum:

1964 5332 1983 5366 ι
2023 5313 2250 5380 Lazare,
2284 5314 2406 5369 veni
2451 5313 2601 5372 foras
2647 5329 2706 5381 ιις
2755 5335 2773 5367 ι
2828 5315 3174 5385 festinusque
3228 5312 3530 5366 resurrexit

1959 5421 2082 5460 cum
2125 5402 2344 5466 fasciis;
2402 5405 2796 5476 exsiliensque,
2849 5420 2882 5458 ο
2926 5405 3088 5468 bone,
3124 5408 3228 5456 tua
3274 5400 3531 5470 potentiae

1959 5496 2237 5566 Specimen
2276 5494 2551 5549 exhibuit.

2032 5584 2246 5639 Scdasti
2313 5582 2536 5640 Martha:
2583 5596 2637 5641 et
2682 5584 2865 5640 Maria:
2902 5586 3199 5657 lacrymas,
3230 5600 3264 5641 o
3312 5582 3533 5641 Christe

353 5765 378 5800 τ
413 5755 560 5814 Psal.
591 5773 763 5825 cxvn,
806 5755 912 5816 22:
950 5744 1143 5812 Matth.
1182 5772 1292 5824 ut,
1321 5755 1410 5811 ιε.
1491 5763 1514 5792 ⁸
1551 5754 1711 5814 Joan.
1755 5772 1828 5819 τι,

1973 5758 2076 5819 .‘ll.
2166 5773 2180 5798 ι
2230 5762 2399 5821 Josue
2435 5780 2489 5826 ι,
2525 5759 2609 5815 15.
2697 5772 2718 5797 ιι
2743 5760 2905 5816 Joan.
2942 5778 3017 5828 si.
3050 5762 3144 5818 ιδ.
