3870 6214
403 350 533 417 1331

1586 358 1651 418 S.
1684 357 2017 419 ΑΝΒΒΕᾸΞ
2052 361 2473 425 CRETENSIS

3514 378 3633 449 139!

399 459 545 519 Deus
576 479 589 515 :
627 461 891 515 Lazarum
925 460 1254 516 auctoritate
1282 473 1507 528 vocans,
1526 461 1777 517 vocando
1798 463 1965 517 susci-

2098 482 2311 528 ιαυσας,
2346 468 2551 536 Χριστὲ
2585 469 2612 521 ὁ
2640 468 2770 532 Θεός
2795 488 2809 503 ·
2845 474 3109 544 φωνήσας
3125 476 3216 531 τὸν
3251 478 3494 552 Λάζαρον
3518 486 3637 538 αὕτ-

400 556 527 613 tnsti
550 572 571 621 .;
607 555 763 623 isque
797 563 847 607 te
883 553 1154 608 adoravit.

468 732 828 804 Lacrymatus
852 748 1015 804 super
1043 732 1309 788 Lazarum
1329 748 1427 803 pro
1465 732 1705 787 hominis
1740 732 1972 798 ratione,

2079 556 2373 623 εξουσίως,
2421 561 2756 630 συνήγειρας
2793 566 2861 634 τῇ
2904 570 3057 639 ιρωνῇ
3087 606 3101 632 ,
3143 572 3233 622 καὶ
3276 579 3639 646 προσεκύνησέ

2080 662 2183 699 σοι.

2147 739 2438 810 Δακρύσας
2459 741 2536 804 ὡς
2556 741 2841 815 ἄνθρωπος
2868 748 2959 799 ἐπὶ
2980 748 3243 822 Λαζάρῳ,
3263 752 3547 827 ἑξήγειρας
3563 758 3642 809 αὖ·

394 826 645 880 eumdem
712 841 817 894 qua
880 825 1027 880 Deus
1090 826 1891 894 excitastl:percontabaris,
1941 840 1965 880 ο

2098 828 2167 883 τὸν
2198 831 2274 893 ὡς
2308 832 2462 895 Θεὸς,
2504 835 2752 906 Ἦρὼτας
2796 837 2898 890 ποῦ
2930 839 3191 895 τέθαπται
3241 846 3272 896 ὁ
3301 825 3638 916 τεταρταῐο;,

396 922 572 983 bone,
640 920 731 973 ubi
791 928 940 974 esset
1005 922 1254 989 sepultus
1320 920 1749 989 quatriduanus,
1811 917 1973 973 iidem

395 1022 649 1066 astruens
676 1023 975 1080 assumpta:
1006 1011 1353 1066 humanitati.

465 1104 671 1158 Volcns
700 1103 975 1173 passionis
1008 1112 1118 1156 tua:
1140 1112 1197 1157 et
1226 1102 1411 1158 crucis
1437 1101 1712 1174 symbola,
1741 1115 1774 1155 o
1808 1101 1972 1165 bone,

394 1197 712 1257 declarare;
738 1194 1040 1248 insatiabili
1076 1204 1237 1263 rupto
1271 1192 1473 1248 inferni
1517 1203 1725 1258 ventre,
1762 1192 1973 1263 quatri-

395 1290 636 1344 duanum
675 1286 1020 1340 resuscitasti
1055 1285 1239 1340 divina
1283 1292 1572 1353 potestate.

461 1378 597 1442 Quis
632 1376 791 1437 vidit.
822 1374 948 1443 quis
976 1375 1212 1441 audivit,
1258 1384 1315 1428 ut
1353 1385 1607 1430 mortuus
1666 1377 1829 1430 homo
1854 1374 1971 1444 jam

397 1468 571 1521 {utens
624 1466 1035 1520 resurrexerit?
1096 1466 1364 1536 Equidem
1417 1467 1729 1520 excitarunt
1798 1465 1968 1529 Elias,

349 1557 764 1625 'Efisznusque;
816 1554 962 1609 baud
1024 1563 1206 1611 tamen
1252 1571 1317 1612 ex
1371 1557 1607 1623 tumulo,
1639 1556 1723 1612 vel
1755 1555 1972 1625 quatri-

394 1649 659 1703 duanum.

461 1738 656 1801 Tuam,
689 1737 936 1803 Domine,
967 1737 1256 1793 laudamus
1285 1739 1582 1809 potentiam
1612 1757 1626 1804 ;
1677 1736 1966 1792 laudamus

2077 922 2461 995 πιστούμενος,
2493 926 2688 995 ἀγαθὲ,
2715 929 2815 997 τὴν
2836 931 3250 1001 ένανθρώπησίν
3286 952 3401 989 σου.

2146 1096 2252 1152 Τοῦ
2275 1097 2479 1164 πάθους
2504 1100 2571 1153 τὰ
2599 1100 2868 1171 σύμϐολα,
2896 1105 2990 1156 καὶ
3020 1104 3113 1159 τοῦ
3137 1110 3377 1181 σταυροῦ
3403 1128 3497 1166 σον
3521 1131 3644 1182 γνω-

2077 1190 2224 1261 ρίσαι
2280 1190 2588 1261 βουληθεὶς,
2645 1195 2843 1262 ἀγαθὲ,
2898 1195 2996 1249 τοῦ
3049 1199 3176 1269 ᾅδου
3228 1202 3329 1271 τὴν
3380 1205 3643 1275 ἄπληστον

2072 1281 2313 1352 γαστέρα
2337 1283 2528 1353 ῥήξας,
2557 1284 2862 1356 ἀνέστησας
2882 1287 2958 1352 ὡς
2981 1289 3114 1353 Θεὸς
3140 1292 3233 1345 τὸν
3259 1296 3640 1367 τετραήμερον.

2142 1374 2239 1435 Τίς
2269 1369 2398 1438 εἶδε,
2425 1374 2507 1436 τίς
2536 1376 2789 1444 ἧκουσεν,
2828 1380 2910 1431 ὅτι
2956 1381 3157 1453 ἀνέστη
3208 1384 3642 1457 ἀνθρωπονεκρὸς

2068 1464 2309 1526 ὀδωδώς·
2350 1465 2532 1528 Ἠλίας
2564 1467 2662 1537 μὲν
2701 1468 2889 1541 ἤγειρε
2922 1472 3017 1525 καὶ
3060 1473 3373 1541 Ἐλισσαῖος,
3409 1477 3523 1530 ἀλλ’
3544 1480 3642 1531 οὐκ

2069 1557 2134 1609 ὲκ
2166 1557 2466 1628 μνήματος,
2500 1557 2615 1610 ἀλλ’
2643 1559 2762 1612 οὐδὲ
2793 1567 3132 1632 τεταρταῖον.

2148 1730 2459 1803 Ἶ⁴μνοῦμέν
2484 1750 2600 1796 σον,
2632 1734 2828 1805 Κύριε,
2867 1737 2966 1808 τὴν
2997 1739 3354 1796 δυναστείαν
3380 1742 3639 1813 ὕμνοῦμεν

391 1837 446 1884 et
473 1841 611 1891 tuas,
639 1843 672 1883 o
700 1827 941 1893 Christe,
972 1830 1296 1898 passiones;
1329 1830 1421 1883 illa
1442 1831 1661 1900 quidem
1703 1838 1963 1898 tanquam

2098 1821 2163 1874 [αὶ
2190 1822 2259 1875 τὰ
2290 1825 2458 1895 πάθη,
2513 1826 2717 1895 Χριστέ
2737 1843 2751 1856 ·
2780 1830 2846 1899 τῇ
2901 1830 3001 1898 μὲν
3026 1831 3135 1902 γὰρ
3157 1832 3234 1896 ὡς
3258 1812 3634 1902 εὕσπλαγχνος,

393 1921 744 1985 misericors,
777 1919 1047 1974 miracula
1099 1922 1419 1991 Operabaris
1455 1940 1469 1977 ;
1502 1923 1601 1977 has
1638 1929 1818 1975 autem
1849 1920 1966 1975 dis-

392 2010 716 2080 pensatione
740 2008 961 2064 subiisti
1005 2019 1064 2063 ut
1094 2009 1275 2064 homo.

380 2086 388 2093 ’
464 2100 608 2155 Deus
647 2115 705 2154 es
722 2110 885 2168 atque
908 2098 1090 2163 homo,
1110 2113 1237 2152 vera
1264 2099 1427 2155 rebus
1446 2099 1687 2170 probans
1717 2100 1965 2153 nomina.

397 2191 503 2256 Tu,
537 2189 798 2255 Verbum,
850 2203 1019 2244 carne
1050 2200 1464 2245 monumentum
1526 2191 1716 2255 adisti,
1755 2192 1969 2258 quatri-

391 2285 746 2352 duanumque
768 2281 951 2336 divina
975 2282 1307 2336 auctoritate
1346 2281 1649 2339 suscitasti.

463 2375 904 2444 Obstupuerunt,
943 2371 1192 2440 Domine,
1230 2372 1587 2427 Hebraeorum
1647 2372 1860 2442 papuli,
1910 2382 1971 2427 ut

390 2465 646 2524 viderunt
672 2462 741 2517 ad
769 2471 917 2516 tuam
950 2476 1136 2518 vocem
1171 2463 1549 2519 resurrexisse
1599 2462 1864 2518 Lazarum
1902 2465 1970 2519 de

391 2558 679 2628 sepulcro;
712 2552 936 2623 tuisque
966 2554 1331 2610 nihilominus
1369 2554 1658 2611 miraculis
1697 2553 1968 2610 increduli

392 2658 761 2719 permansere.

1073 2734 1279 2791 Gloria.

461 2821 756 2881 Eternum
792 2841 822 2879 a
876 2825 1038 2881 Patre
1071 2835 1189 2893 tuo,
1214 2842 1247 2879 ο
1283 2824 1558 2889 Salvator,
1590 2837 1690 2879 ceu
1724 2840 1867 2881 unus
1901 2825 1969 2881 de

390 2928 583 2971 sancta
610 2916 878 2972 Trinitate
914 2916 1168 2972 eﬂulsisti
1204 2934 1217 2969 :
1246 2917 1304 2971 in
1342 2926 1587 2982 tempore
1621 2923 1829 2980 autem,
1870 2917 1967 2986 qui

391 3008 469 3063 sis
497 3006 676 3074 major
693 3004 1029 3072 substantia,
1058 3007 1113 3060 in
1137 3006 1358 3077 spiritu,
1382 3020 1449 3060 ex
1472 3006 1839 3077 sanguinibns
1860 3008 1968 3062 vir-

390 3072 693 3165 ginalibus,
723 3103 946 3165 sumpta
986 3072 1459 3164 carne—promisti.

988 3208 995 3214 -
1038 3185 1107 3240 Et
1156 3202 1313 3240 nunc.

458 3277 558 3333 Dei
584 3277 897 3334 'Genitricis
942 3279 1232 3349 conceptio
1274 3278 1396 3333 sine
1440 3279 1649 3334 semine
1674 3297 1687 3345 ;
1716 3286 1907 3348 partus
1934 3293 1964 3332 a

389 3369 764 3439 corruptionis
810 3366 1112 3426 violatione
1171 3368 1454 3423 immunis.
1506 3368 1651 3424 Deus
1693 3371 1964 3440 siquidem

392 3470 689 3530 utrumque
743 3468 1007 3529 operatus
1064 3459 1414 3522 miraculum,
1464 3459 1624 3515 nobis
1663 3460 1963 3527 uniendus,

389 3550 631 3620 seipsum
666 3548 996 3605 exinanivit.

938 3643 1046 3697 Ode
1076 3644 1131 3698 5.
1168 3644 1411 3699 Ilirmus.

458 3732 534 3786 Da
573 3733 750 3797 nobis,
795 3732 897 3788 Fili
926 3731 1041 3799 Dei,
1073 3750 1260 3804 pacem
1286 3743 1435 3788 tuam
1460 3747 1599 3788 :non
1625 3732 1771 3788 enim
1811 3742 1965 3788 extra

372 3831 444 3877 κιο
497 3820 885 3893 cognos‘cimus
937 3823 1107 3877 alium
1153 3824 1320 3877 Deum
1357 3840 1371 3876 :
1408 3824 1612 3894 quippe
1660 3821 1801 3878 Deus
1848 3825 1965 3894 ipse

387 3916 637 3968 vivorum
681 3922 1140 3984 mortuorumque
1172 3915 1415 3970 exsislis.

458 4003 562 4069 Qui
598 4005 675 4059 sis
705 4005 838 4069 vita,
882 4002 1111 4057 Domine
1146 4013 1201 4057 et
1260 4004 1352 4057 lux
1382 4016 1537 4068 vera,
1574 4005 1825 4060 vocando
1859 4004 1964 4059 La-

385 4110 600 4157 zwrum,
660 4094 1061 4149 exsitscitasti:
1099 4103 1155 4148 ut
1209 4104 1406 4173 potens
1465 4096 1634 4162 enim,
1691 4095 1858 4151 Deum
1913 4108 1967 4153 te

389 4187 637 4239 vivorum
669 4196 724 4241 et
757 4197 1100 4240 mortuorum
1129 4185 1451 4242 exhibuisti.

456 4278 575 4333 Non
610 4277 823 4343 ferens,
866 4294 898 4331 ι)
948 4276 1102 4344 Jesu,
1138 4278 1408 4345 infernus,
1442 4282 1796 4351 importahile
1831 4297 1966 4352 pra:-

319 4352 343 4371 “
386 4380 604 4443 ceptum
635 4383 827 4438 tuum;
872 4386 1190 4443 quanquam
1242 4382 1524 4443 receperat
1576 4375 1797 4439 multos,
1834 4391 1967 4428 cun-

387 4473 667 4519 sternatus
693 4472 809 4527 est;
852 4464 1145 4532 vivumque
1195 4462 1462 4517 Lazarum
1495 4466 1561 4518 ad
1594 4466 1840 4535 primam
1873 4481 1963 4520 vo-

384 4568 504 4611 cem
540 4562 713 4619 tuam,
740 4569 848 4606 non
886 4562 1160 4606 mortuum
1190 4552 1358 4606 dedit.

454 4643 560 4710 Qui
592 4645 759 4699 verbo
785 4644 912 4700 olim
948 4644 1203 4714 spiritum
1238 4644 1474 4713 jungens
1513 4645 1748 4715 pulveri,
1784 4647 1959 4701 lutum

386 4734 582 4805 spiritu
613 4734 975 4799 animaveras,
1029 4751 1061 4789 ι)
1095 4733 1331 4789 Verbum
1353 4736 1496 4797 vitae,
1541 4752 1687 4790 nunc
1740 4753 1962 4806 quoque

385 4824 573 4884 verbo.
649 4838 681 4878 e
740 4826 1094 4894 corruptione
1160 4826 1671 4897 subterraneisque,
1723 4827 1959 4882 amicum

384 4910 694 4969 suscitasti.

459 5000 700 5056 «Nullus
753 5010 861 5065 est,
930 5000 1179 5069 Domine,
1214 5004 1305 5072 qui
1356 5012 1463 5059 tua
1520 5004 1785 5059 voluntati
1828 5000 1962 5059 resi-

382 5105 490 5153 stat
523 5104 592 5145 νε
635 5113 653 5146 ι
693 5092 877 5160 Quare
930 5093 1019 5147 ubi
1079 5104 1358 5150 mortuuzn
1415 5096 1625 5151 vocasti
1668 5095 1960 5158 Lazarum,

381 5204 507 5243 mox
543 5186 637 5258 qui
670 5189 791 5243 sine
826 5186 1025 5257 spiritu
1083 5196 1226 5250 erat,
1274 5188 1619 5254 resurrexit;
1669 5187 1963 5259 ferensque

381 5281 597 5335 vincula
619 5320 634 5347 ,
665 5280 897 5349 pedibus
930 5279 1306 5350 gradiebatur.

450 5370 496 5427 0
517 5368 828 5427 Iudaeorum
862 5380 1198 5427 amentatqu
1224 5372 1237 5424 !
1265 5371 1309 5427 Ο
1342 5371 1582 5426 hostium
1612 5372 1956 5427 cmcitatem!

381 5462 519 5531 Quis
547 5461 680 5516 vidit
705 5472 981 5517 mortuum
1011 5466 1342 5521 suscitatum
1375 5464 1443 5520 de
1477 5463 1771 5535 sepulcro?
1807 5462 1956 5518 Elius

379 5559 511 5613 olim
540 5553 900 5611 exsuscitavit
924 5557 1168 5625 quidem,
1199 5556 1345 5612 haud
1376 5565 1559 5613 tamen
1596 5571 1627 5614 e
1678 5558 1958 5628 sepulcro,

384 5663 477 5705 aut
515 5648 1002 5719 quatriduanumx,

455 5772 479 5803 ν
513 5763 710 5816 Esther
737 5779 857 5828 xm,
882 5763 938 5818 9.
969 5773 994 5802 ι
1070 5763 1135 5819 iii
1175 5769 1286 5834 Reg
1332 5773 1444 5822 nn
1480 5762 1592 5827 τε.

1990 3136 2037 3199 C

2069 1911 2535 1983 ἐθαυματουργεις
2558 1931 2572 1945 ·
2606 1914 2672 1967 τὰ
2701 1914 2757 1968 δὲ
2785 1917 3144 1988 οἰκονομικῶς
3160 1920 3297 1991 ἥλου
3342 1921 3418 1983 ὡς
3446 1922 3630 1990 ἀνθέων

2069 2020 2188 2064 πος.

2138 2094 2270 2158 Θεὸς
2291 2090 2340 2147 εἴ
2365 2097 2460 2149 καὶ
2482 2097 2793 2168 ἄνθρωπος,
2819 2098 3195 2169 ὲπαληθεῦων,
3218 2102 3340 2164 τοῖς
3368 2100 3639 2171 πράγμασι

2068 2185 2134 2240 τὰ
2167 2186 2443 2257 ὀνόματασ
2495 2190 2735 2260 ἐπέστης
2785 2189 2864 2260 τῷ
2923 2193 3170 2261 μνήματι
3214 2194 3393 2265 σαρκὶ
3417 2196 3445 2246 ὁ
3467 2191 3636 2261 Λόγος,

2069 2279 2160 2331 καὶ
2193 2279 2423 2350 ἤγειρας
2447 2279 2522 2343 ὡς
2548 2281 2682 2345 Θεὸς
2713 2281 2805 2334 τὸν
2835 2285 3234 2354 τετραήμερον.

2152 2372 2504 2442 Ἐξέστησαν,
2537 2373 2805 2439 Δέσποτα,
2849 2373 3116 2444 Ἐϐραεων
3166 2375 3365 2446 δῆμοι,
3394 2376 3469 2439 ὡς
3517 2371 3641 2429 εἶδον

2069 2462 2378 2516 ἀναστάντα
2429 2463 2622 2537 νεκρὸν
2650 2465 2713 2516 ἐκ
2757 2465 2930 2533 τάφου
2958 2465 3207 2535 Λάζαρον
3252 2467 3360 2519 σὺν
3395 2470 3462 2537 τῇ
3508 2467 3638 2536 ςωνῇ

2072 2567 2185 2615 σου,
2219 2553 2315 2606 καὶ
2339 2553 2564 2623 ἔμειναν
2597 2553 2845 2618 ἀπειθεῖς
2870 2555 2982 2609 τῶν
3005 2553 3343 2626 θαυμασίων
3371 2574 3484 2610 σον.

2765 2727 2945 2792 Δόξα.

2152 2818 2430 2891 Ἀνάρχως
2463 2817 2777 2890 ἐξέλαμψας
2832 2821 2898 2872 ἐκ
2951 2818 3046 2873 τοῦ
3081 2821 3310 2893 Πατρός
3343 2839 3452 2888 σου,
3476 2822 3545 2886 ὡς
3568 2814 3637 2884 εἷς

2066 2908 2166 2979 τῆς
2189 2908 2439 2979 Τριάδος,
2470 2908 2658 2978 Σῶτερ
2676 2925 2690 2939 ·
2719 2910 2777 2961 ὲν
2803 2909 3007 2979 χρόνῳ,
3034 2909 3092 2961 έν
3122 2910 3434 2981 πνεύματι,
3463 2911 3638 2982 παρθε-

2068 3000 2234 3055 νικῶν
2266 3002 2329 3053 σὺ
2363 2998 2634 3070 προῆλθες
2664 3000 2933 3071 αἱμάτων,
2967 3000 3147 3069 σᾶρκα
3184 3000 3400 3067 λαϐὼν,
3432 3003 3458 3056 ὀ
3487 3002 3636 3072 ὑπερς

2067 3089 2272 3154 ούσιος.

2724 3181 2835 3237 Καὶ
2867 3181 3001 3236 νῦν.

2149 3272 2216 3326 Ἦ
2232 3273 2499 3343 σύλληψις
2548 3273 2792 3345 ἄσπορος
2822 3274 2921 3345 τῆς
2960 3274 3263 3329 Θεοτίκου·
3300 3279 3330 3331 ὀ
3353 3278 3503 3340 τόκος
3526 3276 3633 3331 ἄνευ

2067 3365 2273 3427 πάθους
2304 3365 2531 3437 φθορᾶς.
2579 3366 2714 3429 Θεὸς
2748 3366 2856 3436 γὰρ
2899 3366 3190 3437 ἀμφότερα
3237 3369 3632 3440 θαυματουργή-

2068 3471 2191 3517 σας,
2217 3456 2486 3510 ἐκένωσεν
2529 3457 2746 3523 ἑαυτὸν,
2780 3457 2868 3510 ἴνα
2896 3459 3029 3528 ἡμῖν
3061 3457 3274 3530 ένωθῇ.

2556 3639 2694 3709 ’ῼδὴ
2739 3646 2804 3694 ε’.
2849 3641 2901 3693 Ὀ
2932 3644 3167 3709 ΕΙρμός.

2137 3726 2251 3797 Τὴν
2284 3726 2381 3798 σὴν
2433 3728 2658 3800 εἰρήνην
2704 3730 2792 3794 δὸς
2838 3733 2990 3802 ἡμῖν,
3026 3733 3123 3785 Υἱὲ
3146 3732 3252 3785 τοῦ
3300 3734 3470 3788 Θεοῦ·
3498 3733 3630 3787 ἄλλον

2064 3818 2173 3890 γὰρ
2204 3819 2361 3882 ἐκτός
2398 3837 2513 3884 σου,
2542 3821 2676 3876 Θεὸν
2705 3823 2766 3875 οὐ
2800 3823 3167 3895 γινώσκομεν,
3215 3825 3305 3880 ὅτι
3342 3827 3471 3889 Θεὸς
3512 3826 3625 3890 ζών-

2064 3929 2174 3965 των
2216 3911 2310 3965 καὶ
2333 3913 2443 3965 τῶν
2466 3912 2684 3984 νεκρῶν
2713 3915 3005 3986 ὑπάρχεις.

2136 4005 2259 4075 Ζωὴ
2281 4006 2569 4076 ὑπάρχων,
2600 4007 2797 4079 Κύριε,
2831 4011 2925 4062 καὶ
2953 4011 3069 4079 φῶς
3091 4008 3396 4083 ﬂuendo,-
3417 4011 3626 4077 Λάζαρον

2066 4098 2324 4167 φωνήσας
2368 4098 2712 4167 ἀνέστησας’
2746 4100 2820 4162 ῶς
2845 4099 3068 4162 δυνατὸς
3103 4100 3215 4170 γὰρ
3231 4101 3404 4156 πᾶσιν
3424 4099 3621 4164 ἔδειξας.

2060 4190 2147 4243 ὅτι
2167 4188 2299 4252 Θεὸς
2327 4186 2546 4253 ζώντων
2578 4191 2674 4242 καὶ
2702 4191 2810 4243 τῶν
2831 4191 3041 4261 νεκρῶν
3070 4192 3375 4263 ὑπάρχεις.

2136 4279 2247 4350 Τὴν
2285 4278 2552 4361 ἆστεδιτόν
2601 4296 2694 4333 σου
2723 4280 3039 4351 πρόσταξιν,
3068 4282 3145 4352 μὴ
3189 4283 3402 4354 φέρων,
3452 4277 3618 4349 Ἰηεοῦ.

2064 4369 2220 4441 ᾅδης,
2253 4369 2281 4419 ὸ
2307 4369 2540 4431 πολλοὺς
2569 4368 2887 4438 δεξάμενος,
2943 4369 3176 4437 έπτηξε’
3211 4372 3311 4424 καὶ
3339 4371 3618 4441 τεταρταῖον

2066 4462 2197 4515 ὄντα
2243 4461 2513 4532 Λάζαρον,
2563 4461 2661 4515 σὺν
2695 4464 2764 4533 τῇ
2802 4464 2953 4532 φωνῇ
2982 4460 3186 4530 ζῶντα,
3238 4463 3337 4517 καὶ
3365 4464 3423 4517 οὐ
3452 4460 3617 4531 νεκρὸν

1995 4517 2035 4570 θ
2065 4554 2262 4609 ἐδίδου.

2135 4642 2240 4696 Τὸν
2269 4642 2399 4713 χοῦν
2447 4641 2690 4713 συνάψας
2742 4642 3039 4711 πνεύματι,
3070 4643 3100 4695 ὁ
3151 4644 3326 4698 πάλαι
3359 4644 3447 4696 τὸν
3473 4639 3613 4709 πηλὸν

2064 4734 2337 4804 πνεύματι
2376 4732 2637 4805 ψυχώσας
2663 4775 2678 4799 ,
2715 4734 2860 4804 ζωῆς
2898 4734 3060 4803 Λόγε,
3091 4734 3237 4806 λόγῳ
3272 4753 3392 4797 σου,
3426 4735 3510 4785 καὶ
3536 4729 3611 4780 νῦν

2062 4826 2115 4879 δὲ
2144 4825 2288 4895 λόγῳ
2309 4824 2697 4896 ὲξανέστησας,
2733 4826 2797 4878 ὲκ
2825 4824 2925 4894 τῆς
2954 4825 3183 4897 φθορᾶ;,
3210 4826 3389 4895 φίλον,
3416 4823 3501 4876 καὶ
3521 4818 3608 4873 τῶν

2064 4916 2456 4986 καταχθονίων.

2140 5027 2159 5059 ι
2196 5007 2288 5078 Τῷ
2316 5006 2546 5077 νεύματι
2581 5025 2698 5070 σου,
2751 5007 2944 5079 Κύριε,
2997 5008 3336 5080 ἀνθέστηκεν
3375 5005 3547 5063 οὐδείς.
3584 5019 3600 5049 ι

2066 5102 2229 5154 Ὅθεν
2250 5102 2337 5153 ὅτε
2354 5100 2545 5171 νεκρὸν
2567 5097 2794 5167 ὲφώνεις
2813 5100 2904 5154 τὸν
2920 5101 3191 5171 Λάζαρον,
3212 5101 3373 5163 εὐθὺς
3389 5104 3416 5153 ὁ
3433 5100 3605 5154 ἄπνους

2062 5188 2408 5257 ἐξανίστατο,
2433 5189 2524 5243 καὶ
2546 5189 2613 5242 τὰ
2640 5189 2815 5260 δεσμὰ
2843 5189 3042 5260 φέρων,
3069 5193 3194 5244 ποσὶ
3223 5190 3544 5263 περιεπάτει.

2134 5362 2206 5420 Ὠ
2244 5364 2511 5419 Ἰουδαίων
2545 5363 2733 5417 ἄνοιαί
2762 5358 2833 5415 Ὦ
2857 5363 3112 5433 πώρωσις
3140 5361 3376 5433 ἐχθρῶνε
3402 5359 3477 5420 τίς
3509 5350 3595 5408 εἶδε

2064 5460 2259 5532 νεκρὸν
2284 5460 2348 5511 ἐκ
2373 5458 2543 5526 τάφου
2576 5455 2888 5525 ἐγείραντα.
2929 5454 3116 5518 Ἠλίας
3148 5455 3310 5508 πάλαι
3342 5450 3593 5517 eiusm-

2067 5568 2158 5606 σεν
2178 5568 2191 5582 ·
2220 5550 2336 5603 ἀλλ’
2369 5549 2468 5603 οὐκ
2495 5550 2559 5603 ὲκ
2593 5548 2879 5620 μνήματος
2900 5564 2914 5579 ·
2950 5546 3068 5602 ἀλλ’
3105 5546 3218 5601 οὐδὲ
3256 5542 3563 5616 τεταρταῖον.
