3870 6214
365 322 505 391 1395

1552 327 1613 386 S.
1641 327 1970 387 ANDREE
2011 327 2435 391 CRETENSIS

3471 333 3582 401 1396

362 433 652 487 exsultans
684 431 737 485 in
773 430 918 485 hunc
975 428 1198 484 modum
1241 428 1513 484 clamabat
1543 445 1557 481 :
1599 429 1680 485 Tu
1718 431 1860 487 Deus
1886 441 1942 487 et

2085 434 2215 498 ita);
2250 437 2412 489 ἐϐόα·
2446 436 2520 490 Σὺ
2551 437 2684 501 Θεὸς
2709 438 2803 491 καὶ
2840 439 3091 510 Κτίστης
3123 458 3217 511 μου
3238 457 3255 471 ⁶
3292 438 3356 496 ’σὶ
3384 458 3594 515 προσκυ-

359 521 587 578 Creator
602 536 785 587 meus;
811 529 862 575 te
879 520 1048 575 adoro
1071 535 1135 576 ac
1160 521 1322 575 laudo
1344 522 1435 590 qui
1454 522 1800 578 resuscitasti
1824 539 1931 579 me.

429 609 754 679 Quanquam
776 626 899 665 sum
940 610 1176 666 vinculis
1210 609 1495 677 astrictus,
1520 625 1552 665 ο
1583 610 1933 682 Redemptor.

362 700 877 775 clamab‘atint‘erne
917 700 1198 769 Lazarus,
1272 702 1693 772 haudquaquam
1751 710 1934 757 tamen

361 806 622 846 mansero
648 792 701 847 in
733 799 925 846 ventre
956 794 1176 859 inferni,
1212 795 1372 849 modo
1428 803 1637 848 tantum
1675 794 1938 848 inclama-

361 888 509 943 vcris
554 904 567 941 :
611 906 630 939 ι
693 887 937 952 Lazare,
998 890 1125 945 veni
1177 887 1327 946 foras
1382 906 1395 943 :
1440 909 1459 944 ι
1500 891 1704 962 quippe
1754 892 1938 945 lumen

364 993 544 1032 meum
581 987 744 1049 atque
769 980 880 1033 vita
914 995 996 1035 es.

433 1068 590 1141 Rogo
639 1082 711 1137 te,
768 1072 969 1143 inquit,
1026 1071 1278 1127 Lazare:
1313 1087 1580 1144 resurge;
1613 1073 1700 1128 exi
1754 1073 1867 1128 cito
1908 1087 1940 1127 a

364 1165 501 1217 meis
552 1163 807 1218 claustris
856 1181 870 1217 :
918 1163 1005 1217 abi
1058 1178 1188 1233 ergo
1233 1178 1247 1214 :
1294 1161 1528 1218 Praestat
1561 1159 1641 1217 ἰιι
1697 1163 1939 1217 ablatum

365 1267 557 1316 unum,
586 1268 748 1322 quam
798 1262 857 1305 ut
920 1266 1113 1307 omnes
1144 1267 1283 1322 quos
1313 1251 1443 1309 olim
1475 1252 1727 1308 esuriens
1750 1253 1942 1308 absor-

364 1343 481 1403 bui,
508 1357 697 1396 amare
728 1341 909 1396 tleam.

434 1434 576 1499 Quid
612 1448 761 1500 vero,
796 1432 1001 1502 inquit,
1041 1432 1274 1499 Lazare,
1321 1447 1505 1488 moras
1536 1432 1754 1488 nectis?
1788 1431 1942 1486 Ami-

363 1538 462 1579 cus
496 1524 739 1578 clamat:
780 1541 800 1576 ι
844 1522 979 1579 Veni
1015 1524 1182 1580 foras.
1215 1544 1234 1577 ι
1275 1523 1519 1596 Surgens
1546 1539 1695 1595 ergo
1736 1523 1846 1588 exi,
1884 1530 1944 1577 ut

363 1622 419 1668 et
446 1629 548 1684 ego
581 1615 966 1670 remissionem
1010 1615 1238 1671 habeam
1276 1633 1288 1667 :
1323 1632 1387 1671 ex
1442 1631 1553 1688 quo
1589 1617 1736 1673 enim
1760 1623 1814 1671 te
1848 1630 1946 1672 co-

366 1702 534 1767 medi,
563 1703 697 1757 mihi
719 1719 846 1759 esca
875 1704 927 1758 in
954 1705 1217 1760 vomitum
1254 1721 1410 1761 versa
1445 1715 1551 1762 est.

435 1794 549 1850 Cur
577 1812 688 1853 non
710 1798 819 1852 cito
835 1798 1355 1867 exsurgis,Lazare,
1383 1798 1654 1854 clamabat
1679 1798 1748 1853 ab
1777 1797 1944 1854 inter-
1975 1783 2018 1839 Β

368 1890 457 1945 nis
497 1889 693 1958 lugens
721 1890 1009 1956 infernus;
1044 1905 1144 1945 cur
1171 1905 1279 1946 non
1319 1891 1447 1945 hinc
1480 1891 1664 1947 statim
1699 1891 1946 1948 exsusci-

370 1992 513 2037 tatus
542 1985 740 2049 curris,
774 1992 834 2038 ut
863 1999 931 2039 ne
962 1992 1018 2039 et
1050 1983 1210 2052 alios,
1240 1992 1295 2041 te
1312 1986 1652 2041 resuscitans
1670 1984 1942 2053 Christus,

370 2076 502 2130 mihi
534 2075 748 2131 auferat
771 2076 1052 2147 captivos?

438 2166 636 2233 Fuisti,
691 2169 910 2224 Christe
968 2168 1215 2234 Domine,
1274 2169 1500 2227 habitus
1557 2169 1944 2252 admirationi,

370 2260 558 2315 multis
577 2260 628 2315 id
660 2261 924 2332 temporis
960 2261 1276 2332 insignibus
1323 2261 1389 2316 ad
1424 2262 1749 2317 miraculum
1775 2271 1951 2333 patra-

370 2352 438 2404 tis
470 2368 484 2404 :
515 2351 716 2422 quippe
748 2350 1041 2406 reddidisti
1073 2356 1256 2405 lumen
1308 2353 1511 2418 cazcis;
1543 2353 1949 2423 surdorumquc

370 2457 533 2499 aures
561 2458 815 2499 sermone
841 2444 1125 2513 aperuisti,
1162 2458 1226 2497 ac
1258 2443 1498 2498 amicum
1543 2441 1836 2511 Lazarum,
1868 2444 1949 2499 di—

371 2538 497 2590 vina
527 2550 731 2595 vocans
756 2537 1105 2598 auctoritate.
1137 2551 1169 2590 a
1202 2536 1434 2592 mortuis
1455 2535 1769 2593 suscitasti.

1054 2624 1263 2683 Gloria.

441 2713 729 2770 Trinitatis
783 2715 1100 2771 cantionem
1146 2731 1490 2787 promamus,
1537 2715 1946 2787 gloriﬁcantes.

371 2815 637 2860 aeternum
682 2806 923 2869 Patrem,
946 2807 1275 2878 Filiumque,
1298 2818 1352 2863 et
1385 2806 1650 2878 Spiritum
1698 2817 1946 2875 rectum;

373 2900 544 2955 solam
607 2913 769 2951 unam
847 2899 1259 2965 substantiam,
1315 2913 1380 2955 ac
1438 2898 1581 2954 trine
1628 2898 1949 2967 laudemus,

376 2993 603 3053 Sancta,
637 2996 850 3053 sancta,
881 2996 1073 3044 sancta
1100 3002 1159 3044 es
1185 2988 1454 3044 Trinitas.

993 3078 1060 3135 In
1104 3078 1317 3149 Deipar.

444 3171 543 3236 Te,
570 3170 812 3236 Christe.
844 3179 907 3229 ut
964 3187 1133 3228 unum
1171 3170 1546 3243 glorificamus
1570 3171 1640 3229 de
1661 3170 1951 3239 Trinitate,

374 3265 521 3334 quod
566 3279 730 3321 carne
779 3279 845 3321 ex
904 3263 1153 3334 Virgine,
1200 3264 1320 3320 sine
1368 3265 1673 3319 mutatione
1704 3273 1951 3335 sumpta,

376 3359 617 3412 humano
676 3372 826 3411 more
879 3355 1213 3415 sustinueris
1255 3354 1475 3421 omnia;
1507 3370 1618 3410 non
1658 3354 1952 3422 excedens,

376 3463 690 3529 quanquam
719 3447 880 3513 nobis
911 3447 1124 3510 unitus,
1158 3460 1190 3497 ο
1212 3442 1363 3510 Jesu,
1408 3452 1637 3516 paterna
1664 3453 1881 3500 natura.

930 3536 1043 3594 Ode
1074 3537 1127 3591 8.
1162 3535 1209 3590 Η
1218 3539 1409 3593 irmus.

457 3629 640 3686 «lei
689 3628 989 3695 caelorum,
1040 3635 1096 3682 et
1148 3641 1304 3697 aquae
1362 3641 1486 3697 qua:
1536 3641 1705 3697 super
1783 3626 1958 3683 cmlos

381 3726 559 3782 suntb
586 3766 601 3791 ,
628 3722 961 3788 benedicite,
1016 3720 1262 3788 laudate,
1315 3729 1370 3776 et
1420 3720 1825 3792 supereraltate
1850 3720 1961 3775 Do-

386 3820 595 3872 minum
637 3816 689 3869 in
715 3814 915 3871 smcula
938 3824 986 3869 ο.
1017 3832 1035 3866 ι

456 3907 794 3976 Quicreavit
849 3913 903 3961 et
961 3913 1253 3960 conservat
1297 3903 1521 3970 omnia,
1582 3902 1963 3959 misericordia

385 4007 569 4053 motus
598 3995 919 4050 Bethaniam
948 3993 1168 4048 advenit
1196 3991 1461 4048 Lazarum
1495 3992 1882 4048 suscitaturus.

459 4166 876 4235 Quatriduanus
908 4163 1108 4227 fetens,
1168 4177 1232 4235 ac
1287 4163 1491 4218 institis
1575 4162 1878 4229 involutus,
1913 4173 1967 4223 te

295 4240 309 4265 ¹
389 4263 640 4319 vocante,
701 4262 981 4324 resumpto
1040 4251 1236 4323 spiritu
1281 4251 1511 4318 exsiliit,
1556 4253 1651 4325 qui
1718 4262 1969 4309 mortuus

387 4357 504 4404 erat
534 4347 652 4403 sine
678 4346 897 4417 spiritu.
1793 4349 1800 4356 ·

2037 527 2113 580 νῶ
2148 529 2241 581 καὶ
2270 528 2449 599 ὑμνῶ,
2474 528 2569 582 τὸν
2604 530 2990 602 ἀναστήσαντά
3022 548 3112 601 με.

2108 620 2171 673 Et
2192 622 2286 674 καὶ
2306 621 2483 690 δεσμά
2504 618 2849 692 περίκειμαι,
2878 624 2906 675 ὁ
2925 621 3173 692 Λάζαρος
3201 623 3447 677 κάτωθεν
3465 626 3595 694 ἒεᾶα,

2038 708 2325 778 Λυτρωτὰ,
2348 709 2466 763 ἀλλ’
2488 711 2743 781 οὐδαμῶς
2771 713 2828 765 ὲν
2858 714 2922 781 τῇ
2946 711 3145 782 γαστρὶ
3169 714 3320 782 μενῶ
3346 712 3438 767 τοῦ
3465 714 3596 785 ᾅδου,

2039 799 2135 852 ἐὰν
2188 799 2350 870 μόνον
2390 800 2602 873 κράξῃς
2654 818 2723 871 με
2746 816 2759 831 ·
2802 819 2822 852 ο
2861 802 3105 872 Λάζαρε,
3131 800 3297 873 δεῦρο
3330 802 3453 870 ἔξω.
3487 825 3504 857 ι
3538 805 3599 859 Eii

2039 890 2148 961 γάρ
2175 908 2278 961 μου
2303 892 2420 961 φῶς
2448 893 2544 945 καὶ
2572 893 2710 963 ζωή.

2114 1066 2429 1137 Παρακαλῶ
2469 1064 2833 1139 σε,’Λάζαρε,
2868 1068 3064 1137 φησίν·
3116 1068 3605 1140 ἀνάστηθιοὲξεὶθι

2040 1160 2149 1214 τῶν
2180 1161 2448 1232 κλείθρων
2481 1180 2583 1233 μου
2609 1162 2772 1232 ταχύ.
2806 1160 2997 1215 ’Λπιθι
3019 1158 3114 1215 οὖν
3137 1178 3153 1192 ⁸
3186 1163 3353 1217 καλόν
3390 1181 3476 1233 μοι
3512 1165 3606 1234 γὰρ

2041 1249 2139 1304 ἕνα
2168 1250 2437 1321 θρηνῆσαι
2490 1251 2703 1321 πικρῶς
2730 1250 3164 1322 ἀφαιρούμενον,
3216 1252 3367 1321 παρὰ
3418 1252 3615 1315 πάντας·

2042 1340 2137 1407 οὓς
2162 1343 2292 1413 πρὶν
2320 1344 2525 1396 πεινῶν
2553 1343 2838 1398 κατέπιον.

2112 1436 2223 1506 Καὶ.
2249 1435 2303 1488 τί
2335 1435 2642 1505 βραδύνεις,
2697 1436 2942 1506 Λάζαρε.
2987 1436 3186 1505 φησιν’
3217 1437 3245 1489 ὁ
3289 1437 3436 1504 φίλος
3497 1454 3606 1497 σου.

2050 1544 2070 1578 ι
2105 1500 2275 1596 Δεῧρο
2432 1546 2452 1579 ι
2476 1527 2671 1598 κράζει
2690 1543 2705 1558 ·
2725 1500 2973 1598 ἑστηκὼς
3216 1500 3323 1591 οὖν,
3357 1529 3440 1581 ἶνα
3460 1529 3608 1596 κάγὼ

2044 1616 2228 1671 ἄνεσιν
2283 1617 2433 1671 λάϐω
2453 1634 2467 1648 ο
2515 1618 2609 1689 ἀφ’
2637 1610 2699 1672 οὗ
2727 1618 2836 1690 γάρ
2871 1635 2930 1673 σε
2982 1617 3209 1689 ἔφαγον,
3241 1619 3318 1682 εἱς
3364 1619 3543 1689 ἔμετον
3572 1622 3604 1690 ἠ

2046 1710 2222 1782 τροφὴ
2252 1710 2621 1781 ἀντικατέστη
2657 1728 2770 1782 μοι.

2118 1804 2184 1856 Τί
2211 1804 2314 1857 οὐκ
2335 1802 2546 1877 ἐγείρῃ,
2572 1803 2815 1875 Λάζαρε,
2847 1802 3015 1874 ταχύ;
3040 1804 3313 1875 άνέκραζε
3332 1802 3560 1857 κάτωθεν
3583 1805 3610 1856 ὁ

2048 1895 2183 1969 ᾅδης
2231 1894 2522 1967 θρηνωδῶν
2562 1911 2576 1925 ⁸
2616 1894 2670 1949 τι
2700 1895 2802 1948 οὐκ
2831 1895 2996 1959 εὐθὺς
3030 1895 3363 1960 ἐξαναστάς,
3417 1895 3609 1965 τρέχεις

2047 1985 2157 2039 τῶν
2191 1979 2317 2051 ὧδε,
2344 1985 2434 2040 ἴνα
2466 1986 2540 2063 μὴ
2592 1984 2688 2038 καὶ
2730 1983 2928 2048 ἄλλους
2954 2001 3046 2054 μοι
3084 1983 3471 2053 αἰχμαλωτὶσῃ
3495 1984 3614 2053 Χρι-

2051 2079 2197 2142 στὸς,
2228 2077 2606 2147 ἐξαναστήσας
2632 2093 2716 2143 ac;

2131 2166 2618 2239 Ἐθαυμαστὼθης,
2679 2167 2933 2222 Δέσποτα·
2984 2167 3210 2239 Χριστὲ,
3258 2165 3473 2230 ἐξαίσια
3512 2163 3615 2216 τότε

2050 2257 2430 2328 ἐργασάμενος
2485 2257 2661 2311 πολλά
2684 2273 2699 2287 ·
2748 2259 2865 2327 φῶς
2893 2258 3005 2329 γὰρ
3054 2257 3322 2326 τυφλοῖς
3351 2256 3539 2323 κωφῶν
3569 2251 3618 2305 δὲ

2049 2346 2165 2405 ὦτα
2206 2349 2426 2421 ήνοιξας
2475 2349 2642 2421 λόγῳ,
2677 2351 2773 2403 καὶ
2802 2350 2896 2403 τὸν
2950 2350 3100 2419 φίλον
3130 2348 3417 2422 Λάζαρον,
3443 2348 3505 2400 ὲκ
3524 2344 3618 2400 τῶν

2050 2440 2284 2513 νεκρῶν,
2310 2441 2386 2506 ὡς
2416 2439 2572 2506 Θεδς,
2600 2440 2859 2511 φωνήσας
2885 2440 3133 2510 ἧγειρας.

2736 2615 2913 2680 Δόξα.

2124 2712 2425 2784 Τριαδικὴν
2456 2712 2794 2782 ὑμνήσωμεν
2827 2711 2995 2782 ᾠδὴν,
3038 2709 3372 2776 δοξάζοντες
3415 2710 3621 2780 ἄναρχον

2054 2806 2297 2879 Πατέρα,
2320 2808 2415 2861 καὶ
2442 2806 2589 2870 Υιὸν,
2623 2804 2716 2859 καὶ
2738 2807 2962 2875 Πνεῦμα
2982 2805 3158 2868 εὐθξς,
3190 2802 3490 2874 μοναδικὴν
3513 2803 3620 2872 μίαν

2052 2898 2268 2966 οὐσίαν,
2284 2900 2353 2969 ἣν
2380 2898 2616 2971 τρισσῶς
2635 2898 3002 2968 ὑμνήσωμεν·
3035 2896 3264 2965 Ἄγιος,
3296 2895 3463 2964 ἅγιος,
3492 2894 3622 2961 ἅγιος

2053 2985 2107 3045 εἴ
2132 2994 2166 3063 ἡ
2187 2991 2379 3063 Τριάς.
3492 2984 3497 2991 ’

2728 3080 2970 3137 Θεοτόκ.

2134 3177 2225 3240 Ὦς
2250 3175 2350 3244 τῆς
2384 3175 2617 3247 Τριάδος
2675 3174 2775 3230 ινα
2810 3190 2895 3240 σε,
2924 3171 3153 3244 Χριστὶ,
3213 3172 3529 3243 δοξάζομεν,
3556 3169 3626 3221 ὅτι

2055 3264 2123 3317 ἐκ
2162 3264 2447 3336 Παρθένου
2482 3262 2811 3335 σαρκωθεὶς,
2862 3262 2989 3333 δίχα
3021 3261 3268 3334 τροπῆς,
3296 3258 3625 3332 ἀνθρωπικῶς

2056 3359 2236 3413 πάντα
2254 3357 2509 3429 ἠνέσχου,
2538 3358 2613 3428 μὴ
2633 3355 2834 3420 ἐκστὰς
2853 3354 2956 3425 τῆς
2979 3353 3200 3425 φύσεως
3227 3355 3336 3425 τῆς
3359 3350 3625 3424 Πατρικῆςη

2068 3448 2273 3521 Ἰησοῦ,
2302 3450 2352 3503 ει
2389 3450 2485 3503 καὶ
2512 3446 2729 3518 ἡνώθης
2761 3444 2915 3517 ἡμῖν.

2543 3538 2685 3611 Ὠδὴ
2714 3544 2791 3606 ηὐ
2832 3537 2897 3590 '0
2927 3536 3167 3626 Ειρμᾷςο
3400 3618 3403 3621 _

2134 3652 2153 3685 ι
2187 3633 2250 3687 0i
2273 3631 2496 3705 οὐρανοὶ
2526 3630 2637 3684 τῶν
2664 3628 2912 3701 οὐρανῶν
2932 3668 2947 3690 ,
2997 3624 3098 3681 καῖ
3130 3627 3192 3680 τὸ
3227 3625 3458 3697 ὖόωρτδ
3485 3624 3628 3692 ὑπερ-

2062 3724 2173 3780 άνω
2203 3724 2312 3776 τῶν
2360 3722 2609 3795 οὐρανῶν
2638 3760 2654 3785 ,
2711 3720 3010 3789 εὐλογεῖτε,
3046 3719 3305 3788 ὑμνεῖτε,
3341 3716 3434 3771 καὶ⁵
3485 3716 3628 3779 ὑπερ-

2061 3813 2264 3887 υψοῧτε
2290 3814 2381 3867 τὸν
2404 3813 2611 3883 Κύριον
2651 3813 2736 3877 εἰς
2754 3813 2880 3875 τοὺς
2908 3809 3134 3871 αἰῶνας.
3175 3825 3194 3858 ι

2144 3907 2203 3960 '0
2230 3904 2463 3979 ποιητὴς
2509 3909 2605 3960 καὶ
2648 3903 2907 3979 συνοχεὺς
2953 3900 3064 3955 τῶν
3110 3899 3403 3960 ἁπάντων.
3454 3897 3516 3950 δι’
3553 3894 3627 3948 εὖ·

2066 3998 2403 4069 σπλαγχνίαν
2435 3999 2493 4051 ὲν
2532 3997 2779 4069 Βηθανίᾳ
2815 3994 3048 4065 ἐπέστη,
3099 3992 3324 4063 ἐγεῖραι
3361 3990 3451 4044 τὸν
3472 3985 3627 4050 Λάζαν

2103 4108 2160 4145 ον
2167 4130 2182 4145 .

2069 4108 2210 4236 ροῖἒ)
2246 4181 2570 4251 τεταρταῖος
2598 4176 2829 4242 ὸδωδὼς,
2875 4178 2973 4231 καὶ
3014 4175 3263 4246 κειρίαις
3291 4165 3627 4241 συνειλημμὲ·

2068 4290 2180 4341 νος,
2211 4273 2381 4344 ἥλατο
2410 4271 2653 4342 ἔμπνους
2678 4271 2707 4323 ὁ
2739 4269 2966 4333 ἄπνους,
2994 4261 3312 4337 φ’ωνοῦντός
3350 4282 3461 4319 σου.

459 4439 533 4495 Ut
592 4439 728 4495 vidit
778 4437 1041 4493 Judaicus
1096 4434 1365 4507 populus,
1441 4435 1509 4491 ad
1572 4446 1721 4491 tuam
1782 4450 1946 4492 voren

2147 4446 2269 4499 Τῶν
2296 4444 2570 4499 Ἰουδαίων
2592 4446 2620 4498 ὁ
2653 4442 2806 4508 λαὸς,
2837 4442 2913 4505 ὼς
2948 4440 3096 4511 ἑώρα
3144 4439 3240 4492 τὸν
3292 4436 3550 4491 τεθνεῶτα
3573 4433 3625 4501 τῇ

391 4531 778 4588 resuscitatum
803 4537 1105 4592 mortuum,
1137 4542 1169 4583 ο
1197 4525 1438 4593 Christe,
1463 4524 1865 4583 dissecabatur.

464 4618 767 4675 Tcnehrosi
812 4617 962 4671 circa
1015 4616 1201 4671 lumen
1258 4612 1455 4680 Judmi,
1509 4614 1699 4686 quidni
1753 4616 1970 4672 habetis

395 4713 557 4767 ﬁdem
585 4711 979 4767 resurrectiuni
1008 4709 1242 4765 Lazari?
1276 4724 1339 4767 ea
1379 4708 1585 4765 Christi
1619 4710 1834 4766 facinus
1862 4718 1968 4766 est.

467 4801 718 4857 Exsultet
751 4800 903 4866 Sion,
967 4799 1261 4871 laudelque
1287 4799 1413 4856 vita:
1443 4809 1746 4867 auctorem,
1782 4802 1873 4873 qui
1901 4803 1971 4857 de

397 4895 671 4965 sepulcro,
700 4909 953 4949 sermone
978 4891 1330 4949 resuscitavit
1350 4888 1642 4946 Lazarum.

470 4989 548 5042 Te
594 4986 856 5053 caelorum
901 4985 1123 5048 militia,
1185 4984 1698 5055 terrigenarumque
1753 4999 1924 5056 genus
1956 5023 1972 5048 ,

397 5096 429 5134 ο
462 5079 737 5144 Salvator,
786 5077 1171 5141 laudaverunt,
1214 5090 1340 5131 cum
1398 5076 1744 5133 resuscitasti
1803 5074 1973 5132 Laza-

402 5188 544 5230 rum.

1086 5260 1295 5316 Clvria.

367 5372 373 5376 ·
470 5360 605 5415 Cum
640 5361 819 5423 t’atrc,
872 5357 1143 5426 Filioque,
1180 5355 1341 5410 etiam
1381 5352 1648 5424 Spiritum
1685 5353 1974 5424 gloritico;

402 5467 504 5513 nec
538 5452 769 5506 laudans
794 5448 979 5503 dicere
1000 5463 1157 5513 cesso
1190 5465 1201 5500 :
1236 5444 1343 5507 'l‘er
1376 5455 1565 5501 sancte
1588 5446 1752 5511 Deus,
1781 5455 1833 5501 te
1860 5446 1979 5516 glo-

412 5543 584 5605 rilico.

485 5724 511 5778 υ
552 5722 697 5791 Psal.
733 5740 955 5793 chvm,
998 5728 1050 5781 ι.
1128 5740 1149 5767 ε
1193 5728 1326 5782 itan.
1381 5746 1462 5794 ιιι,
1500 5730 1588 5783 60.

2074 4542 2141 4610 σῇ
2174 4540 2324 4609 φωνῇ
2351 4534 2681 4599 ἀναστάντα,
2718 4534 2949 4604 Χριστὲ.
2974 4533 3277 4603 διεπρξετο.

2144 4631 2209 4684 οι
2256 4627 2528 4683 σκοτεινοὶ⁸
2570 4626 2698 4697 περὶ
2726 4625 2789 4678 τὸ
2818 4624 2936 4694 φῶς
2967 4625 3237 4687 Ἰουδαῖοι,
3272 4624 3327 4677 τί
3377 4620 3626 4677 ἀπιστεῖτε

2073 4724 2140 4794 τῇ
2164 4721 2258 4775 τοῦ
2284 4720 2538 4788 Λαζάρου
2565 4717 2819 4789 ὲγέρσει;
2858 4718 3099 4787 Χριστοῦ
3137 4717 3200 4770 τὸ
3233 4715 3550 4786 ἐγχείρημα.

2158 4810 2532 4880 ’Δγαλλιάσθω
2564 4812 2599 4881 ἡ
2636 4806 2800 4871 Σιὼν,
2826 4808 2922 4861 καὶ
2974 4806 3217 4877 ὑμνείτω
3245 4807 3341 4859 τὸν
3368 4803 3622 4871 ζωοδᾶτηνσ

2074 4903 2166 4959 τδν
2200 4903 2581 4971 ἀναστήσαντα
2612 4900 2756 4971 λόγῳ
2785 4901 2847 4951 ὲκ
2869 4899 3042 4969 τάφου
3060 4898 3155 4951 τὸν
3173 4896 3446 4967 Λάζαρον.

2146 4994 2212 5045 Al
2250 4990 2497 5060 στρατιαὶ
2516 4989 2625 5041 τῶν
2655 4986 2922 5057 οὐρανῶν,
2947 4986 3041 5040 καὶ
3073 4986 3136 5040 τὸ
3158 4986 3318 5053 γένος
3340 4984 3449 5038 τῶν
3481 4993 3624 5049 γηγε-

2079 5083 2185 5135 νῶν
2244 5082 2303 5133 σὲ
2348 5081 2631 5152 ὕμνησανο
2683 5080 2798 5139 ὅτε,
2855 5077 3041 5148 Σῶτὲρ
3099 5094 3226 5147 μου,
3266 5076 3360 5129 τὸν
3408 5074 3625 5137 Λάζαρον

2076 5175 2326 5245 ἤγειρας.

2288 5267 2296 5276 ’
2789 5262 2965 5324 Δόξα.

2150 5358 2253 5411 Σὺν
2289 5355 2366 5427 τῷ
2392 5355 2587 5425 Πατρὶ,
2626 5354 2719 5407 καὶ
2744 5354 2822 5424 τῷ
2850 5353 2984 5422 Υξῷ,
3026 5354 3121 5406 καὶ⁵
3158 5352 3218 5405 τδ
3247 5348 3466 5417 Πνεῦμα
3495 5341 3620 5406 6050-

2080 5449 2245 5519 λογῶ,
2280 5449 2372 5502 καὶ
2400 5447 2583 5518 ὑμνῶν
2606 5447 2885 5517 ἁσιγήτως
2919 5444 3047 5515 βοῶ·
3082 5438 3511 5516 Τρισάγιε,·ὁοξα
3533 5449 3617 5486 σοι.
