3870 6214
285 333 417 398 15.97

943 450 1181 504 Θεοτόκ.
1802 521 1809 527 _

352 541 418 593 Σὲ
451 538 662 608 εὐλογῶ
715 541 807 594 καὶ
862 542 1155 612 προσκυνῶ
1188 542 1277 594 τὸν
1316 542 1580 612 τεχθέντα
1637 544 1701 597 ὲκ
1760 543 1860 612 τῆς

1476 338 1727 405 CANON
1773 339 1857 398 IN
1899 340 2283 402 LAZARUM.

1886 456 1934 512 Α

3404 342 3547 410 1398

2250 522 2254 527 λ
2588 453 2653 508 In
2702 453 2916 524 θείμαν.

2031 545 2304 600 Benedico
2332 556 2382 601 te
2412 553 2465 602 et
2492 547 2683 614 adoro,
2720 548 2813 618 qui
2850 554 3015 601 natus
3049 562 3115 601 ex
3149 546 3393 621 Virgine,
3425 566 3537 609 non

281 632 585 703 Παρθένου,
622 630 699 703 μὴ
721 633 1060 704 χωρισθέντα
1091 634 1182 686 τοῦ
1223 633 1416 704 θρόνου
1444 633 1545 702 τῆς
1574 635 1735 703 ἁγίας
1772 633 1857 687 δό-

1982 634 2251 691 :xcessisti
2284 636 2484 692 throno
2519 636 2707 708 gloriae
2735 645 2942 694 sancta:
2968 647 3090 694 tuae.

281 725 378 794 ξης
408 742 525 778 σου.

768 815 903 887 ᾨδὴ
943 818 1013 871 θ’.
1059 817 1114 870 '0
1146 819 1383 886 Είρμός.

358 925 378 957 ι
421 906 677 976 Ἐποίησε
716 906 919 975 κράτος
970 908 1028 960 ὲν
1084 909 1331 981 βραχίονι
1383 905 1586 962 αὐτοῦ’
1644 907 1861 961 καθεῖλε

278 998 388 1069 γὰρ
418 997 689 1062 δυναστάς
721 997 831 1052 ἀπὸ
861 999 1088 1071 θρόνων,
1120 1000 1216 1055 καὶ
1269 1000 1457 1070 ὖψωσε
1485 1000 1801 1065 ταπεινοὺς,
1836 1000 1864 1052 6

279 1091 413 1155 Θεὸς
438 1090 535 1144 τοῦ
580 1092 817 1163 Ἰσραὴλ,
850 1095 909 1147 ὲν
942 1089 1025 1158 οἷς
1041 1094 1387 1164 ἐπεσκέψατο
1413 1095 1582 1165 ἡμᾶς,
1603 1091 1864 1162 Ἀνατολὴ

280 1183 341 1248 ἐξ
360 1184 549 1254 ὕψους,
580 1185 676 1238 καὶ
706 1185 1039 1260 κατὶεὺθυνεν
1070 1189 1219 1257 ἡμᾶς
1240 1190 1320 1252 είς
1339 1189 1458 1241 ὁδον
1488 1188 1734 1258 εἰρήνης.
1770 1205 1788 1238 ι

360 1272 637 1345 ’Υμνείτω
667 1276 729 1328 τὸ
761 1276 947 1345 θαῦμα
992 1278 1238 1347 Βηθανία
1281 1279 1377 1332 σὺν
1397 1281 1564 1349 ἡμῖν·
1597 1280 1657 1331 ἐν
1689 1278 1864 1348 ταύτῃ

280 1365 392 1435 γὰρ
434 1365 734 1435 ἐδάκρυσεν
784 1367 814 1419 ὀ
849 1366 1125 1435 Κτίστης,
1176 1367 1269 1420 τὸν
1323 1368 1573 1437 Λάζαρον
1606 1366 1862 1431 ἀνιστῶν,

178 1513 183 1519 _
277 1456 432 1525 νόμῳ
455 1455 673 1524 φύσεως
693 1458 900 1529 σαρκός
916 1472 930 1486 ⁶
958 1458 1052 1512 καὶ
1081 1459 1315 1529 Μάρθας
1337 1459 1404 1513 τὰ
1426 1459 1635 1530 δάκρυα
1656 1458 1863 1524 λοιπὸν,

278 1547 375 1597 καὶ
405 1546 497 1598 τὸν
517 1545 797 1618 κλαυθμὸν
827 1549 1051 1620 Μαρίας
1099 1551 1181 1612 είς
1203 1551 1381 1621 χαρὰν
1404 1549 1743 1622 μεταϐαλὼν,
1772 1550 1867 1604 τὸν

277 1639 476 1707 νεκρὸν
509 1639 739 1709 ἐγείρει.

350 1728 742 1796 Πιστούμενος,
772 1729 935 1797 Λόγε,
959 1729 1057 1801 τὴν
1084 1731 1380 1785 ἀνάστασιν
1401 1733 1501 1804 τὴν
1529 1733 1648 1803 σὴν,
1677 1734 1866 1786 ἐκάλε-

2499 814 2609 870 Ode
2628 816 2681 871 8.
2730 815 2972 870 Hirmus.

2040 924 2058 956 ι
2086 902 2234 959 Fecit
2261 905 2557 975 potentiam
2589 907 2641 960 in
2667 907 2893 961 brachio
2921 922 3023 962 suo
3053 925 3065 963 τ
3102 908 3356 978 deposuit
3395 909 3541 964 enim

1964 1004 2217 1066 potentes
2234 997 2300 1051 de
2319 997 2468 1061 sede,
2502 1004 2556 1052 et
2581 998 2844 1051 exaltavit
2870 999 3129 1063 humiles,
3165 999 3309 1056 Deus
3339 1001 3541 1065 lsrael;

1965 1088 2019 1140 in
2048 1088 2251 1156 quibus
2280 1088 2524 1142 v‘isitavit
2548 1103 2668 1152 nos,
2703 1088 2900 1144 Oriens
2925 1104 2988 1144 ex
3019 1090 3171 1156 alte;
3204 1107 3415 1162 nosque
3463 1091 3546 1147 di-

1965 1180 2110 1234 revit
2131 1179 2186 1232 in
2216 1178 2358 1233 viam
2395 1179 2549 1248 pacis
2564 1178 2615 1232 ά.
2631 1198 2651 1232 ι

2038 1273 2160 1326 Pari
2229 1272 2493 1326 Bethania
2562 1272 2848 1327 nobiscum
2900 1272 3117 1327 cantico
3166 1272 3411 1328 celebret
3440 1273 3545 1328 mi-

1968 1364 2213 1417 raculum
2240 1381 2254 1417 :
2283 1363 2338 1417 in
2372 1376 2435 1417 ea
2466 1362 2609 1417 enim
2633 1363 3077 1418 naturaliearnis
3108 1363 3244 1434 lege,
3278 1362 3545 1419 Lazarum

1968 1454 2342 1509 suscitaturus
2382 1451 2614 1507 Creator
2651 1452 2844 1519 ﬂevit;
2896 1454 3270 1523 deincepsque
3324 1453 3549 1508 Marthae

1966 1545 2225 1616 lacrymis
2261 1558 2325 1599 ac
2359 1543 2543 1599 Mariae
2579 1544 2729 1600 luctu
2763 1546 2990 1603 mutatis
3014 1545 3068 1598 in
3099 1545 3550 1616 gaudium,mor-

1969 1644 2122 1690 tuum
2151 1636 2280 1691 vita
2304 1636 2567 1690 restituit.

2041 1726 2160 1793 Quo
2181 1734 2354 1790 tuam,
2404 1718 2691 1791 Verbum,
2720 1728 3187 1782 resurrectionem
3248 1737 3545 1793 astrueres,

275 1836 381 1884 σας
405 1820 500 1895 τὸν
531 1791 782 1892 ιίάζαρον
826 1791 892 1875 ἐκ
922 1791 1143 1892 ⁷τιέιίρου,
1179 1824 1273 1877 καὶ
1323 1791 1553 1895 ἤγειρας
1687 1825 1820 1889 Θεός
1844 1842 1857 1859 ·

1982 1791 2241 1873 Lazarum
2272 1833 2303 1873 e
2329 1817 2588 1887 sepulcro
2649 1819 2886 1885 vocasti,
2930 1818 3227 1890 divinaque
3276 1791 3550 1890 potestate

277 1912 372 1965 ἵνα
397 1911 577 1983 δείξῃς
602 1915 716 1976 τοῖς
738 1913 908 1978 λαοῖς,
942 1914 1075 1967 Θεόν
1108 1931 1167 1968 τε
1194 1916 1291 1969 καὶ
1319 1916 1607 1987 ἄνθρωπον
1626 1916 1764 1988 ὁμοῦ
1804 1918 1865 1971 ὲν

273 2003 511 2076 ἀληθείᾳ
542 2004 704 2068 ὅντα,
733 2004 829 2056 καὶ
865 2004 1158 2077 ἐγείραντα
1178 2006 1338 2073 ναὸν,
1362 2007 1452 2060 τὸν
1474 2007 1568 2061 τοῦ
1610 2007 1865 2079 σώματός

277 2112 403 2148 σου.

355 2203 374 2240 ι
396 2181 722 2246 Συνέσεισας
742 2184 788 2216 ’⁸
816 2183 986 2238 πάλαι
1014 2185 1108 2238 καὶ
1136 2186 1366 2257 μοχλοὺς
1401 2186 1529 2252 τοὺς
1554 2188 1857 2258 σιδηροῦς»

273 2273 557 2344 ἐφόϐησας
598 2273 689 2327 τὸν
743 2273 878 2345 ᾅδην
911 2276 976 2345 τῇ
1032 2279 1184 2347 φωνῇ
1217 2293 1335 2342 σου,
1371 2278 1465 2330 καὶ
1515 2277 1716 2348 ἔπτηξε
1766 2279 1863 2332 σὺν

271 2364 430 2433 αὐτῷ
476 2366 572 2418 καὶ
600 2365 629 2417 6
661 2364 892 2428 θάνατος
922 2366 1089 2430 εὐθὺς
1114 2409 1128 2432 ,
1177 2368 1254 2431 ὡς
1282 2363 1422 2423 εἶδον
1465 2369 1556 2423 τὸν
1591 2369 1862 2440 Λάζαρον,

272 2457 488 2527 Σῶτερ,
529 2457 625 2510 τὸν
672 2457 805 2529 παρ’
839 2458 1029 2523 αὐτοῖς
1079 2458 1387 2533 δεσμώτην,
1439 2461 1762 2533 ψυχωθέντα
1794 2465 1863 2534 τῇ

274 2554 455 2619 φωνῇ,
496 2549 592 2601 καὶ
620 2549 1017 2619 ἐξαναστάντα.
1640 2582 1649 2587 ν

359 2642 695 2721 Ἐξέστησαν
718 2642 921 2707 πάντες
943 2643 1018 2707 ὡς
1048 2642 1236 2715 ἐώρων
1259 2662 1339 2713 σε,
1364 2646 1569 2719 Σῶτερ,
1596 2648 1862 2719 δακρύον-

268 2748 344 2784 τα
375 2731 468 2784 τὸν
500 2730 756 2803 Λάζαρον
788 2731 1040 2796 θανόντα,
1073 2735 1168 2787 καὶ
1192 2734 1384 2803 ἔλεγον
1416 2738 1465 2789 oi
1487 2737 1686 2791 δεινοί·
1724 2738 1863 2791 ιἼδε

271 2823 398 2885 πῶς
432 2821 594 2875 αὐτὸν
635 2823 801 2890 φιλεῖ.
844 2842 864 2875 ι
900 2823 1075 2888 Εὐθὺς
1105 2824 1200 2878 οῦν
1227 2824 1517 2895 ὲφὼνησας
1544 2827 1729 2894 αὐτὸν,
1770 2830 1864 2883 καὶ

269 2911 521 2976 ἀναστὰς
541 2914 569 2965 6
588 2913 814 2979 ἄπνους,
843 2914 1110 2986 ἀφῃρεῖτο
1135 2915 1234 2988 τὴν
1257 2916 1483 2988 φθορὰν,
1515 2917 1591 2990 τῷ
1624 2919 1865 2991 προστά-

270 3021 309 3071 γ
318 3020 449 3072 ματι
481 3020 596 3058 σου.

1967 1906 2351 1975 resuscitasti;
2380 1917 2441 1964 ut
2477 1916 2529 1964 te
2560 1909 2803 1980 populis,
2841 1909 3016 1964 Deum
3050 1911 3255 1979 pariter
3289 1920 3341 1966 et
3374 1911 3549 1965 homi-

1965 2012 2089 2053 nem
2113 1998 2460 2065 ostenderes,
2485 1999 2581 2071 qui
2610 2000 2872 2071 templum
2901 2000 3037 2056 illud
3060 2003 3315 2072 corporis
3344 2003 3421 2057 tui
3454 2019 3548 2059 ex-

1966 2088 2227 2144 citaveris
2249 2100 2295 2144 θ.

2043 2199 2061 2233 ι
2082 2179 2315 2237 Ferreos
2337 2181 2504 2237 etiam
2533 2188 2722 2240 vectes
2756 2184 2887 2240 olim
2909 2185 3268 2241 contrivistif
3310 2204 3325 2242 :
3372 2204 3391 2238 ι
3425 2200 3575 2255 ρετ-κ

1967 2272 2212 2328 terruisti
2243 2281 2335 2327 tua
2363 2288 2497 2329 voce
2523 2274 2836 2343 infernum;
2862 2292 3101 2347 moxque
3121 2292 3243 2333 cum
3266 2291 3351 2341 eo,
3379 2277 3546 2332 etiam

1965 2365 2185 2434 expavit
2232 2380 2405 2427 mors,
2434 2372 2495 2421 ut
2524 2365 2806 2431 viderunt,
2838 2382 2872 2423 ο
2908 2366 3184 2436 Salvator,
3219 2383 3380 2438 quem
3404 2366 3547 2436 apud

1965 2469 2026 2509 se
2057 2454 2327 2508 Lazarum
2348 2456 2594 2510 vinctum
2617 2456 2961 2524 detinebant,
2985 2457 3198 2513 reddita
3254 2471 3388 2512 voce
3426 2457 3555 2517 ani-v

1965 2559 2075 2608 ma,
2110 2544 2234 2599 vitae
2263 2534 2661 2604 instauratum.

2034 2633 2450 2706 Obstupuerunt
2509 2653 2720 2706 omnes,
2747 2655 2781 2695 ο
2807 2639 3090 2705 Salvator,
3120 2648 3182 2695 ut
3207 2639 3464 2695 viderunt
3494 2645 3551 2693 te

1964 2725 2183 2782 ﬂentem
2218 2737 2494 2783 mortuum
2528 2729 2832 2797 Lazarum,
2870 2731 3249 2801 dixeruntque
3297 2728 3497 2783 nefarii
3531 2745 3548 2783 :

1970 2838 1989 2870 ί
2016 2817 2158 2873 Ecce
2185 2818 2463 2889 quomodo
2486 2821 2663 2890 diligit
2677 2836 2803 2876 eum
2839 2822 2903 2875 ἳι
2943 2820 3113 2876 Ocius
3134 2834 3266 2890 ergo
3295 2834 3420 2874 eum
3453 2833 3551 2871 vo-

1964 2914 2125 2982 casti,
2175 2930 2581 2987 resurgensque
2608 2919 2709 2987 qui
2744 2918 3010 2977 amiserat
3065 2917 3344 2986 spiritum,
3372 2915 3551 2997 impe-

1964 3016 2122 3063 rante
2144 3016 2214 3073 te,
2238 3008 2653 3079 corruptionem
2689 3009 2944 3081 deponit.

360 3091 721 3163 Ἐσείσθησαν
752 3093 943 3157 πύλαι,
973 3097 1377 3177 συνετρίϐησαν
1405 3098 1593 3170 μοχλοί
1615 3117 1627 3131 ·
1665 3100 1857 3173 ἐλύθη-

2035 3098 2338 3155 Concussze
2392 3111 2523 3156 sunt
2585 3110 2803 3172 portae;
2840 3102 3067 3158 contriti
3106 3108 3332 3168 vectes;
3368 3101 3550 3156 soluta

273 3197 381 3234 σαν
412 3181 587 3251 δεσμά
608 3182 702 3235 τοῦ
730 3183 1058 3248 τεθνεῶτοςο
1103 3187 1132 3237 6
1174 3185 1308 3257 ᾅδης
1336 3187 1414 3250 δὲ,
1453 3191 1603 3259 φωνῇ
1638 3189 1737 3259 τῆς
1771 3189 1860 3242 δυ-

274 3271 500 3353 νάμιος
544 3272 805 3344 Χριστοῦ,
863 3276 1081 3346 πικρῶς
1113 3276 1462 3343 ἀνεστέναξε,
1498 3280 1593 3333 καὶ
1636 3279 1860 3336 ἀνεϐόα·

272 3364 474 3435 Οἴμοιί
503 3363 590 3428 τίς
625 3366 719 3419 καὶ
742 3365 909 3421 πόθεν
943 3369 978 3440 ἡ
1011 3366 1184 3440 φωνὴ,
1211 3369 1245 3440 ἡ
1280 3370 1508 3441 νεκροὺς
1535 3368 1791 3439 ζωοῦσα;

362 3555 603 3610 Ἀνάστα
631 3554 905 3626 ἐντεῦθεν,
930 3558 1251 3637 ὑπακούσας
1278 3561 1378 3632 τῆς
1404 3563 1590 3633 φωνῆς
1608 3577 1625 3595 ’
1653 3562 1682 3616 6
1710 3560 1863 3632 φίλος

270 3663 376 3701 σου
413 3646 522 3717 γὰρ
570 3647 676 3715 ἔξω
708 3653 1029 3724 προσφωνεῖ
1059 3666 1151 3704 σε·
1183 3646 1341 3716 οὗτός
1377 3656 1548 3720 ἐστιν,
1579 3655 1608 3708 6
1640 3653 1701 3707 τὸ
1732 3654 1863 3723 πρὶν

268 3740 596 3809 ἀναστήσας
627 3741 756 3805 τοὺς
783 3741 1011 3810 νεκρούς
1032 3759 1048 3774 °
1088 3743 1285 3807 Ἠλίας·
1302 3744 1402 3814 μὲν
1426 3745 1616 3817 ἤγειρε
1645 3746 1859 3816 νεκρὸν,

268 3831 374 3884 καὶ
412 3830 715 3895 Ἐλισσαῖος
768 3830 920 3902 ἅμα⁹
974 3833 1090 3888 ἀλλ’
1122 3835 1285 3899 αὐτὸς
1323 3831 1392 3906 ἦν
1416 3836 1485 3890 δι’
1526 3835 1729 3904 αὐτῶν,
1766 3837 1862 3893 καὶ

266 3920 457 3975 λαλῶν
480 3922 575 3974 καὶ
604 3924 879 3994 πράττων.

357 4010 672 4083 Ὑμνοῦμέν
732 4032 849 4080 σου,
908 4006 1095 4085 Δόγε,
1146 4017 1248 4089 τὴν
1294 4018 1618 4074 ἀνείκαστον
1665 4017 1856 4089 ἰσχύν·

280 4100 555 4167 Ὀστέοις
586 4101 696 4173 γὰρ
732 4104 829 4158 καί
864 4107 1123 4173 νεύροις,
1153 4108 1245 4161 τὸν
1278 4107 1509 4162 θανόντα
1540 4107 1787 4178 ἤγειρας
1815 4110 1861 4142 ³⁸

265 4187 421 4262 λόγῳ
449 4190 527 4261 τῷ
556 4192 653 4261 σῷ,
685 4194 761 4257 ὡς
790 4195 896 4247 τῶν
927 4195 1062 4249 ὅλων
1110 4196 1485 4269 πλαστουργός
1506 4214 1519 4229 ·
1550 4199 1643 4252 καὶ
1669 4199 1861 4253 τοῦτον

268 4284 606 4355 ἀνέστησας,
647 4286 855 4357 Σῶτερ,
889 4290 954 4341 ἐκ
977 4289 1085 4342 τῶν
1113 4290 1505 4361 καταχθονίων,
1533 4292 1610 4356 ὡς
1637 4291 1735 4363 τῆς
1758 4294 1860 4364 χή,

271 4390 380 4443 ρας
405 4375 467 4427 τὸ
502 4377 616 4431 υἱὸν
644 4378 737 4431 τὸν
757 4379 851 4431 ἐπὶ
872 4378 972 4449 τῆς
996 4379 1210 4450 κλίνης.

981 4471 1157 4535 Δόξα.

353 4554 522 4624 Γριὰς
549 4557 810 4625 παναγία,
841 4560 1023 4629 Πάτερ
1051 4559 1256 4631 ἄναρχε
1285 4560 1405 4626 Θεέ,
1439 4563 1738 4634 συνάναρχε
1761 4564 1858 4616 Υἱὲ

270 4647 375 4700 καὶ
406 4646 535 4699 Θεῖε
585 4648 751 4716 Λόγε,
800 4650 1125 4722 Παράκλητε
1180 4652 1375 4719 ἀγαθὲ,
1420 4654 1647 4724 Πνεῦμα
1704 4655 1860 4724 ᾶγιον

267 4734 417 4788 Θεοῦ
438 4751 452 4764 '
491 4737 554 4789 τὸ
586 4736 644 4790 ἓν
667 4739 763 4790 καὶ
799 4740 1080 4810 τρισήλιον
1128 4742 1282 4810 φάος,
1325 4744 1357 4811 ἡ
1390 4744 1642 4813 συμφυὴς
1677 4745 1857 4816 οὐσία,

267 4816 358 4885 εἷς
393 4822 527 4887 Θεὸς
564 4826 659 4879 καὶ
685 4826 913 4898 Κύριος,
949 4828 1222 4907 οἴκτειρον
1250 4828 1342 4885 τὸν
1367 4829 1594 4902 κόσμον.

945 5009 1189 5064 Θεοτόκ.

357 5093 419 5146 '0
469 5093 650 5149 πάντα
680 5097 909 5168 ποιήσας
954 5099 1013 5150 ὲν
1054 5099 1239 5170 σοφίᾳ,
1283 5099 1482 5172 Ἰησοῦ,
1511 5102 1607 5156 καὶ
1634 5102 1754 5157 ὅλον
1790 5120 1857 5175 με

1961 3191 2206 3250 defuncti
2235 3192 2478 3250 vincula.
2515 3190 2692 3247 Porro
2718 3192 2995 3256 infernus,
3022 3191 3228 3246 Christi
3261 3190 3549 3261 perculsus

1962 3298 2119 3349 voce,
2152 3298 2337 3339 amare
2364 3283 2652 3351 ingemuit.
2716 3282 3190 3351 sucelamavitque
3220 3299 3235 3335 :
3270 3280 3390 3336 Heu
3421 3283 3549 3337 me!

1962 3372 2249 3441 Quaenam,
2279 3380 2333 3431 et
2354 3373 2515 3444 cujus
2547 3387 2651 3427 vox
2688 3373 2807 3438 illa,
2832 3388 2955 3444 qua:
2983 3380 3233 3428 mortuos
3268 3370 3336 3426 ad
3380 3372 3550 3426 vitam

1962 3465 2219 3522 reducit?

2031 3552 2271 3609 Proinde
2347 3543 2630 3624 resurges,
2664 3550 2787 3609 voci
2835 3549 3102 3606 obediens
3135 3560 3224 3605 :te
3248 3548 3380 3605 foris
3403 3547 3550 3602 ami-

1960 3660 2061 3701 cus
2094 3653 2222 3701 tuus
2239 3643 2503 3710 advocat;
2537 3645 2654 3713 ipse
2681 3649 2768 3699 est
2790 3644 2887 3715 qui
2910 3644 3043 3697 olim
3075 3641 3369 3698 suscitavit
3397 3656 3548 3698 mor-

1963 3743 2106 3791 tuos.
2142 3734 2405 3806 Equidem
2430 3741 2705 3789 mortuum
2724 3733 3182 3800 excitavitElias,
3215 3734 3538 3805 pariterque

1961 3830 2194 3887 Elisaeus
2230 3848 2247 3899 ;
2276 3831 2350 3885 ita
2384 3829 2747 3899 nihilominus
2772 3836 2833 3884 ut
2855 3830 3047 3885 eerum
3086 3829 3204 3899 ipse
3230 3827 3540 3885 ministerio

1920 3920 1927 3926 ’
1963 3924 2282 3994 loqueretur
2313 3936 2378 3977 ac
2400 3928 2743 3991 operaretur.

2034 4012 2229 4077 Tuam,
2261 4028 2295 4068 ο
2321 4012 2595 4077 Verbum,
2632 4012 3123 4083 incomparabilem
3165 4009 3545 4066 fortitudinem

1961 4106 2252 4162 laudamus
2287 4122 2301 4158 :
2335 4104 2556 4160 Ossibus
2619 4105 2892 4175 siquidem
2911 4114 2962 4159 et
3003 4106 3198 4169 nervis,
3230 4102 3397 4157 verbo
3426 4110 3543 4166 tuo,

1961 4200 2112 4254 velut
2142 4199 2525 4252 universorum
2574 4195 2757 4261 ﬁctor,
2808 4206 3088 4250 mortuum
3138 4194 3447 4264 compegiin
3475 4195 3542 4248 ει

1962 4288 2239 4358 Ιιιιηοιιιιο,
2272 4285 3031 4352 Salvator,quemadmodum
3079 4286 3251 4340 ﬁlium
3288 4284 3460 4341 viduae
3488 4284 3551 4343 ill

1961 4378 2418 4449 lectojacentem,
2438 4379 2506 4432 ah
2525 4376 2756 4432 infernis
2784 4376 3148 4432 resuscitasti.
3189 4430 3198 4439 ,

2164 4448 2175 4457 ’
2660 4467 2870 4523 Gloria.

2030 4559 2390 4615 Sanctissima
2438 4557 2717 4621 Trinitas,
2758 4557 2918 4611 Pater
2943 4565 3145 4611 reterne
3200 4555 3378 4621 Deus,
3434 4555 3547 4611 Fili

1956 4661 2230 4707 eoa-terna
2255 4657 2308 4704 et
2342 4648 2483 4704 Deus
2534 4647 2773 4702 Verbum
2799 4688 2814 4712 ,
2843 4648 2984 4702 hone
3012 4646 3316 4710 Paraclete,
3344 4655 3541 4705 sancte

1957 4742 2052 4796 Dei
2087 4740 2361 4810 Spiritus,
2387 4753 2555 4793 unum
2579 4737 2707 4791 trini
2740 4736 2886 4792 Solis
2908 4737 3091 4793 lumen
3113 4777 3127 4802 ,
3157 4736 3404 4806 ejusdem
3440 4754 3541 4790 na-

1959 4840 2097 4887 turae
2129 4823 2456 4897 substantia,
2494 4829 2639 4884 Deus
2665 4844 2810 4884 unus
2845 4836 2899 4884 et
2928 4828 3218 4897 Dominus,
3251 4837 3308 4885 tu
3344 4829 3555 4893 mundi

1960 4924 2246 4980 miserere.

2592 5009 2659 5064 In
2692 5009 2905 5080 Πείραι’.

2030 5105 2133 5173 Qui
2159 5104 2413 5159 universa
2445 5104 2497 5158 in
2532 5104 2822 5167 sapientia,
2848 5119 2880 5157 ο
2908 5102 3059 5167 Jesu,
3090 5101 3313 5163 creasti,
3342 5116 3537 5169 meque

274 5174 519 5255 φόρέσας
552 5190 617 5241 ὲκ
671 5188 971 5259 Παρθένου,
1020 5191 1115 5244 καὶ
1163 5192 1284 5255 ὅλος
1338 5193 1514 5264 μένων
1543 5195 1628 5247 ἀεὶ
1662 5195 1721 5248 ὲν
1747 5198 1857 5259 τοῖς

1982 5204 2131 5249 etum
2161 5212 2224 5250 ex
2253 5193 2477 5265 Virgine
2506 5194 2758 5258 induisti,
2792 5195 2997 5264 quique
3030 5200 3179 5246 totus
3206 5193 3256 5245 iu
3298 5202 3525 5260 paterno

276 5276 501 5339 κόλποις
533 5278 628 5329 τοῦ
657 5279 900 5349 Πατρός·
934 5280 995 5333 τὸ
1032 5281 1190 5349 ἅγιόν
1223 5300 1316 5335 σου
1345 5284 1591 5352 Πνεῦμα,
1624 5286 1854 5356 Χριστὲ,

275 5364 373 5419 ἐπὶ
397 5365 463 5418 τὸ
490 5367 742 5436 ποίμνιόν
781 5383 897 5435 σου,
934 5372 1299 5443 καταπέμψας
1329 5374 1407 5438 ὡς
1426 5375 1577 5441 Θεὸς,
1601 5378 1855 5431 ἐπισκιά-

278 5467 373 5506 σον
406 5455 575 5523 ἡμᾶς.

1957 5301 2170 5355 semper
2192 5302 2382 5341 manes
2409 5286 2569 5352 sinu;
2602 5295 2678 5353 tu,
2708 5282 3242 5351 Clu-iste,'Spiritum
3276 5291 3529 5336 sanetum

1964 5387 2117 5432 tuum
2173 5381 2246 5432 in-
2277 5388 2427 5431 tuum
2488 5380 2629 5433 ovile
2672 5378 2857 5433 divina
2903 5376 3127 5431 mittens
3179 5375 3531 5438 auctoritate,

1966 5485 2066 5523 nos
2091 5470 2352 5524 obumhra
2378 5479 2431 5524 et
2466 5478 2707 5541 protege.

345 5567 374 5604 α
414 5564 548 5619 Luc.
593 5583 631 5631 I,
662 5568 870 5634 51,52,
905 5545 993 5637 τε,
1027 5573 1114 5626 79.
1210 5586 1233 5613 ο
1267 5548 1529 5646 ,ιοηηδιμ
1568 5580 1648 5634 ιο.
1734 5580 1752 5618 τ
1792 5579 1857 5633 ls:

1986 5583 2142 5645 .v,2.
2223 5585 2246 5621 ⁸
2280 5581 2459 5644 Johx,
2496 5581 2577 5635 Η.

1584 5672 1811 5727 ΥΑΒΙᾸΞ
1854 5673 2254 5728 LEC'I‘lONliS.

340 5753 386 5786 "
426 5767 511 5823 γρ.
542 5752 894 5827 συνέκλασας.
971 5759 1014 5789 ³⁸
1046 5758 1128 5812 ἵσ.
1166 5759 1444 5830 ἔσφιγζας.
