3870 6214
274 348 419 415 ἰί13

1514 334 1837 408 'l‘RlODlA
1879 349 2044 410 MAI.
2084 348 2311 409 HEBD.

3402 351 3538 421 1414

348 460 423 514 Ὠ
450 461 741 532 μακαρίων
763 458 994 530 χειρῶνι
1046 459 1111 511 Ὠ
1140 459 1342 530 τριχῶν
1369 459 1461 511 καὶ
1490 457 1720 529 χειλέων
1759 460 1841 510 τῶπ

2041 460 2085 516 0
2118 466 2302 517 beatas
2333 463 2559 516 manus!
2590 463 2632 515 0
2663 462 2846 519 crines
2871 470 2924 518 et
2951 463 3092 519 labia
3132 465 3329 523 sobriae
3361 486 3537 526 incre-

276 555 378 626 τῆς
406 551 683 620 σώφρονος
716 551 937 621 πόρνης,
975 545 1062 614 αἷς
1091 550 1307 621 ἐπέχεε,
1340 551 1547 620 Σῶτερ,
1579 549 1641 600 τὸ
1693 550 1861 620 μῦρον

277 644 417 713 πρὸς
445 644 571 706 τοὺς
609 640 794 706 πόδας,
830 643 1218 714 ὲκμασσομὲνη
1250 643 1469 706 αὐτοὺς,
1501 641 1719 702 πυκνῶς
1762 658 1861 693 κα·

275 735 504 804 ταφιλοῦ
517 750 602 787 σα.

359 824 731 894 Ἀνακειμένῳ
757 823 918 894 γυνὴ,
945 824 1217 879 ὲπιστᾶσά
1250 842 1352 885 σοι,
1386 826 1550 895 Λόγε,
1577 826 1712 897 πρὸς
1734 824 1858 887 τοὺς

279 917 448 979 πόδας
482 914 777 986 θρηνοῦσα,
814 915 874 968 τὸ
901 916 1244 988 ἀλάϐαστρον
1265 958 1279 982 ,
1317 918 1522 987 Σῶτερ,
1555 918 1647 971 τοῦ
1686 915 1858 987 μύρου

280 1006 596 1069 κατεκὲνου,
649 1007 741 1059 ἐπὶ
767 1005 864 1077 τὴν
900 1006 997 1078 σὴν
1026 1008 1270 1079 κεφαλὴν
1323 1009 1417 1062 τοῦ
1448 1008 1720 1064 ἀθανάτου
1760 1011 1859 1081 μύ-

278 1111 397 1167 pou.

964 1190 1139 1256 Δόξα.

345 1273 451 1325 Σὺν
477 1273 552 1344 τῷ
583 1277 758 1345 Harp).
783 1277 878 1330 τὸν
908 1278 1057 1345 Υἱδν,
1091 1283 1184 1334 καὶ
1210 1281 1271 1335 τὺ
1300 1283 1456 1352 ἅγιον
1482 1285 1726 1356 Πνεῦμα,
1758 1287 1857 1359 τὴν

270 1365 437 1432 ἁγίαν
482 1367 689 1437 Τριάδα
722 1371 780 1420 ὲν
811 1370 1024 1439 θεότητι
1071 1374 1190 1442 μιᾷ,
1243 1375 1539 1446 δοξάζομεν
1591 1377 1852 1448 βοῶντες·

272 1459 487 1524 Ἄγιος,
515 1459 687 1525 ἅγιος,
722 1461 878 1529 ἅγιος
899 1459 949 1514 εἶ
981 1464 1059 1525 εἰς
1088 1466 1216 1529 τοὺς
1249 1467 1471 1532 αἰῶνας.

903 1555 1013 1607 Καὶ
1045 1554 1180 1609 νῦν.

338 1638 474 1702 Ταῖς
504 1641 754 1709 ἱκεσίαις,
798 1644 1003 1715 Σῶτερ,
1034 1647 1131 1713 τῆς
1162 1648 1433 1719 ἀχράντου
1482 1654 1688 1724 μητρός
1735 1671 1850 1721 σου,

266 1727 363 1780 καὶ
390 1730 499 1780 τῶν
534 1729 641 1783 σῶν
693 1732 1040 1799 ἀποστόλων,
1083 1735 1151 1787 τὰ
1206 1737 1330 1805 ὲλέη
1367 1756 1461 1790 σου
1499 1742 1631 1809 ἡμῖν
1683 1743 1851 1796 κατά-

262 1817 485 1886 πεμψον
519 1818 808 1887 πλουσίως,
857 1822 953 1876 καὶ
982 1823 1080 1894 τὴν
1119 1826 1344 1898 εἰρήνην
1407 1828 1507 1900 τὴν
1544 1830 1663 1902 σὴν,
1703 1849 1847 1906 παρ-

261 1906 436 1978 άσχου
464 1908 542 1980 τῷ
569 1908 681 1980 λαῷ
717 1927 834 1964 σου.

740 1999 881 2070 per;
922 2005 990 2056 θ’.
1035 2003 1096 2057 '0
1124 2007 1363 2074 ειρμός.

331 2089 448 2159 Τὴν
474 2088 768 2160 ὑπερφυῶς
798 2094 984 2163 σαρκὶ,
1025 2095 1398 2151 συλλαϐοῦσαν
1424 2100 1484 2153 ὲν
1512 2101 1731 2172 γαστρὶ,
1755 2101 1848 2158 τὸν

256 2182 325 2235 ὲκ
349 2181 564 2250 Πατρδς
589 2184 836 2253 ἀχρόνως
868 2188 1327 2259 προεκλάμψαντα
1353 2191 1532 2260 λόγον,
1554 2192 1652 2264 τὴν
1677 2195 1849 2266 μόνην

255 2274 523 2328 θεοτόκον
556 2274 933 2347 μεγαλύνομεν
966 2282 1200 2343 πιστῶς.

346 2366 641 2436 Ἐργασίας
675 2368 705 2419 ό
745 2368 936 2438 καιρός
957 2385 971 2400 ν
1005 2371 1279 2441 σωτηρίας
1323 2375 1351 2427 ό
1383 2376 1586 2439 σκοπός
1611 2392 1626 2408 ο
1656 2375 1720 2430 τδ
1753 2378 1847 2432 τά·

258 2455 454 2509 λαντον
508 2455 769 2522 λαϐοῦσα,
830 2459 930 2530 τὴν
978 2460 1211 2530 ἀρχαίαν
1273 2464 1479 2538 εἰκόνα,
1524 2466 1671 2538 ψυχή
1717 2485 1842 2539 μου,

256 2547 572 2617 ἑμπορεύου
602 2548 703 2617 τὴν
734 2547 957 2603 αἰώνιον
984 2550 1153 2621 ζωήν.
1779 2620 1786 2627 _

340 2639 432 2701 Ὦς
466 2639 758 2708 λαμπάδας
783 2643 1054 2709 φωτεινὰς
1112 2645 1482 2715 κοσμηθέντες
1510 2649 1611 2713 τὰς
1638 2649 1840 2721 ψυχὰς,

254 2728 338 2800 τῷ
359 2730 598 2800 Νυμφίῳ
623 2731 891 2803 χωροῦντι
911 2734 1049 2803 πρὸς
1076 2737 1168 2789 τὸν
1201 2736 1479 2809 ἄφθαρτον
1507 2741 1710 2810 γάμον,
1735 2743 1841 2813 πρὸ

256 2818 356 2872 τοῦ
386 2819 485 2889 τὴν
507 2818 678 2888 θύραν
705 2820 934 2885 κλεῖσαι,
970 2823 1399 2894 συνεισέλθωμεν
1425 2827 1591 2896 αύτῷ.

329 2910 512 2973 Δεῖξαι
545 2908 736 2973 θέλων,
778 2908 984 2979 Ἰησοῦ,
1024 2910 1084 2964 τὸ
1130 2912 1408 2986 ὑπερφυὲς
1457 2916 1554 2986 τῆς
1600 2917 1700 2987 σῆς
1741 2936 1839 2972 ’τα-ο

261 2997 574 3060 πεινώσεως
631 2999 819 3063 πᾶσιν,
864 3000 1142 3071 είστιάθης
1190 3005 1249 3055 ἐν
1280 3005 1414 3075 οἴκῳ
1455 3007 1550 3058 τοῦ
1592 3008 1837 3077 Σίμωνος

258 3088 575 3157 δειπνήσας,
603 3090 711 3143 τῶν
743 3091 1052 3145 πεινώντων
1085 3093 1118 3163 ἡ
1149 3098 1345 3165 τροφή.

334 3179 537 3247 ’Δρτος
580 3178 656 3232 ὢν
713 3180 975 3246 ζωοποιὸς
1022 3184 1337 3253 εἱστιάθης,
1374 3186 1572 3256 Ἰησοῦ,
1633 3188 1836 3259 Σίμωνι

258 3271 560 3341 Φαρισλίῳ,
594 3272 681 3325 ἴνα
716 3274 888 3344 πόρνη
925 3276 1164 3347 κερδήσῃ
1194 3277 1288 3346 τὴν
1317 3277 1561 3347 ἇπρατόν
1610 3296 1704 3331 σου
1743 3281 1839 3350 χά-

265 3376 349 3433 ριν
386 3359 482 3413 τοῦ
514 3361 686 3432 μύρου
722 3367 787 3434 τῇ
814 3364 1063 3418 κενώσει.
1640 3373 1649 3381 ’

330 3538 529 3608 Χείρες
559 3540 803 3609 ῥυπαραί
824 3555 838 3571 ⁶
871 3541 1024 3612 χείλη
1077 3541 1284 3611 πόρνης
1334 3543 1391 3593 ὲν
1423 3539 1576 3610 ἐμοί’
1609 3542 1838 3610 ἄναγνός

263 3644 366 3695 μου
403 3631 431 3683 ό
463 3630 600 3698 βίος·
627 3631 943 3702 ἐφθαρμένα
971 3633 1038 3685 τὰ
1073 3634 1211 3704 μέλη
1236 3649 1250 3664 ·
1289 3632 1408 3686 ἀλλ’
1441 3632 1568 3697 ἄνες
1618 3651 1707 3704 μοι
1746 3636 1840 3688 καὶ⁹

260 3720 418 3791 ἄφες,
440 3722 540 3793 βοᾷ
569 3723 740 3794 πόρνη
770 3722 847 3793 τῷ
873 3722 1113 3792 Χριστῷ.

342 3813 646 3865 Ἐπιστᾶσα
697 3814 731 3882 ἡ
784 3811 923 3882 γυνὴ
952 3812 1086 3881 πρὸς
1111 3813 1238 3876 τοὺς
1284 3812 1452 3876 πόδας
1481 3829 1595 3877 σου,
1631 3813 1834 3884 Σῶτερ,

259 3902 456 3972 δπέχεε
480 3904 541 3955 τὺ
568 3903 757 3974 μῦρον,
785 3902 1015 3965 εὐωδίας
1046 3902 1348 3972 πληροῦσα,
1382 3904 1476 3956 καὶ
1499 3903 1673 3974 μύρου
1696 3904 1836 3975 πλη-

262 3994 526 4064 ρουμένη,
554 3993 647 4046 τοῦ
673 3995 779 4048 τῶν
810 3993 987 4065 ἔργων
1019 3992 1268 4064 ἱλασμοῦ.

338 4083 678 4153 Ἀρωμάτων
708 4086 948 4157 εὐπορῶ,
974 4084 1186 4156 ἀρετῶν
1216 4085 1271 4138 δὲ
1290 4085 1500 4156 ἀπορῶ·
1522 4085 1558 4139 ἀ
1589 4084 1717 4156 ἔχω,
1751 4087 1834 4139 σοὶ

253 4173 541 4241 προσάγω,
578 4174 666 4236 δὸς
695 4175 854 4237 αὐτὸς
889 4175 1030 4246 ἀπερ
1086 4176 1250 4247 ἔχεις,
1305 4177 1399 4230 καὶ
1436 4178 1561 4241 ἄνες
1603 4194 1693 4248 μοι
1737 4178 1834 4232 καὶ

251 4264 409 4331 ἄφες,
440 4261 537 4332 βοᾷ
566 4265 739 4335 πόρνη
765 4266 843 4335 τῷ
876 4267 1114 4337 Χριστῷ.

317 4352 509 4421 Μῦρον
540 4356 669 4425 παρ’
720 4358 843 4426 ἐμοὶ
871 4358 1104 4427 φθαρτόν
1124 4376 1137 4390 ·
1163 4360 1332 4431 μῦρον
1358 4361 1510 4432 παρά
1534 4364 1615 4414 σοὶ
1648 4361 1794 4432 ζωῆς
1813 4380 1827 4394 '

1969 553 2156 606 tricis!
2191 552 2400 617 Manus,
2438 553 2686 619 in'tuam,
2708 553 2905 622 quibus
2936 555 3044 608 luis
3078 556 3328 624 pedibus,
3361 572 3393 612 0
3416 557 3537 613 Sal-

1966 652 2143 706 vator,
2177 643 2365 698 alludit
2390 651 3053 716 nnguentum,extergens
3086 646 3225 716 ipsa,
3249 661 3315 702 ac
3338 650 3536 705 crebro

1963 734 2291 789 deosculans
2323 733 2366 788 ί.

2032 821 2402 878 Iterumbente
2432 832 2501 890 te,
2536 824 2601 877 ad
2633 832 2780 890 tuos,
2815 823 3071 888 Verbum,
3109 828 3308 884 mulier
3345 832 3534 902 lugens

1962 916 2228 969 accedens
2250 916 2430 984 pedes,
2462 917 2797 971 alabastrum
2821 919 3079 987 unguenti
3101 919 3423 991 oSalvator,
3450 926 3533 978 ef-

1960 1008 2118 1075 fudit,
2152 1025 2317 1079 super
2344 1020 2505 1080 catmt
2530 1022 2679 1064 tuum
2714 1012 3038 1068 immortalis
3065 1018 3350 1083 unguenti.

2859 1139 2888 1167 ο

2644 1180 2852 1235 Gloria.

2027 1269 2162 1323 Cum
2198 1267 2359 1323 Patre
2380 1307 2394 1331 ,
2425 1268 2625 1323 Filium
2653 1312 2667 1335 ,
2702 1280 3063 1340 sanctumque
3091 1270 3374 1341 Spiritum,
3403 1293 3532 1332 san-

1957 1368 2099 1412 ctam
2125 1358 2177 1411 in
2209 1374 2315 1411 una
2345 1359 2550 1414 Dcitate
2578 1359 2900 1414 Trinitatem
2929 1362 3302 1429 gloriﬁcantes
3330 1368 3531 1421 clama-

1860 1464 1864 1468 θ
1956 1465 2077 1503 mus
2109 1465 2122 1501 :
2160 1447 2420 1513 Sanetus,
2451 1459 2699 1514 sanctus,
2724 1458 2949 1504 Sanctus
2980 1464 3040 1505 es
3075 1449 3131 1504 in
3164 1455 3386 1508 saecula.

2150 1612 2151 1615 η
2616 1545 2683 1594 ΕΙ
2708 1558 2868 1594 nunc.

2024 1632 2364 1689 intemerata:
2415 1633 2606 1690 Matris
2659 1646 2785 1699 tum.
2843 1645 3195 1710 tuorumque,
3248 1644 3523 1705 Salvator.

1953 1730 2327 1795 apostolorum
2370 1729 2877 1793 intercessionibus,
2914 1740 3060 1784 tuam
3099 1734 3255 1787 nobis
3292 1736 3436 1805 large
3457 1737 3527 1789 de

1950 1817 2091 1872 coelo
2148 1820 2299 1875 mitte
2343 1820 2776 1876 misericordiam
2810 1839 2824 1887 ;
2862 1838 3160 1894 pacem-que
3208 1832 3380 1891 tuam,
3428 1835 3523 1883 tuo

1948 1909 2150 1979 populo
2182 1910 2381 1965 tribue.
2496 1982 2503 1987 ε

2499 2000 2601 2057 0d.
2635 2003 2689 2058 9.
2729 2003 2970 2061 Hirnms.

2017 2089 2150 2156 Quae
2178 2091 2416 2147 mirabili
2462 2093 2696 2160 ratione,
2733 2092 2964 2150 Verbum
3000 2112 3029 2149 a
3068 2095 3228 2151 Patre
3258 2106 3518 2153 aeternum

1945 2178 2231 2252 eli‘ulgens,
2282 2196 2448 2238 carne
2493 2185 2767 2255 concepit,
2798 2186 2969 2241 solam
3013 2185 3106 2241 Dei
3159 2185 3516 2257 Genitricem,
3568 2224 3571 2227 -

1944 2270 2051 2325 ﬁde
2088 2270 2482 2339 glorificamus.

2015 2360 2395 2433 Opportunum
2413 2373 2495 2418 est
2528 2373 2743 2434 tempus
2777 2383 2789 2419 :
2818 2365 3011 2420 salutis
3051 2354 3365 2439 propositus
3390 2388 3518 2428 sco-

1945 2467 2047 2523 pns
2078 2469 2096 2506 :
2135 2463 2360 2522 accepto
2389 2455 2592 2510 talento
2624 2454 2638 2506 l
2670 2495 2686 2519 ,
2732 2456 2925 2519 veteri,
2961 2457 3206 2527 inquam,
3243 2461 3514 2533 imagine,

1942 2551 2201 2596 a-ternam
2236 2544 2423 2607 vitam,
2458 2557 2493 2598 0
2526 2544 2706 2597 animo
2735 2559 2873 2608 mea,
2910 2561 3178 2602 mercare.

2016 2632 2333 2697 Mentibus.
2396 2633 2840 2704 praefulgentium
2903 2635 3275 2704 latnpadarum
3342 2640 3517 2695 instar

1942 2725 2189 2790 ornatis,
2229 2725 2374 2778 eunti
2414 2726 2632 2794 Sponso
2666 2724 2730 2777 ad
2789 2722 3132 2781 immortales
3184 2730 3406 2796 nuptias
3461 2727 3512 2794 ι,

1942 2816 2266 2883 priusquam
2298 2815 2517 2868 claudat
2548 2815 2769 2882 ianuam
2802 2855 2817 2880 ,
2856 2815 3085 2871 comites
3119 2810 3513 2886 ingrediantur.

2009 2905 2149 2971 Quo,
2196 2904 2347 2970 .lesn,
2393 2905 2651 2959 eximiam
2682 2914 2831 2959 tuam
2865 2906 3226 2963 humilitatem
3257 2909 3516 2963 omnibus

1938 2997 2279 3061 declarat-es;
2312 3005 2371 3050 tu
2400 2996 2753 3051 esurientium
2785 2994 2964 3078 cibus,
2997 2999 3052 3053 in
3085 2998 3326 3057 Simonis
3355 3002 3518 3058 domo

1865 3130 1908 3189 Ο
1939 3090 2175 3144 cmnaris
2214 3088 2259 3153 ι,
2291 3088 2544 3143 convivio
2567 3098 2835 3159 exceptus
2865 3106 2949 3146 es.

2014 3177 2095 3232 Tu
2125 3176 2278 3244 .lcsu,
2309 3178 2559 3233 vivilicus
2589 3181 2769 3248 panis.
2804 3180 3059 3236 convivio
3081 3183 3311 3237 voluisti
3335 3185 3512 3254 excipi

1941 3280 1972 3318 a
2001 3264 2224 3318 Simone
2255 3266 2532 3320 Pharist
2566 3283 2579 3319 :
2634 3276 2692 3320 ut
2720 3270 2936 3321 interim
2992 3272 3188 3326 mulier
3232 3275 3510 3342 meretrix,

1941 3356 2200 3423 unguenti
2222 3353 2488 3411 etl‘usione
2519 3395 2534 3420 ,
2587 3364 2736 3410 tuam
2760 3357 2908 3411 illam
2954 3360 3513 3419 lucrifaceretinven-
3594 3350 3607 3365 ’

1940 3444 2153 3499 dibilem
2186 3444 2437 3514 gratiam.

2011 3534 2202 3589 Manus
2229 3534 2397 3587 habeo
2418 3532 2688 3598 sordidas,
2710 3534 2854 3589 labia
2879 3536 3210 3599 meretricis,
3237 3539 3506 3608 impuram

1937 3624 2102 3680 vitam
2128 3666 2143 3691 ,
2181 3632 2445 3693 corrupta
2480 3624 2722 3678 membra
2760 3642 2772 3677 :
2818 3626 3097 3681 eninwero
3126 3630 3341 3683 remitte
3374 3630 3506 3684 mihi

1936 3726 1990 3772 et
2031 3732 2210 3786 parce,
2243 3717 2442 3770 clamat
2474 3717 2729 3771 meretrix
2763 3718 3007 3777 Christo.
3258 3726 3264 3732 ‘

2014 3804 2295 3860 Accedens
2343 3805 2539 3859 mulier
2595 3805 2661 3860 ad
2727 3798 2896 3871 tuos,
2956 3808 3257 3871 Salvator.
3314 3816 3501 3881 pelles.

1935 3906 2271 3966 unguentum
2304 3895 2531 3963 aﬂ'udit;
2589 3897 2822 3967 impletis
2870 3899 3191 3969 fragrantia,
3235 3903 3504 3973 plenaque

1933 3987 2052 4058 ipsa
2085 3996 2385 4057 unguento,
2409 3989 2817 4059 prOpitiationis
2847 3992 3022 4061 reipsa
3048 4003 3273 4061 paratae.

2001 4079 2243 4134 Al'tqunt
2298 4090 2584 4146 aromata,
2657 4082 2888 4139 virtutes
2957 4085 3256 4151 deliciuut,
3332 4086 3502 4143 offero

1931 4168 2073 4237 quod
2107 4167 2314 4234 habeo,
2355 4169 2475 4239 ipse
2504 4170 2572 4224 da
2614 4172 2758 4240 quod
2805 4173 2991 4241 habes,
3028 4177 3249 4231 nemihi
3288 4179 3503 4234 remizte

1930 4264 1983 4311 et
2009 4271 2189 4325 parce,
2230 4257 2430 4311 clamat
2461 4260 2720 4313 meretrix
2774 4259 3014 4315 Christo.

2002 4345 2098 4401 Est
2130 4347 2271 4416 apud
2314 4363 2398 4402 me
2451 4350 2809 4419 corruptibile
2857 4362 3224 4420 unguentum;
3268 4357 3410 4425 apud
3449 4369 3501 4412 te

258 4460 278 4488 α
313 4442 508 4511 Μῦρον
535 4444 641 4514 γὰρ
666 4444 835 4514 όνομά
879 4463 962 4498 σοι
989 4449 1222 4503 κενωθὲν
1258 4470 1276 4502 ι
1312 4454 1421 4514 τοῖς
1450 4452 1641 4517 ἀξίοις.
1691 4453 1829 4506 Ἀλλ’

1972 4446 2139 4500 utem,
2181 4448 2514 4505 unguentum
2542 4440 2708 4493 vitae:
2759 4459 2778 4491 ι
2814 4441 3185 4511 Unguentum,
3220 4447 3365 4498 enim
3399 4464 3500 4500 no—

249 4529 377 4591 ἄνες
411 4547 503 4597 μοι
536 4533 626 4584 καὶ
660 4532 828 4600 ἄφες,
860 4533 959 4604 βοᾷ
988 4536 1160 4606 πόρνη
1190 4537 1267 4607 τῷ
1298 4538 1536 4609 Χριστῷ.

945 4746 1119 4808 Δόξα.

322 4851 592 4920 Ἀναρχος
632 4848 684 4905 εἴ
732 4855 759 4907 ό
804 4854 1010 4927 Πατὴρ,
1072 4857 1321 4922 ἀκτιστος
1350 4857 1401 4913 εἴ
1429 4862 1456 4913 ὁ
1490 4861 1633 4929 Υἱὸς,
1695 4865 1820 4916 σύν-

1930 4544 2053 4582 men
2091 4527 2209 4589 tibi,
2238 4529 2417 4598 dignis
2449 4540 2768 4585 evacuatum
2795 4541 2870 4598 l";
2911 4552 2928 4584 ι
2962 4535 3095 4588 mihi
3131 4551 3262 4591 vero
3283 4539 3499 4593 remitte

1927 4628 1980 4673 et
2005 4618 2237 4685 dimitte,
2270 4619 2470 4673 clamat
2498 4622 2751 4675 meretrix
2786 4621 3025 4679 Christo.

2602 4734 2806 4790 Gloria.

1996 4839 2257 4897 Eternns
2294 4852 2379 4898 est
2410 4842 2568 4899 Pater
2600 4885 2614 4909 ,
2651 4846 2928 4903 increatus
2957 4849 3157 4917 Filius,
3193 4853 3494 4924 eodemque

247 4939 445 5010 θρονον
475 4942 566 4995 καὶ
603 4943 663 4994 τὸ
694 4943 947 5015 Πνεῦμα·
977 4947 1035 5000 ἓν
1049 4950 1117 5002 τὰ
1135 4949 1260 5019 τρία
1282 4953 1346 5022 τῇ
1375 4950 1556 5020 φύσει,
1580 4958 1671 5007 καὶ
1696 4953 1821 5026 τρία

1970 4931 2172 4987 tblimis
2199 4936 2395 4989 throno
2422 4933 2661 5006 Spiritus
2685 4947 2953 4996 sanctus:
2992 4959 3157 4996 unum
3194 4943 3326 5013 quid
3362 4947 3489 5009 tria,

248 5031 362 5094 τοῖς
387 5031 729 5103 προσώποις’
760 5030 841 5099 εἷς
862 5036 994 5101 Θεὸς
1029 5038 1301 5108 ἀληθινός.

920 5239 1157 5291 Θεοτόκ.

318 5340 571 5408 Θεοτόκε,
602 5344 635 5412 ἡ
668 5343 822 5406 ἐλπὶς
850 5347 960 5398 τῶν
978 5345 1261 5416 τιμώντων
1294 5365 1351 5400 σε
1378 5350 1492 5426 ἀεὶ,
1526 5351 1602 5423 μὴ
1636 5353 1818 5426 παύσῃ

253 5429 572 5485 δυσωποῦσα
595 5433 686 5487 τὸν
708 5437 772 5488 ὲκ
794 5435 886 5488 σοῦ
918 5437 1265 5507 γεννηθέντα,
1295 5441 1557 5511 ρυσθῆναί
1597 5462 1663 5514 με
1695 5464 1812 5500 κιν-

252 5524 440 5586 ούνων,
473 5523 565 5575 καὶ
586 5524 851 5579 παντοίων
876 5528 1216 5601 πειρασμῶν.

329 5698 517 5758 ‘Lnr.
550 5721 645 5770 vn,
676 5705 745 5760 '58
770 5722 923 5779 seqq.
1004 5707 1018 5759 ἱ
1054 5707 1242 5763 Matth.
1280 5726 1405 5775 xxv,
1428 5710 1510 5766 l5.
1589 5714 1613 5750 ι
1652 5714 1783 5770 ibid.
1815 5716 1865 5771 4.

1920 5021 2067 5091 quod
2099 5030 2310 5091 spectat
2352 5026 2420 5080 ad
2453 5034 2731 5096 naturam,
2772 5039 2825 5085 et
2859 5032 2964 5087 tria
3002 5032 3258 5091 Personis
3294 5053 3309 5091 :
3347 5051 3490 5094 unus

1922 5110 2067 5167 Deus
2095 5128 2278 5169 verus.

2536 5252 2603 5308 In
2642 5254 2858 5323 Deipar.

1987 5353 2069 5408 Tu
2100 5353 2347 5427 Deipara,
2370 5376 2557 5419 eorum
2583 5383 2709 5439 spes
2737 5371 2828 5438 qui
2857 5380 2907 5425 te
2929 5386 3143 5441 semper
3166 5371 3431 5427 honorant
3466 5388 3484 5441 ;

1918 5461 1985 5499 ne
2025 5460 2208 5502 cesses
2248 5466 2476 5511 exorare
2503 5472 2568 5511 ex
2605 5469 2655 5512 te
2701 5468 2889 5514 natum
2918 5471 2972 5516 ut
3005 5478 3034 5517 a
3060 5464 3334 5535 periculis,
3366 5478 3480 5519 0m-

1918 5536 2260 5609 nimodisqne
2290 5548 2683 5605 tentalionibus
2723 5554 2935 5609 liberet.

1953 5716 1965 5754 ¹
2004 5723 2139 5780 an.
2171 5741 2265 5789 \‘II,
2298 5724 2389 5779 '53.
2466 5738 2504 5766 ω
2538 5726 2694 5782 Cant.
2724 5746 2764 5795 ι,
2793 5730 2848 5784 2.
