3870 6214
428 238 561 307 ηδι
1635 246 2099 308 THEODORUS
2133 245 2506 310 ABUCARA.
3458 263 3548 332 1152

419 354 740 423 respondrt,
769 351 1052 407 Christum
1114 365 1215 421 pro
1268 350 1379 405 illis
1427 350 1773 422 baptizatum
1837 370 1983 420 esse,
2016 365 2069 410 et
2094 370 2297 425 aquam
2330 372 2362 410 e
2411 355 2585 412 latere
2623 356 2824 413 Christi
2854 357 3097 416 liuentem
3126 376 3215 418 eos
3242 368 3531 430 sanctiﬁcat,“

419 451 598 517 Quam
627 448 803 520 ipsius
834 446 1258 515 responsionem
1286 445 1557 514 singulari
1591 447 1832 503 diatriba
1858 449 1925 504 ad
1966 463 2197 503 examen
2234 450 2516 505 revocavit
2554 450 2614 504 Β.
2651 449 2713 506 D.
2755 450 2988 506 Thomas
3018 453 3238 524 Ittigius,
3279 456 3343 511 De
3367 445 3553 529 (raptim,

419 536 662 608 fidelium
698 544 819 587 ante
853 532 1052 621 Christi
1090 533 1373 586 adventum
1401 533 1775 621 defunuorum
1798 549 1893 602 per
1920 552 2115 606 aquam
2144 553 2262 598 ante
2299 553 2365 591 ea:
2391 537 2509 607 ejus
2537 537 2706 593 latere
2727 533 2903 610 fluxit,
2930 538 3115 610 Lipsiae
3144 542 3281 610 I698,
3308 547 3354 607 4,
3377 559 3501 621 atque
3518 557 3555 612 in

421 624 679 677 Eum-ade
710 621 835 690 ejus
866 618 1328 674 dissertatiouum
1363 620 1497 676 ibid.
1531 620 1697 685 1702,
1736 623 1791 675 8.

491 708 678 765 XVIII.
718 708 813 761 Ἐκ
844 707 953 761 τῶν
982 707 1119 779 πρὸς
1140 707 1269 772 τοὺς
1286 709 1677 780 Σαρῤακηνοὺς
1700 710 2019 781 empsim

2031 729 2099 774 ον,
2122 711 2209 765 διὰ
2228 715 2414 785 φωνῆς
2429 716 2682 769 Ἰωάννου
2700 717 3067 787 Δαμασκηνοῦ.
3088 719 3165 771 Ea:
3187 725 3559 787 concertationibus

419 817 538 854 eum
567 797 996 859 Sarracenispea:
1021 812 1113 849 ore
1131 794 1362 850 Joannis
1388 794 1735 853 Damascem'.
1765 797 1881 852 Hoc
1902 802 2229 868 opusculum
2256 800 2449 857 Gratce
2464 810 2516 856 et
2545 802 2739 867 Latine
2763 805 2967 873 primus
2986 805 3149 859 edidit
3164 805 3366 863 Michael
3384 809 3563 883 Lequies

417 888 597 944 paris.
642 886 802 952 17-19.,
836 896 976 943 tem.
1003 884 1296 955 I~Operum
1325 884 1413 940 Jo.
1449 884 1773 940 Damasceni
1808 902 1931 954 pag.
1976 886 2085 941 47:!
2113 887 2249 959 (17).
2284 886 2423 943 Nam
2462 888 2766 945 Gretserus
2796 899 3001 944 tantum
3033 891 3257 949 ediderat
3288 910 3389 967 pag.
3416 900 3497 955 591
3518 919 3567 959 ex

419 978 673 1033 versione
701 973 989 1040 Turriaui,
1021 990 1144 1029 cum
1171 988 1412 1045 graecum
1446 973 1502 1027 in
1537 972 1827 1029 codicibus
1852 975 1947 1028 Bai

2036 976 2135 1030 icis
2166 979 2624 1048 uoureperisset.
2668 978 2869 1051 Incipit
2921 998 2935 1034 :
2982 980 3106 1033 Εἰπέ
3150 999 3252 1053 μοι,
3280 978 3319 1036 ὦ
3345 987 3564 1049 ἐπίσκοπε.

421 1063 519 1138 [γ.
552 1079 719 1134 supra
749 1072 867 1118 not.
903 1080 1031 1117 mm.
1067 1062 1132 1116 ad
1164 1064 1274 1115 vol.
1300 1060 1440 1120 VIII.
1468 1076 1522 1128 p.
1553 1059 1623 1115 86
1651 1078 1665 1127 ;
1724 1070 1779 1115 et
1808 1060 1900 1126 IX,
1938 1078 1989 1133 p.
2018 1063 2142 1131 709,
2175 1081 2231 1119 n.
2265 1065 2320 1120 8.
2354 1064 2556 1138 Ilmt..]

488 1152 632 1209 XIX.
675 1154 798 1205 Ὅτι
828 1153 858 1203 ὁ
890 1149 1140 1217 Μωάμεθ
1169 1150 1282 1222 (18)
1306 1150 1411 1202 οὐκ
1436 1149 1553 1202 ἔστι
1585 1149 1650 1201 ὲκ
1683 1148 1777 1202 τοῦ
1807 1149 1969 1206 θεοῦ.
2012 1197 2016 1204 .

2042 1150 2369 1208 ΙαΙιοηιειιιη
2400 1170 2504 1209 non
2530 1170 2646 1210 esse
2673 1170 2739 1209 ea:
2771 1153 2901 1220 Deo,
2929 1171 3051 1228 pag.
3082 1155 3196 1211 591.
3221 1159 3418 1233 Incipit:
3451 1164 3570 1231 Ἐθος

414 1244 532 1305 τοῖς
561 1242 673 1294 τῶν
705 1239 1082 1311 Σαρῤακηνῶν
1112 1239 1465 1310 ὑποκριταῖς.
1498 1237 1675 1292 Vertit
1704 1237 1942 1293 Iacobus

758 1239 1082 1311 ιρῤακηνῶν
1112 1239 1465 1310 ὑποκριταῖς.
1498 1237 1675 1292 Vertit
1704 1237 1948 1293 Iacobus
1969 1238 2286 1299 Gretserus.

462 1324 606 1384 ΪΧΧ.
651 1329 785 1382 Ὅτι
805 1330 833 1381 6
860 1326 1106 1395 Μωέιμεθ
1134 1326 1329 1397 ἐχθρὸς
1358 1321 1426 1395 ἦν
1452 1324 1549 1378 τοῦ
1583 1324 1722 1379 Θεοῦ
1757 1327 1851 1379 καὶ
1903 1327 1990 1380 imi

2063 1329 2322 1400 δαίμονος
2351 1332 2668 1403 ἠνωχλεῖτο.
2721 1333 2881 1400 Quod
2934 1331 3234 1390 Mahametus
3268 1336 3396 1406 fuerit
3440 1339 3571 1396 hostis

417 1417 517 1472 Dei
540 1427 590 1471 et
621 1434 652 1470 a
677 1417 915 1471 (immane
946 1415 1213 1475 obsessus,
1249 1430 1304 1484 p.
1332 1414 1456 1469 595.
1495 1414 1689 1484 Incipit
1725 1432 1739 1467 :
1774 1414 1836 1466 Ei
1875 1416 1945 1468 πά

1829 1415 1836 1466 ἰ
1875 1416 2057 1486 πάσης
2083 1418 2184 1487 τῆς
2213 1417 2309 1470 ὑπ’
2338 1420 2571 1488 οὐρανὸν
2602 1420 2864 1484 κτίσεως.
2901 1418 3067 1475 Vertit
3102 1421 3357 1479 Gretserus.

490 1504 629 1559 XXI.
685 1503 988 1576 Ἐρώτησις
1011 1505 1093 1556 ὅτι
1123 1503 1220 1556 καὶ
1248 1502 1320 1555 ’ὲκ
1371 1501 1480 1555 τῶν
1511 1502 1813 1556 ἐλαττόνων
1849 1503 2209 1574 κηρύγματος
2240 1504 2560 1575 βεϐαιοῦται
2621 1507 2685 1561 τὸ
2739 1508 3090 1579 Χριστιανῶν
3126 1510 3293 1580 δόγμα.
3335 1511 3490 1582 Dogma
3514 1515 3571 1566 ad

416 1594 878 1661 conﬁrmationem
933 1591 1342 1646 Christianismi
1383 1606 1449 1645 ex
1504 1590 1717 1644 vocibus
1754 1589 2047 1645 humilibus
2077 1600 2132 1647 et
2161 1590 2384 1661 objectis
2420 1592 2825 1655 praedicationis
2876 1595 3162 1666 Evangelii,
3188 1612 3291 1668 pag.
3314 1599 3411 1654 596.
3434 1597 3574 1655 Vertit

417 1679 748 1735 Turrianus.
793 1680 989 1749 Incipit
1024 1698 1036 1733 :
1083 1678 1207 1731 Τῶν
1238 1678 1543 1749 ἐλλογίμων
1569 1678 1968 1751 Σαῤῥακηνῶν.

489 1792 655 1847 XXII.
702 1792 806 1845 Τὸν
828 1789 1222 1860 εὑὶογούμενον
1251 1789 1417 1859 ἄρτον
1441 1784 1585 1843 εἶναι
1612 1787 1781 1859 σῶμα
1818 1790 2017 1860 Χριστι

2050 1788 2085 1844 i.
2102 1788 2369 1860 Dialogus
2397 1806 2524 1845 cum
2564 1789 2900 1859 Sarraceno,
2929 1793 3206 1851 ostendens
3229 1812 3387 1864 panem
3413 1796 3578 1867 mystice

417 1883 778 1938 benedictione
812 1881 930 1948 ﬁeri
960 1896 1153 1948 corpus
1189 1877 1413 1941 Christi,
1440 1894 1563 1949 pag.
1598 1877 1723 1933 600.
1754 1875 1929 1933 Vertit

2048 1878 2305 1932 .rrianus.
2336 1878 2536 1949 Incipit
2564 1896 2577 1933 :
2611 1881 2714 1933 Διὰ
2749 1880 2828 1944 τί,
2862 1881 3139 1949 ἐπίσκοπε,
3166 1883 3420 1954 ὲμτοαίζετε
3446 1888 3576 1951 ὑμεῖς.

381 2002 385 2007 τ
415 1970 582 2028 Fusa.
616 1969 763 2025 Idem
805 1967 1022 2022 Fabric.
1052 1978 1239 2021 uoster
1268 1966 1321 2020 iu
1346 1966 1565 2021 Deiecto
1598 1975 2050 2038 argumentorum
2081 1975 2135 2020 et
2167 1964 2370 2034 syllab.
2412 1967 2681 2037 scriptor.
2741 1968 2841 2038 qui
2901 1968 3170 2024 veritatem
3194 1970 3439 2039 religionis
3464 1969 3581 2026 Citri-

417 2059 613 2114 stiana:
647 2064 1028 2118 aSserueruut,
1067 2072 1189 2125 pag.
1233 2053 1331 2108 II9
1360 2069 1479 2123 seq.
1512 2053 1651 2119 htec,
1688 2068 1811 2123 qua:
1859 2063 2174 2124 sequuntur
2199 2093 2215 2118 ,
2249 2052 2468 2109 addidit
2501 2072 2518 2109 ι
2558 2072 2578 2106 ι
2612 2053 2967 2125 Opusculum
2996 2054 3127 2110 XXII
3149 2058 3399 2114 constituit
3425 2068 3580 2128 partem

419 2148 661 2215 priorem
694 2142 1145 2213 Disceptatiouis,
1180 2155 1346 2210 quam
1371 2139 1467 2195 diu
1490 2147 1617 2211 post
1638 2155 1764 2195 cum
1795 2139 2050 2195 Abmede
2078 2139 2390 2194 Sarnaceno
2425 2155 2477 2195 a.
2511 2140 2654 2197 5-050
2684 2140 2956 2198 habuisse
2983 2143 3150 2198 fertur
3181 2144 3430 2209 Samouas,
3455 2145 3585 2199 archi-

415 2236 713 2305 episcopus
744 2231 1032 2291 Cazeusis,
1061 2238 1121 2283 ut
1147 2238 1395 2284 notatum
1424 2243 1453 2281 a
1482 2228 1752 2283 Michaele
1779 2225 2044 2298 Lequien.
2077 2227 2147 2282 ad
2172 2226 2575 2285 Damasceuum
2607 2239 2741 2284 tom.
2774 2229 2818 2294 I,
2843 2245 2899 2301 p.
2932 2230 3057 2286 655.
3078 2230 3219 2286 Illum
3246 2230 3491 2288 Samonam
3516 2231 3584 2287 Ni-

415 2323 610 2377 colaus
650 2321 973 2375 Comneuus
996 2317 1340 2389 PapadOpoli
1370 2332 1423 2388 p.
1446 2316 1574 2382 407,
1595 2316 2000 2387 praenotionem
2032 2316 2539 2387 mystagogicarum
2572 2326 2882 2387 martyrem
2911 2319 3159 2389 appellat.
3178 2318 3262 2372 Ills
3280 2334 3386 2374 cum
3406 2320 3586 2375 Ahtnede

415 2411 750 2481 disceptatio
789 2409 856 2464 de
893 2408 1128 2463 veritate
1150 2407 1409 2477 corporis
1447 2415 1502 2461 et
1524 2406 1814 2477 sanguinis
1848 2403 2055 2459 Christi
2091 2403 2280 2459 Graece
2303 2405 2411 2459 sub
2447 2404 2704 2459 Santonus
2737 2405 2970 2462 nomine
2993 2406 3183 2477 prodiit
3209 2422 3305 2461 una
3338 2422 3445 2462 cum
3468 2408 3585 2461 litur-

416 2501 526 2570 giis
561 2497 662 2555 SS.
686 2497 901 2562 Jacobi,
925 2495 1143 2558 Basilii,
1174 2494 1564 2567 Chrysostomi
1596 2509 1651 2563 p.
1691 2493 1819 2558 155,
1851 2492 2031 2547 Paris.
2069 2490 2208 2546 1560
2239 2489 2333 2545 I'ol.
2384 2486 2581 2546 Latine
2606 2493 2662 2546 in
2692 2491 2945 2563 litnrgiis
2981 2493 3078 2548 SS.
3122 2495 3322 2548 Patrum
3348 2509 3403 2549 es
3429 2492 3584 2548 Claudii

415 2596 484 2642 de
514 2587 767 2644 Saiuctcs
800 2586 935 2640 edit.
970 2600 1025 2654 p.
1059 2582 1149 2647 79,
1176 2582 1447 2654 Antuerp.
1495 2581 1659 2648 I562,
1694 2581 1748 2647 8,
1783 2592 1840 2636 et
1869 2582 1924 2635 in
1958 2579 2295 2634 Bibliotheca
2333 2576 2565 2632 Patrum
2605 2579 2691 2635 ed.
2720 2580 2981 2651 Lugdun.
3010 2589 3143 2638 tum.
3172 2572 3338 2646 XVIII,
3366 2596 3464 2652 pag.
3486 2581 3585 2646 577;

375 2693 380 2699 ·
415 2674 607 2730 Graece
637 2684 691 2731 et
722 2673 843 2729 Lat.
883 2673 937 2727 in
963 2671 1225 2726 Auctario
1266 2669 1558 2738 Ducazano,
1594 2678 1729 2725 tom.
1766 2667 1834 2734 II,
1885 2684 1939 2739 p.
1988 2667 2096 2721 277
2120 2681 2135 2731 ;
2161 2676 2218 2720 et
2251 2665 2305 2719 in
2339 2663 2601 2720 Biblioth.
2656 2663 2915 2734 Patrum,
2963 2668 3137 2723 Paris.
3164 2668 3306 2732 1611,
3334 2668 3462 2732 1651,
3490 2676 3585 2722 tom.

416 2760 530 2823 ΧΗ,
563 2777 615 2830 p.
650 2759 914 2815 512-526.
952 2776 973 2811 ι
1010 2757 1296 2812 Hactenus
1322 2756 1543 2811 Fabric.
1574 2758 1715 2811 Tum
1749 2755 1994 2812 breviter
2023 2762 2286 2812 recenset
2315 2753 2425 2808 alia
2456 2770 2523 2810 ex
2556 2752 2838 2811 Theodori
2869 2757 3169 2828 epusculis,
3198 2772 3309 2829 qua:
3325 2755 3586 2827 spectautad

386 2872 398 2887 τι
414 2849 690 2904 vindicias
716 2848 984 2902 doctrinae
1004 2845 1354 2901 Christianum.
1388 2843 1560 2897 Hanc.

460 2960 576 3015 ⁷10.
608 2956 810 3013 XXIII.
848 2958 972 3011 Ὀτι
1010 2958 1039 3010 6
1066 2956 1305 3026 Χριστὸς
1322 2954 1565 3023 γεγονὼς
1596 2953 1907 3024 ἄνθρωπος,
1935 2954 1988 3007 Θε

2059 2972 2070 3017 ;
2095 2954 2352 3025 ἀληθινός
2377 2957 2548 3009 ἐστιν.
2584 2954 2741 3022 Quod
2769 2953 3019 3012 Christus
3046 2959 3193 3012 homo
3224 2957 3378 3023 {actus
3404 2956 3459 3010 sit
3474 2954 3587 3008 simul

415 3066 568 3105 verus
609 3047 772 3108 Deus,
804 3061 858 3117 p.
896 3045 1022 3100 401.
1062 3043 1235 3099 Vertit
1266 3040 1689 3097 Genebrardus.
1724 3041 1927 3111 Incipit

1724 3041 1927 3111 Incipit
1959 3058 1972 3094 :
2014 3041 2075 3100 Ὀ
2107 3041 2349 3113 Χριστὸς
2388 3036 2545 3096 εἶπεν
2573 3042 2653 3096 ὅτι
2691 3043 2755 3096 οὐ
2785 3042 3017 3098 δύναται
3044 3047 3072 3097 6
3101 3045 3226 3107 υἱός.

489 3134 681 3190 XXIV.
709 3134 846 3201 Περὶ
867 3130 1234 3203 μονογαμίας.
1267 3129 1342 3184 De
1365 3145 1474 3183 una
1500 3144 1667 3183 uxore
1700 3127 1967 3197 ducenda,
2002 3145 2017 3202 ι

2104 3128 2234 3183 101.
2280 3127 2521 3202 Incipit:
2558 3128 2735 3184 Πόθεν
2789 3132 2946 3202 ὑμῖν,
2992 3126 3038 3186 ὦ
3066 3132 3331 3194 ἐπίσκοπε,
3358 3127 3589 3200 (petiverat)

417 3222 747 3297 μονογαμια.
786 3220 960 3275 Vertit
982 3218 1314 3274 Turrianus.

488 3313 542 3367 5.
567 3309 730 3366 XXV.
789 3308 1092 3376 Ἀπόδειξις
1126 3307 1209 3360 ὅτι
1257 3306 1371 3377 ἔχει
1400 3307 1429 3360 6
1459 3305 1591 3370 Θεὸς
1637 3305 1766 3360 Υἱδν
1813 3304 2014 3379 ὁμοούσ

2064 3324 2120 3371 ιν,
2155 3308 2496 3381 συνάναρχόν
2545 3324 2605 3361 τε
2629 3308 2724 3362 καὶ
2783 3309 3079 3364 συναῒδιον.
3103 3304 3592 3376 Demonstratis,qscd

416 3400 561 3457 Dens
588 3400 777 3454 habeat
813 3395 1013 3451 Filium
1050 3394 1590 3457 consubstantialem,
1621 3393 1811 3462 utipse
1830 3403 2096 3448 carentem
2138 3396 2403 3466 principio
2433 3407 2481 3451 et
2529 3406 2878 3452 coteternum.
2927 3398 3042 3453 Iloc
3094 3398 3390 3468 opusculum
3438 3396 3594 3466 primus

417 3486 609 3543 Graece
638 3496 692 3542 et
716 3484 910 3540 Latine
930 3481 1102 3536 edidit
1138 3480 1228 3536 Jo.
1261 3481 1511 3551 Baptista
1543 3479 1863 3537 Cotelerius
1889 3481 1955 3535 ad
1993 3481 2087 3537 lib.
2142 3498 2173 3536 ν
2207 3480 2670 3539 Constitutiouum
2703 3484 2937 3554 apostol.
2976 3501 3095 3557 cap.
3148 3486 3198 3549 7,
3227 3482 3392 3539 tom.I
3427 3481 3595 3535 Patren

419 3576 651 3644 apostol.
689 3590 812 3645 pag.
849 3571 975 3629 507.
1000 3569 1137 3625 Nam
1161 3569 1458 3625 Gretserus
1481 3576 1691 3622 tantum
1726 3567 1922 3623 Latine
1952 3586 2004 3640 p.
2037 3567 2142 3624 405
2180 3586 2245 3624 ex
2280 3569 2544 3625 Turriaui
2568 3572 2824 3626 versione
2856 3572 3106 3628 dederat.
3135 3572 3309 3643 Incipit
3335 3569 3595 3637 ιΤῶνἋγαο

422 3663 604 3735 ρηνῶν
637 3663 696 3716 τὸ
730 3661 1007 3734 φρόνημα.
1046 3658 1221 3714 Vertit
1243 3658 1406 3712 etiam
1432 3655 1847 3712 Genebrardus.

489 3750 684 3806 XXVI.
718 3749 964 3813 Διάλεξις
990 3745 1427 3801 ἀποδεικνύουσα.
1452 3747 1536 3800 ὅτι
1567 3748 1594 3799 6
1618 3746 1811 3817 Πατὴρ
1831 3745 1918 3798 ἀεὶ
1947 3763 2017 3814 γε

2066 3748 2131 3818 γᾷ,
2160 3748 2188 3801 6
2216 3747 2273 3801 δὲ
2303 3747 2430 3812 Υἱὸς
2455 3749 2542 3802 ἀεὶ
2568 3749 2851 3817 γεννᾶται.
2883 3749 3137 3821 Dialogus
3162 3750 3482 3805 demonstrans
3495 3740 3594 3814 quod

426 3841 585 3894 l’ater
613 3853 814 3907 semper
850 3845 1086 3908 generat,
1127 3832 1305 3888 Filius
1332 3842 1510 3888 autem
1537 3847 1740 3901 semper
1771 3844 2072 3903 generatur,
2109 3849 2169 3903 p.
2191 3835 2316 3890 404.
2356 3833 2413 3889 In
2448 3836 2629 3890 altero
2658 3836 2855 3893 codice
2891 3838 3152 3893 Bavarico
3174 3852 3421 3908 perperam
3450 3830 3596 3887 tribui-

420 3947 512 3986 tur
535 3926 824 3983 Theodoro
858 3925 1178 3995 presbytero
1205 3923 1303 3993 τῆς
1352 3920 1588 3975 Ῥαιθοῦ.
1624 3920 1826 3990 Incipit
1860 3938 1872 3974 :
1914 3922 1948 3973 I]

2066 3921 2148 3991 ρόν
2189 3938 2272 3975 σοι
2301 3923 2490 3990 Bonet;
2539 3922 2719 3979 Vertit
2757 3923 3090 3983 Turrianus.
3138 3926 3291 3981 FABI.
3327 3921 3521 3978 Vindoh.
3558 3918 3594 3972 in

421 4017 547 4074 cod.
576 4014 668 4081 9.6,
694 4012 996 4067 adnotaute
1028 4008 1280 4063 Kullario
1316 4007 1381 4061 ad
1415 4006 1672 4062 Lambec.
1704 4005 1818 4071 VII,
1848 4025 1899 4077 p.
1931 4008 2055 4063 I56.
2094 4036 2164 4049 —-
2193 4009 2251 4064 In
2275 4009 2413 4066 Cod.
2449 4010 2678 4066 'I‘auriu.
2719 4011 2848 4079 516,
2892 4022 2982 4069 est
3028 4014 3130 4070 hoc
3153 4021 3204 4069 et
3242 4025 3450 4082 sequens
3472 4021 3596 4077 opm-

421 4107 634 4160 cnlum.
678 4102 742 4157 V.
795 4100 919 4155 Cat.
951 4098 1115 4154 codd.
1149 4096 1245 4152 Gr.
1277 4095 1509 4150 Taurin.
1536 4111 1592 4165 p.
1622 4095 1749 4151 595.
1776 4094 1954 4152 Haec.

496 4189 709 4248 XXVII.
749 4190 883 4259 Περὶ
904 4185 1043 4240 Θεοῦ
1079 4185 1384 4256 ὀνομάτων.
1415 4181 1491 4237 De
1529 4182 1832 4238 nominibus
1866 4182 2024 4255 θεὴ]

2101 4182 2227 4250 106,
2253 4198 2379 4239 cum
2404 4183 2664 4240 Turriaui
2695 4186 2975 4251 versione,
2997 4202 3161 4257 quam
3198 4184 3413 4256 perinde,
3433 4189 3481 4235 ut
3499 4180 3600 4233 duo-

420 4296 570 4345 rum,
597 4293 719 4351 quae
744 4283 1082 4347 sequuntur,
1119 4271 1516 4344 opusculorum
1550 4272 1872 4341 vulgaverat
1901 4269 1968 4326 II.
1993 4261 2276 4334 Cauisius.
2301 4280 2435 4327 tom.
2472 4271 2542 4326 IV
2566 4275 2819 4343 Antiqua
2849 4275 2973 4330 lect.
3010 4276 3359 4342 retuleratque
3386 4270 3442 4324 ad
3464 4265 3597 4320 Theo-

420 4372 616 4425 dorum
642 4365 1148 4437 Ilagiupolitanum.
1186 4361 1383 4430 Incipit
1419 4379 1432 4414 :
1467 4360 1541 4413 Τὸ
1569 4360 1703 4423 Θεὸς
1730 4359 1904 4429 ὄνομα
1932 4376 1948 4411 1

2069 4360 2387 4430 ἰὲνεργείας
2417 4358 2670 4431 simcui;
2720 4360 3073 4417 Theodorum
3130 4361 3215 4416 τὸν
3253 4351 3597 4424 ’Δδουκορᾶνὲν

418 4461 536 4522 τοῖς
565 4457 695 4529 περὶ
730 4455 894 4511 θείων
925 4451 1208 4522 ὀνομάτων
1243 4448 1427 4517 λόγοις
1458 4447 1625 4501 αὑτοῦ
1658 4448 1794 4501 citat
1816 4447 1903 4502 ιο.
1941 4445 1946 4456 ’

2068 4459 2152 4501 cus
2186 4448 2243 4501 in
2274 4449 2459 4503 Allatii
2493 4447 2670 4505 erc.
2700 4448 2925 4505 Orthod.
2960 4461 3095 4506 tom.
3126 4450 3186 4514 II.
3216 4464 3328 4519 ρπεο
3353 4440 3596 4529 w‘hﬂ'

420 4577 490 4591 --
517 4521 720 4604 Exstat
753 4521 1093 4597 Vindobouie
1124 4540 1177 4593 in
1209 4536 1373 4592 codd.
1405 4537 1610 4590 Caesar.
1653 4534 1725 4589 26
1754 4544 1808 4590 et
1833 4535 1925 4600 77,
1962 4534 2293 4591 observante
2351 4535 2566 4593 Kollar.
2599 4536 2668 4592 de
2698 4546 2942 4608 utroque
2974 4538 3165 4594 codice
3186 4537 3250 4591 ad
3274 4531 3492 4589 Lamhec.
3515 4521 3595 4584 VII.

422 4655 480 4709 p.
514 4636 618 4692 165
654 4642 709 4690 et
733 4631 861 4686 «ξπ.
887 4659 955 4672 --
981 4627 1037 4682 Iu
1065 4626 1199 4683 bibl.
1226 4622 1517 4689 Vaticana,
1550 4624 1604 4677 in
1641 4623 1767 4679 cod.
1801 4624 2004 4693 regina:
2031 4624 2311 4691 quondam
2351 4624 2587 4693 Suecite,
2617 4642 2675 4680 ιι.
2708 4624 2867 4691 I095,
2908 4636 2965 4681 et
2995 4629 3048 4681 iu
3076 4626 3194 4681 cod.
3218 4622 3478 4679 Slortiaeo,
3499 4621 3599 4669 teste

424 4723 727 4780 Montlauc.
757 4720 810 4774 in
841 4716 983 4771 Bibl.
1012 4712 1256 4768 biblioth.
1300 4729 1429 4766 mss.
1460 4711 1616 4784 μηδ’]
1637 4710 1706 4776 Α,
1743 4720 1799 4766 et
1827 4710 1929 4765 707
1961 4711 2029 4766 Β.
2066 4713 2210 4772 Add.
2252 4715 2463 4773 Molleri
2496 4715 3039 4789 Homonymoseopia
3071 4734 3123 4787 p.
3155 4714 3270 4770 521.
3292 4710 3440 4766 Huc.

494 4834 734 4892 XXVIII.
765 4831 1011 4897 Διάλεξις
1048 4826 1327 4902 αἱρετικοῦ
1364 4828 1503 4898 πρὸς
1530 4826 1816 4896 ὀρθόδοξον
1844 4829 1975 4900 περὶ
2019 4843 2022 4870 ε

2069 4828 2158 4884 soi}
2205 4831 2301 4884 καὶ
2340 4828 2619 4901 θεότητος.
2661 4827 2918 4900 Dialogus
2939 4829 3172 4885 heretici
3202 4835 3248 4879 et
3293 4813 3527 4877 orthodoxi
3553 4807 3597 4859 de

426 4926 532 4981 Deo
552 4934 603 4980 et
640 4923 860 4984 deitate,
895 4935 948 4989 p.
981 4916 1111 4973 407.
1141 4916 1337 4987 Incipit
1367 4934 1381 4969 :
1416 4913 1656 4985 Πότερόν
1693 4930 1776 4968 σοι
1816 4915 1954 4969 δοκεῖ

2068 4922 2235 4973 αυτόν
2264 4922 2383 4974 ἐστι
2420 4918 2573 4983 Θεός.
2615 4917 2782 4973 Vertit
2815 4917 3141 4981 Turrianus,
3162 4914 3248 4970 sed
3272 4911 3339 4965 ita
3366 4913 3415 4961 ul
3439 4910 3595 4989 906³ξὲ

427 5032 570 5070 uiam
604 5018 845 5085 partem,
878 4985 1043 5079 rinam
1071 5020 1137 5061 es
1167 4985 1359 5059 codice
1393 5001 1664 5059 Ba-varico
1693 5001 1911 5058 addidit
1935 5006 2213 5078 vertitque
2234 5008 2554 5069 Gretserus,
2588 5006 2890 5077 ignoraret.
2922 5004 3087 5061 FABB.
3111 5002 3173 5057 N.
3202 4999 3289 5064 28,
3329 4994 3409 5061 29,
3433 4991 3503 5046 ὅου
3530 4985 3594 5044 3':

422 5103 516 5167 51,
548 5100 639 5168 42,
667 5107 800 5156 sunt
830 5099 882 5152 iu
910 5096 1035 5150 cod.
1071 5090 1394 5147 Viudobon.
1430 5089 1523 5155 26,
1561 5098 1789 5146 notante
1814 5089 2056 5147 Kollario
2083 5093 2151 5148 ad
2173 5093 2435 5149 Lambec.
2481 5092 2593 5159 VII,
2636 5109 2762 5164 pag.
2805 5093 2909 5148 155
2936 5109 3055 5164 seq.
3090 5092 3250 5144 lim.

494 5166 690 5245 XXIX.
722 5186 968 5254 Διάλεξις
992 5182 1129 5256 πρὸς
1156 5178 1546 5250 Νεστοριανόν.
1606 5177 1741 5233 Cum
1802 5177 2022 5235 Nestori

2063 5198 2129 5237 no
2161 5181 2478 5251 disputatio,
2511 5198 2565 5253 p.
2610 5181 2738 5236 412.
2777 5179 2974 5253 Incipit
3006 5198 3019 5233 :
3067 5179 3193 5234 Ἰδοὺ
3223 5174 3455 5244 πάρεστιν
3472 5166 3591 5228 ᾱιων·

422 5277 604 5336 Vertit
633 5277 971 5333 'l‘urriauus.
1462 5284 1475 5293 ‘

978 5361 1116 5434 πρὸς
1163 5349 1514 5427 ἰακωσίτ-ην.
1546 5355 1857 5424 Disputatio
1880 5372 1998 5411 cum

2068 5357 2301 5424 acobita,
2332 5375 2385 5429 p.
2410 5359 2536 5414 411.
2561 5358 2796 5431 Incipit:
2851 5356 3085 5429 Πότερόν
3109 5339 3187 5408 σοι
3211 5351 3359 5409 δοκεῖ.
3381 5330 3593 5410 ὁΧριοτδε

423 5451 564 5522 Θεός
576 5466 599 5524 ς
625 5436 807 5512 Vertit
838 5440 1167 5508 Turrianus.
1200 5456 1209 5503 ξ
3026 5460 3029 5463 ν

499 5641 613 5708 (t7)
633 5636 844 5708 Exstat
887 5606 1305 5708 interngpera
1423 5624 1669 5708 insanis
1702 5624 2027 5685 Damasceui

2156 5697 2194 5708 η
2218 5626 2434 5708 (Ιέλιξι
2463 5628 2589 5708 cod.
2617 5628 2715 5685 cit.
2753 5625 3182 5708 Blosqucniii’ig,
3211 5619 3388 5708 legitur
3412 5633 3426 5671 :
3446 5603 3586 5685 μουχὰ

429 5693 952 5784 ὴυᾷιιέῬιιιισοιοβὶκ
985 5708 1024 5753 ι.
1051 5693 1240 5764 XCIV,
1273 5698 1382 5754 col.
1417 5697 1579 5755 1596.
2156 5693 2235 5753 γι
2259 5697 2498 5772 Mattluei
2535 5701 2571 5753 l.
2598 5715 2651 5755 c.
2691 5714 2742 5767 p.
2771 5693 2907 5761 295:
2932 5714 2985 5753 ιι.
3017 5697 3106 5754 21.
3132 5693 3299 5749 Hsnt.
