3870 6214
222 336 342 403 Illi'l
1656 326 1989 389 ΝΟΤΙΤΙΑ.
2620 312 2625 318 ’
3322 328 3458 399 1.45s

280 448 359 502 11.
381 442 573 501 XXXI.
612 444 913 518 Ἐρώτησις
942 432 1363 518 Ὠριγενιαστῶν
1394 441 1529 514 πρὸς
1561 442 1808 512 necuim]

1931 435 2011 495 15.
2046 439 2239 513 Ipcipit
2278 460 2290 497 :
2325 440 2559 507 Quteslio
2584 458 2741 506 quam
2765 440 3067 513 Origenista
3082 444 3228 513 ﬁdeli
3264 463 3459 518 propo-

212 543 300 588 nit.
334 532 507 610 Vertit
541 531 950 588 Gcnebratdus.
987 532 1183 602 Incipit
1217 550 1230 585 :
1272 532 1407 585 Ποία
1439 530 1740 584 δικαιοσύνη

1752 551 1781 600 ι,
1809 529 1942 583 δέκα
1968 529 2001 600 ἢ
2038 529 2380 600 πεντήκοντα
2405 529 2634 601 χρόνους
2668 532 3089 601 άμαρτήσαντός
3114 549 3280 596 τινος.

274 620 556 676 6.XXXII.
577 620 785 675 Contra
819 619 1157 675 Sarracenos
1187 618 1622 689 Tlteopascltitas
1656 633 1707 688 p.
1727 617 1835 672 415
1860 634 1925 672 ex
1948 615 2285 672 Genebrardi
2321 618 2573 673 versione
2599 635 2614 683 ;
2645 618 2835 673 Graeca
2862 621 3004 673 enim
3033 617 3326 676 Grclserus
3350 637 3462 677 non

213 709 425 777 reperit.
460 705 654 774 Incipit
683 704 833 757 :Aiio
859 707 913 758 in
940 713 1194 758 conventu
1228 704 1582 759 Sarracenus.
3007 729 3011 734 -

279 794 363 848 15.
391 791 633 847 XXXIII.
669 793 926 861 Διάλογος
963 794 1097 862 πρὸς
1124 793 1510 863 Νεστοριανόν,
1544 809 1597 864 p.
1621 790 1747 847 416.
1775 789 1807 845 ι

1934 807 2030 862 gus
2061 806 2180 844 cum
2203 788 2553 845 Nestoriano.
2587 789 2812 863 Incipit:
2835 791 2972 845 Εἰπὲ
3009 809 3122 865 μοι,
3151 795 3211 847 τὸ
3228 796 3462 863 Χριστὸς

212 880 393 949 όνομα.
431 877 606 933 Vertit
639 876 1054 933 chebrardns.

277 965 517 1022 XXXIV.
553 968 689 1039 IIer
720 967 935 1037 κρόνου.
974 967 1200 1035 Tempus
1259 983 1328 1019 an
1388 969 1457 1020 sit
1504 967 1561 1020 in
1602 976 1805 1035 tempor.

1936 982 2034 1038 tag.
2068 966 2192 1020 417.
2250 965 2492 1036 Incipit:
2537 966 2597 1018 ὐ
2648 956 2837 1037 χρόνος
2876 966 2934 1020 ἐν
2983 968 3161 1040 χρόνῳ
3193 971 3225 1040 ἢ
3261 971 3363 1024 οὒκ
3404 973 3464 1024 ὲν

211 1056 400 1127 χρόνῳ.
431 1051 607 1107 Vertit
631 1052 872 1108 Iacobus
898 1052 1212 1108 Gretserus.

268 1139 491 1196 ‘XXXV.
535 1140 857 1212 Ἐρώτησις.
900 1141 1223 1209 Disceptatio
1242 1157 1368 1197 cum
1402 1139 1712 1197 Sarraceno
1770 1140 1796 1195 ι

1935 1154 2101 1198 tctore
2151 1144 2274 1197 boni
2305 1153 2355 1196 et
2398 1142 2549 1203 mali,
2578 1157 2634 1210 pp.
2693 1139 2820 1195 418.
2857 1139 3091 1212 Incipit:
3122 1143 3253 1197 Τίνα
3282 1143 3463 1212 λέγεις

213 1229 380 1283 αἴτιον
418 1228 582 1281 καλοῦ
616 1246 673 1280 τε
696 1231 792 1281 καὶ
826 1229 1029 1294 κακοῦ;
1062 1226 1240 1283 Vertit
1267 1230 1584 1284 Gretserns.

3400 1216 3423 1239 ο

276 1313 514 1370 XXXVI.
572 1315 893 1385 Ἐρώτησις,
929 1316 1140 1368 verbum
1171 1316 1264 1370 Dei
1288 1333 1413 1369 nunt
1442 1328 1700 1380 creatum,
1721 1333 1790 1369 an

1938 1319 2151 1372 catum?
2177 1331 2229 1385 p.
2262 1314 2388 1369 ΗΟ.
2429 1312 2629 1383 Inetptt
2658 1330 2669 1365 :
2726 1313 2809 1366 Τὰ
2839 1314 3000 1382 λόγια
3027 1314 3237 1386 Κυρὶου
3268 1319 3466 1377 κτιστά

213 1402 397 1473 εἰσινῆ
426 1402 682 1456 ἀκτιστα.
728 1401 903 1455 Vertit
925 1401 1240 1458 Gretserus.
1276 1403 1423 1457 Idem
1457 1403 1512 1457 in
1544 1405 1974 1458 controversiam
2009 1412 2261 1456 vocatum
2321 1411 2440 1456 nrst
2455 1417 2510 1456 ra
2544 1410 2726 1456 retale.
2778 1399 2915 1456 Vide
2963 1401 3185 1474 GeOrgii
3232 1403 3466 1461 Nitscbii

216 1489 616 1558 Beantwortung
644 1487 740 1543 der
771 1487 985 1559 Frage:
1017 1489 1095 1545 0b
1126 1489 1209 1544 die
1234 1478 1442 1560 Heilige
1467 1488 1689 1558 Schri/ft
1720 1488 1844 1543 Gott
1869 1491 2033 1545 selbst
2064 1507 2156 1560 sey
2177 1491 2203 1543 .9
2225 1490 2436 1555 Gotbae,
2469 1489 2628 1553 I7”,
2664 1490 2720 1543 4.

279 1573 539 1628 XXXVII.
567 1573 894 1647 Ἐρώτησις,
930 1578 1153 1646 ᾳιιιεδιὶο
1181 1576 1399 1644 duplex,
1434 1592 1540 1630 una
1573 1576 1646 1629 De
1675 1573 1807 1629 Mart

1937 1576 2147 1647 εοτόκῳ,
2170 1578 2393 1636 vivatne.
2422 1593 2493 1631 an
2517 1585 2730 1630 mortua
2756 1576 2865 1640 sit;
2899 1577 3073 1631 altera
3105 1592 3119 1629 :
3155 1576 3301 1635 Num
3327 1577 3465 1635 Deus

210 1664 493 1716 etiamnum
524 1672 662 1716 creet
682 1666 707 1718 .7
731 1679 852 1733 pag.
886 1663 1011 1717 421.
1048 1661 1248 1734 Incipit
1275 1683 1287 1719 :
1328 1665 1433 1717 ‘Hv
1463 1664 1652 1731 λέγετε
1678 1664 1738 1717 ΘΞ

1476 1664 1652 1731 λέγετε
1678 1664 1961 1726 Θεοτόκον,
2004 1663 2276 1718 ἀπέθανεν
2308 1663 2342 1734 ἢ
2365 1663 2456 1734 ζῇ.
2488 1661 2665 1718 Vertit
2689 1661 3004 1718 Gretserus.

277 1749 561 1804 XXXVIII.
607 1745 932 1821 Ἐρώτησις,
974 1762 1093 1806 uter
1124 1752 1318 1821 major,
1356 1754 1710 1822 sanctrﬁcans
1757 1751 2019 1822 (Joannes
2068 1750 2337 1820 Baptista)
2392 1767 2465 1804 an
2516 1749 2929 1816 sancti/iratus?
2963 1765 3016 1821 p.
3050 1749 3177 1804 ΒΞ.
3224 1752 3320 1817 Τίς
3350 1755 3469 1808 ἐστι

213 1840 357 1908 παρὰ
396 1840 479 1890 σοὶ
506 1822 741 1909 μείζων.
785 1837 961 1893 Vertit
992 1838 1312 1894 Gretserus.

278 1923 518 1979 XXXIX.
564 1926 710 1995 Πρός
734 1944 861 1981 τινα
883 1922 1240 1996 ἐρωτήσαντα
1267 1926 1451 1980 αὐτόν.
1486 1926 1569 1981 Ad
1602 1927 1806 1997 aliquen

1940 1929 1971 1979 ti
1998 1935 2339 1998 percontatus
2361 1925 2537 1996 fuerat
2578 1923 2643 1980 de
2675 1925 3021 1980 distinctione
3066 1925 3389 1980 mundorum
3417 1940 3468 1982 et

211 2012 599 2065 immundorum
625 2013 1043 2075 esculentorum,
1069 2022 1326 2081 quatenus
1356 2013 1453 2069 illa
1493 2015 1546 2067 in
1576 2012 1724 2067 Novo
1757 2013 2090 2071 Testamento
2125 2017 2533 2072 observaretur?
2562 2016 2763 2087 Incipit
2793 2034 2809 2071 :
2840 2016 2904 2069 El
2926 2016 3137 2087 άποχὴν
3179 2018 3272 2070 καὶ
3302 2017 3473 2088 μετά·-

210 2099 368 2169 ληψιν
404 2100 758 2172 ἀκαθάρτων.
795 2097 973 2154 Vertit
1015 2098 1339 2157 Gretscrlts.
1383 2100 1738 2172 Snbiicitur;

1960 2103 2223 2159 Scholion
2267 2104 2488 2160 Arethte
2525 2103 2594 2160 de
2628 2104 2822 2159 eodem
2845 2112 3194 2175 argumento,
3241 2105 3468 2172 ἄλλως.

222 2187 438 2259 Ἀρέθα,
472 2199 735 2260 notatqne
768 2188 1086 2250 Gretserus.
1115 2206 1174 2246 se
1202 2191 1256 2245 in
1291 2193 1465 2247 altero
1492 2192 1759 2247 Bavarico
1797 2192 1992 2248 codice
2017 2192 2315 2261 aliquoties
2345 2191 2855 2247 dissertatiuncnlis
2877 2192 3145 2248 Abucarae
3176 2193 3277 2247 Itoc
3312 2201 3471 2263 pacto

208 2278 500 2332 snbnotata
540 2279 790 2348 quaedam
848 2278 1120 2348 reperisse
1149 2296 1163 2333 :
1197 2287 1253 2334 et
1279 2279 1609 2349 ascripsisse
1639 2294 1860 2353 quoque
1902 2279 1968 2333 ad
2001 2295 2155 2333 oram
2184 2295 2297 2338 suae
2329 2281 2600 2336 versionis
2646 2281 2857 2350 aliquot
2889 2280 3203 2348 huiusmodi
3248 2282 3470 2337 'scltolia

208 2365 433 2418 Aretltae
456 2366 702 2434 episcopi
742 2364 1028 2430 Turriani,
1057 2365 1229 2429 illius,
1253 2373 1314 2420 ut
1339 2365 1559 2420 videtur
1595 2368 1836 2432 Arethat,
1864 2367 2070 2423 steculo
2101 2366 2316 2424 decimo
2364 2367 2523 2431 clari,
2563 2367 2632 2423 de
2656 2382 2769 2439 quo
2817 2367 2930 2423 dixi
2963 2368 3242 2424 volumine
3267 2367 3383 2434 VII,
3415 2385 3469 2440 p.

208 2449 306 2503 191
347 2466 466 2518 seq.
501 2449 634 2522 [voL
668 2448 804 2515 VIII,
841 2467 895 2521 ν.
925 2451 1029 2507 698
1063 2467 1179 2523 seq.
1216 2467 1347 2507 nov.
1378 2451 1468 2506 ed.

279 2535 393 2589 XL.
426 2538 521 2591 Ἐκ
559 2536 655 2590 τοῦ
699 2536 866 2592 αὐτοῦ
910 2537 1188 2610 Θεοδώρου
1223 2539 1534 2614 Δἐπισκόπου
1578 2539 1783 2610 Καρῶν

1942 2558 1951 2593 ι
1990 2541 2085 2595 τοῦ
2114 2542 2305 2614 Ἂδάμ.
2341 2543 2571 2597 Φωτίου.
2612 2541 2794 2596 Photii
2837 2552 3143 2612 excerptum
3186 2560 3251 2598 ea:
3291 2546 3470 2600 eodem

215 2620 482 2678 Theodoro
515 2624 763 2694 episcopo
795 2622 1089 2680 Carrarum
1109 2666 1124 2692 ,
1158 2610 1453 2681 ddAdami
1484 2641 1704 2696 corpore
1739 2645 1808 2683 an
1840 2610 2137 2700 possibile?
2167 2647 2221 2702 p.
2248 2610 2385 2687 125.
2420 2630 2618 2702 Incipit
2650 2650 2663 2684 :
2696 2631 2816 2703 Χρὴ
2851 2610 3078 2686 εἰδέναι.
3107 2630 3282 2688 Vertit
3312 2633 3472 2690 Grot-

213 2727 389 2767 εει-ηε.
1450 2751 1461 2761 ο

279 2798 415 2853 XLI.
457 2800 523 2853 Τί
556 2802 673 2854 ἐστι
710 2801 974 2870 θάνατοςς
1010 2806 1104 2858 καὶ
1140 2805 1259 2870 πῶς
1294 2806 1622 2860 θανατοῦται
1655 2809 1684 2860 ό
1721 2806 1983 2874 Θάνατοςε,
2017 2805 2265 2879 (δοξάζει
2299 2806 2409 2876 γὰρ
2441 2806 2538 2861 καὶ
2570 2806 2730 2860 τοῦτο
2760 2808 2793 2877 ή
2825 2805 3125 2877 Ἐκκλησία
3145 2807 3194 2877 ,)
3232 2807 3327 2860 καὶ
3362 2808 3472 2861 ἰδοὺ
3502 2838 3503 2841 η

211 2886 650 2957 ἀποθνήσκομεν.
683 2887 828 2954 Quid
858 2893 927 2943 sit
958 2907 1132 2956 mors,
1160 2901 1210 2946 et
1237 2893 1500 2963 quomodo
1533 2911 1674 2949 mors
1704 2896 1868 2949 morti
1894 2894 2122 2949 dedatur
2152 2897 2169 2958 (
2185 2909 2309 2948 nam
2336 2902 2385 2948 et
2413 2893 2511 2948 hoc
2562 2893 2713 2948 docet
2766 2893 3040 2966 Ecclesia)
3073 2903 3123 2949 et
3158 2911 3275 2950 ecce
3303 2897 3473 2950 mori-

212 2992 349 3039 mur,
384 2991 435 3045 p.
468 2975 601 3035 42b.
630 2975 822 3046 Incipit
858 2995 871 3031 :
904 2975 1146 3042 Θάνατος
1169 2979 1296 3034 οὔτε
1325 2980 1486 3034 οὐσία
1516 2980 1740 3036 ἐστίνΝ

694 2977 822 3046 cipit
858 2995 871 3031 :
904 2975 1146 3042 Θάνατος
1169 2979 1296 3034 οὔτε
1325 2980 1486 3034 οὐσία
1516 2980 1876 3037 ἐστινΝετιὶι
1905 2980 2219 3036 Gretserus.

279 3062 440 3117 XLII.
482 3061 756 3134 Σύντομος
788 3063 1113 3120 διδασκαλία
1146 3068 1275 3138 περὶ
1303 3067 1472 3123 ’Θείων
1504 3070 1818 3140 ὀνομάτων,
1851 3069 1963 3123 τῶν
1996 3054 2069 3121 τέ
2090 3068 2286 3123 κοινῶν
2319 3068 2585 3139 Τριάδος,
2620 3068 2716 3121 καὶ
2744 3066 2855 3120 τῶν
2889 3066 3074 3121 tam:th
3107 3068 3339 3122 ἑκάστου
3374 3069 3476 3139 τῆς

214 3149 459 3223 Τριάδος.
499 3151 680 3206 Breris
724 3152 972 3207 doctrina
1015 3159 1080 3209 de
1122 3155 1316 3210 divinis
1359 3158 1695 3222 nominibus,
1733 3168 1843 3212 tam
1884 3157 2253 3210 communibus
2297 3158 2652 3211 sanctissime
2686 3155 3002 3219 Trinitatis,
3039 3170 3199 3224 quam
3243 3158 3474 3224 propriis

209 3240 469 3309 cujusque
496 3256 759 3307 personas.
798 3256 850 3311 p.
887 3241 1013 3296 524.
1050 3242 1250 3317 Incipit
1284 3243 1479 3295 εἘστι
1508 3245 1737 3313 ὀνόματα

1962 3242 2053 3295 διὰ
2076 3243 2177 3311 τῆς
2204 3242 2369 3308 ἁγίας
2391 3242 2623 3313 Τριάδος
2648 3241 2928 3310 διήκοντα.
2946 3239 3122 3295 Vertit
3156 3239 3470 3299 Gretserus.

279 3326 408 3381 Haec
450 3329 719 3396 opuscula
757 3328 898 3382 XLII
934 3329 1005 3383 ad
1041 3328 1247 3383 calcem
1288 3328 1491 3400 Hodegi
1524 3330 1885 3386 Anastasiani
1919 3338 2155 3397 utraque
2192 3331 2375 3398 lingua
2418 3330 2631 3397 primus
2667 3327 2987 3398 Ingolstadii
3027 3328 3200 3382 edidit
3233 3328 3477 3384 Iacobus

207 3412 509 3469 Gretserus
547 3414 605 3469 S.
642 3415 682 3469 l.
717 3414 857 3468 I606
893 3414 1029 3485 (I9),
1062 3416 1208 3471 unde
1243 3431 1439 3471 recusa
1477 3428 1604 3471 sunt
1640 3415 1835 3472 Latine
1867 3413 2092 3486 quidem
2130 3414 2183 3467 in
2214 3409 2547 3465 Bibliotheca
2586 3409 2834 3475 Patrum,
2867 3409 3003 3465 edit.
3034 3410 3389 3465 Coloniensis
3421 3426 3474 3465 a.

208 3500 374 3565 1618,
408 3510 556 3554 tomn
589 3499 698 3565 IX;
732 3509 787 3555 et
823 3500 1213 3571 Lugdunensis
1244 3519 1298 3557 a.
1330 3502 1493 3564 1677.
1527 3514 1674 3558 tomo
1706 3501 1849 3560 XVI.
1885 3502 2074 3558 Graece
2105 3506 2162 3555 et
2197 3497 2393 3553 Latine
2421 3513 2554 3553 vero
2588 3496 2643 3550 in
2677 3497 2933 3551 Auctario
2965 3495 3261 3558 Ducwano.
3296 3497 3473 3552 Paris.

207 3586 386 3650 ΝΜ,
424 3595 575 3640 tonio
611 3586 663 3649 I,
692 3595 746 3641 et
780 3587 833 3640 in
866 3586 1197 3643 Bibliotheca
1227 3588 1456 3643 Patrum
1484 3588 1664 3643 Paris.
1700 3589 1838 3645 1614
1864 3600 1921 3645 et
1949 3588 2089 3645 1654
2110 3631 2125 3648 .
2162 3595 2312 3641 ιοιυο
2341 3585 2431 3641 XI.
2466 3584 2539 3640 Es
2572 3585 2684 3640 illis
2712 3584 2849 3639 XLII
2881 3586 3169 3654 opusculis
3194 3584 3475 3641 Gilbertus

204 3672 605 3729 Genebrardus
634 3673 828 3730 Latine
856 3685 1098 3730 verterat
1126 3676 1239 3733 haec
1265 3676 1608 3747 quindecim,
1635 3694 1757 3749 qua:
1783 3694 1917 3734 cum
1939 3676 2296 3733 Gretseriana
2326 3672 2573 3729 editione
2600 3673 2682 3729 sic
2712 3673 2904 3729 licebit
2934 3671 3190 3729 conferre
3224 3692 3238 3726 :

278 3782 524 3838 Genebr.
597 3785 648 3849 I,
758 3784 817 3846 2.
934 3786 991 3846 5,
1092 3785 1147 3851 4,
1275 3785 1329 3851 5,
1527 3784 1581 3848 ϐ.
1722 3786 1775 3852 7,

1740 3788 1775 3852 ι,
1838 3789 1895 3850 s,
1958 3786 2013 3853 9,
2127 3784 2216 3849 I0,
2351 3782 2440 3846 II,
2522 3782 2606 3845 t2,
2755 3782 2846 3839 ts.
3014 3783 3104 3843 tt.
3184 3784 3268 3835 ts.

277 3871 530 3926 Gretser.
574 3870 663 3938 III,
704 3871 847 3937 XVI,
889 3871 1023 3938 VIII,
1067 3872 1180 3937 VII,
1224 3872 1393 3936 XXV,
1435 3872 1654 3937 XXXII,
1700 3873 1791 3938 IX,
1832 3873 1904 3939 X,
1945 3871 2036 3936 XI,
2080 3869 2272 3935 XXIII,
2313 3867 2456 3932 XIII,
2497 3867 2641 3933 XIV,
2680 3865 2922 3929 XXXIII,
2966 3867 3160 3928 XXXI.
3207 3870 3245 3922 I.
3320 3868 3326 3873 ’

203 3958 447 4012 Exstant
477 3974 547 4013 ex
584 3957 928 4017 Genebt'ardi
962 3962 1222 4016 versione
1258 3961 1312 4016 in
1340 3960 1673 4016 Bibliotheca
1704 3961 1933 4015 Patrum
1963 3958 2265 4013 Parisiensi
2296 3972 2347 4011 a.
2382 3956 2543 4021 I575,
2579 3963 2730 4012 tomo
2760 3955 2822 4020 V,
2855 3967 2908 4011 et
2941 3971 2993 4010 a.
3027 3955 3167 4011 1579
3200 3955 3384 4029 [1589.
3419 3959 3474 4013 in

202 4046 335 4100 Cat.
369 4046 502 4100 bibl.
533 4045 792 4102 Leidens.
824 4065 878 4118 p.
905 4048 1024 4120 25.]
1059 4057 1211 4104 tomo
1241 4047 1332 4103 IV.
1360 4049 1535 4103 Etiam
1567 4051 1672 4103 tria
1707 4064 1774 4104 ex
1805 4049 1893 4104 his
1925 4046 2214 4117 opusculis
2246 4043 2471 4111 Latine,
2499 4044 2803 4098 Francisco
2829 4043 3107 4098 Turriann
3139 4044 3471 4116 interprete,

202 4133 266 4187 in
300 4135 479 4189 lucem
509 4135 770 4189 emiserat
802 4137 872 4189 Η.
902 4137 1160 4192 Canisius
1192 4145 1341 4191 tomo
1372 4135 1465 4202 IV,
1497 4137 1744 4206 Antiqua:
1776 4134 2035 4201 lectionis,
2071 4134 2328 4187 nimirum
2361 4130 2578 4195 XXVII,
2607 4129 2825 4185 XXVIII
2859 4142 2912 4186 et
2939 4131 3131 4197 XXIX,
3166 4132 3472 4202 lngolstad.

203 4219 374 4285 1605,
410 4221 477 4284 4;
517 4236 712 4277 recusa
748 4222 803 4276 in
838 4222 1181 4278 Bibliotheca:
1211 4223 1439 4277 Patrum
1471 4223 1823 4278 Coloniensis
1856 4221 2254 4292 Supplementa
2291 4219 2409 4275 sive
2448 4229 2597 4272 ιοιιιο
2631 4217 2747 4283 XV,
2787 4234 2838 4272 a.
2878 4219 3019 4273 1622
3050 4220 3295 4291 vulgato,
3329 4229 3381 4276 et
3418 4222 3472 4276 in

202 4305 516 4362 Parisiensi
548 4323 603 4365 a.
633 4308 797 4373 1654,
835 4318 984 4364 temo
1015 4308 1106 4364 IV.
1128 4309 1230 4366 llis
1257 4309 1502 4380 denique
1533 4309 1789 4364 accedit:

280 4395 469 4452 XLIII.
513 4398 651 4469 Περὶ
678 4398 927 4460 ἑνὼσεως
952 4400 1048 4453 καὶ
1074 4398 1427 4471 σαρκώσεως,
1453 4397 1553 4451 καὶ
1579 4398 1658 4450 ὅτι
1686 4398 1721 4467 ἡ
1752 4396 1852 4467 μὲν
1875 4394 2172 4457 ὑπόστασις
2201 4390 2513 4463 ὲσαρκώθη,
2541 4392 2575 4462 ἡ
2601 4390 2658 4443 δὲ
2685 4390 2847 4459 φύσις
2872 4392 2972 4463 τῆς
2997 4392 3263 4465 Θεότητος
3289 4394 3472 4465 moon

198 4484 277 4552 τῇ
304 4483 627 4557 ἀνθρωπίνῃ
660 4485 823 4555 φύσει
853 4486 914 4538 ἐν
937 4485 1236 4540 ὑποστάσει
1262 4484 1355 4539 τοῦ
1383 4483 1518 4538 Θεοῦ
1543 4483 1719 4551 Λόγου

1949 4483 2061 4535 ione
2085 4489 2135 4534 et
2164 4479 2556 4542 incarnatione,
2583 4479 2822 4550 quodque
2849 4495 3077 4548 persona
3107 4480 3267 4549 fuerit
3299 4483 3477 4535 incar-

197 4579 363 4625 nata.
397 4572 586 4627 Diuina
617 4583 799 4628 autem
829 4583 1029 4628 natura
1058 4573 1306 4628 humana:
1333 4575 1487 4626 unita
1515 4572 1569 4625 in
1597 4586 1827 4640 persona
1861 4569 1956 4623 Dei
1984 4568 2162 4623 Verbi.
2186 4566 2302 4623 Hoc
2332 4567 2665 4637 opusculum
2696 4581 2760 4621 ex
2797 4581 2901 4619 ms.
2935 4566 3232 4623 Bodleiano
3263 4568 3477 4639 primus

196 4656 410 4724 edidit,
433 4658 798 4731 Latinamque
832 4661 1146 4717 versionem
1184 4660 1440 4732 adiunxit
1473 4658 1722 4713 Andreas
1745 4657 2036 4718 .Arnoldus
2072 4654 2586 4724 Norimbergensis,
2628 4651 2802 4706 Paris.
2841 4652 3016 4716 1685.
3054 4653 3119 4719 8,
3160 4655 3225 4709 ad
3266 4656 3475 4711 calcem

201 4744 593 4815 Syntagtnatis
632 4747 901 4805 doctrinae
936 4749 1004 4804 ad
1045 4750 1287 4805 clericos
1328 4756 1384 4804 et
1418 4747 1592 4803 Iaicos
1631 4747 1736 4803 sub
1774 4744 1951 4802 sancti
1986 4739 2271 4796 Athanasii
2317 4739 2571 4804 nomine,
2610 4744 2668 4793 et
2688 4738 3064 4793 Valentiniani
3104 4754 3170 4795 ac
3211 4739 3475 4795 Marciani

197 4833 386 4903 impp.
412 4835 772 4904 epistolarum
802 4838 1059 4893 binorum
1089 4838 1156 4892 ad
1188 4836 1427 4892 Leonem
1452 4835 1524 4890 Μ.
1548 4834 1721 4904 Incipi

1949 4831 2006 4884 ὲν
2033 4826 2312 4900 σάρκωσις
2336 4828 2486 4880 ιστιν
2507 4824 2945 4897 ἐνανθρὼπησις.
2977 4827 3121 4882 Idem
3147 4829 3475 4899 opusculum

198 4937 315 4976 ms.
352 4922 406 4976 in
438 4924 569 4979 bibl.
597 4925 844 4981 Casarea
879 4934 1222 4982 memoratur
1247 4941 1274 4979 a
1304 4920 1708 4989 Lambecio,V,
1730 4938 1782 4991 p.
1809 4921 1898 4975 78.
1924 4917 2089 4973 Fabr.
2116 4932 2163 4972 s.
2185 4931 2237 4986 p.
2266 4915 2387 4982 169,
2412 4931 2469 4969 n.
2498 4915 2585 4981 11,
2613 4915 2705 4971 ed.
2730 4914 2898 4982 KoII.,
2929 4916 3059 4972 item
3093 4917 3147 4972 in
3176 4919 3303 4972 cod.
3333 4917 3480 4972 Mos-

198 5010 413 5077 quensi
438 5012 637 5081 synod.
666 5012 756 5067 5Q.
786 5011 849 5067 V.
871 5012 1109 5069 Hatthei
1137 5013 1309 5068 Notit.
1333 5012 1431 5066 cit.
1459 5026 1514 5081 p.
1535 5011 1663 5072 291,
1692 5027 1748 5064 n.
1773 5008 1914 5065 5.—
1936 5006 2138 5059 Iterum
2165 5003 2373 5058 editum
2398 5011 2485 5058 est
2515 5002 2649 5058 illud
2676 5018 2873 5073 opusc.
2898 5020 2964 5059 ex
2990 5004 3119 5059 cod.
3146 5005 3333 5061 Bodlei
3378 5005 3474 5061 Gr.

195 5109 273 5150 ac
304 5097 431 5151 Lat.
460 5100 518 5154 In
548 5114 691 5155 nova
720 5101 852 5156 edit.
886 5100 1054 5156 Henr.
1083 5099 1290 5155 Canisii
1322 5096 1471 5152 Lect.
1498 5108 1614 5151 ant.
1644 5106 1782 5150 tom.
1815 5092 1878 5157 II,
1909 5102 2057 5163 part.
2084 5107 2147 5156 It,
2174 5106 2231 5162 p.
2258 5090 2366 5147 475
2393 5105 2553 5162 seqq.
2579 5091 2669 5147 ed.
2697 5091 2933 5163 Basnag.
2962 5090 3134 5147 Ilaec.

1197 5366 1266 5420 II.
1303 5364 1389 5419 Ea:
1406 5366 1541 5420 ANG.
1583 5363 1689 5418 MAI
1721 5363 1869 5420 Bibl.
1894 5361 2036 5417 Nov.
2062 5371 2104 5416 t.
2144 5357 2246 5425 Vl,
2270 5375 2325 5427 p.
2357 5359 2480 5415 I69.

276 5472 637 5533 Theodorum
668 5477 976 5534 Abucaram
1016 5477 1285 5533 Carorum
1326 5478 1649 5550 episcopum
1689 5474 1998 5531 'I’ttrrianus
2056 5473 2353 5544 aliquoties
2424 5472 2751 5531 Damasceni
2810 5473 3146 5546 discipulum
3185 5478 3476 5545 nominat,

194 5564 301 5619 cui
332 5564 781 5634 probabilitatem
810 5566 1074 5622 conciliat
1103 5566 1238 5620 illttd
1271 5568 1325 5620 itt
1358 5567 1519 5622 titulo
1548 5565 1722 5621 disser

1948 5581 1959 5619 ι
1986 5561 2214 5618 decimae
2239 5567 2450 5617 octava:
2472 5562 2570 5615 Διὰ
2602 5562 2786 5634 φωνῆς
2818 5562 3067 5619 Ἰωάννου
3089 5565 3476 5639 Δαμασκηνοῦ.

277 5738 404 5805 ne)
440 5739 507 5795 Et
529 5739 589 5795 in
617 5737 1110 5812 GretseriOperib.
1140 5739 1432 5797 Ratisbon.
1456 5738 1615 5806 tm,
1642 5747 1681 5793 ι.
1709 5718 1827 5806 x'v,
1855 5753 1909 5810 p.
1945 5737 2071 5794 διε.
2099 5737 2272 5792 ηλῐιι..
