3870 6214
456 337 632 404 'ttss
1674 333 2148 395 THEODORUS
2178 333 2551 395 ABUCARA.
3502 345 3600 414 1,5,5

489 449 780 524 Signiﬁcat
813 446 959 503 enim
994 458 1081 511 ea,
1115 459 1237 515 quae
1279 445 1333 498 in
1371 443 1515 499 dicta
1546 442 1931 514 disputatione
1964 444 2235 499 adversus
2267 443 2576 500 Saracenos
2612 443 2968 508 disseruntur,
3002 461 3059 501 es
3099 462 3185 503 ore
3216 448 3437 508 dictantis
3462 452 3603 511 Dima-

489 539 641 596 sceni
686 535 993 605 excepisse.
1030 532 1309 587 Turriano
1354 546 1461 586 non
1513 533 1822 587 assentitur
1853 529 2168 596 Gretscrus,
2212 533 2629 603 arbitraturque
2665 533 2995 589 Theodorum
3032 535 3318 592 Abucaram
3361 544 3493 597 alium
3529 563 3603 602 non

485 628 682 687 fuisse,
719 637 886 693 quam
931 621 1086 675 illum
1133 620 1227 691 qui
1273 635 1399 675 cum
1441 618 1746 672 Photianas
1792 627 1976 688 partes
2021 627 2215 674 contra
2254 621 2524 691 lgnatium
2564 628 2790 675 secutus
2825 620 3022 687 fuisset,
3058 632 3212 694 alque
3251 627 3369 681 adeo
3402 644 3488 684 una
3521 649 3604 687 cum

487 715 754 771 Zacharia
786 710 1224 768 Cbalcedonensi
1248 751 1262 775 ,
1291 725 1391 781 pro
1426 708 1621 763 Pliotio
1656 707 1723 761 ad
1761 706 2094 761 Ludovicurn
2126 708 2430 763 secundum
2464 708 2853 776 imperatorem
2883 706 3302 781 Francorumque
3332 729 3477 784 regem
3503 720 3606 787 legi.

474 806 693 857 eionem
729 799 992 865 obiisset,
1028 809 1087 853 ut
1122 798 1320 853 inwita
1360 796 1555 867 Ignatii
1593 804 1829 850 testatur
1862 793 2121 858 Nicetas,
2158 801 2346 863 postea
2389 791 2565 848 Ph0tii
2607 792 2890 849 fraudibus
2924 794 2975 848 in
3013 805 3246 865 apertum
3288 801 3500 867 prolatis,
3526 808 3607 857 ιριη

485 900 793 944 retrorsum
824 888 1017 952 vertit,
1055 893 1112 940 et
1145 886 1198 939 in
1232 892 1428 939 octava
1460 884 1673 953 synodo
1704 883 2048 937 osrunienica
2082 880 2310 936 admissi
2346 881 2546 950 piaculi
2578 881 2796 935 veniam
2831 882 3158 950 impetravit,
3188 896 3336 953 prout
3363 892 3548 944 secunda
3570 908 3603 944 ιιι

486 986 683 1047 quarta
712 974 961 1043 ejusdem
990 971 1215 1028 concilii
1249 972 1393 1025 actio
1421 988 1524 1026 nos
1553 971 1785 1036 docent;
1815 984 1914 1039 pro
1938 983 2052 1038 quo
2073 966 2237 1022 etiam
2267 967 2412 1036 apud
2439 966 2745 1021 Adrianqu
2778 982 3046 1023 summum
3075 971 3353 1038 pontiﬁcem
3379 975 3609 1030 intercessit

487 1064 753 1134 lgnatius,
796 1071 855 1116 ιιι
898 1061 1134 1131 pristino
1176 1060 1373 1112 honori
1415 1073 1480 1113 ac
1521 1060 1737 1112 muneri
1783 1058 2174 1112 restitueretur
2214 1073 2227 1108 :
2266 1055 2414 1122 quod
2458 1054 2587 1107 item
2634 1053 2885 1110 fecerunt
2924 1063 3032 1111 tres
3068 1057 3381 1127 imperatores
3417 1060 3610 1119 Basilius.

486 1151 911 1236 tlopstantinus,
943 1164 1007 1201 ac
1040 1146 1151 1201 Leo
1182 1147 1236 1201 in
1272 1146 1471 1200 litteris
1503 1146 1568 1199 ad
1603 1144 1854 1199 eumdem
1890 1143 2151 1199 Romamn
2182 1141 2442 1197 Ecclesiae
2471 1143 2804 1209 antistitem,
2836 1144 2928 1212 qui
2958 1142 3275 1199 Theodorum
3304 1147 3469 1217 insigni
3495 1165 3613 1204 cucu-

487 1227 601 1290 ιιιῙό
628 1235 981 1294 decoraruut,
1009 1247 1133 1286 cum
1168 1230 1443 1284 hominem
1476 1227 1739 1283 Ecclesiae
1767 1227 1925 1280 valde
1956 1227 2145 1280 utilem
2176 1228 2455 1298 appellare
2482 1229 2797 1291 voluerunt.
2828 1229 2993 1298 idque
3024 1240 3223 1299 propter
3241 1234 3452 1288 eximiam
3477 1240 3613 1290 ermli-

488 1326 714 1386 tionem,
746 1336 852 1390 qua
889 1320 1196 1373 instructus
1230 1332 1355 1370 cum
1392 1315 1690 1379 haereticis,
1715 1313 1943 1379 Judazis,
1970 1321 2026 1367 et
2058 1312 2458 1369 Malmmetanis
2485 1317 2734 1369 animose
2762 1315 3223 1386 congrediebatur,
3247 1333 3435 1387 quorum
3466 1321 3615 1391 iugi-us

488 1412 546 1465 in
573 1408 737 1465 Caria
766 1420 878 1461 tum
910 1405 1236 1471 trullliludo,
1264 1415 1321 1458 ut
1352 1413 1406 1456 et
1438 1401 1759 1465 Laodiceae,
1792 1418 1904 1471 quo
1929 1400 2279 1455 Theodorum
2313 1403 2644 1455 translatum
2678 1401 2903 1457 Nicetas
2931 1402 3136 1457 scribit.
3159 1402 3271 1457 Cum
3294 1420 3395 1475 ergo
3415 1402 3614 1465 Nicetas.

487 1508 544 1553 et
582 1506 775 1554 octava
816 1494 1062 1567 synodus
1123 1492 1475 1547 Theodorum
1519 1492 1670 1545 illum
1714 1490 1999 1544 nominent
2036 1487 2213 1543 Cariae
2247 1488 2568 1559 episcopum
2611 1499 2669 1543 et
2708 1490 3145 1557 metrOpolitam,
3179 1500 3230 1544 ut
3262 1499 3305 1546 et
3334 1492 3548 1559 lgualius,
3574 1508 3617 1549 (ιι

474 1591 852 1663 imperatores
887 1587 941 1636 in
974 1581 1224 1651 epistolis
1253 1582 1320 1633 ad
1348 1578 1651 1633 Adrianum
1687 1577 2034 1648 pontiﬁcem,
2063 1585 2118 1631 et
2147 1576 2237 1629 hic
2269 1576 2524 1629 Abucara
2556 1575 2735 1631 Cariae
2764 1577 2974 1646 praesul
3006 1575 3184 1639 luerit.
3209 1592 3352 1645 neque
3373 1581 3481 1631 ratio
3503 1591 3611 1632 lem~

494 1674 644 1745 poris
674 1673 876 1735 obstet,
910 1671 963 1723 in
994 1684 1114 1723 eam
1148 1666 1482 1722 sententiam
1514 1665 1734 1719 devenit
1763 1673 1823 1719 ut
1853 1665 1956 1719 sibi
1992 1662 2324 1734 persuadeat
2344 1702 2359 1724 ,
2394 1664 2561 1717 alium
2591 1662 3048 1718 dissertationum
3080 1673 3324 1719 auctorem
3350 1680 3436 1718 non
3460 1664 3615 1725 luisse,

446 1782 453 1787 ·
489 1777 655 1833 quam
685 1761 839 1815 illum
862 1756 1219 1811 Theodorum
1246 1754 1424 1809 Caria:
1450 1753 1779 1817 antistitem,
1805 1755 1900 1823 qui
1934 1755 2038 1807 sub
2064 1751 2266 1806 Basilio
2295 1751 2614 1816 Macedone,
2640 1754 2990 1823 temporibus
3015 1762 3204 1807 octava
3227 1754 3409 1823 synodi,
3430 1754 3617 1807 doctrina

443 1873 451 1883 ι
490 1848 845 1918 nominisque
876 1844 1196 1900 celebritate
1228 1842 1451 1897 claruit.
1482 1841 1548 1893 Et
1576 1855 1699 1894 cum
1730 1855 1761 1893 a
1792 1840 2036 1895 secunda
2063 1838 2274 1909 synodo
2303 1838 2527 1892 Nicmna
2561 1855 2709 1893 anno
2742 1839 2961 1893 Domini
2986 1839 3106 1903 787,
3133 1840 3392 1906 celebrata,
3417 1844 3615 1909 usquead

440 1955 455 1975 ε
488 1949 736 1994 octavam
770 1932 1075 2005 synodum,
1114 1945 1237 2002 (tua:
1277 1929 1463 1984 habita
1506 1936 1590 1984 est
1629 1943 1778 1982 anno
1817 1926 1945 1990 869,
1985 1925 2115 1979 anni
2156 1926 2440 1993 octoginta
2480 1926 2590 1978 duo
2633 1924 3067 1990 iutcrlluxerint,
3103 1924 3316 1980 Joannes
3346 1942 3454 1980 vero
3482 1924 3614 1976 Dama-

451 2043 463 2054 ’·
490 2038 713 2081 scenus.
742 2030 802 2075 ut
832 2020 1109 2089 plerisque
1138 2017 1511 2086 clironologize
1542 2030 1649 2069 non
1684 2015 1956 2085 imperitis
1987 2016 2185 2083 placet,
2213 2025 2339 2067 ante
2371 2015 2662 2083 septimam
2698 2015 2979 2084 synodum
3010 2029 3295 2084 supremum
3320 2014 3439 2069 diem
3464 2015 3617 2073 οιήυιιι.

453 2143 469 2153 ιη
489 2111 820 2165 alterutrum
854 2102 1169 2159 necessario
1199 2102 1557 2157 asserendum
1581 2106 1751 2165 esset,
1776 2106 1869 2152 aut
1892 2099 2202 2153 Abucaram
2232 2099 2400 2155 ferme
2426 2101 2607 2155 adhuc
2633 2117 2866 2171 puerum
2899 2102 3215 2157 Damasccno
3241 2117 3427 2171 operam
3450 2102 3618 2160 ιιι-ιιὶςει,

459 2207 584 2252 ιιιιιι
612 2193 1011 2262 octogesimum
1042 2189 1221 2245 aetatis
1251 2204 1456 2243 annum
1489 2188 1649 2259 longe
1676 2186 2110 2252 transcendisse,
2138 2191 2364 2261 quando
2392 2191 2882 2261 Constantinopoli
2914 2191 3235 2247 meumenica
3260 2190 3462 2261 synodus
3482 2199 3617 2242 octava

460 2291 682 2339 «'oacta
714 2281 847 2347 I'uit;
883 2278 988 2333 ni‘si
1021 2281 1147 2348 quis
1177 2276 1499 2333 Damasceni
1530 2278 1691 2329 vitam
1722 2277 1863 2329 ultra
1892 2276 2180 2345 septimam
2214 2279 2489 2348 synodum
2519 2280 2769 2348 proferre
2794 2278 2953 2333 velit.
2983 2277 3043 2330 lit
3069 2278 3177 2331 haec
3200 2279 3391 2346 quidem
3413 2276 3623 2330 Grclscrcs

468 2374 558 2429 ‘ad
592 2372 891 2427 Antonium
924 2367 1233 2433 Velsernm,
1269 2384 1390 2436 qua:
1432 2383 1541 2420 non
1567 2365 1704 2419 tanti
1746 2365 1880 2419 mihi
1917 2366 2196 2430 videntur,
2232 2373 2292 2419 ut
2331 2381 2360 2419 a
2404 2368 2680 2420 sententia
2723 2381 2827 2419 nos
2864 2365 3114 2420 Tui-iiani
3154 2366 3419 2419 retraliant.
3449 2363 3620 2430 Νιιιίιμιι

470 2461 837 2521 "Theodorum
879 2459 1023 2511 hunc
1055 2458 1361 2509 Abucaram
1401 2470 1509 2507 non
1544 2467 1737 2508 omnes
1773 2453 1995 2507 codices
2029 2453 2389 2522 manuscripli
2435 2453 2643 2506 faciunt
2680 2453 2909 2525 Καρῶν,
2972 2450 3189 2518 Carum,
3229 2452 3510 2522 episcopum,
3543 2466 3622 2504 sne

491 2551 688 2611 Cariae,
721 2546 815 2602 sed
850 2544 1077 2615 quidam
1113 2543 1187 2597 ita
1222 2540 1480 2600 ellerunt,
1516 2540 1735 2609 quidam
1770 2538 2156 2595 immolatione
2189 2555 2299 2594 non
2336 2541 2440 2595 levi
2477 2540 2788 2594 litterarum
2823 2542 3057 2613 Χαρῤἄν
3086 2542 3386 2611 exprimunt,
3415 2549 3460 2592 ut
3488 2548 3621 2607 prater

490 2636 634 2691 alios
662 2633 849 2689 videre
879 2642 963 2687 est
991 2630 1047 2684 in
1081 2629 1273 2684 codice
1295 2627 1560 2682 Vaticano
1597 2625 1727 2690 492,
1766 2642 1818 2696 p.
1854 2625 1990 2689 £95,
2020 2641 2143 2695 quas
2173 2626 2331 2698 longe
2360 2635 2445 2681 cst
2475 2626 2690 2683 diversa
2724 2645 2751 2681 a
2781 2628 2970 2682 Caria.
3001 2628 3061 2681 Et
3091 2630 3321 2699 quamvis
3342 2635 3469 2681 relate
3491 2626 3620 2680 Basilii

493 2720 809 2777 Macedonis
841 2729 896 2773 et
928 2717 1133 2781 Photii,
1165 2714 1343 2771 Cariae
1375 2715 1674 2785 episcopus
1706 2715 1876 2769 variis
1910 2713 2221 2785 disciplinis
2258 2717 2588 2779 instructus,
2622 2732 2727 2771 non
2761 2728 2885 2772 erat
2920 2717 3168 2773 Ecclesia:
3199 2718 3399 2779 inutilis,
3425 2732 3505 2769 non
3531 2717 3620 2768 inde

492 2818 676 2862 tamen
705 2807 958 2875 sequitur
1011 2820 1137 2860 eum
1171 2804 1350 2858 solum
1381 2801 1557 2859 fuisse
1586 2803 1896 2858 istiusmodi
1922 2804 2280 2869 conditionis,
2310 2804 2450 2859 alios
2478 2805 2614 2858 nihil
2641 2805 2905 2860 valuisse.
2936 2804 3001 2858 Et
3030 2820 3251 2875 quanam
3279 2806 3447 2858 ratione
3469 2804 3546 2854 istc
3564 2802 3623 2853 ιιι

493 2909 633 2965 puer
657 2907 848 2964 sapere
878 2892 1169 2961 potuisset,
1200 2897 1261 2943 ut
1288 2904 1412 2959 qua:
1439 2888 1507 2942 de
1539 2890 1706 2942 rebus
1736 2887 2084 2947 difﬁcillimis
2112 2891 2345 2946 dictaret
2378 2891 2775 2957 Dsmascenus,
2807 2893 2931 2962 ipse
2964 2895 3165 2963 scripto
3191 2890 3461 2961 exciperet?
3484 2889 3621 2941 Studia

493 2983 590 3037 illa
619 2990 732 3036 tam
767 2981 911 3034 seria
944 2990 1151 3032 statum
1184 2976 1372 3040 alium,
1401 2983 1455 3029 et
1485 2974 1801 3029 solidiorem
1832 2975 2032 3031 mentis
2063 2977 2375 3032 ﬁrmitatem
2405 2989 2735 3047 eXpOscultt.
2762 2980 2991 3034 Certum
3021 2980 3161 3033 enim
3194 2986 3271 3032 est
3299 2978 3415 3046 apud
3441 2984 3620 3029 scnsalos

492 3071 677 3133 viros,
719 3067 991 3138 planeque
1031 3079 1095 3118 es
1143 3061 1386 3117 concilio
1430 3063 1666 3131 septimo
1706 3071 1955 3129 constat,
2004 3063 2398 3121 Damascenum
2443 3077 2568 3121 ante
2609 3066 2952 3122 celebratum
2999 3068 3126 3122 illud
3168 3067 3421 3121 concilium
3455 3076 3620 3116 mortem

480 3155 720 3212 abiisse.
755 3152 861 3208 Sed
896 3151 1161 3221 quoniam
1198 3150 1313 3204 haec
1346 3149 1642 3203 minutiora
1677 3164 1784 3204 non
1819 3152 2023 3207 nemini
2059 3152 2229 3207 videri
2266 3160 2517 3222 possunt,
2550 3154 2677 3223 quis
2707 3155 2790 3207 vel
2825 3170 3020 3224 parum
3055 3169 3217 3209 sanus
3245 3153 3488 3222 negaverit,
3516 3147 3620 3201 Abu-

477 3259 680 3298 ccaram
722 3242 868 3296 hunc
901 3238 1254 3293 Theodorum
1299 3253 1408 3290 una
1452 3237 1613 3291 simul
1661 3236 1918 3293 ﬂoruisse
1960 3254 2085 3294 cum
2119 3238 2330 3293 'l‘noma
2374 3238 2903 3311 liierosolymitano,
2942 3243 3033 3312 qui
3079 3241 3231 3311 paulo
3269 3251 3375 3310 post
3412 3237 3619 3304 septimum

476 3330 787 3385 concilium
829 3329 904 3382 illi
948 3326 1207 3380 Ecc|e>iat
1246 3323 1505 3395 praluil?
1536 3324 1706 3394 quue
1745 3341 1809 3380 ex
1852 3326 1988 3397 ipsis
2021 3330 2304 3396 opusculis
2340 3341 2368 3376 a
2411 3327 2676 3381 Grelsero
2716 3330 3020 3397 publicatis
3058 3327 3269 3381 addisco
3300 3322 3620 3378 ειίιΙειιιὶεςίιιιυ.

482 3417 689 3485 Quarti
718 3416 869 3472 enim
903 3414 1102 3469 titulus
1135 3415 1210 3467 ita
1244 3428 1307 3467 se
1341 3412 1502 3467 habet
1535 3411 1591 3465 in
1624 3410 1817 3467 codice
1849 3428 1971 3467 meo
2003 3433 2010 3468 :

2092 3412 2336 3483 Ξπιστο).ὴ
2372 3414 2708 3485 περιέχουσα
2739 3416 2840 3485 τὴν
2871 3416 3044 3487 ὀρθὴν
3075 3416 3166 3468 καὶ
3198 3411 3458 3482 ἀμώμητον
3482 3408 3620 3466 πίστιν,

494 3503 808 3575 πεμφθεῖσι
841 3501 994 3572 παρὰ
1027 3498 1123 3553 τοῦ
1159 3499 1579 3570 μακαριωτάτου
1614 3499 1773 3552 πάπα
1805 3498 1979 3569 Θωμᾶ
2013 3501 2356 3572 πατριάρχου
2384 3503 2776 3574 Ἰεροσολύμων
2816 3505 2956 3575 πρὸς
2992 3504 3118 3567 τοὺς
3151 3503 3281 3555 κατὰ
3307 3502 3392 3571 τὴν
3417 3494 3623 3567 Ἀρμενίιν

495 3591 906 3664 αἱρετιζοντας,
938 3588 1218 3659 Ἀρᾱσιστὶ
1243 3587 1343 3656 μὲν
1377 3586 1485 3639 ὑπὸ
1523 3586 1800 3657 Θεοδώρου
1833 3586 1929 3639 τοῦ
1967 3588 2195 3658 ἐπίκλην
2222 3589 2533 3662 Ἀσουκαρᾶ
2564 3590 2658 3643 τοῦ
2700 3592 2904 3659 Καρῶν
2935 3590 3229 3644 ἐπισκόπου
3261 3582 3623 3655 ὐπαγορευθεῖσα.

496 3681 587 3734 διὰ
612 3679 670 3733 δὲ
698 3675 1088 3749 Μιχαὴῌμοῦ
1116 3673 1210 3729 τοῦ
1240 3673 1526 3744 ἐλαχίστου
1555 3673 1929 3745 πμεσϐυτέρου
1958 3676 2054 3728 καὶ
2081 3676 2380 3746 συγκέλλου
2408 3680 2504 3731 τοῦ
2535 3677 2905 3732 ἀποστολικοῦ
2935 3680 3127 3751 θρόνου
3157 3674 3487 3749 Ἰεροσολύμων
3509 3683 3624 3737 μετα·

497 3765 824 3838 φρασθείσα,
857 3756 1055 3835 μεθόὖ
1085 3761 1180 3816 καὶ
1207 3760 1567 3816 ἀπέσταλται.
1597 3758 1842 3828 Epistula
1872 3763 2025 3816 contii

2097 3779 2144 3818 us
2172 3765 2331 3832 [idem
2361 3774 2558 3820 rectam
2590 3775 2748 3835 atque
2777 3766 3147 3836 inculpatum,
3177 3764 3326 3818 missa
3351 3778 3381 3814 a
3405 3754 3625 3813 beatissin

491 3856 705 3911 Thema
742 3853 1053 3923 patriarcha
1091 3847 1586 3919 Hierosolymitano
1621 3849 1693 3903 ad
1734 3847 2024 3904 "melicos
2061 3850 2116 3902 in
2150 3853 2482 3917 Armeniam,
2519 3852 2747 3906 Arabice
2786 3853 2998 3907 dictata
3035 3870 3067 3907 a
3104 3851 3349 3907 Theodoro
3381 3850 3627 3914 cognomento

494 3943 743 3997 Abucara
773 3939 1013 4007 episcopo
1043 3934 1311 3991 Carorstm
1331 3975 1346 3999 ,
1376 3944 1428 3989 et
1464 3952 1498 3988 a
1531 3950 1613 3990 me
1648 3937 1865 3990 minimo
1895 3935 2198 4007 presbytero
2229 3939 2490 3995 Micliaele
2519 3950 2570 3994 et
2599 3942 2840 4010 syncello
2872 3942 3128 3996 Ecclesia
3158 3936 3573 4006 Hierosolymarius
3591 3928 3626 3977 is

498 4024 743 4082 ereum
771 4038 1064 4080 sermonem
1091 4022 1384 4085 translata,
1411 4038 1507 4090 per
1531 4038 1684 4090 quem
1708 4032 1761 4077 et
1788 4024 1956 4078 missa
1985 4034 2086 4079 est.
2108 4024 2166 4080 Si
2197 4026 2301 4081 sub
2321 4025 2531 4080 Thoma
2557 4026 2670 4095 jam
2702 4026 2988 4097 perlectus
3015 4037 3189 4090 aelate,
3216 4034 3268 4079 ut
3290 4020 3540 4077 verosiuiile
3555 4022 3628 4070 cst.

498 4121 555 4168 et
580 4111 864 4182 conspicui
896 4109 1140 4165 nominis
1172 4108 1370 4165 doctor
1395 4109 1656 4178 dogmata
1685 4110 1960 4166 catholica
1988 4111 2262 4167 haereticis
2291 4112 2514 4182 pandit,
2543 4127 2665 4182 qua:
2696 4115 2832 4167 tanti
2864 4115 3228 4175 aestimantur,
3259 4118 3309 4164 ut
3334 4109 3381 4160 in
3407 4106 3514 4157 alias
3535 4114 3628 4167 quo.

499 4215 608 4272 que
643 4213 802 4256 versa
840 4196 1055 4268 linguas
1090 4195 1323 4266 legenda
1362 4195 1485 4250 aliis
1523 4206 1689 4266 atque
1724 4199 1849 4252 aliis
1885 4198 2354 4266 transmittantur,
2391 4214 2499 4271 qua
2541 4203 2756 4257 ratione
2794 4203 2907 4257 sub
2942 4196 3293 4258 Constantino
3325 4198 3472 4251 adhuc
3499 4195 3626 4257 vegeta

499 4296 661 4343 aetate
697 4285 898 4341 florere
938 4284 1049 4339 dici
1098 4282 1333 4355 poterit?
1374 4282 1530 4336 Adde
1575 4283 1630 4336 in
1676 4298 1800 4338 meo
1841 4289 2219 4357 manuscripto
2260 4290 2432 4344 multa
2475 4290 2532 4343 in
2582 4291 2835 4359 margine
2883 4291 3147 4346 adnotata
3185 4303 3298 4343 esse
3335 4280 3519 4341 scholia,
3546 4287 3628 4342 (1⁸³

502 4386 783 4433 auctorem
813 4388 929 4447 prae
949 4388 1010 4430 se
1034 4372 1219 4428 ferunt
1248 4370 1708 4441 Arelliam,quem
1737 4374 2001 4442 aequalem
2017 4374 2186 4445 aliqui
2217 4373 2413 4431 Photio
2442 4375 2671 4433 faciunt.
2703 4375 2847 4433 Hinc
2876 4375 3252 4448 argumentari
3278 4370 3624 4427 licetllliucmm

500 4480 624 4523 esse
671 4464 1066 4533 antiquiorem.
1116 4462 1302 4527 Quare
1353 4461 1628 4514 assentior
1673 4458 1985 4529 Turriano,
2034 4464 2228 4520 iisdem
2277 4479 2404 4519 cum
2460 4462 2803 4520 Daniasceno
2848 4466 3188 4537 temporibus
3234 4464 3359 4518 huuc
3397 4456 3624 4511 Abucmm

500 4553 731 4620 vixisse,
763 4562 819 4607 et
851 4551 923 4606 ab
957 4564 1023 4604 co
1058 4550 1233 4604 multa
1269 4547 1378 4603 sibi
1415 4548 1691 4604 hausisse.

571 4639 749 4710 Hujus
793 4638 1059 4708 cpuseula
1091 4649 1284 4692 contra
1338 4635 1528 4690 varios
1570 4634 1821 4692 inﬁdeles
1847 4636 2081 4703 Arabas,
2120 4640 2427 4711 Agarcnos,
2490 4638 2817 4706 Tritheitas,
2865 4640 3315 4713 Tbeopaschitas,
3342 4627 3622 4713 Nestorium.

501 4727 804 4792 Jacobitas,
864 4722 1303 4795 llouopbysitas,
1355 4721 1603 4787 Judzeos,
1632 4737 1735 4779 nec
1764 4738 1879 4778 non
1908 4710 2275 4797 Origenistas,
2308 4728 2713 4798 interpretibus
2745 4710 3048 4786 Francisco
3101 4728 3371 4788 Turriano,
3414 4728 3458 4773 ct
3482 4710 3623 4767 iambo

503 4815 789 4877 Gretsero,
817 4810 1008 4868 Graece
1040 4819 1097 4868 et
1127 4811 1324 4867 Latine
1354 4810 1681 4881 lngolstadii
1713 4812 1865 4867 edita
1896 4823 2050 4880 sunt,
2081 4829 2146 4869 ex
2190 4816 2557 4886 typOgraphia
2596 4818 2792 4872 Adami
2826 4818 3064 4874 Sertorii
3097 4831 3236 4871 anno
3267 4808 3408 4871 £606,
3435 4813 3479 4860 et
3513 4806 3620 4853 alim

503 4903 655 4958 edita
718 4901 938 4956 fuerant
988 4901 1048 4956 in
1098 4897 1434 4955 Bibliotheca
1476 4907 1707 4957 ueterum
1755 4899 1985 4956 Patrum
2013 4904 2272 4958 secundae
2308 4903 2571 4959 editionis
2597 4912 2749 4959 tomo
2786 4903 2877 4968 IV,
2929 4904 3223 4961 Latinitate
3249 4900 3421 4955 donata
3450 4906 3472 4945 a
3502 4887 3621 4942 Gele-

503 4990 729 5053 ln-ardo,
759 4985 1080 5059 passimque
1115 4987 1505 5059 manuscripts
1546 4987 1908 5043 inveniuntur
1937 4990 1992 5043 in
2024 4990 2031 5044 l

2095 4991 2376 5046 uliothccis
2405 4992 2636 5058 Italicis,
2667 5008 2732 5046 es
2773 4994 2980 5062 quibus
3011 5002 3229 5065 possent
3253 4986 3332 5044 edi
3374 4980 3623 5065 correction.

504 5091 671 5148 atque
701 5074 979 5139 auctiora,
1007 5080 1064 5129 et
1114 5072 1470 5145 potissimum
1508 5088 1576 5130 ex
1623 5090 1748 5130 meo
1771 5077 1983 5133 codice.
2038 5076 2095 5131 In
2130 5078 2463 5134 bibliotheca
2511 5060 2975 5137 Bavaricainum.
3011 5060 3109 5144 vlli,
3144 5088 3410 5134 notanznr:
3443 5060 3621 5148 “eum

503 5146 735 5237 episcopi
766 5166 945 5222 Οανίω
996 5172 1342 5234 cognomento
1375 5163 1639 5218 Αὺιιοαναε
1681 5163 1972 5236 Dialogus,
2004 5182 2107 5233 quo
2136 5165 2464 5219 demonstrat
2511 5181 2626 5219 esse
2675 5165 2864 5220 Deam.
2902 5167 3151 5237 Ejusdem
3180 5166 3240 5218 de
3274 5159 3412 5216 rariis
3439 5146 3620 5237 capilli"

506 5231 841 5324 Qau'sliones
871 5264 921 5310 et
960 5231 1373 5323 Responsiones.
1429 5249 1677 5319 Epistula
1711 5231 1927 5307 Thema:
1966 5231 2287 5322 patriarcha:
2328 5254 2806 5322 Hierosolymitani
2844 5255 2916 5307 ad
2943 5231 3192 5308 :‘lrmenos
3222 5247 3470 5305 hereticos.
3499 5231 3619 5324 Coll:-

507 5322 694 5399 c'lauea
725 5344 990 5399 Theodori
1023 5322 1257 5413 episcopi
1281 5339 1456 5394 Curia:
1481 5341 1546 5393 de
1578 5342 1743 5395 variis
1776 5343 2040 5409 capitibus
2071 5351 2257 5395 eorum
2283 5336 2619 5400 Severianus,
2655 5349 2707 5393 et
2753 5342 3062 5407 Aceplmlas,
3093 5351 3140 5394 et
3176 5346 3341 5392 contra
3369 5322 3615 5384 Maritim-

507 5433 576 5485 ιιςι
610 5430 733 5486 cod.
769 5430 896 5485 ΠΒ.
938 5429 1206 5484 Theodori
1237 5428 1471 5497 episcopi
1496 5425 1673 5482 ϐαι-ἕω
1708 5438 2051 5499 cognomento
2084 5427 2354 5493 ,Abucam
2395 5416 2676 5494 opuscula,
2715 5429 2781 5482 de
2815 5427 3247 5499 Deinaminibus.
3281 5424 3461 5476 Patren!
3482 5414 3617 5499 tam!“

508 5532 783 5589 generare,
821 5513 867 5568 ιι
872 5514 1023 5570 ilium
1054 5533 1255 5586 semper
1285 5518 1549 5588 generari.
1596 5498 1856 5587 Dialogus
1886 5534 2007 5571 cum

2087 5515 2426 5571 l’estorianis.
2462 5514 2722 5585 Dialogus
2770 5533 2889 5571 cum
2920 5498 3189 5572 Jacobita.
3237 5512 3352 5579 Qui:
3374 5508 3432 5559 sit
3463 5500 3615 5589 mil"

508 5609 725 5679 propria
763 5605 1089 5676 dilferentia.
1138 5605 1212 5659 De
1261 5597 1515 5676 tempore.
1563 5581 2048 5660 Brevis'doclrina
2090 5606 2155 5659 de
2192 5604 2385 5658 divinis
2426 5581 2749 5667 nominibus,
2782 5621 2903 5658 cum
2936 5607 3033 5658 toti
3064 5581 3612 5679 Triuitaticommsmfffi

512 5708 623 5748 tum
652 5694 880 5764 propriis
921 5693 1258 5763 singulorum
1309 5709 1680 5762 personarum.
1715 5694 2052 5759 Qumstiones
2098 5692 2527 5762 Origeuistarum
2574 5693 2884 5759 propositrc,
2933 5666 3611 5770 careatque.solutiores-fl:ll

515 5754 844 5838 bibliotheca
896 5754 1064 5850 Regia
1119 5754 1386 5848 Scoria'ii,
1439 5788 1497 5835 ut
1546 5754 1915 5837 notat—index
1965 5798 2069 5839 ms.
2119 5754 2379 5837 Theodori
2429 5754 2694 5835 Abuc'arre
2740 5754 3008 5840 Coriensis
3056 5754 3285 5851 episcopi,
3317 5773 3370 5825 de
3402 5754 3609 5822 nomini“
