3870 6214
187 330 210 393 1
223 328 316 393 465

1612 332 2026 396 OPUSCULA.

3308 337 3443 406 1466

182 442 286 512 γὰρ
324 441 381 497 ετ
407 459 494 506 τις
536 440 735 515 ἐχθρὸς
774 440 1128 513 τροπὼσηται
1161 442 1386 497 ποτίσαι
1423 443 1758 516 δηλητήριον

1871 442 2012 500 ducti
2065 451 2121 499 et
2150 444 2339 501 illecti.
2379 446 2535 503 Sicut
2566 447 2716 502 enim
2757 446 2805 503 si
2837 448 2963 516 quis
3014 448 3271 506 inimictts
3325 469 3439 506 ma-

183 535 454 591 νοσοποιδν
473 535 565 590 τὸν
587 532 787 589 ἑαυτοῦ
807 534 1075 606 δυσμενῆ,
1101 534 1169 589 ἵν’
1195 535 1273 599 ὡς
1294 536 1559 602 ἀσθενοῦς
1587 537 1757 593 αὑτοῦ

183 625 465 694 γεγονότος
486 625 674 679 λοιπδν
701 624 901 697 ῥᾳδίως
927 627 1310 696 περιγένηται,
1341 627 1516 692 οὕτως
1540 629 1759 683 ὲδελέα-

184 732 271 771 σεν
296 716 327 769 6
357 714 606 779 διάϐολος
638 714 732 767 τὸν
758 713 1048 782 ἄνθρωπον
1090 714 1183 768 διὰ
1224 716 1328 785 τῆς
1369 715 1759 786 ἑπηγορευμέ-

182 826 272 875 νης
303 806 585 878 βρώσεως,
619 806 717 859 καὶ
747 803 1013 869 ἀσθενοῦς
1052 804 1341 872 γεγονότος
1399 805 1753 875 ἐπεδράξατο.

182 893 338 966 Εἷχεν
366 892 460 949 οῦν
489 897 637 966 ἡμᾶς
668 895 1019 964 ὑποχειρίους
1048 913 1061 926 ·
1096 897 1190 949 καὶ
1226 896 1279 950 εί
1317 894 1393 967 μὴ
1420 895 1504 949 ὅτι.
1537 897 1758 951 ἑδελὲα-

182 1005 270 1040 σεν
315 988 405 1041 τὸν
453 986 749 1041 ἀντίπαλον
793 986 952 1056 ἡμῶν
985 986 1014 1036 6
1046 987 1303 1058 Χριστὸς,
1328 988 1436 1052 ἕως
1482 988 1548 1043 ἂν
1593 988 1759 1043 αὐτὸν

182 1078 385 1134 ἀνεῖλεν
442 1078 664 1142 ἀδίκως,
704 1079 798 1131 καὶ
856 1076 947 1130 διὰ
1007 1077 1109 1146 τῆς
1166 1078 1356 1132 ἀδίκου
1416 1079 1759 1150 ἀναιρέσεως

182 1171 343 1225 αὐτόν
367 1189 427 1224 τε
453 1169 547 1226 τδν
576 1170 850 1236 διάϐολον,
883 1170 981 1224 καὶ
1010 1170 1221 1236 πάντας
1248 1172 1377 1234 τοὺς
1408 1172 1760 1243 ὑποχειρίους

177 1262 342 1318 αὑτοῦ
386 1261 605 1325 δούλους
639 1260 853 1316 ἔλαϐεν.
881 1262 994 1316 Καὶ
1028 1262 1210 1325 οὕτως
1246 1265 1393 1334 ἡμᾶς
1425 1264 1756 1337 ὲρῥύσατοή

178 1355 345 1408 αὐτοῦ
368 1353 464 1408 τοῦ
489 1352 730 1423 Χριστοῦ
769 1354 1160 1426 δικαιοπραγία
1206 1357 1272 1409 ὲκ
1304 1356 1404 1424 τῆς
1433 1355 1529 1408 τοῦ
1572 1356 1758 1411 διαϐό-

178 1444 267 1497 λου
300 1444 547 1507 δουλείας
579 1461 593 1476 ·
627 1443 731 1496 κᾶν
761 1443 895 1513 φέρε
925 1443 1127 1509 εἰπεῖν,
1161 1445 1256 1498 καὶ
1282 1444 1389 1497 τὸν⁵
1410 1442 1645 1499 θάνατον
1660 1444 1759 1512 ἀφ’

180 1532 336 1604 ἡμῶν
404 1532 759 1588 ἀπεσείσατο.
828 1535 1099 1605 Κατεῖχεν
1154 1534 1266 1606 γὰρ
1323 1536 1473 1607 ἡμᾶς
1525 1536 1601 1600 ὡς
1650 1536 1755 1590 ὐπ-

179 1622 524 1695 ακούσαντας
556 1624 585 1676 6
614 1623 884 1685 Σατανᾶς.

244 1716 304 1769 Β.
338 1714 492 1768 Θέλω
541 1715 609 1769 δι’
649 1715 959 1787 ὑπόδειγμα
1014 1717 1175 1771 τοῦτο
1233 1717 1434 1789 μαθεῖν
1481 1719 1757 1791 τηλαυγέ-

179 1823 266 1858 στε
274 1823 391 1878 ρον.

245 1900 311 1951 Α.
350 1897 534 1950 Ἔστω
568 1897 823 1968 βασιλεὺς
860 1899 921 1952 ὲν
965 1897 1123 1971 χώρᾳ
1168 1900 1278 1954 τινὶ
1323 1900 1463 1970 ἔχων
1512 1900 1758 1965 δούλους.

176 1987 599 2056 Περικυκλούτω
633 1988 690 2043 δὲ
720 1988 823 2058 τὴν
850 1987 1039 2060 χώραν
1067 1989 1272 2061 ταύτην
1302 1982 1567 2060 ποταμός.
1628 1992 1760 2045 Ἐπ-

175 2079 365 2133 έκεινα
422 2079 602 2134 δὲτοῦ
661 2080 910 2150 ποταμοῦ
974 2081 1287 2135 ὑποκείσθω
1347 2085 1762 2153 πεφυτευμένος

173 2167 376 2235 κῆπος,
407 2171 658 2239 καρποὺς
682 2170 922 2242 ὡραίους
950 2171 1046 2224 καὶ
1076 2156 1365 2240 εύηδόνους
1391 2171 1758 2243 κεκτημένος.

185 2256 615 2330 ’Δπαγορευέτω
644 2260 699 2314 δὲ
731 2263 760 2313 6
784 2261 1041 2331 βασιλεὺς
1067 2262 1235 2315 πᾶσιν
1260 2263 1373 2327 τοῖς
1397 2260 1609 2326 δούλοις
1656 2263 1759 2316 αὐ-

91 2349 95 2352 ’
170 2349 271 2403 τοῦ
317 2351 418 2420 τὴν
451 2352 544 2405 ἐπὶ
573 2353 666 2406 τὸν
708 2353 884 2425 κῆπον
915 2355 1129 2407 ἐκεῖνον
1152 2352 1248 2407 τοῦ
1288 2353 1542 2424 ποταμοῦ
1573 2370 1761 2425 παραο

169 2440 452 2497 διάϐασιν.
486 2444 582 2507 Τὶς
609 2445 667 2498 δὲ
718 2446 827 2499 τῶν
876 2444 1080 2498 δούλων
1130 2445 1356 2499 ἐκείνων
1399 2445 1648 2515 θελχθεὶς
1692 2448 1760 2515 τῇ

172 2534 390 2606 Θεωρία
440 2537 536 2590 καὶ
567 2538 835 2610 ἐπιθυμίᾳ
859 2539 970 2592 τῶν
1004 2538 1240 2608 καρπῶν
1273 2537 1522 2602 ἑκείνων,
1556 2538 1652 2592 καὶ
1691 2540 1759 2608 τῇ

177 2626 290 2697 ἰδίᾳ
326 2627 633 2695 χαυνωθεὶς
677 2630 878 2699 ὀρέξει,
915 2632 1008 2684 καὶ
1039 2629 1298 2700 ἡττηθεὶς
1328 2629 1631 2697 ἀλογίστως
1662 2629 1763 2700 τὴν

174 2716 508 2788 δεσποτικὴν
537 2720 780 2791 ἐντολὴν.
806 2724 901 2775 καὶ
922 2722 1015 2775 τὸν
1040 2721 1286 2791 ποταμὸν
1313 2721 1555 2776 διαὸἀτω
1579 2721 1674 2774 ἐπὶ
1702 2723 1764 2775 τὸ

178 2809 548 2880 ἐμφορεῖσθαι
604 2810 704 2879 τῆς
735 2812 1038 2882 ἐπιθυμίας
1074 2830 1089 2844 ο
1118 2813 1216 2866 καὶ
1265 2813 1340 2882 μὴ
1395 2812 1559 2881 μόνον
1601 2812 1763 2866 τοῦτο

178 2898 426 2963 ποιείτω,
465 2898 607 2954 ἀλλὰ
636 2899 730 2953 καὶ
759 2901 888 2965 τοὺς
916 2901 1139 2965 λοιποὺς
1173 2900 1501 2963 συνδούλους
1562 2900 1766 2967 ἑξαπαο

178 2991 325 3044 τάτω
354 2990 626 3056 δελεάζων
654 2992 747 3047 διὰ
768 2993 871 3061 τῆς
889 2993 999 3048 τῶν
1024 2992 1505 3063 ύποδεικνυμένων
1530 2991 1764 3064 καρπῶν

180 3085 373 3154 ἡδονῆς
428 3086 522 3139 τοῦ
582 3086 681 3156 μὲν
733 3088 917 3140 κοινοῦ
948 3086 1218 3141 δεσπότου
1251 3085 1635 3158 παρακοῦσαι,
1664 3087 1761 3139 καὶ

178 3175 265 3230 τὸν
292 3178 548 3246 ποταμὸν
568 3178 923 3247 διαπεράσαι,
963 3177 1059 3232 καὶ
1083 3178 1191 3231 ὑπὸ
1218 3176 1569 3249 χεῖρααύτῷ
1602 3178 1762 3244 γενέ-

182 3268 322 3324 σθαι.
371 3264 511 3323 Εἶτα
554 3271 783 3333 τούτους
840 3270 970 3332 τοὺς
1020 3270 1342 3333 συνδούλους
1382 3270 1412 3323 6
1455 3269 1766 3339 ἀρχέκακος

181 3362 399 3424 ἐκεῖνος
454 3361 795 3431 τυραννείτω
825 3360 922 3415 καὶ
959 3361 1356 3414 καταπονείτω.
1388 3360 1678 3414 Βοάτωσαν
1706 3357 1764 3410 δὲ

181 3453 316 3519 πρὸς
366 3452 881 3522 οίκείονδεσπὸτην
910 3451 962 3504 οἱ
1010 3449 1462 3520 τυραννούμενοι,
1496 3450 1593 3503 καὶ
1636 3449 1760 3501 6m-

182 3545 533 3598 καλείτωσαν
575 3545 676 3615 τὴν
709 3544 923 3598 ἐκείνου
948 3544 1012 3597 ὲκ
1051 3542 1160 3596 τῶν
1191 3539 1532 3612 συνεχουσῶν
1580 3540 1764 3595 κακώ-

185 3649 320 3687 σεων
348 3633 647 3705 λύτρωσιν.
678 3630 812 3686 Εἶτα
857 3633 1082 3693 τούτους
1112 3631 1389 3702 οἰκτείρας
1413 3633 1442 3684 6
1470 3631 1768 3702 ἱερώτατος

186 3723 447 3793 βασιλεὺς
475 3725 569 3778 τὸν
614 3725 747 3778 [διον
776 3725 893 3778 υίδν
922 3707 1300 3778 ἀποστειλᾶτω
1344 3723 1768 3792 ἀμφιασάμενον

184 3818 241 3871 τὸ
266 3818 382 3879 τῶν
407 3817 612 3870 δούλων
640 3817 946 3889 πρόσχημα
975 3815 1119 3870 κατὰ
1151 3816 1328 3870 πάντα
1365 3815 1549 3878 αὐτοῖς
1569 3817 1768 3886 ὁμοιω-

187 3910 349 3964 θέντα
376 3924 395 3940 ⁶
434 3910 463 3961 6
489 3910 545 3963 δὲ
590 3910 671 3972 είς
722 3911 889 3978 μέσον
936 3907 1228 3978 παρελθὼν
1287 3906 1767 3980 παραπορεύεσθω

187 4005 282 4067 τὰς
317 4001 495 4072 ὄχθας
523 4000 616 4055 τοῦ
660 4000 932 4072 ποταμοῦ.
964 4004 1061 4055 ’ον
1104 4002 1445 4072 θεασάμενος
1471 4004 1501 4056 6
1528 4001 1768 4071 ἀρχέκα-

189 4109 281 4154 κος
315 4093 612 4164 τύραννος,
646 4092 742 4146 καὶ
796 4092 893 4145 ἕνα
937 4091 1048 4143 τῶν
1087 4091 1289 4145 δούλων
1317 4089 1426 4145 ὑπὸ
1447 4091 1508 4144 τὸ
1536 4091 1715 4152 πάσας
1745 4089 1770 4123 ⁸

190 4186 351 4238 αὐτὸν
412 4179 578 4248 εἶναι,
633 4183 1024 4251 παρακαλείτω
1068 4180 1320 4252 συνήθως
1369 4184 1487 4245 ταῖς
1538 4181 1769 4252 καρπῶν

192 4276 410 4340 ἡδοναῖς
441 4276 536 4328 ἐπὶ
593 4274 656 4327 τὸ
697 4275 1029 4346 διαπερᾶσαι
1061 4274 1158 4328 τὸν
1210 4274 1454 4343 ποταμὸν
1517 4276 1616 4327 καὶ
1674 4273 1766 4327 ὑπ’

193 4369 387 4439 ἑκείνῳ
415 4366 691 4435 γενέσθαι,
728 4368 802 4437 μὴ
838 4366 1226 4421 ὑπακούσαντα
1252 4365 1333 4429 δὲ,
1357 4364 1493 4418 ἀλλὰ
1520 4364 1768 4435 σφοδρῶς

191 4460 287 4523 τὰς
308 4459 525 4513 ἐκείνου
559 4459 771 4531 τροπὰς
790 4459 1262 4530 ἀποτρεπόμενον,
1299 4455 1448 4527 ζήλῳ
1498 4457 1594 4511 καὶ
1635 4458 1765 4527 φθό-

193 4566 268 4620 νῳ
305 4551 740 4621 πυρποληθεὶςὸ
781 4550 1046 4623 τύραννος
1094 4549 1338 4604 διαὸάτω
1365 4549 1459 4602 τὸν
1499 4549 1766 4619 ποταμὸν.

193 4644 286 4697 καὶ
314 4644 626 4714 ἀναιρείτω
651 4642 744 4695 τὸν
762 4643 856 4696 τοῦ
886 4642 1156 4711 βασιλέως
1184 4641 1323 4694 υἱόν.
1350 4640 1524 4694 Τοῦτο
1552 4641 1613 4695 δὲ
1640 4642 1773 4711 δρα-

196 4734 431 4805 ξάμενον
455 4737 486 4789 6
510 4734 766 4804 βασιλεὺς
786 4735 1031 4798 ὲταζέτω
1049 4733 1224 4802 λέγων
1242 4750 1256 4765 ·
1287 4732 1446 4798 Εἰπὲ,
1480 4734 1774 4803 παμπόνη-

197 4845 278 4900 ρα,
314 4828 484 4899 ἡνίκα
513 4829 642 4888 τοὺς
685 4827 880 4891 ἄλλους
923 4826 1144 4889 δούλους
1174 4825 1461 4887 ἀνέπειθες
1500 4826 1639 4895 ἐμοῦ
1679 4823 1775 4878 τοῦ

196 4917 434 4987 φυσικοῦ
477 4918 740 4972 δεσπότου
788 4919 969 4971 αὐτῶν
995 4916 1371 4989 παρακοῦσαι,
1396 4917 1490 4970 καὶ
1550 4916 1690 4988 πρὸς
1717 4918 1776 4969 σε

195 5013 477 5081 διαϐῆναι,
504 5013 579 5084 μὴ
605 5011 828 5075 τούτους
855 5011 1150 5065 ἀπέσπασα
1172 5009 1282 5063 τῶν
1306 5011 1506 5080 χειρῶν
1532 5028 1649 5073 σου,
1678 5010 1776 5063 καὶ

199 5108 297 5177 τῆς
345 5107 598 5169 δουλείας
640 5106 739 5174 τῆς
786 5105 890 5174 σῆς
935 5104 1197 5166 ἑκουσίως
1239 5122 1323 5158 σοι
1354 5104 1769 5172 ύποταγένταςς

202 5196 408 5268 καίπερ
447 5195 747 5267 δυνάμενος
788 5195 883 5248 καὶ
927 5192 1128 5263 ἰσχύων
1165 5196 1324 5247 τοῦτο
1358 5194 1623 5262 ποιῆσαι*
1659 5192 1775 5247 ἀλλ’

201 5289 304 5344 οὐκ
346 5288 592 5359 ἠθέλησα
642 5283 1033 5356 παραχαράξαι
1086 5283 1149 5336 τὸ
1196 5284 1430 5336 δίκαιον.
1464 5282 1668 5334 Τοῦτον
1719 5281 1778 5333 δὲ

1863 535 2043 590 levnlo
2070 551 2174 592 suo
2204 538 2482 606 potionem
2535 539 2736 594 veneni
2772 539 3059 602 adhibeat,
3112 547 3171 595 ut
3219 550 3445 610 potione

1860 627 2205 683 debilitatum
2238 627 2402 685 facile
2429 631 2620 685 vincat
2649 648 2665 697 ;
2705 632 2788 687 sic
2825 632 2952 689 cibo
2997 632 3095 687 illo
3132 634 3305 689 vetito
3338 636 3471 690 ho-'

1862 721 2064 774 minem
2110 720 2374 791 decepit,
2418 732 2476 777 et
2533 722 2739 779 factum
2793 724 3132 780 imbecillum
3183 726 3442 794 arripuit.

1861 807 2103 863 Tenebat
2136 810 2322 880 itaque
2354 824 2458 866 nos
2488 812 2744 868 servituti
2777 814 3103 883 subjectos;
3150 815 3258 870 nisi
3293 817 3442 885 quod

1859 895 2116 952 Christus
2156 898 2539 955 adversarium
2562 910 2821 957 nostrum
2866 904 3101 972 decepit,
3150 918 3445 975 quousque

1860 990 1978 1058 ipse
2008 990 2367 1047 adversarius
2395 990 2682 1048 Christum
2717 995 2909 1065 inique
2939 997 3185 1063 occidit;
3249 1006 3306 1055 et
3348 1014 3447 1070 per

1860 1078 2107 1148 iniquum
2178 1080 2466 1136 interitum
2534 1082 2688 1137 illum
2768 1084 2948 1155 ipsum
3015 1087 3301 1141 diabolum
3388 1100 3445 1143 et

1859 1183 2053 1224 omnes
2083 1169 2203 1236 eius
2233 1185 2426 1226 servos
2465 1172 2631 1241 cepit.
2680 1173 2749 1227 Et
2770 1175 2856 1228 sic
2890 1188 2994 1229 nos
3028 1189 3058 1228 a
3089 1176 3293 1232 diaboli
3325 1191 3444 1233 ser-

1858 1260 2035 1317 vitute
2085 1262 2339 1318 liberavit
2381 1266 2500 1334 ipsa
2546 1265 2763 1335 justitia
2813 1265 3043 1329 Christi,
3075 1275 3132 1321 et
3183 1278 3439 1330 mortem.

1860 1362 1920 1408 ut
1961 1356 2036 1408 ita
2065 1354 2269 1416 dicam.
2300 1370 2329 1409 a
2358 1357 2521 1412 nobis
2545 1350 2818 1412 excussit.
2856 1355 3106 1412 Tenebat
3147 1358 3294 1413 enim
3339 1354 3443 1416 nos

1861 1444 2123 1509 Satanas,
2160 1453 2421 1516 tanquam
2454 1447 2550 1515 qui
2590 1448 2639 1502 ei
2680 1446 3086 1504 obedissemus.

1922 1712 2093 1785 359
2134 1712 2195 1769 Β.
2237 1712 2416 1784 Cupio
2470 1715 2776 1786 intelligere
2822 1715 2929 1771 hoc
2992 1716 3292 1773 dilucidius
3345 1732 3443 1787 per

1786 1793 1830 1849 Β
1859 1805 2188 1875 exemplum.

1935 1903 2002 1954 Δ.
2037 1898 2121 1953 Sit
2160 1913 2276 1961 rex,
2314 1899 2409 1967 qui
2445 1898 2498 1952 in
2534 1898 2759 1968 regione
2786 1898 3049 1969 quapiam
3097 1898 3295 1953 habeat
3324 1912 3446 1954 ser—

1857 2007 1982 2049 vus.
2042 1990 2406 2047 Circumﬂuat
2464 1992 2749 2062 regionem
2808 1990 2972 2046 istam
3032 1990 3233 2044 amnis.
3286 1987 3444 2044 Ultra

1859 2097 2076 2138 amnem
2106 2097 2239 2137 vero
2270 2081 2344 2137 sit
2385 2079 2585 2135 hortus
2613 2079 2894 2141 consitus,
2925 2078 3021 2147 qui
3067 2076 3330 2148 pulchros
3386 2084 3442 2132 et

1857 2174 2134 2245 iucundos
2152 2173 2374 2229 fructus
2414 2173 2583 2228 terat.
2628 2172 2941 2227 .lnterdieat
2972 2186 3072 2226 rex
3119 2170 3293 2225 servis
3328 2169 3445 2225 suis

1859 2268 2117 2323 omnibus
2166 2267 2347 2323 amnis
2399 2268 2464 2320 ad
2520 2267 2676 2320 illum
2742 2267 2970 2319 hortum
3035 2262 3440 2331 traiectionem.

1863 2359 2077 2428 Aliquis
2127 2374 2262 2413 vero
2291 2372 2359 2412 ex
2393 2357 2504 2414 illis
2554 2357 2759 2420 servis,
2795 2356 3079 2411 deliuitus-
3107 2361 3162 2408 et
3223 2352 3445 2407 illectus

1864 2458 2124 2521 aspectu,
2166 2458 2222 2505 et
2245 2450 2555 2517 cupiditate
2596 2450 2824 2503 illorum
2883 2448 3196 2508 fructuum,
3230 2456 3287 2499 et
3343 2459 3445 2499 sua

1866 2544 2203 2613 appetitione
2227 2546 2476 2600 mollitus
2525 2559 2591 2599 ac
2622 2544 2825 2609 victus,
2855 2542 3004 2596 nulla
3047 2539 3265 2595 ratione
3289 2553 3446 2592 man-

1863 2634 1978 2689 dati
2013 2636 2222 2690 domini
2272 2636 2484 2701 habita,
2536 2650 2753 2691 amnem
2813 2632 3076 2701 trajiciat,
3122 2638 3185 2686 ut
3229 2628 3447 2699 cupidi-

1864 2735 2032 2784 tatem
2082 2743 2239 2783 suam
2290 2730 2547 2799 expleat:
2598 2745 2664 2784 ac
2712 2744 2823 2783 non
2858 2726 3036 2782 solum
3088 2727 3191 2779 hoc
3239 2721 3445 2784 faciat,

1864 2820 1962 2874 sed
2011 2821 2179 2874 etiam
2231 2820 2480 2890 reliquos
2533 2835 2842 2875 conservos
2910 2817 3110 2879 fallat,
3167 2814 3449 2882 voluptate

1864 2911 2170 2974 fructuum,
2206 2925 2350 2977 quos
2379 2909 2652 2973 ostendit,
2683 2923 2779 2963 eos
2832 2905 3148 2976 decipiens,
3181 2910 3243 2956 ut
3288 2913 3447 2953 com-

1863 3001 2051 3058 munis
2096 3001 2309 3056 domini
2340 3000 2725 3056 obedientiam
2781 2999 3074 3068 abjiciaut,
3107 3003 3161 3049 et
3213 2992 3446 3048 ﬂuvium

1864 3093 2270 3150 transmittant.
2297 3099 2352 3146 et
2385 3092 2531 3146 servi
2569 3091 2691 3156 eius
2726 3090 3069 3143 eﬁlciantur.
3106 3086 3314 3141 Deinde
3354 3082 3450 3138 ille

1870 3186 2129 3254 princeps
2160 3184 2434 3237 malorum
2490 3188 2754 3236 exerceat
2794 3182 2848 3233 in
2879 3195 2977 3233 eos
3012 3176 3361 3249 tyrannidem
3392 3181 3449 3227 et

1869 3274 2165 3346 opprimat.
2191 3273 2276 3328 illi
2313 3286 2443 3327 vero
2496 3271 2793 3343 tyrannide
2847 3270 3095 3338 Oppressi
3146 3268 3449 3322 inclameut

1875 3368 2159 3424 dominum
2212 3381 2415 3431 suum,
2450 3372 2504 3419 et
2544 3364 2842 3431 implorent
2892 3362 3044 3415 illius
3094 3374 3278 3429 opem.
3330 3365 3386 3410 et
3419 3371 3450 3411 a

1876 3460 2046 3515 tantis
2080 3458 2240 3512 malis
2291 3456 2698 3510 liberationem.
2735 3452 2937 3507 Postea
2979 3453 3178 3506 horum
3230 3449 3450 3503 miseri-

1878 3551 2069 3608 cordia
2110 3557 2424 3604 eommotus
2458 3544 2954 3601 mansuetissimus
2985 3558 3083 3597 rex
3119 3542 3300 3596 mittat
3332 3554 3453 3606 pro-

1872 3646 2054 3717 prium
2076 3642 2482 3707 iilium,vestitu
2508 3652 2794 3703 servorum
2820 3635 3099 3699 indutum,
3118 3634 3173 3687 in
3194 3629 3453 3684 omnibus

1872 3735 2240 3793 assimilatum
2294 3730 2378 3785 eis
2419 3730 2679 3801 (excepto
2714 3726 2994 3795 peccato),
3039 3724 3133 3778 ille
3156 3733 3339 3775 autem
3392 3719 3450 3773 in

1873 3826 2113 3881 medium
2147 3821 2410 3893 prodiens
2441 3818 2761 3874 deambulct
2793 3818 2955 3887 juxta
2988 3815 3145 3884 ripas
3180 3808 3450 3865 tlundnis.

1870 3919 2045 3985 Quem
2074 3932 2198 3972 cum
2227 3923 2500 3987 tyrannus
2526 3911 2618 3966 ille
2648 3910 2870 3975 viderit,
2900 3916 2957 3964 et
2988 3906 3290 3960 arbitratus
3327 3916 3452 3955 esse

1871 4027 2044 4067 unum
2102 4025 2133 4064 e
2168 4008 2371 4071 servis,
2429 4006 2703 4065 hortetur,
2745 4009 2805 4055 ut
2857 3999 3021 4059 solet.
3069 3995 3451 4064 voluptatibus

1873 4104 2154 4160 fructuum
2187 4099 2496 4170 prepositis
2547 4105 2602 4153 et
2645 4093 2913 4157 ostensis,
2954 4093 3021 4147 ad
3056 4087 3451 4157 trajiciendum

1870 4194 2117 4257 ﬂuvium.
2150 4201 2206 4249 et
2243 4202 2304 4248 ut
2330 4191 2438 4248 sub
2476 4190 2715 4258 imperio
2757 4202 2860 4243 suo
2895 4189 2992 4249 sit,
3032 4183 3219 4237 videat
3268 4189 3453 4233 tamen

1874 4298 1982 4337 non
2017 4282 2269 4346 obedire,
2299 4281 2434 4350 quin
2466 4276 2657 4347 potius
2696 4274 2877 4344 ipsius
2905 4270 3257 4326 hortationes
3292 4267 3457 4317 vehe-

1878 4385 2094 4428 menter
2133 4372 2424 4443 repellere,
2480 4366 2630 4421 unde
2680 4366 2803 4419 zelo
2844 4371 2899 4417 et
2928 4359 3137 4415 invidia
3188 4359 3456 4411 incensus

1877 4475 2149 4537 tyrannus
2182 4469 2425 4517 transeat
2456 4458 2713 4520 ﬂuvium.
2743 4466 2797 4513 et
2832 4455 3005 4510 lilium
3036 4450 3180 4519 regis
3204 4448 3454 4502 occidat:

1877 4559 2024 4613 hunc
2077 4570 2212 4611 vero
2252 4570 2346 4609 rex
2405 4551 2743 4622 prehensum
2798 4550 3158 4616 percontetur
3211 4540 3264 4593 in
3312 4537 3455 4590 hunc

1873 4650 2099 4705 modum
2121 4666 2132 4699 :
2159 4645 2273 4717 Age
2293 4644 2426 4711 jam,
2452 4642 2691 4710 pessime
2717 4649 2770 4695 et
2795 4635 3154 4707 nequissime,
3181 4644 3305 4685 cum
3331 4628 3457 4682 aliis

1873 4739 2053 4795 servis
2099 4736 2399 4800 suadebas,
2436 4744 2496 4788 ut
2544 4732 2679 4786 mibi
2736 4743 2928 4784 eorum
2980 4734 3180 4779 natura
3233 4720 3459 4775 domino

1872 4845 1982 4884 non
2018 4837 2305 4899 parerent,
2337 4833 2392 4879 et
2422 4824 2489 4879 ad
2542 4832 2594 4877 te
2625 4822 2958 4880 transirent,
3018 4831 3086 4870 an
3123 4830 3221 4870 eos
3265 4826 3298 4865 e
3342 4823 3459 4864 ma—

1874 4923 2042 4976 nibus
2072 4923 2183 4975 tuis
2214 4917 2393 4988 eripui
2413 4918 2439 4970 ?
2466 4924 2522 4971 et
2555 4931 2584 4969 a
2616 4914 2885 4968 servitute
2912 4922 3005 4965 tua
3034 4909 3136 4962 tibi
3174 4904 3459 4972 subjectos

1887 5012 2118 5067 liberari
2144 5010 2171 5064 τ
2210 5025 2338 5063 eum
2392 5007 2445 5061 id
2474 5006 2683 5076 alioqui
2735 5005 2920 5058 facere
2957 4998 3278 5070 potuissem,
3307 4991 3460 5047 nolui

1875 5104 2169 5169 tameujus
2202 5100 2522 5153 immutare.
2555 5095 2710 5149 litmc
2747 5108 2882 5149 vero
2911 5091 3085 5145 tilium
3123 5098 3331 5145 meum,
3363 5081 3458 5151 qui

1879 5191 2299 5250 bortationibus
2327 5191 2441 5245 tuis
2478 5200 2826 5258 nequaquam
2860 5182 3052 5244 cessit,
3090 5191 3264 5246 quare
3293 5175 3464 5228 inter-

1883 5284 2066 5341 fecisti
2118 5291 2172 5338 et
2220 5283 2423 5352 injuste
2470 5278 2770 5336 occidisti?
2819 5274 2991 5344 Igitur
3041 5268 3300 5339 quoniam
3359 5266 3458 5318 hoc

205 5381 342 5451 ἐμὸν
382 5384 498 5435 υίὺν
546 5381 884 5450 ὑπάρχοντα,
925 5377 1022 5429 καὶ
1072 5378 1194 5437 ταῖς
1253 5378 1377 5438 σαῖς
1428 5376 1764 5427 παντάπασιε

1886 5390 2055 5431 ausus
2083 5389 2168 5437 es,
2211 5373 2342 5442 jure
2375 5371 2586 5441 optimo
2616 5378 2670 5422 et
2700 5375 2753 5419 te
2804 5374 2859 5417 et
2886 5378 3082 5415 omnes
3114 5369 3240 5411 tuos
3268 5370 3461 5411 servos

207 5477 548 5547 προτροπαῖς
584 5474 681 5542 οὐχ
752 5469 1073 5533 ὑπείξαντα,
1108 5469 1252 5530 τινος
1303 5469 1489 5522 ἕνεκεν
1546 5468 1778 5528 ἀνεῖλες,

1891 5467 2132 5536 capiam.
2185 5471 2238 5517 et
2298 5460 2560 5532 potestati
2604 5459 2724 5530 ejus
2780 5452 3114 5523 subjiciam;
3175 5456 3229 5501 et
3281 5446 3329 5501 si
3382 5452 3461 5497 tot

1478 5617 1707 5673 VARIA’.
1744 5616 2146 5674 LiiCTlONliS.

281 5750 303 5778 ⁵
332 5745 424 5802 Sic
454 5748 494 5802 (Ξ
525 5746 584 5813 Β,
619 5748 735 5818 lege
766 5740 1134 5801 ὑποτοπάτας.
