3870 6214
514 365 646 432 ιιδπ

1742 356 2136 420 THEODORI
2169 353 2542 416 ABUCARIE

3549 362 3645 429 1le

513 476 688 533 millia
707 470 1079 544 acquisivisti,
1101 475 1283 526 tamen
1307 484 1480 539 neque
1497 468 1864 524 mnltesimam
1888 476 2098 537 partem

2203 466 2299 520 καὶ
2354 465 2556 529 ἀδίκως
2604 461 2960 532 άπέκτεινσς;
3009 466 3224 538 Ἐπειδὴ
3250 463 3338 522 οῦν
3369 468 3496 524 τοῦτο
3534 480 3646 530 tara-

511 567 686 623 debiti
720 565 1085 635 recnperabo.
1121 561 1266 628 Quid
1319 563 1464 618 enim
1515 576 1756 631 unquam
1788 569 1845 615 tu
1882 559 2094 615 edicere

511 659 699 731 passis
729 657 824 712 uni
857 665 1031 726 gutta:
1068 653 1360 725 sanguinis
1405 651 1543 722 regii
1578 652 1726 722 par?
1777 649 1893 706 Hoc
1929 650 2094 704 modo

513 766 551 804 a.
575 748 870 822 tyrannide
901 746 1169 802 daemonis
1200 760 1302 800 nos
1347 744 1621 810 liberavit,
1663 744 1817 813 jnsta
1852 744 2090 809 ratione,

512 853 566 895 ct
595 856 705 895 non
733 842 930 894 robore
961 847 1015 894 et
1043 845 1318 908 potestate
1349 837 1530 915 solum
1565 852 1723 891 usus.

518 934 648 1002 μιᾶς
707 932 802 985 τοῦ
862 930 1145 1002 βασιλικοῦ
1211 931 1448 1000 αἵματος

2203 574 2406 628 μηκας,
2439 557 2666 619 δικαίως
2705 556 2802 610 καὶ
2835 557 2892 609 σὲ
2942 558 3038 611 καὶ
3066 559 3278 621 πάντας
3315 561 3426 624 τοὺς
3459 565 3548 626 σοὺς

2199 650 2327 712 λους
2378 648 2628 720 λήψομαι
2647 688 2662 713 ,
2693 648 2794 702 καὶ
2825 649 3167 721 ὑποχειρίους
3203 650 3346 721 αὐτῷ
3370 652 3569 723 θήσομαι,
3589 663 3645 708 καὶ

2201 744 2250 796 εί
2283 742 2510 812 μυρίους
2538 741 2834 804 τοσούτους
2861 742 3136 813 ἐκέκτησο,
3162 744 3271 796 οὐδ’
3297 744 3447 806 οὕτως
3465 746 3511 799 τδ
3531 749 3649 800 πολλο-

2202 836 2329 889 στδν
2364 835 2462 888 τοῦ
2489 836 2682 906 χρέους
2705 832 3072 905 ἀπολήψομαι.
3099 835 3165 889 Τί
3195 835 3301 908 γὰρ
3318 836 3376 890 ἂν
3401 839 3548 909 ἰσχύσῃ

1525 929 1743 999 ῥανίδος
1801 928 2095 993 ἁντάξιονς
2133 929 2322 1000 Τούτῳ
2349 928 2430 999 τῷ
2459 930 2646 1000 τρόπῳ
2673 929 2776 998 τῆς
2827 927 2922 980 τοῦ
2984 929 3212 1000 πονηροῦ
3259 930 3522 1000 τυραννίδος
3556 934 3651 1002 ἡμᾶς

514 1024 784 1097 ἐρρύσατο
819 1025 1016 1095 δικαίῳ
1053 1023 1218 1094 λόγῳ,
1249 1024 1344 1078 κοιλ⁵
1378 1025 1478 1094 οὐχ
1524 1022 1713 1088 ἁπλῶς
1749 1022 1939 1091 κράτει
1973 1022 2068 1074 καὶ
2102 1022 2398 1094 δυναστείᾳ
2427 1022 2802 1092 χρησάμενος.

586 1116 648 1168 Β.
691 1117 840 1170 Satis
899 1114 967 1170 de
1033 1115 1136 1170 hac
1196 1131 1257 1172 re
1315 1116 1523 1171 dictum
1563 1122 1673 1170 est.
1714 1113 1812 1167 Dic
1852 1114 2101 1185 quinque

518 1207 648 1262 illos
680 1206 956 1270 inimicos,
989 1222 1054 1262 ex
1087 1207 1292 1277 quibus
1313 1221 1416 1262 nos
1455 1205 1711 1260 Christus
1754 1204 2029 1260 liberavit.

587 1388 654 1440 A.
691 1385 862 1450 Mors,
893 1386 1168 1451 diabolus,
1209 1385 1560 1440 maledictum
1608 1385 1746 1456 legis
1787 1395 1841 1442 et
1873 1385 2104 1443 damna-

518 1476 619 1541 tio,
646 1489 949 1546 peccatum,
983 1477 1260 1532 infernus.

590 1567 652 1620 B.
714 1567 787 1622 De
839 1578 1016 1623 morte
1069 1569 1292 1638 quidem
1349 1568 1497 1638 quod
1569 1584 1665 1640 per
1725 1570 2095 1626 obedientiam

519 1657 722 1712 Christi
749 1658 927 1712 deleta
953 1666 1060 1723 est,
1085 1659 1296 1715 dixisti.
1323 1659 1592 1716 Similiter
1613 1662 1799 1730 etiam,
1825 1662 2098 1732 quomodo

519 1761 625 1801 nos
656 1747 724 1800 ab
750 1746 984 1817 imperio
1042 1749 1249 1804 diaboli
1311 1749 1587 1805 liberavit.
1640 1750 1865 1820 Explica
1928 1767 2094 1814 nunc,

2273 1116 2335 1168 Β.
2409 1113 2754 1184 Ἀρκούντως
2831 1113 2963 1182 περὶ
3019 1111 3203 1164 τούτου
3248 1113 3446 1182 εἴρηται.
3507 1113 3654 1184 Φράσον

2199 1206 2258 1260 δὲ
2288 1206 2414 1269 τοὺς
2448 1205 2610 1258 πέντε
2633 1204 2886 1276 ,ἐχθροὺς
2905 1243 2920 1268 ,
2954 1203 3015 1267 ἐξ
3037 1199 3110 1256 ὧν
3144 1204 3273 1272 ἡμᾶς
3295 1206 3319 1256 ὁ
3346 1203 3544 1274 Χριστὸς
3570 1205 3656 1255 ἐλυ-

2202 1315 2235 1351 τ
2243 1299 2478 1368 ρώσατο.

2276 1391 2341 1444 Α.
2391 1391 2449 1444 ’0
2479 1389 2733 1454 Θάνατος,
2770 1390 2800 1442 6
2832 1388 3119 1451 διάϐολος,
3155 1389 3186 1458 ἡ
3213 1385 3288 1441 τοῦ
3312 1389 3449 1458 νόμον
3492 1388 3657 1456 κατάρα

2208 1480 2302 1533 καὶ
2327 1479 2622 1547 καταδίκη.
2650 1479 2684 1547 ἡ
2717 1477 2998 1548 ἁμαρτία,
3032 1479 3060 1530 6
3092 1476 3234 1547 ᾅδης.

2273 1569 2334 1623 Β.
2366 1569 2502 1640 Περὶ
2525 1569 2626 1640 μὲν
2650 1569 2746 1622 τοῦ
2773 1567 3036 1632 θανάτου,
3066 1568 3145 1620 ὅτι
3170 1567 3250 1620 διὰ
3271 1568 3353 1637 τῆς
3375 1565 3569 1635 ὑπακοῆς
3586 1563 3657 1615 τοῦ
3701 1602 3705 1606 ‹

2202 1660 2441 1732 Χριστοῦ
2499 1661 2742 1720 λέλυται.
2805 1661 3064 1730 εἴρηκας.
3107 1659 3316 1728 Ὁμοίως
3348 1657 3412 1719 δὲ,
3449 1657 3523 1708 καὶ
3550 1657 3661 1715 ὅπως

2203 1754 2350 1822 ἡμᾶς
2404 1753 2469 1805 ἔκ
2521 1752 2621 1821 τῆς
2661 1750 2760 1804 τοῦ
2813 1751 3074 1806 διαϐόλου
3115 1749 3426 1819 ἐπικρατείας
3463 1747 3656 1810 ἐξείλατο.

522 1837 804 1908 quomodo
827 1853 927 1894 nos
955 1841 1190 1896 redemit
1229 1855 1260 1894 a
1295 1841 1589 1896 maledicto
1616 1841 1773 1912 legis,
1802 1843 1977 1897 factus
2000 1858 2098 1913 pro

2202 1841 2414 1911 Φράσον
2438 1839 2524 1910 δὴ,
2559 1841 2710 1905 ὅπως
2735 1840 3083 1910 ἐξηγόρασεν
3115 1841 3250 1909 ἡμᾶς
3269 1839 3355 1908 τῆς
3381 1839 3574 1907 κατάρας
3590 1836 3654 1887 τοῦ

522 1928 684 1984 nobis
716 1930 1090 1984 maledictum.

591 2020 657 2074 A.
690 2020 1014 2077 Memineris
1043 2037 1259 2089 eorum,
1286 2039 1407 2094 quae
1430 2024 1584 2094 prius
1611 2040 1640 2078 a
1663 2039 1748 2079 me
1775 2024 1919 2078 dicta
1947 2033 2098 2084 sunt.

523 2109 670 2176 quod
717 2110 813 2178 qui
858 2110 1057 2166 millies
1115 2112 1286 2182 legem
1340 2114 1534 2168 mortis
1575 2115 1934 2169 transivimus
1975 2113 2134 2186 (28⁸),

526 2198 728 2254 millies
780 2199 1009 2255 interire
1062 2201 1349 2258 debemus.
1402 2203 1690 2273 Responde
1738 2206 1884 2260 enim
1943 2206 2102 2270 mihi,

525 2285 674 2350 «ιιιοᾱ
708 2294 762 2342 te
798 2288 1032 2357 primum
1069 2291 1134 2344 de
1159 2297 1335 2346 morte
1363 2289 1532 2344 Adam
1562 2291 1845 2362 rogabam.
1879 2289 2106 2346 Facitne

526 2373 670 2430 Deus
695 2375 998 2446 quidquam
1029 2375 1238 2434 frustra
1265 2385 1320 2434 et
1349 2379 1524 2433 casu?

597 2565 658 2618 Β.
701 2564 888 2622 Absit.

598 2658 664 2711 Α.
719 2656 776 2712 Si
817 2657 944 2727 quis
979 2657 1147 2712 alicui
1196 2656 1421 2713 deberet
1466 2655 1618 2713 mille
1657 2670 1931 2720 nummos,
1967 2667 2106 2726 quos

529 2747 681 2801 nullo
713 2749 875 2804 modo
907 2749 1123 2804 solvere
1179 2757 1390 2819 posset,
1452 2743 1624 2803 nollet
1672 2757 1854 2802 autem
1890 2746 2106 2815 exigere

529 2838 810 2901 dominus,
844 2842 935 2894 cui
971 2841 1226 2906 debetur,
1267 2854 1540 2894 summam
1597 2838 1739 2899 auri,
1791 2836 2106 2906 scripsisset

529 2936 715 2982 autem
755 2929 893 2983 alias
907 2939 1102 2984 contra
1134 2930 1287 2984 illum
1317 2928 1626 2983 debitorem
1658 2927 2105 2997 chirographum,

528 3027 586 3076 et
618 3020 674 3073 in
706 3033 983 3075 carcerem
1012 3019 1341 3088 conjiceret,
1383 3027 1438 3073 et
1461 3018 1603 3072 male
1627 3018 1885 3072 omnibus
1928 3018 2106 3073 modis

529 3107 792 3174 alliceret,
823 3108 1110 3180 aﬂligeret,
1136 3116 1191 3165 et
1222 3109 1630 3180 prcmeret,qui
1669 3109 1861 3175 nollet,
1894 3117 1955 3163 ut
1981 3115 2108 3162 ante

530 3200 665 3264 dixi,
703 3216 972 3256 summam
1012 3208 1279 3270 repetere,
1313 3202 1409 3256 sed
1441 3201 1627 3270 potius
1680 3202 2005 3270 postularet.
2047 3207 2109 3254 ut

531 3291 909 3346 dimitteretur
945 3291 1087 3346 liber
1119 3301 1174 3346 et
1209 3291 1444 3355 solutus,
1493 3305 1676 3346 nonne
1705 3291 1932 3347 stultum
1959 3290 2108 3344 hunc

531 3397 657 3437 esse
676 3381 1159 3436 existimarentus?

603 3472 665 3527 Β.
709 3471 995 3538 Quomodo
1027 3471 1180 3526 non?

604 3561 668 3614 Α.
703 3561 759 3616 Si
789 3561 956 3631 igitur
974 3559 1120 3616 Deus
1142 3560 1363 3614 nolebat
1389 3563 1606 3632 exigere
1623 3575 1652 3614 a
1677 3559 2113 3629 nobisjustiiica-

534 3654 714 3708 tiones
750 3655 909 3724 legis,
936 3668 1109 3721 quare
1135 3654 1279 3708 hanc
1302 3653 1466 3724 35o
1493 3661 1686 3708 contra
1711 3653 1812 3708 hos
1843 3653 2110 3722 scripsit?

535 3747 604 3800 At
636 3762 745 3801 non
776 3746 856 3802 sic
887 3755 994 3811 est,
1025 3745 1189 3800 absit.
1216 3744 1335 3799 Non
1369 3746 1514 3800 enim
1539 3746 1734 3809 otiose,
1767 3752 1821 3800 et
1847 3753 2108 3814 tanquam

539 3838 751 3901 ludens,
804 3837 937 3907 quin
995 3838 1178 3906 potius
1204 3836 1355 3906 justo
1385 3837 1622 3906 judicio,
1653 3837 1839 3893 omnia
1893 3852 2013 3908 qua
2055 3839 2108 3892 in

537 3929 657 3998 lege
685 3929 890 3997 scripta
916 3936 1096 3992 erant,
1129 3944 1158 3981 a
1209 3929 1371 3983 nobis
1402 3930 1683 3999 exigebat,
1733 3939 1790 3984 et
1836 3930 1966 4000 quia
2002 3944 2110 3984 non

536 4028 850 4087 poteramus
886 4019 1098 4072 solvere
1142 4019 1406 4084 debitum,
1466 4034 1566 4088 pro
1629 4020 1790 4076 nobis
1849 4020 2112 4078 Dominus

537 4117 730 4164 noster
766 4109 1023 4165 Christus
1059 4110 1344 4179 persolvit,
1387 4111 1738 4166 maledictum
1770 4121 1820 4165 et
1851 4114 2114 4169 condem-

537 4201 814 4257 nationem
859 4201 1024 4257 nobis
1058 4202 1302 4256 debitam
1334 4203 1527 4258 volens
1567 4204 1893 4274 assumpsit,
1946 4214 2112 4274 atque

540 4296 594 4348 in
647 4307 709 4348 se
767 4294 1140 4362 suscepit:et
1172 4309 1296 4362 qua:
1328 4309 1430 4348 nos
1465 4295 1575 4363 pati
1623 4296 1936 4365 oportebat,
1997 4297 2114 4365 ipse

537 4399 736 4455 passus
768 4393 883 4450 est;
916 4385 1262 4447 verberatus,
1313 4385 1516 4454 sputis,
1570 4387 1790 4456 pugnis,
1857 4387 2111 4456 colaphis

537 4475 786 4540 ali‘ectus,
810 4475 1130 4542 cruciﬁxus,
1146 4483 1198 4532 et
1220 4492 1318 4546 pro
1339 4477 1505 4531 nobis
1521 4485 1806 4532 mortnns:
1837 4478 2109 4548 quamvis,

2129 1909 2173 1965 Β
2201 1909 2391 2001 νόμου,
2428 1909 2720 2002 γενόμενος
2757 1909 2967 2002 esse”
2979 1933 3092 2002 μῶν
3111 1930 3322 2000 κατάρα.

2271 2025 2336 2075 Δ.
2388 2021 2800 2092 ’Δναμνήσθητι
2833 2022 2946 2075 τῶν
2991 2024 3047 2074 ἒν
3079 2023 3182 2082 τοῖς
3215 2017 3479 2090 ἔμπροσθέν
3516 2034 3578 2085 μοι
3595 2017 3653 2067 ir}-

2199 2129 2313 2182 γων
2337 2097 2692 2182 εἰρημένων,
2727 2113 2816 2164 ὃτι
2865 2112 3128 2182 μυριάκις
3173 2110 3255 2162 τὸν
3295 2110 3377 2161 τοῦ
3401 2106 3507 2160 Θεοῦ
3543 2105 3654 2175 νόμον

2201 2203 2698 2275 παραϐεϐηκότες,
2769 2205 3041 2275 μυριάκις
3104 2201 3366 2256 ἀποθανεῖν
3429 2198 3648 2267 δυείλομεν.

2201 2294 2340 2349 Εἰπὲ
2390 2293 2499 2366 γάρ
2531 2309 2642 2364 μοι,
2674 2294 2816 2363 ὅπερ
2851 2311 2938 2347 σοι
2977 2296 3067 2347 καὶ
3109 2295 3308 2362 πρῶτος
3335 2287 3648 2366 ὴρὼμηνίπιρί

2200 2385 2294 2438 τοῦ
2330 2386 2474 2440 κατὰ
2514 2385 2606 2438 τὸν
2639 2383 2840 2455 Ἀδὰμ,
2880 2387 3030 2438 ποιεῖ
3058 2386 3085 2437 6
3125 2383 3248 2446 Θεός
3281 2399 3327 2434 τι
3363 2380 3547 2450 ματαίως
3583 2376 3648 2429 καὶ

2201 2475 2276 2540 ὡς
2309 2477 2506 2546 ἔτυχεν
2526 2495 2540 2542 ;
3355 2477 3360 2482 ’

2273 2569 2336 2624 Β.
2379 2571 2469 2641 Μὴ
2504 2571 2743 2639 γένοιτο.

2272 2660 2338 2714 Α·
2380 2661 2441 2712 EE
2470 2661 2581 2731 γάρ
2619 2679 2704 2724 τις
2731 2660 3039 2732 ἐχρεώστει
3085 2657 3186 2711 τινὶ
3226 2653 3431 2726 χιλιάδας
3459 2646 3653 2717 νομισμά·

2204 2748 2418 2818 των,ἃς
2454 2753 2751 2806 ἀποδοῦναι
2776 2753 2884 2823 οὐχ
2915 2747 3032 2814 οἶός
3056 2767 3119 2802 τε
3166 2745 3231 2819 ἦν
3254 2763 3268 2778 ·
3297 2745 3378 2799 οὐκ
3399 2740 3592 2812 ἠϐούλετο
3611 2737 3650 2788 δὲ

2205 2844 2509 2914 ἀπαιτῆσαι
2529 2845 2693 2899 αὑτὸν
2721 2846 2748 2897 6
2791 2845 2892 2898 τοῦ
2934 2843 3128 2915 χρέους
3163 2840 3342 2910 κύριος
3363 2837 3439 2906 τὴν
3461 2831 3532 2884 τοῦ
3557 2846 3645 2915 χρυῖ

2209 2933 2323 2987 σίου
2357 2912 2654 3006 ποσότητα,
2716 2912 3056 3005 ἔγραψενδέ
3096 2935 3190 3003 τὴν
3232 2929 3382 2990 ἄλλως
3418 2923 3505 2977 κατ’
3531 2912 3648 2973 αὐτώ

2207 3023 2587 3094 χειρόγραφον,
2617 3024 2712 3077 καὶ
2750 3024 2939 3078 λαϐὼν
2983 3026 3041 3077 ὲν
3081 3021 3280 3092 φυλακῇ
3318 3017 3452 3074 ἔθετο,
3471 3010 3539 3063 καὶ
3561 3007 3647 3058 ἐλύ-

2207 3132 2403 3185 πησεν,
2429 3116 2525 3169 καὶ
2558 3116 2863 3171 ἑστένωσεν
2898 3115 3190 3178 παντοίως,
3219 3111 3284 3183 μὴ
3315 3105 3572 3179 βουλόμενος.
3596 3096 3650 3155 ὡς

2209 3207 2475 3278 προέφην,
2510 3209 2642 3279 παρ’
2672 3206 2842 3261 αὐτοῦ
2863 3208 2928 3261 τὺ
2953 3207 3118 3261 ποσὸν
3155 3203 3340 3263 λαϐεῖν,
3367 3195 3455 3250 ἀλλ’
3476 3192 3644 3279 ὕστερον,

2209 3299 2456 3353 ἁπαιτῶν
2481 3299 2642 3353 αὐτὸν
2667 3297 2977 3364 ἀπολῦσαι,
3006 3297 3129 3367 οὐχὶ
3163 3295 3365 3366 μάταιον
3391 3286 3461 3339 τὸν
3482 3277 3648 3336 τοιοῦτον

2212 3387 2669 3458 ὑπολαμϐάνομεν
2693 3405 2708 3452 ;

2282 3479 2345 3532 Β.
2373 3478 2497 3540 Πῶς
2534 3479 2642 3549 γὰρ
2666 3476 2728 3530 οῦ
2752 3494 2768 3542 ;

2281 3573 2346 3624 Α.
2373 3571 2436 3624 El
2461 3565 2554 3624 οὖν
2591 3571 2620 3623 6
2641 3569 2774 3632 Θεὸς
2815 3569 2921 3622 οὐκ
2959 3566 3210 3638 ἠϐούλετο
3249 3561 3362 3632 παρ’
3395 3553 3517 3626 ἡμῶν
3537 3552 3644 3648 ἆξαι·

2209 3662 2372 3732 τῆσαι
2391 3661 2460 3714 τὰ
2487 3660 2581 3714 τοῦ
2612 3660 2776 3730 νόμου
2825 3659 3191 3729 δικαιώματα,
3236 3654 3360 3714 τίνος
3379 3648 3501 3740 χάριν
3522 3651 3648 3740 τουτογ

2212 3749 2335 3807 καθ’
2383 3754 2540 3824 ὴμῶν
2591 3752 2870 3822 ἔγραψεν;
2946 3752 3086 3804 Ἀλλ’
3121 3750 3210 3817 οὐχ
3249 3745 3394 3804 οὕτως
3429 3735 3568 3824 τοῦτο..
3596 3735 3646 3824 ιιι

2212 3819 2440 3913 γένοιτο.
2481 3847 2555 3896 υὺ
2718 3819 3034 3914 περίεργος.
3076 3843 3166 3894 καὶ
3193 3834 3272 3892 οἷα
3313 3832 3484 3896 παίζων
3506 3829 3526 3878 ὁ
3546 3819 3646 3878 Θεὸς,

2211 3938 2348 3992 ἀλλὰ
2373 3940 2438 4007 τῇ
2476 3938 2640 3991 αὑτοῦ
2666 3938 3043 4010 δικαιοκρισίᾳ
3082 3937 3245 3991 πάντα
3270 3929 3382 3998 παρ’
3413 3923 3534 4019 imi?
3552 3914 3644 4019 ﬂia

2211 4028 2288 4098 τῷ
2336 4029 2485 4100 νόμῳ
2541 4030 2902 4098 γεγραμμένα
2967 4030 3178 4100 ἀπῄτει.
3234 4023 3328 4077 Καὶ
3395 4011 3542 4078 ἐπειδὴ
3578 4011 3641 4100 οὐκ

2216 4098 2469 4191 ἶσχύομεν
2511 4122 2784 4178 ἀποτῖσαι,
2814 4120 3008 4175 τούτου
3037 4098 3186 4191 χάριν
3222 4115 3343 4182 ὑπὲρ
3386 4103 3510 4177 ἡμῶν
3532 4098 3635 4200 idsi

2214 4212 2419 4281 σπότης
2441 4215 2473 4282 ή
2484 4212 2599 4282 μῶν
2627 4211 2865 4282 Χριστος
2900 4211 3176 4264 ἀπέδωκεν
3195 4249 3208 4270 ,
3238 4205 3321 4258 καὶ
3363 4199 3442 4266 τὴν
3473 4197 3637 4288 κατάξπν

2213 4305 2308 4357 καὶ
2338 4304 2639 4373 καταδίκην
2679 4303 2778 4375 τὴν
2825 4304 2951 4358 καθ’
2983 4302 3136 4373 ἡμῶν
3171 4288 3545 4375 χρεωστουμένηῇ
3582 4291 3642 4375 αἶ’

2212 4396 2423 4461 ἐλαϐεν,
2447 4397 2542 4450 καὶ
2564 4368 2826 4460 ἑκουσίως
2839 4368 3138 4460 ἀνεδέξατο.
3161 4368 3257 4446 Καὶ
3270 4388 3390 4453 ἅπερ
3408 4378 3519 4449 ἡμᾶς
3535 4368 3643 4466 ἐχρῆν

2212 4488 2426 4550 παθεῖν,
2449 4488 2612 4551 αὐτὸς
2632 4488 2925 4541 πέπονθεν.
2953 4487 3061 4541 Καὶ
3085 4478 3374 4554 ὲμαστίχθη,
3397 4470 3468 4524 καὶ
3490 4468 3640 4517 {vestru-

536 4579 597 4621 ut
635 4571 796 4637 paulo
832 4577 962 4624 ante
998 4569 1266 4631 diximus,
1321 4585 1416 4638 per
1457 4570 1821 4624 obedientiam
1879 4579 2103 4624 mortem

2216 4581 2338 4650 σθη.
2386 4581 2480 4634 καὶ
2522 4579 2853 4651 ὲρραπίσθη,
2895 4581 2994 4633 καὶ
3045 4570 3369 4641 ὲκολαφίσθη,
3411 4556 3640 4651 καὶ-ἔστενέ

537 4661 723 4716 delere
755 4663 1050 4730 potuisset,
1095 4664 1189 4717 sed
1229 4673 1410 4717 tamen
1447 4663 1512 4716 ὲκ
1537 4663 1880 4732 περιουσίας,
1914 4665 1964 4717 id
1998 4674 2104 4728 est,

540 4761 599 4803 ut
628 4753 952 4817 abundaret,
983 4761 1038 4808 et
1066 4753 1453 4824 superﬂueret,
1489 4769 1598 4825 quo
1635 4769 1736 4808 nos
1782 4770 1845 4809 ex
1887 4755 2110 4810 diabolo

539 4842 798 4912 eriperet,
831 4853 885 4898 et
915 4861 979 4900 ex
1021 4847 1314 4901 maledicto
1364 4848 1522 4917 legis,
1551 4848 1810 4918 iustoque
1840 4847 1933 4902 Dei
1965 4847 2112 4917 judi-

539 4934 651 4998 cio,
679 4949 779 5001 pro
803 4935 964 4991 nobis
987 4944 1240 4992 mortuus
1283 4948 1390 5004 est,
1417 4947 1480 4992 ut
1511 4941 1702 4995 liceret
1733 4939 1844 4996 Deo
1888 4940 2108 4996 miseri-

539 5025 781 5082 cordiam
805 5029 962 5083 nobis
986 5029 1264 5095 tribuere;
1299 5038 1354 5084 et
1381 5046 1487 5085 non
1522 5030 1796 5102 justitiam
1827 5033 2107 5104 propriam

541 5118 896 5188 improbaret,
926 5129 981 5174 et
1019 5135 1415 5189 supervacuam
1449 5129 1612 5191 atque
1674 5123 1883 5177 irritam
1918 5122 2112 5179 redde-

513 5184 658 5274 iret;
683 5209 777 5266 sed
804 5211 988 5283 potius
1010 5184 1151 5268 hanc
1180 5184 1663 5270 circumscriberet
1678 5222 1734 5270 et
1755 5215 2096 5279 terminaret,

2206 5214 2504 5284 καιοσύνην
2552 5214 2835 5286 ἀκυρῶσαι
2881 5214 2976 5268 καὶ
3019 5205 3349 5278 καταργῆσαι.

2217 4648 2388 4744 ρώθη,
2414 4671 2510 4724 καὶ
2539 4648 2974 4740 άπὲθανενύπὲρ
2996 4668 3165 4740 ἡμῶν.
3198 4651 3482 4744 Καίπερνγῲέ
3501 4648 3638 4744 mi”

2215 4741 2310 4815 καὶ
2330 4759 2542 4832 πρώην,
2578 4760 2665 4815 διὰ
2698 4762 2796 4831 τῆς
2828 4761 3076 4829 ὑπακοῆς
3108 4756 3256 4809 λῦσαί
3290 4749 3367 4800 τὴν
3400 4741 3639 4832 θένζπῖηῗ

2215 4820 2611 4922 νάμενίοςο’ἀλλ”
2630 4853 2695 4905 ὲκ
2719 4820 3055 4922 περιουσίας,
3084 4849 3166 4902 ἴνα
3193 4843 3278 4898 καὶ
3296 4841 3351 4892 ἐκ
3366 4820 3637 4933 fovi-1.55:?

2213 4919 2361 5014 ἡμᾶς
2387 4942 2658 5012 ἐξέληται,
2693 4919 2805 4995 και
2830 4945 2896 4995 ὲκ
2925 4942 3022 5010 τῆς
3063 4937 3289 5004 κατάρας
3311 4923 3389 4979 τοὖ
3423 4921 3558 5014 ﬁt?“
3577 4919 3634 5014 fi"

2211 5033 2306 5086 τοῦ
2343 5031 2481 5086 Θεοῦ
2519 5030 2938 5102 δικαιοκρισίας,
2965 5029 3220 5083 ἀπέθανεν
3267 5011 3547 5102 Oxi-Prw?“

2214 5123 2310 5195 ὲξῇ
2448 5124 2568 5194 θεῷ
2602 5081 2822 5192 ὲλεῆᾶαι
2864 5081 3031 5193 illis.
3089 5117 3176 5170 και
3211 5113 3329 5182 μήτε
3362 5101 3440 5195 τίῐῖ
3460 5081 3631 5195 fami?

3375 5185 3479 5246 ἀλλὰ
3499 5184 3631 5235 ταύτην

1849 5388 2083 5446 VARUS
2120 5389 2520 5447 LECTIONES.

613 5487 633 5513 ³
666 5484 853 5556 ἠρωτη
861 5484 924 5537 σά
933 5499 1060 5555 μην.

2058 5610 2286 5667 NOTAE.

618 5701 915 5776 l23‘)lllam
950 5707 1120 5774 legem
1158 5706 1415 5776 dieinde
1445 5722 1549 5774 qua
1601 5705 1805 5761 Paulus
1849 5705 1898 5759 in
1937 5705 2113 5771 Epist.

547 5774 810 5830 ad‘llchr.
857 5794 909 5840 ι,
944 5778 1190 5830 meminit
1224 5793 1235 5828 :
1302 5774 1525 5829 Irritam
1568 5779 1682 5845 quis
1716 5777 1921 5845 faciens
1957 5776 2116 5844 legem

2228 5704 2401 5772 Moysi
2430 5705 2538 5758 sine
2568 5705 2678 5759 ulla
2723 5707 3052 5758 miseratione
3078 5697 3274 5758 (Ιιιιιίνιιε,
3302 5686 3363 5740 πί
3387 5676 3506 5732 tribus
3525 5669 3613 5716 tmt-

2229 5777 2321 5828 θυι
2358 5779 2601 5831 moritur.
2639 5776 2817 5845 (Deut.
2856 5792 2984 5839 mi,
3008 5775 3081 5837 6.)
