3870 6214
235 378 366 444 1469

1642 393 1939 459 OPUSCU
1950 398 2036 457 LA
2048 440 2063 456 .

3357 405 3379 468 l
3396 406 3496 471 £70

230 492 562 564 περιγράψαι
592 494 980 552 ἀπολαϐοῦσαν
1006 498 1073 552 τά
1114 496 1223 554 ἴδια
1247 499 1622 574 δικαιώματα,
1660 505 1800 576 μήτε

1930 509 2170 581 'eceptis,
2204 519 2258 567 et
2292 511 2640 582 recnperatis
2682 515 2923 584 propriis
2951 514 3491 593 justillcationibus;

227 586 282 640 τὸ
305 584 454 650 ἔλεος
481 585 650 640 αὖτοῦ
689 586 972 659 ἄπρακτον
1011 592 1310 661 παρεᾶσαι.

289 761 353 815 Β.
390 761 500 815 Καὶ
532 771 663 832 περὶ
708 762 901 818 τούτου
947 765 1263 837 ἀρκούντως
1290 768 1562 826 λέλεκται.
1590 771 1806 843 Φράσον

226 852 309 924 δὴ,
342 851 460 917 πῶς
480 855 630 923 ἡμᾶς
654 856 718 908 ὲκ
748 855 848 926 τῆς
885 857 1165 927 ἁμαρτίας
1189 859 1492 931 Eppium;

291 946 356 997 Α.
378 945 443 997 Τί
469 947 616 1000 ἐστιν
648 947 894 1018 ἁμαρτία
918 965 933 1013 ;
962 949 1085 1018 οὐχὶ
1115 951 1382 1021 ἀποτυχία
1407 954 1621 1017 τις,κα“ι
1644 956 1807 1008 ἀστο-

230 1034 317 1104 χία
368 1036 463 1089 τοῦ
512 1037 750 1103 exertat};
795 1038 1137 1111 Ὠσπεργάρ
1161 1041 1323 1106 εἴτις
1355 1044 1513 1115 ὑγιὴς
1544 1043 1620 1098 ὢν
1648 1047 1706 1099 ὲν
1728 1046 1808 1118 τῷ

230 1125 483 1194 βαῖίζειν,
509 1129 641 1181 ὅπου
676 1128 859 1195 θέλει,
890 1130 983 1182 τὸν
1018 1130 1155 1184 πόδα
1197 1133 1431 1203 τίθησιν,
1466 1136 1628 1204 ἡνίκα
1655 1138 1710 1190 δὲ
1749 1138 1809 1202 ἐξ

229 1218 513 1282 ἀσθενείας
554 1218 697 1282 τινὸς
742 1221 1108 1291 ἀρρωστήσας
1131 1224 1391 1294 τρομικὺς
1440 1228 1687 1297 γένηται,
1734 1228 1809 1300 μὴ

225 1308 480 1381 δυνηθείη
504 1312 595 1363 τὸν
623 1310 761 1364 πόδα
799 1310 1007 1375 θεῖναι,
1036 1313 1171 1365 ὅπου
1210 1315 1482 1384 βούλεται,
1512 1317 1647 1372 ἀλλὰ
1682 1335 1810 1373 σκο-

228 1401 410 1471 πήσας
434 1403 513 1465 είς
540 1404 705 1455 τόπον
734 1401 855 1455 τινά
886 1401 1055 1471 πῆξαι
1102 1403 1164 1458 τὸ
1187 1407 1331 1475 ῐχνος
1351 1448 1366 1472 ,
1404 1408 1509 1461 ὑπὸ
1536 1409 1636 1478 τῆς
1667 1412 1810 1463 ἐνοι-

228 1491 425 1562 κούσης
460 1491 773 1563 ἀρρωστίας
812 1493 1146 1564 ὠθούμενος,
1179 1496 1418 1568 ἀλλαχοῦ
1441 1499 1502 1551 τὸ
1525 1498 1676 1569 βῆμα
1712 1516 1811 1552 πε-

229 1582 578 1653 ριστρέψαιεν
599 1600 612 1613 ·
641 1583 896 1638 οὕτωκαὶ
926 1585 1027 1655 τῆς
1056 1587 1335 1658 ἁμαρτίας
1362 1591 1809 1662 ὲνοικησάσηςτῇ

1906 618 2087 673 neque
2145 602 2523 658 misericordia
2573 604 2695 673 ejus
2756 605 3061 678 ἄπρακτος,
3115 609 3166 663 id
3223 618 3331 674 est,
3374 611 3493 665 sine

1907 708 2073 763 opere
2109 693 2342 765 iustitiae
2377 696 2878 751 transmitteretur.

1980 783 2043 839 Β.
2073 786 2182 839 Sed
2215 784 2283 839 de
2317 784 2404 839 his
2433 787 2567 841 satis
2601 787 2887 842 hactenus.
2915 787 3140 859 Explica
3170 789 3352 855 modo,
3383 804 3494 861 quo

1910 874 2074 929 modo
2109 890 2175 929 ex
2204 884 2429 943 peccato
2462 890 2560 931 nos
2586 875 2859 932 liberavit.

1977 967 2044 1019 Δ.
2078 964 2222 1032 Quid
2261 976 2347 1023 est
2399 968 2725 1036 peccatum?
2787 984 2970 1025 nonne
3020 980 3104 1026 est
3152 976 3423 1031 aherratio
3461 994 3492 1032 a

1911 1056 2120 1125 scopo?
2155 1055 2224 1111 Ut
2256 1058 2403 1112 enim
2429 1058 2474 1111 si
2516 1058 2642 1126 quis
2688 1057 2857 1123 valet,
2906 1076 3029 1113 eum
3066 1065 3328 1130 ambulat,
3400 1067 3492 1121 ubi

1909 1148 2046 1211 vult,
2082 1148 2271 1217 pedem
2326 1147 2513 1216 ponit;
2548 1164 2672 1203 cum
2713 1165 2841 1203 vero
2883 1166 2948 1205 ex
3001 1154 3255 1222 quapiam
3317 1157 3494 1212 imbe—

1909 1238 2141 1292 cillitate
2200 1238 2444 1301 laborat.
2504 1238 2740 1295 ell‘ectus
2799 1244 3244 1308 tremulus,non
3312 1257 3493 1316 potest

1911 1330 2206 1399 vestigium
2241 1329 2427 1397 ﬁgere,
2458 1332 2548 1385 ubi
2588 1332 2725 1395 vult,
2761 1335 2855 1387 sed
2890 1335 3075 1404 potius
3106 1339 3493 1396 animadverso

1908 1421 2051 1485 loco,
2101 1421 2154 1474 in
2211 1436 2324 1491 quo
2357 1424 2647 1493 vestigium
2680 1433 2848 1494 ponat
2874 1465 2889 1486 .
2932 1428 3000 1479 ab
3037 1427 3361 1485 inlirmitatc
3392 1448 3492 1486 sua

1909 1512 2196 1577 detrusus,
2237 1511 2370 1566 alibi
2410 1513 2584 1581 ponit,
2641 1516 2721 1568 sic
2776 1531 2901 1569 cum
2958 1518 3010 1571 in
3062 1520 3244 1573 anima
3305 1532 3493 1576 nostra

1910 1612 2197 1672 peccatum
2234 1601 2480 1656 habitare
2510 1603 2703 1671 coapit,
2736 1605 3007 1660 infirmam
3053 1620 3107 1662 ct
3167 1610 3494 1666 imbecillam

228 1675 472 1745 ἡμετέρα
508 1675 677 1745 ψυχῇ,
731 1675 933 1743 ἀσθενῆ
1000 1676 1170 1748 αὐτὴν
1212 1681 1308 1733 καὶ
1360 1679 1646 1750 ἄρρωστον
1710 1695 1801 1735 πρε

1930 1707 2031 1748 2am
2063 1693 2213 1757 facit,
2236 1702 2289 1748 et
2321 1694 2671 1748 aberrantem
2707 1712 2737 1749 a
2773 1712 2875 1751 suo
2899 1714 3071 1769 scopo
3092 1714 3156 1753 ac
3187 1705 3494 1771 proposito:

226 1767 481 1835 ποίηκεν,
530 1766 868 1837 ἀστοχοῦσαν
915 1769 1015 1822 καὶ
1060 1769 1483 1840 ἁμαρτάνουσαν
1556 1772 1665 1826 τῶν
1731 1774 1801 1826 ot-

1930 1785 2171 1839 Bhristus
2228 1792 2411 1838 autem
2442 1784 2687 1855 baptizat
2723 1804 2825 1843 nos
2876 1790 2930 1843 in
2990 1766 3132 1861 aqua
3176 1766 3231 1848 et
3285 1766 3494 1865 Spiritu
3538 1808 3544 1815 '

227 1860 390 1913 κείων
423 1859 643 1913 σκοπῶν
679 1861 770 1912 καὶ
794 1858 1108 1930 προθέσεων
1132 1876 1146 1891 ο
1170 1862 1198 1913 ὁ
1224 1861 1279 1913 δὲ
1302 1861 1537 1932 Χριστὸς
1560 1861 1801 1932 βαπτίζει

2517 1842 2532 1855 .
2776 1842 2817 1843 η
2902 1842 2927 1843 η
2992 1842 3132 1861 τνι-ς-
3180 1842 3229 1848 ν
3285 1842 3494 1865 τιι---η-

1930 1884 2134 1941 saneto,
2171 1889 2224 1929 et
2255 1876 2431 1944 gratia
2464 1877 2707 1946 Spiritus
2755 1884 2931 1936 sancti
2989 1885 3211 1939 roborat
3266 1903 3391 1952 nos,
3440 1898 3496 1945 et

221 1951 373 2018 ἡμᾶς
398 1950 457 2002 ὲν
487 1948 663 2014 ὕδατι,
694 1950 794 2003 καὶ
829 1950 1132 2021 Πνεύμστι.
1164 1952 1260 2005 καὶ
1290 1954 1506 2023 ήχάρις
1534 1954 1628 2007 τοῦ
1654 1956 1801 2023 ἀγίοι

1930 1981 2085 2022 omne
2139 1978 2429 2037 peccatum
2484 1980 2651 2038 atque
2708 1970 3086 2028 infirmitatem
3121 1975 3393 2042 detrahit;
3428 1994 3497 2032 ac

223 2040 549 2112 Πνεύματος
591 2042 859 2112 ρὡνυσιν
904 2043 1076 2113 ἡμᾶς,
1121 2045 1304 2098 πᾶσαν
1353 2044 1454 2115 τὴν
1487 2046 1801 2117 ἁμαρτίαν,

1930 2065 2171 2119 renovat,
2222 2066 2277 2112 et
2340 2058 2512 2113 robur
2554 2060 2847 2131 pristinum
2888 2073 2943 2117 et
2997 2040 3497 2136 pulchritudinem,

217 2134 316 2203 και
362 2134 465 2203 τὴν
494 2132 834 2204 ἀρρωστίαν,
868 2134 964 2187 καὶ
994 2135 1149 2188 νόσον
1179 2134 1426 2202 άποξύει,
1449 2137 1543 2190 καὶ
1573 2139 1801 2197 ἀνανεοῖ,

1930 2165 2041 2220 qua:
2066 2158 2195 2204 ante
2236 2151 2731 2222 transgressionem
2763 2153 2894 2210 Adae
2919 2132 3058 2222 erat,
3089 2158 3353 2214 restituit.

213 2226 312 2278 καὶ
362 2225 709 2292 ἀνακαινίξει
763 2226 858 2281 καὶ
918 2228 1000 2291 είς
1049 2228 1112 2281 τὸ
1159 2229 1387 2299 ἀρχαῖον
1435 2229 1656 2296 σθένος,
1712 2231 1813 2284 καὶ

207 2314 443 2379 κάλλος,
473 2316 534 2369 τὸ
560 2316 664 2386 πρὸ
692 2317 793 2386 τῆς
824 2316 1215 2388 παραϐάσεως,
1260 2318 1715 2389 ἀποκαθίστησιν.

284 2406 351 2456 Β.
390 2405 648 2475 Πέμπτον
682 2407 1069 2461 ὑπολέλειπται
1096 2407 1158 2461 τὺ
1186 2407 1279 2461 τοῦ
1312 2408 1462 2479 ᾅδου.
1628 2409 1634 2414 ’

287 2496 359 2550 Δ.
413 2494 632 2566 Ἐπειδὴ
663 2497 927 2552 ἀδύνατον
951 2498 1093 2570 μετά
1122 2500 1324 2569 σαρκὸς
1363 2500 1671 2571 ἐνδημῆσαι
1697 2502 1813 2565 τοῖς

206 2585 273 2636 ἐν
302 2583 466 2656 ᾅδου,
503 2586 582 2656 τῷ
610 2587 827 2658 θανάτῳ
854 2589 1221 2660 διαιρεθείσης
1257 2591 1322 2645 ὲκ
1342 2591 1443 2662 τῆς
1489 2591 1689 2659 σαρκὸς
1711 2594 1814 2661 τῆς

204 2675 311 2730 τοῦ
364 2677 579 2749 Κυρίου
633 2677 835 2749 ψυχῆς,
880 2681 1060 2751 γυμνὴ
1101 2683 1225 2745 ταῖς
1269 2682 1329 2734 ἐν
1381 2682 1563 2735 σκότει
1609 2681 1813 2752 ψυχαῖς

205 2768 604 2839 ὲνδημήσασα,
640 2773 733 2823 καὶ
770 2771 885 2839 φῶς
938 2772 1125 2834 αὐτοῖς
1164 2771 1224 2824 τὸ
1255 2772 1355 2839 τῆς
1393 2771 1654 2843 θεότητος
1706 2774 1811 2825 ἀπ-

206 2856 569 2931 αστράψασα,
605 2859 697 2912 καὶ
716 2862 796 2923 εἰς
828 2860 996 2913 αὑτὸν
1018 2860 1389 2923 πιστευσάσας
1409 2863 1491 2923 είς
1516 2862 1607 2915 τὸν
1624 2862 1812 2931 παρά-

205 2950 262 3003 δε
273 2966 395 3003 ισον
423 2949 822 3020 μετατέθηκεν,
842 2951 936 3003 καὶ
961 2949 1023 3002 τὸ
1047 2949 1142 3003 τοῦ
1166 2950 1298 3030 ᾅδου
1334 2950 1609 3019 βασίλειον
1637 2969 1801 3006 κατα-

1930 2956 2061 3026 ςίιιιη
2094 2956 2301 3012 inferni
2336 2957 2633 3014 demolitus
2681 2971 2785 3016 est.
2823 2960 2977 3015 Sicut
3010 2963 3157 3015 enim
3212 2962 3382 3030 janua
3443 2970 3501 3017 et

206 3042 469 3097 λέλυκεν.
494 3042 707 3113 Ὥσπερ
732 3042 843 3114 γὰρ
908 3041 1051 3110 πύλη
1108 3028 1204 3095 καὶ
1233 3042 1439 3107 εἴσοδος
1488 3043 1586 3113 τῆς
1613 3044 1696 3108 είς
1718 3044 1801 3097 τὸν

1930 3045 2102 3102 aditus
2134 3049 2597 3117 peregrinationis
2629 3048 2791 3105 Verbi
2828 3050 2920 3107 Dei
2955 3053 3009 3106 in
3045 3028 3309 3108 mundum
3356 3054 3498 3108 facta

205 3133 427 3205 κόσμον
456 3133 758 3205 ἐπιδημίας
792 3132 886 3187 τοῦ
921 3134 1059 3188 Θεοῦ
1115 3135 1290 3202 Λόγου
1327 3136 1361 3203 ἡ
1395 3136 1636 3203 παναγία
1664 3136 1801 3200 Παρ-

1930 3137 2075 3207 351
2115 3147 2202 3193 est
2233 3142 2586 3196 sanctissima
2619 3143 2830 3210 Virgo;
2878 3144 2957 3198 sic
3012 3161 3162 3201 mors
3221 3144 3364 3200 facta
3414 3154 3501 3201 est

205 3227 365 3289 θένος
394 3224 650 3295 γέγονεν.
682 3225 858 3289 οὕτως
906 3228 1002 3280 καὶ
1032 3228 1062 3279 ό
1096 3224 1328 3285 θάνατος
1373 3225 1518 3297 πύλη
1554 3225 1654 3280 καὶ
1708 3226 1801 3280 εἷσε

1930 3226 2088 3293 ianua
2148 3236 2203 3284 et
2259 3229 2523 3285 introitus
2602 3231 2910 3287 descensus
2962 3233 3167 3289 Christi
3216 3234 3274 3289 in
3325 3233 3497 3289 infer-

199 3318 330 3381 οδος
360 3316 473 3388 τῆς
506 3317 587 3381 είς
607 3315 742 3388 ᾅδην
769 3318 1239 3387 καταφοιτήσεως.
1925 3331 2083 3372 num.

1837 3425 1903 3480 ll.

196 3534 540 3607 Διάκρισίς
605 3552 673 3591 τε
724 3534 823 3590 καί
875 3536 1249 3608 διασὰφησις
1284 3533 1426 3608 μτῶν
1472 3534 1607 3608 περὶ
1640 3533 1713 3601 ἅς
1758 3554 1801 3592 οι

1930 3536 2171 3608 Ejusdem
2249 3537 2504 3593 Theodori
2573 3539 2829 3594 Abucarte
2900 3540 3205 3607 explanatio
3269 3558 3498 3607 cocum,

269 3604 630 3679 φςαόσρφοι
679 3604 1101 3679 καταγίνονται
1139 3604 1374 3679 φωνῶν,
1402 3605 1517 3679 μαι
1561 3605 1801 3679 ἔλεγχοι

1957 3604 2177 3677 ἰμιὶίηιε
2235 3609 2532 3675 philosophi
2575 3621 2818 3671 utuntur,
2862 3621 2910 3663 et
2949 3604 3246 3679 confatalia
3276 3604 3497 3669 Itwresis

270 3673 388 3747 ἰῆς
418 3673 561 3732 tibi
598 3673 944 3748 Ἀκεφάλων
967 3673 1362 3748 Σευφιανῶν,
1389 3673 1590 3748 ἤκουες
1619 3673 1801 3748 ἶιακω·

1987 3673 2382 3748 λερριωίοηιιη
2434 3679 2880 3744 δευενὶοηονιιηι,
2938 3681 2995 3731 id
3051 3673 3142 3733 est
3207 3679 3499 3736 Jacobita-

270 3743 465 3829 eteo!-
489 3743 893 3817 ψυχοςρθόρου
932 3744 1370 3816 αἱρέσεως,τοῦ
1404 3743 1593 3801 αὑτοῦ
1625 3744 1801 3799 Ἀὄου

274 3835 470 3887 καρα.
1251 3855 1258 3862 .
1748 3881 1755 3888 ἢ

1984 3743 2168 3888 sum.)
2192 3748 2514 3817 (Interprete
2545 3748 2844 3804 Francisco
2868 3743 3164 3804 'l‘urriano
3214 3751 3503 3807 Societatis

2019 3833 2139 3872 esu.

274 3818 470 3887 καρᾶ.
1251 3855 1258 3862 .
1748 3881 1755 3887 .

1984 3818 2139 3872 Jrsu.

273 3911 414 3975 Τοῖς
464 3908 589 3963 τῶν
634 3906 909 3977 ἀληθινῶν
970 3906 1261 3975 δογμάτων
1317 3908 1581 3978 ἐρασταῖς
1624 3923 1688 3960 τε
1730 3905 1801 3959 κα

2000 3906 2094 3970 Iis.
2119 3908 2211 3979 qui
2243 3923 2498 3963 verorum
2520 3908 2840 3979 dogmatum
2882 3908 3119 3967 studiosi
3150 3923 3277 3968 sunt
3310 3922 3365 3966 et
3403 3915 3502 3968 de-

206 4001 652 4076 προασπισταῖς
691 3997 967 4066 ἀναγκαία
1010 3997 1356 4068 καθέστηκεν
1400 4000 1434 4069 ή
1464 3997 1573 4050 τῶν
1600 3996 1799 4066 φωνῶν

1930 3999 2201 4063 l‘ensores.
2233 4000 2545 4057 necessaria
2570 4011 2655 4056 est
2680 4016 2906 4068 vocum,
2943 4004 2995 4058 in
3033 4005 3238 4074 quibus
3261 4005 3506 4073 philoso-

201 4096 340 4167 περὶ
366 4093 441 4157 ἃς
470 4093 527 4146 ot
553 4089 835 4159 φιλόσοφοι
870 4089 1109 4158 μάλιστα
1156 4089 1577 4156 καταγίνονται,
1606 4087 1801 4158 διάκρι·

1930 4090 2021 4161 phi
2073 4098 2386 4156 versantur,
2460 4093 2775 4161 explanatio
2824 4102 2879 4148 et
2930 4092 3237 4150 distinctio.
3301 4094 3504 4149 Harum

204 4184 293 4247 σίς
347 4199 415 4236 τε
481 4180 592 4235 καὶ
633 4178 984 4248 διασάφησις.
1031 4176 1144 4247 Τὴν
1193 4176 1301 4247 γὰρ
1352 4176 1558 4230 τούτων
1615 4175 1801 4248 άκριὸἱ

1930 4180 2074 4236 enim
2102 4180 2471 4250 cognitionem
2511 4180 2808 4249 perlectam
2842 4183 2972 4251 quia
3000 4183 3160 4236 multi
3190 4198 3255 4236 ex
3292 4183 3382 4244 iis.
3410 4184 3503 4251 qui

200 4274 423 4342 γνῶσιν
454 4269 661 4326 πολλοὶ
705 4269 814 4323 τῶν
868 4270 1173 4324 δοκούντων
1225 4266 1364 4323 εἶναι
1414 4270 1595 4338 σοφῶν
1620 4269 1801 4339 ἀγνοή·

1930 4272 2204 4341 sapientes
2227 4286 2351 4327 esse
2373 4270 2719 4334 videbantur,
2748 4272 3158 4341 ignoraverunt,
3216 4288 3247 4326 a
3278 4273 3507 4328 veritate

201 4384 413 4432 σαντες
448 4365 598 4440 περὶ
622 4364 722 4435 τὴν
762 4364 1021 4435 ἀλήθειαν
1064 4365 1400 4435 ἠστόχησαν,
1446 4365 1541 4417 καὶ
1573 4364 1656 4426 είς
1693 4365 1801 4416 ἀτο·

1930 4365 2289 4429 abcrrarunt,
2350 4373 2405 4418 et
2459 4364 2513 4417 in
2601 4362 2973 4418 absurditates
3023 4377 3089 4417 ac
3140 4363 3506 4433 blasphemia:

199 4457 340 4522 πίας
403 4456 517 4513 καὶ
570 4454 919 4527 βλασφημίας
956 4454 1289 4521 ἐξώκειλαν,
1332 4454 1557 4527 καὶτῆς
1627 4455 1707 4518 εἰς
1760 4452 1801 4507 τί

1930 4455 2305 4526 impegerunt;
2340 4462 2396 4509 et
2441 4464 2649 4509 arecta
2703 4455 2759 4510 in
2814 4453 2985 4510 Deum
3042 4456 3147 4511 llde
3200 4455 3508 4510 nescientes

200 4550 370 4606 Θεῖον
394 4548 592 4622 ὀρθῆς
614 4547 851 4611 πίστεως
882 4547 1141 4611 ἐξέπεσον
1166 4548 1500 4617 ἠγνοηκότες
1525 4546 1643 4617 μὲν,
1667 4547 1801 4600 ὲκόν

1930 4546 2149 4615 quidem
2197 4546 2550 4609 exciderunt,
2585 4547 2681 4601 sed
2714 4547 2843 4616 quia
2874 4548 3068 4602 oculos
3101 4546 3302 4601 mentis
3354 4561 3383 4599 a
3432 4546 3510 4601 lu-

196 4660 297 4711 τες
334 4644 400 4700 δὲ
432 4644 549 4709 τὰς
589 4640 692 4711 τῆς
712 4640 952 4705 διανοίας
977 4641 1131 4711 ὄψεις
1175 4640 1570 4705 ἀποκλίναντες
1594 4638 1691 4693 τοῦ
1724 4641 1801 4708 τῆς

1930 4639 2073 4711 mine
2105 4638 2300 4694 salutis
2328 4638 2627 4693 deﬂectere
2666 4640 2985 4702 voluerunt,
3021 4647 3077 4695 et
3110 4638 3176 4693 ad
3217 4637 3509 4708 pestiferas

196 4735 509 4806 σωτηρίας
540 4731 748 4802 φωτὸς,
781 4733 874 4786 καὶ
907 4732 1044 4802 πρὸς
1068 4732 1129 4784 τὸ
1161 4730 1405 4801 ὀλέθριον
1438 4730 1632 4794 σκότος
1659 4730 1801 4783 αὐτοι

1930 4732 2186 4788 tenebras
2238 4739 2435 4801 sponte
2468 4731 2768 4798 declinare,
2797 4732 2851 4785 in
2883 4730 3215 4801 profundum
3252 4730 3508 4786 interitus

196 4828 603 4902 μολήσαντες.
655 4826 735 4890 είς
788 4824 1067 4887 ἀπωλείας
1122 4822 1458 4877 κατὼλισθον
1517 4820 1794 4893 βάραθρον

1930 4824 2271 4879 deciderunt.
2339 4823 2710 4889 Quamobrem
2779 4825 3002 4880 omissis
3067 4839 3217 4879 nunc
3277 4824 3508 4880 vocibus

193 4923 296 4977 Διὸ
336 4921 486 4993 περὶ
522 4917 630 4990 μὲν
654 4916 884 4987 ἀσήμων
922 4916 1116 4985 φωνῶν
1141 4915 1444 4988 ἐνάρθρων,
1472 4913 1505 4986 ἢ
1535 4912 1801 4984 ἀνάρθρωε

1930 4915 2066 4970 nihil
2119 4916 2566 4985 signiﬁcantibus
2620 4923 2735 4970 tum
2790 4915 3137 4983 articulatis;
3171 4924 3266 4972 aut
3296 4914 3508 4985 signiﬁ-

195 5010 733 5088 περισημαντικῶν
763 5009 1079 5079 ἀνάρθρως,
1128 5008 1281 5061 οὐδὲν
1310 5009 1390 5072 είς
1436 5005 1801 5077 ἀποδεικτικὴ

1930 5008 2190 5061 cantibus
2223 5024 2331 5062 non
2356 5008 2690 5070 articulatis,
2720 5022 2843 5077 qua:
2870 5006 2939 5061 ad
2983 5007 3373 5067 conclusiones
3417 5020 3508 5057 ra-

197 5103 615 5161 συντελουσῶν
657 5100 881 5171 μέθοδον
913 5100 1116 5169 λέγειν,
1138 5098 1209 5152 τὰ
1233 5097 1329 5152 νῦν
1366 5099 1653 5162 ἐάσαντες,
1691 5113 1800 5169 περ

1933 5101 2143 5153 tionum
2178 5100 2313 5154 nihil
2340 5098 2604 5171 prodesse
2628 5108 2889 5169 possunt,
2921 5099 2991 5154 de
3026 5098 3161 5162 illis.
3191 5111 3331 5165 quas
3358 5096 3508 5163 prin-

195 5199 428 5259 αὗτῶν,
472 5196 560 5257 ὡς
588 5189 692 5246 οἷοί
719 5209 776 5246 τε
811 5193 1152 5263 τυγχάνομεν
1188 5190 1364 5256 ὄντες,
1406 5191 1614 5262 βραχέα
1646 5190 1801 5260 διαλη

1933 5191 2078 5259 cipio
2103 5191 2241 5255 dixi,
2276 5207 2450 5262 pauca
2484 5207 2584 5261 pro
2615 5192 2827 5247 viribus
2869 5190 3079 5245 nostris
3123 5186 3507 5251 tractabimus,

198 5289 448 5359 ᾠόμεθα
485 5304 501 5317 ·
550 5287 689 5347 τοὺς
712 5285 811 5353 τῆς
845 5284 1175 5352 Ἐκκλησίας
1217 5282 1526 5353 τροφίμους
1560 5282 1702 5334 κατὰ
1729 5283 1801 5335 τῶ

1933 5283 2136 5351 quibus
2169 5283 2425 5338 alumnos
2479 5281 2745 5338 Ecclesiae
2768 5288 2966 5334 contra
3002 5278 3287 5333 hareticos
3313 5284 3368 5330 et
3404 5275 3509 5330 Ec-

200 5377 636 5453 φρενοὸλαόῶν
663 5376 764 5447 τῆς
795 5376 1123 5446 Ἐκκλησίας
1161 5374 1475 5429 ἀντιπάλων
1517 5373 1801 5443 Ἀκεφάλω

1934 5374 2123 5429 clcsiae
2172 5375 2522 5429 adversarios
2572 5372 2883 5444 Acephalos
2936 5371 3218 5424 dementes
3269 5367 3512 5422 instrua—

199 5470 532 5542 alpe-rtxﬁw
559 5466 1011 5531 καθοπλίζοντες,
1033 5466 1125 5519 καὶ
1168 5464 1270 5535 τὴν
1299 5463 1525 5518 ἐκείνων
1567 5463 1754 5517 ἄνοιάν
1780 5480 1801 5515 τ

1937 5481 2060 5522 mus
2085 5475 2136 5519 et
2174 5481 2469 5522 armemus.

201 5563 306 5615 καὶ
354 5558 654 5628 ἀδρανίαν
683 5556 995 5627 ἐλέγχοντες
1028 5573 1087 5610 τε
1124 5556 1217 5608 καὶ
1263 5553 1668 5625 στηλιτεύοντες
1696 5552 1831 5625 (‘29).

1769 5642 1979 5699 ΝΟΤᾹΞ
1990 5687 2002 5698 .

279 5741 405 5812 (29)
474 5737 976 5816 chu_ebatur__hic
1028 5736 1082 5791 in
1105 5734 1627 5816 ABav_arico_codice
1670 5749 1829 5816 assu-
1941 5736 2178 5816 videtur.
2214 5750 2322 5791 non
2353 5734 2419 5789 ab
2443 5741 2688 5797 auctore,
2715 5729 2810 5786 sed
2842 5729 2910 5785 ab
2947 5727 3055 5783 alio
3087 5738 3346 5799 quopiam
3388 5739 3486 5796 pro

201 5806 478 5870 méntum
527 5809 683 5862 5::lis
748 5809 1041 5878 prolixum.
1100 5806 1254 5872 Quod
1317 5806 1660 5878 omisimus,
1700 5806 1827 5872 quia
1940 5808 2128 5861 diissc.

201 5885 546 5940 Tun-ianus
584 5894 697 5933 suo
727 5876 779 5934 in
812 5878 1113 5948 exemplari
1145 5892 1250 5931 non
1286 5876 1509 5945 reperit,
1533 5884 1586 5929 et
1616 5876 1828 5929 clarum

1989 2324 2050 2379 Β.
2121 2323 2363 2391 Quintus
2415 2327 2673 2385 inimicus
2722 2328 3080 2400 relinquitur,
3135 2330 3189 2385 id
3249 2341 3358 2395 cst.
3411 2332 3496 2387 in-

1918 2416 2132 2473 fernus.

1990 2507 2054 2559 Α.
2092 2505 2232 2572 Quia
2276 2506 2394 2564 lieri
2431 2525 2536 2564 non
2578 2519 2814 2580 poterat,
2856 2520 2916 2566 ut
2946 2527 3072 2566 cum
3109 2529 3275 2568 carne
3309 2514 3366 2569 in
3409 2516 3496 2569 in-

1918 2595 2052 2653 feris
2080 2600 2543 2669 peregrinaretur,
2565 2604 2745 2655 anima
2768 2619 2793 2655 ιι
2809 2618 2975 2658 carne
2996 2603 3207 2658 Domini
3234 2622 3327 2674 per
3347 2622 3497 2660 mor-

1919 2696 2031 2741 tem
2072 2699 2327 2758 sepnrata
2389 2692 2457 2746 ad
2513 2693 2752 2758 animas,
2786 2710 2907 2763 quae
2942 2695 2994 2748 in
3028 2696 3274 2751 tenebris
3310 2706 3496 2766 erant,

1918 2778 2168 2848 profecta
2198 2787 2253 2835 et
2283 2781 2487 2836 lumine
2516 2783 2818 2838 divinitatis
2851 2784 2961 2840 illis
3007 2786 3184 2849 illato,
3231 2801 3346 2849 eas,
3375 2803 3498 2857 qua:

1916 2869 1972 2923 in
2003 2885 2125 2923 eum
2154 2869 2530 2934 crediderunt,
2562 2876 2615 2927 ln
2651 2875 2964 2944 paradisum
2992 2877 3292 2937 transtulit.
3327 2887 3379 2932 et
3410 2894 3498 2933 re-
