3870 6214
1636 287 2049 350 OPUSCULA.

3357 282 3487 353 H74

606 397 813 452 ·ούσια.
838 396 919 450 τὰ
952 396 1007 448 δὲ
1031 393 1158 447 ὁντα
1192 395 1258 448 ἐκ
1285 393 1394 447 τῶν
1436 393 1557 446 καθ’
1582 388 1656 446 ὧν
1685 411 1812 447 κατ-

1916 393 2219 448 secundum
2270 407 2384 448 rem
2419 402 2546 448 sunt
2574 395 2827 465 aequalia,
2873 394 2942 450 de
2970 395 3174 466 quibus
3204 410 3376 467 genus
3408 397 3492 451 di-

721 490 827 558 wﬁ
864 489 961 541 καὶ
1001 486 1303 555 ὁμοούσια,
1357 487 1418 538 οὐ
1449 486 1539 539 διὰ
1583 486 1641 539 τὸ
1673 482 1813 539 εἶναι

822 582 1027 649 ’μοιρυῆ
1058 581 1172 631 ἐστι
1223 579 1316 631 καὶ
1348 578 1607 648 ὁμοούσια
1630 596 1644 610 ο
1677 578 1813 631 ἀλλὰ

908 668 1009 719 τῶν
1042 666 1390 719 εἰδικώτατον
1420 662 1559 727 εἶδος
1591 667 1702 728 ίσα,
1733 666 1814 718 διὸ

861 780 875 808 ι
902 758 925 789 ⁸
954 758 1208 809 τάττεται
1231 756 1292 809 τὸ
1321 756 1497 825 γένος,
1538 758 1638 810 οὐκ
1669 759 1815 810 ἔστιν

790 851 877 913 δας
902 852 925 881 "
950 849 1042 901 ὑπ’
1066 847 1237 918 αύτῷ,
1260 842 1393 908 οἷον.
1418 847 1558 902 κατὰ
1584 847 1646 900 τὸ
1676 847 1817 911 ζῶόν

790 888 876 913 ...,
954 888 1025 901 υ.
1066 888 1237 918 ..-μμ
1262 888 1393 908 νη..
1419 888 1558 902 ..-η
1595 888 1645 900 η
1676 888 1811 911 ,νην

190 888 325 1010 ἠδ,
466 976 491 1001 δ
720 959 869 1004 δπος,
905 941 1091 1003 ἵππος,
1123 938 1271 1010 βοῦς,
1298 939 1457 1001 λέων,
1483 940 1640 1009 εἴπερ
1661 939 1814 1001 ὄντες

658 1050 689 1085 κ
716 1034 855 1085 εἰσὶν
879 1033 1162 1101 ὁμοφυεῖς,
1184 1030 1306 1083 οὐδὲ
1321 1029 1615 1100 ὁμοούσιοι.
1649 1031 1814 1084 Ὅθεν

238 1108 327 1194 ’θθ
580 1142 621 1176 τι
645 1124 744 1194 μὲν
773 1121 948 1189 γένος,
974 1121 1075 1173 οὐκ
1100 1120 1213 1173 ἔστι
1251 1120 1308 1173 δὲ
1341 1120 1504 1190 φύσις
1527 1119 1662 1190 (50),
1692 1120 1814 1172 οὐδὲ

484 1228 521 1268 .t
554 1216 734 1278 οὐσία,
766 1215 800 1283 ἡ
825 1212 960 1283 μετὰ
994 1212 1102 1265 τῶν
1125 1212 1432 1279 φιλοσόφων
1465 1211 1660 1280 φωνῶν
1685 1228 1814 1283 ταδτ-

416 1330 463 1375 ,μ
507 1301 597 1377 ig;
627 1308 657 1357 6
682 1305 809 1374 ὄρος
845 1303 1086 1374 πρᾶγμα
1127 1300 1534 1371 αὐθύπαρκτον,
1581 1302 1655 1371 μὴ
1699 1301 1814 1355 δεό-

348 1415 403 1450 w
433 1396 621 1465 ἐτέρου
653 1394 789 1466 πρὸς
836 1395 1094 1447 σύστασιν
1118 1433 1134 1457 ,
1176 1391 1292 1445 ἔστι
1328 1393 1426 1462 μὲν
1465 1391 1622 1460 γένος
1649 1394 1814 1445 πᾶσιν

254 1490 351 1549 .οῖς
374 1487 467 1539 ὑπ’
501 1484 692 1556 αὐτὴν,
722 1484 1019 1554 ἐπειδήπερ
1047 1484 1146 1536 ὅσα
1178 1484 1300 1537 κατ’
1326 1483 1501 1553 αὐτῆς
1525 1484 1674 1537 ἐστιν
1701 1484 1811 1548 ἴσα,

239 1579 475 1648 ὁμογενῆ
514 1577 732 1638 πάντως
778 1576 915 1639 ἐστὶ,
964 1576 1060 1628 xui.
1112 1574 1367 1642 λέγεται·
1422 1576 1484 1628 οὐ
1528 1576 1635 1647 μὴν
1674 1576 1811 1646 αὐτή

240 1673 388 1724 ἐστιν
413 1669 592 1731 οὐσία,
625 1667 752 1721 οὕτε
779 1666 940 1736 φύσις
959 1682 975 1696 ’
1016 1666 1076 1719 οὐ
1110 1667 1290 1719 πάντα
1330 1666 1443 1738 γὰρ
1479 1667 1547 1720 τὰ
1574 1669 1694 1720 κατ’
1718 1670 1814 1721 a6-

236 1764 339 1831 τὴν
383 1762 477 1814 ἴσα
510 1728 604 1814 καλ.
645 1728 1093 1830 ὁμοούσιὰήὲστι,
1139 1758 1233 1810 καὶ
1265 1728 1504 1826 ὁμοφυῆ,
1548 1762 1624 1821 ὡς
1649 1761 1813 1813 πᾶσιν
1845 1728 1889 1788 Β

238 1851 485 1921 εὔδηλον.
519 1851 649 1904 Ἰδοὺ
673 1850 780 1920 γὰρ
803 1848 1109 1919 ἄνθρωπος,
1133 1847 1229 1899 καὶ
1260 1848 1293 1916 ἠ
1321 1844 1441 1916 ροὰ,
1464 1847 1556 1899 καὶ
1589 1849 1619 1899 ὁ
1645 1846 1813 1909 λίθος,

238 1944 360 1997 κατ’
396 1942 568 2012 αὐτὴν
596 1940 695 2010 τὴν
723 1939 932 2003 οὐσίαν,
967 1938 1105 1990 εἰσὶν
1153 1936 1243 1989 τσα
1265 1952 1279 1967 ο
1318 1936 1534 2007 δέχεται
1565 1937 1673 2008 γὰρ
1696 1936 1820 1990 ἕκα-

240 2048 366 2087 στον
389 2036 595 2086 τούτων
612 2033 673 2086 τό
694 2048 753 2084 τε
777 2030 971 2099 ὄνομα.
992 2027 1085 2082 καὶ
1097 2028 1186 2081 τὸν
1212 2028 1338 2098 ὅρον
1363 2028 1463 2096 τῆς
1493 2027 1701 2089 οὐσίας’
1718 2030 1818 2081 οὐκ

239 2125 350 2177 eici
377 2124 434 2178 δὲ
464 2122 637 2177 ταῦτα
684 2120 971 2193 ὁμοούσια,
1006 2118 1129 2172 οὐδὲ
1177 2117 1412 2188 ὁμοφυῆ.
1446 2117 1539 2169 Διὸ
1600 2120 1633 2187 ἡ
1684 2135 1818 2188 προ-

239 2214 505 2286 ειρημένη
520 2213 676 2267 οὐσία
696 2212 854 2282 γένος
879 2211 978 2282 μέν
994 2211 1112 2263 ἐστι
1129 2208 1353 2271 τούτων,
1370 2206 1567 2277 μᾶλλον
1592 2208 1649 2261 δὲ
1670 2225 1816 2279 γενι-

240 2305 488 2356 κώτατον
541 2303 732 2371 γένος’
787 2302 890 2355 οὐκ
935 2299 1052 2353 ἐστι
1095 2298 1155 2352 δὲ
1204 2298 1366 2368 φύσις
1424 2297 1637 2362 αὐτῶν,
1694 2296 1814 2350 οὐδὲ

241 2394 423 2447 οὐσία.

1916 486 2085 550 citur,
2138 500 2248 538 non
2298 501 2526 541 necesse
2578 495 2663 542 est
2706 501 2830 542 esse
2876 488 3123 556 ejusdem
3174 499 3382 542 natura:
3437 501 3491 544 ct

1916 576 2267 630 substantim.
2303 575 2438 643 Quae
2490 586 2674 631 autem
2714 588 2846 631 sunt
2894 581 3136 648 ejusdem
3191 591 3398 633 naturae
3441 593 3494 635 et

1916 666 2265 728 substantiae,
2290 664 2357 721 de
2391 668 2595 735 quibus
2627 665 2969 737 pradiéatnr
3002 685 3192 738 genus,
3227 686 3333 723 non
3365 673 3493 739 quia

1916 766 2044 812 sunt
2074 758 2311 826 aequalia
2368 758 2671 813 secundum
2703 771 2898 827 genus,
2932 760 3138 814 idcirco
3174 769 3306 815 sunt
3332 763 3490 827 ejus-

1914 847 2035 903 dem
2095 856 2305 903 natura:
2365 857 2422 903 et
2474 850 2839 915 substantiae,
2891 851 2991 905 sed
3010 853 3139 921 quia
3192 854 3496 906 secundum

1914 941 2175 1010 speciem,
2213 955 2337 1010 qua:
2362 940 2509 995 infra
2537 956 2717 1010 genus
2752 950 2858 1003 est,
2895 953 3024 996 sunt
3051 944 3306 1012 aequalia.
3340 943 3492 1009 Quo-

1916 1031 2063 1084 circa
2128 1030 2198 1084 de
2245 1031 2449 1099 quibus
2512 1030 2722 1084 dicitur
2767 1042 2960 1101 genus,
3020 1048 3132 1085 non
3182 1044 3265 1087 est
3320 1051 3491 1103 genus

1914 1136 2102 1176 eorum
2122 1131 2315 1176 natura
2359 1128 2413 1176 et
2437 1121 2770 1188 substantia,
2792 1122 2947 1176 verbi
2967 1123 3165 1188 gratia,
3188 1125 3489 1178 secundum
3518 1126 3521 1129 ’

1917 1212 2141 1275 animal,
2170 1211 2316 1281 quod
2338 1221 2421 1267 est
2442 1226 2638 1280 genus,
2663 1213 2903 1281 aquales
2921 1222 3049 1267 sunt
3082 1214 3270 1278 homo,
3291 1228 3488 1284 equus,

1916 1303 2037 1367 bos,
2070 1304 2181 1367 leo,
2213 1320 2337 1373 quae
2374 1304 2598 1373 quidem
2638 1313 2768 1358 sunt
2808 1304 3051 1371 ejusdem
3093 1304 3355 1374 generis,’
3396 1311 3489 1361 sed

1915 1408 2024 1447 non
2048 1393 2294 1463 ejusdem
2323 1403 2553 1459 naturae,
2573 1408 2749 1463 neque
2780 1393 2941 1464 353
2967 1395 3311 1449 substantiae.
3336 1393 3491 1452 Unde

1915 1486 2121 1540 animal
2153 1494 2236 1539 est
2263 1486 2485 1555 quidem
2541 1500 2735 1557 genus,
2771 1501 2879 1539 non
2917 1495 3099 1541 autem
3139 1497 3358 1549 natura,
3393 1505 3488 1543 nc-

1915 1596 2023 1650 qtte
2050 1579 2382 1635 substantia.
2416 1577 2747 1634 Snbstantia
2781 1580 2896 1644 illa,
2929 1596 3053 1649 qua:
3078 1582 3146 1633 ad
3182 1597 3344 1635 voces
3366 1584 3488 1651 phi-

1915 1671 2228 1742 losophicas
2289 1672 2545 1739 pertinet,
2595 1685 2759 1739 quam
2795 1670 3086 1736 deﬁniunt,
3131 1686 3241 1725 rem
3287 1689 3382 1739 per
3430 1690 3527 1747 se_

1913 1764 2294 1824 exsistentem,
2329 1776 2439 1815 non
2476 1760 2811 1830 indigentem
2859 1762 2990 1827 alio,
3020 1768 3079 1813 ut
3107 1759 3362 1822 exsistat.
3405 1773 3489 1816 est

1912 1852 2132 1922 quidem
2196 1866 2371 1922 genus
2432 1864 2624 1903 eorum
2675 1849 2949 1914 omnium,
2990 1865 3114 1919 qua:
3168 1850 3309 1903 intra
3366 1868 3484 1904 cum

1913 1951 2064 2005 sunt,
2093 1942 2366 2011 siquidem
2398 1954 2739 2009 qumcunque
2770 1940 3067 1992 secundum
3103 1940 3277 2007 ipsam
3301 1956 3486 2009 acqua-

1915 2033 1985 2085 lia
2050 2038 2200 2093 sunt,
2245 2032 2475 2083 omnino
2526 2028 2773 2096 ejusdem
2826 2028 3042 2098 generis
3100 2028 3381 2091 dicuntur,
3436 2043 3490 2085 et

1913 2123 2073 2180 sunt;
2109 2130 2219 2169 non
2254 2124 2434 2169 tamen
2486 2123 2572 2170 est
2608 2129 2800 2168 eorum
2838 2122 3034 2169 natura
3068 2124 3124 2172 et
3154 2118 3487 2182 substantia,

1921 2205 2047 2273 quia
2098 2219 2207 2259 non
2254 2206 2464 2270 omnia,
2510 2220 2634 2273 qua:
2685 2210 2991 2259 secundum
3049 2208 3220 2275 ipsam
3255 2212 3488 2280 aequalia

1921 2303 2069 2358 sunt,
2098 2294 2346 2363 ejusdem
2388 2304 2605 2350 naluta:
2656 2305 2708 2351 et
2736 2297 3067 2365 substantia:
3106 2310 3255 2361 sunt,
3290 2312 3349 2355 ut
3373 2318 3490 2355 omv

1924 2384 2087 2439 nibus
2105 2393 2191 2441 est
2208 2386 2578 2441 manifestum.
2609 2386 2787 2442 Homo
2802 2389 2969 2454 enim,
3000 2397 3054 2444 et
3069 2395 3249 2445 malus
3272 2395 3489 2461 punica,

240 2490 298 2537 ct
325 2483 464 2553 lapis
489 2483 794 2538 secundum
855 2483 1033 2553 ipsam
1084 2479 1454 2535 substantiam
1519 2478 1746 2548 aqualia
1807 2483 1975 2540 sunt;
2016 2476 2146 2545 quia
2198 2478 2454 2547 quodque
2509 2480 2710 2549 recipit
2762 2493 2959 2534 nomen
3012 2489 3066 2535 et
3117 2481 3488 2537 deﬁnitionem

239 2572 598 2639 substantiae;
647 2589 754 2628 non
792 2581 937 2629 sunt
979 2580 1164 2626 tamen
1213 2569 1458 2638 ejusdem
1500 2580 1712 2623 natura;
1761 2574 1818 2623 et
1855 2567 2204 2621 substantiae.
2238 2567 2419 2634 Quare
2445 2569 2754 2625 substantia
2784 2572 3065 2640 proposita
3131 2587 3305 2642 genus
3362 2576 3490 2645 quia-

207 2664 365 2717 ‘dem
423 2663 622 2718 borum
690 2673 795 2729 est,
854 2665 964 2718 imo
1028 2675 1202 2732 genus
1262 2661 1778 2731 generalissimum;
1818 2671 1927 2712 non
1966 2666 2147 2712 tamen
2177 2667 2263 2714 est
2294 2669 2492 2714 natura
2520 2674 2734 2725 eorum,
2798 2677 2980 2731 neque
3045 2664 3383 2718 subsmntia.

319 2755 680 2826 Ὠμολόγηται
709 2757 893 2812 τοίνυν
928 2755 1094 2824 διχῶς
1122 2753 1377 2823 λέγεσθαι
1412 2754 1473 2806 τὸ
1504 2754 1679 2822 ὄνομα
1705 2752 1808 2820 τῆς

1982 2750 2164 2815 Quare
2192 2765 2384 2806 omnes
2408 2754 2752 2818 concedunt.
2802 2751 3100 2821 dupliciter
3128 2754 3238 2808 dici
3291 2770 3488 2809 nomen

234 2845 450 2908 οὐσίας,
483 2845 718 2912 λογικῶς
745 2846 865 2915 ἅμα
921 2849 1016 2897 καὶ
1061 2838 1461 2913 φιλοιέοφικῶςο
1509 2844 1700 2907 ἁπλῶς
1750 2843 1808 2897 δὲ

1916 2843 2267 2906 substantiae,
2305 2844 2482 2912 logico
2536 2852 2592 2898 et
2623 2843 3019 2914 philosophice,
3051 2852 3106 2898 et
3135 2854 3192 2897 ut
3226 2844 3491 2915 simplici-

238 2938 407 3007 φάναι
436 2910 746 3004 πᾶν-ὄνομα
776 2910 1122 3003 ιριλοσοφικὸν
1145 2910 1343 3004 ἃμα-τὸ
1371 2932 1646 3002 λέγεσθαι,
1669 2949 1812 3003 παρ-

1916 2940 2002 2988 ter
2026 2932 2229 2997 dicam,
2256 2910 2418 2989 omne
2449 2910 2648 2990 nomen
2691 2910 3153 3007 philosoplticum,
3195 2910 3379 2991 statim
3432 2946 3492 2990 ut

236 3030 355 3100 έχει
388 3028 469 3098 τῷ
513 3026 770 3081 ἀκούοντι
812 3026 923 3079 τῶν
975 3025 1148 3077 ὄντων
1200 3041 1254 3077 τι
1282 3027 1424 3078 νοεῖν
1462 3024 1806 3095 ὡρισμένως,

236 3121 650 3193 ἀφαιρουμένης
676 3121 771 3174 ἀπ’
809 3118 993 3178 αὑτοῦ.
1024 3119 1185 3189 δῆλον
1218 3119 1298 3171 ὅτι
1329 3117 1430 3186 τῆς
1466 3119 1807 3188 ὁμωνυμίας,

236 3212 384 3265 ὥστε
414 3211 577 3282 μηδὲν
604 3210 793 3281 ἕτερον
819 3210 879 3273 ἐξ
910 3208 1075 3263 αὑτοῦ
1110 3207 1349 3261 νοεῖσθαι
1369 3207 1628 3262 δύνασθαι
1656 3210 1813 3279 παρὰ

236 3303 300 3356 τὸ
347 3303 579 3371 πρᾶγμα
633 3300 696 3355 τὺ
733 3298 1084 3371 ὁριζόμενον·
1116 3295 1248 3364 οἷον,
1295 3298 1348 3377 εί
1387 3315 1473 3360 τις
1504 3298 1566 3351 τὸ
1602 3297 1811 3369 ἄνθρω-

238 3409 343 3457 πος
393 3393 565 3464 ὄνομα
614 3393 785 3462 φαίη,
848 3390 1038 3444 θᾶττον
1103 3391 1134 3443 6
1195 3389 1547 3461 ἀκροώμενος
1596 3390 1813 3459 ὁριστὸν

239 3486 481 3554 πρᾶγμα
534 3486 666 3549 νοεῖ,
708 3481 855 3536 τοῦτ’
893 3481 1008 3536 εστι
1047 3482 1184 3545 ζῶον
1218 3480 1435 3549 λογικὸν
1469 3480 1685 3551 θνητὸν,
1716 3480 1810 3534 νοῦ

236 3572 340 3624 καὶ
371 3573 684 3642 ἐπιστήμης
731 3570 1020 3624 δεκτικόν
1061 3571 1214 3625 οὐδὲν
1246 3570 1374 3625 ἄλλο
1415 3570 1713 3640 δυνάμενος
1746 3571 1812 3623 ἐκ

233 3661 340 3716 τοῦ
384 3662 673 3733 ἄνθρωπος
718 3662 983 3730 ὀνόματος
1031 3661 1479 3726 καταλαϐέσθαι,
1529 3661 1670 3730 πλὴν
1713 3659 1809 3713 τοῦ

236 3754 557 3825 ὁρισθέντος
605 3754 952 3825 πράγματος.
1018 3754 1201 3807 "At-cato
1251 3753 1308 3806 δὲ
1371 3752 1586 3821 λογικὸν
1621 3753 1812 3822 ,ὄνομα

235 3845 557 3915 λιγόμινον,
578 3845 641 3899 ού
669 3845 852 3899 δίδωσι
878 3844 956 3915 τῷ
984 3844 1236 3898 ἀκούοντι
1261 3846 1402 3896 νοεῖν
1427 3860 1480 3896 τι
1513 3843 1623 3896 τῶν
1643 3842 1811 3895 ὄντων

235 3936 535 4006 ἀορίστως,
572 3934 668 3988 an
705 3934 773 4005 δὴ
808 3935 903 3986 ἰπὶ
937 3933 1151 3986 πολλῶν
1185 3933 1279 3985 καὶ
1305 3932 1577 4001 διαφόρων
1626 3945 1812 4000 πραγ-

238 4028 432 4097 μάτων
498 4026 802 4094 τιθέμενον.
856 4019 985 4078 Οἷον
1007 4066 1023 4090 ,
1071 4024 1132 4077 τὸ
1186 4019 1324 4104 εἶδος
1376 4022 1549 4092 ὄνομα
1596 4020 1813 4090 λογικὸν

238 4118 512 4189 ὑπάρχον,
557 4115 827 4188 πολλαχοῦ
878 4116 1334 4187 περιφερόμενον,
1372 4114 1470 4167 καὶ
1517 4113 1811 4167 ἑπιπίπτον

1911 3024 2132 3092 dicitur,
2176 3025 2330 3091 facit,
2367 3036 2426 3080 ut
2453 3027 2547 3097 qui
2575 3027 2748 3091 audit,
2797 3028 3001 3098 aliquid
3030 3027 3167 3082 certi
3199 3036 3253 3081 et
3281 3027 3495 3081 deiiniti

1912 3118 2203 3187 intelligat,
2237 3128 2446 3173 remota
2480 3121 2691 3175 scilicet
2735 3122 2802 3175 ab
2833 3135 2900 3175 eo
2942 3120 3319 3190 ltomonymia,
3368 3135 3491 3190 quae

1911 3209 2278 3277 atquivocatio
2310 3210 2420 3264 dici
2453 3211 2634 3275 solet;
2678 3210 2750 3263 ita
2783 3220 2844 3262 ιιι
2888 3211 3025 3264 nihil
3061 3211 3211 3263 aliud
3259 3212 3488 3279 intelligi

1912 3314 1977 3352 ex
2010 3314 2077 3351 eo
2110 3300 2284 3366 possit
2323 3308 2519 3368 praeter
2547 3314 2660 3353 rem
2694 3300 2999 3362 deﬁnitam,
3026 3310 3085 3353 ut
3115 3300 3160 3353 si
3193 3302 3315 3368 quis
3342 3302 3490 3355 dicat

1914 3389 2018 3443 hoc
2048 3403 2242 3443 nomen
2285 3389 2466 3452 homo,
2492 3390 2759 3442 continuo
2791 3389 2881 3457 qui
2912 3389 3085 3451 audit,
3128 3404 3240 3442 rem
3280 3399 3487 3444 certam

1912 3481 2208 3549 intelligit,
2256 3480 2458 3534 animal
2519 3480 2733 3534 scilicet
2795 3480 3029 3534 rationis
3091 3480 3370 3549 particeps
3434 3488 3489 3534 et

1914 3575 2181 3639 mortale;
2249 3588 2426 3643 neque
2484 3582 2662 3643 potest
2697 3573 2843 3626 aliud
2898 3572 3179 3643 quippiam
3246 3588 3312 3626 ex
3371 3575 3493 3642 ipso

1913 3666 2135 3720 nomine
2185 3664 2422 3719 hominis
2458 3665 2929 3733 comprehendere
2981 3673 3181 3731 praeter
3226 3679 3339 3719 rem
3390 3667 3488 3719 de-

1914 3758 2145 3809 tinitam.
2212 3752 2388 3809 Omne
2433 3769 2565 3808 vero
2636 3769 2835 3808 nomen
2906 3754 3141 3825 logicum
3189 3754 3353 3809 habet
3385 3756 3488 3810 hoc

1913 3847 2217 3916 proprium,
2251 3851 2311 3899 ut
2341 3860 2468 3899 cum
2496 3844 2724 3909 dicitur,
2756 3859 2866 3898 non
2906 3845 3358 3915 subjiciatmenti
3392 3861 3487 3900 au-

1912 3938 2113 3992 dientis
2138 3935 2343 4007 aliquid
2385 3937 2465 3993 rei
2490 3945 2655 3993 certa:
2703 3945 2756 3991 et
2782 3937 3042 3996 delinitaz.
3084 3938 3213 4007 quia
3261 3939 3315 3992 in
3347 3942 3488 3992 mul-

1914 4031 1988 4084 tis
2036 4038 2092 4081 et
2127 4026 2362 4083 diversis
2402 4028 2570 4083 rebus
2613 4027 2856 4097 ponitur.
2904 4029 2975 4084 Ut
3007 4045 3207 4084 nomen
3246 4030 3493 4100 logicum.

1913 4118 2149 4188 species,
2180 4117 2325 4188 quod
2360 4119 2744 4186 multipliciter
2774 4118 3183 4183 circumfertur,
3220 4130 3271 4173 et
3302 4122 3351 4173 in
3385 4121 3486 4174 bo-

235 4208 336 4261 ξπὶ
359 4208 673 4279 ἀνθρώπου,
704 4209 801 4262 καὶ
831 4208 1023 4271 ιἰττειιτου,
1056 4206 1151 4260 καὶ
1179 4205 1322 4276 βοὸς.
1353 4205 1448 4259 καὶ
1470 4203 1693 4275 χρυσοῦ,
1714 4203 1811 4257 καὶ

1916 4207 2139 4270 minem,
2184 4221 2385 4277 equum
2411 4245 2427 4270 ,
2482 4205 2694 4270 bovem,
2725 4221 2938 4269 aurum,
2975 4207 3275 4272 circulum,
3306 4224 3487 4279 gratu-

235 4273 479 4365 κύκλου,
517 4301 611 4354 καὶ
666 4300 1090 4372 γραμματικῆς,
1126 4273 1221 4351 καὶ
1250 4298 1343 4351 ἐπὶ
1392 4273 1685 4359 πλείστων,
1719 4297 1811 4351 καὶ

1917 4300 2196 4363 maticam,
2226 4273 2574 4369 plurimaque
2604 4299 2709 4352 alia
2741 4300 2925 4363 cadit,
2957 4314 3066 4353 non
3102 4300 3254 4365 sinit,
3306 4273 3365 4355 ut
3392 4315 3489 4355 au-

232 4392 632 4464 ὃιαιρερὸντων,
665 4393 728 4446 οὐ
768 4395 1045 4463 συγχωρεῖ
1080 4390 1172 4444 τὸν
1199 4389 1473 4461 ἀκροατὴν
1502 4389 1808 4459 ὡρισμένον

1916 4390 2060 4445 ditor
2085 4389 2293 4460 aliquid
2320 4388 2607 4443 deﬁnitum
2634 4390 2925 4458 intelligat.
2953 4389 3241 4456 Similiter,
3274 4391 3321 4444 si
3362 4394 3487 4461 quis

234 4500 294 4535 τι
322 4487 628 4537 κατανοεῖν.
676 4482 950 4545 Ὡσαύτως
983 4483 1033 4535 εί
1070 4481 1171 4552 μὲν
1212 4481 1363 4548 λέγοι
1394 4497 1477 4543 τις
1514 4479 1576 4532 τὸ
1606 4478 1812 4544 Παῦλος

1916 4476 2061 4531 dicat
2092 4491 2291 4531 nomen
2320 4476 2525 4531 Paulus
2556 4477 2904 4549 Itomonymia
2935 4478 3199 4533 nudatqu
3227 4518 3242 4541 ,
3299 4482 3485 4535 statim

235 4574 439 4644 ὄνομα,
477 4574 582 4644 τῆς
604 4574 923 4646 ὁμωνυμίας
954 4572 1457 4643 ὲκκεκαθαρμένον,
1476 4572 1812 4641 παραχρῆμα

1916 4567 2290 4637 intelligimus,
2319 4568 2474 4623 verbi
2503 4569 2712 4638 gratia,
2744 4582 3003 4639 magnum
3037 4568 3264 4624 Paulum
3300 4572 3489 4626 Eccle-

235 4665 482 4719 νοεῖσθαι
511 4665 749 4731 δίδωσιν,
780 4665 856 4728 ὡς
901 4666 1035 4733 φέρε
1069 4665 1266 4728 είπετν,
1307 4663 1400 4715 τὸν
1432 4663 1606 4733 μεγαν
1651 4662 1812 4715 Ἀπό-

1916 4659 2012 4713 sic
2042 4659 2321 4728 quondam
2352 4668 2760 4728 persecutorem
2780 4699 2795 4726 ,
2830 4675 2956 4714 cum
2987 4661 3109 4716 aliis
3136 4662 3493 4733 proprietati-

237 4757 452 4819 στολον,
480 4756 575 4810 τόν
603 4772 735 4810 ποτε
785 4757 888 4827 τῆς
926 4753 1257 4824 Ἐκκλησίας
1289 4752 1547 4824 διώκτην,
1590 4752 1812 4816 καὶτὰς

1920 4750 2042 4814 bus,
2065 4750 2269 4821 quibus
2293 4752 2564 4823 signatur,
2589 4752 2658 4807 de
2688 4768 2798 4823 quo
2826 4755 3174 4823 propositum
3200 4764 3286 4810 est
3316 4756 3485 4825 loqui,

234 4848 409 4912 ἄλλας
468 4848 774 4920 ἰδιότητας,
826 4843 915 4912 αἷς
962 4841 1428 4919 χαρακτηρίζεται
1489 4847 1621 4915 περὶ
1670 4837 1732 4898 οὗ
1782 4846 1812 4898 ὁ

1916 4857 2039 4912 quae
2063 4842 2283 4913 quidem
2317 4845 2679 4913 preprietates
2720 4860 2999 4914 nunquam
3050 4846 3105 4899 in
3148 4845 3258 4901 alio
3294 4848 3485 4902 insint.

234 4940 468 5004 σκοπὸς,
502 4941 708 5001 αἵτινες
748 4941 849 4994 οὐκ
894 4940 961 4995 ἄν
1007 4956 1138 4992 ποτε
1166 4938 1259 4991 ὲπί
1312 4954 1458 5000 τινος
1508 4936 1669 4992 ἄλλου
1715 4937 1810 5005 γέ-

1917 4933 1976 4987 Si
2006 4934 2132 5002 quis
2162 4948 2293 4988 vero
2331 4935 2481 4989 dicat
2513 4949 2713 4990 nomen
2741 4936 2846 4992 hoc
2880 4936 3244 5002 individuum,
3279 4937 3491 4992 inﬁnite

232 5049 441 5086 νοιντο.
471 5032 535 5085 Ei
565 5032 623 5085 δέ
656 5050 741 5095 τις
775 5031 976 5102 ἄτομον
999 5031 1143 5084 εῖποι
1178 5030 1351 5099 ὄνομα
1405 5028 1680 5098 περιθέον,
1717 5029 1812 5082 καὶ

1917 5022 2092 5080 fertur
2116 5025 2171 5079 in
2199 5024 2410 5089 multis,
2444 5035 2502 5080 ut
2533 5026 2590 5081 in
2614 5027 2804 5094 Paulo,
2834 5028 3019 5093 Petro,
3055 5030 3157 5085 hoc
3189 5043 3347 5098 equo,
3387 5029 3488 5085 hoc

1555 5203 1796 5260 VARIIE
1828 5202 2239 5261 LECTIONES.

312 5321 337 5359 ⁷
364 5321 555 5378 αὐτοῦ.
630 5324 652 5356 ⁸
682 5321 805 5376 καθ’
823 5317 885 5378 οὗ
935 5322 1030 5377 sed
1064 5320 1201 5376 ferri
1246 5328 1428 5391 potest
1467 5324 1633 5377 etiam
1669 5320 1841 5375 altera
1875 5320 2061 5376 lectio.
2136 5320 2159 5352 θ
2184 5319 2314 5373 τῶν.

1756 5473 1985 5531 NOTAE.

318 5591 433 5661 ('50)
474 5589 689 5661 Accipit
720 5587 1275 5661 Theodorusnomeu
1327 5594 1533 5639 natum
1574 5593 1648 5661 _ct
1681 5586 1813 5661 sub-
1921 5586 2085 5648 limo;
2117 5600 2224 5661 quo
2254 5568 2413 5661 parto
2428 5585 2549 5661 duo
2575 5584 2826 5639 homines
2850 5593 2978 5661 sunt
3007 5581 3249 5649 ejusdem
3280 5588 3488 5637 natura:

240 5655 473 5719 stantia
510 5655 776 5728 strictius,
805 5674 903 5728 pro
940 5658 1113 5728 gradu
1148 5658 1405 5713 nimirum
1442 5655 1697 5726 specitico
1727 5658 1815 5711 iu-
1922 5666 1975 5711 et
2006 5656 2528 5722 consubstantiales,
2557 5672 2666 5711 non
2701 5665 2881 5709 autem
2910 5655 3074 5709 homo
3104 5663 3152 5706 et
3181 5667 3356 5705 catus.
