3870 6214
176 300 304 365 ῙΗἸ

1579 297 1994 364 OPUSCULA.

3303 293 3437 388 1418

176 412 397 482 Πέτρον,
449 410 542 464 καὶ
614 409 866 475 Παῦλον,
923 410 1017 462 καὶ
1086 409 1340 479 Ἰωάννην
1391 409 1569 472 εἴποις
1617 406 1759 462 εἶναι

1872 417 2006 460 trum
2027 445 2044 471 ,
2099 413 2153 460 et
2183 404 2443 469 Paulum,
2486 413 2539 457 et
2565 401 2835 458 Joannem
2867 418 2991 458 esse
3023 410 3138 460 tres
3165 404 3442 473 homines,

171 507 317 577 τρεῖς
366 502 714 576 ἀνθρώπους,
759 499 1086 572 ἡριθμηκὼς
1142 500 1242 572 ἑση
1297 501 1324 553 ὃ
1378 499 1452 572 μὴ
1515 500 1750 570 προέθου

172 592 608 648 καθυποὸάλλειν
641 590 885 664 ἀριθμῷ.
928 591 1260 663 Προέφημεν
1302 591 1411 660 γάρ
1444 592 1480 621 ¹¹
1522 591 1614 643 τὸν
1657 589 1752 642 ἄν·

173 685 390 756 θρωπον
431 684 505 755 μὴ
555 678 698 736 εἶναι
737 683 945 753 μηδένα
978 682 1204 735 τούτων.
1251 683 1314 735 Εἰ
1347 683 1402 735 δὲ
1435 683 1530 736 καῖ¹
1557 683 1756 746 αὐτοὺς

171 776 396 837 τούτους
454 773 592 830 εἶναι
653 777 804 846 τρεῖς
839 774 1042 842 λέγοις,
1101 774 1332 826 ἕκαστον
1373 773 1556 827 αὐτῶν
1605 775 1756 846 τρεῖς

171 867 524 939 ἀριθμήσεις,
563 866 704 920 ὥστε
739 864 868 928 τοὺς
899 866 1052 933 τρεῖς
1079 865 1160 926 εἰς
1187 865 1343 916 ἐννέα
1383 862 1758 915 πολυπλασια-

174 961 392 1032 σθῆναι,
433 961 574 1030 ὅπερ
622 959 911 1012 ἀδύνατον.
956 957 1237 1010 Ἐντεῦθεν
1266 958 1582 1026 ἀναγκαίως
1639 961 1756 1010 εἰσ-

174 1051 403 1122 φέρεται
429 1052 490 1104 τὸ
522 1050 836 1122 ἐφαρμόζον
865 1051 1045 1103 αὑτῶν
1074 1051 1290 1121 ἑκάστῳ
1311 1051 1528 1118 λογικὸν
1558 1050 1752 1120 ὄνομα,

171 1145 198 1195 ὅ
231 1147 402 1204 ἐστιν,
433 1142 755 1206 ὑπόστασις,
796 1141 1005 1212 ἄτομόν
1041 1158 1101 1194 τε
1147 1142 1242 1195 καὶ
1282 1142 1595 1214 πρόσωπον,
1629 1143 1756 1195 καθ’

170 1235 198 1287 ὃ
227 1236 277 1287 oi
317 1235 676 1306 προτεθέντες
731 1233 1109 1305 ἀριθμηθῆναι
1150 1234 1370 1305 ἀριθμῷ
1401 1234 1760 1306 καθυποὸλη-

172 1327 459 1394 θήσονται,
496 1329 645 1396 τρεῖς
696 1327 1050 1388 ὑποστάσεις,
1093 1326 1125 1395 ἦ
1175 1328 1377 1396 ἄτομα,
1414 1327 1446 1397 ἢ
1489 1328 1758 1396 πρόσωπα

170 1419 479 1488 λεγόμενοι.
510 1418 666 1470 Κατὰ
695 1416 887 1469 τοῦτον
907 1417 970 1487 δὴ
1004 1417 1096 1469 τὸν
1124 1417 1326 1486 τρόπον
1349 1418 1756 1482 ἀποδείκνυται,

174 1509 253 1580 μὴ
282 1505 426 1562 εἶναι
476 1509 567 1562 τὸν
615 1509 862 1578 Πατέρα,
896 1509 992 1561 καὶ
1022 1508 1115 1561 τὸν
1143 1507 1300 1574 Υἱὸν,
1337 1509 1433 1562 καὶ
1491 1509 1552 1562 τὸ
1605 1511 1747 1577 ἆγιοι

171 1602 402 1671 Πνεῦμα
454 1605 604 1671 τρεῖς
651 1601 828 1664 θεοὺς,
857 1601 905 1652 εἰ
958 1601 1298 1654 καὶτούτων
1349 1601 1580 1664 ἕκαστος
1630 1602 1761 1665 Θεός

171 1695 292 1746 ἔστι
315 1694 541 1756 τέλειος,
570 1692 761 1761 ὥσπερ
809 1691 1041 1754 ἕκαστος
1070 1690 1297 1744 ἐκείνων
1342 1690 1634 1762 ἄνθρωπος
1672 1693 1762 1745 τέ-

1858 497 2179 551 numerabis
2210 537 2225 560 ,
2285 511 2428 568 quos
2477 509 2587 548 non
2636 502 2755 549 erat
2789 496 3132 564 propositum
3169 499 3443 567 subjicere

1859 605 2114 644 numero.
2173 588 2423 643 Diximus
2471 587 2620 642 enim
2667 596 2828 642 antea
2887 588 3167 643 hominem
3231 592 3441 645 nullum

1857 682 2056 736 horum
2091 697 2237 738 esse.
2292 680 2348 734 Si
2382 691 2566 735 autem
2624 679 2724 736 hos
2757 682 2906 750 ipsos
2961 681 3109 736 dicas
3159 693 3268 737 tres
3297 699 3439 747 esse,

1859 788 2312 843 unumquemque
2351 773 2552 828 horum
2587 774 2908 827 numerabis
2960 781 3114 839 tres;
3152 784 3208 827 ut
3245 784 3356 828 tres
3388 776 3444 830 in

1856 881 2052 921 novem
2094 866 2556 936 multiplicentur,
2600 865 2745 934 quod
2781 866 2897 918 ﬁeri
2929 880 3036 920 non
3070 874 3270 936 potest.
3307 866 3448 921 Hinc

1859 958 2176 1014 necessario
2228 957 2465 1011 infertur
2489 999 2504 1023 ,
2545 972 2742 1012 nomen
2765 997 2782 1022 ,
2818 958 2963 1026 quod
2996 959 3195 1027 cuique
3241 958 3442 1012 borum

1858 1050 2140 1121 congruit,
2175 1050 2408 1118 logicum
2443 1064 2589 1112 esse,
2619 1047 2767 1118 quod
2803 1058 2889 1104 est
2923 1050 3265 1119 hypnstasis,
3302 1050 3446 1104 indi-

1859 1142 2107 1204 viduum,
2135 1156 2393 1212 persona,
2429 1149 2708 1209 quatenus
2739 1142 3009 1210 propositi
3041 1152 3218 1206 erant,
3255 1152 3312 1196 ut
3345 1159 3448 1196 nu-

1863 1242 2245 1296 merarentur,
2308 1232 2385 1284 ita
2425 1239 2480 1284 ut
2515 1231 2780 1284 dicantur
2810 1241 2921 1286 tres
2951 1232 3308 1302 hypostases,
3363 1233 3448 1288 vel

1861 1324 2174 1388 individua,
2209 1323 2295 1377 vel
2342 1337 2620 1392 personzc.
2655 1322 2714 1376 1n
2757 1324 2904 1377 hunc
2953 1325 3174 1377 modum
3221 1326 3450 1379 demon-

1862 1423 2098 1470 stratum
2117 1422 2221 1477 est,
2251 1430 2358 1467 non
2380 1430 2502 1469 esse
2518 1411 2762 1478 Patrem,
2787 1423 2840 1466 et
2873 1412 3094 1481 Filium,
3113 1425 3166 1469 et
3185 1415 3448 1484 Spiritum

1862 1515 2112 1560 sanctum
2157 1518 2268 1560 tres
2327 1506 2483 1567 deos,
2541 1508 2646 1562 etsi
2695 1507 3080 1576 unusquisque
3123 1508 3338 1561 illorum
3367 1515 3452 1561 est

1871 1597 2012 1652 Leus
2065 1597 2366 1666 perfectus,
2423 1598 2885 1666 quemadmodum
2946 1599 3180 1668 quisque
3229 1600 3449 1654 illorum

1862 1690 2027 1745 homo
2053 1689 2355 1760 perfectus,
2393 1704 2501 1743 non
2527 1700 2711 1742 tamen
2739 1689 3000 1742 dicuntur
3030 1699 3143 1745 tres
3175 1691 3451 1746 homines.

170 1784 338 1848 λειος,
383 1784 502 1838 ἀλλ’
540 1785 600 1836 οὑ
637 1784 889 1851 λέγονται
931 1785 1081 1853 τρεῖς
1127 1781 1428 1852 ἄνθρωποι.
1467 1781 1526 1836 '0
1571 1783 1758 1854 Πατὴρ

1872 1783 2228 1851 Paterigitur,
2257 1790 2310 1837 et
2333 1780 2530 1844 Filius,
2555 1789 2608 1836 et
2630 1779 2872 1849 Spiritus
2897 1791 3124 1836 sanctus
3151 1791 3265 1836 tres
3283 1784 3454 1852 hypo-

169 1877 378 1942 τοίνυν,
416 1877 512 1930 καὶ
547 1879 575 1928 ό
619 1877 768 1941 Υἱὸς,
821 1875 918 1929 καὶ
958 1875 1018 1927 τὸ
1044 1874 1268 1944 Πνεῦμα
1315 1876 1377 1928 τὸ
1407 1875 1563 1944 ἆγιον
1611 1879 1762 1947 τρεῖς

171 1969 315 2021 εἰσιν
367 1969 717 2033 ὑποστάσεις,
753 1969 943 2037 ῶσπερ
982 1968 1250 2021 κάκεῖνοι.
1298 1969 1394 2021 Ἐκ
1451 1968 1514 2038 δὴ
1569 1967 1762 2023 τούτου

168 2054 502 2126 γνωσόμεθα
534 2058 742 2126 σαφῶς,
796 2058 907 2110 δεῖν
947 2056 1336 2127 ὁμολογεῖσθαι
1377 2059 1472 2110 τὸν
1524 2057 1765 2128 Χριστὸν

164 2143 316 2203 εἶναι
357 2149 486 2218 μίαν
532 2150 833 2202 ὑπόστασιν
872 2150 930 2201 ὲν
959 2147 1080 2200 δυσὶ
1116 2146 1368 2216 φύσεσιν.
1405 2148 1563 2200 Ἐστι
1601 2148 1709 2219 γὰρ
1737 2149 1765 2201 ὁ

161 2241 412 2312 Χριστὸς
443 2243 471 2294 ὁ
503 2242 598 2294 τοῦ
635 2240 773 2293 Θεοῦ
831 2239 1002 2302 ἀΐδιος
1036 2239 1163 2302 Υἱὸς
1197 2239 1226 2291 ὁ
1261 2234 1764 2310 σαρκωθεὶς,’τοῦτ⁹

160 2332 350 2397 ἐστιν,
381 2335 416 2403 ἡ
451 2333 550 2402 μία
583 2333 684 2402 τῆς
736 2332 898 2401 ἁγίας
939 2330 1170 2402 Τριάδος
1213 2331 1514 2394 ὑπόστασις
1562 2349 1766 2403 σεσαρ-

157 2427 431 2496 κωμὲνη,
463 2422 560 2479 καὶ
593 2427 734 2496 αὕτη
777 2430 809 2498 ὴ
847 2425 1174 2491 ὑπόστασις,
1219 2428 1388 2497 ἤγουν
1430 2427 1601 2492 ἀΐδιος
1638 2429 1766 2492 Υἱός

153 2519 332 2569 ἐστιν
371 2516 400 2568 6
447 2517 608 2580 αὐτὸς
640 2517 771 2579 Θεὸς
818 2515 978 2588 ὁμοῦ,
1022 2518 1117 2571 καὶ
1155 2517 1466 2588 ἄνθρωπος.
1504 2519 1770 2588 Βουλόμε-

158 2623 265 2669 νος
301 2608 483 2660 τοίνυν
515 2607 824 2678 ἀριθμῆσαι
861 2607 1016 2670 Θεὸν,
1065 2609 1161 2662 καὶ
1205 2609 1516 2680 ἄνθρωπον,
1555 2609 1591 2661 ἃ.
1623 2613 1770 2662 ἐστιν

159 2699 351 2762 ἀΐδιος
373 2699 532 2765 Θεὸς,
562 2699 714 2753 τοῦτ’
746 2701 950 2772 ἐστινὴ
979 2701 1075 2770 μία
1105 2702 1425 2765 ὑπόστασις,
1454 2704 1514 2756 οὑ
1543 2701 1770 2756 δύνασαι

160 2791 404 2851 τούτους
442 2791 625 2842 εἰπεῖν
676 2791 1008 2853 ὑποστάσεις
1049 2787 1189 2844 εἶναι
1248 2792 1360 2845 δύο.
1419 2791 1558 2845 Οὑτε
1604 2793 1713 2861 γὰρ
1742 2792 1771 2844 ὁ

165 2881 313 2944 Θεὸς
346 2880 537 2949 ὸνομα,
558 2879 684 2932 οὗτε
716 2881 1122 2950 τὸ,ἇνθρωπος,
1144 2883 1448 2936 ὑπόστασιν
1481 2884 1762 2952 σημαίνει.

185 2969 259 3022 Ἡ
295 2970 393 3038 μὲν
426 2969 726 3032 ὑπόστασις
760 2968 975 3030 οὐδενὸς
1005 2970 1142 3032 ὅλως
1173 2975 1592 3042 κατηγορεῖται,
1628 2973 1769 3025 ὥστε

171 3061 289 3113 οὑκ
313 3060 459 3114 ἐστιν
491 3060 645 3113 οὐδὲν
674 3059 882 3114 τούτων
919 3061 1240 3124 ὑπόστασις.
1279 3061 1417 3118 Οὕτε
1445 3063 1552 3134 μὴν
1589 3063 1768 3117 ἔοικεν

171 3153 362 3204 εἰπεῖν
390 3151 480 3204 τὸν
502 3150 635 3204 Θεὸν
661 3150 755 3204 καὶ
785 3150 875 3203 τὸν
899 3149 1215 3220 ἄνθρωπον,
1250 3151 1342 3204 δύο
1366 3152 1521 3222 γένη,
1550 3152 1767 3222 ἐπειδή-

175 3258 294 3312 περ
327 3241 562 3294 ἒκαστον
593 3241 752 3310 γένος
783 3241 919 3294 ἴδιον
947 3241 988 3271 ’³
1023 3243 1450 3311 κατηγορεῖται’
1482 3244 1688 3296 τούτων
1715 3243 1772 3296 δὲ

176 3334 338 3387 οὐδὲν
369 3335 762 3402 κατηγορεῖται
787 3333 940 3385 ῖδιον.
987 3331 1129 3385 Ἀλλ’
1155 3331 1278 3384 οὐδὲ
1309 3332 1406 3386 δύο
1449 3333 1566 3404 εἴδη
1595 3333 1774 3404 ἁρμό-

175 3427 274 3492 ζει
307 3425 506 3488 αὐτοὺς
540 3423 822 3492 λέγεσθαι.
849 3422 1127 3477 Ἕκαστον
1158 3422 1270 3494 γάρ
1315 3425 1499 3476 αὑτῶν
1540 3424 1647 3478 ὑπὸ
1681 3425 1779 3490 γέ·

135 3580 148 3591 .
174 3535 279 3580 νος
305 3517 583 3570 τάττεται.
609 3514 742 3578 Θεὸς
770 3515 828 3567 δὲ
859 3515 958 3583 οὑχ
1007 3517 1084 3577 εἰς
1113 3515 1272 3583 γένος
1313 3515 1772 3586 ὑποταχθήσεται,

174 3609 261 3672 ὡς
296 3607 412 3678 ἔχει
453 3607 762 3676 ἄνθρωπος,
793 3606 874 3659 διὸ
906 3605 1244 3677 κυριώτερόν
1288 3608 1438 3660 ἔστιν
1469 3606 1776 3678 ἀριθμῆσαι

177 3698 367 3753 ταῦτα
408 3696 502 3750 δύο
548 3697 764 3765 φύσεις,
800 3696 895 3749 καὶ
928 3695 1021 3750 δύο
1070 3696 1278 3762 οὑσίας.
1329 3697 1624 3768 Ἑκάτερον
1667 3698 1777 3769 γὰρ

181 3788 398 3854 αὐτῶν,
430 3789 525 3842 καὶ
553 3787 717 3856 φύσις
749 3788 925 3851 ἐστὶν,
959 3786 1053 3840 καὶ
1096 3787 1254 3839 οὐσία
1285 3791 1398 3849 τοῖς
1433 3781 1507 3841 ὧν
1536 3805 1778 3859 κατηγο-

186 3883 394 3952 ρεῖται.
425 3881 539 3933 Οὐκ
571 3878 689 3950 ἔχει
731 3878 843 3949 γὰρ
875 3879 1030 3931 οὐδὲν
1064 3878 1174 3931 τῶν
1216 3877 1308 3948 ὑφ’
1346 3880 1623 3950 ἑκατέρων
1654 3878 1779 3934 τοὺ-

185 3990 301 4025 των
333 3970 664 4037 συπατικᾲς
717 3970 1023 4042 διαφορὰς,
1088 3971 1258 4041 ἡγουν
1326 3970 1611 4033 οὑσιώδεις
1684 3971 1780 4024 καὶ

187 4063 456 4131 φυσικὰς,
487 4061 626 4114 ὥστε
649 4061 810 4131 φύσις
838 4063 932 4114 καὶ
963 4062 1144 4127 οὐσία,
1183 4061 1294 4116 τῶν
1320 4062 1363 4094 ³³
1395 4062 1518 4116 καθ’
1542 4057 1617 4117 ὧν
1643 4079 1779 4118 κατ-

187 4158 506 4228 ηγορεῖται,
541 4155 808 4226 ἑκάτερον
835 4151 998 4210 εἶναι.

267 4247 371 4300 Διὰ
397 4246 610 4301 πολλῶν
639 4243 734 4300 οὖν
784 4247 1192 4310 ἀποδέδεικται,
1239 4246 1314 4317 μὴ
1349 4244 1489 4300 εἶναι
1531 4246 1629 4318 τὴν
1650 4248 1783 4301 ὑπόο

195 4355 396 4392 στάσιν
427 4339 612 4407 φύσιν,
664 4340 803 4409 μήτε
860 4339 968 4410 μὴν
1016 4339 1206 4392 οὐσίαν
1240 4339 1339 4410 τὴν
1383 4339 1631 4410 λογικὴν,
1683 4342 1782 4412 τὴν

1863 1881 2041 1936 stases
2077 1879 2253 1934 sunt,
2307 1871 2454 1925 sicut
2480 1871 2581 1923 illi.
2619 1870 2696 1924 Ex
2721 1870 2806 1924 his
2854 1887 3256 1940 cognoscemus
3275 1873 3454 1926 mani-

1866 1967 2002 2018 l'este
2059 1962 2434 2018 conﬁtendum
2504 1977 2678 2028 esse,
2749 1962 3034 2018 Christum
3084 1978 3209 2018 esse
3290 1980 3452 2018 unam

1865 2057 2206 2126 hypostasim
2267 2055 2322 2109 in
2385 2055 2602 2109 duabus
2656 2055 2874 2110 naturis
2931 2055 3103 2126 (51).
3165 2056 3260 2111 Est
3307 2059 3452 2112 enim

1864 2148 2123 2202 Christus
2181 2154 2424 2200 mternus
2497 2144 2594 2200 Dei
2658 2145 2880 2211 Filius,
2963 2147 3056 2217 qui
3135 2147 3460 2204 incarnatus

1864 2242 1983 2297 est,
2050 2234 2103 2287 id
2173 2242 2296 2299 est,
2361 2248 2469 2287 una
2531 2235 2848 2306 hypostasis
2895 2246 3104 2292 sanctae
3161 2237 3456 2294 Trinitatis

1869 2326 2180 2391 incarnata,
2214 2335 2268 2380 et
2300 2325 2416 2379 haec
2454 2325 2800 2396 bypostasis,
2842 2334 3087 2382 aeternus
3121 2329 3336 2384 scilicet
3363 2318 3473 2382 Fi-'

1867 2418 1976 2472 lius
2006 2427 2090 2472 est
2127 2418 2268 2473 idem
2301 2418 2444 2474 Deus
2476 2420 2640 2474 simul
2675 2427 2730 2474 et
2767 2419 2956 2474 homo.
3002 2420 3184 2486 Quare
3217 2422 3311 2486 qui
3344 2423 3460 2476 vult

1869 2525 2165 2566 numerare
2217 2511 2384 2566 Deum
2440 2523 2496 2567 et
2537 2513 2853 2576 hominem,
2902 2529 3027 2584 quae
3053 2525 3185 2569 sunt
3221 2525 3464 2571 aeternus

1871 2600 2043 2656 Filius
2069 2640 2084 2665 ,
2140 2603 2194 2656 id
2229 2611 2314 2657 est
2354 2617 2463 2656 una
2515 2603 2866 2672 bypostasis,
2921 2620 3030 2658 non
3062 2615 3244 2675 potest
3273 2607 3463 2661 dicere

1870 2709 1998 2749 esse
2036 2693 2137 2748 hos
2165 2694 2306 2750 duas
2347 2694 2695 2766 bypostases.
2731 2693 2841 2749 Nec
2875 2695 3022 2748 enim
3054 2711 3254 2751 nomen
3287 2695 3458 2762 Deus,

1873 2801 2052 2854 neque
2079 2800 2279 2840 nomen
2317 2785 2482 2839 homo
2508 2787 2829 2856 hypostasin
2853 2787 3151 2858 signiﬁcat.
3181 2787 3456 2859 Hyposta-

1871 2879 1948 2931 sis
1979 2877 2126 2930 enim
2157 2876 2225 2933 de
2263 2879 2420 2932 nullo
2450 2880 2676 2932 omnino
2713 2880 3068 2948 praedicatur.
3115 2881 3296 2946 Quare
3324 2881 3463 2936 nihil

1873 2965 2072 3019 horum
2104 2974 2189 3024 est
2220 2967 2555 3038 hypostasis.
2599 2967 2789 3039 Neque
2821 2969 3039 3026 videtur
3070 2972 3236 3028 licere
3278 2973 3463 3028 dicere

1871 3056 2046 3112 Deum
2097 3069 2152 3113 et
2203 3059 2481 3115 hominem
2532 3060 2645 3115 duo
2698 3077 2925 3129 genera,
2959 3064 3230 3135 siquidem
3262 3082 3465 3120 unum-

1872 3153 2129 3218 quodque
2157 3166 2331 3220 genus
2366 3151 2434 3206 de
2463 3155 2760 3220 speciebus
2790 3156 3125 3224 praedicatur
3151 3195 3168 3220 ,
3197 3159 3342 3226 quod
3376 3159 3466 3212 hic

1874 3256 1985 3293 non
2034 3242 2112 3295 lit.
2166 3240 2356 3311 Neque
2383 3245 2647 3298 convenit
2698 3245 2882 3300 dicere
2912 3262 3006 3301 eos
3037 3247 3178 3302 duas
3225 3250 3463 3317 species.

1876 3329 2236 3401 Unaquaeque
2291 3333 2440 3387 enim
2496 3335 2713 3404 species
2767 3336 2874 3390 sub
2899 3351 3102 3405 genere
3132 3339 3464 3394 collocatur.

1880 3421 2021 3478 Deus
2063 3431 2245 3478 autem
2297 3440 2408 3479 non
2443 3425 2605 3481 habet
2649 3442 2846 3497 genus,
2908 3429 3015 3482 sub
3040 3444 3151 3496 quo
3188 3431 3470 3486 collocan-

1878 3513 1982 3568 dus
2006 3515 2105 3580 sit,
2147 3515 2296 3570 sicut
2325 3517 2488 3570 habet
2511 3517 2698 3571 homo.
2723 3518 3090 3584 Quamobrem
3127 3522 3302 3590 magis
3339 3538 3468 3592 pro-

1877 3606 2060 3676 prium
2095 3615 2181 3660 est
2203 3647 2218 3671 ,
2262 3622 2560 3663 numerare
2591 3609 2704 3663 haec
2737 3609 2878 3664 duas
2911 3620 3176 3674 naturas,
3239 3621 3293 3667 et
3327 3613 3469 3669 duas

1879 3699 2242 3754 substantias.
2281 3701 2593 3771 Utrumque
2620 3704 2767 3756 enim
2809 3719 3000 3758 eorum
3037 3714 3122 3760 est
3151 3714 3205 3760 et
3248 3719 3465 3773 natura,

1878 3801 1932 3847 et
1981 3793 2297 3847 substantia
2365 3792 2434 3848 iis
2484 3794 2552 3849 de
2604 3794 2812 3864 quibus
2878 3796 3268 3866 praedicantur.
3321 3797 3469 3854 Nihil

1881 3885 2027 3939 enim
2063 3885 2168 3941 sub
2197 3895 2434 3956 utroque
2466 3886 2660 3940 horum
2695 3886 2860 3942 habet
2895 3888 3284 3945 constitutivas
3309 3891 3468 3946 dilTe-

1881 3978 2098 4033 rcntias
2122 4019 2136 4042 ,
2167 3983 2253 4033 vel
2284 3978 2684 4034 substantiales
2715 3989 2768 4033 et
2803 3981 3082 4037 naturales
3108 4021 3123 4047 ,
3167 3989 3228 4036 ut
3259 3983 3330 4038 sit
3368 3998 3472 4036 na-

1888 4077 2012 4122 tura
2046 4107 2062 4131 ,
2096 4081 2152 4123 et
2187 4069 2499 4126 substantia
2535 4077 2833 4141 utrumque
2883 4085 3099 4138 eorum,
3149 4073 3218 4129 de
3266 4074 3470 4143 quibus

1879 4157 2234 4228 praedicatur.
2648 4151 2663 4163 ’

1951 4251 2118 4323 356
2164 4253 2614 4308 Demonstratum
2668 4253 2837 4325 igitur
2873 4264 2956 4312 est
3021 4257 3307 4326 pluribus,
3363 4275 3469 4312 non

1891 4359 2016 4398 esse
2046 4345 2391 4415 hypostasim
2418 4353 2696 4408 naturam,
2727 4363 2905 4416 neque
2942 4349 3307 4402 substantiam
3340 4351 3474 4418 lngi-

197 4432 346 4485 κατὰ
413 4432 591 4484 πάντα
653 4433 854 4501 τρόπον
906 4429 1307 4498 περιθέουσαν,
1391 4430 1539 4500 ὼςή
1596 4429 1768 4500 φύσις.

1890 4450 2036 4500 cam,
2093 4451 2215 4505 quae
2253 4437 2516 4496 omnibus
2568 4438 2747 4491 modis
2781 4439 3018 4504 circuit,
3068 4440 3212 4494 sicut
3252 4450 3471 4495 natura.

209 4522 436 4594 Ἐπειδὴ
461 4523 519 4577 δὲ
555 4525 587 4594 ἡ
628 4520 910 4592 ὀρθοδοξία
934 4523 1124 4592 φησιν,
1173 4523 1250 4592 μὴ
1299 4518 1441 4575 εἶναι
1491 4523 1590 4593 τὴν
1622 4522 1784 4592 φύσιν

197 4614 505 4668 ὑπόστασιν
556 4614 687 4685 μίαν
737 4614 845 4666 τῶν
898 4613 1020 4667 καθ’
1055 4609 1130 4666 ὧν
1182 4615 1612 4684 κατηγορεῖται,
1649 4616 1787 4686 μήτε

199 4705 334 4768 ὅλας
359 4706 459 4768 τὰς
493 4705 846 4770 ὑποστάσεις,
876 4705 996 4758 ὅσαι
1024 4703 1091 4758 ἂν
1126 4705 1218 4758 ὑπ’
1252 4705 1423 4776 αὐτὴν
1451 4701 1582 4767 εἷεν,
1612 4702 1724 4760 οἷον
1753 4708 1786 4778 ἡ

202 4797 423 4868 θεότης,
454 4799 623 4868 ἤγουν
651 4800 676 4851 ό
704 4798 835 4862 Θεὸς
895 4799 995 4850 οὑκ
1031 4795 1150 4850 ἐστι
1185 4798 1374 4868 Πατήρ
1394 4814 1410 4830 ν
1438 4799 1484 4851 εί
1515 4800 1624 4870 γάρ
1670 4802 1789 4853 ἐστι

201 4888 422 4959 Πατὴρ,
470 4888 690 4952 πάντως
721 4890 819 4942 οὑκ
850 4883 918 4958 ἦν
963 4888 992 4940 ὁ
1016 4887 1142 4951 Υίὸς
1182 4887 1336 4950 Θεός.
1381 4889 1458 4942 υὺ
1498 4890 1607 4960 γάρ
1641 4892 1789 4945 ἀντι-

1891 4526 2030 4592 Quia
2060 4543 2194 4582 vero
2227 4528 2534 4583 orthodoxa
2566 4530 2822 4585 doctrina
2853 4532 3006 4597 dicit,
3031 4548 3140 4586 non
3168 4549 3289 4587 csse
3313 4545 3474 4587 natu-
3541 4541 3543 4543 ’

1887 4633 2006 4671 ram
2039 4618 2385 4690 bypostasim
2413 4661 2427 4684 ,
2461 4637 2624 4675 unam
2653 4637 2844 4676 eorum
2872 4666 2886 4690 ,
2947 4625 3014 4678 de
3043 4625 3242 4694 quibus
3277 4625 3475 4696 pracdi-

1892 4721 2076 4777 catur,
2116 4729 2295 4781 neque
2323 4714 2613 4768 universas
2645 4715 3000 4786 hypostases,
3038 4733 3160 4786 quae
3209 4721 3310 4772 sub
3355 4724 3475 4790 ipsa

1891 4814 2043 4868 Sunt,
2082 4815 2141 4859 ut
2171 4807 2373 4874 Deitas,
2407 4807 2580 4874 idest,
2607 4810 2749 4867 Deus
2802 4828 2908 4865 non
2940 4823 3022 4867 est
3059 4812 3239 4875 Pater,
3259 4816 3302 4868 si
3330 4816 3473 4870 enim

1895 4895 2042 4951 Deus
2072 4906 2155 4952 est
2187 4897 2370 4964 Pater,
2397 4902 2649 4969 profecto
2680 4918 2786 4957 non
2822 4905 2927 4958 erit
2959 4903 3139 4960 Filius
3168 4905 3312 4963 Deus
3339 4907 3474 4978 (32).

1473 5067 1714 5121 VARUE
1759 5068 2168 5126 LECTIONES.

283 5160 326 5194 “
361 5160 419 5216 in
456 5161 841 5232 suppositione
873 5159 1138 5230 simplici,
1169 5169 1229 5214 ut
1262 5172 1455 5215 vocant
1495 5155 1692 5231 lngici.

287 5362 401 5435 (3|)
444 5363 542 5417 Est
570 5362 762 5435 dispar
805 5372 970 5428 ratio,
1008 5365 1136 5434 quia
1188 5365 1243 5419 in
1310 5366 1517 5420 divinis
1564 5374 1649 5421 est
1681 5383 1791 5422 una

214 5448 451 5489 numero
492 5441 690 5486 natura
731 5434 785 5487 in
845 5435 1025 5489 tribus
1057 5435 1330 5504 personis.
1393 5436 1450 5489 In
1503 5439 1792 5506 proposito

214 5515 398 5559 autem
431 5511 561 5559 sunt
582 5513 697 5558 tres
726 5521 957 5560 numero
986 5506 1264 5560 distinctae
1294 5515 1505 5561 natura:
1539 5510 1792 5563 humanae

217 5575 273 5629 in
300 5575 478 5628 tribus
503 5574 774 5643 personis.

291 5645 402 5726 (δέ)
443 5642 575 5710 Quae
608 5647 724 5726 .hoc
765 5647 884 5726 loco
915 5642 1540 5726 Theodorusdisputat,
1587 5647 1788 5726 ἀρίστῃ

218 5715 439 5792 γνώμῃ,
482 5715 709 5769 candido
757 5718 957 5783 animo,
1006 5715 1373 5786 interpretari
1417 5718 1596 5772 decet.
1628 5715 1785 5773 Nam

1775 5165 1817 5195 "
1866 5168 1990 5220 κατ’
2041 5167 2240 5231 εἴδους.

1751 5275 1978 5334 NOTAE.

2322 5169 2366 5200 ¹³
2402 5170 2483 5223 τό.

1903 5369 2087 5444 Deitas
2114 5380 2226 5444 tota
2261 5382 2347 5427 est
2380 5373 2434 5426 in
2463 5373 2655 5438 Patre;
2684 5388 2735 5428 ct
2763 5376 2842 5428 sic
2871 5375 3149 5444 perfectus
3181 5375 3324 5431 Deus
3355 5389 3477 5436 cst:

1901 5442 2018 5513 sed_
2034 5445 2162 5510 quia
2201 5443 2254 5496 in
2295 5444 2388 5497 illo
2424 5459 2532 5498 non
2584 5457 2689 5510 est,
2727 5442 2988 5510 totaliler,
3020 5449 3124 5501 hoc
3155 5459 3239 5500 est
3287 5449 3383 5513 ita,
3423 5459 3481 5503 ut

1899 5511 1954 5583 in
1979 5510 2120 5565 Filio
2141 5521 2196 5583 ct
2237 5513 2445 5583 Spiritu
2484 5524 2680 5569 sancto
2715 5531 2818 5567 mm
2854 5518 2957 5583 sit;
2995 5517 3117 5570 ideo
3142 5516 3278 5570 dicit
3305 5510 3474 5573 Then-

1899 5581 2094 5649 dorus,
2141 5581 2361 5637 Patrem
2413 5601 2521 5639 non
2578 5598 2700 5637 esse
2755 5584 2920 5638 Deum
2945 5581 3188 5650 πάντως,
3239 5586 3340 5641 hoc
3373 5599 3477 5647 est.

1898 5651 2116 5715 ὑλικῶς,
2155 5653 2417 5714 totaliter,
2457 5659 2573 5709 sive
2603 5655 2798 5715 solum.
2826 5671 2950 5709 cum
3002 5659 3323 5711 exclusione
3356 5657 3478 5712 Filii

1900 5730 1953 5777 et
1989 5723 2232 5792 Spiritus
2267 5727 2467 5780 sancti.
2497 5725 2560 5778 Et
2591 5726 2736 5796 quod
2775 5730 2840 5782 de
2865 5727 3030 5784 Patre
3059 5728 3308 5792 afﬁrmat,
3339 5729 3480 5785 idem
