3870 6214
270 369 409 436 1469

1688 383 1983 449 OPUSCU
1994 389 2080 447 LA
2092 430 2108 446 .

3400 393 3540 460 H70

265 484 606 556 περιγράψαι
636 485 1025 542 ὢπολαδοῦσαν
1049 488 1117 543 τά
1159 486 1267 544 ἴδια
1292 490 1666 564 δικαιώματα,
1705 495 1845 567 μήτε

1977 499 2213 571 coeptis,
2248 509 2302 557 et
2336 501 2684 572 recuperatis
2726 504 2966 574 propriis
2994 504 3534 583 justiﬁcationibus;

263 577 323 632 τδ
348 576 498 641 ἕλεος
525 576 694 632 αὑτοῦ
733 577 1016 650 ἄπρακτον
1056 582 1354 652 παρεᾶσαι.

333 753 396 807 Β.
433 753 543 806 Καὶ
576 763 707 823 περι
752 753 945 808 τούτου
990 756 1307 828 ἀρκούντως
1335 758 1607 816 λέλεκται.
1635 762 1850 833 Φράσον

264 844 353 916 δὴ,
386 843 504 908 πῶς
524 847 674 915 ἡμᾶς
698 847 762 899 ἐκ
793 846 893 917 τῆς
930 847 1210 918 ἁμαρτίας
1233 850 1537 922 appenso;

337 939 400 989 A.
422 937 487 989 Τί
512 938 660 991 ἐστιν
692 938 938 1009 ἁμαρτία
961 956 978 1005 ;
1007 940 1129 1009 οὐχὶ
1158 941 1427 1012 ἀποτυχία
1452 946 1666 1007 τις,κα“ι
1689 946 1851 998 ἀστο-

269 1026 361 1096 χία
412 1028 506 1081 τοῦ
556 1029 794 1095 σκοποῦς
839 1030 1181 1101 Ὠσπεργάρ
1206 1031 1368 1096 εἴτις
1400 1034 1558 1105 ὑγιὴς
1588 1034 1665 1088 ὣν
1692 1038 1750 1090 ἐν
1773 1036 1852 1107 τῷ

271 1118 527 1187 βαῖίζειν,
554 1120 685 1173 ὅπου
720 1119 903 1186 θέλει,
934 1121 1027 1173 τὸν
1062 1121 1199 1175 πόδα
1241 1124 1476 1194 τίθησιν,
1511 1126 1673 1194 ἡνίκα
1699 1127 1754 1180 δὲ
1793 1128 1854 1191 ἐξ

269 1210 557 1273 ἀσθενείας
599 1210 742 1274 τινὸς
786 1212 1152 1282 ἀρρωστήσας
1175 1215 1435 1284 τρομικὸς
1484 1218 1731 1287 γένηται,
1778 1217 1854 1290 μὴ

265 1299 524 1372 δυνηθείη
549 1303 639 1354 τὸν
668 1302 805 1355 πόδα
843 1301 1052 1365 θεῖναι,
1080 1303 1215 1356 ὅπου
1255 1305 1526 1375 βούλεται,
1556 1307 1691 1362 ἀλλὰ
1726 1325 1854 1363 σκο-

269 1393 454 1463 πήσας
479 1394 558 1457 είς
585 1395 750 1446 τόπον
779 1393 899 1446 τινὰ
931 1392 1100 1462 πῆξαι
1146 1394 1208 1448 τὸ
1232 1398 1375 1465 ῑχνος
1395 1438 1410 1463 ,
1448 1398 1553 1452 ὑπὸ
1580 1399 1680 1468 τῆς
1711 1402 1854 1453 ἐνοι-

269 1482 470 1553 κούσης
505 1481 817 1555 ἀρρωστίας
857 1484 1190 1555 ὠθούμενος,
1224 1486 1462 1558 ἀλλαχοῦ
1486 1489 1547 1542 τὸ
1570 1488 1720 1560 βῆμα
1755 1506 1855 1542 πε-

272 1574 623 1644 ριστρέψαιεν
644 1591 657 1604 ο
686 1574 941 1628 οὕτωκαὶ
971 1576 1072 1645 τῆς
1101 1577 1379 1649 ἁμαρτίας
1406 1581 1773 1651 ἐνοικησάσης
1787 1584 1853 1653 τῇ

271 1666 518 1737 ἡμετέρα
554 1665 723 1736 ψυχῇ,
776 1666 978 1734 ἀσθενῆ
1044 1667 1215 1739 αὐτὴν
1257 1672 1352 1723 καὶ
1405 1670 1690 1741 ἄρρωστον
1754 1685 1856 1725 πθ-

270 1758 526 1826 ποίηκεν,
576 1756 913 1827 άστοχοῦσαν
960 1760 1059 1813 καὶ
1105 1760 1528 1830 ἁμαρτάνουσαν
1600 1762 1710 1815 τῶν
1776 1764 1856 1815 οί-

1951 609 2131 664 neque
2189 593 2567 649 misericordia
2617 594 2739 664 ejus
2799 595 3105 668 ἄπρακτος,
3158 598 3209 653 id
3267 606 3375 663 est,
3417 600 3536 655 sine

1951 698 2117 753 opere
2153 684 2386 754 iustitiae
2420 686 2921 741 transmitteretur.

2024 773 2088 829 Β.
2117 776 2226 829 Sed
2259 775 2327 829 de
2361 775 2447 829 his
2477 776 2611 831 satis
2644 777 2930 832 hactenus.
2959 777 3184 849 Explica
3213 778 3395 844 modo,
3426 794 3538 850 quo

1954 864 2119 919 modo
2154 880 2218 919 ex
2248 874 2472 933 peccato
2505 880 2603 920 nos
2629 865 2902 921 liberavit.

2021 957 2089 1009 Δ.
2122 955 2266 1021 Quid
2305 966 2391 1012 est
2443 957 2769 1026 peccatum?
2830 974 3013 1014 nonne
3063 970 3147 1015 est
3195 965 3466 1020 aherratio
3505 982 3535 1020 a

1955 1046 2165 1115 scopo?
2199 1045 2268 1101 Ut
2299 1048 2447 1101 enim
2473 1048 2518 1101 si
2560 1048 2685 1116 quis
2731 1047 2900 1112 valet,
2950 1066 3072 1103 cum
3108 1054 3372 1119 ambulat,
3444 1056 3535 1110 ubi

1952 1138 2091 1201 vult,
2126 1137 2314 1206 pedem
2370 1137 2557 1205 ponit;
2592 1153 2716 1192 cum
2755 1154 2884 1193 vero
2927 1156 2993 1194 ex
3045 1144 3299 1211 quapiam
3361 1146 3537 1200 imbe-

1953 1228 2185 1282 cillitate
2244 1228 2488 1289 laborat,
2548 1228 2783 1284 eﬂ‘ectus
2843 1233 3288 1297 tremulus,non
3356 1246 3536 1304 potest

1955 1320 2250 1388 vestigium
2285 1319 2471 1386 ﬁgere,
2501 1321 2593 1374 ttbi
2632 1322 2769 1384 vult,
2805 1323 2899 1376 St‘d
2934 1324 3119 1393 potius
3150 1328 3536 1384 animadverso

1953 1411 2096 1474 loco,
2144 1411 2198 1463 in
2255 1426 2367 1480 quo
2400 1414 2691 1482 vestigium
2723 1422 2893 1483 ponat
2919 1454 2933 1475 ,
2977 1417 3044 1468 ab
3081 1417 3404 1473 inlirtnitate
3435 1437 3534 1474 sua

1954 1501 2239 1565 detrusus,
2281 1500 2413 1555 alibi
2454 1501 2628 1570 ponit,
2685 1505 2765 1557 sic
2820 1520 2945 1558 cum
3003 1508 3055 1560 itt
3107 1510 3289 1562 anima
3348 1520 3537 1565 nostra

1954 1601 2241 1661 peccatum
2277 1590 2524 1645 habitare
2554 1592 2747 1660 cmpit,
2781 1594 3052 1649 inﬁrmam
3097 1609 3151 1651 et
3211 1599 3537 1654 imbecillam

1955 1697 2075 1737 eam
2108 1681 2257 1745 facit,
2280 1692 2333 1737 et
2365 1682 2715 1736 aberrantem
2751 1700 2781 1738 a
2818 1702 2920 1739 suo
2944 1703 3115 1758 scopo
3136 1704 3200 1742 ac
3231 1694 3537 1759 proposito:

1958 1774 2214 1829 Christus
2271 1781 2454 1827 autem
2486 1773 2731 1844 baptizat
2768 1793 2869 1833 nos
2921 1779 2975 1832 itt
3034 1795 3175 1849 aqua
3220 1794 3275 1836 et
3329 1783 3538 1852 Spiritu
3580 1797 3588 1804 '

271 1853 436 1905 κείων
469 1850 689 1903 σκοπῶν
724 1851 815 1903 καὶ
840 1849 1153 1920 προθέσεων
1177 1867 1191 1881 ’
1215 1853 1243 1904 ό
1269 1851 1324 1904 δέ
1347 1851 1582 1922 Χριστὸς
1605 1851 1856 1922 βαπτίζει

1977 1873 2178 1929 taneto,
2216 1877 2268 1918 et
2299 1865 2475 1933 gratia
2509 1866 2751 1935 Spiritus
2800 1872 2975 1924 sancti
3033 1831 3255 1927 rdbmat
3310 1831 3435 1941 nos,
3483 1886 3541 1933 et

268 1943 419 2010 ἡμᾶς
444 1942 503 1993 ἐν
533 1939 709 2005 ὕδατι,
740 1940 839 1994 καὶ
874 1940 1177 2011 Πνεύμστι.
1210 1943 1305 1995 καὶ
1335 1944 1551 2013 ήχάρις
1579 1944 1673 1997 τοῦ
1699 1946 1855 2012 ἁγίου

270 2032 594 2103 Πνεύματος
637 2032 904 2103 ῥώννυσιν
950 2034 1121 2103 ἡμᾶς,
1166 2035 1348 2087 πᾶσαν
1398 2033 1499 2104 τὴν
1532 2035 1853 2107 ἁμαρτίαν,

266 2128 367 2196 και
410 2126 511 2195 τὴν
540 2123 880 2195 ἀρρωστίαν,
914 2124 1010 2178 καὶ
1039 2124 1194 2177 νόσον
1224 2124 1471 2191 άποξύει.
1495 2126 1588 2180 καὶ
1618 2128 1852 2186 άνανεοῐ,

267 2218 367 2269 καὶ
413 2217 755 2282 ἀνακαινίζει
809 2216 904 2272 καὶ
963 2218 1046 2281 είς
1095 2218 1157 2270 τὸ
1204 2219 1433 2289 ἀρχαῖον
1480 2218 1701 2285 σθένος,
1761 2219 1856 2273 καὶ

264 2306 490 2370 κάλλος,
520 2307 580 2360 τὸ
606 2307 710 2377 πρὸ
738 2307 840 2376 τῆς
870 2306 1259 2378 παραϐάσεως,
1306 2307 1760 2377 ἀποκαθίστησιν.

342 2398 403 2447 Β.
439 2396 694 2466 Πέμπτον
728 2397 1115 2451 ὑπολέλειπται
1142 2397 1203 2450 τὸ
1232 2396 1324 2450 τοῦ
1357 2397 1507 2469 ᾅδου.
1674 2398 1677 2401 ’

343 2487 409 2541 Δ.
459 2485 678 2556 Ἐπειδὴ
709 2487 973 2541 ἀδύνατον
997 2488 1138 2559 μετὰ
1168 2489 1369 2559 σαρκὸς
1408 2489 1716 2560 ἐνδημῆσαι
1740 2491 1857 2554 τοῖς

261 2576 329 2627 ἐν
356 2574 512 2647 ᾅδου,
548 2577 627 2647 τῷ
656 2577 874 2648 θανάτῳ
900 2578 1266 2649 διαιρεθείσης
1301 2581 1367 2634 ἐκ
1387 2581 1488 2651 τῆς
1534 2581 1733 2648 σαρκὸς
1754 2582 1857 2649 τῆς

261 2666 366 2720 ’τοῦ
415 2668 623 2740 Κυρίου
678 2667 880 2739 ψυχῆς,
925 2671 1104 2741 γυμνὴ
1146 2673 1269 2734 ταῖς
1313 2671 1374 2723 ἐν
1425 2670 1608 2724 σκότει
1654 2670 1857 2741 ψυχαῖς

264 2759 649 2829 ἐνδημήσασα,
685 2762 777 2813 καὶ
815 2760 930 2829 φῶς
984 2760 1170 2823 αὐτοῖς
1209 2760 1268 2814 τὸ
1300 2761 1400 2828 τῆς
1438 2761 1698 2832 θεότητος
1751 2763 1855 2814 άπ-

264 2848 614 2921 αστράψασα,
650 2849 742 2903 καὶ
762 2852 841 2914 είς
874 2850 1041 2903 αὐτὸν
1063 2850 1433 2913 πιστευσάσας
1455 2852 1536 2913 είς
1562 2852 1652 2905 τὸν
1669 2852 1857 2920 παρά-

265 2939 447 2994 δεισον
472 2941 868 3012 μετατέθηκεν,
888 2941 982 2994 καὶ
1007 2940 1069 2992 τὸ
1092 2939 1187 2994 τοῦ
1213 2940 1344 3011 ᾅδου
1379 2940 1654 3010 βασίλειον
1683 2959 1857 2996 κατα-

266 3032 516 3089 λέλυκεν.
541 3033 753 3105 Ὥσπερ
778 3033 890 3104 γὰρ
955 3032 1097 3101 πύλη
1154 3018 1250 3086 καὶ
1279 3033 1484 3097 εἴσοδος
1534 3034 1631 3104 τῆς
1659 3035 1741 3098 είς
1764 3034 1856 3087 τὸν

269 3124 479 3195 κόσμον
505 3125 805 3196 ἐπιδημίας
838 3124 933 3178 τοῦ
967 3125 1105 3178 Θεοῦ
1161 3125 1336 3193 Λόγου
1372 3127 1407 3195 ἡ
1440 3126 1681 3194 παναγία
1710 3127 1856 3191 Παρ-

269 3218 425 3280 θένος
452 3216 696 3285 γέγονεν,
728 3216 904 3281 οὕτως
951 3219 1048 3271 καὶ
1079 3218 1108 3270 ὀ
1142 3215 1374 3277 θάνατος
1419 3216 1564 3288 πύλη
1599 3216 1699 3271 καὶ
1752 3216 1864 3270 εἱσ-

266 3308 397 3372 οδος
424 3307 525 3379 τῆς
553 3309 633 3372 είς
653 3307 788 3379 ᾅδην
815 3309 1285 3379 καταφοιτήσεως.

271 3524 587 3597 Διάκρισίς
651 3544 719 3582 τε
769 3526 868 3581 καὶ
922 3527 1296 3597 διασάφησις
1333 3525 1472 3597 ,τῶν
1519 3526 1653 3597 περὶ
1685 3524 1758 3593 ἇς
1803 3530 1862 3583 οι

349 3600 677 3668 φιλόσοφοι
726 3596 1147 3668 καταγίνονται
1186 3596 1419 3668 eam-(iw,
1449 3596 1563 3668 grai
1607 3597 1863 3665 ἔλεγχος

350 3664 462 3736 τῆς
488 3664 608 3721 ubi.
644 3664 990 3737 Ἀκεεράλων
1013 3664 1408 3737 Σευηριανῶν,
1435 3664 1628 3737 ﬁrm»:
1664 3664 1862 3737 νοέω-

324 3735 528 3818 erro!-
548 3735 939 3808 ψυχοφθόρου
979 3736 1417 3807 αἱρέσεως-,τοῦ
1451 3735 1639 3793 αὐτοῦ
1671 3735 1865 3791 Ἀϐου-

352 3824 530 3876 καρα.
1297 3847 1304 3853 .

350 3899 481 3963 Τοῖς
524 3898 635 3953 τῶν
680 3897 955 3969 ἀληθινῶν
1015 3896 1308 3966 δογμάτων
1364 3898 1627 3968 ἐρασταῖς
1670 3914 1733 3950 τε
1774 3894 1870 3950 καὶ

281 3994 698 4067 προασπιοταῖς
738 3988 1013 4059 ἀναγκαία
1057 3988 1402 4058 καθέστηκεν
1445 3990 1480 4059 ἡ
1510 3988 1620 4041 τῶν
1646 3986 1866 4056 φωνῶν,

279 4085 416 4155 περὶ
440 4082 506 4146 ἃς
532 4083 580 4136 οί
604 4081 881 4151 φιλόσοφοι
916 4080 1155 4150 μάλιστα
1202 4080 1587 4147 καταγίνονται
1607 4118 1623 4143 ,
1652 4078 1867 4149 διάκρι-

283 4174 375 4236 σίς
425 4188 485 4225 τε
542 4172 637 4224 καὶ
679 4170 1030 4239 διασάφησις.
1077 4168 1190 4238 Τὴν
1238 4168 1346 4238 γὰρ
1398 4168 1604 4221 τούτων
1662 4166 1867 4239 ἅκριδῆ

281 4263 493 4331 γνῶσιν
521 4262 706 4315 πολλοὶ
751 4261 860 4315 τῶν
915 4262 1219 4315 δοκούντων
1270 4259 1410 4315 εἶναι
1460 4261 1641 4329 σοφῶν
1667 4260 1866 4330 ἀγνοή-

283 4372 485 4419 σαντες
516 4356 644 4429 rupi.
668 4355 767 4426 τὴν
808 4354 1068 4426 ἀλήθειαν
1112 4356 1446 4426 ἠστόχησαν,
1492 4355 1588 4408 καὶ
1620 4355 1702 4416 είς
1739 4356 1866 4408 dco-

282 4445 420 4509 πίας
477 4444 575 4499 καὶ
620 4445 966 4517 βλασφημίας
1002 4444 1335 4512 ἐξώκειλαν,
1377 4446 1472 4498 καὶ⁵
1504 4447 1604 4518 τῆς
1674 4446 1754 4508 είς
1806 4442 1868 4498 τὸ

285 4538 449 4593 Θείον
470 4536 638 4609 ὀρθῆς
661 4537 898 4601 πίστεως
929 4537 1187 4602 ἐξέπεσον
1212 4539 1547 4608 ἠγνοηκότες
1572 4537 1689 4607 μὲν,
1714 4537 1869 4590 ἐκόν-

1961 1971 2128 2011 omne
2184 1967 2473 2026 peccatum
2528 1969 2696 2028 atque
2752 1960 3130 2017 inﬁrmitatem
3166 1963 3437 2030 detrahit;
3472 1983 3541 2021 ae

1961 2055 2215 2109 renovat,
2266 2056 2322 2101 et
2384 2047 2557 2102 robur
2598 2049 2891 2119 pristinum
2933 2062 2987 2106 et
3041 2054 3542 2124 pulchritudinem,

1961 2153 2084 2209 quae
2109 2147 2239 2193 ante
2280 2140 2776 2211 transgressionem
2808 2143 2938 2199 Adae
2963 2156 3102 2211 erat,
3134 2147 3397 2203 restituit.

2033 2313 2094 2368 Β.
2164 2312 2407 2381 Quintus
2459 2316 2718 2374 inimicus
2766 2317 3124 2388 relinquitur,
3179 2320 3233 2375 id
3293 2331 3401 2384 est,
3454 2321 3540 2376 inc

1962 2405 2176 2463 fernus.

2033 2496 2098 2549 Α.
2136 2494 2276 2562 Quia
2321 2496 2437 2553 ﬁeri
2474 2514 2580 2553 non
2623 2508 2859 2569 poterat,
2901 2509 2960 2555 ut
2991 2516 3117 2555 cum
3154 2517 3319 2557 carne
3353 2503 3411 2557 in
3454 2504 3541 2558 in-

1962 2584 2097 2641 feris
2124 2590 2587 2658 peregrinaretur,
2609 2592 2790 2644 anima
2812 2608 2837 2644 a
2853 2607 3019 2647 carne
3041 2592 3251 2647 Domini
3278 2610 3371 2663 per
3393 2611 3542 2649 mor-

1963 2686 2074 2730 tem
2115 2689 2372 2747 separata
2433 2680 2501 2735 ad
2557 2682 2797 2746 animas,
2830 2699 2951 2752 qum
2987 2685 3039 2737 in
3073 2685 3318 2740 tenebris
3355 2695 3540 2755 erant,

1962 2767 2212 2838 profecta
2242 2777 2297 2824 et
2326 2769 2531 2825 lumine
2560 2772 2863 2827 divinitatis
2896 2773 3006 2828 illis
3052 2775 3229 2839 illato,
3275 2790 3390 2839 eas,
3420 2792 3544 2846 qua:

1961 2859 2016 2913 in
2047 2874 2169 2913 eum
2198 2858 2573 2923 crediderunt,
2605 2866 2659 2915 in
2695 2864 3009 2933 paradisum
3037 2866 3337 2926 transtulit,
3372 2877 3423 2921 et
3455 2883 3543 2922 re-

1961 2946 2106 3015 giam
2138 2945 2346 3002 inferni
2380 2946 2678 3003 demolitus
2725 2959 2829 3005 est.
2868 2950 3022 3004 Sicut
3055 2952 3202 3004 cnim
3257 2951 3427 3020 ianua
3487 2959 3546 3006 et

1962 3036 2146 3091 aditus
2179 3038 2641 3107 peregrinationis
2673 3038 2836 3094 Verbi
2873 3040 2965 3096 Dei
3000 3043 3055 3095 itt
3090 3042 3353 3096 mundum
3401 3043 3544 3097 facta

1962 3126 2120 3197 351
2159 3137 2247 3183 est
2277 3132 2630 3186 sanctissima
2663 3132 2875 3200 Virgo;
2922 3133 3002 3187 sic
3057 3150 3208 3189 mors
3266 3134 3409 3189 facta
3459 3143 3546 3190 est

1965 3217 2133 3284 janua
2193 3226 2248 3274 et
2304 3219 2567 3275 introitus
2646 3221 2955 3277 descensus
3007 3223 3213 3278 Christi
3262 3223 3319 3279 in
3370 3223 3543 3279 infer-

1960 3528 2217 3599 Ejusdem
2294 3528 2549 3583 Theodori
2618 3529 2874 3585 Abucarm
2945 3531 3252 3599 explanatio
3314 3548 3543 3596 vocum,

2031 3601 2223 3669 quibus
2280 3601 2577 3666 philosophi
2620 3612 2863 3663 utuntur,
2907 3612 2955 3654 et
2994 3601 3291 3670 confutatio
3321 3603 3543 3659 hwreais

2033 3670 2426 3739 Acephulorum
2480 3670 2926 3736 Sererianorum,
2984 3672 3040 3722 id
3098 3669 3186 3725 εει
3253 3669 3545 3726 Ιαεοὸιιαο

2029 3739 2559 3880 1ἶιιιιι.)(Ιιιιιιηιιιοιιι
2590 3740 2889 3795 Francisco
2935 3741 3210 3795 'l‘urriano
3259 3742 3549 3797 Socielatis

2064 3825 2185 3863 esu.

2064 3825 2185 3863 esu.

2046 3898 2139 3961 lis.
2164 3899 2257 3969 Qui
2288 3914 2543 3954 verorum
2566 3899 2885 3970 dogmatum
2927 3902 3164 3958 studiosi
3195 3913 3323 3958 sunt
3356 3912 3410 3956 et
3449 3905 3548 3959 de-

1971 3990 2246 4055 fensores,
2279 3991 2590 4047 necessaria
2615 4002 2700 4047 est
2725 4006 2951 4059 vocum,
2988 3995 3040 4048 in
3077 3996 3283 4064 quibus
3307 3995 3553 4063 philoso-

1972 4080 2066 4152 phi
2118 4089 2432 4146 versantur,
2505 4084 2819 4151 explanatio
2869 4092 2924 4139 et
2975 4083 3282 4140 distinctio.
3347 4084 3549 4139 Harum

1971 4170 2120 4227 enim
2148 4170 2516 4241 cognitionem
2556 4171 2853 4239 perfectam
2887 4173 3017 4242 quia
3046 4174 3205 4227 ntulti
3236 4188 3301 4227 ex
3338 4174 3429 4234 iis,
3456 4174 3550 4241 qui

1972 4262 2249 4332 sapientes
2273 4277 2396 4317 esse
2418 4259 2765 4324 videbantur,
2792 4262 3204 4330 ignoraverunt,
3262 4278 3292 4315 a
3324 4263 3553 4318 veritate

1972 4356 2335 4418 aberrarunt,
2396 4362 2451 4408 et
2504 4353 2559 4406 in
2646 4352 3018 4408 absurditates
3069 4368 3135 4408 ac
3184 4353 3553 4423 blasphemia:

1972 4434 2350 4516 impegerunt;
2386 4451 2441 4498 et
2487 4454 2695 4499 arecta
2749 4445 2805 4499 in
2860 4443 3031 4499 Deum
3088 4446 3193 4501 title
3246 4445 3555 4500 nescientes

1973 4536 2194 4606 quidem
2243 4535 2596 4598 exciderunt,
2630 4536 2727 4590 sed
2760 4536 2889 4605 quia
2920 4537 3115 4591 oculos
3147 4536 3348 4591 mentis
3400 4550 3431 4588 a
3480 4536 3557 4589 lu-

282 4648 384 4696 τες
417 4630 475 4686 δέ
503 4631 603 4697 τὰς
636 4630 738 4701 τῆς
758 4631 998 4695 διανοίας
1025 4631 1178 4701 ὄψεις
1221 4631 1617 4695 ἀποκλίναντες
1641 4628 1738 4684 τοῦ
1770 4630 1857 4699 τῆς

1977 4629 2119 4699 mine
2150 4627 2346 4684 salutis
2374 4627 2673 4682 deﬂectere
2712 4630 3030 4692 voluerunt,
3068 4636 3123 4684 et
3156 4627 3222 4682 ad
3263 4626 3555 4697 pestiferas

285 4721 570 4792 σωτηρίας
597 4721 794 4791 φωτὸς,
827 4723 921 4777 καὶ
954 4722 1093 4792 πρὸς
1115 4722 1176 4775 τὸ
1208 4721 1451 4790 ὀλέθριον
1484 4721 1678 4784 σκότος
1705 4720 1865 4773 αύτο-

288 4814 650 4889 μολήσαντες.
701 4817 782 4881 είς
834 4815 1115 4878 ἀπωλείας
1169 4813 1504 4868 κατὼλισθον
1563 4810 1863 4883 βάραθρον.

283 4908 385 4964 Διὸ
420 4908 551 4981 περὶ
582 4908 677 4979 μὲν
700 4907 932 4979 ἀσήμων
970 4907 1163 4976 φωνῶν
1189 4905 1490 4979 ἐνάρθρων,
1518 4904 1551 4976 ἢ
1582 4902 1869 4975 άνάρθρων

285 5002 779 5073 περισημαντικῶν
809 5001 1126 5070 ἀνάρθρως,
1175 4999 1327 5052 οὐδὲν
1356 5000 1437 5062 εἰς
1482 4995 1869 5067 ἁποδεικτικὴν

1972 4721 2232 4777 tenebras
2284 4728 2481 4791 sponte
2513 4720 2814 4787 declinare,
2843 4722 2898 4775 in
2929 4720 3261 4791 profundum
3299 4719 3555 4775 interitus

1972 4814 2317 4869 deciderunt.
2386 4813 2756 4878 Quamobrem
2825 4814 3049 4869 omissis
3114 4828 3264 4868 nunc
3324 4813 3555 4868 vocibus

1975 4905 2112 4959 nihil
2166 4904 2611 4974 significantibus
2666 4912 2780 4959 tutu
2837 4905 3184 4972 articulatis;
3217 4912 3313 4960 aut
3343 4904 3556 4975 signiﬁ-

1975 4997 2236 5051 cantibus
2271 5013 2377 5051 non
2402 4997 2736 5059 articulatis,
2766 5012 2890 5066 quae
2916 4996 2985 5050 ad
3029 4997 3421 5059 conclusiones
3464 5008 3555 5047 ra-

288 5092 663 5147 συπελουσῶν
702 5091 928 5162 μέθοδον
960 5092 1163 5159 λέγειν,
1186 5089 1255 5143 τά
1280 5088 1376 5142 νῦν
1412 5090 1699 5152 ἐάσαντες,
1738 5089 1857 5159 ’περῚ

1978 5090 2189 5143 tiontttn
2225 5090 2360 5143 nihil
2386 5087 2650 5160 prodesse
2674 5097 2935 5159 possunt,
2967 5088 3038 5143 de
3072 5087 3207 5152 illis,
3238 5101 3378 5154 quas
3405 5085 3555 5153 prin-

288 5184 501 5246 αὐτιῖιν,
539 5183 614 5246 ὼς
637 5179 739 5237 οἷοί
766 5200 823 5237 τε
857 5184 1199 5254 τυγχάνομεν
1234 5181 1411 5246 ὄντες,
1452 5181 1660 5252 βραχέα
1691 5180 1857 5249 διαλη

1979 5181 2124 5249 cipio
2149 5181 2288 5243 dixi,
2322 5196 2496 5251 pauca
2531 5197 2631 5250 pro
2661 5181 2873 5236 viribus
2915 5179 3126 5234 nostris
3169 5175 3554 5241 tractabimus,

292 5274 519 5344 ᾠόμεθα
551 5291 564 5306 ο
606 5277 735 5338 τοὺς
758 5276 857 5343 τῆς
892 5273 1222 5342 Ἐκκλησίας
1264 5272 1572 5344 τροφίμους
1606 5272 1748 5325 κατὰ
1775 5273 1857 5325 τῶε

1980 5273 2182 5340 quibus
2215 5272 2471 5327 alumnos
2526 5271 2791 5326 Ecclesiae
2814 5277 3013 5324 contra
3050 5268 3334 5323 hatreticos
3361 5274 3416 5320 et
3451 5265 3555 5320 Ec-

294 5367 682 5439 φρενοϐλαὸὦν
708 5367 811 5438 τῆς
841 5366 1170 5437 Ἐκκλησίας
1208 5364 1521 5419 ἀντιπάλων
1563 5363 1857 5434 Ἀκεφάλω

1981 5364 2170 5419 clesiae
2219 5364 2568 5418 adversarios
2618 5361 2930 5432 Acephalos
2984 5361 3265 5414 dementes
3317 5357 3558 5413 instruaé

294 5457 591 5527 αίρετικῶν
613 5457 1059 5522 καθοπλίζοντες,
1080 5456 1173 5509 καὶ
1215 5455 1317 5525 τὴν
1345 5453 1572 5508 ἐκείνων
1613 5454 1800 5507 ἄνοιάν
1826 5470 1854 5505 τ

1984 5471 2106 5511 mus
2131 5464 2183 5508 ct
2220 5470 2515 5512 armemus.

297 5547 395 5601 καὶ
438 5547 700 5615 άδρανίαν
730 5546 1042 5617 ἐλέγχοντές
1075 5564 1134 5600 τε
1172 5547 1265 5600 καὶ
1309 5544 1714 5615 στηλιτεύοντες
1743 5541 1877 5614 (‘29).

1816 5631 2048 5688 ΝΟΤιιΕ.

372 5727 485 5797 (‘39)
545 5727 889 5795 Sequebatur
934 5728 1024 5782 hic
1075 5727 1129 5782 in
1184 5724 1673 5797 Bavaricocodice
1716 5739 1876 5797 aSSll-
1987 5725 2226 5783 videtur.
2262 5739 2368 5781 non
2400 5724 2466 5779 ab
2490 5732 2735 5787 auctore,
2762 5720 2857 5778 sed
2889 5720 2958 5776 ab
2994 5717 3103 5775 alio
3135 5728 3393 5789 qqutam
3435 5728 3533 5785 pro

298 5795 548 5869 ntenttttn
591 5802 730 5852 5::lis
794 5800 1089 5869 prolixum.
1148 5797 1301 5863 Quod
1364 5796 1707 5869 οιιιὶεἰιιιιιις,Δ
1746 5795 1874 5862 quia
1986 5797 2176 5851 diisse.

299 5868 610 5925 Turt'ianus
643 5885 744 5925 suo
775 5866 827 5925 iit
859 5870 1160 5940 exemplari
1192 5884 1297 5923 non
1332 5866 1555 5935 ruperit,
1579 5875 1632 5919 et
1662 5866 1875 5919 clut-tttn
