3870 6214
173 301 286 366 1377
1547 298 1696 364 OPU

1876 298 1963 358 .A.
3271 293 3404 358 1478

172 412 367 482 Πέτρον,
419 411 514 465 καὶ
583 409 834 475 Παῦλον,
891 411 986 462 καὶ
1055 411 1309 480 Ἰωάννην
1359 409 1537 472 εἴποις
1585 407 1700 463 εῗνα

1887 423 1974 461 um
1996 445 2012 472 ,
2067 413 2121 459 et
2151 404 2410 470 Paulum,
2453 413 2506 457 et
2532 401 2803 458 Joannem
2835 417 2959 458 esse
2991 409 3107 460 tres
3133 404 3408 473 homines,

167 508 296 577 τρεῖς
336 504 684 576 ἀνθρώπους,
728 501 1054 574 ὴριθμηκὼς
1111 501 1210 573 ἔσῃ
1265 502 1292 554 ὃ
1346 500 1421 573 μὴ
1484 501 1695 571 προέθοι

1882 497 2146 551 tmerabis
2178 537 2193 560 ,
2252 510 2396 568 quos
2445 509 2554 548 non
2603 502 2722 548 erat
2757 496 3100 564 propositum
3137 498 3410 566 subjicere

169 593 579 649 καθυποϐάλὶειν
611 592 854 666 ἀριθμῷ.
898 592 1228 664 Προέφημεν
1270 592 1379 661 γὰρ
1412 592 1448 622 ⁸³
1491 592 1583 644 τὸν
1625 589 1697 643 ἄν·

1880 605 2082 644 tmero.
2141 587 2391 643 Diximus
2439 587 2588 642 enim
2635 595 2795 641 antea
2855 587 3135 642 hominem
3199 591 3408 644 nullum

168 686 360 757 θρωπον
401 685 474 756 μὴ
525 679 667 738 εἶναι
706 684 913 754 μηδένα
946 683 1173 737 τούτων.
1219 684 1282 736 Ei
1315 684 1370 736 δὲ
1403 684 1498 736 καὶ⁸
1525 683 1691 736 αὑτοῦ

1877 698 2024 736 arum
2059 697 2205 737 esse.
2260 680 2316 734 Si
2350 690 2534 735 autem
2591 679 2692 735 hos
2727 681 2874 750 ipsos
2930 681 3077 736 dicas
3127 691 3236 737 tres
3267 699 3405 747 esse,

166 777 366 838 τούτους
423 773 563 831 εἶναι
623 778 773 846 τρεῖς
808 775 1010 844 λέγοις,
1069 777 1300 828 ἕκαστον
1340 773 1525 827 αὐτῶν
1574 776 1694 846 τρεῖ

1889 788 2280 843 unumquemque
2319 773 2520 827 borum
2553 773 2877 827 numerabis
2929 781 3083 838 tres;
3120 783 3177 827 ut
3213 784 3324 829 tres
3356 776 3411 829 in

166 869 494 939 ἀριθμήσεις,
532 867 674 920 ὥστε
708 865 837 929 τοὺς
868 867 1022 934 τρεῖς
1049 867 1128 927 εἰς
1155 865 1310 917 ὲννέα
1350 863 1694 916 πολυπλασια

1888 882 2019 921 irem
2062 866 2525 935 multiplicentur,
2568 865 2714 934 quod
2749 866 2865 918 ﬁeri
2899 880 3005 920 non
3039 875 3238 936 potest.
3275 866 3416 920 Hinc

169 962 362 1033 σθῆναι,
402 962 544 1031 ὅπερ
592 959 880 1013 ἀδύνατον.
924 959 1206 1012 Ἐντεῦθεν
1234 958 1550 1027 ἀναγκαίως
1608 960 1695 1010 εἰσ

1881 959 2144 1014 θεεεεετίο
2195 957 2434 1012 infertur
2458 999 2472 1022 ,
2513 973 2750 1022 nomen,
2787 958 2931 1026 quod
2965 959 3164 1028 cuique
3209 958 3409 1011 horum

167 1053 374 1123 φέρεται
398 1053 458 1104 τὸ
491 1051 806 1122 ἑφαρμόζον
833 1051 1013 1104 αὐτῶν
1043 1051 1259 1122 ἑκάστῳ
1278 1051 1496 1119 λογικὸν
1527 1051 1695 1122 ὄνομα

1886 1051 2108 1122 ingruit,
2142 1050 2377 1118 logicum
2411 1065 2558 1112 esse,
2588 1047 2736 1118 quod
2772 1058 2858 1104 est
2892 1050 3233 1119 hypostasis,
3269 1049 3414 1103 indi-

163 1145 190 1196 ὅ
219 1149 371 1205 ἐστιν,
402 1144 725 1206 ὑπόστασις,
766 1143 974 1213 ἄτομόν
1009 1159 1070 1194 τε
1115 1142 1210 1196 καὶ
1250 1143 1564 1215 πρόσωπον,
1597 1143 1691 1196 καί

1887 1142 2076 1204 duum,
2103 1156 2362 1212 persona,
2398 1148 2677 1209 quatenus
2708 1142 2978 1210 pr0positi
3009 1152 3186 1204 erant,
3223 1152 3280 1195 ut
3313 1159 3415 1195 nu-

163 1236 188 1288 ὃ
215 1237 260 1288 oi
293 1235 645 1307 προτεθέντες
700 1235 1078 1306 ἀριθμηθῆναι
1119 1235 1339 1306 ἀριθμῴ
1369 1235 1691 1307 καθυποσλη

1888 1242 2213 1296 erarentur,
2277 1232 2354 1284 ita
2393 1239 2450 1284 ut
2483 1231 2749 1284 dicantur
2780 1241 2890 1287 tres
2920 1231 3276 1302 hypostases,
3332 1233 3416 1288 vel

165 1328 428 1396 θήσονται,
465 1329 615 1396 τρεῖς
665 1327 1018 1389 ὑποστάσεις.
1061 1327 1094 1396 ἢ
1143 1328 1346 1398 ἄτομα,
1383 1327 1416 1397 ἢ
1457 1328 1688 1397 πρόσωπ

1889 1325 2142 1387 dividua,
2176 1324 2264 1377 vel
2311 1338 2588 1392 personae.
2625 1322 2682 1376 ln
2726 1323 2873 1377 hunc
2922 1324 3142 1377 modum
3190 1326 3417 1378 demon-

161 1420 448 1488 λεγόμενοι.
479 1419 635 1470 Κατὰ
664 1416 856 1470 τοῦτον
876 1418 939 1488 δὴ
973 1418 1064 1470 τὸν
1092 1418 1294 1486 τρόπον
1319 1419 1689 1471 ἀποδείκνυται

1888 1425 2066 1468 ratum
2085 1422 2190 1478 est,
2220 1430 2327 1468 non
2349 1429 2471 1468 esse
2487 1411 2731 1478 Patrem,
2757 1423 2810 1466 et
2841 1412 3063 1481 Filium,
3083 1425 3136 1469 et
3154 1415 3416 1484 Spiritum

166 1510 236 1580 μὴ
263 1506 394 1563 εἶναι
446 1509 536 1562 τὸν
584 1509 831 1579 Πατέρα,
866 1510 961 1562 καὶ
991 1509 1084 1562 τὸν
1111 1508 1270 1574 Υἱὸν,
1306 1511 1402 1562 καὶ
1459 1510 1522 1562 τὸ
1574 1512 1694 1578 ἆγιο

1897 1517 2080 1561 nctum
2125 1519 2236 1561 tres
2296 1507 2452 1568 deos,
2509 1508 2616 1562 etsi
2663 1508 3049 1575 unusquisque
3092 1508 3308 1561 illorum
3336 1516 3420 1562 est

101 1621 104 1624 ·
161 1603 371 1672 Πνεῦμα
423 1605 574 1672 τρεῖς
620 1601 874 1664 θεοὺ;,εί
927 1602 1268 1654 καὶτούτων
1318 1601 1549 1664 ἕκαστος
1599 1603 1629 1655 Θ

1889 1614 1981 1653 eus
2033 1599 2335 1668 perfectus,
2391 1598 2855 1666 quemadmodum
2915 1599 3150 1668 quisque
3199 1601 3417 1655 illorum

161 1695 271 1747 ἐστι
291 1695 511 1757 τέλειος,
540 1693 730 1762 ὥσπερ
778 1692 1010 1755 ἕκαστος
1039 1691 1267 1745 ἐκείνων
1311 1691 1602 1762 ἄνθρωπος
1642 1709 1689 1746 τε

1891 1707 1995 1746 »ιιιο
2020 1691 2324 1760 perfectus,
2362 1705 2470 1744 non
2497 1700 2680 1742 tamen
2707 1689 2968 1742 dicuntur
3000 1699 3112 1745 tres
3144 1691 3419 1746 homines.

160 1784 311 1848 λειος,
354 1785 470 1838 ἀλλ’
509 1786 570 1838 οὑ
607 1785 858 1852 λέγονται
901 1785 1050 1854 τρεῖς
1096 1782 1398 1852 ἄνθρωποι.
1436 1783 1495 1836 '0
1539 1785 1688 1855 Πατὴ

1894 1785 2196 1852 iterigitur,
2225 1791 2278 1838 ει
2301 1780 2498 1844 Filius,
2524 1789 2578 1835 et
2599 1779 2841 1849 Spiritus
2866 1791 3094 1836 sanctus
3120 1791 3234 1836 tres
3253 1784 3422 1852 hypo-

159 1878 348 1943 τοίνυν,
386 1879 482 1931 καὶ
517 1879 544 1929 ό
589 1878 738 1942 Υἱὸς,
791 1875 887 1930 καὶ
926 1875 987 1927 τὸ
1012 1875 1238 1946 Πνεῦμα
1284 1877 1347 1929 τὸ
1377 1876 1532 1944 ἅγιον
1581 1880 1687 1948 τρεῖ

1894 1888 2009 1936 uses
2045 1861 2177 1924 sunt
2206 1909 2222 1934 ,
2275 1871 2422 1926 sicut
2449 1871 2551 1924 illi.
2588 1870 2666 1924 Ex
2690 1870 2776 1924 his
2823 1887 3226 1940 cognoscemus
3245 1873 3422 1926 mani-

161 1971 291 2022 εἰσιν
338 1970 687 2034 ὑποστάσεις,
722 1969 912 2038 ὥσπερ
951 1969 1219 2022 κάκεῖνοι.
1268 1970 1364 2022 Ἐκ
1422 1969 1484 2039 δὴ
1540 1968 1689 2022 τούτο

1892 1972 1971 2019 ste
2027 1962 2404 2019 conﬁtendum
2473 1977 2648 2028 esse,
2718 1963 3004 2018 Christum
3054 1979 3178 2018 esse
3260 1980 3420 2019 unam

159 2056 472 2128 γνωσόμεθα
503 2059 712 2127 σαφῶς,
765 2059 876 2111 δεῖν
916 2056 1305 2128 ὁμολογεῖσθαι
1346 2060 1441 2111 τὸν
1494 2057 1687 2129 Χριστῖ

1893 2057 2174 2126 rpostasim
2236 2055 2290 2110 in
2354 2055 2571 2110 duabus
2625 2057 2844 2110 naturis
2901 2056 3073 2127 ('51).
3134 2057 3230 2112 Est
3276 2059 3421 2112 enim

157 2145 290 2204 εἶναι
327 2151 455 2219 μίαν
502 2151 803 2203 ὑπόστασιν
841 2151 900 2202 ὲν
928 2148 1049 2201 δυσὶ
1086 2148 1338 2217 φύσεσιν.
1374 2149 1532 2201 Ἐστι
1570 2149 1678 2219 γὰρ

1900 2149 2091 2202 iristus
2149 2155 2393 2202 aeternus
2466 2145 2564 2201 Dei
2628 2146 2849 2212 Filius,
2933 2148 3026 2218 qui
3105 2148 3428 2204 incarnatus

155 2243 382 2312 Χριστὸς
413 2245 441 2295 ὁ
474 2243 568 2296 τοῦ
605 2241 743 2294 Θεοῦ
801 2241 971 2302 ἀΐδιος
1007 2240 1133 2304 Υίὸς
1167 2241 1195 2292 ὁ
1231 2234 1680 2311 σαρκωθεὶς,’τοῦ

1897 2242 1951 2298 t,
2019 2235 2072 2288 id
2141 2244 2266 2300 est,
2330 2249 2438 2288 una
2500 2235 2818 2307 byposlasis
2865 2246 3074 2293 sanctae
3130 2237 3424 2294 Trinitatis

155 2333 318 2398 ἐστιν,
350 2336 384 2404 ἡ
420 2335 518 2404 μία
553 2334 653 2402 τῆς
705 2332 868 2401 ἁγίας
909 2331 1140 2402 Τριάδος
1182 2333 1482 2394 ὑπόστασις
1531 2349 1683 2404 σεσαι

1913 2337 2150 2392 :arnata,
2183 2337 2237 2380 et
2269 2327 2386 2380 haec
2423 2326 2770 2398 hypostasis,
2812 2335 3057 2383 aeternus
3090 2330 3306 2384 scilicet
3332 2318 3441 2383 Fi-'

155 2428 400 2498 κωμένη,
433 2423 529 2480 καὶ
562 2427 703 2497 αὕτη
746 2429 779 2498 ἡ
817 2425 1144 2492 ὑπόστασις,
1188 2429 1358 2499 ἧγουν
1399 2428 1570 2492 ἀΐδιος
1609 2429 1683 2480 Υἱι

1900 2433 1945 2473 ιε
1975 2428 2059 2474 εει
2096 2419 2237 2474 idem
2270 2419 2413 2475 Deus
2445 2421 2610 2474 simul
2645 2428 2700 2475 et
2736 2421 2924 2475 homo.
2972 2421 3154 2487 Quare
3186 2423 3280 2486 qui
3313 2423 3428 2476 vult

153 2520 298 2572 ἐστιν
337 2518 368 2570 ὁ
416 2518 577 2582 αὐτὸς
609 2517 740 2580 Θεὸς
787 2516 948 2588 ὁμοῦ,
992 2519 1087 2571 καὶ
1125 2517 1435 2588 ἄνθρωπος.
1473 2519 1679 2588 Βουλόμ

1903 2526 2134 2566 tmerare
2187 2511 2354 2566 Deum
2409 2523 2466 2568 et
2507 2514 2822 2576 hominem,
2872 2530 2996 2584 qua:
3023 2525 3154 2570 sunt
3190 2524 3431 2571 arternns

155 2627 237 2672 vx;
270 2609 452 2663 τοίνυν
483 2608 793 2679 ἀριθμῆσαι
831 2607 986 2671 Θεὸν,
1035 2609 1132 2662 καὶ
1175 2609 1484 2680 ἄνθρωπον,
1523 2609 1559 2662 ἆ
1592 2613 1683 2662 ἐστ

1908 2601 2012 2657 lius
2039 2641 2054 2665 ,
2109 2602 2164 2657 id
2198 2612 2283 2658 est
2323 2618 2433 2656 una
2484 2603 2836 2673 hypostasis,
2891 2620 3000 2658 non
3032 2615 3214 2675 potest
3241 2607 3429 2661 dicere

151 2703 322 2765 ἀΐδιος
343 2701 501 2766 Θεὸς,
531 2700 682 2754 τοῦτ’
713 2701 918 2772 ἔστινὴ
948 2701 1045 2771 μία
1075 2703 1394 2766 ὑπόστασις,
1423 2704 1484 2756 οὐ
1513 2701 1678 2756 δύνασ

1897 2709 1968 2749 sse
2006 2693 2107 2749 bos
2135 2694 2276 2750 duas
2316 2694 2666 2766 hypostases.
2701 2693 2811 2749 Nec
2846 2695 2992 2749 enim
3023 2711 3223 2751 nomen
3256 2696 3425 2761 Deus,

150 2793 375 2854 τούτους
413 2794 594 2845 εἰπεῖν
645 2793 978 2854 ὑποστάσεις
1018 2787 1159 2844 εἶναι
1218 2793 1330 2846 δύο.
1389 2791 1528 2846 Οὑτε
1573 2793 1678 2862 γὰρ

1896 2801 2022 2855 eque
2048 2801 2249 2841 nomen
2286 2786 2452 2840 homo
2478 2787 2800 2857 hypostasin
2823 2787 3120 2858 signiﬁcat.
3152 2787 3424 2859 llyposta-

153 2883 286 2946 Θεὸς
317 2883 508 2952 ὄνομα,
529 2882 654 2935 οὔτε
686 2882 766 2947 τὸ,
781 2882 1093 2952 ἄνθρωπος,
1115 2885 1418 2937 ὑπόστασιν
1451 2885 1681 2954 σημαίνε

1903 2894 1919 2932 ε
1950 2878 2096 2932 enim
2128 2877 2194 2934 de
2233 2879 2390 2932 nullo
2420 2881 2646 2933 omnino
2683 2880 3038 2948 prtedicatur.
3085 2881 3265 2946 Quare
3292 2881 3431 2936 nihil

168 2972 233 3024 Ἡ
268 2973 365 3041 μὲν
397 2972 698 3035 ὑπόστασις
730 2971 946 3033 οὐδενὸς
976 2972 1114 3034 ὅλως
1145 2977 1563 3044 κατηγορεῖται,
1600 2975 1696 3027 ὥστ

1904 2983 2042 3020 trum
2075 2976 2160 3026 est
2191 2968 2525 3039 hypostasis.
2569 2968 2760 3039 Neque
2792 2969 3010 3026 videtur
3039 2973 3206 3028 licere
3248 2972 3432 3028 dicere

153 3064 260 3116 οὑκ
283 3063 432 3116 ἐστιν
463 3063 616 3116 οὐδὲν
644 3063 854 3116 τούτων
891 3064 1211 3127 ὑπόστασις.
1251 3064 1388 3120 Οὔτε
1417 3065 1523 3137 μὴν
1560 3066 1676 3119 Eam

1907 3075 2016 3113 rum
2069 3070 2122 3115 et
2175 3061 2452 3117 hominem
2503 3061 2616 3115 duo
2669 3077 2896 3130 genera,
2930 3065 3200 3134 siquidem
3233 3082 3435 3120 unum-

150 3156 333 3207 εἰπεῖν
362 3153 452 3206 τὸν
474 3153 606 3206 Θεὸν
633 3153 726 3206 καὶ
757 3153 846 3206 τὸν
871 3119 1187 3223 ἄνθρωπον,
1221 3153 1314 3206 δύο
1337 3119 1492 3224 γένη,
1522 3154 1674 3206 ὲπειδ

1907 3155 2101 3220 totique
2128 3168 2302 3221 genus
2336 3152 2404 3207 de
2434 3119 2731 3220 speciebus
2761 3119 3096 3224 praedicatur
3122 3195 3138 3219 ,
3167 3159 3312 3226 quod
3346 3119 3435 3212 hic

151 3261 264 3316 περ
298 3245 534 3297 ἕκαστον
564 3244 723 3313 γένος
754 3244 890 3297 ἴδιον
919 3243 960 3274 ¹¹
996 3246 1421 3313 κατηγορεῖται·
1453 3245 1660 3298 τούτων

1905 3259 1956 3294 in
2005 3243 2083 3296 lit.
2138 3241 2327 3312 Neque
2354 3245 2618 3299 convenit
2669 3245 2853 3300 dicere
2883 3263 2978 3301 eos
3008 3247 3148 3302 duas
3195 3248 3433 3316 species.

149 3337 309 3390 οὐδὲν
341 3337 734 3405 κατηγορεῖται
759 3335 911 3388 ῐδιον.
960 3334 1101 3386 Ἀλλ’
1126 3333 1249 3386 οὐδὲ
1281 3334 1377 3387 δύο
1420 3335 1537 3405 εἴδη
1567 3336 1677 3406 ἁρμ

1905 3348 2207 3403 naquaeque
2262 3334 2410 3389 enim
2467 3336 2684 3404 species
2739 3337 2844 3390 sub
2870 3351 3072 3406 genere
3103 3338 3433 3393 collocatur.

145 3430 242 3494 ζει
275 3428 478 3490 αὐτοὺς
511 3426 793 3495 λέγεσθαι.
821 3425 1098 3479 Ἕκαστον
1130 3425 1241 3496 γὰρ
1286 3426 1470 3478 αὑτῶν
1511 3427 1618 3479 ὑπὸ
1652 3443 1673 3491 1

1913 3441 1992 3480 :us
2033 3433 2216 3480 autem
2267 3441 2378 3480 non
2412 3425 2576 3482 habet
2620 3442 2818 3498 genus,
2879 3429 2986 3483 sub
3011 3445 3122 3497 quo
3158 3431 3441 3485 collocan-

105 3583 117 3594 ο
143 3537 248 3584 νος
274 3520 555 3573 τάττεται.
581 3517 714 3580 Θεὸς
742 3517 799 3570 δὲ
830 3518 928 3586 οὑχ
978 3519 1056 3579 εἰς
1084 3517 1243 3584 γένος
1284 3517 1630 3587 ὑποταχθήσε

1909 3530 1953 3570 ιε
1979 3517 2076 3582 sit,
2118 3517 2267 3571 sicut
2295 3517 2458 3572 habet
2482 3518 2668 3571 homo.
2693 3519 3060 3585 Quamobrem
3097 3522 3273 3590 magis
3308 3538 3437 3592 pro-

141 3611 227 3674 ὡς
263 3611 384 3681 ἔχει
425 3609 734 3679 ἄνθρωπος,
764 3609 844 3662 διὸ
877 3607 1216 3679 κυριώτερόν
1259 3610 1408 3662 ἔστιν
1440 3608 1669 3680 ἁριθμῆε

1911 3608 2032 3661 ium
2066 3617 2188 3673 εει,
2232 3624 2530 3664 numerare
2561 3610 2674 3664 haec
2708 3610 2848 3664 duas
2883 3621 3146 3675 naturas,
3209 3621 3264 3667 et
3297 3613 3439 3669 duas

143 3701 338 3756 ταῦτα
379 3699 474 3752 δύο
521 3699 735 3768 φύσεις,
772 3698 866 3752 καὶ
899 3697 992 3751 δύο
1041 3697 1249 3764 οὐσίας.
1301 3698 1595 3770 Ἑκάτερον
1639 3717 1671 3768 γ

1907 3701 2213 3756 ibstantias.
2252 3703 2563 3773 Utrumque
2590 3704 2738 3758 enim
2779 3719 2970 3759 eorum
3007 3714 3176 3760 estet
3218 3719 3435 3774 natura,

145 3792 370 3857 αὐτῶν,
401 3791 497 3844 καὶ
525 3790 688 3859 φύσις
720 3790 896 3853 ἐστὶν,
931 3788 1024 3842 καὶ
1067 3788 1226 3842 οὐσία
1256 3792 1370 3851 τοῖς
1404 3783 1479 3842 ὧν
1507 3807 1673 3860 κατηγ

1953 3794 2267 3849 substantia
2336 3794 2404 3850 iis
2455 3795 2522 3850 de
2574 3795 2782 3865 quibus
2849 3797 3240 3866 praedicantur.
3292 3798 3439 3854 Nihil

149 3886 366 3956 ρεῖται.
396 3883 511 3936 Ούκ
543 3881 662 3952 ἔχει
703 3881 814 3952 γὰρ
847 3880 1001 3934 οὐδὲν
1036 3880 1146 3933 τῶν
1187 3879 1279 3950 ὑφ’
1317 3882 1594 3952 ἑκατέρων
1626 3899 1677 3934 τε

1910 3887 1998 3941 tim
2035 3886 2139 3942 sub
2168 3897 2404 3958 utroque
2437 3888 2630 3941 horum
2666 3887 2830 3943 habet
2865 3889 3255 3946 constitutivas
3280 3891 3438 3946 dille-

146 3993 268 4028 των
301 3973 635 4040 συστατικᾲς
689 3972 994 4044 διαφορὰς,
1059 3973 1229 4043 ἡγουν
1297 3972 1583 4035 οὑσιώδεις
1656 3989 1674 4025 a

1911 3980 2069 4034 ~ntias
2093 4020 2107 4044 ,
2139 3985 2225 4034 vel
2255 3979 2654 4035 substantiales
2685 3989 2739 4034 et
2773 3983 3053 4038 naturales
3079 4023 3094 4049 ,
3137 3990 3199 4036 ut
3231 3984 3301 4038 sit
3339 3999 3439 4037 na-

147 4066 428 4134 φυσικὰς,
459 4064 598 4116 ὥστε
621 4064 782 4133 φύσις
810 4065 903 4118 καὶ
934 4064 1116 4129 οὐσία,
1154 4063 1266 4118 τῶν
1291 4064 1335 4097 ¹³
1365 4063 1490 4118 καθ’
1513 4059 1588 4118 ὧν
1615 4081 1675 4119 κο

1913 4085 1984 4123 ira
2017 4108 2033 4132 ,
2068 4082 2123 4124 et
2159 4071 2470 4127 substantia
2506 4079 2804 4142 utrumque
2854 4087 3071 4140 eorum,
3121 4074 3189 4130 de
3237 4075 3441 4144 quibus

146 4161 478 4231 ηγορεῖται,
513 4157 779 4228 ἑκάτερον
807 4153 969 4212 εἶναι.

687 4175 779 4228 ρον
807 4153 969 4212 εἶναι.
1851 4159 2205 4229 praedicatur.

229 4251 342 4304 Διὰ
367 4249 582 4303 πολλῶν
611 4245 706 4301 οῦν
756 4248 1165 4312 ἀποδέδεικται,
1211 4248 1286 4319 μὴ
1321 4245 1460 4301 εἶναι
1501 4248 1600 4319 τὴν
1622 4249 1755 4302 ὑπό-

1923 4252 2090 4324 356
2135 4254 2584 4310 Demonstratum
2638 4255 2808 4327 igitur
2844 4267 2928 4313 est
2992 4259 3278 4327 pluribus,
3334 4275 3439 4312 non

152 4359 367 4395 στασιν
398 4343 584 4410 φύσιν,
635 4342 774 4412 μήτε
832 4340 940 4412 μὴν
988 4341 1178 4393 οὐσίαν
1212 4341 1310 4411 τὴν
1354 4341 1602 4413 λογικὴν,
1654 4359 1680 4395 τ

1916 4361 1988 4400 sse
2019 4346 2362 4416 hypostasim
2390 4356 2667 4409 naturam,
2697 4364 2877 4418 neque
2913 4350 3278 4403 substantiam
3311 4353 3444 4418 lngi-

153 4435 314 4487 κατὰ
383 4435 562 4486 πάντα
624 4434 826 4502 τρόπον
878 4430 1280 4500 περιθέουσαν,
1363 4431 1510 4502 ὼςή
1567 4431 1676 4502 φύσ

1913 4452 2008 4502 im,
2065 4453 2186 4507 quae
2224 4440 2488 4497 omnibus
2539 4439 2718 4493 modis
2752 4441 2990 4504 circuit,
3039 4442 3183 4496 sicut
3223 4451 3441 4496 natura.

165 4525 406 4596 Ἐπειδὴ
432 4525 489 4578 δὲ
526 4527 558 4596 ὴ
599 4521 882 4594 όρθοδοξία
907 4525 1096 4594 φησιν,
1145 4525 1222 4594 μὴ
1271 4520 1412 4577 εἶναι
1463 4525 1562 4596 τὴν
1594 4525 1693 4595 φύε

1916 4531 2003 4582 uia
2031 4545 2167 4584 vero
2199 4530 2505 4585 orthodoxa
2537 4532 2794 4586 doctrina
2823 4533 2978 4598 dicit,
3003 4549 3111 4588 non
3139 4550 3260 4588 csse
3284 4547 3444 4588 natu-

151 4617 476 4669 ὑπόστασιν
527 4615 658 4686 μίαν
708 4615 816 4668 τῶν
869 4615 992 4668 καθ’
1027 4610 1103 4669 ὧν
1155 4617 1584 4687 κατηγορεῖται,
1621 4619 1679 4688 μί

1917 4637 1979 4673 im
2011 4620 2356 4692 hypostasim
2384 4663 2398 4686 ,
2433 4638 2595 4676 unam
2624 4639 2815 4678 eorum
2843 4667 2857 4690 ,
2919 4625 2985 4680 de
3014 4625 3214 4694 quibus
3249 4627 3445 4696 praedi-

151 4707 299 4771 ὅλας
329 4707 430 4770 τὰς
464 4707 818 4772 ὑποστάσεις,
849 4707 969 4760 ὅσαι
997 4705 1064 4760 ἂν
1098 4707 1190 4760 ὑπ’
1225 4707 1395 4778 αὐτὴν
1423 4703 1553 4770 εἶεν,
1584 4704 1679 4763 οἷοι

1917 4723 2048 4780 itur,
2087 4730 2266 4783 neque
2295 4715 2584 4770 universas
2616 4715 2971 4786 hypostascs,
3009 4735 3132 4788 quae
3180 4722 3282 4773 sub
3326 4724 3445 4790 ipsa

152 4799 394 4870 Θεό-της,
425 4800 594 4870 ἡγουν
623 4801 648 4853 ό
675 4799 808 4864 Θεὸς
867 4801 968 4852 οὐκ
1004 4799 1122 4852 ἔστι
1158 4800 1346 4871 Πατήρ
1366 4816 1382 4832 ο
1410 4802 1456 4854 εί
1487 4802 1596 4873 γάρ
1642 4804 1680 4855 ἐι

1916 4816 2015 4871 int,
2054 4817 2113 4862 ut
2142 4809 2344 4874 Deitas,
2378 4809 2551 4875 idest,
2578 4810 2721 4867 Deus
2774 4828 2880 4865 non
2912 4823 2994 4868 est
3031 4813 3210 4876 Pater.
3230 4817 3273 4870 si
3301 4817 3444 4870 enim

150 4891 392 4962 Πατὴρ,
442 4890 661 4954 πάντως
693 4891 792 4944 ούκ
823 4885 892 4961 ἦν
936 4891 964 4942 ὁ
989 4889 1116 4954 Υἱὸς
1155 4890 1309 4953 Θεός.
1353 4891 1430 4943 υὺ
1470 4892 1579 4962 γὰρ
1613 4894 1678 4946 ἀν

1917 4915 2013 4954 tatis
2044 4907 2126 4954 est
2157 4899 2341 4967 Pater,
2368 4903 2620 4971 profecto
2650 4919 2758 4958 non
2793 4905 2899 4959 erit
2931 4904 3111 4962 Filius
3139 4906 3283 4964 Deus
3311 4908 3445 4978 (52).

1446 5069 1686 5123 VARIIE
1731 5070 2140 5128 LECTIONES.

240 5163 288 5198 ¹¹
331 5163 390 5219 ιη
428 5163 813 5235 suppositione
846 5163 1110 5233 simplici,
1142 5171 1202 5217 ut
1235 5173 1427 5218 vocant
1469 5157 1664 5233 logici.
1746 5167 1790 5197 ¹¹
1839 5170 1962 5222 κατ’
2013 5169 2212 5232 εἴδους.
2294 5170 2337 5202 ¹³
2374 5172 2454 5225 τό.

335 5265 359 5297 ⁸
1724 5277 1950 5336 ΝΟΤιΕ.

242 5367 372 5438 (51)
416 5367 514 5421 Est
541 5366 734 5448 dispar
777 5375 944 5448 ratio,
982 5367 1109 5436 quia
1162 5367 1248 5448 in.
1282 5368 1490 5448 divinis
1536 5377 1620 5423 est
1653 5385 1764 5448 una
1875 5371 2060 5448 Deitas
2086 5381 2199 5448 tota
2233 5384 2318 5448 est
2352 5375 2406 5428 in
2435 5375 2626 5439 Patre;
2656 5389 2706 5429 et
2735 5377 2814 5428 sic
2843 5375 3121 5445 perfectus
3153 5375 3296 5431 Dens
3326 5387 3448 5435 est:

149 5451 423 5494 numero
463 5445 661 5490 natura
703 5438 758 5490 in
818 5438 1008 5513 tribus
1030 5438 1302 5513 personis.
1366 5438 1423 5490 ln
1475 5441 1764 5513 proposito
1873 5444 2134 5513 sedquia
2173 5444 2225 5497 in
2266 5446 2359 5498 illo
2394 5459 2504 5499 non
2555 5458 2661 5511 est,
2699 5438 2960 5511 totaliter,
2993 5450 3095 5502 hoc
3127 5459 3210 5501 est
3257 5449 3354 5513 ita,
3393 5459 3452 5503 ut

153 5519 369 5589 autem
403 5515 532 5562 sunt
554 5516 930 5588 tt'eshumero
959 5508 1236 5563 distincta:
1267 5517 1478 5563 natura:
1512 5512 1764 5565 humanae
1872 5514 1926 5589 i_n
1952 5508 2092 5567 Filio
2113 5522 2168 5589 et
2209 5515 2416 5584 Spiritu
2455 5508 2654 5570 sancto
2687 5531 2790 5589 non
2825 5508 3088 5584 sit;'ideo
3114 5517 3248 5589 dicit
3275 5508 3444 5574 Tlieo-

158 5580 224 5633 in
255 5577 450 5651 gibus
475 5577 748 5651 personis.
888 5645 946 5651 __
1058 5647 1072 5651 _
1265 5647 1296 5651 __
1573 5649 1584 5651 _
1647 5650 1652 5651 γ
1871 5583 2065 5650 dorus,
2113 5577 2333 5638 Patrem
2385 5601 2492 5639 non
2550 5599 2672 5638 esse
2727 5577 3159 5651 υειιιιιτιάντως,
3210 5587 3310 5642 hoc
3344 5599 3449 5648 est.

246 5648 374 5729 (δὲ)
416 5645 547 5713 Quae
580 5649 696 5730 ‘ltoc
738 5649 857 5730 loco
888 5645 1762 5730 ΤΙιεοόονιιελιιὶεριιξοιηἀρίστῃ
1871 5645 2102 5730 ὑλικῶς,Δ
2127 5655 2388 5716 letaliter,
2409 5660 2545 5730 sire
2575 5656 2770 5730 solum,
2798 5673 2922 5730 cum
2974 5645 3294 5730 exclusione
3327 5645 3449 5713 Filii

151 5717 412 5794 γνὼμῃ,
454 5717 682 5772 candido
730 5721 930 5786 animo,
979 5717 1344 5789 interpretari
1389 5719 1569 5773 decet.
1601 5717 1760 5775 Nam"
1872 5733 1926 5780 et
1961 5726 2203 5794 Spiritus
2239 5729 2438 5782 sancti.
2469 5725 2531 5779 Et
2563 5727 2709 5796 quod
2747 5731 2812 5783 de
2837 5729 3002 5785 l’atrc
3031 5729 3280 5792 allirmat,
3310 5730 3450 5786 idem
