3912 6202
481 262 499 322 l
510 261 615 325 483

1691 244 2086 322 THEODORI
2126 263 2498 327 ABUCARAZ
3541 271 3627 336 tat

472 373 868 446 humanitatem
900 371 1104 428 Christi
1132 387 1240 427 non
1285 384 1411 427 esse
1457 377 1699 426 nostram
1739 371 2051 427 humanita-

2156 377 2265 430 Καὶ
2302 377 2465 432 πάλιν
2512 377 2560 430 εἰ
2589 374 2684 447 τὴν
2707 375 2802 430 τοῦ
2850 375 3096 448 Χριστοῦ
3146 394 3305 448 φασιν
3333 378 3628 462 Myro-uim;

474 482 604 530 lem,
636 473 860 536 cogetur
887 465 1072 519 dicere
1103 478 1211 518 non
1242 477 1366 518 esse
1419 461 1766 518 divinitatem
1821 464 2048 531 Christi,

473 561 818 616 divinitatem
885 555 1084 622 Patris,
1119 567 1172 611 ει
1199 554 1440 624 Spiritus
1500 556 1698 620 sancti,
1761 565 1926 624 atque
1979 557 2052 611 ita

475 661 591 706 tres
642 648 988 711 divinitatea,
1027 648 1142 702 sive
1193 645 1428 699 deitates
1493 645 1871 710 introducere,
1904 645 2052 716 quod

473 749 560 796 cst
612 740 865 796 excidere
922 739 1145 810 penitus
1179 737 1686 792 aChristianismo.
1746 736 1842 791 Sin
1867 746 2051 792 autem

475 832 605 887 illud
643 833 875 886 alterum
933 831 1102 894 dicat,
1142 828 1378 884 sufﬁciat
1429 829 1479 884 ei
1526 829 1619 898 qui
1681 829 1735 883 id
1769 828 1905 883 dicit
1939 835 2054 883 tur-

380 980 384 984 ι
473 923 702 991 pissima
733 921 1072 985 consecutio,
1101 935 1265 990 quam
1294 919 1743 990 diximuslprius.
1773 918 2054 985 Quamob-

471 1028 588 1068 rem
635 1013 779 1067 scire
809 1019 1022 1081 oportet
1079 1023 1305 1066 sanctos
1362 1009 1558 1066 Patres
1625 1012 1762 1066 alias
1828 1013 2051 1082 quidem

473 1119 740 1161 :eternum
778 1102 975 1158 Filium
997 1119 1060 1158 ex
1105 1102 1288 1167 Patre,
1312 1103 1450 1157 alias
1483 1117 1615 1156 vero
1645 1119 1710 1158 ex
1741 1103 2054 1159 substantia

474 1197 653 1252 Patris
683 1198 928 1266 genitum
970 1210 1095 1250 esse
1141 1193 1347 1249 dicere.
1392 1193 1501 1249 Nos
1536 1195 1701 1264 igitur
1735 1195 2053 1259 Orthodoxi,

412 1321 418 1336 ι
474 1305 598 1344 cum
656 1305 764 1344 non
796 1288 1036 1342 dicimus
1089 1288 1454 1342 substantiam
1482 1285 1662 1341 Patris
1688 1301 1812 1342 esse
1872 1289 2052 1358 ipsum

473 1384 714 1447 Patrem,
748 1382 842 1436 sed
869 1381 1028 1434 aliam
1067 1395 1176 1434 rem
1219 1390 1419 1450 praeter
1453 1379 1669 1434 Patrem
1694 1381 1832 1450 (35),
1874 1381 2055 1435 c0nti-

475 1490 586 1528 nuo
610 1475 663 1527 in
692 1489 792 1528 nos
820 1472 1137 1543 prosiliunt,
1169 1471 1447 1540 iactantes
1475 1485 1577 1526 nos
1605 1487 1729 1526 esse
1749 1472 2055 1542 deprehen-

473 1581 567 1621 sos
597 1567 650 1619 in
685 1580 750 1619 eo
799 1573 858 1618 ut
887 1564 1142 1618 dicamus
1201 1578 1264 1617 ex
1311 1563 1532 1618 duabus
1595 1564 1761 1619 rebus
1811 1563 2052 1634 genitum

470 1673 595 1713 esse
646 1655 872 1721 Filium;
928 1653 1128 1709 deinde
1180 1652 1400 1708 Patrem
1450 1654 1733 1708 numerari
1791 1669 1916 1708 cum
1951 1668 2050 1708 sua

2159 468 2232 538 μὴ
2273 465 2413 522 εἶναι
2447 469 2546 539 τὴν
2589 468 2866 539 ἡμετέραν
2914 467 3329 540 ἀνθρωπότητσ,
3367 471 3630 544 βιασθήτετιι

2155 561 2341 628 φάναι,
2391 561 2466 631 μὴ
2500 557 2640 614 εἶναι
2675 565 2774 631 τὴν
2811 561 3053 630 Χριστοῦ
3094 559 3315 632 Θεότητα
3360 563 3441 616 τοῦ
3467 565 3634 639 Ποτρδς,

2154 649 2370 703 καὶτοῦ
2411 651 2568 720 ἁγίου
2606 651 2932 720 Πνεύματος
2955 667 2969 680 ⁶
3004 651 3102 703 καὶ
3145 653 3208 704 ὲκ
3227 652 3405 706 τούτου
3435 660 3551 725 τρεῖς
3570 663 3636 712 ἑπ-

2153 739 2396 807 εισάγειν
2426 740 2748 812 θεότητας,ὃ
2779 742 2846 812 δὴ
2885 741 2982 794 τοῦ
3008 743 3416 813 Χριστιανισμοῡ
3440 749 3639 814 παντελῶς
3732 783 3738 788 -

2153 830 2271 882 ἐστι
2295 829 2590 895 ἔκπτωσις.
2625 833 2690 886 Εἰ
2717 833 2776 887 δὲ
2808 832 2946 886 αὐτὸ
2973 832 3157 903 ἕτερον
3181 833 3332 904 φαίη,
3366 836 3565 903 ἀρκεῖται
3587 839 3642 909 τῷ

2153 923 2576 994 ἀποφαινομένῳ
2603 922 2664 976 τὸ
2696 924 3090 992 παναξσχιστον
3105 923 3642 998 παρακολούθημα,ὅπερ

2154 1012 2465 1081 φθάσαντες
2489 1016 2816 1086 εἰρήκαμεν.
2871 1014 3072 1068 ’ἰστέον
3126 1013 3198 1079 ὡς
3233 1016 3280 1068 οἱ
3307 1016 3432 1085 ἅγιοι
3465 1020 3643 1090 Πατέρες

2155 1102 2234 1171 πῆ
2270 1102 2367 1172 μὲν
2391 1102 2482 1156 τὸν
2512 1104 2681 1157 ἀΐδιον
2708 1103 2841 1156 Υἰὸν
2871 1105 2938 1156 ὲκ
2967 1103 3059 1156 τοῦ
3095 1104 3317 1174 Πατρδς,
3354 1107 3417 1175 πῆ
3440 1105 3486 1158 δὲ
3511 1110 3560 1161 ὲκ
3574 1109 3644 1178 τῆς

2153 1193 2247 1246 τοῦ
2298 1194 2514 1265 Πατρὸς
2569 1197 2762 1258 οὐσίας
2801 1194 3141 1266 γεγενῆσθαί
3199 1213 3359 1264 φασιν.
3398 1197 3549 1269 Ἠμῶν
3574 1197 3641 1254 οὖν

2153 1284 2261 1337 τῶν
2325 1283 2647 1353 ὀρθοδόξων,
2717 1286 2793 1356 μὴ
2859 1284 2964 1356 τὴν
3021 1283 3117 1338 τοῦ
3164 1286 3349 1355 Πατρδς
3391 1288 3546 1340 οὐσίαν
3569 1289 3639 1342 αὐ-

2153 1375 2244 1430 τὸν
2305 1373 2446 1429 εἶναι
2499 1376 2591 1429 τὸν
2651 1377 2877 1449 Πατέρα
2939 1376 3226 1444 λεγόντων,
3265 1377 3537 1449 ἀλλὰ,παρά
3569 1381 3642 1433 τὸν

2155 1466 2417 1537 Πατέρα,
2483 1458 2832 1537 παραχρῆμα
2900 1467 3030 1520 καθ’
3091 1467 3242 1537 ἡμῶν
3299 1469 3492 1522 auom
3543 1471 3641 1523 δια-

2154 1553 2539 1626 θρυλλοῖΝτες,
2603 1556 2752 1625 ἡμᾶς
2811 1556 3182 1627 πεφωρᾶσθαι
3238 1556 3319 1608 τὸν
3356 1557 3456 1610 Υἱὺν
3489 1557 3639 1626 λέγον-

2156 1662 2298 1709 τας,
2357 1647 2421 1699 ὲκ
2466 1645 2562 1699 δύο
2626 1647 2968 1717 γεννηθῆναι
3041 1648 3384 1720 πραγμάτων·
3439 1643 3533 1701 εἶτα
3573 1650 3641 1701 τὸν

473 1749 781 1806 substantia
811 1790 826 1814 ,
857 1747 1003 1804 sicut
1043 1749 1098 1801 in
1129 1747 1513 1818 superioribus
1559 1749 1670 1817 jam
1701 1751 2048 1803 demonstra.

2155 1735 2375 1807 Πατέρα
2427 1737 2885 1808 συναριθμεῖσθαι
2952 1740 3022 1809 τῇ
3089 1739 3270 1792 ἑαυτοῦ
3324 1738 3458 1808 οὐσίᾳ.
3506 1738 3641 1803 καθὼς

471 1850 587 1896 tum
651 1850 751 1896 est.
814 1839 941 1894 Hzec
993 1838 1152 1893 nobis
1218 1838 1684 1907 respondentibus
1748 1845 2051 1892 occurrunt

472 1932 651 1987 insani
707 1930 783 1986 illi
814 1929 1059 1984 dicentes
1089 1946 1105 1982 :
1142 1929 1369 1983 Etiamsi
1405 1929 1598 1983 demus
1640 1944 1751 1984 rem
1779 1929 1851 1982 ita
1875 1943 1934 1984 se
1957 1928 2052 1983 ha-

472 2026 620 2089 bere,
642 2031 701 2078 ut
731 2025 885 2093 prius
922 2021 1264 2086 asseruiStis,
1299 2021 1518 2075 interim
1572 2035 1801 2075 necesse
1838 2019 2055 2076 habetis

472 2115 747 2170 afﬁrmare
771 2113 969 2167 Filium
995 2127 1102 2166 non
1134 2113 1287 2166 nasci
1319 2127 1382 2165 ex
1407 2112 1596 2166 eadem
1622 2126 1700 2166 re.
1735 2111 1950 2176 Quibus
1969 2127 2056 2166 re-

474 2205 1071 2278 spoudemus,pudore
1105 2204 1306 2271 stultos
1339 2203 1666 2259 allicientes:
1699 2202 1907 2258 Erratis
1929 2219 2056 2275 pro-

473 2299 638 2365 fecto,
674 2298 882 2361 miseri,
927 2312 1034 2352 non
1079 2297 1447 2367 intelligentes
1486 2311 1609 2368 qua:
1644 2296 1956 2366 signiﬁcent
1989 2310 2053 2351 ea

473 2409 594 2462 quae
632 2393 912 2447 dicuntur.
936 2388 1057 2445 Non
1089 2391 1234 2444 enim
1268 2389 1416 2443 sicut
1471 2387 1773 2456 conjicitis,
1801 2387 2055 2458 cogimur

473 2482 679 2536 dicere.
733 2479 849 2535 Etsi
879 2480 1024 2534 enim
1059 2479 1209 2532 aliud
1265 2477 1396 2548 quid
1437 2486 1520 2533 est
1577 2477 1778 2541 Pater,
1812 2487 1862 2531 et
1900 2478 2051 2532 aliud

472 2572 602 2642 quid
634 2571 952 2628 substantia
983 2569 1168 2625 Patris
1200 2569 1334 2640 (36),
1381 2582 1486 2624 nos
1532 2576 1712 2621 tamen
1756 2565 1956 2621 Filium
1987 2583 2052 2623 ex

472 2663 780 2718 substantia
821 2660 1026 2729 Patris,
1068 2659 1152 2716 vel
1186 2677 1251 2716 ex
1285 2659 1448 2715 Patre
1501 2659 1741 2730 genitum
1773 2673 1895 2714 esse
1927 2675 2051 2714 cum

471 2754 731 2821 dicimus,
763 2769 832 2809 ex
869 2753 1058 2809 eadem
1104 2767 1164 2808 re
1199 2753 1442 2822 genitura
1469 2766 1594 2806 esse
1651 2751 2052 2822 signiﬁcamus,

474 2861 582 2900 non
611 2859 676 2899 ex
703 2845 835 2910 alia,
863 2854 916 2899 et
944 2845 1071 2908 alia,
1099 2843 1263 2898 ahsit.
1292 2842 1606 2898 Sicutenim
1630 2850 1689 2896 tu
1720 2857 1843 2897 cum
1869 2843 2008 2898 dicis
2039 2861 2053 2898 :

473 2936 991 2992 Ponderaviaurum
1017 2935 1254 3000 nummi,
1283 2935 1463 3004 ipsum
1493 2948 1688 2987 aurum
1716 2932 2055 3002 ponderasse

471 3027 770 3099 signiﬁcas;
795 3035 848 3082 et
863 3041 1081 3092 rursus,
1099 3040 1223 3079 cum
1242 3025 1402 3088 dicis,
1418 3022 2051 3078 Ponderavihummum:

2157 1829 2216 1882 ἐν
2249 1831 2364 1892 τοῖς
2423 1829 2854 1901 προειρημένοις
2906 1831 3011 1902 ἤδη
3057 1830 3506 1901 προαποδέδεικτσι.
3537 1831 3640 1898 Πῷς

2157 1919 2360 1983 αὐτοὺς
2421 1921 2582 1992 ἡμῶν
2629 1921 3111 1992 ἀτωκρινομένων,
3163 1921 3359 1992 ἐροῦσιν
3412 1922 3455 1973 οἱ
3499 1938 3639 1992 φρενο-

2157 2009 2382 2072 ϐλαϐεῖς
2408 2025 2422 2038 °
2457 2009 2581 2063 Κᾶν
2601 2010 2763 2064 τοῦτο
2792 2010 2987 2080 δῶμεν
3009 2007 3166 2074 εἶναι,
3224 2012 3335 2065 καθ’
3356 2011 3388 2064 ἃ
3410 2013 3637 2082 προέφητε,

2152 2101 2290 2164 τέως
2323 2101 2452 2169 γοῦν
2493 2103 2878 2172 ἀναγκάζεσθε
2907 2104 3005 2158 τὸν
3037 2105 3160 2158 Υῑὸν
3187 2105 3346 2156 εἰπεῖν
3369 2105 3454 2156 οὐκ
3490 2107 3539 2156 ἐκ
3572 2101 3637 2157 τοῦ

2154 2191 2319 2245 αὐτοῦ
2348 2191 2514 2261 φῦναι
2559 2196 2916 2265 πράγματος.
2957 2197 3100 2266 Πρὸς
3149 2195 3233 2258 οὓς
3287 2195 3636 2266 ἀποκρινούμεθα

2153 2286 2281 2348 τοὺς
2323 2285 2585 2356 ἀνοήτους
2643 2287 3031 2358 ἐντρέποντες,
3093 2289 3286 2350 Ὄντως
3331 2287 3554 2339 πλανᾶσθε
3583 2287 3635 2355 μὴ

2155 2378 2374 2446 εἰδότες,
2423 2373 2469 2432 ὧ
2500 2379 2749 2446 τάλανες,
2801 2380 2874 2433 τὰ
2921 2381 3034 2433 τῶν
3087 2379 3368 2448 λεγομένων
3395 2379 3630 2448 ali/imam.

2155 2469 2228 2522 Οὐ
2265 2468 2395 2538 γὰρ,
2419 2469 2555 2540 ὅπερ
2579 2470 2985 2536 ὑποτοπάζετε,
3013 2471 3187 2538 λέγειν
3204 2469 3482 2540 βιαζόμεθα,
3499 2469 3632 2539 Εἱγᾶρ

2155 2562 2248 2614 καὶ
2267 2563 2295 2614 ό
2322 2561 2513 2633 Πατὴρ
2551 2561 2682 2617 ἄλλο
2710 2563 2762 2616 τί
2794 2565 2941 2629 ἐστι,
2999 2564 3094 2618 καὶ
3123 2565 3154 2635 ἡ
3185 2562 3272 2616 τοῦ
3319 2562 3493 2633 Harpe;
3523 2561 3634 2614 οὐσία

2155 2652 2282 2707 ἄλλο
2305 2669 2319 2683 ·
2350 2654 2466 2709 ἀλλ’
2511 2651 2606 2709 οὖν
2656 2657 2819 2726 ἡμεῖς
2851 2657 2949 2711 τὸν
2994 2656 3121 2710 Υῑδν
3166 2658 3228 2708 ὲκ
3255 2654 3345 2725 τῆς
3382 2654 3458 2707 τοῦ
3479 2651 3634 2721 [ἰατρὸς

2155 2743 2362 2809 οὐσίας,
2397 2746 2521 2817 ne:
2548 2746 2643 2800 τοῦ
2696 2749 2915 2819 Πατρὸς
2944 2740 3302 2818 γεγεννῆσθαι
3337 2745 3542 2813 λέγοντες,
3585 2744 3634 2794 ἐκ

2155 2833 2250 2888 τοῦ
2281 2835 2446 2889 αὑτοῦ
2489 2836 2650 2905 φῦναι
2695 2840 3033 2910 πράγματος
3063 2839 3392 2909 σημαίνομεν,
3410 2835 3486 2888 οὐκ
3509 2832 3554 2898 ἐξ
3569 2832 3634 2886 ἄλ-

2156 2927 2272 2991 λου,
2302 2929 2398 2982 καὶ
2422 2929 2606 2994 ἄλλου,
2665 2932 2740 3001 μὴ
2776 2932 3017 3000 γένοιτο.
3055 2931 3259 3001 Ὠσπερ
3295 2930 3384 2999 γὰρ
3411 2927 3460 2980 σὺ
3485 2926 3629 2992 λέγων.

2160 3022 2408 3092 Ἔστησα
2432 3021 2474 3054 1⁸
2498 3022 2587 3076 τὸν
2608 3023 2701 3077 τοῦ
2725 3025 3070 3096 νομίσματος
3087 3024 3295 3097 χρυσὸν,
3312 3022 3442 3074 αὑτὸν
3460 3017 3623 3072 statvi:-

470 3136 666 3176 anrum
684 3119 1022 3190 pouderasse
1043 3117 1207 3183 dicis;
1226 3116 1514 3172 character
1531 3115 1678 3171 enim
1698 3115 1814 3172 sive
1831 3116 2048 3186 signum

2155 3129 2222 3186 τῃ
2252 3114 2342 3167 τὸν
2393 3114 2591 3186 χρυσὸν
2639 3106 2866 3172 ἑστάναι
2905 3117 3168 3189 σταθμῷσ
3204 3117 3292 3171 καὶ
3327 3113 3459 3168 πάλιν
3489 3109 3626 3177 λέγων.

471 3209 812 3264 numminon
836 3207 1002 3278 359
1037 3205 1398 3278 ponderatur,
1433 3213 1492 3260 ut
1542 3205 1800 3260 omnibus
1860 3211 2047 3275 patet:

472 3301 555 3354 sic
583 3306 639 3352 ει
668 3314 790 3363 nos,
821 3300 923 3354 etsi
950 3299 1200 3352 dicamus
1243 3312 1306 3352 ex
1334 3295 1516 3362 Patre,
1545 3297 1628 3351 vel
1649 3312 1715 3352 ex
1743 3295 2055 3351 substantia

2169 3205 2506 3276 Ἐστάθμισα
2534 3206 2594 3260 τὸ
2626 3206 2895 3280 νόμισμα,
2962 3209 3056 3262 τὸν
3101 3207 3289 3280 χρυσὸν
3331 3198 3632 3273 σταθμίζεσθαι

2159 3298 2292 3368 φής’
2325 3298 2352 3350 ὁ
2379 3300 2486 3369 γὰρ
2519 3298 2615 3352 τοῦ
2647 3301 2993 3371 νομίσματος
3043 3300 3310 3372 χαρακτὴρ
3342 3297 3392 3350 οὐ
3418 3290 3630 3362 σταθμὶζε-

471 3390 652 3445 Patris
689 3390 936 3460 genitum
970 3403 1091 3444 esse
1132 3385 1350 3454 Filium,
1419 3402 1529 3442 non
1580 3388 1828 3457 cogimur
1873 3387 2051 3444 dicere

2158 3407 2269 3454 ται,
2297 3389 2371 3453 ὡς
2405 3393 2573 3444 πᾶσιν
2607 3390 2860 3464 εὗδηλον,ο
2891 3392 3064 3458 οὕτω,
3108 3393 3197 3446 καὶ
3219 3393 3377 3462 ἡμεῖς,
3402 3388 3487 3441 κᾶν
3511 3385 3632 3437 εἴποι-

475 3483 720 3546 genitum
747 3497 870 3537 esse
899 3497 964 3536 cx
988 3481 1203 3536 duabus
1229 3481 1414 3544 rebus,
1435 3480 1528 3535 sed
1559 3495 1624 3536 ex
1655 3494 1761 3532 una
1785 3491 1837 3534 et
1865 3480 2055 3536 eadem

474 3593 552 3630 re.
583 3573 650 3630 Ut
681 3589 900 3644 semper
920 3572 1226 3627 orthodoxa
1245 3571 1498 3626 doctrina
1528 3571 1728 3624 victrix
1753 3580 2048 3639 appareat,

471 3680 524 3723 ει
549 3667 768 3739 praemia
810 3666 1057 3720 victoriae
1108 3673 1301 3720 contra
1337 3663 1622 3718 haereticos
1671 3669 2046 3732 reportentur.

2164 3497 2283 3552 μεν,
2311 3482 2374 3535 ὲκ
2389 3481 2483 3536 τοῦ
2507 3484 2719 3555 Πατρός
2747 3485 2938 3550 οὐσίας
2969 3483 3310 3556 γεγεννῆσθαι
3331 3481 3404 3535 τὸν
3431 3479 3544 3541 Υξὺν,
3561 3477 3631 3528 οὐκ

2160 3573 2590 3646 ἀναγκαζόμεθα
2645 3577 2830 3647 λέγειν
2860 3579 3032 3634 αὐτὸν
3060 3582 3122 3633 ὲκ
3152 3578 3238 3632 δύο
3268 3576 3404 3646 φῦναι
3431 3567 3629 3642 πρ.2τμ⁴ί’

2155 3683 2287 3730 των,
2317 3667 2433 3721 ἀλλ’
2463 3669 2522 3735 ἐξ
2574 3671 2693 3734 ἐνὸς
2741 3672 2838 3724 καὶ
2865 3671 2965 3725 τοῦ
3018 3671 3180 3726 αὐτοῦ
3208 3669 3507 3740 πράγματος·
3529 3659 3626 3712 ὥστε

470 3763 568 3833 τὴν
589 3761 901 3833 όρθοδοξίαν
927 3761 1014 3813 ἀεὶ
1037 3759 1400 3830 τροπαιοῦχον
1423 3757 1732 3827 φαίνεσθαι
1754 3757 1848 3810 καὶ
1875 3756 1945 3810 τὰ
1965 3758 2064 3828 τῆς
2088 3761 2245 3831 νίκης
2269 3760 2498 3832 βραδεῖα
2522 3765 2820 3835 καθ’ἡμῶν
2843 3765 2958 3820 τῶν
2985 3764 3338 3839 αἱρετιξόντων
3363 3751 3624 3826 κομίζεσθαι·

542 3852 758 3908 Rursus
783 3853 1034 3906 exoritur
1060 3849 1220 3904 nobis
1254 3849 1360 3902 alia
1391 3848 1626 3902 istorum
1669 3848 2048 3916 percontatio:

471 3943 734 4000 Eternus
769 3942 962 4006 Filius,
1009 3953 1294 4010 assumpta
1335 3955 1527 4006 carne,
1562 3940 1872 4009 assumpsit
1900 3955 2053 3994 com-

473 4051 694 4090 munem
737 4049 878 4099 rem,
915 4048 982 4086 an
1035 4031 1463 4102 particularem?
1492 4042 1548 4084 ut
1578 4031 1624 4086 si
1657 4031 1906 4086 dicamus
1938 4047 2052 4088 rem

469 4127 860 4197 particularem
897 4123 1294 4188 assumpsisse,
1331 4121 1544 4177 crimen
1571 4122 1731 4176 nobis
1762 4124 1835 4177 sit
1869 4122 2056 4179 dicere

2223 3851 2392 3905 Πάλιν
2425 3854 2726 3924 ἐπιφύεται
2779 3859 2913 3929 παρ’
2951 3858 3133 3913 αὐτῶν
3181 3857 3299 3926 ἡμῖν
3333 3849 3539 3922 ἐρώτημα
3565 3843 3625 3894 λε’

2152 3941 2392 4010 γόντων·
2439 3943 2497 3997 'O
2548 3945 2718 4009 ἀΐδιος
2747 3946 2876 4011 Υἱὸς
2941 3948 3238 4021 σαρκωθεὶς
3272 3941 3421 3995 κοινὸν
3453 3937 3621 4005 πρᾶγμ³

2153 4033 2522 4105 προσειληφεν
2549 4037 2612 4104 “;
2651 4041 2699 4092 el
2730 4039 2986 4109 εἴποιμεν
3043 4039 3197 4094 αὑτὸν
3241 4034 3438 4106 πρᾶγμα
3463 4039 3622 4096 προσπ·

2152 4124 2381 4197 ληφέναι
2413 4130 2662 4200 μερικὸν,
2695 4132 2947 4204 ὲναχθείη
2960 4153 3064 4204 μεν
3095 4135 3149 4186 ὲν
3177 4124 3367 4200 Χριστῷ
3395 4120 3470 4175 δύο
3489 4118 3617 4183 λέγειν

471 4217 525 4272 iu
548 4216 768 4271 Christo
795 4215 932 4269 duas
956 4215 1307 4285 hypostases,
1336 4210 1616 4283 quomodo
1645 4211 1882 4267 dicimus
1914 4212 2051 4268 duas

2157 4218 2504 4284 ὑποστάσεις,
2536 4223 2596 4275 ὃν
2617 4225 2818 4294 τρόπον
2855 4225 3096 4298 λέγομεν
3125 4223 3213 4278 δύο
3235 4219 3423 4290 φύσεις·
3449 4205 3616 4264 κάντεῦ-

471 4316 722 4371 naturas,
754 4317 922 4378 atque
957 4307 1031 4360 ita
1068 4305 1376 4360 incidamus
1405 4303 1462 4358 in
1494 4302 1893 4360 exsecrabilem
1935 4307 2049 4375 opi-

473 4405 690 4457 nionem
716 4400 1200 4460 Nestorianorum;
1231 4396 1374 4466 apud
1404 4395 1530 4453 illos
1557 4397 1700 4452 enim
1736 4397 2052 4469 hypostasis

470 4502 556 4550 est
613 4509 699 4550 res
733 4490 1123 4563 particular-is;
1187 4498 1283 4542 aut
1341 4489 1494 4544 nullo
1543 4489 1707 4545 modo
1735 4490 1790 4544 in
1820 4490 2047 4546 Christo

471 4588 607 4642 duas
645 4595 872 4640 naturas
917 4581 1305 4646 conﬁteamur,
1338 4581 1483 4636 sicut
1514 4595 1692 4652 neque
1713 4581 1851 4638 duas
1883 4582 2049 4653 hypo-

2162 4310 2254 4365 θεν
2281 4312 2356 4383 τῷ
2386 4313 2538 4384 βδελυ
2549 4316 2773 4388 ρωτάτῳ
2816 4318 2925 4372 τῶν
2953 4312 3313 4388 Νεστοριανῶν
3341 4297 3611 4373 συνεμπεσεῦ

2161 4405 2471 4476 φρονήματι
2508 4408 2661 4479 (παρ’
2685 4409 2915 4473 ἐκείνοις
2947 4413 3063 4482 γὰρ
3080 4400 3345 4463 ὑπόστασις
3364 4401 3457 4450 ἐστι
3478 4391 3525 4482 το
3546 4403 3612 4456 με’

2161 4494 2312 4564 ρικδν
2347 4478 2633 4569 πρᾶγμαν
2668 4499 2700 4569 ἢ
2740 4501 3010 4572 μηδαμῶς
3033 4478 3101 4554 ἰν
3130 4491 3324 4567 Χριστῷ
3355 4488 3430 4541 δύο
3473 4478 3610 4572 gara;

2159 4587 2466 4657 ὁμολογεῖν,
2526 4590 2602 4655 ὡς
2655 4591 2777 4646 οὐδὲ
2820 4593 2914 4646 δύο
2958 4593 3293 4651 ὑποστάσεις·
3341 4581 3430 4636 κάκ
3471 4570 3607 4626 τούτου

1801 4697 2035 4755 VARle
2060 4699 2466 4760 LECTIONES.

547 4818 591 4848 “’
625 4814 775 4872 Fort.
821 4815 1154 4886 ὲστάθμισα.
1236 4817 1280 4848 ⁸⁸
1318 4815 1351 4884 ἢ
1386 4815 1658 4888 μερικόν;

2031 4897 2263 4958 NOTAE.

547 5017 658 5080 (35)
701 5013 882 5073 Schol.
922 5013 1200 5070 Turriaui.
1227 5046 1290 5054 —
1314 5016 1370 5068 ιιι
1404 5021 1513 5075 est,
1538 5013 1760 5068 differre
1790 5012 2049 5068 substan-

476 5091 606 5142 tiam
632 5089 812 5144 Patris
843 5088 912 5141 ab
938 5096 1059 5141 actu
1093 5087 1382 5148 notionali,
1409 5085 1502 5155 qui
1529 5094 1612 5139 est
1643 5098 1924 5155 genelgre,
1954 5084 2049 5153 qui

473 5168 706 5215 vocatur
734 5175 763 5214 a
818 5157 1076 5228 Dionysio
1111 5172 1199 5213 res
1246 5151 1447 5219 Patris,
1493 5151 1913 5228 sicut_‘res__Fili_i
1965 5151 2049 5209 est

473 5230 748 5299 generari.
777 5228 884 5284 Nec
917 5222 1065 5283 aliud
1103 5230 1214 5282 vult
1239 5241 1404 5298 quam
1435 5225 1732 5299 essentiam
1757 5222 1960 5299 Patris,
1997 5231 2053 5279 et

477 5295 886 5422 fiaternitatem,
913 5314 1007 5368 per
1060 5314 1224 5371 quam
1261 5295 1423 5353 Pater
1453 5306 1538 5352 est
1591 5295 1774 5360 Pater,
1833 5295 2051 5350 ratione

477 5382 760 5422 lhllllﬂlll.

473 5373 760 5440 tli~tiugui.

545 5433 662 5510 (56f
699 5439 813 5494 Non
874 5441 1125 5510 concedit
1167 5438 1314 5494 aliud
1346 5452 1486 5510 esse
1533 5435 1773 5510 Patrem.
1803 5440 1856 5488 et
1899 5433 2048 5488 aliud

473 5507 835 5566 substantiam
889 5509 1088 5564 Patris.
1136 5510 1191 5562 In
1264 5509 1532 5563 'l‘rinitate
1598 5507 1743 5561 enim
1800 5519 1906 5558 non
1966 5513 2051 5558 est

471 5583 638 5646 aliud,
664 5591 718 5636 et
749 5582 914 5642 aliud,
953 5580 1048 5631 εεετι
1100 5583 1266 5641 alius,
1315 5590 1370 5632 ει
1411 5581 1588 5644 alius;
1617 5578 1728 5630 imo
1759 5582 1920 5643 negat
1955 5589 2052 5646 po-

473 5656 602 5722 tius,
625 5644 752 5723 quia
781 5651 825 5706 si
871 5661 976 5704 nor.
1007 5658 1092 5704 est
1122 5649 1249 5714 alia,
1279 5660 1328 5704 et
1357 5651 1460 5704 alia
1493 5664 1602 5716 res,
1628 5663 1738 5704 non
1771 5644 2046 5712 estaliud,

2151 5025 2217 5089 et
2236 5016 2409 5072 aliud.
2455 5016 2681 5073 Summa
2718 5027 2846 5074 est:
2895 5019 3103 5077 Patrem
3130 5027 3178 5074 et
3219 4992 3600 5089 substantiam

2152 5088 2253 5162 tris
2287 5102 2414 5144 esse
2463 5103 2633 5162 unam
2665 5089 3030 5162 eamdemque
3086 5078 3593 5162 siinplicissimgtrjfgf'jf

2153 5134 2252 5230 {ea
2289 5134 3595 5230 impie?"ni'nn‘iiZiEtBWéES“136559;;realiiagg;

2153 5205 3592 5300 ῐίπῖοιῖἐἜέὶξὶιίἐπ’ἐιὲἱίἱὲἑγῖῗριῖεῖἓιιῖἰίξῐιιέῃιῑειηΐειξιάξξιξ

2151 5277 3206 5385 ἱίῖῖιὲἒιῖεξπῖπἩίέἶίῖτξέὶῖὸίίειῖῖῗίειξξίΐιι
3249 5277 3588 5385 τιέὲξιὲἱίῐεδξηὲζ

2156 5353 2418 5442 ternitate
2473 5353 2578 5424 seu
2603 5353 3204 5442 actuﬁnotiou'aliPatris
3231 5353 3439 5442 enitr-mf?

2157 5421 2302 5511 quae
2317 5421 2320 5422 ⁷
2333 5421 2444 5493 non
2473 5421 2661 5510 potest
2680 5421 3584 5511 imi-issu*zie'subsanuagegfgggg;

2159 5485 2460 5570 ἶίῖιίῖειὶίξξ.
2473 5485 2917 5566 ἐἶ’ἶνῖἱεέἶῖὲὲἓέξ
2936 5485 3383 5574 ’[ηξῖιῖιὶῖἷέέρειίι
3408 5485 3566 5544 Tltde

2159 5595 2276 5646 rus,
2300 5583 2558 5650 quamvis
2583 5581 2896 5638 obscurius.
