3912 6202
299 204 441 297 nas
502 284 515 287 -
1708 231 2125 295 OPUSCULA.
3433 230 3567 297 H86

298 340 529 411 Σευηροὶ
561 339 605 373 "
659 338 999 415 χρηματίσαι
1039 336 1469 412 συνωσθείημεν,
1544 341 1675 413 μίαν
1735 339 1879 398 εἶναι

2003 351 2186 410 ιιιιεεε,
2220 350 2387 413 atque
2417 343 2491 398 ita
2546 341 2830 399 Sereriani
2884 342 2992 398 dici
3030 341 3457 419 eom‘pellamur,
3493 346 3575 401 di-

300 434 463 505 φύσιν
499 433 592 488 τὸν
620 433 856 506 Χριστὸν
900 431 1189 502 λέγοντες,
1218 432 1278 487 δν
1316 433 1520 505 τρόπον
1553 434 1684 506 μίαν
1718 435 1884 490 αὐτόν

2003 442 2179 491 :eutes
2235 434 2517 491 Christum
2563 449 2686 490 esse
2717 449 2880 489 uuam
2930 441 3209 499 naturam,
3241 435 3389 490 sicut
3432 434 3578 490 dici-

305 543 481 596 φαμεν
508 525 827 589 ὑπόστασιν,
860 525 996 597 ὅπερ
1023 524 1141 578 ἐστὶ
1166 524 1532 597 ψυχολεθρίας
1554 525 1882 597 ἀνάμεστον.

306 619 363 670 Εἰ
383 616 439 669 δὲ
464 617 641 671 κοινὸν
690 619 925 689 πρᾶγμα
953 618 1380 691 προσειληφέναι
1407 620 1500 674 τὸν
1534 621 1661 681 Υἰόν
1682 638 1884 693 φαμεν,

302 707 730 775 ἐπεμσαίνουσιν
774 710 904 780 ἡμῖν
936 709 1135 762 αὐτίκα
1164 710 1494 780 φάσκοντες
1526 713 1651 777 Πῶς
1686 714 1719 765 ὁ
1759 714 1889 778 Υἰὸς

306 801 602 870 σαρκοῦται
642 800 803 854 τοῦτο
840 801 1255 873 προσειληφώςς
1304 803 1416 857 τῶν
1463 804 1743 859 ἀδυνάτων
1779 805 1890 877 γάρ

307 894 455 946 ἒστιν
482 892 776 965 ἀσώματόν
812 913 865 949 τι
907 895 1312 965 σωματωθῆναι
1360 897 1562 950 ὲνωθὲν
1590 899 1887 969 ἀσωμάτῳ.

306 983 452 1053 Πρὸς
480 982 571 1047 οὓς
596 986 996 1055 ἀπαντήσωμεν
1014 1001 1029 1016 ο
1068 985 1143 1038 Uti
1182 987 1500 1056 νενοήκατε,
1534 987 1783 1057 λέγοντες
1802 1028 1817 1053 ,
1846 982 1891 1043 ὦ

305 1066 477 1138 οὗτοι,
505 1075 594 1129 τὸν
621 1077 729 1130 τῶν
756 1076 1065 1147 φιλοσόφων
1088 1077 1291 1131 σκοπὸν
1314 1080 1639 1150 εἰρηκότων,
1665 1081 1893 1150 ἀσώμα-

306 1183 401 1219 τον
425 1164 563 1220 εἶναι
593 1169 654 1221 τὸ
674 1170 873 1223 κοινόν.
920 1169 1148 1222 Ἐκεῖνοι
1174 1170 1284 1242 γὰρ
1320 1171 1573 1239 λέγοντες
1602 1170 1893 1241 ἀσώματον

309 1252 449 1311 εἶναι
476 1260 583 1312 πᾶν
610 1242 788 1328 γένος,
814 1261 910 1314 καὶ
934 1255 1096 1323 εἶδος,
1124 1262 1218 1314 καὶ
1249 1262 1381 1316 αὑτὸ
1406 1263 1467 1316 τὺ
1508 1263 1691 1333 σῶμα,
1726 1262 1784 1317 τὸ
1829 1266 1895 1317 ὲκ

308 1352 408 1420 τῆς
434 1350 622 1413 οὑσίας
656 1352 753 1420 τῆς
785 1352 1071 1417 ἀνωτάτω,
1111 1353 1235 1423 ἥτις
1282 1354 1502 1422 λέγεται
1530 1355 1895 1423 γενικώτατον

309 1443 468 1509 γένος
499 1442 899 1513 διαιρούμενον,
920 1443 1213 1515 ἀσώματον
1235 1441 1372 1499 εἶναι
1393 1446 1631 1515 λέγουσι.
1661 1448 1753 1501 Διὸ
1775 1448 1896 1503 δέον

309 1534 660 1597 ἐπίστασθαι,
699 1534 775 1598 ὡς
810 1534 871 1588 τὸ
897 1535 1189 1606 ἀσώματον
1219 1537 1391 1608 ὖνομα
1425 1539 1569 1592 κατὰ
1594 1540 1722 1602 τοὺς
1745 1541 1896 1611 φιλο-

310 1625 510 1694 σόφους
538 1623 847 1697 ὁμωνύμως
874 1643 934 1679 τε
988 1626 1086 1679 καὶ
1126 1628 1393 1699 ἀορίστως
1416 1630 1658 1700 λέγεται,
1692 1632 1894 1702 μᾶλλον

306 1717 367 1770 δὲ
396 1718 697 1791 συλλήϐδην
720 1719 918 1788 φάναι,
956 1721 1155 1775 ἐκείνοι
1185 1722 1288 1792 τὴν
1322 1721 1457 1791 ὓλην
1476 1740 1488 1756 ·
1526 1727 1620 1778 καὶ
1650 1725 1712 1779 τδ
1750 1722 1894 1791 εἶδος

308 1810 373 1878 ἐξ
397 1803 473 1863 ὧν
495 1810 566 1864 τὰ
598 1810 849 1882 σώματα,
883 1812 979 1865 καὶ
1003 1813 1222 1884 χρῶμα,
1244 1814 1341 1867 καὶ
1369 1817 1477 1869 πᾶν
1500 1816 1708 1889 σχῆμα,
1727 1818 1895 1889 ἤγουν

309 1903 495 1956 πᾶσαν
522 1903 781 1974 ποιότητα
810 1902 1069 1958 καλοῦσιν
1119 1902 1411 1976 ἀσώματον
1456 1907 1559 1977 τήν
1597 1924 1657 1961 τε
1688 1907 1894 1981 ψυχὴν,

308 1996 558 2057 καὶτοὺς
585 1996 870 2066 ἀγγέλους,
896 1996 992 2051 καὶ
1023 1996 1157 2050 αὐτὸ
1181 1997 1241 2051 τὸ
1270 1996 1434 2061 θετον,
1458 1992 1543 2053 ὧν
1566 2000 1626 2053 οὑ
1655 2000 1757 2072 μία
1800 2002 1899 2056 καὶ

306 2090 349 2159 ἡ
374 2088 515 2160 αὑτὴ
550 2089 660 2143 τῶν
683 2090 939 2145 ἀπάντων
967 2091 1002 2160 ἡ
1019 2089 1203 2159 φύσις,
1238 2091 1378 2147 ἀλλά
1430 2092 1626 2147 πολλαὶ
1649 2095 1743 2149 καὶ
1778 2095 1896 2151 διά-

306 2197 490 2253 φοροι,
521 2182 596 2247 ὡς
618 2182 869 2237 ἐντεῦθεν
890 2182 1219 2237 πιστοῦσθαι
1246 2184 1433 2254 σαφῶς
1456 2186 1767 2257 ὁμωνύμως
1804 2188 1900 2241 καὶ

302 2274 584 2346 ἀορίστως
615 2274 872 2343 λέγεσθαι
893 2275 953 2330 τὸ
977 2274 1266 2346 ἀσώματον
1300 2276 1495 2349 δνομα,
1524 2279 1668 2333 κατά
1689 2279 1900 2334 πολλῶν
1924 2330 1933 2339 ,

310 2367 719 2437 »σημαινόμενον
741 2368 805 2435 ιδ,
837 2368 934 2421 καὶ
971 2370 1039 2439 τῇ
1067 2367 1229 2437 φύσει
1262 2368 1634 2440 διαφερόντων
1662 2372 1901 2444 φερόμε-

317 2468 427 2507 νον.
454 2453 528 2506 Τὸ
567 2456 728 2526 σῶμα
757 2458 957 2525 τοίνυν,
1010 2459 1109 2512 καὶ
1161 2459 1263 2512 ὅσα
1312 2460 1419 2514 ὑπὸ
1454 2461 1515 2514 τὸ
1558 2461 1722 2533 σῶμά
1782 2465 1903 2518 ἑστι

310 2545 496 2610 -κοινά,
543 2541 655 2600 οἷον
683 2548 946 2620 ἔμψυχον,
981 2549 1141 2616 ζῶον,
1175 2551 1484 2619 ἄνθρωπος,
1521 2552 1789 2625 ἀσώματα
1812 2572 1905 2611 κα-

302 2633 537 2692 λοῦνται
572 2638 707 2711 (57).
753 2640 973 2713 Ἐπειδὴ
1001 2641 1212 2696 τούτων
1240 2644 1471 2697 ἕκαστον
1494 2645 1749 2716 αἰσθήσει
1804 2646 1904 2717 μὲν

299 2727 414 2799 -οὑχ
443 2730 764 2794 ὑποπίπτει,
818 2733 953 2788 ἀλλά
984 2732 1067 2787 νοῒ
1121 2733 1608 2804 καταλαμϐάνεται
1631 2752 1645 2767 ·
1679 2737 1739 2789 οὑ
1793 2737 1904 2808 γάρ

198 2835 217 2852 ο
314 2820 454 2874 εἰσιν
489 2821 673 2882 αὐτοῖς
712 2822 977 2891 ἰδιότητες
1029 2823 1329 2893 ὁριστικαὶ,
1378 2824 1503 2877 καθ’
1548 2824 1616 2889 ἀς
1650 2825 1903 2895 αἰσθήσει

315 2910 913 2952 ναθυποόλῇθῆηονται
970 2912 1049 2952 Τὰ
1110 2912 1294 2952 ηέυτηο
1344 2913 1520 2952 δέρων,
1659 2916 1779 2952 νηιν
1827 2896 1971 2952 ,τιυϐ

1657 2916 1779 2969 καθ’
1814 2910 1903 2969 ὦν

315 2910 916 2982 καθυποσληθήσονται.
970 2912 1050 2964 Τά
1109 2912 1296 2982 μέντοι
1344 2913 1522 2985 ἄτομα
1552 2954 1567 2980 ,

313 3000 490 3056 ταῦτα
515 3001 945 3072 κατηγοροῦνται
975 3042 991 3067 ,
1043 3002 1276 3074 σώματά
1314 3007 1485 3070 ἐστιν,
1530 3006 1606 3070 ὡς
1648 3007 1757 3061 ὑπο
1804 3007 1904 3080 τὴν

313 3095 572 3167 αἴσθησιν
603 3096 904 3150 πίπτοντα·
933 3096 1188 3167 ὁριστικά
1238 3098 1347 3167 γὰρ
1376 3097 1593 3168 ἔχουσιν
1614 3099 1902 3170 ἰδιώματα.

313 3190 466 3263 Πλὴν
491 3194 539 3244 εἰ
569 3194 660 3245 καὶ
684 3191 744 3244 τδ
770 3191 950 3245 κοινὸν
983 3191 1164 3261 σῶμα,
1207 3190 1303 3244 καὶ
1346 3192 1474 3245 ὅσον
1521 3193 1670 3245 ἐστὶν
1713 3194 1819 3245 ὑπὸ
1847 3194 1908 3246 τὸ

304 3283 499 3338 κοινὸν
525 3283 612 3337 διά
628 3283 689 3337 τὸ
720 3282 987 3355 μηδαμῶς
1005 3283 1279 3353 αἰσθήσει,
1309 3283 1444 3337 ἀλλά
1472 3281 1548 3353 νῷ
1584 3282 1744 3354 μόνον
1766 3279 1909 3339 εἶναι

312 3375 546 3447 ληπτὸν,
570 3375 861 3447 ἀσώματον
886 3377 1127 3445 λέγεται’
1165 3376 1280 3431 ἀλλ’
1306 3370 1405 3431 οὖν
1424 3377 1581 3446 φύσει
1608 3376 1766 3449 σῶμα
1786 3377 1911 3432 καθο

312 3468 551 3541 ἕστηκεν
570 3484 584 3498 ·
613 3469 994 3541 παραπλήσιον
1023 3469 1070 3523 δ’
1101 3468 1170 3524 ἂν
1199 3469 1288 3541 εἴη
1310 3468 1473 3524 τοῦτο
1501 3469 1581 3541 τῷ
1617 3470 1805 3534 ἀπλῶς
1830 3470 1912 3524 λεο

302 3562 539 3634 Δγομὲνῳ
563 3561 770 3632 κύκλῳ,
797 3562 876 3635 τῷ
906 3564 1176 3636 γραμμὰς
1229 3563 1515 3635 ὁριπικάς
1548 3564 1651 3618 οὑκ
1707 3563 1908 3636 ἔχοντι.

324 3654 393 3709 Ὀ
426 3655 534 3727 γὰρ
584 3654 826 3720 τοιοῦτος
866 3655 1065 3719 κύκλος
1114 3656 1275 3726 φύσει
1309 3656 1411 3727 μὲν
1458 3655 1746 3728 μετρητὸς,
1784 3656 1910 3711 καθ’

312 3748 344 3803 ὃ
370 3748 435 3803 δὲ
460 3749 725 3821 γραμμὰς
755 3748 1037 3821 ὁριστικάς
1057 3750 1158 3802 οὐκ
1177 3748 1310 3819 ἔχει,
1330 3749 1582 3819 οὐδαμῶς
1612 3749 1910 3805 ὑποπίπτει

316 3844 625 3913 μετρήσει·
673 3841 773 3893 οὑκ
803 3840 915 3911 ἔχει
957 3841 1066 3910 γὰρ
1098 3840 1375 3911 ὁριστικδν
1429 3842 1664 3914 σταυρὸν
1688 3882 1704 3906 ,
1748 3842 1815 3898 δι’
1845 3836 1906 3898 οὗ

314 3931 491 3995 ποσός
537 3933 658 3985 ἐστι
692 3933 1006 4004 γνωσθῆναι
1032 3934 1354 4006 δυνήσηται.
1406 3935 1577 3990 Ἐπάν
1617 3936 1674 3989 δὲ
1705 3936 1909 4001 κύκλος

315 4027 550 4095 γένηται
585 4025 845 4096 μερικῶν,
877 4025 1095 4090 εἰδικῶς
1145 4044 1228 4091 τε,
1284 4026 1379 4081 καὶ
1411 4028 1706 4099 ὁριστικῶς
1741 4030 1784 4063 ¹⁹
1815 4032 1909 4084 εὑ-

313 4118 462 4181 θὲως
482 4119 678 4172 ὁπόσον
712 4118 830 4188 ἔχει
864 4118 1093 4189 μέγεθος
1128 4120 1513 4190 μετρήσειγκαὶ
1562 4120 1911 4193 περιορισθή-

1927 1684 1970 1739 Β

1988 541 2113 583 mus
2138 541 2264 583 esse
2289 542 2417 582 eum
2467 542 2631 581 unam
2667 526 3036 598 hypostasim,
3060 526 3212 597 quod
3243 537 3330 583 est
3353 529 3575 598 plenum

1991 618 2248 674 interitus
2266 621 2486 675 animae.
2515 617 2612 673 Sin
2645 626 2827 672 autem
2846 632 3195 673 communem
3221 633 3337 674 rem
3375 618 3577 675 Filium

1991 711 2360 779 assumpsisse
2388 709 2713 773 dixerimus,
2742 708 3015 763 insultant
3076 710 3266 764 statim
3300 710 3463 767 nobis
3492 710 3579 765 di-

1992 801 2521 867 centeszﬂuomodo
2554 798 2724 854 Filius
2752 800 3079 853 iuearnatur
3096 798 3376 853 communi
3397 814 3456 854 re
3487 813 3579 853 as-

1993 892 2246 958 sumpta?
2283 875 2622 961 impossibile
2653 889 2801 945 enim
2833 898 2920 946 est
2944 889 3150 963 aliquid
3181 890 3578 961 incorporeum

1993 992 2345 1054 corporatnm
2409 982 2527 1038 fieri
2576 984 2895 1054 copulatum
2946 983 3298 1055 incorporeo.
3364 984 3579 1051 Quibus

1993 1073 2395 1130 occurrendum
2418 1080 2539 1129 est:
2571 1073 2687 1128 Non
2718 1074 3095 1141 intellexistis,
3131 1091 3164 1130 o
3188 1075 3343 1141 boni,
3372 1091 3579 1147 propo-

1994 1167 2161 1221 sitqu
2188 1166 2668 1237 philosophorum,
2709 1183 2834 1223 cum
2869 1168 3152 1235 dixerunt,
3180 1169 3578 1239 incorporeum

1995 1275 2119 1314 esse
2143 1273 2451 1314 commune.
2490 1258 2624 1314 Nam
2657 1276 2779 1315 cum
2806 1259 2997 1315 dicunt
3044 1261 3436 1335 incorporeum
3459 1276 3585 1317 esse

1996 1359 2158 1400 omne
2199 1361 2372 1417 genus
2428 1355 2484 1402 et
2525 1350 2790 1418 speciem,
2839 1350 3004 1405 etiam
3058 1351 3236 1419 ipsum
3272 1366 3480 1421 corpus
3515 1367 3585 1409 ex

1998 1437 2309 1491 substantia
2340 1441 2784 1508 generalissima,
2835 1457 2958 1511 qua:
2982 1442 3185 1496 dicitur
3212 1457 3385 1514 genus
3419 1459 3587 1513 gene-

1998 1531 2361 1599 ralissimum,
2411 1531 2689 1598 divisum,
2749 1534 3136 1605 incorporeum
3190 1551 3318 1591 esse
3367 1536 3583 1596 dicunt.

2001 1622 2372 1688 Quamobrem
2436 1624 2582 1679 scire
2639 1632 2858 1695 Oportet
2928 1642 3131 1683 nomen
3191 1628 3584 1700 incorporeum

1998 1717 2306 1770 secundum
2347 1716 2707 1788 philosophos
2755 1717 3089 1789 homonyma
3116 1727 3169 1774 et
3195 1721 3410 1777 inlini-te
3453 1722 3587 1785 dici,

1996 1808 2128 1872 imo,
2166 1818 2225 1865 ut
2263 1812 2453 1881 paucis
2508 1827 2622 1867 rem
2652 1810 3018 1880 complectar,
3071 1811 3148 1867 illi
3173 1798 3479 1869 .materiam
3531 1824 3585 1871 et

1997 1904 2234 1972 speciem
2275 1919 2341 1958 ex
2393 1903 2603 1974 quibus
2658 1918 2916 1973 corpora,
2953 1911 3008 1959 et
3064 1918 3283 1959 omnem
3341 1908 3582 1961 colorem

1998 2004 2167 2064 atque
2191 1994 2451 2066 ﬁguram,
2480 1994 2542 2049 id
2577 2002 2684 2060 est,
2732 2004 2961 2051 omnem
3007 1998 3332 2069 qualitatem
3387 2008 3589 2058 vocant

1998 2087 2409 2158 incorporeum,
2430 2095 2486 2142 et
2518 2087 2780 2155 animam,
2808 2097 2973 2160 atque
3030 2090 3278 2161 angelos,
3313 2100 3369 2146 ct
3390 2092 3582 2162 ipsum

2000 2179 2192 2247 Deum,
2225 2196 2460 2251 quorum
2492 2182 2744 2237 omnium
2766 2197 2876 2236 non
2906 2190 2992 2239 est
3019 2198 3127 2238 una
3160 2191 3215 2239 et
3247 2184 3439 2238 eadem
3474 2200 3581 2240 na-

1997 2280 2143 2339 tura,
2197 2273 2294 2328 sed
2349 2274 2536 2329 multa
2579 2285 2637 2329 et
2660 2274 2851 2338 variae,
2880 2281 2938 2330 ut
2970 2275 3097 2330 hinc
3126 2276 3287 2344 plane
3322 2278 3590 2347 probetur

1999 2364 2331 2434 bombuyme
2361 2374 2415 2420 et
2467 2365 2681 2422 infinite
2715 2366 2823 2421 dici
2858 2382 3060 2423 nomen
3098 2367 3487 2439 incorporeum
3520 2371 3591 2425 de

2004 2457 2195 2513 multis
2242 2456 2567 2527 signiﬁcatis
2614 2465 2667 2513 et
2698 2468 2897 2514 natura
2948 2457 3355 2517 diiierentibus.
3404 2459 3591 2528 Quare

2002 2565 2226 2621 corpus,
2260 2559 2316 2606 et
2340 2566 2684 2623 quaecunque
2708 2561 2839 2607 sunt
2859 2552 2964 2608 sub
2995 2567 3228 2624 corpore
3250 2555 3590 2622 communia,

2005 2651 2064 2696 ut
2094 2642 2422 2706 animatum,
2455 2643 2683 2708 animai,
2707 2642 2903 2711 homo,
2926 2644 3261 2714 incorporea
3296 2653 3588 2713 vocantur,

2004 2730 2135 2799 quia
2166 2730 2608 2802 unumquodque
2642 2730 2838 2786 borum
2887 2747 2997 2787 non
3018 2740 3103 2788 est
3136 2734 3445 2803 subjectum
3466 2751 3593 2790 sen-

2004 2820 2114 2885 sui,
2180 2820 2274 2874 sed
2345 2831 2529 2875 mente
2586 2822 3078 2892 comprelienditur
3105 2841 3118 2877 :
3148 2839 3256 2878 non
3288 2824 3431 2880 enim
3461 2833 3596 2885 sunt

2008 2912 2090 2964 eis
2127 2910 2498 2980 proprietates
2546 2913 2823 2984 ὁριστικαὶ
2860 2914 2935 2986 (id
2972 2921 3079 2980 est,
3130 2914 3596 2981 indiv‘idnardes),

2007 3000 2173 3072 360
2205 3001 2409 3071 quibus
2439 3004 2626 3058 sensui
2649 3004 3044 3073 subjiciuntur.
3076 3002 3363 3062 individua
3386 3016 3594 3075 tamen,

2007 3089 2076 3145 de
2104 3093 2306 3160 quibus
2338 3092 2454 3148 haec
2486 3092 2886 3162 prmdicantur,
2941 3107 3173 3164 corpora
3204 3102 3357 3160 sunt,
3407 3103 3598 3166 utpote

2008 3182 2111 3237 sub
2138 3198 2359 3238 sensum
2390 3185 2671 3250 cadentia;
2696 3186 3063 3254 proprietates
3093 3187 3237 3241 enim
3254 3186 3469 3242 habent
3504 3188 3599 3242 de-

2009 3272 2283 3341 ﬁnientes,
2315 3274 2432 3329 sive
2455 3273 2841 3329 terminautes.
2874 3272 3082 3329 Verum
3124 3276 3229 3330 etsi
3290 3292 3593 3333 commune

2008 3379 2229 3441 corpus,
2277 3372 2330 3421 et
2365 3365 2737 3436 quodcunque
2789 3372 2875 3420 est
2937 3366 3044 3421 sub
3105 3365 3228 3435 ipso
3275 3381 3597 3431 commune,

2009 3457 2396 3527 incorporeum
2428 3455 2656 3521 dicitur,
2707 3456 2837 3528 quia
2886 3472 2998 3511 non
3031 3465 3214 3528 potest
3256 3472 3444 3519 sensu,
3498 3460 3598 3520 sed

2010 3557 2192 3603 mente
2224 3548 2461 3619 percipi,
2525 3554 2709 3604 tamen
2770 3557 2974 3603 natura
3033 3562 3240 3619 corpus
3296 3551 3598 3611 consistit;

2010 3644 2190 3701 simile
2211 3651 2296 3700 est
2354 3644 2461 3699 hoc
2516 3644 2730 3700 circulo
2759 3644 3089 3714 simpliciter
3152 3643 3325 3708 dicto,
3360 3660 3466 3699 non
3503 3645 3602 3699 lia.

2009 3737 2159 3793 benti
2230 3737 2405 3793 lineas
2463 3736 2752 3809 ὁριστικάς
2811 3735 3209 3810 [deﬁnientes].
3266 3735 3599 3811 ilujUsmodi

2009 3834 2154 3888 enim
2210 3833 2458 3888 circulus
2492 3839 2688 3887 natura
2722 3829 2944 3902 quidem
2986 3837 3362 3896 mensuratus,
3396 3841 3598 3902 quate-

2010 3943 2114 3983 nus
2151 3942 2280 3983 vero
2303 3942 2410 3981 non
2456 3925 2619 3981 habet
2669 3925 2842 3981 lineas
2868 3924 3215 3990 definientes,
3246 3938 3600 3999 nequaquam

2010 4022 2307 4090 subjicitur
2328 4019 2765 4085 mensurationi;
2801 4034 2911 4075 non
2938 4020 3086 4087 enim
3136 4018 3300 4077 habet
3321 4017 3601 4093 ὸριστικδν

2012 4114 2269 4186 σταυρὸν,
2295 4114 2349 4169 id
2385 4124 2491 4181 est,
2547 4113 2752 4168 lineam
2789 4114 3119 4182 partientem
3141 4112 3197 4167 in
3225 4110 3447 4167 modum
3472 4108 3616 4166 cru-'

316 4228 499 4265 σεται.
532 4210 740 4265 Οὑκοῦν
763 4213 791 4265 ὁ
826 4210 1121 4282 λεγόμενος
1164 4211 1353 4275 ἁπλῶς
1384 4208 1584 4275 κύκλος
1613 4212 1774 4281 φύσει
1811 4214 1901 4284 μὲν

2015 4209 2116 4271 cis,
2151 4224 2259 4278 qua
2309 4208 2489 4277 possit
2537 4206 2796 4275 cognosci
2848 4214 3091 4278 quantus
3150 4205 3602 4275 sitgpostquam

316 4306 594 4378 ἀορίστως
620 4307 924 4375 μετρεῖται.
960 4304 1288 4375 Ὁριστικῶς
1328 4304 1426 4374 οὐχ
1460 4304 1759 4358 ὑποπίπτει
1808 4323 1908 4375 με-

316 4400 539 4471 τρήσει.
591 4397 747 4453 Οὕτω
768 4397 829 4451 τὸ
861 4398 1011 4470 παρά
1048 4397 1143 4452 τοῦ
1177 4397 1350 4451 ἀῖδίου
1396 4397 1529 4450 Υἰοῦ
1566 4398 1914 4471 προσληφθὲν

317 4491 663 4563 ἀνθρώπινον
687 4489 866 4559 σῶμα,
908 4490 1072 4561 σῶμα
1104 4490 1207 4559 μέν
1230 4491 1346 4543 ἐστι
1398 4489 1587 4559 emicet-
1621 4490 1744 4544 καθ’
1792 4490 1822 4546 ὃ
1855 4492 1914 4546 δὲ

316 4584 507 4639 κοινὸν
522 4582 603 4645 ὃν,
634 4582 885 4653 οὐδαμῶς
914 4582 1020 4635 ὑπὸ
1040 4583 1140 4653 τὴν
1167 4581 1421 4652 αἴσθησιν
1450 4582 1661 4648 πίπτει,
1690 4582 1912 4655 ἀσώμα-

318 4694 421 4731 τον
454 4675 733 4730 καλεῖται’
774 4675 862 4728 ἐπ’
892 4674 959 4728 ἀν
1014 4675 1072 4727 δὲ
1116 4674 1580 4751 χαρακτηρίζεται
1615 4677 1912 4745 ὁριστικοτς

325 4770 641 4842 ἰδιώμασιν,
666 4768 958 4841 όριστικῶς
990 4767 1188 4822 αὐτίκα
1227 4770 1293 4838 τῇ
1326 4767 1576 4837 αἰσθήσει
1613 4767 1913 4821 ὑποπίπτει

316 4860 679 4935 χρηματίσαν
709 4860 965 4932 αἰσθητόν
996 4875 1055 4914 τε
1082 4860 1180 4915 καὶ
1200 4858 1468 4914 ἄπτωτον.

2015 4307 2200 4354 autem
2226 4297 2405 4353 factus
2423 4297 2595 4352 fuerit
2622 4296 2868 4350 circulus
2902 4294 3280 4362 particularis,
3317 4294 3601 4364 specialis,

2015 4398 2069 4445 et
2112 4390 2411 4454 definitus,
2472 4388 2656 4442 statim
2738 4400 2999 4440 mensura
3080 4385 3598 4448 circumscribatur,

2016 4492 2281 4552 quantam
2330 4481 2529 4535 habeat
2577 4456 3032 4549 magnitudinem.
3095 4477 3270 4549 igitur
3332 4475 3600 4538 circulus.

2017 4575 2109 4643 qui
2136 4571 2461 4641 simpliciter
2519 4569 2749 4633 dicitur,
2801 4577 2998 4623 natura
3055 4567 3273 4645 quidem
3318 4564 3605 4621 indeﬁnito

2020 4676 2395 4727 mensuratur,
2444 4662 2668 4718 deﬁnite
2695 4676 2826 4717 vero
2849 4679 2956 4721 non
2986 4661 3284 4732 subiicitur
3308 4658 3600 4714 mensurae.

2023 4758 2115 4815 Sic
2152 4761 2452 4814 humanum
2482 4770 2688 4827 corpus
2709 4756 2779 4811 ab
2806 4763 3018 4811 aeterno
3050 4754 3187 4814 Filio
3232 4758 3602 4822 assumptum,

2023 4866 2230 4923 corpus
2257 4848 2477 4920 quidem
2499 4854 2584 4902 est
2602 4856 2823 4911 natura,
2854 4854 3132 4917 quatenus
3154 4860 3285 4900 vero
3311 4854 3606 4898 commune

318 4933 680 5025 nequaquam
715 4954 819 5010 sub
857 4968 1080 5010 sensum
1121 4951 1349 5017 cadens,
1382 4952 1772 5021 incorporeum
1808 4957 2069 5016 vocatur;
2142 4951 2431 5018 postquam
2497 4957 2631 4999 vero
2695 4942 2951 5017 signatur
3014 4939 3447 5016 proprietatibus
3504 4933 3605 4990 dev

318 5050 525 5114 ﬁnitis,
554 5047 821 5105 continuo
841 5046 1064 5104 definite
1092 5047 1195 5102 sub
1218 5060 1438 5102 sensum
1456 5044 1624 5110 cadit,
1657 5050 1994 5118 vocaturque
2028 5040 2235 5129 sensile
2264 5044 2319 5095 et
2345 5035 2553 5093 tactile.
3146 5036 3154 5044 ’

1616 5218 1856 5276 ὟΔΒΙΕ
1878 5215 2282 5276 LECTIONE‘S.

404 5321 449 5359 ⁸⁷
481 5317 834 5392 Σευηριανοί.
906 5317 958 5351 ³⁸
984 5313 1458 5387 στιμιιιινομὲνωιν.⁶
1504 5313 1548 5345 ¹⁹
1590 5310 1628 5365 1⁵.
1668 5312 1919 5385 μερικὺς,
1951 5311 2151 5374 εἰδικός
2184 5326 2244 5363 τε
2289 5308 2383 5362 καὶ
2424 5304 2724 5379 ὁριστικὸς.

1840 5419 2079 5481 NOTAE.

401 5529 522 5607 (37)
569 5528 632 5607 in
686 5524 950 5607 Bavarico
1001 5522 1204 5607 codice
1240 5518 1695 5607 sejungebantur,
1728 5515 1919 5607 liae-ua

328 5585 719 5673 stiperioribus
743 5640 760 5663 ,
811 5596 1136 5665 interposito
1189 5585 1315 5646 hoc'
1352 5585 1554 5673 titulo:
1588 5586 1697 5673 ’ξυὺ

329 5655 509 5743 ἆὰξια,
535 5668 698 5744 quasi
723 5655 871 5726 esset
900 5655 1105 5723 novum
1140 5662 1491 5735 opusculum.
1520 5655 1630 5711 Sed
1668 5659 1781 5713 hac
1803 5657 1919 5718 dis-

2028 5518 2221 5573 tinctio
2263 5532 2372 5572 non
2417 5515 2518 5571 fuit
2568 5514 2622 5568 in
2690 5511 2950 5569 Turriani
2990 5505 3315 5578 exemplari,
3358 5513 3417 5561 ut
3455 5512 3608 5577 patet

2028 5605 2092 5646 ex
2134 5589 2381 5660 ejusdem
2419 5586 2693 5643 versione.
