3912 6202
322 334 461 415 ita)

1712 350 2144 415 .OP-USCULA-

3448 356 3589 426 μω

316 449 567 524 ἐκείνους
613 447 812 516 κοινῶς
852 453 1173 527 νοουμένην,
1205 457 1288 517 δεῖ
1332 458 1764 531 κατηγορεῖσθαι
1797 459 1906 513 τῶν

2026 460 2153 516 enim
2184 460 2488 518 secundum
2516 458 2640 521 illos
2657 465 3026 522 communiter
3054 465 3353 538 cogitatam
3376 477 3593 539 oportet

316 542 699 609 ὑποστάσεων,
733 543 809 616 μὴ
861 544 1124 614 λέγεσθαι
1178 548 1278 621 τὴν
1338 550 1500 619 φύσιν
1526 590 1541 616 ,
1569 549 1645 614 ὡς
1690 549 1903 607 ,ἐκεῖνοί

319 648 508 701 φασιν,
546 633 620 697 ὡς
648 636 901 690 ἐντεῦθεν
937 639 1415 711 ἀποδειχθήσεται.
1438 642 1505 701 ,Εἰ
1533 641 1639 712 γὰρ
1674 644 1706 715 ἠ
1745 626 1906 712 φύσις

324 724 552 796 μερικὴ,
589 727 713 780 κατ’
745 728 991 794 ἐκείνους
1040 734 1306 804 νοουμένη
1329 774 1345 798 ,
1382 734 1681 797 ὑπόστασις
1730 735 1905 797 ἐστιν,

319 817 539 888 ἀνάγκη
575 821 727 874 πᾶσι
752 822 886 876 κατ’
918 825 1120 889 αὑτοὺς
1162 826 1254 879 τόν
1289 844 1351 885 τε
1388 827 1631 900 Πατέρα,
1672 829 1766 881 καὶ
1815 828 1909 881 τὸν

320 908 601 976 Υἱδν,,καὶ
638 914 699 967 τὸ
745 915 973 988 Πνεῦμα
1020 918 1083 971 τδ
1110 919 1266 987 ἅγιον
1296 924 1449 992 τρεῖς
1495 922 1730 993 μερικὰς
1788 922 1910 991 ἀρ’--

324 1001 591 1073 θμεῖσθαι
624 1006 841 1075 φύσεις,
876 1011 971 1063 καὶ⁸
995 1014 1149 1082 τρεῖς
1186 1012 1570 1083 ὁμολογεῖσθαι
1602 1014 1781 1077 θεοὺς,
1813 1013 1909 1066 καὶ

323 1098 478 1166 τρεῖς
521 1096 820 1175 θεότητας,
854 1101 882 1155 ὂ
934 1102 1000 1173 δὴ
1059 1096 1427 1175 βλασφημιῶν
1483 1107 1631 1159 ἐστιν
1676 1106 1909 1160 ἁπασῶν

324 1188 627 1263 ἀκροτάτη,
666 1196 871 1263 μᾶλλον
924 1195 983 1248 δὲ
1029 1195 1127 1250 τοῦ
1175 1198 1610 1269 Χριστιανισμοῦ
1637 1197 1911 1268 παντελὴς

290 1364 299 1367 _
325 1282 556 1355 ἄρνησις
578 1301 593 1316 ο
627 1285 769 1341 ὥστε
822 1288 974 1357 δῆλοι
1016 1292 1325 1363 πεφήνασιν
1352 1294 1599 1365 ἀνοήτως
1630 1292 1908 1362 λέγοντες.

330 1377 564 1449 μερικὴν
609 1375 754 1437 εἶναι
786 1381 970 1450 φύσιν,
1006 1385 1056 1436 oi
1106 1386 1459 1457 παράφρονες
1496 1386 1786 1457 αίρετικοὶ,
1816 1387 1912 1440 καὶ

327 1468 598 1523 πάντοθεν
634 1474 999 1541 στεφανοῦται
1054 1477 1177 1531 κατ’
1202 1479 1384 1531 αὑτῶν
1415 1463 1687 1549 βασιλικῷ
1729 1479 1913 1550 διαδή-

331 1576 466 1629 ματι
497 1561 608 1615 τῶν
636 1564 936 1636 ὀρθοδόξων
963 1568 995 1638 ὴ
1027 1569 1229 1636 πίστις,
1259 1572 1291 1643 ἠ
1331 1572 1423 1625 τὸν
1455 1572 1714 1643 Χριστὸν,
1741 1574 1913 1644 ἣγουν

330 1649 423 1706 τὸν
444 1652 613 1707 ἀΐδιον
634 1654 761 1709 Υἱδν
781 1657 1243 1730 ἐνηνθρωπηκότα
1270 1662 1402 1727 μίαν
1424 1664 1727 1718 ὑπόστασιν
1747 1661 1910 1731 εἶναι,

334 1744 429 1799 καὶ
470 1745 566 1801 δύο
590 1748 790 1818 ,φύσεις
817 1753 1155 1821 ὁμολογοῦσα
1183 1755 1275 1809 τὸν
1316 1756 1481 1813 αὑτὸν
1515 1756 1653 1828 ὁμοῦ
1687 1757 1821 1811 Θεόν
1852 1775 1913 1812 τε

333 1838 429 1892 καὶ⁹
450 1839 762 1911 ἄνθρωπον,
796 1843 1160 1916 ὑποκείμενον
1189 1846 1280 1901 τὸν
1319 1849 1482 1904 αὑτὸν
1518 1852 1641 1914 ταῖς
1684 1850 1778 1905 δύο
1807 1852 1912 1921 φύ-

331 1946 484 1984 σεσιν
517 1931 655 2002 πρὸς
704 1936 1064 2006 κατηγορίαν.
1101 1938 1212 1990 Καὶ
1243 1939 1353 2009 γὰρ
1390 1939 1632 2011 ἑκατέρα
1671 1939 1781 1995 τῶν
1814 1940 1911 1999 δύο

330 2018 551 2090 φύσεων
591 2030 987 2097 κατηγορεῖται
1023 2028 1210 2093 αὑτοῦ,
1241 2032 1335 2084 καὶ
1367 2032 1727 2100 μεταδίδωσιν
1761 2032 1909 2103 αὑτῷ

327 2112 427 2167 τοῦ
470 2133 531 2169 τε
580 2116 848 2187 ὀνόματος
899 2120 1095 2190 αὑτῆς,
1131 2123 1356 2176 καὶτοῦ
1412 2123 1667 2197 ὁρισμοῦ.
1696 2124 1912 2179 Ὄθενό

330 2202 500 2265 ἀΐδιος
533 2204 660 2268 Υἱός
710 2206 831 2258 ἐστι
867 2208 1029 2273 Θεὸς,
1054 2209 1128 2272 ὼς
1158 2212 1185 2262 ὁ
1214 2212 1429 2281 Πατὴρ,
1464 2213 1561 2264 καὶ
1594 2212 1657 2264 τὸ
1687 2211 1913 2282 Πνεῦμα

330 2294 393 2349 τὸ
431 2296 608 2364 ἅγιον,
646 2299 861 2353 καὶτὸν
894 2301 988 2355 τοῦ
1024 2302 1159 2356 Θεοῦ
1212 2304 1443 2374 ὁρισμὸν
1482 2305 1794 2375 ἐπιδέχεται
1816 2345 1831 2367 ,
1855 2305 1913 2358 ὃν

331 2389 534 2456 τρόπον
585 2390 811 2447 ἐκείνων
852 2393 1081 2458 ἕκαστος
1105 2396 1240 2459 ,ακαλ⁸
1269 2395 1415 2449 ἐστιν
1461 2398 1490 2449 ό
1532 2396 1696 2460 αὑτὸς
1745 2397 1917 2461 ἀΐδιος

334 2476 466 2541 Υἱὸς
522 2480 833 2552 ἄνθρωπος,
870 2485 946 2551 ὡς
988 2486 1085 2539 καὶ
1131 2487 1279 2541 ἐστιν
1320 2488 1479 2559 ἡμῶν
1519 2489 1752 2551 ἕκαστος
1776 2503 1790 2518 ⁸
1823 2490 1917 2543 καὶ

333 2567 428 2621 τὸν
487 2570 580 2624 τοῦ
640 2573 932 2646 ἀνθρώπου
993 2578 1221 2648 ὁρισμὸν
1268 2579 1600 2649 ἐπιδέχεται,
1631 2581 1692 2634 ὃν
1717 2580 1921 2651 τρόπον

332 2656 562 2714 ἐκείνων
597 2663 852 2730 ἕκαστος,
888 2666 983 2719 καὶ
1016 2668 1164 2723 ἔστιν
1186 2670 1216 2723 ό
1247 2670 1411 2733 αὐτὸς
1437 2670 1609 2734 ἀΐδιος
1643 2670 1772 2732 Υἱὸς
1822 2669 1919 2724 ἀν’

2011 552 2303 624 pra-dicari
2337 554 2406 610 de
2428 556 2618 613 multis
2648 557 3067 630 hypostasibus,
3105 572 3218 613 non
3249 568 3432 613 autem
3481 559 3592 616 dici

2008 652 2267 700 naturam
2318 645 2744 717 particularem,
2778 657 2840 704 ιιι
2858 649 2951 704 .illi
2986 648 3202 715 dicunt,
3234 650 3591 722 quemadmo-

2007 737 2137 792 dum
2167 753 2233 793 ex
2289 738 2375 793 his
2401 739 2899 798 demonstrabitur.
2930 740 2996 796 Si
3053 742 3203 799 enim
3238 749 3437 797 natura
3470 752 3594 813 par-

2010 828 2282 895 ticuluris,
2320 840 2379 885 ut
2401 831 2482 885 illi
2508 832 2848 903 intelligunt,
2891 834 3207 905 hypostasis
3233 843 3339 894 est.
3362 849 3594 890 necesse

2008 923 2238 977 omnino
2276 931 2363 979 est
2406 925 2712 980 secundum
2770 941 2867 982 eos
2903 926 3120 982 Patrem
3145 966 3160 991 ,
3184 925 3501 993 et-Filinm,
3536 934 3595 982 et

2011 1013 2276 1085 Spiritum
2320 1026 2583 1071 sanctum
2606 1057 2621 1082 ,
2655 1027 2766 1071 tres
2800 1020 3167 1087 particulares
3221 1026 3453 1073 naturas
3483 1033 3591 1072 nuo

2010 1104 2240 1170 merari,
2271 1113 2328 1161 et
2370 1116 2483 1160 tres
2511 1105 2646 1161 deos
2676 1106 2808 1171 dici,
2839 1116 2896 1163 et
2927 1119 3042 1164 tres
3071 1108 3329 1172 deitates,
3371 1122 3493 1178 qua:
3508 1114 3594 1163 est

2007 1214 2229 1255 summa
2254 1199 2501 1254 omnium
2532 1199 2901 1271 blasphemia,
2938 1202 3073 1271 quin
3104 1202 3288 1271 potius
3316 1199 3595 1255 Christia-

2010 1290 2255 1346 nismum
2288 1291 2509 1360 penitus
2559 1307 2797 1363 negare;
2833 1292 3196 1362 quamobrem
3236 1288 3594 1345 manifestum

2011 1390 2097 1439 est
2128 1383 2432 1438 amentium
2464 1383 2851 1440 haereticorum
2889 1398 3037 1448 esse,
3063 1383 3214 1455 quod
3264 1383 3429 1438 aiunt‘
3472 1396 3598 1437 esse

2012 1481 2264 1529 naturam
2322 1473 2754 1542 particularem;
2793 1482 2847 1530 et
2880 1489 2947 1529 ex
2988 1474 3140 1529 omni
3197 1483 3353 1544 parte
3403 1481 3597 1528 contra

2011 1578 2108 1619 eos
2148 1564 2299 1635 regia
2324 1578 2530 1618 corona
2584 1563 2876 1631 redimitur
2921 1563 3059 1623 ﬁdes
3106 1564 3439 1628 orthodoxa,
3478 1575 3599 1631 qua:

2012 1656 2320 1720 Christum,
2338 1667 2606 1713 aeternum
2637 1656 3063 1713 scilicetFilium
3094 1657 3292 1712 factum
3317 1654 3597 1711 hominem

2013 1766 2183 1807 unam
2221 1751 2559 1823 bypostasim
2600 1766 2748 1815 esse,
2782 1760 2839 1807 et
2870 1751 3011 1807 duas
3041 1745 3268 1807 naturas
3297 1749 3599 1805 conﬁtetur

1944 1880 1988 1938 Β
2014 1843 2270 1898 eumdem
2307 1842 2484 1897 Deum
2521 1842 2686 1898 simul
2715 1852 2769 1898 ct
2818 1842 3127 1907 hominem,
3154 1839 3597 1912 aea-eumdem
3686 1876 3693 1887 ι

2015 1935 2331 2005 subjectum
2385 1934 2602 1990 duabus
2639 1934 2857 1991 naturis
2886 1940 2949 1991 ut
2979 1934 3153 1989 deueo
3204 1931 3598 2003 praelicenter.

2018 2026 2268 2095 Utraque
2307 2026 2456 2082 enim
2498 2034 2703 2081 natura
2745 2026 2814 2084 de
2844 2041 2922 2083 eo
2969 2026 3322 2097 medicatur,
3360 2031 3416 2080 et
3442 2037 3601 2078 com-

2020 2121 2266 2175 municat
2291 2135 2416 2174 cum
2440 2136 2516 2176 .eo
2553 2128 2608 2175 et
2639 2136 2836 2176 nomen
2862 2128 2928 2177 et
2979 2120 3381 2177 deﬁnitionem.
3434 2113 3604 2170 Unde

2018 2196 2264 2265 aeternus
2304 2207 2481 2265 Filius
2523 2216 2610 2265 est
2645 2209 2809 2276 Deus,
2864 2211 3011 2266 sicut
3052 2208 3239 2274 Pater,
3260 2217 3327 2263 tet
3362 2204 3605 2277 Spiritus

2016 2311 2273 2367 sanctus,
2296 2312 2356 2358 et
2384 2302 2761 2369 deﬁnitionem
2810 2301 2909 2359 Dei
2957 2304 3178 2372 recipit,
3234 2301 3380 2358 sicut
3426 2312 3607 2354 unus-

2016 2396 2521 2467 quisqucillorum,
2563 2403 2756 2464 estque
2777 2396 2919 2451 idem
2951 2403 3195 2451 aeternus
3210 2392 3385 2448 Filius
3415 2392 3607 2456 homo,

2020 2488 2164 2544 sicut
2195 2496 2250 2542 et
2281 2488 2662 2559 unusquisque
2689 2497 2981 2552 nostrum;
3009 2498 3065 2543 et
3096 2486 3473 2543 deﬁnitionem
3506 2484 3607 2537 ho-

2018 2579 2190 2641 minis
2208 2582 2428 2651 recipit,
2453 2580 2506 2635 id
2531 2590 2639 2647 est,
2662 2581 2866 2636 animal
2887 2580 3156 2635 rationale
3177 2578 3431 2637 mortale,
3453 2590 3609 2631 men-

2020 2671 2097 2726 tis
2120 2680 2176 2726 et
2198 2673 2515 2743 disci-ptine
2530 2688 2732 2743 capax,
2758 2674 2904 2730 sicut
2925 2672 3310 2741 unusquisque
3328 2676 3606 2726 nostrum.

332 2751 577 2823 θρωπος.
627 2756 704 2819 ὡς
757 2759 852 2813 καὶ
899 2759 1048 2815 ἔστιν
1088 2762 1248 2834 ήμῶν
1289 2764 1561 2828 ἕκαστος·
1593 2764 1686 2816 καὶ
1738 2764 1830 2817 τὸν
1874 2761 1971 2817 τοῦ
2024 2764 2319 2837 ἀνθρώπου
2369 2767 2603 2839 ὁρισμὸν
2649 2767 2988 2839 ἐπιδέχεται,
3014 2766 3159 2821 τοῦτ’
3192 2765 3311 2820 ἐστι
3350 2763 3416 2818 τὸ
3468 2757 3608 2817 sitm.

331 2843 474 2909 ζῶον
507 2846 746 2915 λογικὸν,
780 2849 975 2920 θνητὸν
999 2892 1014 2915 ,
1047 2854 1141 2905 καὶ
1164 2854 1484 2923 ἐπιστήμης
1549 2853 1823 2919 δεκτικὸν,
1864 2854 1986 2908 καθ’
2021 2854 2082 2909 ὃν
2120 2858 2326 2927 τρόπον
2355 2859 2518 2929 ὴμῶν
2539 2858 2795 2924 ἕκαστος.

414 2938 472 2992 ⁸0
495 2938 552 2991 δὲ
581 2938 756 3007 λέγων
779 2940 872 2994 τὸν
904 2941 1142 3011 Χριστὸν
1177 2942 1308 3013 μίαν
1340 2938 1483 2995 εἶναι
1519 2941 1780 2995 σύνθετον
1815 2941 1915 3010 φύ-

2091 2944 2197 3011 Qui
2236 2956 2418 3003 autem
2450 2950 2591 3005 dicit
2632 2951 2924 3009 Christum
2965 2963 3131 3006 unam
3156 2956 3421 3005 naturam
3453 2962 3609 3003 com-

333 3047 442 3095 σιν,
475 3030 549 3094 ὡς
575 3030 693 3085 ἔστι
726 3031 826 3101 μία
854 3031 1110 3098 σύνθετος
1141 3033 1465 3099 ὑπόστασις,
1497 3033 1725 3106 ὀνόματι
1766 3032 1919 3104 φιλο-

334 3123 568 3194 σοφικῷ,
601 3124 702 3196 τήν
754 3142 816 3178 τε
877 3125 1040 3195 φύσιν
1088 3125 1294 3197 ταύτην
1346 3126 1636 3196 ὀνομάσαι,
1676 3124 1771 3179 καὶ
1821 3122 1920 3194 τὴν

332 3215 655 3282 ὑπόστασιν,
689 3215 952 3280 ὡσαύτως
983 3216 1360 3288 βιασθήσεται.
1422 3217 1535 3287 Τὴν
1569 3215 1758 3285 μέντοι
1791 3214 1924 3267 ὑπό-

335 3324 530 3360 στασιν
562 3307 779 3371 πάντως
811 3307 1093 3362 καλέσειεν
1119 3309 1289 3363 ὰῖδιον
1322 3307 1453 3361 rm
1475 3304 1921 3377 σεσαρκωμένον.

326 3399 418 3469 Τῇ
444 3398 504 3455 δὲ
533 3398 698 3469 φύσει
731 3399 854 3453 τίνα
881 3399 1078 3470 κλῆσιν
1101 3402 1208 3471 ἄρα
1235 3399 1573 3470 ἐφαρμόσειν
1595 3397 1921 3467 δυνήσεταις

334 3493 403 3547 Et
436 3492 548 3562 γὰρ
578 3490 711 3545 Θεὸν
741 3491 945 3560 ταύτην
975 3492 1323 3563 ὀνομάσειεν,
1355 3493 1657 3563 ἀρνήσεται
1692 3490 1790 3560 τὴν
1826 3489 1923 3542 ἀν-

333 3585 695 3654 θρωπότητα,
725 3585 788 3637 Ei
832 3585 892 3638 δὲ
930 3584 1137 3656 ταύτην
1203 3583 1491 3655 ἄνθρωπον
1546 3578 1927 3654 προσαγορεύ-

337 3693 509 3739 σειεν,
546 3675 729 3729 ἀνελεῖ
788 3675 890 3746 τὴν
948 3675 1183 3747 Τριάδα.
1215 3674 1367 3729 Εἰδέ
1416 3675 1556 3744 μήτε
1610 3673 1749 3726 Θεὸν
1785 3673 1925 3743 μήτε

337 3770 634 3839 ἄνθρωπον
662 3766 869 3837 ταύτην
898 3767 1241 3836 ὀνομάσειεν,
1272 3767 1363 3819 τὸν
1398 3765 1636 3836 Χριστὸν
1678 3765 1785 3835 ἄρα
1819 3780 1928 3816 πα-

339 3861 707 3932 ραστήσεται,
735 3860 874 3929 μήτε
902 3859 1037 3912 Θεὸν
1066 3855 1234 3924 εἶναι,
1280 3859 1421 3930 μήτε
1455 3857 1747 3928 ἄνθρωπον
1776 3872 1791 3887 ο
1828 3854 1928 3909 καὶ

337 3948 484 4021 πρὸς
516 3950 584 4019 τῇ
619 3948 879 4022 αἰσχύνῃ,
910 3949 1003 4002 καὶ
1042 3948 1288 4019 μεγίστῳ
1318 3950 1708 4019 περιπεσεῖται
1760 3946 1928 4017 βλασο

340 4043 640 4114 φημήματι
666 4082 681 4108 ,
763 4043 858 4095 καὶ
920 4042 1199 4107 ἀπωλείας
1264 4041 1526 4115 χάσματι.
1596 4042 1759 4097 Ποῖον
1819 4039 1930 4110 γὰρ

340 4135 570 4205 ἐφεύροι
609 4136 639 4187 ό
667 4134 932 4206 δύστηνος
978 4134 1108 4206 τῇδε
1158 4135 1223 4206 τῇ
1274 4137 1407 4207 κενῇ
1456 4135 1550 4187 καὶ
1577 4132 1743 4188 νωθεῖ
1768 4132 1931 4202 φύσει

2021 3035 2259 3105 positam
2283 3053 2432 3103 esse,
2465 3040 2612 3096 sicut
2636 3047 2721 3096 est
2751 3054 2864 3097 una
2910 3039 3219 3111 composita
3270 3038 3608 3110 hypostaisis.

2022 3136 2249 3198 cogetur
2280 3130 2572 3187 nominare
2595 3133 2818 3187 nomine
2859 3131 3247 3203 philosophioo
3280 3132 3450 3196 lianc.
3498 3146 3609 3187 :na-

2024 3212 2228 3285 turam,
2262 3228 2318 3274 et
2352 3222 2615 3277 similiter
2647 3224 3015 3294 hypostasim.
3046 3223 3231 3293 Atque
3270 3223 3611 3295 hypostasin

2024 3311 2246 3382 quidem
2278 3314 2508 3367 omnino
2538 3317 2820 3369 vocaverit
2870 3324 3139 3370 attentum
3171 3314 3373 3370 Filium
3412 3316 3613 3370 «incure

2025 3412 2239 3457 natum.
2268 3403 2495 3461 Natura:
2537 3419 2668 3459 vero
2712 3420 2876 3474 quam
2919 3406 3347 3476 appellationem
3390 3420 3612 3461 accom-

2027 3492 2256 3547 modare
2309 3494 2550 3564 poterit?
2609 3494 2668 3547 Si
2722 3495 2871 3550 enim
2931 3494 3077 3549 hanc
3127 3493 3367 3563 appvllet
3418 3493 3612 3559 Deum,

2027 3582 2252 3650 negabit
2307 3582 2755 3639 humanitatem:
2800 3583 2888 3639 sin
2949 3592 3128 3639 autem
3187 3584 3329 3637 hanc
3382 3584 3617 3655 appellet

2028 3675 2331 3740 hominem,
2373 3672 2526 3731 tollet
2574 3674 2928 3732 Trinitatem.
2959 3674 3058 3731 Sin
3088 3691 3220 3732 vero
3266 3672 3408 3731 hanc
3437 3693 3619 3746 neque

2031 3767 2204 3823 Deum
2256 3783 2438 3838 neque
2491 3768 2769 3824 hominem
2819 3770 3084 3836 nominet,
3130 3769 3414 3823 Christum
3448 3770 3620 3840 igitur

2029 3864 2236 3914 Statuet
2267 3873 2444 3928 neque
2476 3856 2646 3912 Deum
2676 3873 2802 3915 esse
2845 3874 3025 3930 neque
3054 3858 3356 3914 hominem.
3376 3858 3619 3914 Incidet-

2002 3964 2139 4020 -que
2172 3948 2228 4002 in
2256 3948 2521 4014 dedecus,
2547 3957 2602 4004 et
2624 3951 2924 4006 maximum
2960 3949 3194 4017 crimen,
3218 3959 3274 4005 et
3305 3951 3612 4005 interitum.
3673 3938 3679 3944 ’

2031 4041 2188 4109 Quod
2227 4042 2375 4097 enim
2440 4058 2637 4099 nomen
2692 4042 2862 4100 miser
2901 4043 3149 4100 invenire
3190 4042 3398 4114 poterit
3464 4043 3614 4099 inani

2033 4142 2089 4189 ct
2150 4137 2321 4190 tardae
2400 4143 2610 4190 naturre
2691 4136 3222 4192 accommodatum?
3284 4150 3395 4190 non
3470 4136 3617 4192 enim

344 4224 607 4295 ἁρμόδιον
635 4225 830 4295 ὄνομα,
860 4227 943 4279 ὅτι
982 4225 1057 4296 μὴ
1087 4224 1400 4295 σκινδαψὸς,
1433 4226 1466 4297 ἢ
1497 4223 1867 4296 τραγέλαφος,
1904 4235 1922 4288 i

2034 4241 2233 4281 nomen
2268 4225 2623 4297 scindapsus,
2652 4228 3144 4298 anttragelaphus,
3191 4236 3286 4283 aut
3329 4228 3479 4283 aliud
3514 4227 3631 4311 hil;

343 4314 477 4369 ἄλλο
506 4331 562 4368 τι
584 4316 695 4369 τῶν
719 4315 977 4369 τοιούτων
1005 4332 1020 4381 ;

419 4404 592 4460 Τοῦτο
619 4404 675 4458 δὲ
706 4406 943 4473 μάλιστα
970 4406 1052 4460 δεῖ
1097 4422 1389 4476 γινωσκειν
1415 4407 1579 4477 ὑμᾶς,
1611 4400 1657 4460 ὦ
1699 4406 1934 4475 φιλομα-

349 4498 630 4558 θέστατοι,
663 4498 739 4563 ὡς
788 4500 951 4569 ᾑμεῖς
982 4499 1031 4553 οἱ
1071 4497 1349 4571 όρθόδοξοι
1399 4498 1491 4551 τὸν
1520 4499 1760 4570 Χριστὸν
1791 4495 1935 4552 εἶναι

352 4589 485 4660 μίαν
518 4587 777 4642 σύνθετον
804 4589 1105 4643 ὑπόστασιν
1137 4588 1412 4657 λέγοντες,
1436 4589 1534 4659 οὑχ
1560 4590 1753 4660 ἑτέραν
1785 4588 1935 4659 παρὰ

345 4681 451 4753 τὴν
495 4680 590 4734 τοῦ
641 4680 814 4734 ἅῖδίου
860 4680 994 4734 Υίοῦ
1030 4680 1265 4751 νοοῦμεν
1305 4680 1624 4746 ὑπόστασιν,
1665 4681 1768 4750 τὴν
1803 4679 1937 4750 μίιν

347 4769 519 4826 οὖσαν
580 4771 683 4843 τῆς
730 4772 994 4843 Τριάδοςο
1029 4773 1090 4825 οὐ
1145 4772 1255 4844 γὰρ
1312 4775 1498 4844 κοινήν
1551 4790 1674 4828 τινα
1718 4789 1935 4826 συνεισν·

350 4868 544 4939 φέρειν
596 4868 925 4937 ἀνεχόμεθα,
959 4868 1032 4938 μὴ
1059 4868 1313 4937 γένοιτοι
1363 4868 1502 4923 Ἀλλ’
1533 4864 1626 4923 οὖν
1682 4870 1712 4921 ό
1737 4868 1937 4939 τρόπος

353 4963 743 5033 σαφηνιζέσθω
770 4963 873 5033 τῆς
903 4965 1277 5036 ὑπωτατικῆς
1312 4964 1641 5028 συνθέσεως.
1673 4964 1936 5018 Σύνθετον

351 5056 420 5125 δὴ
454 5055 623 5126 διχῶς
656 5049 797 5108 εῖναι
827 5054 925 5126 τὴν
970 5054 1069 5107 τοῦ
1113 5056 1288 5110 ἀϊδίου
1332 5055 1461 5110 Υἱοῦ
1511 5056 1745 5127 λέγομεν
1801 5056 1937 5109 ὑπό-

357 5164 569 5202 στασιν.
618 5147 853 5216 Λέγεται
908 5147 1017 5218 γὰρ
1088 5147 1343 5213 σύνθετος
1398 5150 1463 5202 ἐκ
1494 5213 1498 5217 ς
1529 5149 1787 5221 θεότητος
1842 5148 1940 5202 καὶ

358 5237 821 5309 ἀνθρωπότητος’
882 5236 1103 5306 λέγεται
1159 5239 1323 5294 πάλιν
1383 5240 1675 5307 σύνθετος,
1737 5240 1815 5305 ὡς
1875 5242 1940 5294 ἐκ

359 5330 541 5403 ψυχῆς
569 5331 662 5384 καὶ
686 5327 943 5399 σώματος
994 5329 1104 5387 τῶν
1140 5330 1448 5403 ἀνθρώπων
1485 5332 1740 5397 ἕκαστος.
1780 5332 1941 5387 Ἀλλὰ

362 5422 429 5474 ἐκ
460 5419 717 5489 θεότητος
769 5418 865 5471 καὶ
911 5417 1335 5490 ἀνθρωπότητος
1362 5421 1423 5475 οὐ
1472 5421 1691 5489 λέγεται
1729 5420 1941 5492 -Κύριος

366 5512 644 5577 σύνθετος,
680 5511 1064 5583 μεταφορικῶς
1090 5510 1179 5565 δέ’
1208 5513 1316 5566 πᾶν
1349 5513 1458 5585 γὰρ
1504 5514 1715 5586 κυρίως
1746 5514 1939 5568 σύνθε-

365 5623 458 5660 τον
510 5604 594 5671 ὃν,
660 5603 763 5658 οὑκ
803 5598 873 5674 ἦν
924 5603 1277 5658 παντάπασιν
1324 5606 1455 5675 πρὶν
1510 5605 1542 5675 ἢ
1600 5605 1940 5677 ωναφθῆναι

362 5698 426 5765 ἐξ
458 5693 535 5754 ὧν
566 5695 925 5755 συντέθειται.
959 5696 1002 5749 Τ
1004 5697 1064 5752 ὸν
1095 5696 1153 5752 δὲ
1184 5697 1423 5768 Χριστὸν
1451 5696 1513 5751 οὑ
1544 5715 1726 5767 φαμεν
1750 5698 1941 5761 ἅπλῶς

369 5792 444 5864 μὴ
473 5787 615 5847 εἶναι
648 5788 928 5855 παντελῶς
951 5790 1058 5862 πρὸ
1082 5788 1185 5860 τῆς
1216 5788 1433 5843 συνόδου
1457 5789 1556 5860 τῆς
1580 5788 1834 5862 θεότητός
1874 5807 1929 5842 τε

1966 4330 2009 4385 υ
2035 4315 2303 4386 jusmodi.

2110 4407 2224 4462 lloc
2251 4417 2433 4464 autem
2468 4409 2705 4463 maxime
2728 4408 3123 4464 advertendum
3155 4408 3336 4476 vobis,
3375 4409 3468 4479 qui
3501 4416 3621 4465 stu~

2038 4501 2131 4556 dio
2161 4501 2406 4556 discendi
2459 4499 2745 4562 tenemini,
2796 4500 2941 4569 quod
3001 4515 3103 4554 nos
3153 4500 3466 4565 orthodoxi,
3494 4514 3618 4556 cum

2037 4591 2323 4647 Chrismm
2353 4606 2519 4645 unam
2553 4591 2894 4662 hypostasim
2926 4590 3291 4660 compositam
3325 4606 3447 4647 esse
3477 4592 3620 4648 dici-

2039 4699 2185 4748 mus,
2238 4700 2347 4738 non
2403 4683 2568 4737 aliam
2630 4682 2992 4754 hypostasim,
3052 4698 3218 4752 quam
3275 4683 3620 4755 hypostasim

2038 4774 2233 4829 merui
2262 4771 2385 4829 Filii
2416 4773 2796 4844 intelligimus,
2836 4789 2960 4843 qua:
2998 4788 3108 4828 una
3146 4782 3230 4830 est
3278 4773 3568 4830 Trinitatis
3601 4793 3619 4843 ;

2039 4882 2150 4920 non
2188 4866 2357 4921 «enim
2407 4867 2652 4935 patimur
2697 4866 2939 4936 aliquam
2995 4881 3345 4923 communem
3407 4867 3622 4929 induci.

2041 4958 2230 5014 absit!
2271 4955 2378 5013 Sed
2412 4957 2760 5014 declaremus
2815 4956 3040 5014 modum
3071 4959 3435 5031 bypostatica:
3468 4973 3623 5015 com-

2030 5052 2357 5121 positionis.
2410 5051 2791 5123 Compositam
2855 5052 3082 5122 quidem
3141 5052 3440 5123 dupliciter
3496 5067 3624 5123 esse

2041 5145 2231 5201 sterni
2256 5143 2381 5199 Filii
2408 5143 2504 5200 Dei
2553 5145 2895 5216 hypostasim
2925 5148 3186 5203 dicimus.
3218 5146 3430 5200 Dicitur
3477 5145 3622 5200 enim

2043 5238 2353 5307 composita
2403 5252 2469 5292 ex
2499 5236 2790 5294 divinitate
2819 5246 2874 5294 et
2910 5239 3252 5293 humanitate
3289 5254 3303 5290 ε
3337 5246 3389 5291 et
3419 5237 3623 5290 dicitur

2043 5344 2239 5385 rursus
2261 5328 2569 5397 composita
2596 5344 2659 5383 ex
2691 5330 2874 5385 anima
2907 5340 2962 5385 ct
2994 5342 3247 5401 corpore,
3282 5328 3427 5382 sicut
3458 5341 3625 5382 unus-

2043 5421 2281 5491 quisque
2326 5420 2510 5474 homo.
2562 5416 2669 5474 Sed
2702 5435 2768 5473 ex
2795 5419 2999 5476 deitate
3036 5429 3092 5477 et
3122 5421 3466 5475 humanitate
3514 5431 3621 5473 non

2044 5513 2247 5568 dicitur
2273 5511 2493 5582 proprie
2535 5512 2881 5582 composita,
2934 5514 3030 5568 sed
3077 5514 3472 5584 metaphor-ioc,
3506 5512 3626 5567 sive

2043 5606 2330 5662 translate.
2366 5609 2541 5659 Umue
2583 5602 2732 5657 enim
2787 5604 2934 5675 quod
2990 5606 3211 5675 proprie
3254 5603 3623 5674 compositum

2050 5706 2156 5762 est,
2193 5712 2301 5752 non
2353 5704 2474 5752 crat
2499 5696 2652 5766 prius
2680 5710 2844 5766 quam
2897 5696 3153 5767 copulata
3184 5703 3371 5751 essent
3413 5710 3501 5760 ea,
3555 5711 3620 5749 ex

2040 5788 2237 5859 quibus
2268 5786 2635 5859 compositum
2658 5794 2762 5846 est.
2794 5787 3078 5843 Christum
3105 5801 3363 5844 vorouon
3389 5786 3622 5845 dicimus
