3912 6202
287 334 425 404 ιᾶθθ
1707 320 1899 383 OPUS

2009 323 2120 384 LA.
3408 298 3429 359 1
3445 294 3543 358 494

354 454 419 498 .-\.
461 442 641 502 Ἅπας
665 438 895 510 αριθμὸς
924 433 1356 507 προσδεχόμενος
1384 437 1740 507 προσθήκην,
1766 435 1860 486 καὶ
1890 461 1902 492 λ

2035 434 2099 488 Α.
2145 433 2341 488 Omnis
2395 444 2667 487 numerus
2737 422 2832 494 qui
2879 408 3078 489 recipit
3115 405 3540 476 accessionem,

286 536 463 605 πέρας
508 507 841 602 ἐπιδέχεται.
892 529 950 584 ’0
1007 523 1102 582 οὖν
1144 527 1254 580 τῶν
1285 525 1589 597 ἀνθρώπων
1624 523 1859 596 ἀριθμὸς

2009 541 2130 581 nem
2178 542 2404 598 quoque
2453 525 2676 594 recipit.
2723 517 3000 573 Numerus
3051 512 3218 583 igitur
3255 507 3540 562 hominum

286 597 1068 696 tniSexduevoe'xpooOﬁxqv.
1125 619 1545 691 πεπερασμένος
1601 617 1778 679 ἐστὶν,
1809 616 1860 669 εἱ

2009 597 2343 672 ccessionem
2377 614 2674 683 recipiens,
2711 607 2900 663 finitus
2948 610 3033 658 est
3063 640 3079 664 ,
3130 597 3385 670 quamvis
3439 609 3543 648 nos

288 720 388 774 καὶ
425 686 588 789 ’ἡμεῖς
631 686 938 785 ἀγνοοῦμεν
965 686 1066 784 την
1097 686 1398 784 ποσότητα,
1419 712 1535 766 ἀλλ’
1567 711 1862 782 ὕποθώμε-

2009 717 2206 763 uanlus
2262 708 2332 764 sit
2374 707 2715 776 ignoremus,
2757 697 2857 754 sed
2906 706 3201 766 ponamus,
3249 686 3544 742 brevitatis

291 811 360 864 θα
413 807 710 876 συντομίας
752 807 848 860 καὶ
907 804 1211 876 σαφηνείας
1269 803 1498 869 ἕνεκεν,
1531 798 1671 856 εἶναι
1735 804 1867 865 τοὺς

2009 809 2022 854 t
2052 799 2446 854 declarationis
2478 794 2652 866 gratia
2673 833 2688 858 ,
2729 804 2922 846 omnes
2952 785 3204 840 homines
3255 795 3378 834 esse
3411 793 3544 830 cen-

289 899 506 962 πάντας
547 868 870 969 ἀνθρώπους
907 868 1125 950 ὲκατδν.
1190 868 1491 947 Ἀδύνατον
1536 891 1595 946 δὲ
1643 891 1868 952 τούτους

2015 906 2111 944 im.
2140 889 2284 944 Fieri
2321 905 2430 943 non
2449 894 2629 968 potest
2653 891 2711 938 ut
2755 882 2807 935 hi
2857 877 3107 932 homines
3128 868 3544 938 fuerintgeniti.

294 958 544 1053 ἅπαντας
573 958 870 1058 γεννητοὺς
898 987 1200 1056 ὑπάρχειν*
1242 984 1304 1049 ἐξ
1334 985 1581 1055 ἀλλήλων
1629 982 1727 1054 μὲν
1759 980 1868 1052 γὰρ

2009 981 2076 1035 ιιίἰ
2112 981 2338 1052 quidem
2365 994 2428 1034 ex
2453 958 2579 1031 aliis
2605 982 2786 1030 ortum
2810 970 3043 1030 ducunt,
3070 964 3168 1020 sed
3196 977 3350 1017 mens
3382 958 3549 1012 ratio-

293 1077 768 1147 γενεαλογοῦνταιο
806 1076 943 1133 ἀλλὰ
968 1072 1310 1137 ἀναποδίζων
1339 1076 1367 1127 6
1396 1074 1518 1136 νοῦς
1547 1073 1653 1144 τὴν
1677 1089 1873 1142 γενεαρ

295 1171 486 1238 λογίαν
511 1170 605 1222 ἐπὶ
649 1168 718 1222 τὰ
753 1169 886 1233 ἄνω,
926 1169 1006 1230 είς
1050 1166 1146 1219 ἕνα
1188 1166 1431 1235 καταντᾷ
1461 1165 1680 1226 πάντως
1712 1162 1874 1231 ἀγέν-

297 1277 480 1330 νητον.
522 1260 597 1312 Οὐ
634 1261 742 1328 γάρ
775 1258 1053 1327 ἐνδέχεται
1100 1256 1192 1308 ἐπὶ
1224 1255 1315 1309 τὸν
1353 1255 1573 1326 πρῶτον
1619 1254 1874 1317 ἐλθόντας

300 1352 496 1415 είπεῖν,
528 1351 692 1403 αὑτὸν
716 1348 775 1415 ἐξ
825 1349 985 1403 ἄλλου
1026 1347 1422 1417 γεγεννῆσθαιο
1466 1347 1588 1400 ἐπεὶ
1620 1331 1874 1409 κάκεῖνος

301 1442 360 1508 ἐξ
409 1441 598 1512 ἐτέρου
647 1440 1051 1510 γεγεννημένος
1077 1438 1140 1492 ἂν
1175 1439 1285 1510 εἴη,
1318 1439 1512 1510 μέχρις
1548 1439 1614 1492 ἂν
1647 1438 1740 1491 ἐπὶ
1785 1438 1876 1490 τὸν

302 1532 522 1602 πρῶτον
583 1533 880 1601 ἀγέννητον
910 1532 1001 1584 τὸν
1033 1530 1161 1584 νοῦν
1207 1531 1602 1602 ὲπερείσωμεν.
1637 1531 1876 1602 Ἀνάγκη

302 1626 486 1680 τοίνυν
512 1625 722 1691 τοῦτον,
747 1625 778 1694 ἢ
807 1627 870 1676 ὲκ
902 1627 1002 1694 τῆς
1029 1624 1134 1694 γῆς
1168 1623 1350 1693 φῦναι,
1377 1624 1630 1694 καθάπερ
1653 1623 1721 1677 τὰ
1749 1623 1878 1694 βλα-

308 1718 565 1787 στήματα
585 1759 599 1783 ,
618 1717 652 1786 ἢ
683 1717 853 1770 ἀΐδιον
879 1712 1092 1787 εἷναι,ἢ
1119 1717 1224 1770 ὑπό
1245 1734 1389 1778 τινος
1409 1716 1751 1787 δημιουργοῦ
1779 1734 1879 1770 πε-

309 1807 594 1879 ποιῆσθαι.
632 1807 772 1860 Ἀλλ’
805 1809 852 1860 εῖ
881 1806 983 1876 μὲν
1014 1809 1078 1860 ὲκ
1107 1807 1207 1876 τῆς
1237 1808 1332 1875 γῆς
1368 1807 1760 1878 ἐϐεϐλαστήκει
1787 1808 1883 1861 κοιλ⁴

311 1901 392 1963 εἰς
438 1899 522 1952 ἐτι
561 1899 628 1953 ἂν
679 1898 808 1971 ἄχρι
839 1898 932 1957 τοῦ
966 1899 1234 1969 παρόντος
1265 1899 1487 1970 ἑτέρους
1527 1898 1881 1966 ὲϐλάστανεν,

312 1989 500 2061 ὥσπερ
527 1991 622 2044 καὶ
647 1991 757 2044 τῶν
795 1989 1029 2060 δένδρων
1061 1989 1157 2042 καὶ
1187 1989 1428 2059 βοτανῶν
1457 1990 1596 2062 εἴδη.
1663 1991 1886 2063 Ἐπειδὴ

312 2082 371 2135 δὲ
410 2081 510 2153 οὐχ
551 2082 767 2151 ὁρῶμεν
794 2082 954 2134 τοῦτο
979 2081 1286 2151 γινόμενον,
1317 2081 1477 2150 δῆλον
1507 2081 1589 2135 ὅτι
1619 2082 1742 2136 οὐδὲ
1794 2083 1884 2137 τὸν

318 2173 536 2245 πρῶτον
585 2173 940 2243 ἐϐλάστησεν.
969 2172 1106 2226 Οὐδὲ
1165 2173 1274 2243 μὴν
1333 2173 1506 2236 ἀΐδιος
1559 2168 1650 2246 ἦν.
1686 2174 1749 2228 Et
1781 2174 1890 2243 γὰρ

319 2266 555 2337 ἄναρχος
611 2267 706 2319 καὶ
760 2265 1256 2334 ἁῒδιος·ὐπῆ-ρχεν,
1310 2266 1414 2318 οὐκ
1460 2264 1526 2318 ἂν
1586 2265 1888 2335 ἐτεθνήκει,

320 2356 430 2410 οὐδ’
457 2356 524 2410 ἂν
570 2355 838 2411 ἀπώλετο.
872 2357 948 2408 Τὸ
993 2355 1100 2426 γὰρ
1155 2356 1414 2425 ἄναρχον,
1448 2356 1544 2410 καὶ
1597 2355 1894 2427 ἀτελεύτη-

323 2463 436 2500 τον.
467 2448 726 2500 Λείπεται
753 2447 1041 2517 τοιγαροῦν
1077 2447 1238 2500 αὐτὸν
1280 2447 1613 2518 πεποιῆσθαι
1641 2450 1708 2513 ¹¹,
1739 2449 1798 2501 τὸ
1840 2449 1897 2502 δὲ

324 2540 696 2612 πεποιημένον
721 2541 834 2611 ἔχει
866 2541 1116 2612 ποιητήν.
1143 2543 1286 2611 Ἀρα
1306 2540 1417 2594 τῶν
1443 2539 1745 2611 ἀνθρώπων
1778 2541 1900 2595 ἐστὶ

323 2630 568 2698 Κτίστης
589 2647 649 2682 τε
684 2632 777 2683 καὶ
808 2631 1062 2701 ποιητής.

393 2718 562 2786 Δέχου
589 2719 647 2771 δὲ
674 2721 766 2772 καὶ
795 2721 960 2790 ἄλλην
984 2719 1257 2786 ἀπόδειξιν
1285 2720 1364 2782 είς
1395 2719 1725 2788 θεογνωσίαν
1767 2719 1896 2773 καθ-

321 2800 646 2878 οδηγοῦσαν.
674 2809 809 2861 Εἰπέ
845 2826 961 2878 μοι,
987 2811 1034 2861 εί
1069 2809 1239 2878 βῶλον
1264 2811 1326 2861 ὲκ
1343 2810 1441 2878 τῆς
1465 2812 1568 2879 γῆς
1603 2809 1786 2862 λαϐὼν
1816 2811 1902 2880 ἐφ’

321 2899 527 2970 ὑψηλὸν
615 2899 882 2970 ἀναϐαίην
988 2900 1298 2970 δωμάτιον,
1373 2901 1632 2952 κάκεῖθεν
1711 2900 1903 2954 τοῦτον

321 2992 542 3062 ἀφείην,
570 2991 689 3060 οὐχὶ
718 2991 878 3060 φύσει
928 2992 1254 3063 κατωφερὴς
1283 2989 1379 3056 ὢν,
1412 2991 1504 3044 ἐπὶ
1527 2991 1594 3044 τὰ
1632 2991 1782 3045 κάτω
1824 2992 1904 3045 δι-

319 3083 539 3151 ηνεκῶς
589 3083 834 3152 φέρεται,
887 3083 1080 3155 μέχρις
1140 3083 1205 3138 ἂν
1269 3085 1360 3137 ἐπὶ
1409 3082 1772 3155 στερεώτερον
1811 3084 1902 3136 καὶ

321 3174 582 3244 ἀκίνητον
613 3173 834 3246 ὲρεισθῇ
859 3190 876 3242 ;

398 3265 463 3320 Β.
485 3265 616 3320 Ναί.

397 3359 462 3412 Α.
493 3357 682 3424 Οὕτως
737 3359 832 3413 καὶ
865 3362 898 3430 ἡ
932 3359 1029 3430 γῆ·
1090 3360 1154 3412 ὲκ
1177 3357 1285 3430 γάρ
1340 3358 1432 3412 τοῦ
1464 3359 1663 3429 μέρους
1701 3361 1761 3414 τὸ
1797 3363 1906 3417 πᾶν

323 3452 829 3522 καταλαμϐάνεται.
878 3453 941 3505 El
978 3453 1054 3522 μὴ
1110 3453 1218 3524 γὰρ
1257 3452 1502 3506 κάτωθεν
1531 3449 1678 3523 εἶχέν
1705 3472 1757 3506 τι
1784 3471 1909 3508 στε-

326 3543 604 3617 ρεώτερον
638 3545 921 3611 ὑπερεῖδον
950 3544 1144 3616 αὐτὴν,
1186 3545 1285 3598 οὐκ
1323 3543 1389 3599 ἂν
1412 3544 1602 3613 ἔληξεν
1624 3545 1776 3600 κάτω
1811 3563 1910 3615 φεο

329 3636 556 3707 ρομένη.
614 3636 728 3688 Νῦν
785 3636 840 3688 δὲ
875 3635 1080 3705 ταύτην
1101 3635 1320 3707 ὁρῶμεν
1370 3636 1688 3691 ἀσάλευτον.
1725 3638 1913 3692 Ἔστιν

327 3725 444 3798 ἄρα
474 3725 706 3796 δύναμίς
734 3743 818 3789 τις
872 3724 1197 3795 ἰσχυροτέρα
1233 3727 1267 3796 ἡ
1297 3724 1502 3794 ταύτην
1552 3725 1914 3796 ὑπερείδουσα

330 3819 430 3872 καὶ
488 3817 853 3889 βαστάζουσα,
913 3817 1038 3888 ἥτις
1085 3819 1232 3869 ἐστὶν
1263 3819 1290 3870 ὁ
1318 3817 1411 3870 τοῦ
1451 3816 1588 3870 Θεοῦ
1623 3818 1816 3887 Λόγος.
1851 3819 1913 3872 Εἰ

330 3910 447 3981 γάρ
479 3910 667 3981 ἕτερον
697 3911 914 3962 ὑπεῖναι
944 3908 1106 3977 σῶμα
1145 3908 1279 3978 φαίη
1306 3925 1388 3971 τις
1415 3909 1697 3979 ὑπερεῖδον
1725 3909 1916 3979 αὐτὴν,

330 4001 390 4055 τί
429 4002 491 4054 τὸ
554 4002 776 4055 κάκεῖνο
827 3999 1139 4071 βαστάζον;
1176 4000 1271 4053 καὶ
1307 3999 1451 4054 οὕτω
1498 3999 1781 4054 διατείνων
1815 4002 1918 4073 τὴν

334 4091 569 4163 ἔρευναν
618 4093 646 4143 6
709 4091 994 4160 λογισμὸς,
1045 4089 1106 4142 οὐ
1168 4088 1403 4143 παύεται
1442 4089 1601 4161 ἄχρις
1647 4091 1712 4144 ἂν
1746 4091 1837 4144 ὲπί
1865 4110 1918 4145 τι

335 4183 518 4253 πέρας
573 4184 673 4252 στῇ
756 4180 1195 4251 βασταζομένων.
1256 4182 1330 4234 Οὐ
1401 4183 1511 4252 γὰρ
1570 4182 1636 4236 ἃν
1693 4183 1921 4253 ἄπειρος

338 4274 586 4329 κάτωθεν
624 4275 734 4344 εἴη,
767 4272 974 4327 ἄνωθεν
1014 4273 1422 4343 περατουμένη,
1463 4273 1537 4325 Τὸ
1573 4273 1683 4344 γάρ
1722 4273 1779 4338 ἐξ
1802 4274 1920 4337 ἑνὸς

343 4366 544 4438 μέρους
573 4365 1058 4435 πεπερατωμένον,
1106 4364 1201 4418 καὶ
1235 4365 1301 4416 ὲκ
1337 4363 1431 4416 τοῦ
1460 4362 1623 4417 ἄλλου
1647 4363 1805 4434 δῆλον
1839 4365 1921 4417 ὅτι

1977 1089 2100 1129 nem
2157 1083 2314 1128 ortus
2361 1078 2416 1125 et
2459 1066 2693 1138 originis
2736 1075 2958 1119 sursum
2990 1070 3274 1119 revocans,
3326 1051 3551 1107 omnino

1978 1165 2045 1221 ad
2078 1180 2246 1219 unum
2290 1177 2395 1216 non
2452 1161 2692 1230 genitum
2747 1153 2949 1210 evadit.
2984 1150 3119 1204 Cum
3159 1146 3303 1201 enim
3345 1145 3408 1196 ad
3439 1141 3553 1209 pri-

1980 1271 2128 1310 mum
2161 1250 2465 1313 devenerit,
2499 1262 2606 1300 non
2639 1250 2818 1314 potest
2860 1241 3042 1294 dicere
3082 1251 3148 1291 ex
3208 1233 3316 1286 alio
3371 1240 3552 1285 ortum

1980 1358 2125 1409 esse,
2157 1342 2289 1411 quia
2339 1346 2392 1394 et
2459 1337 2551 1390 ille
2603 1334 2743 1387 alius
2790 1345 2859 1386 ex
2915 1326 3025 1381 alio
3081 1325 3211 1378 item
3258 1332 3555 1392 generatus

1981 1441 2151 1498 esset,
2176 1409 2362 1486 donec
2389 1428 2443 1482 in
2475 1425 2654 1496 primo
2678 1436 2832 1477 mens
2860 1418 3136 1475 consistat
3169 1413 3295 1467 fixa.
3322 1409 3558 1465 Necesse

1983 1528 2152 1599 igitur
2179 1534 2264 1581 est
2294 1532 2349 1578 et
2398 1530 2546 1576 terra
2578 1527 2765 1572 natum
2818 1528 2941 1568 esse
2993 1511 3139 1564 hunc
3175 1507 3352 1561 instar
3397 1502 3560 1554 arbo-

1985 1598 2134 1682 rum,
2178 1622 2274 1672 aut
2332 1621 2600 1668 :eternum
2635 1621 2777 1671 esse,
2833 1610 2927 1657 aut
2970 1601 3038 1654 ab
3089 1598 3273 1666 aliquo
3315 1600 3562 1649 creatore

1989 1712 2194 1767 factum
2252 1721 2392 1764 esse.
2438 1702 2544 1757 Sed
2588 1701 2634 1756 si
2677 1715 2708 1754 e
2751 1705 2895 1752 terra
2932 1701 3089 1748 ortus
3125 1689 3342 1750 fuisset,
3383 1687 3563 1739 adhuc

1914 1787 1954 1842 Β
1987 1818 2161 1874 usque
2191 1801 2244 1855 in
2283 1795 2606 1852 hodiernum
2665 1789 2808 1845 diem
2867 1785 3006 1839 alios
3047 1792 3190 1837 terra
3225 1784 3560 1850 procrearet.

1986 1867 2131 1952 sicut
2163 1891 2220 1946 fit
2260 1891 2315 1944 in
2366 1899 2568 1958 genere
2601 1881 2864 1937 arborum
2908 1883 2964 1930 et
2997 1873 3312 1928 herbarum.
3344 1869 3412 1921 At
3433 1867 3564 1936 quia

1988 1987 2094 2041 hoc
2149 1982 2265 2037 fieri
2327 1993 2437 2033 non
2496 1975 2770 2035 videmus,
2836 1965 3190 2022 manifestmn
3247 1968 3333 2041 est
3389 1971 3567 2025 neque

1989 2077 2226 2148 primum
2285 2081 2635 2141 procreasse.
2691 2061 2800 2116 Sed
2853 2072 2955 2114 nec
3009 2039 3262 2110 aeternus.
3306 2057 3443 2106 erat.
3507 2046 3566 2102 Si

1990 2167 2134 2223 enim
2195 2161 2467 2233 principio
2501 2155 2797 2218 caruisset,
2821 2159 3082 2218 essetque
3111 2154 3372 2208 aeternus,
3425 2157 3568 2197 nun-

1992 2273 2156 2330 quam
2185 2261 2440 2309 mortuus
2476 2249 2696 2312 fuisset,
2724 2257 2899 2313 neque
2921 2239 3219 2294 interisset.
3245 2235 3400 2302 Quod
3419 2233 3564 2289 enim

1997 2324 2327 2420 principium
2381 2357 2492 2397 non
2544 2338 2732 2403 habet,
2770 2348 2949 2403 neque
2977 2331 3137 2385 finem
3168 2329 3356 2384 habet.
3383 2324 3570 2380 Belin-

1997 2416 2183 2512 quitur
2214 2436 2382 2506 igitur
2440 2441 2501 2487 ut
2532 2429 2712 2484 factus
2749 2426 2932 2480 fuerit.
2968 2421 3126 2488 Quod
3151 2427 3334 2474 autem
3363 2416 3568 2470 factum

1998 2542 2103 2597 est,
2133 2539 2408 2584 auctorem
2445 2525 2628 2579 habet.
2667 2521 2760 2575 Est
2798 2518 2967 2589 igitur
3013 2514 3246 2569 Creator
3279 2521 3332 2567 et
3379 2517 3574 2564 auctor

2001 2623 2284 2678 hominum
2315 2618 2485 2674 Deus.

2075 2714 2275 2782 Accipe
2309 2710 2470 2764 aliam
2502 2702 3053 2764 demonstrationem,
3075 2713 3198 2770 qua:
3220 2697 3284 2751 ad
3308 2693 3575 2765 cognitio-

2002 2820 2126 2860 nem
2152 2802 2245 2856 Dei
2280 2799 2524 2856 deducit.
2557 2795 2655 2851 Dic
2687 2794 2842 2858 mihi,
2875 2794 2922 2849 si
2949 2792 3162 2862 glebam
3198 2805 3229 2843 e
3259 2797 3402 2842 terra
3431 2784 3575 2838 acci-

2003 2907 2211 2965 perem,
2240 2899 2294 2945 et
2316 2889 2372 2943 iu
2392 2890 2566 2942 altum
2591 2892 2793 2940 tectum
2821 2880 3196 2960 ascenderem,
3220 2885 3274 2931 et
3294 2873 3416 2928 inde
3437 2873 3576 2926 hanc

2003 2985 2360 3047 dimitterem,
2406 2994 2477 3033 an
2506 2992 2618 3032 non
2652 2984 2848 3029 natura
2877 2954 3152 3044 perpetuo.
3170 2968 3424 3022 deorsum
3467 2961 3578 3016 fer-

2004 3083 2178 3138 retur,
2209 3085 2500 3144 quousque
2558 3067 2615 3122 in
2647 3065 2954 3122 inﬁrmiore
2983 3061 3240 3134 quopiam
3287 3068 3343 3114 et
3379 3057 3578 3112 immo-

1931 3163 1972 3208 ν
2006 3167 2102 3222 bili
2133 3163 2485 3225 ﬁrmaretur?

2075 3256 2136 3310 B.
2179 3253 2429 3307 Maxime.

2077 3349 2142 3402 A.
2172 3344 2335 3418 365
2372 3343 2465 3398 Sic
2497 3343 2661 3398 etiam
2694 3351 2876 3407 terra;
2919 3354 2986 3393 ex
3041 3345 3198 3407 parte
3231 3337 3376 3389 enim
3418 3333 3582 3388 inteb-

2008 3439 2196 3511 ligitur
2247 3446 2447 3496 totum.
2483 3434 2602 3490 Nisi
2640 3433 2786 3489 enim
2830 3431 3060 3484 haberet
3097 3427 3308 3496 aliquid
3343 3425 3580 3487 ﬁrmius,

2009 3529 2161 3602 quod
2219 3530 2396 3600 ipsam
2444 3525 2690 3587 fulcirct,
2760 3535 3040 3590 nunquam
3112 3518 3392 3572 desineret
3453 3516 3584 3570 ferri

2011 3623 2291 3677 deorsum.
2339 3617 2501 3672 Nunc
2549 3623 2732 3671 autem
2779 3612 3035 3667 videmus
3075 3610 3221 3664 hanc
3278 3609 3582 3662 immatam.

2013 3714 2110 3770 Est
2149 3714 2322 3783 igitur
2368 3712 2451 3766 vis
2496 3709 2680 3778 aliqua
2720 3707 2942 3768 fortior,
2981 3719 3106 3774 qua:
3137 3702 3287 3755 hanc
3347 3699 3589 3753 sustinet

2014 3814 2067 3860 ct
2112 3813 2321 3875 portat,
2375 3815 2496 3871 qua:
2552 3806 2639 3854 est
2694 3796 2933 3852 Verbum
2979 3793 3097 3848 Dei.
3129 3791 3186 3845 Si
3243 3789 3387 3845 enim
3433 3789 3587 3841 dicas

2017 3895 2166 3950 aliud
2208 3907 2411 3964 corpus
2463 3890 2719 3952 subesse,
2769 3885 2918 3958 quod
2972 3901 3090 3941 eam
3127 3882 3420 3943 sustineat,
3453 3878 3586 3945 qu'd

2017 3988 2124 4042 erit
2149 3984 2296 4055 quod
2357 3981 2491 4036 illud
2532 3981 2710 4050 ipsum
2760 3993 2963 4048 corpus
2997 3973 3276 4046 portat'et'
3316 3971 3590 4028 sustinet?

2017 4088 2182 4149 atque
2225 4077 2302 4130 ita
2351 4074 2618 4145 cogitatio
2669 4071 2906 4127 scrutari
2947 4083 3208 4139 pergens,
3244 4081 3352 4120 non
3404 4079 3590 4118 cessa-

2019 4171 2098 4226 bit
2142 4182 2433 4240 quousquc
2485 4166 2737 4234 quiescat
2774 4162 2827 4215 in
2864 4161 3051 4229 aliquo
3104 4157 3368 4219 termino,
3394 4161 3448 4207 et
3490 4167 3591 4206 cx-

2020 4273 2216 4322 tremo,
2247 4258 2395 4330 quod
2429 4256 2761 4312 sustinetur.
2803 4250 2923 4304 Non
2959 4249 3106 4302 enim
3140 4255 3224 4302 est
3259 4247 3476 4300 inferne
3506 4245 3592 4298 in-

2024 4354 2234 4408 finitum
2261 4347 2408 4420 quod
2459 4354 2544 4402 est
2590 4357 2830 4414 superne
2857 4340 3233 4395 terminatum.
3260 4335 3416 4401 Quod
3446 4335 3592 4387 enim

342 4427 537 4526 οἶνιέρσις⁷
575 4427 738 4518 ἔξει..
763 4455 822 4506 Εί
862 4427 970 4522 γὰρ
1002 4427 1264 4521 σπαρτίον
1295 4451 1414 4503 καθ’
1450 4427 1803 4524 61:6056tv'ﬁv
1855 4455 1902 4506 ὲ)

2023 4457 2109 4505 est
2140 4463 2205 4503 cx
2239 4461 2348 4500 una
2409 4449 2566 4513 parte
2603 4438 2992 4500 terminatum,
3047 4432 3210 4486 etiam
3253 4445 3318 4482 ex
3349 4427 3454 4479 alia
3487 4433 3596 4478 tcr—

341 4548 498 4601 τοῦδε
524 4547 619 4600 τοῦ
676 4547 876 4616 μέρους
915 4544 1014 4613 τῆς
1066 4544 1190 4614 γῆς,
1243 4543 1352 4608 ἕως
1393 4541 1487 4596 τοῦ
1522 4543 1708 4615 ἐτέρου
1737 4545 1923 4614 διῆκον

352 4637 1008 4712 μέρους,“ὲπιλαϐὀμενος
1037 4635 1093 4688 δὲ
1147 4635 1242 4688 τοῦ
1287 4636 1712 4705 ἐπιφαινομένου
1753 4636 1924 4703 ἄκρου

346 4731 443 4786 τοῦ
469 4731 756 4803 σπαρτίου,
812 4730 1100 4796 ὲξείλκυσα
1146 4727 1260 4793 δύο,
1290 4727 1322 4798 ἦ
1353 4731 1501 4797 τρεῖς
1541 4729 1757 4798 πήχεις,
1807 4727 1926 4797 οὐχὶ

350 4823 447 4878 καὶ
472 4825 538 4876 ὲκ
567 4821 658 4876 τοῦ
691 4821 883 4892 ἑτέρου
911 4821 1148 4889 ἀφανοῦς
1188 4819 1409 4890 μέρους,
1429 4820 1643 4890 ἀνάγκη
1670 4821 1924 4873 ἀποσπα-

354 4915 552 4985 σθῆναι
586 4916 645 4967 τὸ
675 4914 846 4984 ἄκρον
877 4911 970 4966 τοῦ
999 4911 1283 4981 σπαρτίου,
1328 4911 1684 4980 ὲξελκόμενον
1732 4909 1827 4962 ἐπὶ
1857 4908 1926 4962 τὰ

353 5008 466 5062 ἄνω
493 5005 769 5068 τοσοῦτον,
803 5005 1034 5059 καθόσον
1063 5005 1352 5070 ἑξείλκυσα
1384 5003 1612 5072 μέτρον;
1640 4999 1922 5053 Ἐντεῦθεν

354 5099 471 5152 ἐστι
531 5096 714 5167 σαφῶς
771 5096 967 5150 εἰδέναι
997 5095 1095 5165 τὴν
1129 5095 1233 5164 γῆν
1261 5093 1323 5146 τὸ
1346 5094 1517 5164 πέρας
1549 5092 1693 5162 ἔχειν
1744 5092 1926 5146 κάτω-

356 5190 470 5244 θεν.
523 5190 690 5242 ’Ὥστε
739 5189 805 5242 ὲκ
831 5188 1038 5241 τούτων
1073 5184 1471 5248 ἀποδέδεικται,
1505 5185 1588 5238 ὅτι
1621 5183 1730 5236 τῶν
1759 5183 1928 5238 ὄντων

359 5284 476 5337 ἐστὶ
507 5282 757 5353 ποιητής.

2024 4538 2230 4591 miuum
2284 4533 2526 4601 ha'ybit.
2567 4529 2701 4582 Nam
2738 4527 2782 4580 si
2809 4525 2980 4586 funis,
3005 4528 3066 4575 ut
3105 4520 3176 4573 ita
3217 4531 3504 4587 ponamus,
3529 4530 3595 4568 ex

2021 4628 2124 4682 hac
2162 4633 2316 4695 parte
2359 4608 2519 4677 terra;
2551 4634 2725 4688 usque
2757 4617 2822 4671 ad
2855 4616 3088 4668 alter-am
3127 4620 3336 4681 partem
3387 4607 3598 4677 per-tin-

2023 4719 2258 4790 gat,ipse
2289 4729 2419 4768 vero
2452 4726 2721 4768 summam
2771 4716 2980 4778 partem
3020 4704 3190 4768 funis,
3229 4701 3320 4772 qui
3358 4698 3596 4759 videtur,

2023 4807 2454 4881 apprehendam,
2506 4811 2558 4859 et
2611 4801 2837 4856 duobus
2874 4805 2969 4852 aut
3015 4796 3190 4850 tribus
3219 4791 3424 4850 cubitis
3473 4805 3598 4844 eum

2031 4901 2380 4973 protendam,
2435 4911 2616 4950 annon
2663 4907 2897 4949 necesse
2943 4891 3071 4953 erit,
3098 4905 3162 4944 ex
3196 4888 3370 4942 altera
3422 4891 3599 4954 parte,

2024 5009 2146 5065 qua:
2194 5009 2301 5048 non
2355 4997 2606 5060 apparet,
2642 4987 2803 5042 avelli
2856 4998 3126 5040 summam
3181 4992 3389 5051 partem
3455 4974 3601 5027 funis

2027 5093 2184 5138 tanto
2226 5083 2406 5148 spatio
2457 5094 2673 5133 sursum
2722 5085 3038 5135 attractam,
3099 5078 3310 5140 quanto
3335 5081 3404 5120 cx
3431 5065 3603 5116 altera

2032 5184 2186 5247 parte
2211 5173 2448 5228 attraxi?
2471 5170 2756 5224 llinclicet
2793 5167 3085 5238 perspicue
3117 5171 3473 5231 cognoscere,
3503 5154 3603 5206 ha-

2033 5269 2165 5323 bere
2223 5274 2425 5320 terram
2481 5265 2641 5317 finem
2695 5260 2930 5315 inferne.
2955 5257 3136 5322 Quare
3164 5268 3228 5308 ex
3263 5251 3349 5304 his
3379 5249 3606 5302 demon-

2036 5368 2268 5416 stratum
2315 5365 2399 5411 est
2450 5371 2576 5410 csse
2606 5353 2772 5407 Deum
2801 5349 3046 5404 omnium
3086 5358 3270 5401 rerum
3301 5347 3607 5396 auctorem.

1608 5566 1862 5624 'VAerE
1903 5561 2302 5624 LECTIONES.

439 5709 486 5742 '“
512 5710 642 5765 αὐτὸ
675 5712 987 5783 πεποίηται.
