3912 6202
244 346 385 428 tis?

1667 363 2088 428 OPUSCULA.

3380 371 3514 440 1-198

238 475 604 549 δμοιώματος.
652 477 939 549 Πέμπτον,
976 480 1044 531 ἐκ
1079 478 1191 533 τῶν
1220 478 1484 534 ἐναντίων
1510 478 1580 534 τά
1613 481 1830 535 ἐναντίοι

1943 497 2236 555 cognosco,
2289 490 2476 538 utrum
2517 483 2610 539 ille
2642 481 2920 538 calvitiem
2957 481 3178 546 habeat,
3210 492 3303 540 aut
3334 487 3403 542 sit
3439 488 3517 545 si-

238 571 570 639 γινώσκεται
597 570 880 633 πολλάκις,
905 571 1001 634 ὡς,
1028 572 1117 625 ὅτε
1146 571 1223 642 τῷ
1253 573 1425 643 Ἀδὰμ
1444 567 1643 627 εἴπενό
1667 572 1822 637 Θεὸς,

245 678 265 713 ι
297 651 376 732 ⁷1λί
406 661 453 714 6‘
484 661 548 715 ἂν
573 662 757 733 ἡμέρᾳ
787 663 937 735 φάγῃ
968 664 1077 716 ἀπὸ
1099 664 1193 717 τοῦ
1221 663 1403 730 ξύλου,
1440 664 1827 736 Θανάτῳάπο-

242 750 401 820 θανῇὶ
439 768 457 802 ι
488 749 659 804 Πόθεν
689 752 807 822 ᾔδει
838 753 867 805 6
919 752 1116 823 Ἀδάμ,
1140 752 1195 806 τί
1217 754 1335 807 ἐστι
1358 754 1612 820 θάνατος,
1652 755 1823 826 μηδέ-

248 858 373 895 ποτε
397 841 558 895 αὐτὸν
591 842 886 914 ἐωρακώςς
916 845 979 897 οὐ
1009 846 1119 916 γάρ
1144 846 1392 916 προεῖδεν
1410 845 1825 916 ἀποθνήσκοντα

246 948 384 995 τινα,
408 935 457 987 εί
484 934 557 1006 μὴ
586 936 651 988 ἐκ
679 935 773 990 τοῦ
808 937 1077 1002 ἐναντίου,
1109 938 1280 1007 ἤγουν
1310 941 1374 992 ἐκ
1414 938 1515 1010 τῆς
1546 939 1715 1007 ζωῆς.
1757 939 1826 994 Ἥ

242 1030 352 1100 γάρ
384 1031 637 1102 στέρησις
680 1032 782 1102 τῆς
838 1030 985 1103 ζωῆς
1037 1033 1198 1103 δῆλον
1231 1034 1315 1086 ὅτι
1344 1031 1602 1095 θάνατος.
1638 1031 1828 1095 Οῦτως

241 1124 337 1176 καὶ
398 1124 427 1177 6
484 1124 744 1191 πλούσιος
774 1106 872 1198 τῆν
919 1125 1135 1192 πενίαν,
1178 1126 1273 1180 καὶ
1300 1128 1328 1179 6
1358 1126 1516 1197 ὑγιὴς
1542 1125 1641 1197 τὴν
1671 1125 1829 1177 νόσον

240 1214 555 1270 ἐπίσταται.

1931 592 2087 641 mus,
2111 582 2207 632 aut.
2241 590 2378 631 naso
2403 574 2644 640 adunco,
2671 576 2759 631 vel
2805 574 3020 641 magnis
3061 574 3259 637 oculis,
3298 591 3325 629 a
3359 579 3516 634 simi-

1929 668 2169 722 litudine
2190 667 2246 721 in
2277 668 2506 737 speculo
2531 683 2815 738 expressa.
2846 666 3088 734 Quintus
3110 669 3322 723 modus.
3349 684 3518 739 smpe-

1930 774 2171 815 numero
2218 760 2507 814 contraria
2568 776 2634 815 ex
2709 760 3014 815 contrariis
3078 769 3514 828 cognoscuntur,

1931 858 1993 904 ut
2018 863 2143 903 cum
2187 848 2331 902 dixit
2362 849 2505 905 Deus
2555 849 2726 904 Adam
2764 867 2783 901 ι
2838 849 3183 918 Quocunque
3211 849 3300 903 die
3353 865 3414 903 cx
3454 848 3520 903 li~

1932 955 2044 1011 gno
2101 940 2431 1003 comederis,
2491 949 2671 996 morte
2725 942 3002 997 morieris.
3043 961 3063 991 ι
3123 939 3278 995 Unde
3311 956 3519 1010 cogno-

1933 1034 2011 1088 vit
2070 1033 2240 1087 Adam
2276 1033 2434 1102 'quid
2493 1043 2645 1089 esset
2685 1051 2858 1097 mors,
2909 1050 3036 1089 cum
3085 1050 3362 1104 nunquam
3398 1050 3517 1088 cam

1934 1123 2210 1179 vidisset?
2240 1138 2353 1177 non
2398 1124 2544 1178 enim
2595 1125 2755 1194 prius
2802 1124 3018 1180 viderat
3073 1126 3309 1196 aliquem
3370 1142 3510 1181 mor-

1936 1224 2113 1291 tuum.
2158 1213 2436 1285 Cognovit
2483 1216 2703 1270 scilicet
2759 1231 2828 1271 ex
2868 1216 3175 1283 contrario,
3215 1217 3269 1271 id
3308 1226 3414 1281 est,
3453 1231 3520 1270 cx

239 1310 391 1377 vita;
427 1311 666 1380 privatio
692 1310 840 1367 enim
887 1311 1016 1367 vitae
1044 1326 1194 1367 mors
1224 1320 1336 1367 est.
1375 1310 1467 1367 Sic
1502 1310 1658 1367 dives
1686 1319 2066 1382 paupertatem
2099 1310 2416 1383 cognoscit,
2450 1319 2505 1366 et
2541 1325 2714 1369 sanus
2743 1311 3022 1368 morbum.

312 1401 475 1455 Κατὰ
499 1405 648 1457 ποῖον
677 1398 772 1457 οὖν
800 1401 912 1455 τῶν
948 1401 1112 1455 πέντε
1151 1401 1372 1473 τρόπων
1402 1402 1608 1456 τούτων
1635 1403 1828 1455 ἑαυτὸν

241 1492 270 1544 6
302 1493 434 1555 Θεὸς
469 1491 644 1558 οἷδενς
675 1494 734 1559 ἐξ
754 1493 920 1548 αὐτοῦ
960 1494 1251 1562 γινώσκειν
1272 1496 1465 1549 ἑαυτὸν
1494 1496 1554 1548 ού
1580 1494 1827 1548 δύναται.

242 1584 417 1637 Τοῦτο
440 1584 551 1655 γάρ
582 1585 815 1651 δέδοται,
847 1586 1006 1641 ἄλλον
1036 1583 1179 1641 εἶναι
1212 1587 1303 1641 τὸν
1344 1586 1703 1655 γινώσκοντα,
1736 1588 1831 1640 καὶ

240 1676 374 1730 ἄλλο
424 1677 486 1730 τὸ
514 1678 942 1747 γινωσκόμενον,
973 1677 1094 1731 οὐδὲ
1114 1678 1223 1749 μὴν
1252 1678 1315 1744 ἐξ
1351 1680 1531 1751 [χνοῦς
1555 1677 1723 1740 τινός.
1748 1677 1831 1731 Τὰ

240 1768 352 1837 γάρ
374 1771 656 1839 ποιήματα
704 1769 886 1839 πολλῷ
936 1769 1167 1841 δεύτερα
1198 1772 1293 1825 καὶ
1341 1768 1661 1840 κατώτερα⁶
1710 1769 1828 1823 ἀλλ’

240 1857 365 1913 οὔτε
403 1858 471 1912 δι’
494 1858 788 1929 ἐσόπτρου,
808 1857 932 1913 οῦτε
961 1858 1049 1913 διά
1081 1877 1229 1923 τινος
1266 1859 1376 1913 τῶν
1403 1857 1687 1928 τεσσάρων
1716 1856 1836 1927 τρό-

240 1966 363 2004 πων
384 1967 396 1979 ’
433 1952 648 2021 ἀνάγκη
678 1952 861 2007 τοίνυν
897 1948 1037 2006 εἷναί
1068 1970 1194 2007 τινα
1225 1952 1367 2007 κατὰ
1413 1951 1593 2005 πάντα
1622 1950 1831 2020 ὅμοιον,

238 2045 412 2114 ἧγουν
443 2045 789 2113 ὀμοούσιον,
824 2045 918 2098 καὶ
954 2045 1224 2099 συναῖδιον
1247 2044 1326 2114 τῷ
1352 2042 1472 2114 Θεῷ
1501 2043 1559 2109 ἐξ
1585 2038 1646 2098 οῦ
1678 2045 1830 2113 γνοίη

240 2137 458 2199 ἑαυτὸν,
497 2137 584 2192 ἵνα
618 2137 696 2210 μὴ
727 2138 938 2207 ἀγνοῶν
983 2137 1174 2191 ἑαυτὸν
1228 2138 1615 2191 καταλείποιτο
1649 2152 1661 2164 ·
1684 2136 1828 2205 ὀρῶν

236 2230 354 2299 γὰρ
399 2233 427 2283 ὁ
475 2231 610 2295 Θεὸς
650 2232 741 2285 τὸν
784 2233 980 2285 ἑαυτοῦ
1028 2232 1180 2295 Υίὸν,
1235 2232 1421 2302 ὅμοιον
1447 2228 1644 2299 ἑαυτῷ,
1689 2230 1833 2283 κατά

237 2323 445 2384 πάντα,
495 2323 686 2376 ἑαυτὸν
716 2326 772 2376 ὲν
810 2324 1007 2393 ἐκείνῳ
1052 2325 1153 2394 ὁρᾷ
1177 2337 1193 2352 ⁸
1232 2323 1397 2385 αὐτὸς
1454 2324 1564 2392 γάρ
1607 2324 1756 2375 ἐστιν
1797 2323 1829 2392 ἠ

238 2412 412 2467 εἰκὼν
440 2413 534 2467 τοῦ
580 2414 717 2468 Θεοῦ
754 2416 852 2470 τοῦ
895 2416 1156 2485 ἀοράτου,
1208 2415 1303 2468 καὶ
1351 2416 1379 2467 6
1416 2413 1707 2485 χαρακτὴρ
1733 2413 1831 2483 si];

240 2503 601 2569 ὑποστάσεως
629 2507 819 2561 αὐτοῦ.

315 2596 377 2649 Β.
402 2597 585 2651 Ἔστω
612 2598 699 2669 δὴ,
722 2600 811 2653 τὸν
826 2600 958 2653 Θεὸν
986 2599 1132 2671 ἔχειν
1159 2599 1280 2652 τινὰ
1300 2597 1585 2657 συναῖδιον,
1621 2598 1829 2668 ὅμοιον,

231 2686 395 2749 ὅπως
433 2688 627 2741 ἑαυτὸν
682 2691 777 2745 ἀπ’
814 2691 1027 2745 ἐκείνου
1086 2690 1367 2759 γινώσκοι.
1398 2688 1570 2742 Πόθεν
1610 2689 1829 2743 ἀποδεί-

232 2776 355 2843 ξεις
385 2777 468 2830 ὅτι
497 2778 612 2842 υίός
639 2782 825 2844 estw;

310 2889 379 2941 Δ.
416 2888 637 2943 Ἔοικεν
690 2891 802 2951 τοῖς
863 2888 964 2959 τῆς
1030 2890 1380 2959 δικαιοσύνης
1437 2892 1699 2960 ἐρασταῖς
1747 2890 1828 2960 τῷ

232 2978 395 3049 αὐτῷ
434 2979 620 3051 μέτρῳ
651 2980 748 3033 καὶ
778 2978 955 3051 ζυγῷ,
996 2972 1041 3047 ᾧ
1079 2980 1410 3052 μετροῦνταί
1455 2997 1517 3034 τε
1549 2980 1644 3034 καὶ
1699 2996 1825 3033 στα-

233 3071 512 3143 Θμῶνται,
536 3073 886 3143 άντιμετρεῖν
910 3090 972 3126 τε
1002 3074 1098 3127 καὶ
1129 3073 1592 3143 άντισταθμίζειν.
1629 3073 1692 3127 Εἰ
1713 3072 1825 3143 γάρ

2006 1401 2129 1469 Quo
2190 1404 2361 1475 igitur
2411 1403 2577 1459 modo
2657 1419 2726 1458 ex
2785 1404 2873 1459 his
2937 1404 3187 1475 quinque
3234 1406 3523 1474 cognoscit

1934 1487 2079 1545 Deus
2131 1492 2416 1562 seipsum?
2470 1506 2813 1562 cognoscere
2849 1494 3090 1562 seipsum
3142 1509 3172 1549 e
3202 1510 3264 1549 se
3309 1494 3523 1549 scilicet

1932 1598 2043 1637 non
2079 1591 2263 1654 potest
2296 1602 2309 1637 :
2349 1584 2456 1637 hoc
2500 1584 2647 1637 enim
2682 1585 2873 1638 datum
2924 1595 3030 1650 est,
3068 1586 3239 1661 aljum
3275 1601 3396 1643 esse
3426 1586 3521 1656 qui

1932 1675 2246 1745 cognoscit,
2280 1683 2334 1731 et
2379 1675 2554 1730 alium
2602 1675 2697 1745 qui
2747 1679 3127 1746 cognoscitur.
3186 1677 3297 1731 Nec:
3330 1688 3394 1733 ex
3426 1695 3521 1732 ve—

1933 1767 2102 1836 stigio
2142 1767 2371 1838 aliquo;
2426 1782 2550 1836 quae
2597 1769 2744 1822 enim
2785 1768 2932 1822 facta
2985 1778 3137 1832 sunt,
3187 1769 3359 1822 multo
3393 1777 3525 1824 sunt

1936 1858 2205 1914 inferiora
2241 1877 2254 1912 :
2295 1875 2470 1930 neque
2509 1876 2606 1929 per
2637 1860 2929 1929 speculum
2956 1900 2972 1927 ,
3008 1874 3112 1914 nec
3148 1859 3260 1912 alio
3282 1876 3353 1913 ex
3388 1874 3523 1930 qua-

1936 1960 2066 2006 tuor
2107 1952 2329 2019 modis;
2384 1968 2614 2010 necesse
2648 1955 2821 2024 igitur
2874 1962 2960 2008 est
2987 1969 3113 2008 esse
3144 1954 3383 2022 aliquem
3428 1968 3523 2025 per

1939 2046 2129 2098 omnia
2168 2044 2428 2133 similem,
2468 2045 2525 2099 id
2575 2054 2685 2113 est,
2717 2046 3029 2100 homousiou
3056 2085 3073 2109 ,
3103 2053 3157 2099 et
3188 2053 3520 2099 cotetcruum

1939 2134 2067 2197 Dco,
2100 2150 2162 2187 ex
2199 2150 2308 2202 quo
2353 2132 2654 2208 cognoscat
2715 2136 2985 2205 seipsum,
3048 2151 3117 2190 ne
3148 2135 3420 2204 reliquum
3451 2132 3524 2187 sit

1934 2226 2192 2298 ignorare
2223 2227 2385 2298 367
2410 2231 2655 2298 scipsum
2687 2246 2699 2283 :
2731 2229 2923 2284 videns
2955 2229 3102 2283 enim
3142 2226 3287 2282 Deus
3322 2224 3523 2281 Filium

1935 2334 2096 2371 suum
2131 2319 2233 2373 sibi
2258 2336 2357 2389 per
2392 2321 2580 2374 omnia
2612 2321 2873 2384 similem,
2895 2336 2954 2379 se
2985 2320 3102 2388 ipse
3143 2320 3195 2373 in
3226 2320 3322 2372 illo
3351 2319 3519 2382 videt,

1935 2411 2051 2479 ipse
2082 2412 2228 2466 enim
2291 2411 2465 2468 Filius
2505 2422 2591 2469 est
2624 2414 2807 2485 imago
2859 2413 2949 2467 Dei
3002 2414 3325 2475 invisibilis,
3373 2422 3427 2467 et
3461 2411 3524 2464 ti-

1933 2517 2066 2571 gura
2101 2504 2426 2559 substantia:
2455 2505 2598 2574 ejus.

2004 2593 2067 2648 D.
2103 2593 2259 2659 Esto,
2302 2596 2500 2650 habeat
2559 2596 2705 2653 Deus
2755 2598 2994 2668 aliquem
3055 2605 3393 2662 coaeternum
3450 2597 3525 2650 si-

1945 2686 2159 2751 milem,
2191 2696 2249 2741 ut
2274 2703 2337 2741 ex
2371 2688 2469 2742 illo
2510 2704 2571 2744 se
2609 2689 2725 2759 ipse
2756 2697 3076 2760 cngnoscat.
3111 2685 3265 2741 Unde
3290 2686 3523 2741 demon-

1934 2779 2144 2835 Strabis
2181 2779 2357 2834 tilium
2387 2781 2550 2835 esse?
2808 2764 2813 2769 ’

1993 2893 2062 2945 Α.
2123 2890 2292 2946 Decet
2331 2891 2565 2961 iustitiae
2612 2900 2894 2949 amatores
2930 2892 3123 2947 eadem
3176 2904 3437 2946 mensura
3468 2898 3526 2943 ct.

1928 2981 2112 3047 lance,
2156 2997 2279 3053 ,qua
2318 2983 2629 3039 metiuntur
2675 2995 2730 3039 et
2791 2985 3120 3055 ponderant,
3172 2982 3420 3037 rctuctiri
3470 2991 3526 3036 ct

1930 3076 2258 3144 rependere.
2311 3073 2371 3130 Si
2421 3077 2570 3132 enim
2605 3092 2635 3132 a
2675 3085 2729 3133 te
2776 3076 3117 3147 accepissem
3169 3085 3393 3129 centum
3428 3090 3527 3127 au-

231 3164 362 3237 εἵην
393 3164 631 3236 εἰληφὼς
654 3166 810 3236 παρὰ
836 3168 929 3219 σοῦ
956 3166 1244 3237 χρυσίνους
1266 3166 1480 3227 ἑκατὸν,
1506 3165 1747 3234 ἐθέλοιμι
1774 3166 1830 3217 δέ

1943 3183 2061 3223 reos
2113 3184 2394 3235 nummos,
2446 3172 2762 3240 vellemque
2814 3171 2915 3225 hos
2987 3169 3084 3223 tibi
3148 3170 3397 3233 reddere,
3461 3184 3527 3221 ca

232 3275 324 3311 σοι
375 3259 599 3322 τούτους
656 3258 975 3323 ἀποδοῦναι,
1000 3258 1077 3327 τῷ
1102 3257 1273 3325 ζυγῷ,
1305 3250 1349 3325 ᾧ
1376 3256 1829 3325 σταθμισάμενος

228 3352 465 3425 εἴληφα,
492 3353 686 3423 ἐκείνῳ
741 3352 838 3404 καὶ
875 3353 938 3405 σὺ
971 3351 1101 3422 παρ’
1130 3350 1265 3421 ἐμοῦ
1294 3350 1394 3419 οὐχ
1423 3350 1594 3419 ἑτέρῳ
1627 3349 1830 3402 ἀπολα-

228 3444 356 3497 ϐεῖν
389 3444 647 3512 ὀφείλεις.
708 3443 981 3514 Στάθμιον
1025 3442 1135 3512 γάρ
1172 3442 1390 3512 μικρὸν,
1413 3442 1509 3494 καὶ
1540 3441 1681 3509 μέγα
1704 3440 1830 3509 ἐμί-

228 3552 412 3605 σησεν
465 3537 499 3605 ἡ
548 3534 695 3605 ψυχή
756 3551 880 3606 μου,
916 3534 1083 3603 φησὶν
1133 3534 1162 3586 6
1206 3532 1360 3595 Θεός.
1403 3533 1576 3585 Πόθεν
1606 3533 1833 3586 ἐπιστά-

230 3627 411 3698 μεθα,
466 3627 545 3681 ὃτι
594 3628 742 3679 ἔστιν
798 3625 953 3690 Θεὸς,
1004 3624 1101 3678 καὶ
1125 3625 1192 3678 τά
1233 3624 1328 3678 τοῦ
1357 3623 1491 3676 Θεοῦ
1529 3622 1830 3694 ἰδιιῖιματας

223 3720 366 3791 οὐχὶ
396 3720 459 3771 ὲκ
481 3718 589 3772 τῶν
620 3719 750 3788 παρ’
771 3719 935 3790 ἠειῖνς
967 3718 1028 3769 Ei
1057 3716 1165 3788 γάρ
1188 3716 1354 3768 αὐτὸν
1380 3716 1479 3786 οὐχ
1508 3714 1832 3785 ὲιιιράκαμεν

225 3810 487 3871 πώποτε,
515 3811 626 3863 οὐδ’
666 3811 730 3862 ὲκ
764 3808 872 3861 τῶν
910 3807 1076 3862 αὐτοῦ
1114 3806 1440 3877 ποιημάτων
1466 3806 1632 3859 αὐτὸν
1664 3823 1834 3859 κατα-

224 3901 656 3973 λαμϐανόμεθα,
712 3902 928 3972 ἀνάγκη
993 3902 1142 3953 πᾶσα
1192 3902 1253 3953 ὲν
1287 3898 1543 3952 παντελεῖ
1587 3899 1832 3968 διαρκεῖν

224 3996 395 4065 ἡμᾶς
425 3994 669 4063 ἀγνωσία
692 3996 785 4046 τοῦ
814 3991 977 4046 Θεοῦ.
1024 3992 1120 4045 Ἐκ
1146 3991 1257 4044 τῶν
1292 3986 1385 4043 οῦν
1429 3992 1558 4060 παρ’
1591 3993 1723 4060 ἡμῖν
1750 4008 1831 4043 τι-

227 4084 536 4156 μιωτέρων
589 4084 682 4137 τὸν
733 4083 865 4137 Θεὸν
894 4084 1294 4153 διαγράφομεν,
1328 4083 1397 4135 τὰ
1447 4084 1574 4151 ἡμῖν
1599 4084 1834 4153 ἐπισυμ-

225 4178 503 4230 6αίνοντα
536 4174 923 4246 συμπτώματα
952 4175 1232 4238 παντελῶς
1275 4175 1697 4243 ὑπεξαιροῦντες
1729 4174 1835 4226 ἀπὸ

223 4270 354 4323 τῶν
387 4268 492 4320 ὑπὸ
513 4267 647 4321 Θεοῦ
691 4266 1025 4337 λεγομένων.
1056 4263 1182 4320 Οἷόν
1217 4268 1332 4318 ἐστι
1379 4265 1510 4336 παρ’
1543 4268 1672 4336 ἡμῖν
1698 4265 1833 4334 ζωὴ,

226 4363 336 4414 καὶ
382 4358 626 4421 θάνατος.
668 4359 788 4412 Τίνι
817 4359 1021 4428 πρέπει
1047 4361 1181 4429 ἡμῖν
1210 4356 1302 4410 τὸν
1329 4356 1465 4409 Θεὸν
1489 4355 1834 4427 χαρακτηρί-

229 4471 365 4515 σαι,
396 4455 463 4522 τῇ
481 4452 612 4523 ζωῇ,
639 4450 673 4521 ἦ
702 4451 782 4521 τῷ
806 4452 1058 4522 οανάτῳ;

310 4569 385 4621 Β.
418 4566 671 4637 Δηλονότι
695 4570 758 4637 τῇ
786 4568 920 4638 ζωῇ.
1620 4634 1637 4657 κ

310 4686 387 4736 Λ.
424 4683 669 4752 Λέγομεν
715 4678 829 4745 οὖν,
891 4682 973 4735 ὅτι
1004 4683 1032 4734 6
1059 4679 1193 4743 Θεὸς
1222 4677 1357 4750 ζωὴ,
1406 4676 1498 4730 καὶ
1523 4675 1630 4741 ζῶν
1662 4676 1827 4727 ἐστιν.

241 4773 405 4847 Ἀλλ’
437 4773 629 4841 ἐπειδὴ
672 4773 801 4842 παρ’
836 4774 969 4842 ἡμῖν
1026 4772 1060 4840 ὴ
1094 4768 1208 4837 ζωὴ
1242 4769 1338 4819 καὶ
1375 4766 1547 4837 ἀρχὴν
1578 4764 1713 4834 ἔχει,
1740 4763 1834 4816 καὶ

218 4870 423 4933 τέλος,
455 4867 548 4920 καὶ⁸
571 4866 755 4936 ἐνδεής
784 4868 900 4918 ἐστι
920 4882 933 4898 ο
971 4864 1162 4936 χρῄζει
1192 4863 1301 4931 γάρ
1328 4862 1425 4931 τῆς
1449 4858 1650 4923 ἔξωθεν
1679 4859 1835 4928 ὲπιῤ-

223 4960 407 5030 ῥοῆς,
445 4957 698 5030 βρώσεὼς
753 4975 831 5022 τε,
875 4959 969 5010 καὶ
1009 4956 1243 5017 πόσεως,
1278 4954 1373 5005 καὶ
1422 4952 1522 5021 τῆς
1551 4949 1646 5003 τοῦ
1674 4950 1835 5020 άέρος

221 5050 552 5119 ἀναπνοῆς,
581 5050 679 5101 καὶ
707 5048 816 5100 τῶν
846 5045 1128 5112 τοιούτων,
1163 5044 1223 5112 ἐξ
1251 5039 1325 5098 ὧν
1354 5045 1388 5113 ἡ
1430 5042 1688 5104 σύστασις
1735 5040 1835 5110 τῆς

221 5142 523 5214 ἡμετέρας
547 5141 710 5209 ζωῆς.
740 5140 926 5193 Ταῦτα
962 5140 1138 5192 πάντα
1189 5138 1256 5190 τὰ
1302 5133 1707 5206 συμπτώματα,
1739 5132 1853 5184 και

222 5232 612 5301 ἐλαττώματα
651 5232 803 5286 κάτω
834 5230 1040 5293 θέντες,
1076 5229 1173 5281 καὶ
1230 5227 1545 5296 ἀφελόντες,
1577 5224 1831 5292 λέγομεν,

222 5326 341 5379 τὸν
369 5321 502 5376 Θεὸν
563 5323 666 5393 ζῇν
731 5321 897 5393 ζωὴν,
928 5322 1024 5374 καὶ
1066 5319 1324 5387 τοιαύτην
1354 5317 1522 5388 ζωὴν,
1554 5316 1653 5385 τὴν
1698 5316 1833 5385 μήτε
1856 5394 1867 5401 ἱ

223 5412 425 5485 ἀρχὴν
478 5415 615 5483 μήτε
666 5412 820 5474 τέλος
872 5411 1125 5481 ἔχουσαν,
1186 5410 1325 5480 μήτε
1370 5408 1516 5470 τινὸς
1557 5404 1836 5468 παντελῶς

225 5506 357 5561 τῶν
394 5504 594 5569 ἔξωθεν
617 5505 945 5575 χρῄζουσαν.
970 5505 1040 5557 Ἢ
1063 5504 1160 5573 ούχ
1183 5501 1356 5565 οῦτως
1388 5500 1532 5570 ἔχειν
1554 5515 1635 5551 σοι
1652 5498 1831 5564 δοκεῖ;

316 5598 383 5649 Β.
416 5599 524 5651 Καὶ
556 5598 695 5651 πάνυ
718 5596 1059 5664 Θαυμασίως,
1092 5595 1187 5649 καὶ
1228 5592 1611 5661 εύστοχὼτατα
1641 5592 1704 5645 ὲκ
1725 5589 1833 5644 τῶν

314 5773 371 5815 δ’
412 5773 567 5829 Prov.
607 5790 698 5838 xx,
746 5772 829 5828 10.

1933 3259 2091 3313 lance
2129 3274 2237 3329 qua
2270 3275 2549 3329 appensos
2580 3261 2795 3330 accepi,
2849 3269 2904 3314 et
2950 3276 3061 3314 non
3096 3260 3221 3321 alia,
3259 3275 3288 3312 a
3324 3275 3411 3312 me
3442 3275 3527 3312 re-

1933 3353 2118 3422 cipere
2166 3351 2355 3407 debes.
2419 3351 2647 3405 Pondus
2698 3352 2846 3405 enim
2901 3336 3131 3421 parvum
3182 3359 3235 3404 et
3267 3367 3525 3418 magnum

1934 3444 2110 3500 odivit
2133 3445 2316 3498 anima
2340 3460 2457 3500 mea
2479 3443 2552 3509 δ’,
2578 3444 2652 3497 ait
2680 3443 2844 3497 Deus.
2880 3442 3037 3497 Unde
3064 3443 3295 3505 scimus,
3314 3443 3358 3495 si
3384 3442 3526 3496 Deus

1932 3546 2042 3603 est,
2128 3536 2363 3605 ejusque
2433 3534 2858 3606 proprietates?
2913 3549 3100 3588 annon
3149 3549 3217 3588 ex
3273 3533 3344 3587 iis
3401 3549 3525 3601 qua:

1935 3629 2079 3699 apud
2111 3642 2214 3684 nos
2251 3629 2430 3683 sunt?
2468 3626 2689 3682 Etenim
2723 3626 2771 3682 si
2804 3642 3086 3697 nunquam
3112 3642 3238 3681 eum
3260 3627 3522 3689 vidimus,

1935 3735 2035 3775 nec
2064 3736 2129 3774 ex
2165 3719 2440 3777 creaturis
2477 3719 2603 3787 ejus
2647 3732 2774 3772 eum
2831 3718 3245 3786 cognoscimus,
3297 3718 3524 3769 nescsse

1934 3814 2165 3866 omnino
2195 3821 2279 3866 est
2308 3826 2412 3865 nos
2444 3809 2613 3865 Deum
2665 3810 2945 3880 ignorare.
2979 3808 3151 3878 Igitur
3178 3824 3244 3862 ex
3278 3808 3367 3869 iis,
3401 3821 3525 3875 qnte

1937 3905 2083 3975 apud
2120 3920 2222 3959 nos
2254 3912 2385 3958 sunt
2443 3904 2743 3967 nobiliora,
2791 3901 2958 3956 Deum
3009 3901 3398 3966 desetibitnus,
3427 3915 3523 3955 eas

1936 3998 2156 4068 penitus
2197 4011 2318 4065 qua:
2370 3994 2531 4049 nobis
2565 3995 2822 4048 accidunt
2852 3996 3235 4047 abcrratiuncs
3268 3994 3522 4047 eximeno

1938 4099 2021 4145 tes
2071 4106 2102 4144 c
2138 4103 2368 4143 numero
2395 4102 2589 4142 eorum
2624 4103 2747 4157 quas
2787 4085 2857 4141 de
2888 4085 2998 4169 Deo
3034 4085 3321 4139 dicuntur.
3356 4082 3559 4138 Venbi'

1938 4185 2140 4255 gratia,
2171 4183 2316 4252 apud
2348 4197 2450 4236 nos
2486 4189 2572 4235 est
2618 4181 2728 4235 vita
2762 4190 2816 4235 et
2841 4196 2994 4235 mors
3029 4197 3041 4233 :
3081 4194 3193 4249 quo
3227 4179 3386 4233 decet
3419 4194 3521 4233 nos

1939 4280 2159 4348 signare
2192 4276 2385 4341 Deum,
2421 4275 2529 4328 vita
2557 4315 2571 4339 ,
2613 4288 2681 4327 an
2711 4272 2927 4328 morte?

2012 4556 2070 4610 Β.
2106 4554 2230 4610 Vita
2261 4555 2491 4610 scilicet.

2014 4671 2079 4726 A.
2136 4669 2384 4724 Dicimus
2441 4669 2609 4741 igitur
2675 4670 2843 4725 Deum
2899 4669 3108 4734 vivere,
3155 4678 3208 4725 et
3249 4668 3519 4724 viventem

1941 4778 2086 4818 esse.
2125 4761 2229 4815 Sed
2273 4761 2407 4831 quia
2461 4761 2610 4830 apud
2669 4776 2773 4815 nos
2808 4761 2919 4814 vita
2966 4770 3021 4815 ct
3055 4761 3387 4831 principium
3421 4760 3521 4813 lia-

1944 4857 2033 4911 bet
2088 4866 2140 4908 et
2202 4856 2390 4915 linem,
2452 4865 2507 4906 et
2569 4853 2821 4922 indiget;
2882 4854 3087 4924 indiget
3116 4853 3263 4907 enim
3301 4854 3369 4907 iis
3402 4869 3521 4922 quae

1943 4946 2300 5001 extrinsecus
2333 4944 2594 5010 inlinunt,
2642 4954 2702 4999 ut
2733 4945 2880 5009 cibo,
2912 4956 2963 4999 et
3010 4955 3161 5014 potu,
3196 4955 3251 4999 et
3283 4945 3520 5014 respira-

1943 5040 2094 5092 tione
2122 5037 2289 5100 aeris,
2322 5044 2376 5091 et
2406 5038 2533 5092 aliis
2564 5026 2911 5104 l'iujusmodi,
2940 5054 3023 5117 cx.
3046 5038 3250 5106 quibus
3285 5037 3391 5089 vita
3426 5051 3523 5089 no-

1943 5141 2056 5185 stra
2093 5136 2333 5183 constat.
2373 5129 2470 5184 llis
2501 5130 2789 5188 omnibus.
2814 5146 2939 5199 quae
2970 5130 3258 5194 accidunt,
3303 5129 3519 5198 seposi-

1942 5223 2018 5278 tis
2074 5235 2139 5276 ac
2193 5221 2448 5288 remotis,
2492 5222 2732 5276 dicimus
2762 5222 2933 5275 Deum
2970 5222 3149 5273 vivere
3194 5220 3360 5272 vitam
3399 5235 3516 5288 qua!

1942 5327 2123 5382 neque
2169 5311 2506 5382 principium
2554 5312 2719 5367 habet
2773 5325 2953 5380 neque
3007 5310 3192 5371 linem,
3245 5322 3343 5361 nec
3409 5309 3517 5362 ulla

1943 5420 2175 5475 prorsus
2234 5420 2292 5458 re
2340 5404 2693 5460 extrinsecus
2746 5401 2981 5472 indiget.
3036 5402 3232 5453 Annon
3302 5400 3514 5453 videtur

1945 5482 2043 5550 tibi
2078 5495 2161 5550 sic
2195 5495 2355 5551 esse?

2012 5588 2074 5645 Β.
2095 5588 2532 5657 Adtuirabiliter,
2560 5596 2614 5645 ct
2640 5602 2804 5659 quam
2834 5585 3041 5658 optime
3071 5583 3272 5655 conjici
3310 5589 3513 5653 potest,
