3912 6202
503 322 638 390 mg
1719 335 2115 397 THEODORI
2168 335 2542 395 ABL'CARE
3486 352 3579 416 ιδιο

501 434 675 489 Deum
734 433 1028 504 describis,
1086 453 1265 508 neque
1307 449 1464 512 potes
1508 444 1731 501 aliunde
1788 446 2046 516 cognosci

2041 446 2072 511 i,
2106 443 2149 497 Δ
2181 443 2312 513 παρ’
2337 445 2473 513 ἡμῖν
2498 443 2588 496 τὸν
2611 443 2737 496 Θεὸν
2763 443 3094 515 διαγράφεις,
3132 445 3220 500 καὶ
3245 444 3332 500 οὐκ
3353 445 3464 506 ἔστιν
3486 454 3586 509 with

500 540 602 582 nec
631 525 791 581 aliter
823 541 1120 597 possumus
1155 532 1222 587 de
1249 550 1316 588 eo
1352 535 1524 608 loqui.

2179 534 2402 588 ἄλλοθεν
2428 533 2652 597 εἰδέναι,
2680 534 2712 604 ἢ
2741 535 2906 599 άλλως
2933 539 3119 590 εἰπεῖν.

571 619 640 670 Δ.
677 617 756 672 Ad
792 619 1045 674 eumdem
1075 623 1319 692 modum,
1357 629 1555 690 amice,
1581 629 1749 685 debes
1769 629 2079 699 intelligere

2050 643 2079 682 e
2251 627 2314 678 Δ.
2342 623 2528 688 Οὕτως
2552 667 2568 690 ,
2594 620 2638 680 ὧ
2674 626 2841 694 φίλος.
2874 629 2964 680 ἐπὶ
2992 627 3096 681 τῶν
3141 627 3321 682 λοιπῶν
3346 647 3418 700 μοι
3457 634 3595 690 idet",

501 709 570 761 de
591 708 842 778 reliquis.
861 710 957 766 Est
977 715 1119 782 apud
1139 730 1241 769 nos
1259 726 1517 785 aspectus
1540 722 1843 775 etcaccitas.
1863 718 2038 774 Belict

2058 735 2080 773 ι
2183 715 2339 770 Ἔστι
2371 718 2503 786 παρ’
2529 719 2663 787 ἡμῖν
2690 719 2899 788 ὅρασις,
2938 720 3030 772 καὶ
3064 719 3330 789 τύφλωσις.
3353 723 3603 793 Τὴντὺφλω-

499 800 775 866 excitate,
811 804 981 856 Deum
1016 805 1255 862 dicimus
1288 809 1565 864 videntem
1596 811 1846 874 ἀπαθῶς,
1878 813 1930 866 id
1965 819 2044 868 est

2061 852 2075 878 ,
2179 822 2264 858 σιν
2311 807 2563 875 ἀφέντες,
2616 809 2708 860 τὸν
2763 809 2895 864 Θεὶν
2941 809 3157 880 λέγομεν
3193 813 3404 881 ὁρατικὸν
3430 814 3604 882 ἀπαθῶς,

501 905 610 944 non
646 894 926 961 patiendo,
963 895 1014 948 id
1061 907 1165 962 est,
1204 913 1556 956 removentes
1578 903 1657 956 .ab
1690 918 1756 957 eo
1789 903 2044 972 passione

2056 919 2080 958 ε
2178 895 2318 965 ἦτοι,
2343 897 2412 949 τὰ
2440 897 2539 966 τῆς
2566 899 2811 968 ὁράσεως
2860 899 3177 972 ἐξορίςοντες
3226 903 3348 972 πάθη
3373 905 3444 956 ἀπ’
3473 905 3601 962 αὑτοῦ.

498 983 760 1036 visionis.
795 985 888 1038 Est
947 987 1092 1042 enim
1155 990 1294 1044 Deus
1330 991 1382 1044 in
1425 993 1686 1048 omnibus
1729 993 1966 1064 ἀπαθὴς,
2019 995 2043 1047 ii

2060 994 2075 1048 ι
2191 987 2278 1040 Ἐν
2308 990 2441 1042 πᾶσι
2468 990 2576 1058 γάρ
2614 992 2760 1043 ἐστιν
2788 994 2816 1044 6
2843 991 2975 1054 Θεὸς
3008 992 3228 1061 ἀπαθής.
3261 994 3478 1057 Ὡσαύτως
3510 996 3605 1065 ἀκοὴ

499 1079 584 1124 est
639 1073 854 1129 alienus
917 1090 945 1127 a
1009 1077 1292 1145 passione.
1383 1081 1650 1134 Similiter
1725 1082 1947 1136 auditus
2023 1098 2044 1137 ε

2059 1088 2078 1136 ι
2178 1078 2272 1132 καὶ
2339 1077 2596 1148 κώφωσις
2638 1081 2769 1151 παρ’
2811 1083 2963 1150 ἡμῖν.
3017 1081 3342 1146 Ἀκουστικὸν,
3385 1085 3433 1136 ού
3475 1084 3604 1152 κωφὸν

500 1162 666 1231 368
723 1166 970 1220 surditas
1030 1179 1114 1221 est
1142 1170 1284 1235 apud
1321 1186 1443 1222 nos.
1484 1170 1652 1223 Deum
1687 1171 1940 1226 dicemus
1975 1186 2042 1225 au

2061 1203 2077 1214 .
2179 1167 2412 1240 ἐροῦμεν
2468 1170 2558 1224 τὸν
2607 1170 2760 1224 Θεόν.
2829 1170 3098 1234 Ὡσαύτως
3137 1172 3305 1236 δὲ,κσὶ
3337 1172 3391 1225 τὰ
3423 1173 3606 1229 lauta“.

499 1256 764 1321 dientem,
807 1265 861 1310 et
896 1274 1000 1312 non
1034 1261 1285 1314 surdum.
1313 1263 1585 1317 Similiter
1617 1264 1673 1317 in
1707 1265 1965 1332 reliquis.
2571 1327 2594 1332 __
2834 1273 2840 1278 “

573 1409 630 1462 Β.
683 1409 920 1464 Pulchre
963 1421 1016 1464 et
1068 1414 1514 1469 demonstranter
1579 1416 1792 1471 dixisti.
1872 1415 2072 1471 Eadem

2066 1433 2072 1469 ι
2247 1416 2308 1469 Β.
2339 1417 2486 1469 Πάνυ
2519 1433 2581 1482 γε
2633 1414 2816 1478 καλῶς
2876 1414 2971 1467 καὶ
3031 1413 3304 1476 ἀποδέκτως
3333 1415 3520 1484 εἴρηκας.
3544 1415 3611 1485 Τῷ

498 1501 680 1562 lance,
725 1502 1060 1569 juSIissime,
1113 1521 1233 1573 quae
1285 1508 1634 1562 consectaria
1681 1519 1812 1563 sunt
1857 1509 1912 1562 in
1970 1509 2042 1562 lio

2065 1522 2076 1561 ι
2175 1507 2323 1574 αύτῷ
2361 1503 2453 1559 οὖν
2493 1506 2660 1576 ζυγῷ,
2725 1501 2770 1559 ὧ
2816 1505 3136 1569 δικαιότατε,
3161 1505 3245 1574 τὴν
3271 1503 3487 1571 τοῦλόγου
3510 1507 3610 1558 ἀκο-

500 1607 774 1653 sermone,
804 1593 972 1646 redde
1004 1593 1156 1649 milii.

2174 1597 2392 1650 λουθίαν
2421 1597 2720 1660 ἀνταπόδος
2746 1613 2859 1666 μοι.

569 1686 633 1737 Α.
674 1685 815 1750 Quid
858 1689 998 1756 apud
1037 1703 1138 1742 nos
1163 1699 1248 1744 est
1280 1690 1578 1752 illustrius,
1626 1707 1692 1745 ac
1726 1691 1954 1760 majoris
1982 1690 2062 1744 di-

2244 1687 2309 1740 Δ.
2344 1687 2409 1738 Τί
2449 1685 2582 1756 παρ’
2610 1687 2741 1756 ἡμῖν
2762 1686 3201 1756 τιμαλφέστερον,
3237 1683 3289 1736 τὺ
3322 1683 3508 1752 γόνιμον,
3529 1683 3617 1752 ﬁxi:

499 1776 751 1844 gnitatis,
805 1777 1142 1843 fecunditas,
1189 1795 1256 1833 an
1286 1780 1702 1856 itifecu'nditas?
1762 1781 2044 1845 generatio

2104 1794 2145 1848 Β
2174 1779 2408 1846 ἄγονονζ
2465 1779 2702 1846 γένεσις,
2769 1778 2802 1848 ἢ
2867 1777 3176 1848 στείρωσις;
3214 1777 3254 1828 εί
3299 1776 3389 1845 γὰρ
3421 1778 3463 1827 ὲν
3493 1773 3615 1843 τούτῳ

499 1885 568 1922 an
600 1870 901 1924 sterilitas?
949 1870 1005 1924 Si
1059 1873 1204 1925 enim
1240 1872 1342 1926 hoc
1391 1873 1702 1934 contendis,
1740 1881 1793 1926 et
1827 1872 2041 1940 injustu

2071 1892 2075 1924 ι
2178 1869 2559 1938 φιλονεικοίης,
2596 1871 2690 1922 καὶ
2745 1868 3019 1940 ἀδικοίης,
3061 1867 3376 1936 φιλονεικήσω
3409 1864 3616 1931 adyti)th

499 1960 603 2022 sis,
637 1976 740 2030 ego
773 1963 940 2016 etiam
976 1963 1304 2017 contendam
1351 1973 1581 2018 mortem
1627 1979 1754 2018 esse
1792 1963 1904 2016 vita
1957 1977 2043 2017 me

2068 1991 2075 2004 -
2175 1961 2270 2013 καὶ
2307 1960 2334 2012 ὁ
2363 1959 2592 2023 θάνατος
2615 1960 2715 2028 τῆς
2749 1958 2908 2027 ζωῆς
2939 1958 3208 2028 κρείσσων,
3244 1957 3324 2008 καὶ
3350 1956 3379 2024 ἡ
3403 1951 3613 2020 τύφλωσις,

501 2051 718 2116 liorem,
773 2061 829 2106 et
877 2055 1181 2108 caecitatem
1264 2070 1327 2109 ac
1379 2057 1707 2111 surditatem
1757 2065 1978 2126 aspectu
2020 2070 2046 2109 e

2067 2065 2076 2109 ι
2175 2051 2329 2120 καλή
2371 2050 2632 2118 κώφωσις
2676 2051 2776 2120 τῆς
2818 2049 3066 2120 ὁράσεως
3103 2047 3185 2100 καὶ
3215 2045 3358 2111 ἀκοῆς
3380 2041 3612 2112 τιμιωτέρα.

501 2143 693 2197 auditu
736 2145 1092 2201 honoratiora
1131 2166 1144 2202 :
1193 2149 1389 2217 ecquid
1439 2150 1543 2202 ista
1592 2149 1949 2204 contentione
1973 2149 2040 2201 ab

2069 2179 2072 2187 .
2174 2139 2285 2192 Καὶ
2307 2138 2359 2190 τί
2393 2138 2460 2192 ἂν
2490 2139 2656 2206 τῆσδε
2688 2139 2789 2208 τῆς
2831 2137 3154 2208 φιλονεικίας
3193 2131 3499 2201 ὲκτοτιώτερὸν
3516 2128 3614 2196 τε,ἢ

501 2237 750 2300 surdius,
780 2244 835 2291 et
863 2239 1035 2308 magis
1070 2239 1361 2293 ridendum
1392 2255 1515 2294 esse
1549 2241 1762 2309 possit?

1467 2255 1515 2294 se
1549 2241 1762 2309 possit?
2175 2228 2716 2299 καταγελαστότερον
2742 2246 2758 2294 ;
3007 2229 3012 2234 ’

574 2325 632 2378 Β.
681 2325 827 2381 Sane
857 2326 1262 2383 demonstrasti
1313 2328 1485 2386 Deum
1516 2345 1641 2384 esse
1695 2329 1986 2384 fecundum
2021 2338 2079 2384 et

2071 2345 2079 2382 r
2242 2322 2305 2374 B.
2334 2324 2540 2384 Ὄντως
2590 2321 2884 2385 ἀπέδειξας
2913 2322 2995 2374 ὅτι
3023 2321 3222 2390 γόνιμος
3244 2320 3269 2372 6
3301 2316 3426 2378 Θεὸς,
3445 2313 3515 2367 καὶ
3535 2328 3616 2380 γτνο

500 2427 894 2488 generantem,
942 2419 1108 2491 idque
1146 2437 1272 2477 esse
1325 2423 1467 2476 citra
1526 2424 1696 2476 ullam
1750 2432 2045 2476 controver

2173 2415 2393 2482 νητικός
2411 2429 2428 2444 ⁶
2453 2414 2632 2482 πάσης
2659 2413 2768 2482 γὰρ
2785 2413 3094 2482 ἀντιλογίας
3118 2410 3358 2484 ἁργούσης
3382 2403 3619 2477 τιμιώτερον

501 2512 638 2566 siam
707 2515 950 2570 nobilius
1005 2533 1018 2569 :
1079 2516 1302 2586 gignere
1370 2517 1516 2570 enim
1593 2516 1946 2586 praestantius
1993 2531 2046 2570 es

2068 2556 2073 2570 ,
2173 2503 2233 2556 τὺ
2258 2505 2452 2574 γεννᾷν
2476 2505 2576 2574 τῆς
2623 2502 2973 2573 στειρώσεως
3015 2504 3105 2556 καὶ
3138 2501 3397 2572 ἀκαρπίας.
3437 2495 3613 2561 Ἀλλάτῇ

500 2619 666 2672 quam
704 2605 947 2659 sterilem
985 2614 1039 2660 et
1071 2607 1455 2677 infrugifcrum
1489 2623 1633 2663 esse.
1669 2609 1735 2661 At
1762 2608 2045 2675 generatio

1434 2624 1455 2660 ιι
1489 2623 1633 2663 csse.
1669 2609 1735 2661 At
1762 2608 2072 2675 generatio-
2174 2597 2428 2665 γεννήσει
2459 2599 2769 2667 παρέπεται
2804 2597 2979 2666 πάθη-

501 2711 624 2750 netn
653 2706 962 2765 sequuntur
1000 2699 1314 2767 passiones.

567 2787 635 2839 A.
671 2787 818 2841 Bone
870 2800 922 2843 et
966 2791 1192 2858 sapiens
1258 2791 1362 2852 vir,
1409 2791 1522 2860 jam
1567 2793 1722 2861 prius
1773 2790 2074 2844 constitui-

2242 2791 2307 2844 Α.
2357 2790 2517 2854 Ἀλλ’,
2580 2789 2752 2858 ἀγαθὲ
2799 2791 2900 2843 καὶ
2943 2791 3090 2858 σοφὲ,
3139 2775 3554 2858 προδιεστειλάμεθα
3574 2773 3625 2826 τδ

499 2891 623 2930 mus
662 2878 862 2932 habere
915 2879 1083 2934 Deum
1137 2883 1488 2936 nobilissima
1540 2898 1732 2935 eorum
1764 2898 1884 2951 qua:
1926 2897 2044 2950 apm

2175 2881 2330 2934 Θεῖον
2358 2881 2656 2951 κεκτῆσθαι
2696 2882 2766 2935 τὰ
2795 2882 2935 2951 παρ’
2987 2883 3114 2950 ἡμῖν
3139 2875 3421 2947 τιμιώτατα,
3445 2871 3536 2924 ἄνευ
3551 2865 3621 2930 τῆς

500 2981 601 3021 nos
638 2977 767 3021 sunt
800 2969 1010 3037 absque
1041 2970 1112 3022 iis
1129 2986 1245 3038 quae
1273 2981 1718 3040 consequuntur,
1747 2988 1869 3042 quae
1891 2972 2036 3041 παθη

2173 2971 2640 3042 ἐπακολουθούσης
2656 2971 2839 3034 αὐτοῖς
2868 2972 2978 3025 τῶν
2996 2969 3312 3040 παθημάτων
3336 2962 3414 3018 καὶ
3437 2970 3619 3028 συμπτω⁹

502 3075 649 3126 ματα
675 3069 726 3112 et
749 3059 1132 3128 συμπτώματα
1159 3061 1440 3116 dicuntur.

1202 3063 1440 3116 icuntur.
2103 3113 2143 3132 Α
2181 3061 2368 3132 μάτων
2400 3061 2745 3130 συμϐάσεως.

574 3151 631 3204 Β.
672 3149 736 3203 Et
783 3154 940 3215 satis,
965 3163 1018 3206 et
1065 3153 1250 3222 plane,
1300 3169 1365 3208 ac
1405 3169 1529 3208 vere
1557 3153 1627 3209 de
1664 3154 1766 3209 hoc
1797 3155 2070 3216 tractasti,
2102 3115 2119 3170 ‘

2102 3113 2146 3171 C
2182 3113 2194 3132 ι
2250 3153 2310 3206 Β.
2354 3113 2694 3222 Ἀρκούντως
2724 3155 2854 3226 περὶ
2883 3154 3103 3216 τούτου,
3135 3153 3222 3206 καὶ
3253 3148 3422 3216 σαφῶς,
3441 3142 3510 3198 καὶ
3530 3138 3625 3206 ἁλη-

499 3243 649 3314 qnod
683 3243 830 3298 Deus
867 3246 959 3309 sit,
1003 3254 1057 3300 ct
1101 3246 1300 3299 Filium
1351 3247 1569 3302 habeat.
1603 3246 1710 3301 Sed
1755 3262 1929 3317 quare
1963 3261 2044 3300 no:

2177 3243 2285 3307 θῶς
2311 3245 2610 3314 διεξῆλθες,
2643 3247 2728 3298 ὅτι
2785 3246 2927 3309 Θεός
2957 3248 3092 3309 ἐστι,
3135 3246 3222 3298 καὶ
3247 3242 3356 3295 Υίὺν
3383 3239 3486 3306 ἔχει.
3517 3228 3625 3286 Ἀλλά

501 3337 706 3392 multos
767 3339 977 3405 genuit,
1016 3347 1076 3392 ut
1107 3354 1206 3407 per
1247 3339 1438 3408 plures
1483 3340 1746 3409 princeps
1782 3347 1835 3394 et
1878 3354 2044 3409 regna

2174 3337 2262 3390 διὰ
2310 3338 2365 3388 τί
2408 3337 2481 3407 μὴ
2539 3337 2757 3400 πλείους
2798 3339 2826 3391 6
2869 3337 3009 3400 Θεὸς
3038 3331 3419 3406 ὲγὲννησεν,ἴνα
3444 3321 3629 3380 πλειόνων

501 3436 590 3484 tor
620 3428 807 3485 esset?

2175 3431 2340 3501 ἄρχῃ,
2369 3429 2466 3482 καὶ
2479 3428 2740 3499 βασιλεύῃ
2766 3445 2782 3494 ;

571 3525 636 3578 A.
662 3517 801 3589 Quia
835 3530 1117 3592 oporteret
1157 3528 1216 3576 ut
1255 3537 1422 3576 unmn
1454 3537 1517 3575 ex
1551 3521 1734 3576 tribus
1768 3522 1943 3585 fieret,
1983 3529 2076 3575 aut

2245 3521 2309 3573 Α.
2357 3517 2576 3592 Ἐπειδὴ
2607 3521 2823 3589 ἀνάγκη
2847 3520 2905 3573 ἓν
2936 3520 3047 3574 τῶν
3074 3514 3412 3590 τριῶντούτων
3435 3503 3626 3575 γενέσθαι·

502 3614 759 3682 genuisse
791 3613 1039 3666 inﬁnitos
1067 3651 1081 3676 ,
1133 3619 1186 3666 et
1220 3613 1274 3666 in
1303 3612 1566 3666 sazculum
1605 3601 1824 3676 saeculi,
1862 3618 1916 3666 et
1950 3627 2045 3680 per

2175 3611 2493 3684 ἥάτῑείρους
2507 3613 2788 3683 γεννῆσαι,
2813 3612 2905 3665 καὶ
2939 3616 3021 3675 είς
3072 3612 3158 3664 τὸν
3192 3611 3343 3664 αίῶνα
3379 3601 3453 3656 τοῦ
3475 3596 3633 3684 αἰῶνος.-

505 3711 702 3772 petuo;
753 3714 848 3757 aut
891 3713 1044 3759 certo
1096 3718 1351 3770 numero,
1405 3704 1560 3757 verbi
1601 3705 1799 3773 gratia,
1847 3711 2050 3758 centun

2175 3704 2271 3756 καὶ
2293 3683 2688 3774 ἀτελευτήτως,
2724 3705 2756 3774 ἦ
2782 3703 3094 3774 ὡρισμένον
3123 3697 3460 3773 ἀριθμὸν.ῆτοι
3477 3683 3626 3742 ἑκατὸν.

503 3803 598 3848 aut
648 3811 843 3849 unum.
897 3795 954 3848 Si
1006 3795 1255 3850 inﬁnitos
1307 3795 1618 3865 genuisset,
1659 3804 1714 3850 et
1764 3803 2034 3865 perpetuo

2175 3794 2207 3863 ἢ
2241 3793 2360 3858 ἕνα,
2391 3794 2524 3866 φέρε
2559 3795 2756 3848 εἰπεῖν.
2788 3797 2849 3847 El
2879 3795 2984 3863 μὲν
3019 3791 3110 3848 οὖν
3138 3793 3369 3861 ἀπείρους
3395 3785 3471 3877 ἀεὶ
3503 3782 3629 3877 dm."

503 3902 782 3958 nunquam
809 3888 1126 3956 quiesceret
1152 3887 1275 3955 ejus
1318 3887 1682 3958 desiderium,
1738 3903 1920 3957 neque
1954 3887 2042 3956 eju

2175 3883 2414 3954 θμήτους
2443 3885 2755 3956 ἐγέννησεν,
2801 3887 2897 3940 καὶ
2952 3887 3034 3949 είς
3062 3885 3120 3938 τὸ
3141 3880 3361 3954 διηνεκὲς
3379 3875 3544 3943 ἐγέννα,
3566 3875 3630 3917 οὐκ

503 3983 759 4034 voluntas
821 3994 1060 4045 unquam
1103 3955 1353 4044 impleta~
1373 3988 1544 4033 esset.
1602 3980 1698 4032 Sin
1732 3995 1866 4034 vero
1893 3987 2046 4033 certo

2177 3977 2244 4031 ἂν
2275 3977 2440 4030 αὐτοῦ
2470 3980 2502 4049 ἡ
2556 3955 2741 4047 ἔφεσίς
2784 3981 2920 4044 ἔστι,
2978 3979 3102 4033 οὕτε
3131 3979 3161 4048 ἡ
3189 3972 3378 4028 εὐδοκία
3397 3961 3524 4019 αὑτοῦ

503 4079 558 4126 et
588 4069 795 4131 finitos,
830 4077 888 4121 ut
924 4075 1170 4130 centum,
1219 4079 1566 4137 generasset,
1608 4083 1720 4137 qua
1775 4068 1844 4122 de
1901 4084 2048 4123 caus:

2175 4048 2500 4140 ἐπληροῦτο.
2523 4071 2582 4124 El
2600 4072 2657 4123 δὲ
2678 4071 3026 4140 ὡρισμένους
3042 4069 3208 4132 τινὰςο
3231 4061 3330 4119 οἷον
3342 4048 3631 4146 ἐκατδνῗὲτένῗ

506 4161 608 4213 lioc
645 4157 892 4211 faceret?
920 4157 1172 4226 profecto
1197 4159 1329 4226 quia
1383 4173 1531 4212 unus
1578 4172 1686 4211 non
1729 4157 1868 4212 satis
1926 4171 2050 4211 esse

2175 4178 2360 4230 νησεν,
2387 4163 2512 4214 ὅτου
2553 4163 2713 4232 χάριν
2743 4163 2918 4215 ἐποίει
2947 4161 3138 4226 τοῦτο;
3176 4158 3369 4215 πάντως
3395 4150 3456 4210 ὡς
3481 4144 3536 4214 μὴ
3554 4140 3633 4232 οὖΔῖι

503 4253 570 4305 ad
599 4250 936 4319 implendum
971 4265 1131 4304 omne
1165 4249 1504 4304 desiderium
1558 4249 1700 4319 ejus,
1739 4265 2048 4319 omnemqu

2173 4249 2268 4302 τοῦ
2310 4251 2429 4314 ἑνὸς
2482 4251 2854 4320 ἐπαρκοῦντος
2909 4254 3094 4306 πᾶσαν
3125 4247 3274 4303 αὑτοῦ
3310 4239 3536 4310 πληρῶσαι
3568 4228 3633 4290 τὴν

505 4343 866 4397 voluntatem.
917 4341 1133 4395 Idcirco
1178 4341 1325 4396 enim
1389 4357 1528 4411 opus
1581 4352 1729 4397 esset
1793 4343 2050 4411 pluribus

2175 4343 2424 4396 εὐδοκίαν
2477 4345 2572 4395 καὶ
2603 4342 2812 4411 ἔφεσιν.
2846 4344 2948 4398 Διά
3003 4343 3156 4396 τοῦτο
3195 4339 3293 4408 γὰρ
3330 4333 3420 4387 τῶν
3448 4321 3633 4411 πλειόνων

504 4430 659 4497 Quod
690 4431 909 4500 quidem
939 4431 983 4486 si
1010 4429 1346 4492 dederimus,
1395 4409 1650 4500 sequitur
1684 4409 2049 4500 imperfectuu

2107 4449 2152 4505 ι)
2179 4436 2212 4504 ἡ
2234 4435 2414 4504 χρεία.
2450 4435 2511 4486 Εἰ
2537 4435 2592 4486 δὲ
2619 4409 2775 4486 τοῦτο
2797 4435 3044 4505 δοίημεν,
3084 4432 3265 4500 ἀτελὴς
3290 4427 3364 4489 ἂν,
3390 4420 3467 4473 και
3489 4409 3631 4505 ινδξὴς,

504 4533 558 4581 et
593 4526 925 4594 indigentem
974 4539 1094 4578 esse
1140 4522 1361 4586 Filium,
1415 4537 1598 4591 neque
1649 4523 1757 4576 sibi
1795 4524 2048 4577 suﬂicere

2107 4498 2143 4505 —
2171 4498 2384 4579 κἀίόύκ
2403 4518 2682 4594 αὐτάρκης
2734 4527 2762 4577 6
2820 4498 2971 4587 Υιόξ.
3011 4526 3070 4577 Εἰ
3107 4523 3160 4576 δὲ
3185 4522 3208 4573 ὁ
3230 4498 3341 4578 Υἱὸς
3369 4506 3530 4574 ἐνδεὴς,
3558 4498 3632 4554 ἴσος

506 4619 660 4684 Quod
705 4619 748 4672 si
798 4615 969 4672 Filius
1023 4616 1098 4671 sit
1137 4616 1416 4685 indigens,
1471 4622 1556 4668 est
1619 4623 1804 4668 autem
1843 4615 2051 4682 a‘quali.

2169 4618 2226 4672 δε
2257 4618 2350 4672 καὶ
2373 4619 2560 4688 ὅμοιος
2589 4617 2666 4688 τῷ
2716 4618 2892 4688 Πατρὶ
2921 4619 3162 4686 πέφυκεν
3183 4609 3307 4665 εἶναι
3334 4597 3630 4698 ἀποδέδεικται.

505 4726 559 4769 et
591 4712 789 4768 similis
818 4710 988 4772 Patri,
1026 4717 1085 4763 ut
1118 4709 1560 4764 demonstratum
1611 4717 1719 4772 est,
1753 4707 1859 4761 erit
1909 4707 2040 4776 igitu

2171 4711 2325 4764 ἔσται
2349 4711 2453 4780 ἄρα
2471 4711 2566 4763 καὶ
2595 4712 2621 4762 6
2647 4710 2801 4774 Θεὸς,
2837 4710 2929 4761 καὶ⁵
2960 4710 3146 4778 Πατὴρ
3193 4700 3370 4764 ἀτελής
3394 4709 3442 4744 τε
3486 4695 3634 4786 ἀἰδὲ

505 4806 672 4860 etiam
707 4805 847 4858 Deus
896 4803 1056 4858 Pater
1116 4802 1507 4871 imperfectus,
1551 4808 1606 4855 et
1636 4801 1892 4870 indigens
1940 4799 2050 4869 (sei

2170 4801 2295 4871 δεὴς
2325 4803 2504 4869 (ἵλεως
2530 4802 2728 4870 γένοιο,
2773 4799 2991 4872 Κύριε),
3026 4800 3119 4852 καὶ
3151 4798 3242 4849 οὐκ
3269 4787 3518 4872 αὐτάρκης,
3543 4784 3634 4872 οπερ

507 4897 778 4969 prOpitius
827 4897 907 4950 sis
956 4897 1112 4960 mihi,
1143 4870 1426 4962 Domine),
1463 4902 1517 4948 et
1564 4908 1672 4947 non
1707 4907 1805 4961 per
1837 4908 1896 4946 se
1931 4890 2050 4946 sum

2176 4870 2394 4949 ἄτοπον.
2420 4895 2480 4947 Ei
2507 4894 2563 4947 δὲ
2590 4893 2795 4956 τέλειός
2817 4870 2966 4945 ἐστιν
2994 4895 3021 4945 6
3056 4889 3197 4949 Υἱὸς,
3222 4883 3305 4936 καὶ
3334 4882 3358 4932 6
3385 4870 3546 4939 Πατὴρ,
3568 4870 3636 4913 οῦκ

506 4991 682 5050 ciens,
711 4987 854 5057 quod
887 4986 1109 5054 quidem
1163 4987 1467 5040 absurdum
1513 4993 1615 5039 est.
1651 4983 1746 5037 Sin
1785 4999 1919 5037 vero
1950 4999 2046 5051 per

1836 4999 1919 5036 aro
1950 4999 2077 5051 pcr-
2177 4986 2322 5039 ἔστιν
2347 4985 2548 5056 ἐτέρων
2574 4987 2752 5055 χρεία.
2788 4983 2924 5037 Είπε
2962 5000 3075 5054 μοι,
3112 4978 3225 5047 οὐχὶ
3252 4974 3381 5044 φήςς

510 5083 686 5137 fectus
731 5090 814 5135 est
860 5079 1030 5134 Filius
1062 5080 1207 5133 sicut
1258 5077 1440 5140 Pater,
1490 5093 1598 5130 non
1629 5092 1767 5146 opus
1806 5082 1894 5130 est
1931 5075 2076 5129 aliis.

511 5175 606 5229 Dic
649 5174 806 5240 milii,
846 5189 1030 5228 nonne
1065 5163 1168 5225 tibi
1202 5173 1273 5224 ita
1310 5169 1560 5224 videtur?

582 5267 642 5319 Β.
675 5266 818 5321 Sane
847 5266 1090 5336 quidem.
1847 5349 1858 5360 ο
2017 5347 2048 5360 η

2252 5252 2314 5360 ἓ.
2344 5249 2512 5360 Ῑῖῗίέη
2555 5343 2571 5358 ι
2594 5289 2609 5306 ‘
2692 5343 2705 5360 ι
2777 5342 2840 5360 ιν-
2967 5340 2985 5360 \
3009 5340 3118 5360 L.-,.
3159 5353 3210 5360 _-
3264 5331 3341 5360 ..-ι
3377 5304 3628 5360 ηδἰητῖουπῶ

581 5360 644 5424 Α,
676 5361 829 5428 Age:
867 5360 1076 5429 reliqua
1114 5355 1370 5412 animalia
1405 5360 1608 5409 suntne
1657 5349 1892 5404 rationis
1920 5356 1973 5403 et
2017 5347 2080 5400 li-

2041 5347 2080 5400 i-
2255 5346 2316 5397 A.
2361 5342 2440 5396 Τά
2467 5343 2522 5396 δὲ
2555 5343 2717 5396 λοιπά
2772 5342 2909 5407 ζῶα,
2967 5340 3122 5407 λόγου
3158 5353 3210 5388 τε
3264 5331 3345 5384 καὶ
3377 5324 3586 5380 αύτεξουσι

513 5449 627 5503 beri
659 5449 874 5504 arbitrii
907 5449 1196 5517 expertia?

1069 5449 1196 5502 'tia?
2182 5452 2343 5504 τητος
2376 5435 2579 5505 ἄμοιρα
2601 5450 2614 5498 ;

1811 5618 2043 5675 ἾΛΒΙᾹῖ
2079 5616 2483 5673 LECTIONES.

592 5721 641 5754 ⁸³
679 5721 934 5776 Turrian.
973 5719 1125 5790 legit,
1159 5719 1392 5788 ὀφείλεις
1423 5718 1514 5770 ἐπὶ
1546 5716 1652 5770 τῶν
1677 5716 1878 5770 λοιπῶν
1921 5732 2010 5784 μοι
2046 5715 2205 5766 νοεῖν.
2281 5715 2326 5743 ’δ
2361 5710 2712 5764 [insidi-ratur
2742 5711 2794 5764 in
2838 5707 3086 5763 versione
3114 5695 3368 5754 Turriant.
