  <div class='ocr_page' id='page_1' title='image "/cluster/home/n/w/nwhite01/storage/ocr_20150623/97/hvd.32044073502130/840.png"; bbox 0 0 3912 6202; ppageno 0'>
   <div class='ocr_carea' id='block_1_1' title="bbox 237 316 361 387">
    <p class='ocr_par' dir='ltr' id='par_1_1' title="bbox 237 316 361 387">
     <span class='ocr_line' id='line_1_1' title="bbox 237 316 361 387; baseline -0.032 0"><span class='ocrx_word' id='word_1_1' title='bbox 237 316 361 387; x_wconf 64' lang='grc'><strong>1501</strong></span> 
     </span>
    </p>
   </div>
   <div class='ocr_carea' id='block_1_2' title="bbox 294 426 731 499">
    <p class='ocr_par' dir='ltr' id='par_1_2' title="bbox 294 426 731 499">
     <span class='ocr_line' id='line_1_2' title="bbox 294 426 731 499; baseline -0.007 -13"><span class='ocrx_word' id='word_1_2' title='bbox 294 428 356 486; x_wconf 85' lang='grc' dir='ltr'>Β.</span> <span class='ocrx_word' id='word_1_3' title='bbox 386 428 575 495; x_wconf 82' lang='grc' dir='ltr'>οὕτως</span> <span class='ocrx_word' id='word_1_4' title='bbox 596 426 731 499; x_wconf 77' lang='grc' dir='ltr'>ἔχει.</span> 
     </span>
    </p>
   </div>
   <div class='ocr_carea' id='block_1_3' title="bbox 296 517 1816 590">
    <p class='ocr_par' dir='ltr' id='par_1_3' title="bbox 296 517 1816 590">
     <span class='ocr_line' id='line_1_3' title="bbox 296 517 1816 590; baseline -0.003 -12"><span class='ocrx_word' id='word_1_5' title='bbox 296 524 364 579; x_wconf 66' lang='lat' dir='ltr'><strong>Ar.</strong></span> <span class='ocrx_word' id='word_1_6' title='bbox 389 523 454 576; x_wconf 76' lang='lat' dir='ltr'><strong>Et</strong></span> <span class='ocrx_word' id='word_1_7' title='bbox 475 518 570 576; x_wconf 81' lang='grc' dir='ltr'>οὖν</span> <span class='ocrx_word' id='word_1_8' title='bbox 615 523 644 574; x_wconf 99' lang='lat'><strong>6</strong></span> <span class='ocrx_word' id='word_1_9' title='bbox 687 519 819 585; x_wconf 72' lang='grc' dir='ltr'>Θεὸς</span> <span class='ocrx_word' id='word_1_10' title='bbox 846 517 1123 589; x_wconf 75' lang='grc' dir='ltr'>ἠϐουλήθη</span> <span class='ocrx_word' id='word_1_11' title='bbox 1153 518 1290 590; x_wconf 76' lang='grc' dir='ltr'>πρὸς</span> <span class='ocrx_word' id='word_1_12' title='bbox 1324 519 1494 589; x_wconf 75' lang='grc' dir='ltr'>ἡμᾶς,</span> <span class='ocrx_word' id='word_1_13' title='bbox 1535 520 1704 589; x_wconf 75' lang='grc' dir='ltr'>ἦγουν</span> <span class='ocrx_word' id='word_1_14' title='bbox 1734 522 1816 584; x_wconf 85' lang='grc' dir='ltr'><strong>είς</strong></span> 
     </span>
    </p>
   </div>
   <div class='ocr_carea' id='block_1_4' title="bbox 227 609 1814 683">
    <p class='ocr_par' dir='ltr' id='par_1_4' title="bbox 227 609 1814 683">
     <span class='ocr_line' id='line_1_4' title="bbox 227 609 1814 683; baseline -0.003 -13"><span class='ocrx_word' id='word_1_15' title='bbox 227 615 318 671; x_wconf 68' lang='grc' dir='ltr'><strong>τὸν</strong></span> <span class='ocrx_word' id='word_1_16' title='bbox 340 613 548 683; x_wconf 77' lang='grc' dir='ltr'><strong>κόσμον</strong></span> <span class='ocrx_word' id='word_1_17' title='bbox 574 611 877 667; x_wconf 84' lang='grc' dir='ltr'>ἀπόστολόν</span> <span class='ocrx_word' id='word_1_18' title='bbox 923 627 1048 664; x_wconf 87' lang='grc' dir='ltr'>τινα</span> <span class='ocrx_word' id='word_1_19' title='bbox 1079 609 1319 680; x_wconf 77' lang='grc' dir='ltr'>πέμψαι,</span> <span class='ocrx_word' id='word_1_20' title='bbox 1349 610 1503 663; x_wconf 89' lang='grc' dir='ltr'>ποίου</span> <span class='ocrx_word' id='word_1_21' title='bbox 1529 612 1814 680; x_wconf 81' lang='grc' dir='ltr'><strong>τάγματος</strong></span> 
     </span>
    </p>
   </div>
   <div class='ocr_carea' id='block_1_5' title="bbox 228 700 1815 777">
    <p class='ocr_par' dir='ltr' id='par_1_5' title="bbox 228 700 1815 777">
     <span class='ocr_line' id='line_1_5' title="bbox 228 700 1815 777; baseline 0 -18"><span class='ocrx_word' id='word_1_22' title='bbox 228 705 578 760; x_wconf 72' lang='grc' dir='ltr'><strong>ἀποστέλλειν</strong></span> <span class='ocrx_word' id='word_1_23' title='bbox 614 702 830 774; x_wconf 73' lang='grc' dir='ltr'>ἔμελλε,</span> <span class='ocrx_word' id='word_1_24' title='bbox 870 701 930 767; x_wconf 76' lang='grc' dir='ltr'><strong>ἐξ</strong></span> <span class='ocrx_word' id='word_1_25' title='bbox 969 700 1223 770; x_wconf 83' lang='grc' dir='ltr'>ἀγγέλων</span> <span class='ocrx_word' id='word_1_26' title='bbox 1261 702 1504 768; x_wconf 81' lang='grc' dir='ltr'>πάντως,</span> <span class='ocrx_word' id='word_1_27' title='bbox 1537 702 1575 773; x_wconf 75' lang='grc' dir='ltr'><strong>ἢ</strong></span> <span class='ocrx_word' id='word_1_28' title='bbox 1603 703 1815 777; x_wconf 82' lang='grc' dir='ltr'>ἀνθρώ-</span> 
     </span>
    </p>
   </div>
   <div class='ocr_carea' id='block_1_6' title="bbox 230 780 1289 869">
    <p class='ocr_par' dir='ltr' id='par_1_6' title="bbox 230 780 1289 869">
     <span class='ocr_line' id='line_1_6' title="bbox 230 780 1289 869; baseline -0.003 -18"><span class='ocrx_word' id='word_1_29' title='bbox 230 813 379 860; x_wconf 75' lang='grc' dir='ltr'>πωνς</span> <span class='ocrx_word' id='word_1_30' title='bbox 416 797 475 850; x_wconf 79' lang='grc' dir='ltr'><strong>οὕ</strong></span> <span class='ocrx_word' id='word_1_31' title='bbox 507 797 618 869; x_wconf 83' lang='grc' dir='ltr'><strong>γὰρ</strong></span> <span class='ocrx_word' id='word_1_32' title='bbox 648 780 851 849; x_wconf 59' lang='grc' dir='ltr'><strong>ἔχ’τῶν</strong></span> <span class='ocrx_word' id='word_1_33' title='bbox 875 795 1088 865; x_wconf 80' lang='grc' dir='ltr'><strong>ἀλόγων</strong></span> <span class='ocrx_word' id='word_1_34' title='bbox 1115 793 1289 860; x_wconf 78' lang='grc' dir='ltr'>ζώων.</span> 
     </span>
    </p>
   </div>
   <div class='ocr_carea' id='block_1_7' title="bbox 296 886 747 957">
    <p class='ocr_par' dir='ltr' id='par_1_7' title="bbox 296 886 747 957">
     <span class='ocr_line' id='line_1_7' title="bbox 296 886 747 957; baseline 0.002 -18"><span class='ocrx_word' id='word_1_35' title='bbox 296 888 360 940; x_wconf 88' lang='grc' dir='ltr'><strong>Β.</strong></span> <span class='ocrx_word' id='word_1_36' title='bbox 397 886 587 951; x_wconf 85' lang='grc' dir='ltr'>Οὕτως</span> <span class='ocrx_word' id='word_1_37' title='bbox 612 889 747 957; x_wconf 78' lang='grc' dir='ltr'>ἔχει.</span> 
     </span>
    </p>
   </div>
   <div class='ocr_carea' id='block_1_8' title="bbox 295 972 1817 1049">
    <p class='ocr_par' dir='ltr' id='par_1_8' title="bbox 295 972 1817 1049">
     <span class='ocr_line' id='line_1_8' title="bbox 295 972 1817 1049; baseline 0 -19"><span class='ocrx_word' id='word_1_38' title='bbox 295 979 363 1033; x_wconf 79' lang='grc' dir='ltr'>Δ.</span> <span class='ocrx_word' id='word_1_39' title='bbox 395 978 772 1043; x_wconf 78' lang='grc' dir='ltr'>Δύτεξουσίων</span> <span class='ocrx_word' id='word_1_40' title='bbox 806 972 900 1031; x_wconf 74' lang='grc' dir='ltr'>οὖν</span> <span class='ocrx_word' id='word_1_41' title='bbox 931 975 1123 1042; x_wconf 83' lang='grc' dir='ltr'>όντων,</span> <span class='ocrx_word' id='word_1_42' title='bbox 1160 978 1217 1032; x_wconf 82' lang='grc' dir='ltr'>ὲν</span> <span class='ocrx_word' id='word_1_43' title='bbox 1258 977 1336 1048; x_wconf 80' lang='grc' dir='ltr'>τῷ</span> <span class='ocrx_word' id='word_1_44' title='bbox 1359 978 1817 1049; x_wconf 67' lang='grc' dir='ltr'>ἀποστελλομένη)</span> 
     </span>
    </p>
   </div>
   <div class='ocr_carea' id='block_1_9' title="bbox 228 1064 1812 1140">
    <p class='ocr_par' dir='ltr' id='par_1_9' title="bbox 228 1064 1812 1140">
     <span class='ocr_line' id='line_1_9' title="bbox 228 1064 1812 1140; baseline -0.002 -17"><span class='ocrx_word' id='word_1_45' title='bbox 228 1064 295 1140; x_wconf 72' lang='grc' dir='ltr'>ἦν</span> <span class='ocrx_word' id='word_1_46' title='bbox 336 1069 647 1123; x_wconf 81' lang='grc' dir='ltr'>ὑπακοῦσαι</span> <span class='ocrx_word' id='word_1_47' title='bbox 697 1069 790 1122; x_wconf 87' lang='grc' dir='ltr'><strong>τοῦ</strong></span> <span class='ocrx_word' id='word_1_48' title='bbox 840 1067 1003 1135; x_wconf 85' lang='grc' dir='ltr'>Θεοῦ,</span> <span class='ocrx_word' id='word_1_49' title='bbox 1054 1068 1088 1138; x_wconf 86' lang='grc' dir='ltr'>ἢ</span> <span class='ocrx_word' id='word_1_50' title='bbox 1124 1068 1200 1139; x_wconf 86' lang='grc' dir='ltr'>μὴ</span> <span class='ocrx_word' id='word_1_51' title='bbox 1245 1069 1557 1123; x_wconf 80' lang='grc' dir='ltr'>ὑπακοῦσαι</span> <span class='ocrx_word' id='word_1_52' title='bbox 1594 1071 1675 1133; x_wconf 87' lang='grc' dir='ltr'><strong>είς</strong></span> <span class='ocrx_word' id='word_1_53' title='bbox 1711 1070 1812 1140; x_wconf 72' lang='grc' dir='ltr'>τὴν</span> 
     </span>
    </p>
   </div>
   <div class='ocr_carea' id='block_1_10' title="bbox 228 1143 1812 1233">
    <p class='ocr_par' dir='ltr' id='par_1_10' title="bbox 228 1143 1812 1233">
     <span class='ocr_line' id='line_1_10' title="bbox 228 1143 1812 1233; baseline -0.001 -16"><span class='ocrx_word' id='word_1_54' title='bbox 228 1162 555 1229; x_wconf 78' lang='grc' dir='ltr'>ἀποστολὴν,</span> <span class='ocrx_word' id='word_1_55' title='bbox 595 1162 688 1221; x_wconf 72' lang='grc' dir='ltr'>καὶ</span> <span class='ocrx_word' id='word_1_56' title='bbox 721 1163 921 1223; x_wconf 73' lang='grc' dir='ltr'>εἰπεῖν,</span> <span class='ocrx_word' id='word_1_57' title='bbox 972 1160 1049 1222; x_wconf 84' lang='grc' dir='ltr'>ὡς</span> <span class='ocrx_word' id='word_1_58' title='bbox 1082 1143 1407 1232; x_wconf 79' lang='grc' dir='ltr'>ἐκελεύσθη.</span> <span class='ocrx_word' id='word_1_59' title='bbox 1459 1162 1812 1233; x_wconf 66' lang='grc' dir='ltr'>παρατρέψαι</span> 
     </span>
    </p>
   </div>
   <div class='ocr_carea' id='block_1_11' title="bbox 226 1243 1809 1320">
    <p class='ocr_par' dir='ltr' id='par_1_11' title="bbox 226 1243 1809 1320">
     <span class='ocr_line' id='line_1_11' title="bbox 226 1243 1809 1320; baseline 0.003 -22"><span class='ocrx_word' id='word_1_60' title='bbox 226 1248 350 1300; x_wconf 78' lang='grc' dir='ltr'>τινὰ</span> <span class='ocrx_word' id='word_1_61' title='bbox 374 1245 498 1317; x_wconf 69' lang='grc' dir='ltr'><strong>⁸⁸⁸,ἢ</strong></span> <span class='ocrx_word' id='word_1_62' title='bbox 522 1244 651 1312; x_wconf 77' lang='grc' dir='ltr'>οὕκς</span> <span class='ocrx_word' id='word_1_63' title='bbox 684 1243 879 1311; x_wconf 80' lang='grc' dir='ltr'>Οἶσθα,</span> <span class='ocrx_word' id='word_1_64' title='bbox 907 1247 990 1298; x_wconf 84' lang='grc' dir='ltr'>ὅτι</span> <span class='ocrx_word' id='word_1_65' title='bbox 1014 1247 1110 1299; x_wconf 71' lang='grc' dir='ltr'><strong>καλ⁸</strong></span> <span class='ocrx_word' id='word_1_66' title='bbox 1135 1248 1363 1317; x_wconf 83' lang='grc' dir='ltr'><strong>Μωσῆς,</strong></span> <span class='ocrx_word' id='word_1_67' title='bbox 1394 1250 1484 1301; x_wconf 75' lang='grc' dir='ltr'>καὶ</span> <span class='ocrx_word' id='word_1_68' title='bbox 1520 1250 1809 1320; x_wconf 85' lang='grc' dir='ltr'>Ἱερεμίας,</span> 
     </span>
    </p>
   </div>
   <div class='ocr_carea' id='block_1_12' title="bbox 228 1336 1811 1408">
    <p class='ocr_par' dir='ltr' id='par_1_12' title="bbox 228 1336 1811 1408">
     <span class='ocr_line' id='line_1_12' title="bbox 228 1336 1811 1408; baseline 0.001 -18"><span class='ocrx_word' id='word_1_69' title='bbox 228 1338 324 1390; x_wconf 75' lang='grc' dir='ltr'>καὶ</span> <span class='ocrx_word' id='word_1_70' title='bbox 345 1336 519 1406; x_wconf 73' lang='grc' dir='ltr'>ἕτεροι</span> <span class='ocrx_word' id='word_1_71' title='bbox 551 1336 1015 1403; x_wconf 79' lang='grc' dir='ltr'><strong>ἀποστελλόμενοι</strong></span> <span class='ocrx_word' id='word_1_72' title='bbox 1051 1336 1196 1405; x_wconf 76' lang='grc' dir='ltr'>παρὰ</span> <span class='ocrx_word' id='word_1_73' title='bbox 1222 1336 1317 1389; x_wconf 90' lang='grc' dir='ltr'><strong>τοῦ</strong></span> <span class='ocrx_word' id='word_1_74' title='bbox 1346 1337 1506 1404; x_wconf 86' lang='grc' dir='ltr'>Θεοῦ,</span> <span class='ocrx_word' id='word_1_75' title='bbox 1527 1338 1596 1391; x_wconf 83' lang='grc' dir='ltr'>τὰ</span> <span class='ocrx_word' id='word_1_76' title='bbox 1619 1338 1811 1408; x_wconf 85' lang='grc' dir='ltr'>πρῶτα</span> 
     </span>
    </p>
   </div>
   <div class='ocr_carea' id='block_1_13' title="bbox 232 1426 1807 1499">
    <p class='ocr_par' dir='ltr' id='par_1_13' title="bbox 232 1426 1807 1499">
     <span class='ocr_line' id='line_1_13' title="bbox 232 1426 1807 1499; baseline 0.003 -19"><span class='ocrx_word' id='word_1_77' title='bbox 232 1426 599 1499; x_wconf 79' lang='grc' dir='ltr'>παρῃτοῦντο,</span> <span class='ocrx_word' id='word_1_78' title='bbox 626 1427 722 1479; x_wconf 70' lang='grc' dir='ltr'>καὶ</span> <span class='ocrx_word' id='word_1_79' title='bbox 752 1427 1030 1491; x_wconf 82' lang='grc' dir='ltr'>ἀνένευον,</span> <span class='ocrx_word' id='word_1_80' title='bbox 1055 1430 1150 1480; x_wconf 80' lang='grc' dir='ltr'>καὶ</span> <span class='ocrx_word' id='word_1_81' title='bbox 1171 1429 1281 1481; x_wconf 83' lang='grc' dir='ltr'><strong>δέει</strong></span> <span class='ocrx_word' id='word_1_82' title='bbox 1309 1430 1411 1499; x_wconf 82' lang='grc' dir='ltr'>τῆς</span> <span class='ocrx_word' id='word_1_83' title='bbox 1444 1429 1807 1499; x_wconf 83' lang='grc' dir='ltr'>λειτουργίας,</span> 
     </span>
    </p>
   </div>
   <div class='ocr_carea' id='block_1_14' title="bbox 227 1512 1810 1594">
    <p class='ocr_par' dir='ltr' id='par_1_14' title="bbox 227 1512 1810 1594">
     <span class='ocr_line' id='line_1_14' title="bbox 227 1512 1810 1594; baseline 0.004 -25"><span class='ocrx_word' id='word_1_84' title='bbox 227 1513 261 1588; x_wconf 70' lang='grc' dir='ltr'>ἢ</span> <span class='ocrx_word' id='word_1_85' title='bbox 293 1517 466 1587; x_wconf 79' lang='grc' dir='ltr'>ἑτέρῳ</span> <span class='ocrx_word' id='word_1_86' title='bbox 501 1516 664 1571; x_wconf 84' lang='grc' dir='ltr'>πάθει</span> <span class='ocrx_word' id='word_1_87' title='bbox 715 1512 1090 1587; x_wconf 80' lang='grc' dir='ltr'>κρατούμενοι</span> <span class='ocrx_word' id='word_1_88' title='bbox 1125 1522 1582 1589; x_wconf 77' lang='grc' dir='ltr'>προεφασίζοντο,</span> <span class='ocrx_word' id='word_1_89' title='bbox 1616 1523 1810 1594; x_wconf 79' lang='grc' dir='ltr'>μέχρις</span> 
     </span>
    </p>
   </div>
   <div class='ocr_carea' id='block_1_15' title="bbox 231 1606 1811 1683">
    <p class='ocr_par' dir='ltr' id='par_1_15' title="bbox 231 1606 1811 1683">
     <span class='ocr_line' id='line_1_15' title="bbox 231 1606 1811 1683; baseline 0.003 -23"><span class='ocrx_word' id='word_1_90' title='bbox 231 1607 299 1660; x_wconf 79' lang='grc' dir='ltr'>ἂν</span> <span class='ocrx_word' id='word_1_91' title='bbox 332 1607 492 1671; x_wconf 80' lang='grc' dir='ltr'>αὐτὸς</span> <span class='ocrx_word' id='word_1_92' title='bbox 536 1609 565 1659; x_wconf 95' lang='lat'><strong>6</strong></span> <span class='ocrx_word' id='word_1_93' title='bbox 605 1606 740 1669; x_wconf 80' lang='grc' dir='ltr'>Θεὸς</span> <span class='ocrx_word' id='word_1_94' title='bbox 787 1606 1001 1660; x_wconf 88' lang='grc' dir='ltr'>πλείοσι</span> <span class='ocrx_word' id='word_1_95' title='bbox 1031 1606 1231 1676; x_wconf 86' lang='grc' dir='ltr'>λόγοις,</span> <span class='ocrx_word' id='word_1_96' title='bbox 1281 1611 1378 1663; x_wconf 79' lang='grc' dir='ltr'>καὶ</span> <span class='ocrx_word' id='word_1_97' title='bbox 1422 1614 1811 1683; x_wconf 87' lang='grc' dir='ltr'>παραινέσεσιν</span> 
     </span>
    </p>
   </div>
   <div class='ocr_carea' id='block_1_16' title="bbox 226 1695 1810 1769">
    <p class='ocr_par' dir='ltr' id='par_1_16' title="bbox 226 1695 1810 1769">
     <span class='ocr_line' id='line_1_16' title="bbox 226 1695 1810 1769; baseline 0.001 -19"><span class='ocrx_word' id='word_1_98' title='bbox 226 1695 541 1750; x_wconf 76' lang='grc' dir='ltr'>ἀνέπειθεν.</span> <span class='ocrx_word' id='word_1_99' title='bbox 576 1697 639 1749; x_wconf 79' lang='lat' dir='ltr'><strong>El</strong></span> <span class='ocrx_word' id='word_1_100' title='bbox 680 1695 739 1749; x_wconf 78' lang='grc' dir='ltr'><strong>δὲ</strong></span> <span class='ocrx_word' id='word_1_101' title='bbox 771 1697 867 1749; x_wconf 66' lang='grc' dir='ltr'>καὶ</span> <span class='ocrx_word' id='word_1_102' title='bbox 909 1696 1014 1758; x_wconf 72' lang='grc' dir='ltr'>ἕως</span> <span class='ocrx_word' id='word_1_103' title='bbox 1060 1696 1247 1760; x_wconf 83' lang='grc' dir='ltr'>τέλους</span> <span class='ocrx_word' id='word_1_104' title='bbox 1273 1697 1480 1751; x_wconf 82' lang='grc' dir='ltr'>εἴλοντο</span> <span class='ocrx_word' id='word_1_105' title='bbox 1523 1699 1810 1769; x_wconf 79' lang='grc' dir='ltr'>διαρκέσαι</span> 
     </span>
    </p>
   </div>
   <div class='ocr_carea' id='block_1_17' title="bbox 225 1787 1649 1859">
    <p class='ocr_par' dir='ltr' id='par_1_17' title="bbox 225 1787 1649 1859">
     <span class='ocr_line' id='line_1_17' title="bbox 225 1787 1649 1859; baseline 0.002 -18"><span class='ocrx_word' id='word_1_106' title='bbox 225 1788 320 1841; x_wconf 67' lang='grc' dir='ltr'><strong>ἐπ’</strong></span> <span class='ocrx_word' id='word_1_107' title='bbox 348 1789 553 1854; x_wconf 80' lang='grc' dir='ltr'>αὐτοῖς,</span> <span class='ocrx_word' id='word_1_108' title='bbox 584 1788 659 1851; x_wconf 83' lang='grc' dir='ltr'>ὠς</span> <span class='ocrx_word' id='word_1_109' title='bbox 699 1787 776 1859; x_wconf 80' lang='grc' dir='ltr'>μὴ</span> <span class='ocrx_word' id='word_1_110' title='bbox 846 1787 1217 1853; x_wconf 74' lang='grc' dir='ltr'>αὐτεξουσίως</span> <span class='ocrx_word' id='word_1_111' title='bbox 1246 1787 1427 1842; x_wconf 73' lang='grc' dir='ltr'>ἔκειτο</span> <span class='ocrx_word' id='word_1_112' title='bbox 1454 1789 1615 1844; x_wconf 86' lang='grc' dir='ltr'>τοῦτο</span> <span class='ocrx_word' id='word_1_113' title='bbox 1634 1827 1649 1844; x_wconf 92' lang='grc'><strong>.</strong></span> 
     </span>
    </p>
   </div>
   <div class='ocr_carea' id='block_1_18' title="bbox 294 1875 751 1947">
    <p class='ocr_par' dir='ltr' id='par_1_18' title="bbox 294 1875 751 1947">
     <span class='ocr_line' id='line_1_18' title="bbox 294 1875 751 1947; baseline 0.007 -19"><span class='ocrx_word' id='word_1_114' title='bbox 294 1876 358 1930; x_wconf 87' lang='grc' dir='ltr'>Β.</span> <span class='ocrx_word' id='word_1_115' title='bbox 397 1875 587 1939; x_wconf 92' lang='grc' dir='ltr'>Οὕτως</span> <span class='ocrx_word' id='word_1_116' title='bbox 618 1875 751 1947; x_wconf 76' lang='grc' dir='ltr'>ἔχει.</span> 
     </span>
    </p>
   </div>
   <div class='ocr_carea' id='block_1_19' title="bbox 293 1966 1813 2041">
    <p class='ocr_par' dir='ltr' id='par_1_19' title="bbox 293 1966 1813 2041">
     <span class='ocr_line' id='line_1_19' title="bbox 293 1966 1813 2041; baseline 0.002 -20"><span class='ocrx_word' id='word_1_117' title='bbox 293 1968 361 2023; x_wconf 84' lang='grc' dir='ltr'>Α.</span> <span class='ocrx_word' id='word_1_118' title='bbox 397 1967 456 2022; x_wconf 89' lang='lat'><strong>&#39;0</strong></span> <span class='ocrx_word' id='word_1_119' title='bbox 482 1967 539 2021; x_wconf 65' lang='grc' dir='ltr'><strong>δὲ</strong></span> <span class='ocrx_word' id='word_1_120' title='bbox 574 1966 760 2031; x_wconf 82' lang='grc' dir='ltr'>Ἰωνᾶς</span> <span class='ocrx_word' id='word_1_121' title='bbox 782 1968 880 2021; x_wconf 75' lang='grc' dir='ltr'>καὶ</span> <span class='ocrx_word' id='word_1_122' title='bbox 910 1969 1058 2038; x_wconf 80' lang='grc' dir='ltr'>φυγῇ</span> <span class='ocrx_word' id='word_1_123' title='bbox 1086 1968 1361 2039; x_wconf 79' lang='grc' dir='ltr'>ἐχρήσατο</span> <span class='ocrx_word' id='word_1_124' title='bbox 1383 1969 1492 2023; x_wconf 82' lang='grc' dir='ltr'>ἀπὸ</span> <span class='ocrx_word' id='word_1_125' title='bbox 1515 1968 1813 2041; x_wconf 84' lang='grc' dir='ltr'>προσώπου</span> 
     </span>
    </p>
   </div>
   <div class='ocr_carea' id='block_1_20' title="bbox 218 2045 1812 2132">
    <p class='ocr_par' dir='ltr' id='par_1_20' title="bbox 218 2045 1812 2132">
     <span class='ocr_line' id='line_1_20' title="bbox 218 2045 1812 2132; baseline 0.001 -18"><span class='ocrx_word' id='word_1_126' title='bbox 218 2045 458 2129; x_wconf 70' lang='grc' dir='ltr'>κυρίου,</span> <span class='ocrx_word' id='word_1_127' title='bbox 488 2060 566 2122; x_wconf 82' lang='grc' dir='ltr'><strong>είς</strong></span> <span class='ocrx_word' id='word_1_128' title='bbox 584 2058 821 2130; x_wconf 81' lang='grc' dir='ltr'>Θαρσεῖς</span> <span class='ocrx_word' id='word_1_129' title='bbox 837 2059 1166 2123; x_wconf 84' lang='grc' dir='ltr'>ἀποσταλεὶς</span> <span class='ocrx_word' id='word_1_130' title='bbox 1196 2060 1328 2132; x_wconf 86' lang='grc' dir='ltr'>παρ’</span> <span class='ocrx_word' id='word_1_131' title='bbox 1369 2060 1537 2116; x_wconf 78' lang='grc' dir='ltr'>αὐτοῦ</span> <span class='ocrx_word' id='word_1_132' title='bbox 1583 2064 1665 2126; x_wconf 87' lang='grc' dir='ltr'><strong>είς</strong></span> <span class='ocrx_word' id='word_1_133' title='bbox 1695 2062 1812 2132; x_wconf 84' lang='grc' dir='ltr'><strong>Νη-</strong></span> 
     </span>
    </p>
   </div>
   <div class='ocr_carea' id='block_1_21' title="bbox 218 2146 367 2203">
    <p class='ocr_par' dir='ltr' id='par_1_21' title="bbox 218 2146 367 2203">
     <span class='ocr_line' id='line_1_21' title="bbox 218 2146 367 2203; baseline 0 0"><span class='ocrx_word' id='word_1_134' title='bbox 218 2146 367 2203; x_wconf 78' lang='grc' dir='ltr'><strong>νευῖ.</strong></span> 
     </span>
    </p>
   </div>
   <div class='ocr_carea' id='block_1_22' title="bbox 296 2240 1089 2312">
    <p class='ocr_par' dir='ltr' id='par_1_22' title="bbox 296 2240 1089 2312">
     <span class='ocr_line' id='line_1_22' title="bbox 296 2240 1089 2312; baseline 0.001 -17"><span class='ocrx_word' id='word_1_135' title='bbox 296 2242 360 2295; x_wconf 87' lang='grc' dir='ltr'><strong>Β.</strong></span> <span class='ocrx_word' id='word_1_136' title='bbox 392 2240 577 2304; x_wconf 85' lang='grc' dir='ltr'>Οὕτως</span> <span class='ocrx_word' id='word_1_137' title='bbox 614 2240 960 2311; x_wconf 84' lang='grc' dir='ltr'>ἀναγινώσκο</span> <span class='ocrx_word' id='word_1_138' title='bbox 967 2258 1089 2312; x_wconf 88' lang='grc' dir='ltr'>μεν.</span> 
     </span>
    </p>
   </div>
   <div class='ocr_carea' id='block_1_23' title="bbox 293 2328 1813 2406">
    <p class='ocr_par' dir='ltr' id='par_1_23' title="bbox 293 2328 1813 2406">
     <span class='ocr_line' id='line_1_23' title="bbox 293 2328 1813 2406; baseline 0.002 -23"><span class='ocrx_word' id='word_1_139' title='bbox 293 2328 363 2384; x_wconf 73' lang='grc' dir='ltr'>Α.</span> <span class='ocrx_word' id='word_1_140' title='bbox 403 2333 464 2384; x_wconf 83' lang='grc' dir='ltr'><strong>Εἰ</strong></span> <span class='ocrx_word' id='word_1_141' title='bbox 511 2333 693 2387; x_wconf 79' lang='grc' dir='ltr'>τοίνυν</span> <span class='ocrx_word' id='word_1_142' title='bbox 740 2333 1203 2402; x_wconf 76' lang='grc' dir='ltr'>ἀποστελλόμενοι</span> <span class='ocrx_word' id='word_1_143' title='bbox 1250 2333 1284 2404; x_wconf 78' lang='grc' dir='ltr'><strong>ἢ</strong></span> <span class='ocrx_word' id='word_1_144' title='bbox 1332 2334 1676 2406; x_wconf 83' lang='grc' dir='ltr'>παρῃτοῦντο</span> <span class='ocrx_word' id='word_1_145' title='bbox 1711 2333 1813 2405; x_wconf 82' lang='grc' dir='ltr'>τὴν</span> 
     </span>
    </p>
   </div>
   <div class='ocr_carea' id='block_1_24' title="bbox 215 2422 1812 2497">
    <p class='ocr_par' dir='ltr' id='par_1_24' title="bbox 215 2422 1812 2497">
     <span class='ocr_line' id='line_1_24' title="bbox 215 2422 1812 2497; baseline 0.001 -21"><span class='ocrx_word' id='word_1_146' title='bbox 215 2422 554 2495; x_wconf 78' lang='grc' dir='ltr'>ἀποστολὴν,</span> <span class='ocrx_word' id='word_1_147' title='bbox 577 2424 610 2495; x_wconf 78' lang='grc' dir='ltr'>ἢ</span> <span class='ocrx_word' id='word_1_148' title='bbox 636 2424 752 2479; x_wconf 85' lang='grc' dir='ltr'>ἀνθ’</span> <span class='ocrx_word' id='word_1_149' title='bbox 780 2426 982 2495; x_wconf 78' lang='grc' dir='ltr'>ἑτέρων</span> <span class='ocrx_word' id='word_1_150' title='bbox 1008 2426 1355 2497; x_wconf 85' lang='grc' dir='ltr'>ἀπήγγελλον</span> <span class='ocrx_word' id='word_1_151' title='bbox 1383 2427 1567 2497; x_wconf 72' lang='grc' dir='ltr'>ἕτερα,</span> <span class='ocrx_word' id='word_1_152' title='bbox 1598 2428 1812 2497; x_wconf 80' lang='grc' dir='ltr'><strong>ἀνάγκη</strong></span> 
     </span>
    </p>
   </div>
   <div class='ocr_carea' id='block_1_25' title="bbox 215 2514 1812 2589">
    <p class='ocr_par' dir='ltr' id='par_1_25' title="bbox 215 2514 1812 2589">
     <span class='ocr_line' id='line_1_25' title="bbox 215 2514 1812 2589; baseline 0.003 -22"><span class='ocrx_word' id='word_1_153' title='bbox 215 2516 382 2567; x_wconf 76' lang='grc' dir='ltr'>πᾶσα</span> <span class='ocrx_word' id='word_1_154' title='bbox 428 2515 538 2568; x_wconf 84' lang='grc' dir='ltr'><strong>τῶν</strong></span> <span class='ocrx_word' id='word_1_155' title='bbox 588 2517 682 2570; x_wconf 76' lang='grc' dir='ltr'>δύο</span> <span class='ocrx_word' id='word_1_156' title='bbox 736 2518 799 2570; x_wconf 82' lang='grc' dir='ltr'><strong>τὺ</strong></span> <span class='ocrx_word' id='word_1_157' title='bbox 844 2518 1033 2587; x_wconf 70' lang='grc' dir='ltr'>ἕτερον</span> <span class='ocrx_word' id='word_1_158' title='bbox 1080 2514 1150 2589; x_wconf 82' lang='grc' dir='ltr'>ἦν</span> <span class='ocrx_word' id='word_1_159' title='bbox 1192 2517 1469 2587; x_wconf 82' lang='grc' dir='ltr'>γενέσθαι,</span> <span class='ocrx_word' id='word_1_160' title='bbox 1512 2518 1681 2589; x_wconf 74' lang='grc' dir='ltr'>ἢτὴν</span> <span class='ocrx_word' id='word_1_161' title='bbox 1717 2518 1812 2572; x_wconf 87' lang='grc' dir='ltr'><strong>τοῦ</strong></span> 
     </span>
    </p>
   </div>
   <div class='ocr_carea' id='block_1_26' title="bbox 213 2605 1810 2681">
    <p class='ocr_par' dir='ltr' id='par_1_26' title="bbox 213 2605 1810 2681">
     <span class='ocr_line' id='line_1_26' title="bbox 213 2605 1810 2681; baseline 0.004 -24"><span class='ocrx_word' id='word_1_162' title='bbox 213 2605 363 2658; x_wconf 86' lang='grc' dir='ltr'>Θεοῦ</span> <span class='ocrx_word' id='word_1_163' title='bbox 393 2605 595 2677; x_wconf 78' lang='grc' dir='ltr'>βουλὴν</span> <span class='ocrx_word' id='word_1_164' title='bbox 628 2609 869 2678; x_wconf 80' lang='grc' dir='ltr'>ἀργῆσαι</span> <span class='ocrx_word' id='word_1_165' title='bbox 901 2610 962 2662; x_wconf 84' lang='grc' dir='ltr'>τὸ</span> <span class='ocrx_word' id='word_1_166' title='bbox 993 2611 1068 2680; x_wconf 82' lang='grc' dir='ltr'>μὴ</span> <span class='ocrx_word' id='word_1_167' title='bbox 1098 2610 1378 2678; x_wconf 81' lang='grc' dir='ltr'>εὑρίσκειν</span> <span class='ocrx_word' id='word_1_168' title='bbox 1422 2611 1743 2675; x_wconf 81' lang='grc' dir='ltr'>ἀπόστολον,</span> <span class='ocrx_word' id='word_1_169' title='bbox 1777 2610 1810 2681; x_wconf 72' lang='grc' dir='ltr'><strong>ἢ</strong></span> 
     </span>
    </p>
   </div>
   <div class='ocr_carea' id='block_1_27' title="bbox 212 2697 1811 2771">
    <p class='ocr_par' dir='ltr' id='par_1_27' title="bbox 212 2697 1811 2771">
     <span class='ocr_line' id='line_1_27' title="bbox 212 2697 1811 2771; baseline 0.001 -21"><span class='ocrx_word' id='word_1_170' title='bbox 212 2697 388 2750; x_wconf 82' lang='grc' dir='ltr'>αὐτὸν</span> <span class='ocrx_word' id='word_1_171' title='bbox 419 2698 815 2753; x_wconf 83' lang='grc' dir='ltr'>ἀπαναστάντα</span> <span class='ocrx_word' id='word_1_172' title='bbox 842 2700 935 2755; x_wconf 87' lang='grc' dir='ltr'><strong>τοῦ</strong></span> <span class='ocrx_word' id='word_1_173' title='bbox 980 2701 1263 2771; x_wconf 84' lang='grc' dir='ltr'>βασιλικοῦ</span> <span class='ocrx_word' id='word_1_174' title='bbox 1291 2702 1485 2771; x_wconf 81' lang='grc' dir='ltr'>θρόνου</span> <span class='ocrx_word' id='word_1_175' title='bbox 1512 2701 1811 2755; x_wconf 85' lang='grc' dir='ltr'>ἀπόστολον</span> 
     </span>
    </p>
   </div>
   <div class='ocr_carea' id='block_1_28' title="bbox 217 2785 1811 2859">
    <p class='ocr_par' dir='ltr' id='par_1_28' title="bbox 217 2785 1811 2859">
     <span class='ocr_line' id='line_1_28' title="bbox 217 2785 1811 2859; baseline 0.001 -19"><span class='ocrx_word' id='word_1_176' title='bbox 217 2785 444 2853; x_wconf 72' lang='grc' dir='ltr'>ἑαυτοῦ,</span> <span class='ocrx_word' id='word_1_177' title='bbox 487 2788 580 2840; x_wconf 81' lang='grc' dir='ltr'>καὶ</span> <span class='ocrx_word' id='word_1_178' title='bbox 632 2789 969 2856; x_wconf 77' lang='grc' dir='ltr'>αὐτάγγελον</span> <span class='ocrx_word' id='word_1_179' title='bbox 1018 2790 1383 2859; x_wconf 83' lang='grc' dir='ltr'>χρηματίσαι,</span> <span class='ocrx_word' id='word_1_180' title='bbox 1440 2790 1532 2841; x_wconf 73' lang='grc' dir='ltr'>καὶ</span> <span class='ocrx_word' id='word_1_181' title='bbox 1563 2790 1811 2842; x_wconf 80' lang='grc' dir='ltr'>διάκονον</span> 
     </span>
    </p>
   </div>
   <div class='ocr_carea' id='block_1_29' title="bbox 211 2873 1806 2951">
    <p class='ocr_par' dir='ltr' id='par_1_29' title="bbox 211 2873 1806 2951">
     <span class='ocr_line' id='line_1_29' title="bbox 211 2873 1806 2951; baseline 0.001 -19"><span class='ocrx_word' id='word_1_182' title='bbox 211 2879 325 2948; x_wconf 78' lang='grc' dir='ltr'>τῆς</span> <span class='ocrx_word' id='word_1_183' title='bbox 362 2877 559 2932; x_wconf 80' lang='grc' dir='ltr'>ἑαυτοῦ</span> <span class='ocrx_word' id='word_1_184' title='bbox 606 2878 825 2949; x_wconf 84' lang='grc' dir='ltr'>βουλῆς,</span> <span class='ocrx_word' id='word_1_185' title='bbox 875 2881 967 2932; x_wconf 73' lang='grc' dir='ltr'>καὶ</span> <span class='ocrx_word' id='word_1_186' title='bbox 996 2879 1323 2951; x_wconf 76' lang='grc' dir='ltr'>αὐτουργὸν,</span> <span class='ocrx_word' id='word_1_187' title='bbox 1365 2873 1461 2933; x_wconf 76' lang='grc' dir='ltr'>καὶ</span> <span class='ocrx_word' id='word_1_188' title='bbox 1500 2880 1806 2950; x_wconf 81' lang='grc' dir='ltr'>ὑπηρέτην,</span> 
     </span>
    </p>
   </div>
   <div class='ocr_carea' id='block_1_30' title="bbox 214 2969 1808 3046">
    <p class='ocr_par' dir='ltr' id='par_1_30' title="bbox 214 2969 1808 3046">
     <span class='ocr_line' id='line_1_30' title="bbox 214 2969 1808 3046; baseline 0.001 -22"><span class='ocrx_word' id='word_1_189' title='bbox 214 2969 384 3043; x_wconf 77' lang='grc' dir='ltr'>ὅπερ,</span> <span class='ocrx_word' id='word_1_190' title='bbox 417 2972 494 3035; x_wconf 84' lang='grc' dir='ltr'>ὡς</span> <span class='ocrx_word' id='word_1_191' title='bbox 519 2971 855 3036; x_wconf 78' lang='grc' dir='ltr'>ἀπέδειξενό</span> <span class='ocrx_word' id='word_1_192' title='bbox 904 2971 1087 3039; x_wconf 71' lang='grc' dir='ltr'>λόγος,</span> <span class='ocrx_word' id='word_1_193' title='bbox 1144 2971 1430 3042; x_wconf 83' lang='grc' dir='ltr'>ἀλλότριον</span> <span class='ocrx_word' id='word_1_194' title='bbox 1483 2971 1664 3046; x_wconf 78' lang='grc' dir='ltr'>πάντη</span> <span class='ocrx_word' id='word_1_195' title='bbox 1714 2973 1808 3025; x_wconf 79' lang='grc' dir='ltr'>καὶ</span> 
     </span>
    </p>
   </div>
   <div class='ocr_carea' id='block_1_31' title="bbox 216 3062 1807 3135">
    <p class='ocr_par' dir='ltr' id='par_1_31' title="bbox 216 3062 1807 3135">
     <span class='ocr_line' id='line_1_31' title="bbox 216 3062 1807 3135; baseline -0.002 -15"><span class='ocrx_word' id='word_1_196' title='bbox 216 3064 639 3135; x_wconf 70' lang='grc' dir='ltr'>ἀπεξενωμένον</span> <span class='ocrx_word' id='word_1_197' title='bbox 663 3062 759 3118; x_wconf 90' lang='grc' dir='ltr'><strong>τοῦ</strong></span> <span class='ocrx_word' id='word_1_198' title='bbox 794 3064 1078 3135; x_wconf 85' lang='grc' dir='ltr'>βασιλικοῦ</span> <span class='ocrx_word' id='word_1_199' title='bbox 1113 3063 1448 3134; x_wconf 78' lang='grc' dir='ltr'>ἀξιώματος,</span> <span class='ocrx_word' id='word_1_200' title='bbox 1482 3065 1544 3117; x_wconf 74' lang='grc' dir='ltr'>τὸ</span> <span class='ocrx_word' id='word_1_201' title='bbox 1567 3063 1636 3117; x_wconf 80' lang='grc' dir='ltr'>δι’</span> <span class='ocrx_word' id='word_1_202' title='bbox 1676 3067 1807 3117; x_wconf 84' lang='grc' dir='ltr'>έαυ-</span> 
     </span>
    </p>
   </div>
   <div class='ocr_carea' id='block_1_32' title="bbox 212 3152 1807 3224">
    <p class='ocr_par' dir='ltr' id='par_1_32' title="bbox 212 3152 1807 3224">
     <span class='ocr_line' id='line_1_32' title="bbox 212 3152 1807 3224; baseline -0.001 -17"><span class='ocrx_word' id='word_1_203' title='bbox 212 3152 319 3208; x_wconf 75' lang='grc' dir='ltr'><strong>τοῦ</strong></span> <span class='ocrx_word' id='word_1_204' title='bbox 350 3154 732 3224; x_wconf 83' lang='grc' dir='ltr'>αὐτουργικῶς</span> <span class='ocrx_word' id='word_1_205' title='bbox 759 3153 1077 3223; x_wconf 73' lang='grc' dir='ltr'>περαιοῦνπι</span> <span class='ocrx_word' id='word_1_206' title='bbox 1112 3153 1221 3207; x_wconf 86' lang='grc' dir='ltr'><strong>τῶν</strong></span> <span class='ocrx_word' id='word_1_207' title='bbox 1267 3153 1486 3207; x_wconf 75' lang='grc' dir='ltr'>οἰκείων</span> <span class='ocrx_word' id='word_1_208' title='bbox 1529 3152 1807 3223; x_wconf 82' lang='grc' dir='ltr'>βουλημά-</span> 
     </span>
    </p>
   </div>
   <div class='ocr_carea' id='block_1_33' title="bbox 212 3245 1809 3317">
    <p class='ocr_par' dir='ltr' id='par_1_33' title="bbox 212 3245 1809 3317">
     <span class='ocr_line' id='line_1_33' title="bbox 212 3245 1809 3317; baseline 0 -18"><span class='ocrx_word' id='word_1_209' title='bbox 212 3262 333 3300; x_wconf 83' lang='grc' dir='ltr'><strong>των</strong></span> <span class='ocrx_word' id='word_1_210' title='bbox 360 3262 421 3299; x_wconf 84' lang='grc' dir='ltr'><strong>τε</strong></span> <span class='ocrx_word' id='word_1_211' title='bbox 459 3246 554 3298; x_wconf 66' lang='grc' dir='ltr'><strong>καὶ⁵</strong></span> <span class='ocrx_word' id='word_1_212' title='bbox 584 3246 1047 3316; x_wconf 80' lang='grc' dir='ltr'>προσταγμάτων,</span> <span class='ocrx_word' id='word_1_213' title='bbox 1072 3245 1389 3298; x_wconf 79' lang='grc' dir='ltr'>ἀποστεῖλαι</span> <span class='ocrx_word' id='word_1_214' title='bbox 1413 3245 1468 3298; x_wconf 79' lang='grc' dir='ltr'><strong>δὲ</strong></span> <span class='ocrx_word' id='word_1_215' title='bbox 1496 3246 1632 3317; x_wconf 73' lang='grc' dir='ltr'>πρὸς</span> <span class='ocrx_word' id='word_1_216' title='bbox 1663 3248 1809 3316; x_wconf 75' lang='grc' dir='ltr'>ἡμᾶς</span> 
     </span>
    </p>
   </div>
   <div class='ocr_carea' id='block_1_34' title="bbox 212 3336 1811 3406">
    <p class='ocr_par' dir='ltr' id='par_1_34' title="bbox 212 3336 1811 3406">
     <span class='ocr_line' id='line_1_34' title="bbox 212 3336 1811 3406; baseline -0.002 -14"><span class='ocrx_word' id='word_1_217' title='bbox 212 3350 271 3392; x_wconf 73' lang='grc' dir='ltr'><strong>τι</strong></span> <span class='ocrx_word' id='word_1_218' title='bbox 311 3336 426 3391; x_wconf 86' lang='grc' dir='ltr'><strong>τῶν</strong></span> <span class='ocrx_word' id='word_1_219' title='bbox 458 3337 667 3405; x_wconf 85' lang='grc' dir='ltr'>ἀλόγων</span> <span class='ocrx_word' id='word_1_220' title='bbox 694 3337 871 3403; x_wconf 77' lang='grc' dir='ltr'>ζώων,</span> <span class='ocrx_word' id='word_1_221' title='bbox 909 3339 1005 3391; x_wconf 80' lang='grc' dir='ltr'>καὶ</span> <span class='ocrx_word' id='word_1_222' title='bbox 1036 3338 1097 3391; x_wconf 80' lang='grc' dir='ltr'>τὸ</span> <span class='ocrx_word' id='word_1_223' title='bbox 1133 3336 1314 3405; x_wconf 86' lang='grc' dir='ltr'>λέγειν</span> <span class='ocrx_word' id='word_1_224' title='bbox 1342 3337 1568 3406; x_wconf 77' lang='grc' dir='ltr'>ἠλίθιον.</span> <span class='ocrx_word' id='word_1_225' title='bbox 1599 3337 1811 3392; x_wconf 85' lang='grc' dir='ltr'>οὐκοῦν</span> 
     </span>
    </p>
   </div>
   <div class='ocr_carea' id='block_1_35' title="bbox 209 3429 1808 3502">
    <p class='ocr_par' dir='ltr' id='par_1_35' title="bbox 209 3429 1808 3502">
     <span class='ocr_line' id='line_1_35' title="bbox 209 3429 1808 3502; baseline -0.003 -17"><span class='ocrx_word' id='word_1_226' title='bbox 209 3430 446 3502; x_wconf 85' lang='grc' dir='ltr'>ἀνάγκη</span> <span class='ocrx_word' id='word_1_227' title='bbox 478 3433 631 3484; x_wconf 77' lang='grc' dir='ltr'>πᾶσα</span> <span class='ocrx_word' id='word_1_228' title='bbox 655 3432 747 3484; x_wconf 72' lang='grc' dir='ltr'><strong>τὸν</strong></span> <span class='ocrx_word' id='word_1_229' title='bbox 776 3430 910 3485; x_wconf 77' lang='grc' dir='ltr'>Θεὸν</span> <span class='ocrx_word' id='word_1_230' title='bbox 949 3429 1095 3501; x_wconf 74' lang='grc' dir='ltr'>ἔχειν</span> <span class='ocrx_word' id='word_1_231' title='bbox 1124 3431 1247 3484; x_wconf 81' lang='grc' dir='ltr'>τινὰ</span> <span class='ocrx_word' id='word_1_232' title='bbox 1291 3429 1581 3500; x_wconf 73' lang='grc' dir='ltr'>όμοοῦσιον</span> <span class='ocrx_word' id='word_1_233' title='bbox 1611 3429 1808 3483; x_wconf 79' lang='grc' dir='ltr'>ἑαυτοῦ</span> 
     </span>
    </p>
   </div>
   <div class='ocr_carea' id='block_1_36' title="bbox 208 3520 1809 3591">
    <p class='ocr_par' dir='ltr' id='par_1_36' title="bbox 208 3520 1809 3591">
     <span class='ocr_line' id='line_1_36' title="bbox 208 3520 1809 3591; baseline -0.001 -16"><span class='ocrx_word' id='word_1_234' title='bbox 208 3521 277 3575; x_wconf 71' lang='grc' dir='ltr'><strong>τὸ</strong></span> <span class='ocrx_word' id='word_1_235' title='bbox 309 3520 663 3585; x_wconf 81' lang='grc' dir='ltr'>αὐτεξούσιον</span> <span class='ocrx_word' id='word_1_236' title='bbox 696 3521 910 3591; x_wconf 75' lang='grc' dir='ltr'>ἔχοντα,</span> <span class='ocrx_word' id='word_1_237' title='bbox 943 3521 1039 3575; x_wconf 74' lang='grc' dir='ltr'>καὶ</span> <span class='ocrx_word' id='word_1_238' title='bbox 1074 3521 1137 3574; x_wconf 79' lang='grc' dir='ltr'>τὸ</span> <span class='ocrx_word' id='word_1_239' title='bbox 1164 3520 1401 3591; x_wconf 82' lang='grc' dir='ltr'>θέλημα,</span> <span class='ocrx_word' id='word_1_240' title='bbox 1431 3522 1492 3574; x_wconf 84' lang='grc' dir='ltr'>οὐ</span> <span class='ocrx_word' id='word_1_241' title='bbox 1524 3522 1809 3591; x_wconf 82' lang='grc' dir='ltr'>παρηλλα-</span> 
     </span>
    </p>
   </div>
   <div class='ocr_carea' id='block_1_37' title="bbox 209 3611 1806 3686">
    <p class='ocr_par' dir='ltr' id='par_1_37' title="bbox 209 3611 1806 3686">
     <span class='ocr_line' id='line_1_37' title="bbox 209 3611 1806 3686; baseline -0.001 -20"><span class='ocrx_word' id='word_1_242' title='bbox 209 3614 454 3686; x_wconf 80' lang='grc' dir='ltr'>γμένον,</span> <span class='ocrx_word' id='word_1_243' title='bbox 480 3614 574 3667; x_wconf 76' lang='grc' dir='ltr'>καὶ</span> <span class='ocrx_word' id='word_1_244' title='bbox 604 3613 814 3685; x_wconf 80' lang='grc' dir='ltr'>ἀπᾷδον</span> <span class='ocrx_word' id='word_1_245' title='bbox 848 3612 1128 3674; x_wconf 77' lang='grc' dir='ltr'>παντελῶς</span> <span class='ocrx_word' id='word_1_246' title='bbox 1175 3614 1273 3683; x_wconf 86' lang='grc' dir='ltr'>τῆς</span> <span class='ocrx_word' id='word_1_247' title='bbox 1311 3612 1446 3675; x_wconf 82' lang='grc' dir='ltr'>ίόίας</span> <span class='ocrx_word' id='word_1_248' title='bbox 1477 3611 1806 3682; x_wconf 79' lang='grc' dir='ltr'>βουλήσεως,</span> 
     </span>
    </p>
   </div>
   <div class='ocr_carea' id='block_1_38' title="bbox 210 3703 1812 3777">
    <p class='ocr_par' dir='ltr' id='par_1_38' title="bbox 210 3703 1812 3777">
     <span class='ocr_line' id='line_1_38' title="bbox 210 3703 1812 3777; baseline -0.002 -17"><span class='ocrx_word' id='word_1_249' title='bbox 210 3709 302 3771; x_wconf 75' lang='grc' dir='ltr'><strong>είς</strong></span> <span class='ocrx_word' id='word_1_250' title='bbox 331 3705 686 3777; x_wconf 77' lang='grc' dir='ltr'>ἐκπλήρωσιν</span> <span class='ocrx_word' id='word_1_251' title='bbox 716 3704 825 3760; x_wconf 82' lang='grc' dir='ltr'><strong>τῶν</strong></span> <span class='ocrx_word' id='word_1_252' title='bbox 847 3703 1008 3759; x_wconf 80' lang='grc' dir='ltr'>θείων</span> <span class='ocrx_word' id='word_1_253' title='bbox 1036 3703 1204 3760; x_wconf 83' lang='grc' dir='ltr'>αὑτοῦ</span> <span class='ocrx_word' id='word_1_254' title='bbox 1236 3704 1497 3772; x_wconf 82' lang='grc' dir='ltr'>ὲφέσεων,</span> <span class='ocrx_word' id='word_1_255' title='bbox 1530 3704 1589 3767; x_wconf 78' lang='grc' dir='ltr'>ὃς</span> <span class='ocrx_word' id='word_1_256' title='bbox 1613 3707 1760 3757; x_wconf 74' lang='grc' dir='ltr'>ἐστιν</span> <span class='ocrx_word' id='word_1_257' title='bbox 1784 3707 1812 3757; x_wconf 91' lang='lat'><strong>6</strong></span> 
     </span>
    </p>
   </div>
   <div class='ocr_carea' id='block_1_39' title="bbox 210 3779 1812 3867">
    <p class='ocr_par' dir='ltr' id='par_1_39' title="bbox 210 3779 1812 3867">
     <span class='ocr_line' id='line_1_39' title="bbox 210 3779 1812 3867; baseline -0.004 -14"><span class='ocrx_word' id='word_1_258' title='bbox 210 3799 357 3861; x_wconf 75' lang='grc' dir='ltr'>Υἱὸς</span> <span class='ocrx_word' id='word_1_259' title='bbox 402 3779 697 3861; x_wconf 80' lang='grc' dir='ltr'>συναῖδιος,</span> <span class='ocrx_word' id='word_1_260' title='bbox 756 3798 853 3851; x_wconf 71' lang='grc' dir='ltr'>καὶ</span> <span class='ocrx_word' id='word_1_261' title='bbox 925 3796 1272 3867; x_wconf 82' lang='grc' dir='ltr'>ταυτοτελὴς,</span> <span class='ocrx_word' id='word_1_262' title='bbox 1308 3795 1402 3849; x_wconf 75' lang='grc' dir='ltr'>καὶ</span> <span class='ocrx_word' id='word_1_263' title='bbox 1435 3793 1753 3865; x_wconf 75' lang='grc' dir='ltr'>όμόόουλος,</span> <span class='ocrx_word' id='word_1_264' title='bbox 1784 3797 1812 3848; x_wconf 93' lang='lat'><strong>6</strong></span> 
     </span>
    </p>
   </div>
   <div class='ocr_carea' id='block_1_40' title="bbox 209 3888 1813 3960">
    <p class='ocr_par' dir='ltr' id='par_1_40' title="bbox 209 3888 1813 3960">
     <span class='ocr_line' id='line_1_40' title="bbox 209 3888 1813 3960; baseline -0.002 -16"><span class='ocrx_word' id='word_1_265' title='bbox 209 3894 319 3946; x_wconf 68' lang='grc' dir='ltr'><strong>καὶ</strong></span> <span class='ocrx_word' id='word_1_266' title='bbox 352 3892 414 3943; x_wconf 82' lang='grc' dir='ltr'><strong>έν</strong></span> <span class='ocrx_word' id='word_1_267' title='bbox 446 3894 568 3953; x_wconf 83' lang='grc' dir='ltr'>ταῖς</span> <span class='ocrx_word' id='word_1_268' title='bbox 590 3890 838 3960; x_wconf 82' lang='grc' dir='ltr'>Γραφαίς</span> <span class='ocrx_word' id='word_1_269' title='bbox 862 3891 963 3960; x_wconf 83' lang='grc' dir='ltr'>τῆς</span> <span class='ocrx_word' id='word_1_270' title='bbox 995 3888 1239 3960; x_wconf 85' lang='grc' dir='ltr'>μεγάλης</span> <span class='ocrx_word' id='word_1_271' title='bbox 1262 3888 1459 3959; x_wconf 83' lang='grc' dir='ltr'>βουλῆς</span> <span class='ocrx_word' id='word_1_272' title='bbox 1478 3888 1813 3955; x_wconf 74' lang='grc' dir='ltr'>καλούμενος</span> 
     </span>
    </p>
   </div>
   <div class='ocr_carea' id='block_1_41' title="bbox 214 3979 1813 4053">
    <p class='ocr_par' dir='ltr' id='par_1_41' title="bbox 214 3979 1813 4053">
     <span class='ocr_line' id='line_1_41' title="bbox 214 3979 1813 4053; baseline -0.003 -17"><span class='ocrx_word' id='word_1_273' title='bbox 214 3981 524 4052; x_wconf 73' lang='grc' dir='ltr'>Ἄγγελος,</span> <span class='ocrx_word' id='word_1_274' title='bbox 561 3983 608 4016; x_wconf 76' lang='grc'><strong>’⁵</strong></span> <span class='ocrx_word' id='word_1_275' title='bbox 639 3983 734 4036; x_wconf 72' lang='grc' dir='ltr'><strong>καὶ</strong></span> <span class='ocrx_word' id='word_1_276' title='bbox 761 3984 875 4046; x_wconf 81' lang='grc' dir='ltr'>τοῖς</span> <span class='ocrx_word' id='word_1_277' title='bbox 898 3980 1088 4053; x_wconf 84' lang='grc' dir='ltr'>πρώην</span> <span class='ocrx_word' id='word_1_278' title='bbox 1139 3979 1483 4052; x_wconf 83' lang='grc' dir='ltr'>χρηματίσας</span> <span class='ocrx_word' id='word_1_279' title='bbox 1533 3980 1813 4049; x_wconf 84' lang='grc' dir='ltr'>Πατράσιν</span> 
     </span>
    </p>
   </div>
   <div class='ocr_carea' id='block_1_42' title="bbox 224 4070 1810 4145">
    <p class='ocr_par' dir='ltr' id='par_1_42' title="bbox 224 4070 1810 4145">
     <span class='ocr_line' id='line_1_42' title="bbox 224 4070 1810 4145; baseline -0.004 -17"><span class='ocrx_word' id='word_1_280' title='bbox 224 4074 502 4145; x_wconf 72' lang='grc' dir='ltr'>’Δϐραάμ</span> <span class='ocrx_word' id='word_1_281' title='bbox 532 4089 613 4136; x_wconf 82' lang='grc' dir='ltr'><strong>τε,</strong></span> <span class='ocrx_word' id='word_1_282' title='bbox 655 4074 749 4125; x_wconf 85' lang='grc' dir='ltr'>καὶ</span> <span class='ocrx_word' id='word_1_283' title='bbox 810 4072 1018 4138; x_wconf 79' lang='grc' dir='ltr'>Ἰσαὰκ,</span> <span class='ocrx_word' id='word_1_284' title='bbox 1054 4074 1151 4126; x_wconf 73' lang='grc' dir='ltr'>καὶ</span> <span class='ocrx_word' id='word_1_285' title='bbox 1180 4070 1401 4132; x_wconf 75' lang='grc' dir='ltr'>Ἰακὼϐ,</span> <span class='ocrx_word' id='word_1_286' title='bbox 1457 4071 1549 4122; x_wconf 73' lang='grc' dir='ltr'><strong>καλ⁵</strong></span> <span class='ocrx_word' id='word_1_287' title='bbox 1580 4072 1810 4140; x_wconf 83' lang='grc' dir='ltr'>Μωῦσῇ,</span> 
     </span>
    </p>
   </div>
   <div class='ocr_carea' id='block_1_43' title="bbox 212 4160 1811 4233">
    <p class='ocr_par' dir='ltr' id='par_1_43' title="bbox 212 4160 1811 4233">
     <span class='ocr_line' id='line_1_43' title="bbox 212 4160 1811 4233; baseline -0.003 -14"><span class='ocrx_word' id='word_1_288' title='bbox 212 4168 319 4220; x_wconf 77' lang='grc' dir='ltr'><strong>καὶ</strong></span> <span class='ocrx_word' id='word_1_289' title='bbox 358 4167 475 4227; x_wconf 77' lang='grc' dir='ltr'>τοῖς</span> <span class='ocrx_word' id='word_1_290' title='bbox 495 4164 724 4229; x_wconf 83' lang='grc' dir='ltr'>λοιποῖς,</span> <span class='ocrx_word' id='word_1_291' title='bbox 754 4163 829 4228; x_wconf 81' lang='grc' dir='ltr'>ὡς</span> <span class='ocrx_word' id='word_1_292' title='bbox 864 4166 957 4219; x_wconf 68' lang='grc' dir='ltr'><strong>καὶ</strong></span> <span class='ocrx_word' id='word_1_293' title='bbox 979 4167 1043 4217; x_wconf 82' lang='grc' dir='ltr'>ἐκ</span> <span class='ocrx_word' id='word_1_294' title='bbox 1065 4164 1172 4217; x_wconf 82' lang='grc' dir='ltr'><strong>τῶν</strong></span> <span class='ocrx_word' id='word_1_295' title='bbox 1196 4163 1368 4232; x_wconf 88' lang='grc' dir='ltr'>ἀγίων</span> <span class='ocrx_word' id='word_1_296' title='bbox 1394 4160 1626 4233; x_wconf 78' lang='grc' dir='ltr'>Γραφῶν</span> <span class='ocrx_word' id='word_1_297' title='bbox 1657 4164 1811 4233; x_wconf 87' lang='grc' dir='ltr'>ἀκρι-</span> 
     </span>
    </p>
   </div>
   <div class='ocr_carea' id='block_1_44' title="bbox 215 4252 1152 4324">
    <p class='ocr_par' dir='ltr' id='par_1_44' title="bbox 215 4252 1152 4324">
     <span class='ocr_line' id='line_1_44' title="bbox 215 4252 1152 4324; baseline -0.007 -15"><span class='ocrx_word' id='word_1_298' title='bbox 215 4256 493 4324; x_wconf 76' lang='grc' dir='ltr'>ϐέστερον</span> <span class='ocrx_word' id='word_1_299' title='bbox 528 4254 873 4323; x_wconf 77' lang='grc' dir='ltr'>ἐντυγχάνων</span> <span class='ocrx_word' id='word_1_300' title='bbox 907 4252 1152 4323; x_wconf 81' lang='grc' dir='ltr'>μαθήσῃ.</span> 
     </span>
    </p>
   </div>
   <div class='ocr_carea' id='block_1_45' title="bbox 252 4340 1814 4415">
    <p class='ocr_par' dir='ltr' id='par_1_45' title="bbox 252 4340 1814 4415">
     <span class='ocr_line' id='line_1_45' title="bbox 252 4340 1814 4415; baseline 0.015 -21"><span class='ocrx_word' id='word_1_301' title='bbox 252 4349 368 4402; x_wconf 83' lang='grc' dir='ltr'><strong>’Β.</strong></span> <span class='ocrx_word' id='word_1_302' title='bbox 399 4346 464 4399; x_wconf 88' lang='grc' dir='ltr'>Τί</span> <span class='ocrx_word' id='word_1_303' title='bbox 489 4346 547 4399; x_wconf 82' lang='grc' dir='ltr'><strong>δὲ</strong></span> <span class='ocrx_word' id='word_1_304' title='bbox 597 4346 775 4399; x_wconf 73' lang='grc' dir='ltr'>εἰπεῖν</span> <span class='ocrx_word' id='word_1_305' title='bbox 830 4345 975 4414; x_wconf 76' lang='grc' dir='ltr'>ἔχεις</span> <span class='ocrx_word' id='word_1_306' title='bbox 1030 4344 1162 4415; x_wconf 74' lang='grc' dir='ltr'>περὶ</span> <span class='ocrx_word' id='word_1_307' title='bbox 1210 4341 1303 4396; x_wconf 86' lang='grc' dir='ltr'><strong>τοῦ</strong></span> <span class='ocrx_word' id='word_1_308' title='bbox 1334 4340 1684 4411; x_wconf 68' lang='grc' dir='ltr'>Πνεῦματοςὶ</span> <span class='ocrx_word' id='word_1_309' title='bbox 1729 4340 1814 4405; x_wconf 65' lang='grc' dir='ltr'>τίς</span> 
     </span>
    </p>
   </div>
   <div class='ocr_carea' id='block_1_46' title="bbox 1635 323 2053 385">
    <p class='ocr_par' dir='ltr' id='par_1_46' title="bbox 1635 323 2053 385">
     <span class='ocr_line' id='line_1_46' title="bbox 1635 323 2053 385; baseline 0.002 -2"><span class='ocrx_word' id='word_1_310' title='bbox 1635 323 2027 385; x_wconf 79' lang='lat' dir='ltr'><strong>OPUSCULA</strong></span> <span class='ocrx_word' id='word_1_311' title='bbox 2039 371 2053 384; x_wconf 89' lang='lat'><strong><em>.</em></strong></span> 
     </span>
    </p>
   </div>
   <div class='ocr_carea' id='block_1_47' title="bbox 1837 429 2312 495">
    <p class='ocr_par' dir='ltr' id='par_1_47' title="bbox 1837 429 2312 495">
     <span class='ocr_line' id='line_1_47' title="bbox 1837 429 2312 495; baseline 0.006 -12"><span class='ocrx_word' id='word_1_312' title='bbox 1837 440 1887 495; x_wconf 75' lang='grc' dir='ltr'><strong>Α</strong></span> <span class='ocrx_word' id='word_1_313' title='bbox 1981 430 2045 484; x_wconf 86' lang='grc' dir='ltr'>Β.</span> <span class='ocrx_word' id='word_1_314' title='bbox 2085 429 2178 486; x_wconf 89' lang='lat' dir='ltr'><strong>Sic</strong></span> <span class='ocrx_word' id='word_1_315' title='bbox 2206 436 2312 486; x_wconf 86' lang='lat' dir='ltr'><strong>est.</strong></span> 
     </span>
    </p>
   </div>
   <div class='ocr_carea' id='block_1_48' title="bbox 3358 326 3518 390">
    <p class='ocr_par' dir='ltr' id='par_1_48' title="bbox 3358 326 3518 390">
     <span class='ocr_line' id='line_1_48' title="bbox 3358 326 3518 390; baseline -0.031 0"><span class='ocrx_word' id='word_1_316' title='bbox 3358 326 3518 390; x_wconf 66' lang='lat' dir='ltr'><strong>m2-</strong></span> 
     </span>
    </p>
   </div>
   <div class='ocr_carea' id='block_1_49' title="bbox 1987 520 3505 593">
    <p class='ocr_par' dir='ltr' id='par_1_49' title="bbox 1987 520 3505 593">
     <span class='ocr_line' id='line_1_49' title="bbox 1987 520 3505 593; baseline 0.006 -18"><span class='ocrx_word' id='word_1_317' title='bbox 1987 523 2053 575; x_wconf 82' lang='lat' dir='ltr'><strong>A.</strong></span> <span class='ocrx_word' id='word_1_318' title='bbox 2102 520 2159 576; x_wconf 98' lang='lat' dir='ltr'><strong>Si</strong></span> <span class='ocrx_word' id='word_1_319' title='bbox 2216 522 2389 593; x_wconf 91' lang='lat' dir='ltr'><strong>igitur</strong></span> <span class='ocrx_word' id='word_1_320' title='bbox 2419 522 2686 580; x_wconf 86' lang='lat' dir='ltr'><strong>voluisset</strong></span> <span class='ocrx_word' id='word_1_321' title='bbox 2725 523 2873 579; x_wconf 84' lang='lat' dir='ltr'><strong>Deus</strong></span> <span class='ocrx_word' id='word_1_322' title='bbox 2905 524 3130 580; x_wconf 84' lang='lat' dir='ltr'><strong>mittere</strong></span> <span class='ocrx_word' id='word_1_323' title='bbox 3164 525 3232 579; x_wconf 88' lang='lat' dir='ltr'><strong>ad</strong></span> <span class='ocrx_word' id='word_1_324' title='bbox 3272 541 3399 591; x_wconf 79' lang='lat' dir='ltr'><strong>nos,</strong></span> <span class='ocrx_word' id='word_1_325' title='bbox 3435 531 3505 584; x_wconf 80' lang='lat' dir='ltr'><strong>ad</strong></span> 
     </span>
    </p>
   </div>
   <div class='ocr_carea' id='block_1_50' title="bbox 1916 611 3505 685">
    <p class='ocr_par' dir='ltr' id='par_1_50' title="bbox 1916 611 3505 685">
     <span class='ocr_line' id='line_1_50' title="bbox 1916 611 3505 685; baseline 0.004 -21"><span class='ocrx_word' id='word_1_326' title='bbox 1916 611 2209 677; x_wconf 90' lang='lat' dir='ltr'><strong>mundum,</strong></span> <span class='ocrx_word' id='word_1_327' title='bbox 2246 613 2496 682; x_wconf 90' lang='lat' dir='ltr'><strong>inquam,</strong></span> <span class='ocrx_word' id='word_1_328' title='bbox 2542 614 2822 681; x_wconf 91' lang='lat' dir='ltr'><strong>nuntium,</strong></span> <span class='ocrx_word' id='word_1_329' title='bbox 2864 614 3032 685; x_wconf 79' lang='lat'><strong>369</strong></span> <span class='ocrx_word' id='word_1_330' title='bbox 3063 630 3127 670; x_wconf 80' lang='lat' dir='ltr'><strong>ex</strong></span> <span class='ocrx_word' id='word_1_331' title='bbox 3159 632 3270 684; x_wconf 90' lang='lat' dir='ltr'><strong>quo</strong></span> <span class='ocrx_word' id='word_1_332' title='bbox 3307 618 3505 672; x_wconf 82' lang='lat' dir='ltr'><strong>ordine</strong></span> 
     </span>
    </p>
   </div>
   <div class='ocr_carea' id='block_1_51' title="bbox 1915 706 3505 776">
    <p class='ocr_par' dir='ltr' id='par_1_51' title="bbox 1915 706 3505 776">
     <span class='ocr_line' id='line_1_51' title="bbox 1915 706 3505 776; baseline 0.006 -19"><span class='ocrx_word' id='word_1_333' title='bbox 1915 706 2195 761; x_wconf 86' lang='lat' dir='ltr'><strong>missurus</strong></span> <span class='ocrx_word' id='word_1_334' title='bbox 2246 706 2404 761; x_wconf 81' lang='lat' dir='ltr'><strong>erat?</strong></span> <span class='ocrx_word' id='word_1_335' title='bbox 2443 721 2510 760; x_wconf 84' lang='lat' dir='ltr'><strong>cx</strong></span> <span class='ocrx_word' id='word_1_336' title='bbox 2571 708 2809 776; x_wconf 76' lang='lat' dir='ltr'><strong>angelis,</strong></span> <span class='ocrx_word' id='word_1_337' title='bbox 2865 716 2961 763; x_wconf 89' lang='lat' dir='ltr'><strong>aut</strong></span> <span class='ocrx_word' id='word_1_338' title='bbox 3015 723 3083 763; x_wconf 73' lang='lat' dir='ltr'><strong>ex</strong></span> <span class='ocrx_word' id='word_1_339' title='bbox 3136 708 3505 766; x_wconf 77' lang='lat' dir='ltr'><strong>hominibus?</strong></span> 
     </span>
    </p>
   </div>
   <div class='ocr_carea' id='block_1_52' title="bbox 1914 798 3358 856">
    <p class='ocr_par' dir='ltr' id='par_1_52' title="bbox 1914 798 3358 856">
     <span class='ocr_line' id='line_1_52' title="bbox 1914 798 3358 856; baseline 0.004 -6"><span class='ocrx_word' id='word_1_340' title='bbox 1914 810 2030 850; x_wconf 78' lang='lat' dir='ltr'><strong>non</strong></span> <span class='ocrx_word' id='word_1_341' title='bbox 2064 798 2209 852; x_wconf 89' lang='lat' dir='ltr'><strong>enim</strong></span> <span class='ocrx_word' id='word_1_342' title='bbox 2245 812 2313 853; x_wconf 76' lang='lat' dir='ltr'><strong>ex</strong></span> <span class='ocrx_word' id='word_1_343' title='bbox 2343 798 2731 853; x_wconf 78' lang='lat' dir='ltr'><strong>animantibus</strong></span> <span class='ocrx_word' id='word_1_344' title='bbox 2761 798 2980 854; x_wconf 89' lang='lat' dir='ltr'><strong>ratione</strong></span> <span class='ocrx_word' id='word_1_345' title='bbox 3012 801 3358 856; x_wconf 77' lang='lat' dir='ltr'><strong>carentibus.</strong></span> 
     </span>
    </p>
   </div>
   <div class='ocr_carea' id='block_1_53' title="bbox 1975 887 2287 944">
    <p class='ocr_par' dir='ltr' id='par_1_53' title="bbox 1975 887 2287 944">
     <span class='ocr_line' id='line_1_53' title="bbox 1975 887 2287 944; baseline 0.006 -2"><span class='ocrx_word' id='word_1_346' title='bbox 1975 887 2035 942; x_wconf 89' lang='grc' dir='ltr'>Β.</span> <span class='ocrx_word' id='word_1_347' title='bbox 2066 890 2148 942; x_wconf 81' lang='lat' dir='ltr'><strong>ita</strong></span> <span class='ocrx_word' id='word_1_348' title='bbox 2178 896 2287 944; x_wconf 89' lang='lat' dir='ltr'><strong>est.</strong></span> 
     </span>
    </p>
   </div>
   <div class='ocr_carea' id='block_1_54' title="bbox 1983 976 3498 1051">
    <p class='ocr_par' dir='ltr' id='par_1_54' title="bbox 1983 976 3498 1051">
     <span class='ocr_line' id='line_1_54' title="bbox 1983 976 3498 1051; baseline 0.001 -20"><span class='ocrx_word' id='word_1_349' title='bbox 1983 979 2050 1031; x_wconf 78' lang='grc' dir='ltr'>Δ.</span> <span class='ocrx_word' id='word_1_350' title='bbox 2086 978 2224 1031; x_wconf 89' lang='lat' dir='ltr'><strong>Cum</strong></span> <span class='ocrx_word' id='word_1_351' title='bbox 2264 978 2435 1049; x_wconf 89' lang='lat' dir='ltr'><strong>igitur</strong></span> <span class='ocrx_word' id='word_1_352' title='bbox 2464 976 2518 1029; x_wconf 91' lang='lat' dir='ltr'><strong>hi</strong></span> <span class='ocrx_word' id='word_1_353' title='bbox 2554 985 2741 1031; x_wconf 79' lang='lat' dir='ltr'><strong>essent</strong></span> <span class='ocrx_word' id='word_1_354' title='bbox 2773 992 2888 1031; x_wconf 70' lang='lat' dir='ltr'><strong>sum</strong></span> <span class='ocrx_word' id='word_1_355' title='bbox 2922 979 3227 1033; x_wconf 81' lang='lat' dir='ltr'><strong>voluntatis</strong></span> <span class='ocrx_word' id='word_1_356' title='bbox 3269 995 3498 1051; x_wconf 88' lang='lat' dir='ltr'><strong>compo-</strong></span> 
     </span>
    </p>
   </div>
   <div class='ocr_carea' id='block_1_55' title="bbox 1914 1066 3498 1137">
    <p class='ocr_par' dir='ltr' id='par_1_55' title="bbox 1914 1066 3498 1137">
     <span class='ocr_line' id='line_1_55' title="bbox 1914 1066 3498 1137; baseline 0.001 -14"><span class='ocrx_word' id='word_1_357' title='bbox 1914 1077 2018 1133; x_wconf 89' lang='lat' dir='ltr'><strong>tes,</strong></span> <span class='ocrx_word' id='word_1_358' title='bbox 2052 1068 2107 1122; x_wconf 87' lang='lat' dir='ltr'><strong>in</strong></span> <span class='ocrx_word' id='word_1_359' title='bbox 2138 1077 2416 1137; x_wconf 88' lang='lat' dir='ltr'><strong>potestate</strong></span> <span class='ocrx_word' id='word_1_360' title='bbox 2452 1066 2573 1134; x_wconf 85' lang='lat' dir='ltr'><strong>ejus</strong></span> <span class='ocrx_word' id='word_1_361' title='bbox 2607 1068 2700 1136; x_wconf 90' lang='lat' dir='ltr'><strong>qui</strong></span> <span class='ocrx_word' id='word_1_362' title='bbox 2757 1068 3075 1120; x_wconf 87' lang='lat' dir='ltr'><strong>mitteretur</strong></span> <span class='ocrx_word' id='word_1_363' title='bbox 3100 1076 3221 1121; x_wconf 90' lang='lat' dir='ltr'><strong>erat</strong></span> <span class='ocrx_word' id='word_1_364' title='bbox 3275 1069 3498 1126; x_wconf 88' lang='lat' dir='ltr'><strong>obedire</strong></span> 
     </span>
    </p>
   </div>
   <div class='ocr_carea' id='block_1_56' title="bbox 1911 1158 3497 1227">
    <p class='ocr_par' dir='ltr' id='par_1_56' title="bbox 1911 1158 3497 1227">
     <span class='ocr_line' id='line_1_56' title="bbox 1911 1158 3497 1227; baseline -0.001 -14"><span class='ocrx_word' id='word_1_365' title='bbox 1911 1167 2005 1213; x_wconf 85' lang='lat' dir='ltr'><strong>aut</strong></span> <span class='ocrx_word' id='word_1_366' title='bbox 2030 1175 2135 1212; x_wconf 89' lang='lat' dir='ltr'><strong>non</strong></span> <span class='ocrx_word' id='word_1_367' title='bbox 2165 1158 2388 1212; x_wconf 86' lang='lat' dir='ltr'><strong>obedire</strong></span> <span class='ocrx_word' id='word_1_368' title='bbox 2403 1158 2682 1222; x_wconf 89' lang='lat' dir='ltr'><strong>mittenti;</strong></span> <span class='ocrx_word' id='word_1_369' title='bbox 2721 1158 2846 1211; x_wconf 88' lang='lat' dir='ltr'><strong>item</strong></span> <span class='ocrx_word' id='word_1_370' title='bbox 2881 1158 3068 1211; x_wconf 82' lang='lat' dir='ltr'><strong>dicere</strong></span> <span class='ocrx_word' id='word_1_371' title='bbox 3120 1167 3177 1211; x_wconf 93' lang='lat' dir='ltr'><strong>ut</strong></span> <span class='ocrx_word' id='word_1_372' title='bbox 3208 1161 3255 1211; x_wconf 86' lang='lat' dir='ltr'><strong>ei</strong></span> <span class='ocrx_word' id='word_1_373' title='bbox 3277 1161 3497 1227; x_wconf 85' lang='lat' dir='ltr'><strong>jussutu</strong></span> 
     </span>
    </p>
   </div>
   <div class='ocr_carea' id='block_1_57' title="bbox 1911 1249 3496 1321">
    <p class='ocr_par' dir='ltr' id='par_1_57' title="bbox 1911 1249 3496 1321">
     <span class='ocr_line' id='line_1_57' title="bbox 1911 1249 3496 1321; baseline -0.001 -16"><span class='ocrx_word' id='word_1_374' title='bbox 1911 1258 2083 1313; x_wconf 88' lang='lat' dir='ltr'><strong>esset,</strong></span> <span class='ocrx_word' id='word_1_375' title='bbox 2118 1258 2213 1304; x_wconf 85' lang='lat' dir='ltr'><strong>aut</strong></span> <span class='ocrx_word' id='word_1_376' title='bbox 2244 1249 2427 1318; x_wconf 87' lang='lat' dir='ltr'><strong>aliqua</strong></span> <span class='ocrx_word' id='word_1_377' title='bbox 2473 1250 2767 1303; x_wconf 79' lang='lat' dir='ltr'><strong>invertere.</strong></span> <span class='ocrx_word' id='word_1_378' title='bbox 2806 1249 2889 1301; x_wconf 76' lang='lat' dir='ltr'><strong>An</strong></span> <span class='ocrx_word' id='word_1_379' title='bbox 2913 1249 3138 1313; x_wconf 79' lang='lat' dir='ltr'><strong>ignoras</strong></span> <span class='ocrx_word' id='word_1_380' title='bbox 3175 1249 3496 1321; x_wconf 76' lang='lat' dir='ltr'><strong>Moysen,et</strong></span> 
     </span>
    </p>
   </div>
   <div class='ocr_carea' id='block_1_58' title="bbox 1911 1338 3498 1401">
    <p class='ocr_par' dir='ltr' id='par_1_58' title="bbox 1911 1338 3498 1401">
     <span class='ocr_line' id='line_1_58' title="bbox 1911 1338 3498 1401; baseline -0.001 -6"><span class='ocrx_word' id='word_1_381' title='bbox 1911 1339 2455 1401; x_wconf 84' lang='lat' dir='ltr'><strong>Jeremiam,etalios</strong></span> <span class='ocrx_word' id='word_1_382' title='bbox 2482 1354 2511 1392; x_wconf 88' lang='lat' dir='ltr'><strong>a</strong></span> <span class='ocrx_word' id='word_1_383' title='bbox 2534 1338 2646 1393; x_wconf 84' lang='lat' dir='ltr'><strong>Deo</strong></span> <span class='ocrx_word' id='word_1_384' title='bbox 2666 1340 2867 1393; x_wconf 84' lang='lat' dir='ltr'><strong>missos</strong></span> <span class='ocrx_word' id='word_1_385' title='bbox 2897 1354 3215 1401; x_wconf 88' lang='lat' dir='ltr'><strong>recusasse,</strong></span> <span class='ocrx_word' id='word_1_386' title='bbox 3246 1341 3498 1394; x_wconf 82' lang='lat' dir='ltr'><strong>etdctre-</strong></span> 
     </span>
    </p>
   </div>
   <div class='ocr_carea' id='block_1_59' title="bbox 1912 1429 3533 1493">
    <p class='ocr_par' dir='ltr' id='par_1_59' title="bbox 1912 1429 3533 1493">
     <span class='ocr_line' id='line_1_59' title="bbox 1912 1429 3533 1493; baseline -0.001 -7"><span class='ocrx_word' id='word_1_387' title='bbox 1912 1440 2187 1493; x_wconf 88' lang='lat' dir='ltr'><strong>ctasse,ac</strong></span> <span class='ocrx_word' id='word_1_388' title='bbox 2202 1438 2349 1484; x_wconf 92' lang='lat' dir='ltr'><strong>metu</strong></span> <span class='ocrx_word' id='word_1_389' title='bbox 2374 1429 2675 1483; x_wconf 81' lang='lat' dir='ltr'><strong>ministerii</strong></span> <span class='ocrx_word' id='word_1_390' title='bbox 2692 1429 2956 1493; x_wconf 88' lang='lat' dir='ltr'><strong>obeundi,</strong></span> <span class='ocrx_word' id='word_1_391' title='bbox 2979 1431 3188 1483; x_wconf 89' lang='lat' dir='ltr'><strong>autalia</strong></span> <span class='ocrx_word' id='word_1_392' title='bbox 3206 1430 3501 1485; x_wconf 71' lang='lat' dir='ltr'><strong>affectione</strong></span> <span class='ocrx_word' id='word_1_393' title='bbox 3526 1476 3533 1485; x_wconf 89' lang='lat'><em>.</em></span> 
     </span>
    </p>
   </div>
   <div class='ocr_carea' id='block_1_60' title="bbox 1912 1518 3495 1592">
    <p class='ocr_par' dir='ltr' id='par_1_60' title="bbox 1912 1518 3495 1592">
     <span class='ocr_line' id='line_1_60' title="bbox 1912 1518 3495 1592; baseline -0.001 -14"><span class='ocrx_word' id='word_1_394' title='bbox 1912 1531 2106 1592; x_wconf 88' lang='lat' dir='ltr'><strong>captos</strong></span> <span class='ocrx_word' id='word_1_395' title='bbox 2147 1534 2471 1583; x_wconf 82' lang='lat' dir='ltr'><strong>excusasse,</strong></span> <span class='ocrx_word' id='word_1_396' title='bbox 2510 1534 2805 1591; x_wconf 77' lang='lat' dir='ltr'><strong>quousque</strong></span> <span class='ocrx_word' id='word_1_397' title='bbox 2859 1518 3005 1574; x_wconf 85' lang='lat' dir='ltr'><strong>Deus</strong></span> <span class='ocrx_word' id='word_1_398' title='bbox 3022 1522 3212 1576; x_wconf 87' lang='lat' dir='ltr'><strong>multis</strong></span> <span class='ocrx_word' id='word_1_399' title='bbox 3231 1523 3412 1576; x_wconf 86' lang='lat' dir='ltr'><strong>verbis</strong></span> <span class='ocrx_word' id='word_1_400' title='bbox 3441 1532 3495 1576; x_wconf 85' lang='lat' dir='ltr'><strong>et</strong></span> 
     </span>
    </p>
   </div>
   <div class='ocr_carea' id='block_1_61' title="bbox 1911 1610 3497 1680">
    <p class='ocr_par' dir='ltr' id='par_1_61' title="bbox 1911 1610 3497 1680">
     <span class='ocr_line' id='line_1_61' title="bbox 1911 1610 3497 1680; baseline -0.003 -12"><span class='ocrx_word' id='word_1_401' title='bbox 1911 1613 2328 1668; x_wconf 90' lang='lat' dir='ltr'><strong>hortationibus</strong></span> <span class='ocrx_word' id='word_1_402' title='bbox 2368 1611 2453 1669; x_wconf 78' lang='lat' dir='ltr'><strong>eis</strong></span> <span class='ocrx_word' id='word_1_403' title='bbox 2495 1610 2708 1667; x_wconf 84' lang='lat' dir='ltr'><strong>suasit?</strong></span> <span class='ocrx_word' id='word_1_404' title='bbox 2753 1611 2888 1680; x_wconf 90' lang='lat' dir='ltr'><strong>quid</strong></span> <span class='ocrx_word' id='word_1_405' title='bbox 2922 1612 2970 1666; x_wconf 87' lang='lat' dir='ltr'><strong>si</strong></span> <span class='ocrx_word' id='word_1_406' title='bbox 3010 1627 3184 1679; x_wconf 90' lang='lat' dir='ltr'><strong>usque</strong></span> <span class='ocrx_word' id='word_1_407' title='bbox 3226 1613 3292 1664; x_wconf 89' lang='lat' dir='ltr'><strong>ad</strong></span> <span class='ocrx_word' id='word_1_408' title='bbox 3331 1612 3497 1665; x_wconf 88' lang='lat' dir='ltr'><strong>finem</strong></span> 
     </span>
    </p>
   </div>
   <div class='ocr_carea' id='block_1_62' title="bbox 1912 1703 3498 1774">
    <p class='ocr_par' dir='ltr' id='par_1_62' title="bbox 1912 1703 3498 1774">
     <span class='ocr_line' id='line_1_62' title="bbox 1912 1703 3498 1774; baseline -0.002 -16"><span class='ocrx_word' id='word_1_409' title='bbox 1912 1706 2216 1760; x_wconf 84' lang='lat' dir='ltr'><strong>voluissent</strong></span> <span class='ocrx_word' id='word_1_410' title='bbox 2255 1703 2653 1774; x_wconf 79' lang='lat' dir='ltr'><strong>perseverare?</strong></span> <span class='ocrx_word' id='word_1_411' title='bbox 2687 1718 2857 1771; x_wconf 90' lang='lat' dir='ltr'><strong>penes</strong></span> <span class='ocrx_word' id='word_1_412' title='bbox 2890 1717 2986 1757; x_wconf 82' lang='lat' dir='ltr'><strong>eos</strong></span> <span class='ocrx_word' id='word_1_413' title='bbox 3024 1711 3283 1772; x_wconf 85' lang='lat' dir='ltr'><strong>tauquam</strong></span> <span class='ocrx_word' id='word_1_414' title='bbox 3320 1703 3498 1757; x_wconf 89' lang='lat' dir='ltr'><strong>libero</strong></span> 
     </span>
    </p>
   </div>
   <div class='ocr_carea' id='block_1_63' title="bbox 1842 1778 2761 1867">
    <p class='ocr_par' dir='ltr' id='par_1_63' title="bbox 1842 1778 2761 1867">
     <span class='ocr_line' id='line_1_63' title="bbox 1842 1778 2761 1867; baseline -0.005 -13"><span class='ocrx_word' id='word_1_415' title='bbox 1842 1778 1886 1834; x_wconf 74' lang='grc' dir='ltr'><strong>Β</strong></span> <span class='ocrx_word' id='word_1_416' title='bbox 1915 1798 2151 1853; x_wconf 89' lang='lat' dir='ltr'><strong>arbitrio</strong></span> <span class='ocrx_word' id='word_1_417' title='bbox 2178 1796 2443 1867; x_wconf 68' lang='lat' dir='ltr'><strong>praeditos</strong></span> <span class='ocrx_word' id='word_1_418' title='bbox 2487 1803 2607 1850; x_wconf 88' lang='lat' dir='ltr'><strong>erat</strong></span> <span class='ocrx_word' id='word_1_419' title='bbox 2637 1795 2761 1849; x_wconf 89' lang='lat' dir='ltr'><strong>hoc.</strong></span> 
     </span>
    </p>
   </div>
   <div class='ocr_carea' id='block_1_64' title="bbox 2028 1891 2309 1944">
    <p class='ocr_par' dir='ltr' id='par_1_64' title="bbox 2028 1891 2309 1944">
     <span class='ocr_line' id='line_1_64' title="bbox 2028 1891 2309 1944; baseline -0.004 0"><span class='ocrx_word' id='word_1_420' title='bbox 2028 1930 2042 1944; x_wconf 95' lang='lat'><strong>.</strong></span> <span class='ocrx_word' id='word_1_421' title='bbox 2073 1891 2166 1944; x_wconf 91' lang='lat' dir='ltr'><strong>Sic</strong></span> <span class='ocrx_word' id='word_1_422' title='bbox 2203 1897 2309 1943; x_wconf 90' lang='lat' dir='ltr'><strong>est.</strong></span> 
     </span>
    </p>
   </div>
   <div class='ocr_carea' id='block_1_65' title="bbox 1978 1889 3495 2048">
    <p class='ocr_par' dir='ltr' id='par_1_65' title="bbox 1978 1889 3495 2048">
     <span class='ocr_line' id='line_1_65' title="bbox 2028 1891 2309 1944; baseline -0.004 0"><span class='ocrx_word' id='word_1_423' title='bbox 2028 1930 2042 1944; x_wconf 94' lang='lat'><strong><em>.</em></strong></span> <span class='ocrx_word' id='word_1_424' title='bbox 2116 1891 2128 1939; x_wconf 92' lang='lat' dir='ltr'><strong>i</strong></span> <span class='ocrx_word' id='word_1_425' title='bbox 2293 1927 2309 1943; x_wconf 91' lang='lat'><strong><em>.</em></strong></span> 
     </span>
     <span class='ocr_line' id='line_1_66' title="bbox 1978 1889 3495 2048; baseline -0.002 -13"><span class='ocrx_word' id='word_1_426' title='bbox 1978 1889 2483 2035; x_wconf 49' lang='lat' dir='ltr'><strong>§.S.l:tt::tautem</strong></span> <span class='ocrx_word' id='word_1_427' title='bbox 2518 1977 2655 2048; x_wconf 90' lang='lat' dir='ltr'><strong>fugit</strong></span> <span class='ocrx_word' id='word_1_428' title='bbox 2682 1991 2711 2031; x_wconf 93' lang='lat' dir='ltr'><strong>a</strong></span> <span class='ocrx_word' id='word_1_429' title='bbox 2742 1976 2883 2031; x_wconf 90' lang='lat' dir='ltr'><strong>facie</strong></span> <span class='ocrx_word' id='word_1_430' title='bbox 2910 1975 3122 2031; x_wconf 86' lang='lat' dir='ltr'><strong>Domini</strong></span> <span class='ocrx_word' id='word_1_431' title='bbox 3154 1974 3207 2029; x_wconf 89' lang='lat' dir='ltr'><strong>in</strong></span> <span class='ocrx_word' id='word_1_432' title='bbox 3240 1973 3495 2042; x_wconf 85' lang='lat' dir='ltr'><strong>Tltarsis,</strong></span> 
     </span>
    </p>
   </div>
   <div class='ocr_carea' id='block_1_66' title="bbox 1912 2068 2887 2129">
    <p class='ocr_par' dir='ltr' id='par_1_66' title="bbox 1912 2068 2887 2129">
     <span class='ocr_line' id='line_1_67' title="bbox 1912 2068 2887 2129; baseline -0.006 0"><span class='ocrx_word' id='word_1_433' title='bbox 1912 2089 2039 2129; x_wconf 89' lang='lat' dir='ltr'><strong>cum</strong></span> <span class='ocrx_word' id='word_1_434' title='bbox 2073 2073 2142 2126; x_wconf 90' lang='lat' dir='ltr'><strong>ab</strong></span> <span class='ocrx_word' id='word_1_435' title='bbox 2172 2087 2238 2128; x_wconf 84' lang='lat' dir='ltr'><strong>eo</strong></span> <span class='ocrx_word' id='word_1_436' title='bbox 2265 2072 2473 2128; x_wconf 86' lang='lat' dir='ltr'><strong>missus</strong></span> <span class='ocrx_word' id='word_1_437' title='bbox 2503 2080 2591 2126; x_wconf 82' lang='lat' dir='ltr'><strong>est</strong></span> <span class='ocrx_word' id='word_1_438' title='bbox 2611 2068 2887 2124; x_wconf 83' lang='lat' dir='ltr'><strong>Ninivem.</strong></span> 
     </span>
    </p>
   </div>
   <div class='ocr_carea' id='block_1_67' title="bbox 1984 2253 2477 2326">
    <p class='ocr_par' dir='ltr' id='par_1_67' title="bbox 1984 2253 2477 2326">
     <span class='ocr_line' id='line_1_68' title="bbox 1984 2253 2477 2326; baseline 0.002 -16"><span class='ocrx_word' id='word_1_439' title='bbox 1984 2257 2045 2310; x_wconf 82' lang='grc' dir='ltr'>Β.</span> <span class='ocrx_word' id='word_1_440' title='bbox 2094 2255 2187 2310; x_wconf 91' lang='lat' dir='ltr'><strong>Sic</strong></span> <span class='ocrx_word' id='word_1_441' title='bbox 2218 2253 2477 2326; x_wconf 84' lang='lat' dir='ltr'><strong>legimus.</strong></span> 
     </span>
    </p>
   </div>
   <div class='ocr_carea' id='block_1_68' title="bbox 1982 2344 3497 2418">
    <p class='ocr_par' dir='ltr' id='par_1_68' title="bbox 1982 2344 3497 2418">
     <span class='ocr_line' id='line_1_69' title="bbox 1982 2344 3497 2418; baseline -0.006 -15"><span class='ocrx_word' id='word_1_442' title='bbox 1982 2348 2047 2403; x_wconf 83' lang='lat' dir='ltr'><strong>A.</strong></span> <span class='ocrx_word' id='word_1_443' title='bbox 2109 2346 2167 2403; x_wconf 89' lang='lat' dir='ltr'><strong>Si</strong></span> <span class='ocrx_word' id='word_1_444' title='bbox 2218 2348 2389 2418; x_wconf 89' lang='lat' dir='ltr'><strong>igitur</strong></span> <span class='ocrx_word' id='word_1_445' title='bbox 2443 2347 2534 2415; x_wconf 89' lang='lat' dir='ltr'><strong>qui</strong></span> <span class='ocrx_word' id='word_1_446' title='bbox 2588 2344 2965 2409; x_wconf 87' lang='lat' dir='ltr'><strong>mitterentur,</strong></span> <span class='ocrx_word' id='word_1_447' title='bbox 3028 2352 3123 2397; x_wconf 89' lang='lat' dir='ltr'><strong>aut</strong></span> <span class='ocrx_word' id='word_1_448' title='bbox 3176 2353 3497 2398; x_wconf 87' lang='lat' dir='ltr'><strong>recusarent</strong></span> 
     </span>
    </p>
   </div>
   <div class='ocr_carea' id='block_1_69' title="bbox 1913 2434 3496 2505">
    <p class='ocr_par' dir='ltr' id='par_1_69' title="bbox 1913 2434 3496 2505">
     <span class='ocr_line' id='line_1_70' title="bbox 1913 2434 3496 2505; baseline -0.004 -12"><span class='ocrx_word' id='word_1_449' title='bbox 1913 2440 2233 2494; x_wconf 88' lang='lat' dir='ltr'><strong>missionem</strong></span> <span class='ocrx_word' id='word_1_450' title='bbox 2268 2478 2283 2502; x_wconf 90' lang='lat'><strong>,</strong></span> <span class='ocrx_word' id='word_1_451' title='bbox 2339 2448 2435 2491; x_wconf 90' lang='lat' dir='ltr'><strong>aut</strong></span> <span class='ocrx_word' id='word_1_452' title='bbox 2496 2436 2602 2490; x_wconf 89' lang='lat' dir='ltr'><strong>alia</strong></span> <span class='ocrx_word' id='word_1_453' title='bbox 2671 2449 2771 2505; x_wconf 91' lang='lat' dir='ltr'><strong>pro</strong></span> <span class='ocrx_word' id='word_1_454' title='bbox 2845 2435 2969 2489; x_wconf 91' lang='lat' dir='ltr'><strong>aliis</strong></span> <span class='ocrx_word' id='word_1_455' title='bbox 3036 2435 3377 2499; x_wconf 83' lang='lat' dir='ltr'><strong>nuntiarent,</strong></span> <span class='ocrx_word' id='word_1_456' title='bbox 3412 2434 3496 2486; x_wconf 84' lang='lat' dir='ltr'><strong>al-</strong></span> 
     </span>
    </p>
   </div>
   <div class='ocr_carea' id='block_1_70' title="bbox 1911 2524 3497 2588">
    <p class='ocr_par' dir='ltr' id='par_1_70' title="bbox 1911 2524 3497 2588">
     <span class='ocr_line' id='line_1_71' title="bbox 1911 2524 3497 2588; baseline -0.004 -6"><span class='ocrx_word' id='word_1_457' title='bbox 1911 2536 2088 2582; x_wconf 84' lang='lat' dir='ltr'><strong>terum</strong></span> <span class='ocrx_word' id='word_1_458' title='bbox 2134 2526 2372 2581; x_wconf 91' lang='lat' dir='ltr'><strong>duorum</strong></span> <span class='ocrx_word' id='word_1_459' title='bbox 2430 2525 2660 2580; x_wconf 89' lang='lat' dir='ltr'><strong>omnino</strong></span> <span class='ocrx_word' id='word_1_460' title='bbox 2724 2524 2845 2578; x_wconf 81' lang='lat' dir='ltr'><strong>ﬁeri</strong></span> <span class='ocrx_word' id='word_1_461' title='bbox 2909 2538 3137 2577; x_wconf 82' lang='lat' dir='ltr'><strong>necesse</strong></span> <span class='ocrx_word' id='word_1_462' title='bbox 3186 2531 3340 2588; x_wconf 85' lang='lat' dir='ltr'><strong>erat,</strong></span> <span class='ocrx_word' id='word_1_463' title='bbox 3402 2528 3497 2575; x_wconf 91' lang='lat' dir='ltr'><strong>aut</strong></span> 
     </span>
    </p>
   </div>
   <div class='ocr_carea' id='block_1_71' title="bbox 1912 2612 3494 2681">
    <p class='ocr_par' dir='ltr' id='par_1_71' title="bbox 1912 2612 3494 2681">
     <span class='ocr_line' id='line_1_72' title="bbox 1912 2612 3494 2681; baseline -0.004 -13"><span class='ocrx_word' id='word_1_464' title='bbox 1912 2632 2143 2681; x_wconf 78' lang='lat' dir='ltr'><strong>vacare,</strong></span> <span class='ocrx_word' id='word_1_465' title='bbox 2201 2632 2268 2671; x_wconf 90' lang='lat' dir='ltr'><strong>ac</strong></span> <span class='ocrx_word' id='word_1_466' title='bbox 2332 2614 2539 2670; x_wconf 84' lang='lat' dir='ltr'><strong>frustra</strong></span> <span class='ocrx_word' id='word_1_467' title='bbox 2588 2629 2712 2668; x_wconf 85' lang='lat' dir='ltr'><strong>esse</strong></span> <span class='ocrx_word' id='word_1_468' title='bbox 2789 2614 3088 2667; x_wconf 90' lang='lat' dir='ltr'><strong>consilium</strong></span> <span class='ocrx_word' id='word_1_469' title='bbox 3149 2612 3300 2675; x_wconf 83' lang='lat' dir='ltr'><strong>Dei;</strong></span> <span class='ocrx_word' id='word_1_470' title='bbox 3368 2613 3494 2681; x_wconf 87' lang='lat' dir='ltr'><strong>quia</strong></span> 
     </span>
    </p>
   </div>
   <div class='ocr_carea' id='block_1_72' title="bbox 1909 2704 3497 2773">
    <p class='ocr_par' dir='ltr' id='par_1_72' title="bbox 1909 2704 3497 2773">
     <span class='ocr_line' id='line_1_73' title="bbox 1909 2704 3497 2773; baseline -0.006 -11"><span class='ocrx_word' id='word_1_471' title='bbox 1909 2724 2021 2763; x_wconf 91' lang='lat' dir='ltr'><strong>non</strong></span> <span class='ocrx_word' id='word_1_472' title='bbox 2054 2709 2399 2761; x_wconf 75' lang='lat' dir='ltr'><strong>inveniretur</strong></span> <span class='ocrx_word' id='word_1_473' title='bbox 2428 2706 2680 2769; x_wconf 89' lang='lat' dir='ltr'><strong>nuntius,</strong></span> <span class='ocrx_word' id='word_1_474' title='bbox 2715 2711 2809 2758; x_wconf 89' lang='lat' dir='ltr'><strong>aut</strong></span> <span class='ocrx_word' id='word_1_475' title='bbox 2846 2705 3028 2773; x_wconf 88' lang='lat' dir='ltr'><strong>ipsutn</strong></span> <span class='ocrx_word' id='word_1_476' title='bbox 3080 2719 3108 2756; x_wconf 89' lang='lat' dir='ltr'><strong>a</strong></span> <span class='ocrx_word' id='word_1_477' title='bbox 3146 2705 3316 2771; x_wconf 79' lang='lat' dir='ltr'><strong>regali</strong></span> <span class='ocrx_word' id='word_1_478' title='bbox 3356 2704 3497 2757; x_wconf 88' lang='lat' dir='ltr'><strong>solio</strong></span> 
     </span>
    </p>
   </div>
   <div class='ocr_carea' id='block_1_73' title="bbox 1909 2795 3496 2865">
    <p class='ocr_par' dir='ltr' id='par_1_73' title="bbox 1909 2795 3496 2865">
     <span class='ocr_line' id='line_1_74' title="bbox 1909 2795 3496 2865; baseline -0.006 -10"><span class='ocrx_word' id='word_1_479' title='bbox 1909 2800 2286 2855; x_wconf 81' lang='lat' dir='ltr'><strong>discedentem</strong></span> <span class='ocrx_word' id='word_1_480' title='bbox 2319 2798 2438 2865; x_wconf 67' lang='lat' dir='ltr'><strong>fieri</strong></span> <span class='ocrx_word' id='word_1_481' title='bbox 2469 2797 2576 2851; x_wconf 88' lang='lat' dir='ltr'><strong>sibi</strong></span> <span class='ocrx_word' id='word_1_482' title='bbox 2624 2798 2905 2858; x_wconf 85' lang='lat' dir='ltr'><strong>nuntium,</strong></span> <span class='ocrx_word' id='word_1_483' title='bbox 2941 2804 2994 2850; x_wconf 92' lang='lat' dir='ltr'><strong>et</strong></span> <span class='ocrx_word' id='word_1_484' title='bbox 3028 2795 3366 2863; x_wconf 79' lang='grc' dir='ltr'>αὐτάγγελον</span> <span class='ocrx_word' id='word_1_485' title='bbox 3402 2810 3496 2847; x_wconf 84' lang='lat' dir='ltr'><strong>vo-</strong></span> 
     </span>
    </p>
   </div>
   <div class='ocr_carea' id='block_1_74' title="bbox 1907 2886 3496 2955">
    <p class='ocr_par' dir='ltr' id='par_1_74' title="bbox 1907 2886 3496 2955">
     <span class='ocr_line' id='line_1_75' title="bbox 1907 2886 3496 2955; baseline -0.003 -11"><span class='ocrx_word' id='word_1_486' title='bbox 1907 2891 2046 2955; x_wconf 91' lang='lat' dir='ltr'><strong>cari,</strong></span> <span class='ocrx_word' id='word_1_487' title='bbox 2077 2900 2131 2944; x_wconf 90' lang='lat' dir='ltr'><strong>et</strong></span> <span class='ocrx_word' id='word_1_488' title='bbox 2161 2891 2244 2944; x_wconf 92' lang='lat' dir='ltr'><strong>sui</strong></span> <span class='ocrx_word' id='word_1_489' title='bbox 2278 2887 2503 2943; x_wconf 90' lang='lat' dir='ltr'><strong>consilii</strong></span> <span class='ocrx_word' id='word_1_490' title='bbox 2538 2887 2953 2950; x_wconf 81' lang='lat' dir='ltr'><strong>administrum,</strong></span> <span class='ocrx_word' id='word_1_491' title='bbox 2987 2895 3043 2940; x_wconf 91' lang='lat' dir='ltr'><strong>et</strong></span> <span class='ocrx_word' id='word_1_492' title='bbox 3084 2902 3180 2955; x_wconf 88' lang='lat' dir='ltr'><strong>per</strong></span> <span class='ocrx_word' id='word_1_493' title='bbox 3220 2901 3279 2941; x_wconf 90' lang='lat' dir='ltr'><strong>se</strong></span> <span class='ocrx_word' id='word_1_494' title='bbox 3308 2886 3496 2939; x_wconf 85' lang='lat' dir='ltr'><strong>confe-</strong></span> 
     </span>
    </p>
   </div>
   <div class='ocr_carea' id='block_1_75' title="bbox 1906 2973 3495 3045">
    <p class='ocr_par' dir='ltr' id='par_1_75' title="bbox 1906 2973 3495 3045">
     <span class='ocr_line' id='line_1_76' title="bbox 1906 2973 3495 3045; baseline -0.005 -11"><span class='ocrx_word' id='word_1_495' title='bbox 1906 2989 2112 3035; x_wconf 88' lang='lat' dir='ltr'><strong>ctorem</strong></span> <span class='ocrx_word' id='word_1_496' title='bbox 2162 2987 2219 3033; x_wconf 89' lang='lat' dir='ltr'><strong>et</strong></span> <span class='ocrx_word' id='word_1_497' title='bbox 2244 2977 2538 3039; x_wconf 85' lang='lat' dir='ltr'><strong>famulum,</strong></span> <span class='ocrx_word' id='word_1_498' title='bbox 2565 2976 2711 3044; x_wconf 89' lang='lat' dir='ltr'><strong>quod</strong></span> <span class='ocrx_word' id='word_1_499' title='bbox 2740 2976 2984 3045; x_wconf 86' lang='lat' dir='ltr'><strong>quidem,</strong></span> <span class='ocrx_word' id='word_1_500' title='bbox 3016 2984 3076 3029; x_wconf 91' lang='lat' dir='ltr'><strong>ut</strong></span> <span class='ocrx_word' id='word_1_501' title='bbox 3106 2976 3245 3030; x_wconf 87' lang='lat' dir='ltr'><strong>ratio</strong></span> <span class='ocrx_word' id='word_1_502' title='bbox 3269 2973 3495 3030; x_wconf 87' lang='lat' dir='ltr'><strong>demon-</strong></span> 
     </span>
    </p>
   </div>
   <div class='ocr_carea' id='block_1_76' title="bbox 1909 3065 3493 3136">
    <p class='ocr_par' dir='ltr' id='par_1_76' title="bbox 1909 3065 3493 3136">
     <span class='ocr_line' id='line_1_77' title="bbox 1909 3065 3493 3136; baseline -0.006 -8"><span class='ocrx_word' id='word_1_503' title='bbox 1909 3073 2126 3136; x_wconf 86' lang='lat' dir='ltr'><strong>stravit,</strong></span> <span class='ocrx_word' id='word_1_504' title='bbox 2188 3071 2428 3125; x_wconf 89' lang='lat' dir='ltr'><strong>alienum</strong></span> <span class='ocrx_word' id='word_1_505' title='bbox 2485 3068 2715 3125; x_wconf 90' lang='lat' dir='ltr'><strong>omnino</strong></span> <span class='ocrx_word' id='word_1_506' title='bbox 2767 3074 2821 3122; x_wconf 94' lang='lat' dir='ltr'><strong>et</strong></span> <span class='ocrx_word' id='word_1_507' title='bbox 2867 3079 3192 3122; x_wconf 81' lang='lat' dir='ltr'><strong>extraneum</strong></span> <span class='ocrx_word' id='word_1_508' title='bbox 3256 3080 3284 3119; x_wconf 90' lang='lat' dir='ltr'><strong>a</strong></span> <span class='ocrx_word' id='word_1_509' title='bbox 3328 3065 3493 3136; x_wconf 82' lang='lat' dir='ltr'><strong>regali</strong></span> 
     </span>
    </p>
   </div>
   <div class='ocr_carea' id='block_1_77' title="bbox 1910 3159 3495 3230">
    <p class='ocr_par' dir='ltr' id='par_1_77' title="bbox 1910 3159 3495 3230">
     <span class='ocr_line' id='line_1_78' title="bbox 1910 3159 3495 3230; baseline -0.004 -13"><span class='ocrx_word' id='word_1_510' title='bbox 1910 3163 2178 3230; x_wconf 89' lang='lat' dir='ltr'><strong>dignitate</strong></span> <span class='ocrx_word' id='word_1_511' title='bbox 2225 3168 2367 3222; x_wconf 88' lang='lat' dir='ltr'><strong>erat,</strong></span> <span class='ocrx_word' id='word_1_512' title='bbox 2417 3174 2517 3229; x_wconf 88' lang='lat' dir='ltr'><strong>per</strong></span> <span class='ocrx_word' id='word_1_513' title='bbox 2560 3175 2620 3214; x_wconf 90' lang='lat' dir='ltr'><strong>se</strong></span> <span class='ocrx_word' id='word_1_514' title='bbox 2677 3160 2859 3228; x_wconf 89' lang='lat' dir='ltr'><strong>ipsum</strong></span> <span class='ocrx_word' id='word_1_515' title='bbox 2910 3159 3322 3212; x_wconf 83' lang='lat' dir='ltr'><strong>ministrantem</strong></span> <span class='ocrx_word' id='word_1_516' title='bbox 3373 3172 3495 3211; x_wconf 88' lang='lat' dir='ltr'><strong>ser-</strong></span> 
     </span>
    </p>
   </div>
   <div class='ocr_carea' id='block_1_78' title="bbox 1911 3248 3495 3317">
    <p class='ocr_par' dir='ltr' id='par_1_78' title="bbox 1911 3248 3495 3317">
     <span class='ocr_line' id='line_1_79' title="bbox 1911 3248 3495 3317; baseline -0.004 -11"><span class='ocrx_word' id='word_1_517' title='bbox 1911 3267 2106 3306; x_wconf 88' lang='lat' dir='ltr'><strong>mones</strong></span> <span class='ocrx_word' id='word_1_518' title='bbox 2141 3252 2322 3305; x_wconf 88' lang='lat' dir='ltr'><strong>facere</strong></span> <span class='ocrx_word' id='word_1_519' title='bbox 2352 3249 2496 3317; x_wconf 89' lang='lat' dir='ltr'><strong>apud</strong></span> <span class='ocrx_word' id='word_1_520' title='bbox 2534 3263 2637 3303; x_wconf 90' lang='lat' dir='ltr'><strong>nos</strong></span> <span class='ocrx_word' id='word_1_521' title='bbox 2669 3248 2736 3301; x_wconf 90' lang='lat' dir='ltr'><strong>de</strong></span> <span class='ocrx_word' id='word_1_522' title='bbox 2770 3248 2979 3303; x_wconf 89' lang='lat' dir='ltr'><strong>nostris</strong></span> <span class='ocrx_word' id='word_1_523' title='bbox 3022 3248 3406 3300; x_wconf 87' lang='lat' dir='ltr'><strong>voluntatibus</strong></span> <span class='ocrx_word' id='word_1_524' title='bbox 3436 3254 3495 3300; x_wconf 82' lang='lat' dir='ltr'><strong>et</strong></span> 
     </span>
    </p>
   </div>
   <div class='ocr_carea' id='block_1_79' title="bbox 1912 3335 3495 3405">
    <p class='ocr_par' dir='ltr' id='par_1_79' title="bbox 1912 3335 3495 3405">
     <span class='ocr_line' id='line_1_80' title="bbox 1912 3335 3495 3405; baseline -0.006 -6"><span class='ocrx_word' id='word_1_525' title='bbox 1912 3344 2099 3399; x_wconf 85' lang='lat' dir='ltr'><strong>rebus.</strong></span> <span class='ocrx_word' id='word_1_526' title='bbox 2147 3339 2365 3395; x_wconf 82' lang='lat' dir='ltr'><strong>Mittere</strong></span> <span class='ocrx_word' id='word_1_527' title='bbox 2400 3346 2582 3394; x_wconf 86' lang='lat' dir='ltr'><strong>autem</strong></span> <span class='ocrx_word' id='word_1_528' title='bbox 2638 3337 2706 3392; x_wconf 92' lang='lat' dir='ltr'><strong>ad</strong></span> <span class='ocrx_word' id='word_1_529' title='bbox 2746 3353 2849 3392; x_wconf 89' lang='lat' dir='ltr'><strong>nos</strong></span> <span class='ocrx_word' id='word_1_530' title='bbox 2903 3335 3115 3405; x_wconf 85' lang='lat' dir='ltr'><strong>aliquid</strong></span> <span class='ocrx_word' id='word_1_531' title='bbox 3167 3337 3495 3389; x_wconf 86' lang='lat' dir='ltr'><strong>animalium</strong></span> 
     </span>
    </p>
   </div>
   <div class='ocr_carea' id='block_1_80' title="bbox 1912 3426 3496 3498">
    <p class='ocr_par' dir='ltr' id='par_1_80' title="bbox 1912 3426 3496 3498">
     <span class='ocr_line' id='line_1_81' title="bbox 1912 3426 3496 3498; baseline -0.006 -7"><span class='ocrx_word' id='word_1_532' title='bbox 1912 3438 2126 3492; x_wconf 88' lang='lat' dir='ltr'><strong>ratione</strong></span> <span class='ocrx_word' id='word_1_533' title='bbox 2153 3433 2478 3496; x_wconf 87' lang='lat' dir='ltr'><strong>carentium,</strong></span> <span class='ocrx_word' id='word_1_534' title='bbox 2515 3431 2599 3487; x_wconf 86' lang='lat' dir='ltr'><strong>vel</strong></span> <span class='ocrx_word' id='word_1_535' title='bbox 2642 3429 2745 3482; x_wconf 84' lang='lat' dir='ltr'><strong>Itoc</strong></span> <span class='ocrx_word' id='word_1_536' title='bbox 2779 3430 2959 3498; x_wconf 88' lang='lat' dir='ltr'><strong>ipsmn</strong></span> <span class='ocrx_word' id='word_1_537' title='bbox 2986 3426 3195 3491; x_wconf 78' lang='lat' dir='ltr'><strong>dicere,</strong></span> <span class='ocrx_word' id='word_1_538' title='bbox 3241 3427 3496 3481; x_wconf 87' lang='lat' dir='ltr'><strong>mortife-</strong></span> 
     </span>
    </p>
   </div>
   <div class='ocr_carea' id='block_1_81' title="bbox 1912 3519 3496 3597">
    <p class='ocr_par' dir='ltr' id='par_1_81' title="bbox 1912 3519 3496 3597">
     <span class='ocr_line' id='line_1_82' title="bbox 1912 3519 3496 3597; baseline -0.008 -14"><span class='ocrx_word' id='word_1_539' title='bbox 1912 3542 2034 3583; x_wconf 91' lang='lat' dir='ltr'><strong>rum</strong></span> <span class='ocrx_word' id='word_1_540' title='bbox 2074 3522 2390 3597; x_wconf 77' lang='lat' dir='ltr'><strong>[stolidum]</strong></span> <span class='ocrx_word' id='word_1_541' title='bbox 2449 3528 2556 3577; x_wconf 87' lang='lat' dir='ltr'><strong>est.</strong></span> <span class='ocrx_word' id='word_1_542' title='bbox 2607 3520 2791 3586; x_wconf 90' lang='lat' dir='ltr'><strong>Quare</strong></span> <span class='ocrx_word' id='word_1_543' title='bbox 2843 3533 3073 3573; x_wconf 88' lang='lat' dir='ltr'><strong>necesse</strong></span> <span class='ocrx_word' id='word_1_544' title='bbox 3121 3519 3344 3571; x_wconf 87' lang='lat' dir='ltr'><strong>omnino</strong></span> <span class='ocrx_word' id='word_1_545' title='bbox 3377 3527 3496 3572; x_wconf 89' lang='lat' dir='ltr'><strong>erat</strong></span> 
     </span>
    </p>
   </div>
   <div class='ocr_carea' id='block_1_82' title="bbox 1914 3611 3498 3684">
    <p class='ocr_par' dir='ltr' id='par_1_82' title="bbox 1914 3611 3498 3684">
     <span class='ocr_line' id='line_1_83' title="bbox 1914 3611 3498 3684; baseline -0.007 -8"><span class='ocrx_word' id='word_1_546' title='bbox 1914 3626 1974 3676; x_wconf 89' lang='lat' dir='ltr'><strong>ut</strong></span> <span class='ocrx_word' id='word_1_547' title='bbox 2006 3618 2149 3674; x_wconf 83' lang='lat' dir='ltr'><strong>Deus</strong></span> <span class='ocrx_word' id='word_1_548' title='bbox 2179 3616 2406 3671; x_wconf 85' lang='lat' dir='ltr'><strong>haberet</strong></span> <span class='ocrx_word' id='word_1_549' title='bbox 2438 3614 2681 3684; x_wconf 84' lang='lat' dir='ltr'><strong>aliquem</strong></span> <span class='ocrx_word' id='word_1_550' title='bbox 2716 3612 3071 3677; x_wconf 84' lang='lat' dir='ltr'><strong>ltomousion,</strong></span> <span class='ocrx_word' id='word_1_551' title='bbox 3128 3611 3180 3665; x_wconf 86' lang='lat' dir='ltr'><strong>id</strong></span> <span class='ocrx_word' id='word_1_552' title='bbox 3233 3618 3339 3672; x_wconf 89' lang='lat' dir='ltr'><strong>est.</strong></span> <span class='ocrx_word' id='word_1_553' title='bbox 3384 3624 3498 3665; x_wconf 72' lang='lat' dir='ltr'><strong>sum</strong></span> 
     </span>
    </p>
   </div>
   <div class='ocr_carea' id='block_1_83' title="bbox 1912 3700 3494 3777">
    <p class='ocr_par' dir='ltr' id='par_1_83' title="bbox 1912 3700 3494 3777">
     <span class='ocr_line' id='line_1_84' title="bbox 1912 3700 3494 3777; baseline -0.009 -11"><span class='ocrx_word' id='word_1_554' title='bbox 1912 3712 2191 3772; x_wconf 74' lang='lat' dir='ltr'><strong>essentize,</strong></span> <span class='ocrx_word' id='word_1_555' title='bbox 2226 3707 2326 3777; x_wconf 89' lang='lat' dir='ltr'><strong>qui</strong></span> <span class='ocrx_word' id='word_1_556' title='bbox 2368 3706 2602 3760; x_wconf 87' lang='lat' dir='ltr'><strong>liberum</strong></span> <span class='ocrx_word' id='word_1_557' title='bbox 2654 3703 2949 3757; x_wconf 87' lang='lat' dir='ltr'><strong>arbitrium</strong></span> <span class='ocrx_word' id='word_1_558' title='bbox 3009 3700 3259 3765; x_wconf 84' lang='lat' dir='ltr'><strong>haberet,</strong></span> <span class='ocrx_word' id='word_1_559' title='bbox 3301 3711 3355 3755; x_wconf 86' lang='lat' dir='ltr'><strong>et</strong></span> <span class='ocrx_word' id='word_1_560' title='bbox 3398 3716 3494 3753; x_wconf 88' lang='lat' dir='ltr'><strong>vo-</strong></span> 
     </span>
    </p>
   </div>
   <div class='ocr_carea' id='block_1_84' title="bbox 1913 3795 3491 3871">
    <p class='ocr_par' dir='ltr' id='par_1_84' title="bbox 1913 3795 3491 3871">
     <span class='ocr_line' id='line_1_85' title="bbox 1913 3795 3491 3871; baseline -0.009 -14"><span class='ocrx_word' id='word_1_561' title='bbox 1913 3806 2179 3858; x_wconf 86' lang='lat' dir='ltr'><strong>luntatem</strong></span> <span class='ocrx_word' id='word_1_562' title='bbox 2211 3802 2435 3871; x_wconf 88' lang='lat' dir='ltr'><strong>penitus</strong></span> <span class='ocrx_word' id='word_1_563' title='bbox 2470 3816 2499 3853; x_wconf 88' lang='lat' dir='ltr'><strong>a</strong></span> <span class='ocrx_word' id='word_1_564' title='bbox 2528 3815 2628 3855; x_wconf 85' lang='lat' dir='ltr'><strong>sua</strong></span> <span class='ocrx_word' id='word_1_565' title='bbox 2660 3799 2944 3853; x_wconf 86' lang='lat' dir='ltr'><strong>voluntate</strong></span> <span class='ocrx_word' id='word_1_566' title='bbox 2977 3812 3083 3849; x_wconf 93' lang='lat' dir='ltr'><strong>non</strong></span> <span class='ocrx_word' id='word_1_567' title='bbox 3109 3795 3491 3857; x_wconf 83' lang='lat' dir='ltr'><strong>dissidentem,</strong></span> 
     </span>
    </p>
   </div>
   <div class='ocr_carea' id='block_1_85' title="bbox 1913 3884 3486 3963">
    <p class='ocr_par' dir='ltr' id='par_1_85' title="bbox 1913 3884 3486 3963">
     <span class='ocr_line' id='line_1_86' title="bbox 1913 3884 3486 3963; baseline -0.007 -14"><span class='ocrx_word' id='word_1_568' title='bbox 1913 3910 2090 3963; x_wconf 88' lang='lat' dir='ltr'><strong>neque</strong></span> <span class='ocrx_word' id='word_1_569' title='bbox 2116 3893 2529 3949; x_wconf 87' lang='lat' dir='ltr'><strong>discordantem</strong></span> <span class='ocrx_word' id='word_1_570' title='bbox 2570 3892 2633 3945; x_wconf 87' lang='lat' dir='ltr'><strong>ad</strong></span> <span class='ocrx_word' id='word_1_571' title='bbox 2667 3887 3000 3959; x_wconf 82' lang='lat' dir='ltr'><strong>explendum</strong></span> <span class='ocrx_word' id='word_1_572' title='bbox 3037 3886 3219 3939; x_wconf 82' lang='lat' dir='ltr'><strong>omnia</strong></span> <span class='ocrx_word' id='word_1_573' title='bbox 3254 3899 3351 3939; x_wconf 88' lang='lat' dir='ltr'><strong>sua</strong></span> <span class='ocrx_word' id='word_1_574' title='bbox 3385 3884 3486 3938; x_wconf 86' lang='lat' dir='ltr'><strong>de-</strong></span> 
     </span>
    </p>
   </div>
   <div class='ocr_carea' id='block_1_86' title="bbox 1914 3981 3578 4056">
    <p class='ocr_par' dir='ltr' id='par_1_86' title="bbox 1914 3981 3578 4056">
     <span class='ocr_line' id='line_1_87' title="bbox 1914 3981 3578 4056; baseline -0.011 -15"><span class='ocrx_word' id='word_1_575' title='bbox 1914 3986 2140 4047; x_wconf 85' lang='lat' dir='ltr'><strong>sideria,</strong></span> <span class='ocrx_word' id='word_1_576' title='bbox 2181 3985 2275 4056; x_wconf 88' lang='lat' dir='ltr'><strong>qui</strong></span> <span class='ocrx_word' id='word_1_577' title='bbox 2311 3992 2393 4039; x_wconf 88' lang='lat' dir='ltr'><strong>est</strong></span> <span class='ocrx_word' id='word_1_578' title='bbox 2428 3981 2603 4036; x_wconf 83' lang='lat' dir='ltr'><strong>Filius</strong></span> <span class='ocrx_word' id='word_1_579' title='bbox 2636 3982 2780 4051; x_wconf 86' lang='lat' dir='ltr'><strong>ejus.</strong></span> <span class='ocrx_word' id='word_1_580' title='bbox 2816 3989 3144 4040; x_wconf 82' lang='lat' dir='ltr'><strong>co:eteruns,</strong></span> <span class='ocrx_word' id='word_1_581' title='bbox 3199 3984 3251 4029; x_wconf 88' lang='lat' dir='ltr'><strong>et</strong></span> <span class='ocrx_word' id='word_1_582' title='bbox 3305 3991 3400 4045; x_wconf 87' lang='lat' dir='ltr'><strong>per</strong></span> <span class='ocrx_word' id='word_1_583' title='bbox 3435 3989 3496 4029; x_wconf 83' lang='lat' dir='ltr'><strong>se</strong></span> <span class='ocrx_word' id='word_1_584' title='bbox 3572 4018 3578 4022; x_wconf 81' lang='lat'><strong><em>.</em></strong></span> 
     </span>
    </p>
   </div>
   <div class='ocr_carea' id='block_1_87' title="bbox 1915 4066 3496 4149">
    <p class='ocr_par' dir='ltr' id='par_1_87' title="bbox 1915 4066 3496 4149">
     <span class='ocr_line' id='line_1_88' title="bbox 1915 4066 3496 4149; baseline -0.01 -15"><span class='ocrx_word' id='word_1_585' title='bbox 1915 4078 2217 4149; x_wconf 74' lang='lat' dir='ltr'><strong>perfectus,</strong></span> <span class='ocrx_word' id='word_1_586' title='bbox 2243 4083 2300 4130; x_wconf 95' lang='lat' dir='ltr'><strong>ct</strong></span> <span class='ocrx_word' id='word_1_587' title='bbox 2327 4074 2576 4146; x_wconf 85' lang='lat' dir='ltr'><strong>ejusdem</strong></span> <span class='ocrx_word' id='word_1_588' title='bbox 2621 4073 2863 4137; x_wconf 88' lang='lat' dir='ltr'><strong>consilii,</strong></span> <span class='ocrx_word' id='word_1_589' title='bbox 2897 4072 2992 4140; x_wconf 89' lang='lat' dir='ltr'><strong>qui</strong></span> <span class='ocrx_word' id='word_1_590' title='bbox 3026 4071 3078 4122; x_wconf 92' lang='lat' dir='ltr'><strong>iu</strong></span> <span class='ocrx_word' id='word_1_591' title='bbox 3112 4069 3323 4122; x_wconf 85' lang='lat' dir='ltr'><strong>sanctis</strong></span> <span class='ocrx_word' id='word_1_592' title='bbox 3354 4066 3496 4121; x_wconf 82' lang='lat' dir='ltr'><strong>Scri-</strong></span> 
     </span>
    </p>
   </div>
   <div class='ocr_carea' id='block_1_88' title="bbox 1914 4164 3180 4239">
    <p class='ocr_par' dir='ltr' id='par_1_88' title="bbox 1914 4164 3180 4239">
     <span class='ocr_line' id='line_1_89' title="bbox 1914 4164 3180 4239; baseline -0.007 -17"><span class='ocrx_word' id='word_1_593' title='bbox 1914 4170 2090 4239; x_wconf 88' lang='lat' dir='ltr'><strong>pturis</strong></span> <span class='ocrx_word' id='word_1_594' title='bbox 2119 4172 2344 4223; x_wconf 83' lang='lat' dir='ltr'><strong>vocatur</strong></span> <span class='ocrx_word' id='word_1_595' title='bbox 2385 4166 2566 4236; x_wconf 88' lang='lat' dir='ltr'><strong>magni</strong></span> <span class='ocrx_word' id='word_1_596' title='bbox 2594 4166 2816 4219; x_wconf 87' lang='lat' dir='ltr'><strong>consilii</strong></span> <span class='ocrx_word' id='word_1_597' title='bbox 2850 4164 3096 4233; x_wconf 77' lang='lat' dir='ltr'><strong>Angelus</strong></span> <span class='ocrx_word' id='word_1_598' title='bbox 3132 4173 3180 4213; x_wconf 79' lang='grc' dir='ltr'>ο.</span> 
     </span>
    </p>
   </div>
   <div class='ocr_carea' id='block_1_89' title="bbox 1984 4327 3496 4410">
    <p class='ocr_par' dir='ltr' id='par_1_89' title="bbox 1984 4327 3496 4410">
     <span class='ocr_line' id='line_1_90' title="bbox 1984 4327 3496 4410; baseline -0.012 -14"><span class='ocrx_word' id='word_1_599' title='bbox 1984 4343 2041 4399; x_wconf 89' lang='grc' dir='ltr'>Β.</span> <span class='ocrx_word' id='word_1_600' title='bbox 2085 4340 2225 4410; x_wconf 85' lang='lat' dir='ltr'><strong>Quid</strong></span> <span class='ocrx_word' id='word_1_601' title='bbox 2251 4339 2420 4394; x_wconf 88' lang='lat' dir='ltr'><strong>habes</strong></span> <span class='ocrx_word' id='word_1_602' title='bbox 2454 4337 2520 4391; x_wconf 86' lang='lat' dir='ltr'><strong>ad</strong></span> <span class='ocrx_word' id='word_1_603' title='bbox 2567 4336 2859 4390; x_wconf 83' lang='lat' dir='ltr'><strong>dicendum</strong></span> <span class='ocrx_word' id='word_1_604' title='bbox 2892 4333 2959 4387; x_wconf 86' lang='lat' dir='ltr'><strong>de</strong></span> <span class='ocrx_word' id='word_1_605' title='bbox 3010 4330 3219 4399; x_wconf 79' lang='lat' dir='ltr'><strong>Spiritu</strong></span> <span class='ocrx_word' id='word_1_606' title='bbox 3269 4327 3496 4382; x_wconf 76' lang='lat' dir='ltr'><strong>sancto?</strong></span> 
     </span>
    </p>
   </div>
   <div class='ocr_carea' id='block_1_90' title="bbox 212 4420 1811 4508">
    <p class='ocr_par' dir='ltr' id='par_1_90' title="bbox 212 4432 1811 4508">
     <span class='ocr_line' id='line_1_91' title="bbox 212 4432 1811 4508; baseline -0.004 -15"><span class='ocrx_word' id='word_1_607' title='bbox 212 4439 426 4494; x_wconf 80' lang='grc' dir='ltr'>τούτου</span> <span class='ocrx_word' id='word_1_608' title='bbox 478 4437 637 4508; x_wconf 85' lang='grc' dir='ltr'>χρεία</span> <span class='ocrx_word' id='word_1_609' title='bbox 694 4432 786 4508; x_wconf 81' lang='grc' dir='ltr'>ἦν,</span> <span class='ocrx_word' id='word_1_610' title='bbox 828 4436 1136 4506; x_wconf 79' lang='grc' dir='ltr'>αὐτάρκους</span> <span class='ocrx_word' id='word_1_611' title='bbox 1186 4435 1338 4497; x_wconf 77' lang='grc' dir='ltr'>ὄντος</span> <span class='ocrx_word' id='word_1_612' title='bbox 1394 4434 1487 4487; x_wconf 86' lang='grc' dir='ltr'><strong>τοῦ</strong></span> <span class='ocrx_word' id='word_1_613' title='bbox 1530 4435 1683 4495; x_wconf 82' lang='grc' dir='ltr'>Υίοῦ,</span> <span class='ocrx_word' id='word_1_614' title='bbox 1738 4434 1811 4496; x_wconf 82' lang='grc' dir='ltr'>ὡς</span> 
     </span>
    </p>
   </div>
   <div class='ocr_carea' id='block_1_91' title="bbox 1924 4420 3492 4508">
    <p class='ocr_par' dir='ltr' id='par_1_91' title="bbox 1924 4420 3492 4507">
     <span class='ocr_line' id='line_1_92' title="bbox 1924 4420 3492 4507; baseline -0.012 -17"><span class='ocrx_word' id='word_1_615' title='bbox 1924 4437 2045 4507; x_wconf 77' lang='lat' dir='ltr'><strong>quid</strong></span> <span class='ocrx_word' id='word_1_616' title='bbox 2078 4437 2181 4489; x_wconf 83' lang='lat' dir='ltr'><strong>ltoc</strong></span> <span class='ocrx_word' id='word_1_617' title='bbox 2208 4447 2347 4502; x_wconf 86' lang='lat' dir='ltr'><strong>opus</strong></span> <span class='ocrx_word' id='word_1_618' title='bbox 2372 4431 2493 4484; x_wconf 74' lang='lat' dir='ltr'><strong>est?</strong></span> <span class='ocrx_word' id='word_1_619' title='bbox 2522 4429 2657 4484; x_wconf 86' lang='lat' dir='ltr'><strong>Cum</strong></span> <span class='ocrx_word' id='word_1_620' title='bbox 2686 4430 2823 4483; x_wconf 85' lang='lat' dir='ltr'><strong>satis</strong></span> <span class='ocrx_word' id='word_1_621' title='bbox 2867 4427 2940 4481; x_wconf 91' lang='lat' dir='ltr'><strong>sit</strong></span> <span class='ocrx_word' id='word_1_622' title='bbox 2973 4424 3171 4485; x_wconf 79' lang='lat' dir='ltr'><strong>Filius,</strong></span> <span class='ocrx_word' id='word_1_623' title='bbox 3198 4431 3254 4474; x_wconf 95' lang='lat' dir='ltr'><strong>ut</strong></span> <span class='ocrx_word' id='word_1_624' title='bbox 3281 4420 3492 4485; x_wconf 75' lang='lat' dir='ltr'><strong>dixisti,</strong></span> 
     </span>
    </p>
   </div>
   <div class='ocr_carea' id='block_1_92' title="bbox 215 4526 1821 4603">
    <p class='ocr_par' dir='ltr' id='par_1_92' title="bbox 215 4526 1821 4603">
     <span class='ocr_line' id='line_1_93' title="bbox 215 4526 1821 4603; baseline -0.004 -18"><span class='ocrx_word' id='word_1_625' title='bbox 215 4533 489 4603; x_wconf 79' lang='grc' dir='ltr'>εἴρηκας,</span> <span class='ocrx_word' id='word_1_626' title='bbox 514 4533 595 4594; x_wconf 80' lang='grc' dir='ltr'>εἰς</span> <span class='ocrx_word' id='word_1_627' title='bbox 627 4528 905 4582; x_wconf 87' lang='grc' dir='ltr'>τελείωσιν</span> <span class='ocrx_word' id='word_1_628' title='bbox 927 4529 1026 4599; x_wconf 88' lang='grc' dir='ltr'>τῆς</span> <span class='ocrx_word' id='word_1_629' title='bbox 1056 4529 1252 4599; x_wconf 80' lang='grc' dir='ltr'>ἀρχῆς,</span> <span class='ocrx_word' id='word_1_630' title='bbox 1284 4527 1377 4581; x_wconf 77' lang='grc' dir='ltr'>καὶ</span> <span class='ocrx_word' id='word_1_631' title='bbox 1408 4526 1509 4597; x_wconf 83' lang='grc' dir='ltr'>τῆς</span> <span class='ocrx_word' id='word_1_632' title='bbox 1544 4526 1821 4596; x_wconf 83' lang='grc' dir='ltr'>βασιλείας</span> 
     </span>
    </p>
   </div>
   <div class='ocr_carea' id='block_1_93' title="bbox 213 4622 616 4692">
    <p class='ocr_par' dir='ltr' id='par_1_93' title="bbox 213 4622 616 4692">
     <span class='ocr_line' id='line_1_94' title="bbox 213 4622 616 4692; baseline -0.015 -13"><span class='ocrx_word' id='word_1_633' title='bbox 213 4624 325 4679; x_wconf 77' lang='grc' dir='ltr'><strong>τοῦ</strong></span> <span class='ocrx_word' id='word_1_634' title='bbox 366 4622 580 4692; x_wconf 83' lang='grc' dir='ltr'>Πατρός</span> <span class='ocrx_word' id='word_1_635' title='bbox 601 4636 616 4688; x_wconf 89' lang='lat'><strong>;</strong></span> 
     </span>
    </p>
   </div>
   <div class='ocr_carea' id='block_1_94' title="bbox 298 4705 1824 4783">
    <p class='ocr_par' dir='ltr' id='par_1_94' title="bbox 298 4705 1824 4783">
     <span class='ocr_line' id='line_1_95' title="bbox 298 4705 1824 4783; baseline -0.007 -14"><span class='ocrx_word' id='word_1_636' title='bbox 298 4717 375 4769; x_wconf 74' lang='grc' dir='ltr'>Α.</span> <span class='ocrx_word' id='word_1_637' title='bbox 418 4712 639 4783; x_wconf 79' lang='grc' dir='ltr'>’ἰδίωμά</span> <span class='ocrx_word' id='word_1_638' title='bbox 668 4714 814 4765; x_wconf 79' lang='grc' dir='ltr'>ἐστιν</span> <span class='ocrx_word' id='word_1_639' title='bbox 842 4711 941 4781; x_wconf 83' lang='grc' dir='ltr'>τῆς</span> <span class='ocrx_word' id='word_1_640' title='bbox 982 4710 1364 4781; x_wconf 77' lang='grc' dir='ltr'>ὲννομωτάτης</span> <span class='ocrx_word' id='word_1_641' title='bbox 1408 4707 1714 4778; x_wconf 87' lang='grc' dir='ltr'>βασιλείας,</span> <span class='ocrx_word' id='word_1_642' title='bbox 1760 4705 1824 4759; x_wconf 73' lang='grc' dir='ltr'><strong>τὸ</strong></span> 
     </span>
    </p>
   </div>
   <div class='ocr_carea' id='block_1_95' title="bbox 1662 4780 3494 4861">
    <p class='ocr_par' dir='ltr' id='par_1_95' title="bbox 1662 4780 3494 4861">
     <span class='ocr_line' id='line_1_96' title="bbox 1662 4780 3494 4861; baseline -0.009 -10"><span class='ocrx_word' id='word_1_643' title='bbox 1662 4796 1821 4861; x_wconf 83' lang='grc' dir='ltr'>ἀλλά,</span> <span class='ocrx_word' id='word_1_644' title='bbox 1921 4806 1980 4851; x_wconf 90' lang='lat' dir='ltr'><strong>ut</strong></span> <span class='ocrx_word' id='word_1_645' title='bbox 2011 4798 2165 4856; x_wconf 85' lang='lat' dir='ltr'><strong>nihil,</strong></span> <span class='ocrx_word' id='word_1_646' title='bbox 2205 4794 2593 4861; x_wconf 84' lang='lat' dir='ltr'><strong>qualecunque</strong></span> <span class='ocrx_word' id='word_1_647' title='bbox 2622 4789 2717 4853; x_wconf 89' lang='lat' dir='ltr'><strong>sit,</strong></span> <span class='ocrx_word' id='word_1_648' title='bbox 2764 4801 2863 4856; x_wconf 85' lang='lat' dir='ltr'><strong>per</strong></span> <span class='ocrx_word' id='word_1_649' title='bbox 2905 4803 2965 4842; x_wconf 88' lang='lat' dir='ltr'><strong>se</strong></span> <span class='ocrx_word' id='word_1_650' title='bbox 3023 4786 3185 4839; x_wconf 89' lang='lat' dir='ltr'><strong>faciat</strong></span> <span class='ocrx_word' id='word_1_651' title='bbox 3228 4798 3346 4841; x_wconf 78' lang='lat' dir='ltr'><strong>rex.</strong></span> <span class='ocrx_word' id='word_1_652' title='bbox 3400 4780 3494 4835; x_wconf 76' lang='lat' dir='ltr'><strong>sed</strong></span> 
     </span>
    </p>
   </div>
   <div class='ocr_carea' id='block_1_96' title="bbox 221 4800 1625 4879">
    <p class='ocr_par' dir='ltr' id='par_1_96' title="bbox 221 4800 1625 4879">
     <span class='ocr_line' id='line_1_97' title="bbox 221 4800 1625 4879; baseline -0.007 -20"><span class='ocrx_word' id='word_1_653' title='bbox 221 4806 412 4879; x_wconf 82' lang='grc' dir='ltr'>μηδὲν</span> <span class='ocrx_word' id='word_1_654' title='bbox 446 4806 646 4875; x_wconf 80' lang='grc' dir='ltr'>δήποτε</span> <span class='ocrx_word' id='word_1_655' title='bbox 682 4803 749 4857; x_wconf 79' lang='grc' dir='ltr'><strong>δι’</strong></span> <span class='ocrx_word' id='word_1_656' title='bbox 778 4801 973 4856; x_wconf 73' lang='grc' dir='ltr'>ἑαυτοῦ</span> <span class='ocrx_word' id='word_1_657' title='bbox 1016 4802 1106 4855; x_wconf 84' lang='grc' dir='ltr'>τὸν</span> <span class='ocrx_word' id='word_1_658' title='bbox 1152 4800 1378 4870; x_wconf 83' lang='grc' dir='ltr'>βασιλέα</span> <span class='ocrx_word' id='word_1_659' title='bbox 1408 4803 1580 4852; x_wconf 84' lang='grc' dir='ltr'>ποιεῖν</span> <span class='ocrx_word' id='word_1_660' title='bbox 1612 4817 1625 4831; x_wconf 88' lang='grc'><strong>·</strong></span> 
     </span>
    </p>
   </div>
   <div class='ocr_carea' id='block_1_97' title="bbox 1926 4513 3352 4596">
    <p class='ocr_par' dir='ltr' id='par_1_97' title="bbox 1926 4513 3352 4596">
     <span class='ocr_line' id='line_1_98' title="bbox 1926 4513 3352 4596; baseline -0.011 -15"><span class='ocrx_word' id='word_1_661' title='bbox 1926 4528 1994 4581; x_wconf 90' lang='lat' dir='ltr'><strong>ad</strong></span> <span class='ocrx_word' id='word_1_662' title='bbox 2031 4524 2421 4596; x_wconf 78' lang='lat' dir='ltr'><strong>perfectionem</strong></span> <span class='ocrx_word' id='word_1_663' title='bbox 2456 4521 2818 4592; x_wconf 89' lang='lat' dir='ltr'><strong>principatus,</strong></span> <span class='ocrx_word' id='word_1_664' title='bbox 2848 4527 2903 4573; x_wconf 92' lang='lat' dir='ltr'><strong>ct</strong></span> <span class='ocrx_word' id='word_1_665' title='bbox 2937 4517 3089 4586; x_wconf 76' lang='lat' dir='ltr'><strong>regni</strong></span> <span class='ocrx_word' id='word_1_666' title='bbox 3132 4513 3352 4568; x_wconf 82' lang='lat' dir='ltr'><strong>Patris?</strong></span> 
     </span>
    </p>
   </div>
   <div class='ocr_carea' id='block_1_98' title="bbox 1997 4689 3497 4772">
    <p class='ocr_par' dir='ltr' id='par_1_98' title="bbox 1997 4689 3497 4772">
     <span class='ocr_line' id='line_1_99' title="bbox 1997 4689 3497 4772; baseline -0.012 -13"><span class='ocrx_word' id='word_1_667' title='bbox 1997 4708 2062 4759; x_wconf 85' lang='lat' dir='ltr'><strong>A.</strong></span> <span class='ocrx_word' id='word_1_668' title='bbox 2103 4702 2428 4772; x_wconf 87' lang='lat' dir='ltr'><strong>Proprietas</strong></span> <span class='ocrx_word' id='word_1_669' title='bbox 2476 4697 2636 4768; x_wconf 71' lang='lat' dir='ltr'><strong>regni</strong></span> <span class='ocrx_word' id='word_1_670' title='bbox 2664 4698 2866 4766; x_wconf 85' lang='lat' dir='ltr'><strong>optime</strong></span> <span class='ocrx_word' id='word_1_671' title='bbox 2896 4695 3108 4764; x_wconf 84' lang='lat' dir='ltr'><strong>legibus</strong></span> <span class='ocrx_word' id='word_1_672' title='bbox 3136 4689 3377 4747; x_wconf 90' lang='lat' dir='ltr'><strong>instituti</strong></span> <span class='ocrx_word' id='word_1_673' title='bbox 3411 4696 3497 4742; x_wconf 85' lang='lat' dir='ltr'><strong>cst</strong></span> 
     </span>
    </p>
   </div>
   <div class='ocr_carea' id='block_1_99' title="bbox 219 4873 1811 4962">
    <p class='ocr_par' dir='ltr' id='par_1_99' title="bbox 219 4873 1811 4962">
     <span class='ocr_line' id='line_1_100' title="bbox 219 4873 1811 4962; baseline -0.008 -11"><span class='ocrx_word' id='word_1_674' title='bbox 219 4873 310 4951; x_wconf 50' lang='grc' dir='ltr'><strong>τά</strong></span> <span class='ocrx_word' id='word_1_675' title='bbox 344 4873 609 4949; x_wconf 85' lang='grc' dir='ltr'>δοκοῦντα</span> <span class='ocrx_word' id='word_1_676' title='bbox 646 4893 794 4962; x_wconf 80' lang='grc' dir='ltr'><strong>αὐτῷ</strong></span> <span class='ocrx_word' id='word_1_677' title='bbox 820 4893 908 4947; x_wconf 82' lang='grc' dir='ltr'><strong>διά</strong></span> <span class='ocrx_word' id='word_1_678' title='bbox 948 4891 1252 4955; x_wconf 74' lang='grc' dir='ltr'>κελεῦσεως</span> <span class='ocrx_word' id='word_1_679' title='bbox 1304 4889 1565 4958; x_wconf 84' lang='grc' dir='ltr'>πληροῦν.</span> <span class='ocrx_word' id='word_1_680' title='bbox 1607 4889 1670 4941; x_wconf 78' lang='lat' dir='ltr'><strong>Et</strong></span> <span class='ocrx_word' id='word_1_681' title='bbox 1704 4886 1811 4957; x_wconf 83' lang='grc' dir='ltr'><strong>γάρ</strong></span> 
     </span>
    </p>
   </div>
   <div class='ocr_carea' id='block_1_100' title="bbox 1924 4873 3496 4962">
    <p class='ocr_par' dir='ltr' id='par_1_100' title="bbox 1924 4873 3496 4958">
     <span class='ocr_line' id='line_1_101' title="bbox 1924 4873 3496 4958; baseline -0.011 -18"><span class='ocrx_word' id='word_1_682' title='bbox 1924 4904 2039 4958; x_wconf 68' lang='lat' dir='ltr'><strong>quze</strong></span> <span class='ocrx_word' id='word_1_683' title='bbox 2087 4887 2135 4941; x_wconf 92' lang='lat' dir='ltr'><strong>ci</strong></span> <span class='ocrx_word' id='word_1_684' title='bbox 2169 4885 2479 4946; x_wconf 87' lang='lat' dir='ltr'><strong>videantur,</strong></span> <span class='ocrx_word' id='word_1_685' title='bbox 2521 4880 2764 4949; x_wconf 88' lang='lat' dir='ltr'><strong>jubendo</strong></span> <span class='ocrx_word' id='word_1_686' title='bbox 2796 4877 3067 4947; x_wconf 80' lang='lat' dir='ltr'><strong>perficiat.</strong></span> <span class='ocrx_word' id='word_1_687' title='bbox 3101 4875 3156 4929; x_wconf 90' lang='lat' dir='ltr'><strong>Si</strong></span> <span class='ocrx_word' id='word_1_688' title='bbox 3188 4874 3315 4944; x_wconf 89' lang='lat' dir='ltr'><strong>quid</strong></span> <span class='ocrx_word' id='word_1_689' title='bbox 3350 4873 3496 4927; x_wconf 90' lang='lat' dir='ltr'><strong>enim</strong></span> 
     </span>
    </p>
   </div>
   <div class='ocr_carea' id='block_1_101' title="bbox 218 4962 1811 5059">
    <p class='ocr_par' dir='ltr' id='par_1_101' title="bbox 218 4980 1811 5059">
     <span class='ocr_line' id='line_1_102' title="bbox 218 4980 1811 5059; baseline -0.006 -16"><span class='ocrx_word' id='word_1_690' title='bbox 218 5009 281 5059; x_wconf 64' lang='grc' dir='ltr'><strong>τι</strong></span> <span class='ocrx_word' id='word_1_691' title='bbox 305 4987 383 5044; x_wconf 84' lang='grc' dir='ltr'>δι’</span> <span class='ocrx_word' id='word_1_692' title='bbox 413 4986 607 5041; x_wconf 79' lang='grc' dir='ltr'>ἑαυτοῦ</span> <span class='ocrx_word' id='word_1_693' title='bbox 664 4986 906 5055; x_wconf 82' lang='grc' dir='ltr'>ποιήσει,</span> <span class='ocrx_word' id='word_1_694' title='bbox 946 4984 1235 5053; x_wconf 73' lang='grc' dir='ltr'>ἐλάττωμα</span> <span class='ocrx_word' id='word_1_695' title='bbox 1264 5024 1278 5048; x_wconf 91' lang='grc'><strong>,</strong></span> <span class='ocrx_word' id='word_1_696' title='bbox 1323 4986 1418 5036; x_wconf 78' lang='grc' dir='ltr'>καὶ</span> <span class='ocrx_word' id='word_1_697' title='bbox 1475 4981 1689 5049; x_wconf 83' lang='grc' dir='ltr'>ὕφεσις,</span> <span class='ocrx_word' id='word_1_698' title='bbox 1723 4980 1811 5033; x_wconf 67' lang='grc' dir='ltr'>καὶ</span> 
     </span>
    </p>
   </div>
   <div class='ocr_carea' id='block_1_102' title="bbox 1924 4962 3498 5059">
    <p class='ocr_par' dir='ltr' id='par_1_102' title="bbox 1924 4962 3498 5051">
     <span class='ocr_line' id='line_1_103' title="bbox 1924 4962 3498 5051; baseline -0.011 -17"><span class='ocrx_word' id='word_1_699' title='bbox 1924 4995 2013 5051; x_wconf 87' lang='lat' dir='ltr'><strong>per</strong></span> <span class='ocrx_word' id='word_1_700' title='bbox 2064 4994 2125 5033; x_wconf 85' lang='lat' dir='ltr'><strong>se</strong></span> <span class='ocrx_word' id='word_1_701' title='bbox 2174 4976 2360 5038; x_wconf 80' lang='lat' dir='ltr'><strong>faciat,</strong></span> <span class='ocrx_word' id='word_1_702' title='bbox 2404 4974 2718 5029; x_wconf 88' lang='lat' dir='ltr'><strong>imminutto</strong></span> <span class='ocrx_word' id='word_1_703' title='bbox 2746 4976 2832 5024; x_wconf 85' lang='lat' dir='ltr'><strong>est</strong></span> <span class='ocrx_word' id='word_1_704' title='bbox 2864 4980 2919 5022; x_wconf 73' lang='lat' dir='ltr'><strong>et</strong></span> <span class='ocrx_word' id='word_1_705' title='bbox 2945 4967 3205 5037; x_wconf 83' lang='lat' dir='ltr'><strong>dejectio,</strong></span> <span class='ocrx_word' id='word_1_706' title='bbox 3255 4974 3311 5019; x_wconf 88' lang='lat' dir='ltr'><strong>et</strong></span> <span class='ocrx_word' id='word_1_707' title='bbox 3344 4962 3498 5033; x_wconf 78' lang='lat' dir='ltr'><strong>regni</strong></span> 
     </span>
    </p>
   </div>
   <div class='ocr_carea' id='block_1_103' title="bbox 220 5068 1818 5144">
    <p class='ocr_par' dir='ltr' id='par_1_103' title="bbox 220 5068 1818 5144">
     <span class='ocr_line' id='line_1_104' title="bbox 220 5068 1818 5144; baseline -0.008 -8"><span class='ocrx_word' id='word_1_708' title='bbox 220 5068 598 5140; x_wconf 71' lang='grc' dir='ltr'>κατάπτωσίς</span> <span class='ocrx_word' id='word_1_709' title='bbox 633 5078 750 5129; x_wconf 79' lang='grc' dir='ltr'>εστι</span> <span class='ocrx_word' id='word_1_710' title='bbox 784 5076 884 5144; x_wconf 83' lang='grc' dir='ltr'>τῆς</span> <span class='ocrx_word' id='word_1_711' title='bbox 926 5074 1200 5144; x_wconf 82' lang='grc' dir='ltr'>βασιλείας</span> <span class='ocrx_word' id='word_1_712' title='bbox 1223 5116 1236 5140; x_wconf 93' lang='grc'><strong>,</strong></span> <span class='ocrx_word' id='word_1_713' title='bbox 1293 5075 1389 5127; x_wconf 68' lang='grc' dir='ltr'><strong>καὶ</strong></span> <span class='ocrx_word' id='word_1_714' title='bbox 1422 5073 1481 5127; x_wconf 80' lang='grc' dir='ltr'><strong>οὐ</strong></span> <span class='ocrx_word' id='word_1_715' title='bbox 1518 5070 1818 5142; x_wconf 79' lang='grc' dir='ltr'>βασιλικόν.</span> 
     </span>
    </p>
   </div>
   <div class='ocr_carea' id='block_1_104' title="bbox 1918 5052 3495 5140">
    <p class='ocr_par' dir='ltr' id='par_1_104' title="bbox 1918 5052 3495 5140">
     <span class='ocr_line' id='line_1_105' title="bbox 1918 5052 3495 5140; baseline -0.015 -15"><span class='ocrx_word' id='word_1_716' title='bbox 1918 5070 2225 5140; x_wconf 76' lang='lat' dir='ltr'><strong>depressio,</strong></span> <span class='ocrx_word' id='word_1_717' title='bbox 2284 5076 2339 5121; x_wconf 86' lang='lat' dir='ltr'><strong>et</strong></span> <span class='ocrx_word' id='word_1_718' title='bbox 2391 5081 2500 5121; x_wconf 93' lang='lat' dir='ltr'><strong>non</strong></span> <span class='ocrx_word' id='word_1_719' title='bbox 2556 5061 2846 5131; x_wconf 86' lang='lat' dir='ltr'><strong>dignitatis</strong></span> <span class='ocrx_word' id='word_1_720' title='bbox 2881 5059 3067 5128; x_wconf 87' lang='lat' dir='ltr'><strong>regiae.</strong></span> <span class='ocrx_word' id='word_1_721' title='bbox 3122 5052 3495 5119; x_wconf 86' lang='lat' dir='ltr'><strong>Quamobrem</strong></span> 
     </span>
    </p>
   </div>
   <div class='ocr_carea' id='block_1_105' title="bbox 222 5143 1811 5239">
    <p class='ocr_par' dir='ltr' id='par_1_105' title="bbox 222 5143 1811 5239">
     <span class='ocr_line' id='line_1_106' title="bbox 222 5143 1811 5239; baseline -0.007 -13"><span class='ocrx_word' id='word_1_722' title='bbox 222 5172 335 5227; x_wconf 81' lang='grc' dir='ltr'><strong>Διὸ</strong></span> <span class='ocrx_word' id='word_1_723' title='bbox 366 5166 638 5239; x_wconf 86' lang='grc' dir='ltr'>μεσιτεύει</span> <span class='ocrx_word' id='word_1_724' title='bbox 668 5167 698 5218; x_wconf 93' lang='lat'><strong>6</strong></span> <span class='ocrx_word' id='word_1_725' title='bbox 722 5143 871 5229; x_wconf 79' lang='grc' dir='ltr'>Υἱός.</span> <span class='ocrx_word' id='word_1_726' title='bbox 902 5143 1071 5219; x_wconf 81' lang='grc' dir='ltr'>Πάλιν</span> <span class='ocrx_word' id='word_1_727' title='bbox 1101 5165 1210 5218; x_wconf 83' lang='grc' dir='ltr'>τῶν</span> <span class='ocrx_word' id='word_1_728' title='bbox 1240 5164 1709 5232; x_wconf 80' lang='grc' dir='ltr'>ἀναγκαιοτάτων,</span> <span class='ocrx_word' id='word_1_729' title='bbox 1729 5163 1811 5216; x_wconf 54' lang='grc' dir='ltr'><strong>καἸ</strong></span> 
     </span>
    </p>
   </div>
   <div class='ocr_carea' id='block_1_106' title="bbox 1924 5143 3497 5239">
    <p class='ocr_par' dir='ltr' id='par_1_106' title="bbox 1924 5143 3497 5233">
     <span class='ocr_line' id='line_1_107' title="bbox 1924 5143 3497 5233; baseline -0.015 -17"><span class='ocrx_word' id='word_1_730' title='bbox 1924 5161 2083 5233; x_wconf 83' lang='lat'><strong>370</strong></span> <span class='ocrx_word' id='word_1_731' title='bbox 2105 5159 2277 5213; x_wconf 82' lang='lat' dir='ltr'><strong>Filius</strong></span> <span class='ocrx_word' id='word_1_732' title='bbox 2316 5166 2405 5213; x_wconf 88' lang='lat' dir='ltr'><strong>est</strong></span> <span class='ocrx_word' id='word_1_733' title='bbox 2432 5156 2668 5211; x_wconf 82' lang='lat' dir='ltr'><strong>medius.</strong></span> <span class='ocrx_word' id='word_1_734' title='bbox 2696 5151 2914 5206; x_wconf 80' lang='lat' dir='ltr'><strong>Rursus</strong></span> <span class='ocrx_word' id='word_1_735' title='bbox 2943 5148 3100 5202; x_wconf 89' lang='lat' dir='ltr'><strong>valde</strong></span> <span class='ocrx_word' id='word_1_736' title='bbox 3122 5143 3497 5198; x_wconf 83' lang='lat' dir='ltr'><strong>necessarium</strong></span> 
     </span>
    </p>
   </div>
   <div class='ocr_carea' id='block_1_107' title="bbox 227 5232 1811 5331">
    <p class='ocr_par' dir='ltr' id='par_1_107' title="bbox 227 5232 1811 5331">
     <span class='ocr_line' id='line_1_108' title="bbox 227 5232 1811 5331; baseline -0.007 -14"><span class='ocrx_word' id='word_1_737' title='bbox 227 5232 735 5331; x_wconf 79' lang='grc' dir='ltr'>συμπληρωτικῶν</span> <span class='ocrx_word' id='word_1_738' title='bbox 754 5258 854 5327; x_wconf 83' lang='grc' dir='ltr'>τῆς</span> <span class='ocrx_word' id='word_1_739' title='bbox 877 5257 1155 5326; x_wconf 82' lang='grc' dir='ltr'>βασιλείας</span> <span class='ocrx_word' id='word_1_740' title='bbox 1177 5256 1294 5309; x_wconf 75' lang='grc' dir='ltr'>ἐστὶ</span> <span class='ocrx_word' id='word_1_741' title='bbox 1342 5256 1401 5308; x_wconf 86' lang='grc' dir='ltr'>τὸ</span> <span class='ocrx_word' id='word_1_742' title='bbox 1432 5254 1577 5325; x_wconf 77' lang='grc' dir='ltr'>ἔχειν</span> <span class='ocrx_word' id='word_1_743' title='bbox 1597 5253 1811 5307; x_wconf 53' lang='grc' dir='ltr'>πλοῦτοι</span> 
     </span>
    </p>
   </div>
   <div class='ocr_carea' id='block_1_108' title="bbox 1924 5232 3497 5331">
    <p class='ocr_par' dir='ltr' id='par_1_108' title="bbox 1924 5232 3497 5323">
     <span class='ocr_line' id='line_1_109' title="bbox 1924 5232 3497 5323; baseline -0.016 -13"><span class='ocrx_word' id='word_1_744' title='bbox 1924 5232 2029 5315; x_wconf 76' lang='lat' dir='ltr'><strong>est.</strong></span> <span class='ocrx_word' id='word_1_745' title='bbox 2065 5264 2122 5309; x_wconf 87' lang='lat' dir='ltr'><strong>et</strong></span> <span class='ocrx_word' id='word_1_746' title='bbox 2152 5251 2301 5323; x_wconf 59' lang='lat' dir='ltr'><strong>quod</strong></span> <span class='ocrx_word' id='word_1_747' title='bbox 2337 5264 2564 5321; x_wconf 83' lang='lat' dir='ltr'><strong>regnum</strong></span> <span class='ocrx_word' id='word_1_748' title='bbox 2600 5245 2861 5313; x_wconf 90' lang='lat' dir='ltr'><strong>complet,</strong></span> <span class='ocrx_word' id='word_1_749' title='bbox 2895 5239 3107 5319; x_wconf 27' lang='lat' dir='ltr'><strong>habere.</strong></span> <span class='ocrx_word' id='word_1_750' title='bbox 3141 5236 3386 5291; x_wconf 82' lang='lat' dir='ltr'><strong>infinitas</strong></span> <span class='ocrx_word' id='word_1_751' title='bbox 3415 5232 3497 5287; x_wconf 89' lang='lat' dir='ltr'><strong>di-</strong></span> 
     </span>
    </p>
   </div>
   <div class='ocr_carea' id='block_1_109' title="bbox 226 5328 1811 5423">
    <p class='ocr_par' dir='ltr' id='par_1_109' title="bbox 226 5328 1811 5423">
     <span class='ocr_line' id='line_1_110' title="bbox 226 5328 1811 5423; baseline -0.006 -15"><span class='ocrx_word' id='word_1_752' title='bbox 226 5328 578 5423; x_wconf 67' lang='grc' dir='ltr'>ἀπέραντον,</span> <span class='ocrx_word' id='word_1_753' title='bbox 610 5351 708 5404; x_wconf 78' lang='grc' dir='ltr'>καὶ</span> <span class='ocrx_word' id='word_1_754' title='bbox 728 5349 1092 5421; x_wconf 81' lang='grc' dir='ltr'>ἀδαπάνητον,</span> <span class='ocrx_word' id='word_1_755' title='bbox 1124 5348 1218 5402; x_wconf 73' lang='grc' dir='ltr'>καὶ</span> <span class='ocrx_word' id='word_1_756' title='bbox 1237 5346 1569 5418; x_wconf 82' lang='grc' dir='ltr'>θησαυροὺς,</span> <span class='ocrx_word' id='word_1_757' title='bbox 1603 5346 1699 5400; x_wconf 78' lang='grc' dir='ltr'>καὶ</span> <span class='ocrx_word' id='word_1_758' title='bbox 1729 5362 1811 5399; x_wconf 84' lang='grc' dir='ltr'>τα·</span> 
     </span>
    </p>
   </div>
   <div class='ocr_carea' id='block_1_110' title="bbox 1924 5328 3496 5423">
    <p class='ocr_par' dir='ltr' id='par_1_110' title="bbox 1927 5328 3496 5414">
     <span class='ocr_line' id='line_1_111' title="bbox 1927 5328 3496 5414; baseline -0.012 -14"><span class='ocrx_word' id='word_1_759' title='bbox 1927 5348 2112 5411; x_wconf 89' lang='lat' dir='ltr'><strong>vitias,</strong></span> <span class='ocrx_word' id='word_1_760' title='bbox 2142 5354 2198 5401; x_wconf 89' lang='lat' dir='ltr'><strong>ct</strong></span> <span class='ocrx_word' id='word_1_761' title='bbox 2234 5360 2355 5414; x_wconf 77' lang='lat' dir='ltr'><strong>qua:</strong></span> <span class='ocrx_word' id='word_1_762' title='bbox 2395 5338 2643 5396; x_wconf 89' lang='lat' dir='ltr'><strong>consumi</strong></span> <span class='ocrx_word' id='word_1_763' title='bbox 2676 5342 2971 5405; x_wconf 85' lang='lat' dir='ltr'><strong>nequeant,</strong></span> <span class='ocrx_word' id='word_1_764' title='bbox 3007 5339 3061 5385; x_wconf 88' lang='lat' dir='ltr'><strong>et</strong></span> <span class='ocrx_word' id='word_1_765' title='bbox 3091 5328 3401 5393; x_wconf 85' lang='lat' dir='ltr'><strong>thesauros,</strong></span> <span class='ocrx_word' id='word_1_766' title='bbox 3434 5337 3496 5381; x_wconf 86' lang='lat' dir='ltr'><strong>ac</strong></span> 
     </span>
    </p>
   </div>
   <div class='ocr_carea' id='block_1_111' title="bbox 322 5481 966 5552">
    <p class='ocr_par' dir='ltr' id='par_1_111' title="bbox 322 5481 966 5552">
     <span class='ocr_line' id='line_1_112' title="bbox 322 5481 966 5552; baseline -0.008 -11"><span class='ocrx_word' id='word_1_767' title='bbox 322 5488 478 5542; x_wconf 71' lang='lat' dir='ltr'><strong>Olsa.</strong></span> <span class='ocrx_word' id='word_1_768' title='bbox 505 5503 581 5552; x_wconf 81' lang='lat' dir='ltr'><strong>Ix,</strong></span> <span class='ocrx_word' id='word_1_769' title='bbox 608 5486 643 5540; x_wconf 83' lang='grc'>6</span> <span class='ocrx_word' id='word_1_770' title='bbox 677 5499 791 5542; x_wconf 89' lang='lat' dir='ltr'><strong>sec.</strong></span> <span class='ocrx_word' id='word_1_771' title='bbox 826 5481 966 5538; x_wconf 76' lang='lat' dir='ltr'><strong>LXX</strong></span> 
     </span>
    </p>
   </div>
   <div class='ocr_carea' id='block_1_112' title="bbox 1525 5611 2198 5670">
    <p class='ocr_par' dir='ltr' id='par_1_112' title="bbox 1525 5611 2198 5670">
     <span class='ocr_line' id='line_1_113' title="bbox 1525 5611 2198 5670; baseline -0.006 -1"><span class='ocrx_word' id='word_1_772' title='bbox 1525 5613 1757 5669; x_wconf 54' lang='lat' dir='ltr'><strong>VARI/ﬁ</strong></span> <span class='ocrx_word' id='word_1_773' title='bbox 1794 5611 2198 5670; x_wconf 77' lang='lat' dir='ltr'><strong>LECTIONES.</strong></span> 
     </span>
    </p>
   </div>
   <div class='ocr_carea' id='block_1_113' title="bbox 323 5702 2821 5775">
    <p class='ocr_par' dir='ltr' id='par_1_113' title="bbox 323 5702 2821 5775">
     <span class='ocr_line' id='line_1_114' title="bbox 323 5702 2821 5775; baseline -0.007 -4"><span class='ocrx_word' id='word_1_774' title='bbox 323 5715 394 5750; x_wconf 75' lang='grc'><strong>⁸⁸⁸</strong></span> <span class='ocrx_word' id='word_1_775' title='bbox 416 5717 589 5773; x_wconf 76' lang='lat' dir='ltr'><strong>Aliter</strong></span> <span class='ocrx_word' id='word_1_776' title='bbox 621 5716 713 5775; x_wconf 83' lang='lat' dir='ltr'><strong>hic</strong></span> <span class='ocrx_word' id='word_1_777' title='bbox 767 5716 1061 5773; x_wconf 87' lang='lat' dir='ltr'><strong>distinctus</strong></span> <span class='ocrx_word' id='word_1_778' title='bbox 1093 5724 1177 5772; x_wconf 83' lang='lat' dir='ltr'><strong>cst</strong></span> <span class='ocrx_word' id='word_1_779' title='bbox 1217 5715 1390 5769; x_wconf 61' lang='lat' dir='ltr'><strong>codex</strong></span> <span class='ocrx_word' id='word_1_780' title='bbox 1438 5712 1603 5767; x_wconf 84' lang='lat' dir='ltr'><strong>anr.</strong></span> <span class='ocrx_word' id='word_1_781' title='bbox 1682 5712 1727 5741; x_wconf 77' lang='grc'><strong>³³</strong></span> <span class='ocrx_word' id='word_1_782' title='bbox 1763 5708 1886 5763; x_wconf 59' lang='grc' dir='ltr'>Ιιιυυ</span> <span class='ocrx_word' id='word_1_783' title='bbox 1917 5709 2118 5763; x_wconf 76' lang='lat' dir='ltr'><strong>desunt</strong></span> <span class='ocrx_word' id='word_1_784' title='bbox 2149 5710 2204 5762; x_wconf 91' lang='lat' dir='ltr'><strong>iu</strong></span> <span class='ocrx_word' id='word_1_785' title='bbox 2242 5707 2501 5762; x_wconf 66' lang='lat' dir='ltr'><strong>versione</strong></span> <span class='ocrx_word' id='word_1_786' title='bbox 2533 5702 2821 5757; x_wconf 72' lang='lat' dir='ltr'><strong>Tart&#39;iani.</strong></span> 
     </span>
    </p>
   </div>
  </div>
