3912 6202
245 292 387 361 15θ9

1667 282 2085 345 0PUSCUI.A.

3383 278 3518 343 1510

241 408 450 481 τρόπον
480 405 508 458 6
537 403 708 466 ἀΐδιος
747 400 877 464 Υἱὸς
901 399 960 466 ἐξ
987 396 1221 470 οὑρανοῦ
1277 396 1675 467 καταϐεϐηκὼς
1704 399 1830 468 (ὲν-

1947 393 2320 457 uostram,sed
2342 400 2596 447 naturam
2617 392 2954 462 assumpsit;
2983 393 3270 464 factusque
3297 403 3380 449 est
3413 395 3522 450 sic-

237 499 546 554 νοείτωσαν
570 495 625 549 δὲ
646 497 695 549 οί
718 493 985 564 ἀκροαταὶ
1008 490 1338 562 θεοπρεπῶς.
1355 491 1454 560 τὴν
1483 489 1832 558 κατάϐασιν),

241 591 346 660 οὑχ
374 589 673 643 ὑπόστασιν
695 587 754 653 ἐξ
779 585 966 656 ήμῶν,
1000 583 1136 638 ἀλλὰ
1185 583 1288 656 τὴν
1338 582 1616 654 ἡμετέραν
1670 581 1834 651 φὺσιν

246 681 610 753 προσέλαϐεν,
672 679 768 733 καὶ
813 679 1036 747 γέγονεν
1068 677 1144 740 ὡς
1174 671 1253 739 εἷς
1276 677 1335 742 ἐξ
1366 674 1546 746 ήμῶν,
1581 675 1704 745 δίχα
1733 675 1835 745 τῆς

1944 492 2002 540 ut
2053 501 2195 538 unus
2237 493 2510 548 nostrum,
2553 491 2706 536 extra
2753 494 3062 552 peccatum,
3110 487 3254 537 sicut
3289 485 3525 554 Aposto-

1942 581 2028 634 lus
2062 581 2134 633 ait
2158 577 2206 644 ιι,
2230 585 2498 633 tentatum
2541 593 2666 632 esse
2696 594 2792 649 per
2824 579 3007 632 omnia
3041 577 3344 633 secundum
3377 578 3524 632 simi-

1938 672 2249 736 litudinem,
2273 673 2480 741 absque
2503 680 2748 741 peccato.

247 775 548 847 ἁμαρτίας,
597 772 674 836 ὼς
735 770 896 834 αὑτὸς
961 770 990 822 6
1044 769 1184 835 θεῖος
1261 771 1626 833 Ἀπόστολος·
1669 768 2068 839 Πεπείρασται,
2123 767 2295 837 φησι,
2342 766 2486 818 κατά
2542 767 2721 819 πάντα
2783 764 2903 819 καθ’
2949 764 3248 835 ὁμοιότητα
3284 803 3298 829 ,
3354 764 3524 833 χωρὶς

249 868 552 942 ἁμαρτίας.

321 956 625 1031 Τοιγαροῦν
678 958 706 1010 6
738 957 907 1020 άῖδιος
948 956 1076 1020 Υἱὸς
1116 955 1230 1027 ἔχει
1267 960 1366 1026 τήν
1394 973 1452 1010 τε
1483 955 1578 1011 τοῦ
1624 955 1840 1026 Πατρὺς

251 1056 347 1109 καὶ
385 1052 478 1108 τοῦ
514 1052 669 1120 ἁγίου
727 1051 1072 1121 Πνεὺματος,
1106 1054 1173 1123 ἢν
1204 1053 1292 1107 ἀεὶ
1348 1057 1596 1124 προεῖχε,
1652 1053 1837 1122 φύσιν,

250 1145 348 1200 καὶ
371 1145 469 1215 τήν
499 1143 774 1215 ἡμετέραν
823 1142 1175 1213 ἀνθρωπίνην
1215 1144 1380 1213 φύσιν
1411 1145 1552 1214 μετά
1585 1145 1684 1214 τήν
1715 1145 1842 1196 ἐαυ-

251 1239 350 1308 τῆς
381 1211 686 1306 σάρκωσιν,
713 1233 811 1304 μία
835 1211 1095 1303 ὑπάρχων
1119 1211 1182 1286 ἐκ
1206 1211 1306 1305 τῆς
1336 1211 1566 1306 Τριάδος
1597 1211 1862 1287 ὑπόσταί

254 1349 363 1397 σις,
414 1331 736 1403 προσθήκην
784 1329 886 1381 οὑκ
950 1327 1352 1396 είσδεξάμενος,
1385 1328 1460 1391 ὡς
1486 1328 1838 1398 προείρηται.

250 1422 346 1495 Μὴ
378 1421 630 1492 ποιητέον
684 1418 741 1472 δὲ
770 1418 870 1486 τὴν
918 1416 1080 1485 φύσιν
1131 1417 1454 1482 ὑπόστασιν,
1501 1418 1668 1487 ἢτὴν
1710 1417 1844 1469 ὑπό‹

255 1530 445 1566 στασιν
495 1506 635 1563 εἶναι
666 1509 851 1578 φύσιν.
887 1509 946 1560 El
968 1507 1024 1560 δὲ
1059 1508 1155 1580 μὴ,
1190 1511 1356 1562 πᾶσιν
1403 1511 1533 1580 ήμίν
1568 1511 1680 1572 τοῖς
1709 1509 1846 1579 Χρι-

257 1607 490 1667 στιανοῖς
530 1602 872 1673 συμϐήσεται
918 1599 1101 1668 λέγειν
1154 1600 1247 1654 τὸν
1297 1601 1545 1672 Πατέρα,
1605 1602 1702 1654 καὶ
1745 1600 1836 1653 τὸν

2013 949 2188 1004 Habet
2247 947 2432 1016 itaque
2472 955 2714 1001 aeternus
2763 945 2943 1001 Filius
2974 945 3157 1002 Patris
3197 956 3251 1001 et
3283 948 3522 1018 Spiritus

1943 1042 2115 1097 salu-ti
2164 1048 2441 1102 naturam,
2486 1054 2650 1108 quam
2705 1053 2925 1105 semper
2974 1048 3100 1092 ante
3148 1040 3408 1104 habebat,
3470 1051 3523 1100 et

1942 1141 2189 1186 nostram
2249 1131 2544 1183 humanam
2605 1137 2854 1182 naturam
2909 1140 3033 1199 post
3087 1133 3522 1189 incarnationem

1945 1237 2049 1274 una
2099 1221 2414 1290 hypostasis
2465 1219 2578 1272 sive
2624 1234 2858 1287 persona
2913 1236 2978 1273 ex
3019 1232 3211 1274 sancta
3255 1217 3525 1280 Trinit°ate

1944 1328 2051 1366 non
2085 1313 2333 1382 capiente
2366 1311 2769 1376 accessionem,
2803 1321 2858 1364 ιιι
2884 1322 3011 1367 ante
3037 1314 3244 1367 dictum
3275 1324 3380 1370 cst.
3406 1315 3522 1370 Non

1941 1414 2026 1461 est
2057 1414 2238 1459 autem
2276 1413 2472 1457 natura
2507 1404 2757 1457 facienda
2797 1405 3138 1475 hypostasis,
3167 1410 3247 1461 vel
3273 1408 3526 1463 dicamus

1940 1494 2180 1559 Patrem,
2210 1502 2263 1548 et
2293 1493 2520 1557 Filium,
2563 1502 2618 1547 et
2659 1494 2930 1563 Spiritum
2964 1504 3220 1550 sanctum
3252 1514 3376 1552 esse
3412 1506 3525 1552 tres

1944 1601 2195 1654 naturas,
2225 1589 2371 1642 sicut
2421 1587 2630 1641 habent
2681 1603 2846 1640 unam
2895 1596 3172 1642 naturam.
3222 1589 3526 1659 Utrumque

258 1698 406 1761 Υἱὺν,
437 1695 533 1750 καὶ
555 1695 617 1747 τὸ
657 1693 884 1763 Πνεῦμα
917 1693 977 1745 τὸ
1006 1692 1182 1760 ἅγιον,
1220 1696 1367 1765 τρεῖς
1397 1693 1610 1762 φύσεις,
1646 1693 1836 1764 ὥσπερ

1947 1689 2126 1734 autem
2168 1695 2197 1732 a
2229 1679 2582 1732 confessione
2626 1677 3074 1732 Christianorum
3122 1679 3359 1733 alienum
3414 1687 3521 1742 est.

255 1793 366 1844 εἰσὶ
391 1790 540 1860 τρεῖς
566 1785 968 1856 ὑποστάσεις,ἢ
1001 1785 1130 1857 μίαν
1181 1787 1380 1849 αὐτοὺς
1426 1786 1572 1857 ἔχειν
1602 1787 1841 1840 ὑπόστα-

258 1899 364 1945 σιν,
395 1879 454 1932 6v
483 1879 686 1948 τρόπον
714 1878 840 1948 μίαν
863 1877 1046 1947 ἔχουσι
1095 1877 1278 1946 φύσιν.
1321 1879 1633 1949 Ἀμφότερα
1655 1879 1712 1932 δὲ
1740 1879 1841 1949 τῆς

255 1972 364 2025 τῶν
409 1970 753 2042 Χριστιανῶν
783 1969 1079 2039 ὁμολογίας
1128 1969 1407 2043 ἀλλότρια,
1439 1971 1628 2040 ἐπειδὴ
1657 1973 1718 2024 τὸ
1741 1971 1841 2042 μὲν

269 2068 502 2140 Ἀρείου,
524 2067 584 2121 τὸ
611 2067 667 2120 δὲ
695 2066 988 2119 Σαϐελλίου
1056 2067 1268 2136 πέφυκε
1301 2066 1578 2137 φρόνημα.
1619 2066 1675 2119 Ὀ
1709 2065 1841 2136 μέν·

254 2179 340 2214 τοι
365 2163 464 2231 τῆς
494 2159 754 2229 ἀληθείας
808 2158 989 2225 λόγος,
1023 2156 1097 2222 ὠς
1129 2160 1156 2211 6
1183 2158 1448 2226 Θεολόγος
1474 2159 1578 2228 ἔφη
1613 2157 1831 2228 Γρηγό·

259 2269 397 2323 ριος,
459 2251 628 2322 μονάς
679 2253 795 2305 ἐστι
825 2253 882 2304 ὲν
906 2251 1129 2320 Τριάδι,
1175 2253 1272 2304 καὶ
1326 2251 1492 2320 Τριάς
1538 2253 1596 2303 ὲν
1651 2249 1840 2320 μονάδι

260 2341 682 2411 προσηνουμένη
697 2342 761 2394 ⁸⁸.
815 2343 1005 2395 Ἔστιν
1036 2342 1136 2411 μὲν
1159 2337 1251 2394 οὖν
1293 2343 1462 2412 μονάς
1491 2341 1586 2410 τῆς
1624 2341 1842 2410 φύσεως

265 2432 456 2501 μονάς,
492 2433 552 2484 οὑ
592 2434 759 2502 μονάς
803 2433 903 2502 τῆς
950 2433 1333 2497 ὑποστάσεως·
1370 2434 1476 2504 ήδὲ
1506 2433 1678 2503 Τριάς
1732 2435 1841 2485 τῶν

262 2521 620 2576 ὑποστάσεων
677 2524 870 2593 Τριάς,
932 2523 993 2576 οὑ
1048 2524 1221 2594 Τριάς
1250 2524 1357 2576 τῶν
1413 2523 1843 2592 φύσεωνοὸλέ-

257 2628 375 2680 γων
404 2614 458 2667 δὲ
487 2613 578 2685 τὴν
605 2615 766 2683 φύσιν
792 2615 927 2669 αὑτὸ
954 2616 1014 2668 τὸ
1043 2615 1149 2669 τῶν
1170 2617 1522 2670 ὑποστάσεων
1579 2613 1716 2670 εἶναι
1747 2616 1838 2669 66-

257 2719 467 2772 στημα,
490 2705 579 2757 τὸν
602 2705 757 2772 ἅγιον
789 2707 950 2776 φήσει
974 2707 1298 2777 Γρηγόριον,
1323 2709 1604 2778 εἰρηκότα,
1633 2707 1842 2777 μονάδα

255 2793 588 2846 αἰνίττεσθαι
618 2794 718 2864 τὴν
767 2796 994 2863 Τριάδα,
1048 2797 1144 2849 καὶ
1173 2797 1285 2849 ἴσον
1316 2799 1481 2851 αὑτοῦ
1516 2799 1840 2868 κριθήσεται

257 2883 448 2952 φάναι,
490 2883 695 2954 μονάδα
728 2886 786 2937 ὲν
820 2885 1049 2954 Τριάδι,
1110 2887 1406 2940 κάντεῦθεν
1465 2889 1840 2957 συνωθήσεται

257 2975 511 3042 φάσκειν,
542 2974 705 3027 ὲνάδα
735 2975 792 3026 ὲν
846 2975 1015 3030 ὲνάδι.
1052 2967 1128 3029 Οὗ
1156 2977 1208 3030 τί
1238 2978 1306 3030 ἂν
1339 2979 1496 3048 ἐπείη
1524 2980 1736 3051 διανοίᾳ
1761 2997 1838 3032 τι-

1943 1773 2068 1840 quia
2101 1770 2233 1824 illud
2277 1770 2501 1839 quidem
2547 1775 2631 1822 est
2667 1767 2782 1820 Arii
2836 1767 3066 1837 dogma;
3115 1769 3219 1823 hoc
3261 1785 3390 1823 vero
3425 1768 3525 1823 Sa-

1943 1862 2114 1916 bellii.
2170 1861 2365 1916 Sermo
2413 1872 2594 1918 tamen
2649 1861 2902 1914 veritatis
2949 1870 3064 1922 est,
3113 1868 3172 1914 ut
3220 1860 3527 1930 Gregorius

1943 1951 2254 2021 Theologus
2286 1952 2446 2016 dixit,
2475 1953 2659 2005 unitas
2693 1950 2748 2004 in
2779 1949 3053 2006 Trinitate
3074 1993 3086 2010 .
3123 1951 3290 2023 374Ι
3319 1962 3373 2006 ει
3405 1952 3524 2007 Tri~

1943 2045 2092 2099 nitas
2131 2043 2188 2095 in
2225 2043 2435 2096 unitate
2477 2041 2724 2095 adorata.
2765 2040 2856 2096 Est
2901 2043 3066 2111 igitur
3105 2052 3288 2097 unitas
3314 2054 3526 2096 natura:

1943 2136 2154 2196 unitas,
2196 2149 2304 2186 non
2349 2133 2536 2188 unitas
2583 2133 2947 2203 hypostasis:
2990 2131 3236 2188 Trinitas
3267 2151 3396 2188 vero
3431 2135 3528 2202 hy-

1943 2238 2236 2298 pustascon
2269 2229 2383 2278 sive
2416 2239 2779 2293 personarum
2817 2223 3060 2278 Trinitas
3085 2265 3100 2292 ,
3140 2241 3246 2278 non
3279 2227 3526 2283 Trinitas

1944 2328 2290 2373 naturarum.
2323 2315 2425 2383 Qui
2462 2333 2594 2371 vero
2638 2316 2774 2370 dicit
2828 2327 3108 2381 naturam,
3165 2318 3338 2386 ipsam
3390 2334 3527 2371 con-

1943 2414 2319 2482 gregatioiiem
2349 2411 2740 2480 hypostasoon,
2767 2408 2911 2463 dicet
2939 2409 3150 2462 dixisse
3194 2407 3524 2479 Gregorihm

1945 2503 2209 2557 unitatem
2263 2501 2580 2572 signiﬁcare
2630 2499 3009 2565 Trinitatem,
3077 2509 3134 2555 et
3186 2501 3528 2555 tantumdem

1939 2595 2306 2666 judiCahitur,
2335 2594 2538 2657 dicere,
2579 2594 2708 2646 utsi
2750 2592 2960 2646 diceret
2997 2595 3266 2647 unitatem
3311 2596 3364 2646 in
3400 2592 3527 2646 Tri-

1944 2690 2119 2742 nitate
2170 2697 2225 2742 et
2268 2686 2598 2740 Trinitatem
2659 2685 2715 2738 in
2762 2687 2992 2748 unitate,
3037 2700 3099 2738 ex
3138 2701 3252 2755 quo
3303 2676 3530 2753 cegetur

1943 2782 2152 2844 dicere,
2202 2780 2468 2833 unitatem
2495 2793 2617 2832 esse
2657 2777 2711 2830 in
2748 2779 2976 2830 unitate.
3025 2775 3147 2840 Quo
3193 2775 3322 2844 quid
3361 2776 3524 2829 ullius

1943 2879 2123 2924 mente
2165 2871 2383 2939 turpius
2416 2869 2644 2938 cogitari
2679 2868 2896 2937 potest?
2936 2869 3294 2936 quamobrem
3339 2883 3525 2936 repre-

1945 2959 2145 3014 hendet
2177 2975 2305 3014 eum
2360 2959 2455 3029 qui
2498 2959 2602 3012 hoc
2637 2959 2834 3027 dogma
2871 2957 3059 3021 tradit,
3101 2958 3382 3026 inquiens,
3418 2963 3524 3008 tam

257 3065 348 3128 νὺς
375 3065 766 3136 αίσχρότερον;
810 3066 1002 3138 διόπερ
1033 3069 1414 3140 ἐπιτιμήσειεν
1442 3071 1519 3142 τῷ
1555 3071 1730 3125 ταῦτα
1751 3057 1837 3125 δο-

1947 3061 2136 3107 contra
2170 3065 2277 3118 me,
2303 3061 2355 3106 et
2384 3060 2535 3106 tanta
2563 3053 2612 3106 vi
2643 3059 2771 3107 sunt
2799 3051 2990 3115 verba,
3024 3066 3186 3120 quam
3213 3059 3406 3104 contra
3434 3059 3484 3102 te
3509 3066 3524 3104 :

260 3156 582 3225 γματίζοντι
599 3156 795 3224 λέγων,
817 3159 899 3211 ὅτι
917 3160 1364 3231 ἀντιταττόμενόν
1383 3163 1496 3214 ὲστί
1517 3180 1606 3230 μοι
1633 3165 1836 3234 κράτος

255 3242 373 3300 οἷον
401 3249 495 3302 καὶ
526 3249 629 3314 σοὶ,
663 3249 761 3303 καὶ
795 3254 909 3314 τοῖς
937 3253 1182 3321 ῥήμασιν
1205 3269 1218 3282 ο
1257 3255 1352 3305 καὶ
1392 3252 1646 3323 καθάπερ
1707 3256 1843 3325 ἀκη-

261 3336 408 3401 κοὼς
435 3339 571 3410 πρὸς
592 3341 688 3394 τοῦ
718 3341 978 3410 Θεολόγου
1017 3343 1224 3412 μονάδα
1245 3346 1387 3396 νοεῖν
1404 3345 1449 3375 ’⁸
1473 3345 1642 3413 αὐτὴν
1674 3345 1844 3416 Τριά-

259 3429 347 3494 δα,
379 3429 521 3485 οὕτω
551 3430 706 3500 κάγὼ
739 3431 940 3504 μονάδα
967 3433 1073 3484 νοῶ
1105 3431 1322 3486 ἀκούων
1371 3433 1504 3505 παρ’
1535 3434 1704 3488 αὑτοῦ
1745 3435 1844 3507 τὴν

262 3524 489 3594 Τριάδα.
521 3525 631 3578 Καὶ
656 3525 1094 3596 συμπεραίνεταί
1127 3541 1218 3595 μοι
1243 3525 1302 3577 τὸ
1319 3526 1496 3596 δόγμα
1527 3529 1607 3590 είς
1637 3528 1844 3599 μονάδα

260 3617 322 3668 ὲν
347 3616 552 3686 μονάδι.
587 3618 697 3670 Καὶ
726 3616 977 3689 καθάπερ
1003 3617 1077 3682 ὡς
1098 3621 1305 3672 ἐκεῖνον
1335 3619 1548 3689 σεαυτῷ
1571 3621 1662 3674 τὸν
1686 3621 1844 3690 λόγον

262 3706 570 3778 ἐκύρωσας,
594 3707 783 3761 τοῦτον
803 3709 962 3778 εῐμοι
989 3709 1260 3782 κυρώσεις
1295 3712 1646 3782 πεφυρμένος
1675 3713 1844 3776 ὅντως

258 3799 292 3851 6
323 3802 449 3862 νοῦς
483 3799 878 3871 φυραθήσεται,
938 3802 1034 3855 καὶ
1077 3803 1205 3856 τῶν³
1226 3803 1556 3858 ἀντιθέσεων
1585 3807 1677 3858 καὶ
1707 3807 1840 3860 dva-

259 3891 483 3962 τροπῶν
515 3894 544 3945 6
569 3891 730 3962 νόμος
762 3891 1218 3964 άχρειωθήσεται.
1265 3894 1405 3964 ὅπερ
1435 3896 1536 3948 οὑκ
1570 3897 1842 3968 ἐνδέχεται

259 3983 539 4052 γενέσθαι.
569 3983 629 4037 Εί
663 3984 720 4038 δὲ
750 3985 826 4056 μὴ
862 3987 1189 4056 κυρώσειας,
1214 3988 1408 4059 ὲνδίκῳ
1435 3989 1616 4060 κρίσει
1646 3991 1844 4062 λεχθή-

261 4076 420 4128 σεταί
449 4076 650 4136 σοι,ὃτι
671 4074 778 4128 τῶν
799 4075 974 4144 λόγων
1008 4077 1068 4130 οὑ
1099 4078 1392 4149 τυγχάνεις
1421 4077 1498 4132 ὢν
1529 4080 1842 4148 ἐξεταστὴς,

260 4167 405 4222 ὥστε
459 4166 759 4238 θρασύτητι
809 4168 1156 4239 διαστρέφειν
1216 4171 1351 4240 πρὸς
1414 4171 1475 4224 τὸ
1519 4172 1604 4224 σοὶ
1651 4171 1844 4226 δοκσῦν

259 4259 530 4328 ἀσχέτως.
571 4259 725 4312 Ἐπεὶ
758 4255 853 4313 οὖν
884 4261 1103 4332 ἀληθεῖς
1133 4256 1437 4317 εἶναιοῦτοι
1463 4265 1514 4316 oi
1546 4265 1715 4332 λόγοι,
1751 4264 1844 4328 οὒς

261 4351 394 4420 περὶ
423 4351 640 4419 φύσεως
663 4351 757 4404 καὶ
782 4352 1134 4416 ὑποστάσεως
1168 4354 1414 4425 εἴπομεν,
1442 4356 1759 4426 ⁴ιπγνόηνται,
1783 4356 1844 4410 τὸ

1944 3153 1998 3197 ει
2029 3146 2110 3199 sic
2142 3153 2200 3197 ut
2243 3155 2298 3197 tu
2336 3145 2567 3198 audiens
2612 3158 2677 3198 ex
2719 3141 2985 3214 Gregorio
3019 3144 3310 3206 unitatem.
3347 3145 3524 3212 ipsam

1945 3234 2280 3288 Trinitatem
2316 3234 2578 3302 intelligis
2603 3271 2618 3295 ,
2673 3233 2753 3286 sic
2787 3247 2889 3301 ego
2929 3232 3163 3286 audiens
3201 3233 3268 3285 ab
3300 3248 3365 3286 eo
3406 3230 3528 3285 Tri-

1944 3327 2208 3386 nitatem,
2257 3324 2522 3377 unitalem
2568 3323 2838 3392 intelligo.
2882 3322 2948 3374 Et
3009 3324 3287 3376 concludo
3329 3324 3526 3392 dogma

1947 3417 2076 3480 hoc,
2135 3415 2398 3470 unitatem
2438 3415 2492 3468 in
2549 3415 2759 3468 unitate
2797 3429 2943 3468 esse.
2979 3413 3042 3468 Et
3091 3415 3234 3468 sicut
3279 3423 3333 3466 tu
3391 3414 3527 3468 illud

1945 3507 2044 3562 tibi
2091 3504 2433 3574 approbasti,
2471 3503 2575 3557 hoc
2623 3503 2755 3556 mihi
2788 3504 2834 3559 si
2886 3505 3180 3573 approbes,
3220 3505 3528 3574 deprchen-

1945 3599 2106 3653 detur
2138 3598 2387 3667 profecto
2421 3611 2575 3650 mens
2628 3594 2884 3658 confusa,
2917 3605 2970 3650 et
2997 3597 3080 3650 lex
3110 3597 3526 3653 contradicendi

1946 3703 1999 3748 et
2041 3689 2328 3746 refellendi
2381 3690 2594 3744 inutilis
2647 3691 2776 3755 erit,
2799 3691 2946 3760 quod
2991 3707 3097 3745 non
3148 3700 3328 3761 potest
3385 3690 3525 3747 ﬁeri.

1949 3784 2004 3839 Si
2037 3797 2220 3838 autem
2263 3799 2372 3838 non
2426 3784 2788 3854 comprobes,
2843 3785 2996 3854 justo
3047 3786 3257 3854 judicio
3313 3785 3529 3839 dicetur

1948 3876 2070 3939 tibi,
2141 3891 2248 3929 non
2299 3885 2352 3928 te
2417 3875 2727 3944 expendere
2798 3877 2994 3938 verba,
3056 3891 3181 3929 cum
3257 3877 3526 3930 arbitratu

1949 3979 2042 4024 tuo
2071 3970 2256 4022 omnia
2292 3976 2606 4038 pervertere
2645 3983 2752 4024 non
2793 3970 3115 4024 erubescas.
3165 3969 3528 4036 Quandoqui-

1945 4065 2068 4118 dem
2102 4063 2269 4134 igitur
2305 4065 2440 4129 hmc,
2472 4080 2594 4133 quae
2621 4064 2686 4117 de
2719 4072 2913 4117 natura
2961 4073 3012 4117 et
3067 4063 3347 4134 hypustasi
3381 4061 3528 4114 dixi-

1947 4172 2096 4218 mus,
2135 4172 2264 4212 vera
2317 4172 2442 4211 esse
2481 4157 2725 4225 ignoras,
2771 4156 3043 4210 sententia
3093 4165 3279 4208 nostra
3325 4155 3531 4208 conlir-

1949 4258 2090 4302 mata
2116 4258 2219 4311 est,
2266 4251 2537 4302 unitatem
2587 4250 2896 4301 naturalem
2949 4249 3112 4300 aliam
3147 4263 3272 4301 esse
3327 4255 3530 4314 pru'lrl'

1949 4339 2281 4393 Trinitatem
2327 4339 2718 4409 hypostascon,
2748 4345 2802 4390 et
2839 4339 2996 4391 fidem
3023 4353 3242 4406 semper
3275 4354 3527 4406 perseve-

262 4441 536 4512 ἡμέτερον
567 4443 783 4504 πάντως
812 4441 1113 4513 ἐϐεϐαιώθη
1147 4420 1424 4515 φρὸνήμα,
1643 4447 1841 4518 φυσική

1951 4447 2075 4486 rare
2117 4431 2169 4484 iu
2214 4430 2570 4484 confessione
2605 4429 2838 4482 unitatis
2877 4438 3087 4482 natura:
3129 4427 3202 4498 (et
3236 4429 3528 4484 Trinitatis

265 4532 434 4602 μονάς
457 4531 590 4599 άλλη
621 4531 772 4602 παρὰ
799 4533 896 4602 τὴν
921 4533 1290 4602 ὑποστατικὴν
1325 4534 1553 4604 Τριάδα,
1575 4535 1671 4588 καὶ
1695 4537 1726 4606 ή
1757 4537 1848 4589 πί-

264 4638 384 4684 στις
432 4621 520 4674 ἀεὶ
573 4620 819 4692 διαμένει
867 4621 960 4675 ἐπὶ
1023 4623 1122 4690 τῆς
1160 4623 1453 4693 ὁμολογίας
1479 4624 1578 4694 τῆς
1608 4625 1846 4694 φυσικῆς

265 4711 514 4782 μονάδος,
545 4712 621 4776 ὡς
647 4715 673 4765 6
705 4713 848 4776 θεῖος
878 4711 982 4782 ἔφη
1037 4713 1372 4785 Γρηγόριος,
1417 4716 1512 4770 καὶ
1544 4718 1650 4780 πᾶς
1680 4718 1708 4768 6
1737 4717 1846 4770 rtLv

257 4806 434 4874 ἁγίων
459 4806 554 4859 καὶ
579 4804 892 4874 θεολήπτων
932 4805 1092 4876 χορὸς
1119 4807 1398 4878 Πατέρων.

335 4898 399 4950 Et
420 4897 477 4951 δέ
503 4915 586 4961 τις
636 4897 799 4950 πάλιν
832 4896 998 4961 εἴποι,
1027 4900 1130 4969 τὴν
1157 4898 1320 4967 φύσιν
1369 4900 1557 4971 κοινὴν
1613 4902 1710 4953 καὶ
1745 4902 1839 4955 ἰδι-

262 4992 369 5060 κὴν
424 4983 586 5054 εἶναι,
637 4989 730 5043 καὶ
781 4989 863 5044 ὅτι
897 4991 944 5043 εί
987 4989 1145 5062 μὲνὴ
1180 4991 1331 5062 κοινὴ
1389 4991 1550 5061 φύσις
1604 4993 1752 5047 ἐστὶν
1789 4997 1844 5048 αἱ

262 5081 593 5145 ὑποστάσεις
640 5083 833 5148 πᾶσαι,
864 5083 898 5152 ή
930 5081 1152 5154 δὲίδική
1207 5085 1324 5136 ἐστι
1369 5083 1468 5154 μία
1519 5085 1837 5151 ὑπόστασις

334 5262 363 5302 δ
401 5261 565 5316 llebr.
601 5275 676 5326 tv,
710 5258 795 5313 15.

1944 4524 2348 4592 personarum),
2413 4523 2560 4577 sicut
2611 4521 2750 4575 dixit
2813 4521 3031 4576 divinus
3087 4521 3405 4591 Gregorius,
3472 4529 3527 4576 ct

1943 4628 2136 4668 omnes
2169 4613 2347 4665 sancti
2381 4622 2432 4666 et
2458 4610 2630 4665 divini
2671 4608 2884 4666 l'atrcs.

2027 4902 2082 4957 Si
2132 4918 2259 4957 vero
2309 4919 2502 4960 rursus
2557 4904 2704 4959 dicat
2779 4914 3033 4960 naturam
3085 4922 3430 4963 communem
3473 4920 3526 4962 ct

1953 4996 2248 5065 specialem
2283 5012 2426 5062 esse,
2461 5005 2515 5052 et
2561 4999 2707 5069 quod
2743 5001 3054 5054 communis
3092 5011 3176 5055 est
3207 5017 3400 5056 omnes
3428 5001 3532 5070 hy-

1950 5097 2238 5158 postases,
2285 5089 2543 5159 specialis
2577 5107 2706 5148 vero
2753 5101 2840 5147 est
2887 5108 2994 5148 una
3039 5092 3354 5164 hypostasis
3389 5092 3525 5162 (40),

1541 5377 1771 5434 νΑηιΑε
1805 5380 2213 5437 ιΕΟἸἸΟΝΕΞ.

336 5465 381 5498 ³⁸
411 5467 860 5538 προσκυνουμένη
894 5465 1057 5522 Turr.
1135 5466 1180 5498 ’θ
1207 5468 1347 5529 νοεῖς
1395 5463 1553 5522 Turt'.

1772 5561 2006 5618 NOTAE.

337 5652 450 5724 (40)
495 5652 710 5710 Ponere
740 5656 794 5710 in
835 5655 1109 5712 Trinitate
1161 5665 1413 5711 naturam
1450 5669 1820 5720 communem,

266 5738 388 5793 quae
429 5725 501 5779 sit
529 5741 721 5783 omnes
767 5728 1113 5798 hypostases,
1147 5729 1690 5801 hzcreticorum_est;
1718 5727 1850 5784 ﬁdes

1935 5674 2065 5711 vero
2095 5659 2249 5728 ponit
2295 5676 2458 5717 unam
2495 5671 2750 5721 naturam
2787 5675 3139 5720 communem
3178 5663 3234 5720 in
3259 5661 3532 5722 Trinitate

1963 5729 2358 5801 hypostaseou.
