3912 6202
269 419 277 427 .
319 352 459 419 1513

1720 335 2147 404 ΪΟΡΗΞΕΗΕΑ.

3446 322 3583 391 ίειι

321 458 647 536 Τριάδος,δν
663 452 800 528 ὁμοῦ
855 452 948 509 δύο
993 450 1186 524 φύσεις
1215 448 1512 523 ἐσχηκέναι
1535 446 1723 519 σαφῶς
1751 463 1895 517 παρ-

2027 450 2144 500 ates
2195 438 2503 506 naturales,
2536 445 2593 494 et
2647 436 2768 493 duae
2815 435 3100 495 naturales
3145 437 3487 507 voluntates,
3528 446 3585 497 et

321 554 657 623 εστήσαμεν,
709 548 812 601 οὐκ
865 543 1033 615 ἀλλης
1074 543 1450 605 ὑποστάσεως.
1495 539 1608 593 Καὶ
1659 538 1768 610 γάρ
1791 536 1901 591 τῶν

319 643 627 715 δεχομένων
657 639 827 703 ἐστὶν,
848 631 892 692 ὦ
913 628 1081 700 οὗτοι,
1126 632 1256 704 μίαν
1287 633 1586 686 ὑπόστασιν
1608 630 1902 701 διαφόρους

323 734 466 805 ἔχειν
484 729 790 801 ἐνεργείας,
816 728 912 781 καὶ
942 726 1124 797 μένειν
1148 726 1241 779 ἐπὶ
1269 723 1370 794 τῆς
1394 724 1598 795 ἑαυτῆς
1648 720 1897 792 μονάδος.

324 826 552 892 Ὥσπερ,
576 816 1099 892 παραδειγματικῶς
1121 817 1316 881 εἰπεῖν,
1345 814 1616 886 βλέπομεν
1636 813 1728 867 τὸν
1750 811 1902 866 Παῦ-

321 916 413 969 λον
461 912 761 982 δυνάμενον
810 908 968 979 δρᾷν,
1021 906 1118 959 καὶ
1175 904 1420 968 ἀκούειν,
1456 904 1551 958 καὶ
1577 903 1782 965 λαλεῖν,
1808 902 1905 954 καὶ

322 1003 755 1075 διαλογίζεσθαι·
779 1002 813 1070 ἡ
845 1000 1058 1070 ὅρασις,
1110 997 1207 1051 καί
1238 999 1273 1068 ἡ
1294 996 1453 1068 ἀκοὴ,
1517 997 1611 1051 καὶ⁵
1633 996 1677 1067 ,ἡ
1721 992 1903 1058 λαλιὰ,

325 1098 420 1153 καὶ
447 1099 476 1150 δ
504 1091 893 1162 διαλογισμὸς,
939 1089 1192 1160 διάφοροί
1241 1089 1381 1141 εἰσιν
1431 1086 1710 1158 ἐνέργειαι
1737 1125 1752 1149 ,
1809 1084 1906 1138 καὶ

325 1190 527 1244 τούτων
543 1186 749 1256 ἑκάστη
773 1183 909 1251 άλλη
933 1180 1082 1250 παρά
1106 1180 1206 1251 τὴν
1233 1178 1430 1250 ἑτέραν
1451 1194 1463 1208 ·
1497 1178 1613 1231 ἀλλ’
1636 1178 1664 1229 ὁ
1692 1175 1906 1241 Παῦλος

332 1277 431 1350 μία
461 1278 611 1331 ἐστὶν
644 1276 969 1337 ὑπόστασις,
992 1269 1201 1335 ταύτας
1233 1267 1371 1338 ἔχων
1404 1268 1535 1331 ὅλας
1567 1267 1669 1330 τὰς
1707 1266 1909 1319 τέσσα-

332 1388 428 1441 ρας
448 1367 729 1439 ἐνεργείας
752 1380 768 1398 ο
806 1363 919 1417 ἀλλ’
946 1361 1214 1432 ὀφθαλμῷ
1244 1360 1344 1431 μὲν
1375 1360 1500 1431 δρᾷ,
1529 1360 1623 1413 καὶ
1648 1359 1749 1412 οὐκ
1765 1357 1909 1426 ἄλλῳ

329 1464 436 1516 τῶν
467 1459 562 1515 τοῦ
602 1458 856 1529 σώματος
906 1454 1084 1526 μελῶν
1105 1471 1119 1486 ο
1154 1453 1345 1508 ἀκούει
1378 1451 1436 1505 δὲ
1465 1451 1543 1522 τῷ
1592 1451 1759 1522 ὠτίῳ,
1815 1449 1911 1502 καὶ

330 1553 428 1606 οὑκ
455 1550 622 1621 ἄλλῳ,
649 1546 746 1602 καὶ
769 1549 836 1618 τῇ
858 1544 1078 1616 γλώττῃ
1101 1544 1274 1610 λαλεῖ,
1303 1545 1400 1597 καὶ
1417 1543 1521 1596 οὑκ
1544 1541 1689 1612 ἄλλῳ
1714 1540 1908 1611 μορίῳ,
1932 1602 1937 1611 ι

332 1643 425 1697 καὶ
450 1639 817 1708 διαλογίζεται
841 1636 920 1690 τῶ
954 1635 1058 1701 νοῒ,
1086 1636 1182 1690 καὶ
1211 1635 1314 1689 οὑκ
1361 1635 1507 1705 ἄλλῳ
1530 1633 1671 1688 τινί·
1704 1631 1909 1701 ἑκάστη

2001 535 2386 607 operatioues,
2412 532 2533 603 ejus
2568 531 2806 597 scilicet,
2841 530 2936 602 qui
2980 538 3067 587 est
3104 545 3211 586 una
3260 531 3582 603 bypostasis

2000 641 2071 682 ex
2110 630 2304 681 sancta
2346 620 2640 688 Trinitate,
2668 634 2832 691 quem
2863 628 3052 690 aperte
3094 620 3453 690 probavimus
3486 620 3586 677 ha-

2002 712 2136 768 bere
2177 710 2317 767 duas
2347 718 2598 775 naturas,
2633 722 2747 762 non
2799 706 2945 763 alius
2982 716 3039 761 et
3078 707 3224 762 alius
3265 707 3585 779 hypostasis

2004 801 2120 857 sive
2147 815 2418 872 personae.
2461 798 2746 870 Siquidem
2782 797 3051 869 possibile
3078 804 3184 866 est,
3216 814 3378 853 unam
3412 802 3585 870 hypo-

2003 892 2199 948 stasim
2224 891 2427 959 habere
2457 889 2709 946 diversas
2747 890 3106 960 operationes
3127 931 3142 956 ,
3185 896 3239 943 et
3271 903 3494 949 manere
3531 890 3586 943 in

2006 996 2109 1039 sua
2140 981 2371 1036 unitate.
2422 978 2767 1050 Utﬁexempli
2796 993 2967 1035 causa
3008 979 3283 1046 dicamus,
3329 980 3588 1036 videmus

2007 1073 2238 1129 Paulum
2272 1079 2550 1143 potentem
2593 1070 2802 1138 videre,
2853 1079 2908 1127 et
2961 1072 3175 1140 audire,
3222 1087 3287 1128 ac
3321 1071 3496 1144 loqui,
3538 1083 3592 1129 et

2006 1165 2292 1237 disputare
2312 1163 2520 1232 ;'visio,
2553 1163 2784 1229 auditio,
2814 1163 3043 1230 locutio,
3082 1170 3137 1220 et
3166 1163 3476 1234 disputatio
3507 1165 3592 1220 di-

2008 1272 2183 1313 versae
2212 1256 2568 1327 operationes
2600 1263 2761 1321 sunt;
2795 1264 2850 1311 et
2884 1270 3230 1327 unaquaeque
3260 1256 3454 1315 harum
3483 1258 3591 1314 alia

2007 1356 2093 1405 cst
2125 1356 2325 1419 praeter
2359 1348 2551 1414 aliam,
2602 1357 2657 1403 et
2693 1345 2904 1403 Paulus
2954 1363 3065 1402 una
3116 1355 3202 1404 est
3251 1348 3590 1421 hypostasis,

2009 1456 2133 1510 quae
2163 1441 2327 1496 habet
2342 1446 2487 1497 totas
2516 1445 2759 1508 quatuor
2790 1439 3184 1511 Operationes;
3214 1456 3404 1501 verum
3426 1443 3594 1498 oculo

2010 1535 2181 1601 videt,
2210 1543 2266 1591 et
2290 1550 2399 1591 non
2431 1533 2537 1589 alia
2580 1516 2735 1605 parte
2775 1535 3060 1605 corporis,
3101 1535 3255 1591 audit
3292 1551 3451 1605 aure,
3482 1554 3593 1594 non

2012 1626 2119 1682 alio
2141 1624 2415 1692 membro,
2458 1631 2513 1681 et
2538 1624 2726 1695 lingua
2759 1624 3028 1695 loquitur,
3069 1633 3256 1682 etnon
3290 1627 3396 1683 alia
3425 1623 3602 1697 parti:

331 1734 387 1789 δὲ
415 1732 524 1786 τῶν
563 1725 945 1783 ὑποστατικῶν
1002 1724 1299 1797 ἐνεργειῶν
1331 1724 1447 1795 ἔχει
1483 1723 1727 1793 φυσικὴν
1757 1722 1816 1774 ὲν
1841 1723 1908 1792 τῇ

2027 1716 2158 1781 :ula,
2191 1724 2247 1771 et
2278 1723 2462 1771 mente
2512 1714 2914 1782 ratiocinatur,
2958 1723 3013 1770 et
3048 1731 3156 1772 non
3200 1718 3311 1773 alio
3356 1720 3543 1790 aliquo
3580 1738 3595 1775 :

333 1783 629 1877 uenenarium
681 1819 933 1888 δύναμιν,
988 1783 1539 1888 ὑλην’ὑποκειμένην
1573 1812 1652 1884 τῷ
1680 1783 1912 1882 ένεργήί

2027 1819 2361 1877 unaquaeque
2391 1813 2573 1860 autem
2597 1806 2980 1875 operationum
3001 1783 3475 1878 hypustaticarum
3502 1812 3602 1866 ha-

337 1932 491 1988 ματι,
518 1915 654 1982 ὅπερ
686 1915 719 1983 ἡ
758 1910 1059 1973 ὑπόστασις
1113 1910 1348 1979 ἐνεργεῖ,
1386 1907 1482 1959 καὶ
1512 1904 1631 1959 ἔστι
1660 1903 1721 1957 τὸ
1752 1904 1908 1971 ἐνερ-

333 2006 598 2077 γούμενον
625 2003 757 2056 ἴδιον
780 2002 879 2072 τῆς
924 2000 1300 2062 ὑποστάσεως.
1341 1998 1437 2050 Ὃν
1470 1996 1671 2066 τρόπον
1698 1991 1913 2053 Παῦλος

338 2098 637 2158 ὑπόστασις
661 2092 760 2159 ὣν,
788 2091 1019 2161 δύναμιν
1037 2089 1151 2158 ἔχει
1174 2090 1241 2158 τῇ
1266 2084 1465 2140 ἑαυτοῦ
1486 2083 1681 2155 γνώμῃ
1706 2082 1911 2148 λαλεῖν,

336 2188 413 2249 ὡς
432 2187 649 2258 ἔχουσιν
679 2184 728 2237 οἱ
752 2183 954 2244 πάντες
1008 2179 1310 2250 ἄνθρωποι.
1371 2178 1434 2232 Οἱ
1497 2177 1682 2247 μέντοι
1740 2174 1913 2243 λόγοι,

337 2279 429 2342 οὒς
456 2277 667 2340 Παῦλος
718 2275 891 2338 λαλεῖ,
934 2270 1053 2327 καθ’
1087 2270 1146 2323 ὃν
1198 2269 1497 2338 φθέγγεται
1554 2266 1767 2339 καιρὸν,
1821 2262 1914 2318 τοῦ

341 2370 555 2425 Παύλου
617 2368 756 2420 εἰσιν
805 2366 950 2419 ίδιοι.
974 2362 1130 2417 Οὕτω
1174 2361 1352 2415 τοίνυν
1384 2360 1459 2432 μὴ
1482 2356 1916 2429 ἀπαγορευτέον,

342 2464 434 2517 τδν
463 2462 635 2518 ἀΐδιον
665 2460 816 2525 Υἱδν,
838 2459 932 2513 τὸν
962 2444 1027 2510 ὲκ
1048 2456 1147 2526 τῆς
1175 2453 1402 2524 Τριάδυς
1444 2451 1661 2506 ἅπαντα
1690 2450 1919 2503 ὑπόστα-

347 2572 452 2621 σιν,
483 2554 627 2625 ἔχειν
674 2551 812 2622 μετὰ
866 2550 968 2620 τὴν
1029 2545 1225 2601 ἑαυτοῦ
1264 2542 1699 2616 ὲνανθρώπησιν,
1725 2543 1826 2612 τήν
1857 2556 1920 2594 τε

347 2646 498 2699 θείαν
541 2642 726 2713 φύσιν,
776 2638 1142 2709 ὡςόΠατὴρ,
1198 2635 1294 2691 καὶ
1349 2634 1411 2687 τὸ
1470 2632 1625 2703 άγιον
1670 2628 1918 2701 Πνεῦμα,

346 2737 441 2791 καὶ
469 2736 568 2807 τὴν
617 2732 969 2805 ἀνθρωπίνην
1025 2730 1220 2799 φύσιν,
1284 2726 1476 2797 ὥσπερ
1525 2725 1757 2788 ἕκαστος
1811 2723 1921 2779 τῶν

345 2827 489 2881 κατὰ
540 2826 709 2895 μέρος
767 2822 1104 2893 ἀνθρώπων,
1156 2819 1277 2874 καθ’
1320 2818 1381 2872 δν
1440 2818 1766 2890 προέφημεν
1795 2815 1922 2888 τρό-

346 2934 467 2971 πον.

415 3006 635 3062 Τούτων
680 3003 853 3067 οὑτως
924 3002 1190 3073 ἐχόντων,
1245 3000 1493 3070 πέφυκεν
1542 2998 1919 3070 εἰλικρινῶςή

2018 1899 2111 1955 bet
2143 1898 2451 1952 naturalem
2503 1897 2558 1951 in
2617 1897 2901 1969 hypostasi
2956 1900 3259 1969 potentiam
3308 1904 3599 1960 materiam

2020 1987 2327 2058 subjectam
2374 1986 2621 2054 ell‘ectui,
2662 2004 2827 2059 quem
2869 1989 3187 2065 hypostasis
3233 2001 3513 2062 operatur,
3547 2004 3603 2050 et

2019 2086 2105 2135 est
2164 2079 2310 2150 quod
2369 2079 2641 2147 eliicitur,
2700 2081 2990 2153 proprium
3036 2083 3383 2155 hypostasis.
3444 2086 3601 2142 Sicut

2020 2169 2247 2239 Paulus,
2286 2171 2380 2242 qui
2426 2179 2512 2229 est
2563 2172 2903 2245 hypostasis,
2950 2176 3253 2245 potentiam
3311 2176 3475 2233 habet
3518 2179 3601 2235 lo-

2022 2263 2227 2333 quendi
2277 2279 2378 2320 sua
2410 2265 2706 2331 voluntate,
2758 2267 2925 2323 sicuti
2965 2269 3170 2324 habent
3196 2284 3389 2328 omnes
3422 2272 3603 2329 homi-

2024 2369 2143 2410 nes.
2177 2352 2473 2413 Sermones
2527 2364 2708 2414 tamen
2765 2374 2908 2430 quos
2954 2359 3159 2416 Paulus
3190 2362 3460 2434 loquitur,
3493 2380 3603 2435 quo

2027 2454 2273 2514 tempore
2330 2446 2598 2533 loquilur,
2646 2450 2855 2521 proprii
2903 2462 3036 2509 sunt
3087 2454 3264 2511 Pauli.
3302 2456 3394 2512 Sic
3438 2457 3605 2530 igitur

2027 2546 2139 2586 non
2174 2541 2259 2589 est
2298 2536 2630 2606 negandum,
2670 2546 2939 2597 aeternum
2970 2539 3177 2599 ‘Filium
3218 2552 3397 2601 totum
3427 2547 3606 2620 hypo-

2027 2625 2221 2685 stasim
2267 2640 2334 2681 ex
2381 2625 2674 2696 Trinitate,
2734 2631 2940 2690 habere
2984 2644 3114 2705 post
3165 2636 3602 2696 incarnationem

2028 2726 2285 2773 naturam
2335 2719 2601 2791 divinam,
2637 2723 2804 2779 sicuti
2845 2741 2990 2782 unus
3040 2724 3225 2794 Pater,
3267 2736 3322 2784 et
3362 2728 3607 2800 Spiritus

2026 2818 2293 2879 sanctus;
2322 2820 2379 2869 et
2404 2820 2657 2869 naturam
2688 2815 3009 2885 humanam,
3035 2820 3200 2876 sicuti
3226 2824 3608 2895 unusquisque

2029 2903 2193 2957 homo
2220 2903 2601 2975 particularis,
2637 2908 2778 2964 sicut
2805 2916 2936 2965 ante
2960 2910 3224 2968 diximus.

2100 2996 2229 3053 Haec
2263 3014 2390 3054 cum
2435 3001 2528 3072 sie
2544 3000 2677 3069 sint,
2721 3003 2891 3060 habet
2940 3005 3126 3061 divina
3164 3015 3366 3064 natura
3406 3008 3463 3066 in
3502 3024 3609 3076 av-

346 3099 469 3153 υεία
502 3096 687 3168 φύσις,
722 3097 779 3149 ὲν
806 3096 872 3166 τῇ
904 3092 1069 3150 αὑτοῦ
1099 3093 1416 3157 ὑποστάσει,
1449 3092 1551 3162 ὕλη
1580 3094 1691 3156 τοῖς
1724 3088 1921 3144 ἑαυτοῦ

2028 3088 2250 3177 postasi.
2278 3088 2426 3157 Filii,
2477 3098 2540 3147 ut
2585 3093 2658 3148 sit
2699 3098 2932 3151 materia
2986 3097 3194 3155 divinis
3245 3099 3365 3172 ejus
3416 3108 3606 3163 oneri-

349 3190 517 3253 θείοις
566 3188 771 3259 ἔργοις,
803 3185 840 3241 ἃ
865 3184 1010 3240 κατά
1050 3183 1147 3255 τὴν
1172 3182 1584 3255 ἐνανθρωπησιν
1619 3180 1806 3248 αὐτοῦ,
1829 3181 1921 3234 καὶ

2027 3185 2130 3237 bus
2155 3182 2305 3252 (M),
2341 3199 2462 3253 quae
2518 3186 2825 3242 secundum
2862 3203 3021 3244 suam
3064 3190 3469 3250 humanitatem
3513 3210 3607 3253 as-

347 3285 444 3337 ἑπὶ
487 3284 592 3354 γῆς
647 3279 999 3352 ἀναστροφὴν
1054 3277 1372 3348 εἰργάσατο.
1418 3275 1660 3346 Ἀληθῶς
1685 3275 1741 3329 δὲ
1774 3274 1928 3342 καὶὴ

349 3373 667 3447 ἀνθρωπίνη
694 3371 857 3442 φύσις
889 3370 1067 3423 ἔνεστι
1095 3370 1163 3441 τῇ
1194 3366 1291 3421 τοῦ
1319 3366 1493 3420 ἀϊδίου
1534 3365 1666 3419 Υίοῦ
1690 3363 1930 3420 ὑποστά-

353 3485 459 3531 σει,
486 3465 588 3537 ὖλη
636 3465 751 3526 τοῖς
793 3461 993 3516 ἑαυτοῦ
1019 3457 1384 3532 ἀνθρωπίνοις
1405 3456 1611 3528 ἔργοις,
1639 3455 1677 3510 ἀ
1696 3457 1810 3519 τοῖς
1835 3456 1931 3509 ἀν-

351 3561 594 3633 θρώποις
622 3553 1205 3627 συναναστρεφόμενος
1248 3551 1575 3622 πεποίηκεν,
1631 3548 1729 3603 καὶ
1781 3545 1931 3600 ἐστιν

350 3651 517 3706 αὑτοῦ
566 3649 675 3703 ῐδια
716 3647 873 3720 παρά
918 3646 1128 3708 πάντας
1181 3641 1529 3713 ἀνθρώπους.
1564 3640 1624 3695 '0
1666 3639 1828 3702 αὑτὸς
1874 3637 1933 3693 δὲ

349 3724 510 3816 λόγος
546 3743 697 3797 ἐστὶν
749 3741 845 3795 xa‘t
879 3739 974 3793 ἐπὶ
1002 3739 1115 3802 τοῖς
1142 3736 1295 3790 δυσὶν
1327 3732 1492 3789 αὑτοῦ
1516 3734 1766 3802 φυσικοῖς
1789 3728 1932 3786 ίδιώ-

352 3836 526 3909 μασιν
550 3850 609 3887 τε
643 3830 739 3886 καὶ
778 3830 1100 3902 θελήμασιν.

438 3926 763 3994 Ἀναγκαῖον
790 3924 850 3978 δὲ
882 3922 978 3977 καὶ
1037 3918 1197 3975 τοῦτο
1229 3919 1305 3990 μὴ
1343 3918 1557 3990 ἀσαφὲς
1612 3915 1933 3971 καταλιπεῖν

352 4020 435 4093 τῷ
486 4017 866 4088 ἐντυγχάνοντι
896 4014 1031 4083 τῷδε
1079 4013 1158 4083 τῷ
1185 4011 1443 4083 ἡμετέρῳ
1486 4009 1795 4080 γράμματι,
1852 4007 1933 4061 ὅτι

351 4113 450 4165 τὸν
478 4110 647 4165 ἀΐδιον
678 4107 806 4161 Υίὸν
836 4105 1119 4175 ἄνθρωπον
1146 4102 1399 4172 λέγοντες
1429 4099 1781 4169 γεγενῆσθαι,
1812 4096 1935 4152 τοῦ-

350 4204 417 4256 τό
450 4217 652 4272 φαμεν,
691 4201 829 4269 ὅπερ
861 4182 1181 4259 Ἀθανάσιός
1211 4212 1271 4249 τε
1305 4193 1401 4248 καὶ
1447 4191 1737 4263 Κύριλλος,
1761 4190 1812 4244 οι
1836 4189 1935 4260 τῆς

367 4286 785 4361 Ἀλεξανδρείας
842 4285 1131 4357 είρήκασιν
1192 4284 1470 4354 ίεράρχαι,
1525 4284 1620 4335 καὶ
1656 4282 1857 4343 πάντες
1884 4280 1934 4332 οί

352 4380 610 4451 θεοφόροι
640 4376 904 4449 Πατέρες,
927 4377 1010 4429 ὃτι
1055 4376 1247 4440 κτίσας
1270 4379 1336 4430 ὲκ
1352 4375 1450 4446 τῆς
1494 4372 1773 4443 Παρθένου
1799 4388 1937 4426 παν-

2028 3276 2325 3338 sumptam,
2368 3283 2422 3325 et
2473 3273 2778 3328 secundum
2827 3278 3309 3335 conversationem
3355 3283 3415 3338 in
3455 3290 3606 3340 terra

2028 3372 2288 3431 operatus
2318 3369 2423 3416 est.
2465 3360 2605 3418 Vere
2648 3362 2799 3419 enim
2837 3372 2893 3420 et
2946 3375 3143 3422 natura
3170 3369 3413 3428 humana
3460 3373 3609 3431 inest

2028 3452 2088 3506 in
2138 3451 2419 3523 hypostasi
2470 3453 2661 3509 aeterni
2709 3453 2836 3511 Filii
2888 3458 3125 3515 materia
3181 3462 3298 3518 suis
3343 3465 3604 3534 operibus

2031 3541 2311 3609 humanis,
2349 3559 2472 3615 quae
2503 3559 2630 3602 cum
2678 3545 2997 3606 hominibus
3040 3565 3238 3622 agens,
3279 3562 3335 3609 et
3372 3555 3429 3610 in
3460 3564 3610 3613 terra
3697 3554 3703 3559 ’

2031 3649 2263 3692 versans
2302 3634 2452 3700 fecit,
2485 3644 2541 3691 et
2584 3646 2715 3692 sunt
2751 3638 2875 3710 ejus
2913 3645 3137 3712 prapria
3176 3652 3378 3715 praeter
3413 3661 3609 3705 omnes

2033 3724 2303 3782 homines.
2331 3725 2536 3782 Eadem
2570 3728 2714 3784 ratio
2744 3738 2831 3786 est
2868 3739 2926 3786 et
2958 3733 3014 3787 in
3044 3733 3259 3793 duabus
3290 3737 3415 3807 ejus
3446 3746 3614 3795 natu-

2033 3817 2240 3873 ralibus
2269 3819 2699 3890 proprietatibus
2747 3833 2804 3878 et
2829 3824 3226 3883 voluntatibus.

2103 3909 2490 3969 Necessarium
2540 3920 2808 3984 praeterea
2848 3928 2931 3973 est
2983 3934 3094 3975 non
3138 3921 3456 3994 relinquere
3505 3925 3614 3984 hoc

2032 4003 2226 4061 lectori
2261 4006 2378 4062 sine
2407 4006 2798 4077 explicatione,
2835 4010 2984 4081 quod
3014 4027 3138 4068 cum
3174 4013 3413 4074 dicimus
3449 4028 3611 4075 metu

2034 4110 2166 4149 num
2194 4093 2393 4151 Filium
2422 4095 2628 4154 factum
2663 4115 2788 4157 esse
2835 4100 3115 4158 hominem
3138 4142 3155 4170 ,
3208 4104 3315 4162 hoc
3350 4108 3612 4177 dicimus,

2035 4187 2184 4258 quod
2239 4186 2577 4247 Athanasius
2624 4199 2682 4247 et
2733 4192 2976 4265 Cyrillus
3018 4194 3376 4254 Alexandrini
3436 4203 3620 4259 archi-

2035 4282 2304 4352 episcOpi,
2355 4293 2409 4339 et
2441 4298 2635 4339 omnes
2683 4287 2864 4341 sancti
2901 4284 3097 4343 Patres
3153 4288 3436 4356 dixerunt,
3488 4307 3615 4349 cum

2039 4372 2331 4429 fabricavit
2362 4376 2465 4431 sibi
2496 4392 2565 4432 ex
2596 4377 2898 4448 purissima
2945 4377 3172 4450 Virgine
3198 4380 3374 4437 Maria
3404 4387 3618 4440 anima-

354 4460 528 4540 ἀγνου
576 4469 801 4541 Μαρίας
824 4466 1005 4537 ἑαυτῷ
1028 4466 1413 4538 ἐψυχωμένην,
1444 4465 1671 4536 λογικήν
1725 4482 1786 4519 τε
1836 4465 1921 4519 καὶ

2038 4458 2151 4520 tum
2185 4473 2240 4521 et
2280 4468 2723 4536 ratiocinantem,
2766 4485 2831 4525 ac
2865 4470 3266 4543 intelligentem
3311 4474 3614 4530 humanam

356 4564 513 4635 ἱερὰν
527 4561 727 4633 ψυχὴν,
754 4560 890 4615 ἰδίαν
914 4560 1011 4631 τῆς
1034 4559 1230 4614 ἑαυτοῦ
1248 4559 1600 4623 ὑποστάσεως
1619 4557 1934 4628 ἐποιήσατο,

347 4654 431 4716 ὼς
467 4654 500 4722 ὴ
528 4651 623 4705 τοῦ
655 4650 826 4713 δεῖνος
882 4648 1019 4718 σάρξ
1038 4665 1098 4701 τε
1133 4649 1229 4701 καὶ
1268 4647 1435 4719 ψυχὴ,
1466 4648 1567 4719 τῆς
1624 4646 1719 4700 τοῦ
1766 4646 1937 4710 δεῖνος

351 4745 709 4807 ὑποστάσεως
739 4742 843 4796 ίδία
866 4741 1226 4812 καθέστηκεν.
1257 4742 1354 4794 Ὃν
1376 4736 1469 4797 οὖν
1487 4739 1689 4810 τρόπον
1718 4738 1930 4805 όδεῖνα,

349 4841 383 4892 ὁ
416 4836 578 4907 σῶμα
636 4833 978 4907 ἀνθρώπινον
1035 4833 1174 4903 ἔχων
1201 4832 1295 4887 καὶ
1332 4831 1514 4902 ψυχὴν
1558 4830 1932 4903 ἀνθρωπίνην,

347 4925 643 4998 ἄνθρωπός
671 4927 820 4978 ἐστιν
842 4940 856 4955 ν
880 4924 972 4978 τὸν
991 4923 1155 4978 αὐτὸν
1176 4924 1377 4996 τρόπον
1392 4925 1421 4975 ὁ
1446 4922 1618 4987 ἀΐδιος
1644 4922 1794 4989 Υἱὸς,
1822 4920 1933 4976 κτί-

351 5037 455 5083 σας
477 5021 543 5089 cf;
573 5017 766 5072 ἑαυτοῦ
789 5002 1093 5072 ὑποστάσει
1120 5017 1284 5087 σῶμα
1302 5016 1674 5088 ἀνθρώπινον,
1702 5003 1930 5085 καὶψυ-

346 5110 455 5183 χὴν
484 5109 863 5181 ἀνθρωπίνην,
893 5112 988 5162 καὶ
1013 5109 1123 5163 ἴδια
1144 5107 1311 5163 αὑτοῦ
1337 5108 1504 5179 ἄμφω
1531 5107 1925 5178 ποιησάμενος,

226 5270 241 5283 Δ
345 5202 577 5271 γέγονεν
611 5200 827 5276 άληθῶς
883 5201 1190 5273 ἄνθρωπος.
1215 5201 1429 5272 ’Ὥσπερ
1449 5199 1506 5255 δὲ
1530 5201 1592 5254 τὸ
1617 5199 1712 5283 τοῦ
1760 5194 1933 5263 δεῖνος

346 5298 511 5385 σεῦμα
545 5297 639 5347 καὶ
664 5294 698 5364 ἠ
726 5292 876 5368 ψυχὴ
925 5293 1215 5364 ἀμφότερα
1244 5292 1344 5361 τῆς
1361 5291 1556 5345 ἑαυτοῦ
1585 5280 1934 5355 ὑποστάσεως

2037 4572 2291 4626 carnem,
2349 4560 2517 4615 etiam
2563 4560 2863 4617 humanam
2918 4563 3317 4634 intelligentem
3374 4569 3617 4623 animam

2040 4648 2316 4717 propriam
2373 4666 2488 4705 suae
2543 4651 2857 4723 hyposlasis
2908 4653 3066 4724 fecit,
3122 4657 3286 4713 sicuti
3326 4659 3617 4729 cujusdam

2037 4755 2169 4797 caro
2218 4748 2272 4795 et
2321 4741 2503 4795 anima
2529 4742 2818 4812 cujusdam
2864 4744 3182 4816 hypostasis
3205 4748 3321 4804 sive
3363 4766 3618 4820 personae

2036 4834 2259 4904 propria
2307 4841 2413 4889 est.
2461 4833 2619 4889 Sicut
2668 4834 2839 4906 igitur
2876 4837 3131 4908 quidam,
3179 4841 3275 4911 qui
3320 4857 3520 4914 corpus
3562 4854 3622 4901 ct

2040 4923 2278 4977 animam
2309 4922 2472 4993 377
2516 4923 2701 4989 habet,
2751 4924 2918 4983 homo
2956 4937 3063 4995 est,
3107 4929 3175 4989 ad
3206 4933 3459 4989 eumdem
3493 4949 3617 4989 mo-

2038 5016 2169 5071 dum
2195 5022 2439 5071 aeternus
2471 5014 2669 5084 Filius,
2706 5013 3017 5076 fabricatus
3037 5022 3143 5077 sibi
3187 5037 3392 5092 corpus
3424 5023 3622 5077 huma-

2037 5123 2192 5173 num,
2234 5114 2290 5163 et
2325 5106 2564 5161 animam
2597 5107 2922 5175 humanam,
2953 5121 3008 5168 et
3053 5114 3216 5169 ambo
3254 5113 3480 5185 propria
3512 5114 3619 5168 sibi

2034 5199 2264 5266 faciens,
2302 5199 2484 5254 factus
2514 5206 2601 5254 est
2631 5215 2760 5255 vere
2802 5201 2991 5258 homo.
3024 5203 3390 5274 Sicut‘igitur
3411 5218 3617 5275 corpus

2036 5297 2091 5345 et
2114 5289 2298 5344 anima
2329 5287 2613 5359 cujusdam
2645 5300 2878 5359 utraque
2923 5299 3053 5346 sunt
3086 5294 3312 5362 propria
3353 5306 3468 5348 suae
3500 5304 3624 5363 per-

1857 5439 2089 5497 NOTAE.

348 5558 351 5559 ν
423 5535 537 5603 (tt)
578 5532 757 5590 Schol.
784 5532 945 5588 Turr.
978 5530 1133 5587 Sicut
1156 5533 1403 5602 potentia
1420 5540 1506 5590 est
1528 5531 1775 5599 subjecta
1807 5534 1927 5590 suis

348 5605 768 5674 operationibus
809 5605 865 5657 in
902 5604 1182 5672 hypostasi
1237 5604 1500 5667 humana,
1550 5604 1631 5657 sic
1669 5603 1722 5657 in
1757 5603 1929 5674 hypo-

349 5674 486 5728 stasi
515 5674 703 5728 divina
730 5673 853 5726 Filii
885 5674 1068 5726 divina
1106 5679 1303 5727 natura
1354 5674 1602 5742 subjecta
1631 5684 1749 5726 erat
1780 5673 1925 5727 divi-

347 5743 439 5801 nis
469 5744 887 5814 operationibus
918 5761 931 5795 :
965 5743 1203 5796 humana
1239 5758 1371 5799 vero
1410 5754 1608 5799 natura
1640 5742 1693 5795 in
1726 5743 1915 5799 eadem

566 5886 578 5892 -
677 5832 951 5894 PATItOl..
1000 5834 1118 5897 Gn.
1166 5835 1402 5897 XCVII.

2039 5534 2319 5606 hypostasi
2357 5535 2543 5590 divina
2579 5535 2825 5605 subjecta
2873 5534 3293 5604 operationibus
3334 5535 3612 5594 humanis.

2039 5603 2251 5658 Dicitur
2277 5612 2474 5658 natura
2502 5603 2690 5659 divina
2730 5603 2980 5667 materia,
3017 5608 3069 5661 id
3098 5614 3203 5668 est,
3237 5607 3413 5661 instar
3442 5616 3637 5662 mate-'

2036 5674 2153 5741 riae,
2189 5684 2244 5729 et
2287 5676 2520 5745 subjecti
2559 5675 2860 5732 secundum
2896 5676 3119 5731 modum
3153 5676 3615 5745 apprelicnsionis

2030 5756 2257 5812 nostrae,
2292 5752 2351 5799 ut
2380 5757 2605 5802 sanctus
2634 5745 2834 5801 Thozn.
2868 5746 3013 5817 loqui
3052 5748 3210 5803 sule'.

3217 5840 3295 5903 [ιδ
