3912 6202
384 282 518 349 1515

1607 274 1705 333 ΤΗ
1715 268 1987 334 EODORI

2093 265 2402 328 BUCAIUE
3519 256 3639 327 1516

377 414 545 465 sonte,
578 408 634 455 et
656 394 794 451 ‘non
831 393 970 448 alius
1014 394 1268 448 humanm
1309 408 1557 463 personre
1588 393 1695 465 [sic
1722 405 1947 463 corpus,
1982 438 1987 451 .

2093 389 2183 452 ita,
2207 386 2308 440 οὐκ
2334 384 2504 454 ἄλλης
2524 382 2631 435 τῶν
2654 379 3008 451 ἀνθρωπίνων
3028 377 3402 432 ὑποστάσεων
3423 390 3437 405 ⁸
3464 378 3639 432 τούτου

375 504 430 548 et
456 492 643 547 anima
663 486 853 543 aeterni
885 485 1035 550 Filii,
1075 485 1239 540 ambo
1269 492 1400 539 sunt
1438 486 1662 556 propria
1706 499 1822 540 suae
1856 483 1954 554 hy-

379 582 637 653 postasis,
658 587 714 635 et
733 594 843 634 non
860 578 1003 633 alius
1019 576 1382 631 humanarum
1402 576 1770 648 hypostaseon
1791 572 1952 646 (62)],

378 674 481 728 hac
518 671 588 726 de
615 684 783 725 causa
825 667 1067 722 dicimus
1096 675 1364 722 aeternum
1408 666 1607 721 Filium
1646 681 1815 721 unam
1854 666 1956 736 hy-

381 764 645 835 postasim
690 777 757 816 ex
788 758 1085 824 Trinitate,
1120 759 1323 814 habere
1365 759 1503 813 duas
1544 768 1792 822 naturas,
1841 772 1952 811 non

382 864 646 924 utrasque
686 852 893 917 ίδικῶς,
926 852 979 905 id
1011 857 1125 914 est,
1163 850 1477 920 specialiter
1511 851 1626 905 sive
1652 848 1955 919 particula-

384 950 517 1003 riter
552 945 835 1017 hypostasi
872 944 1049 1015 ipsius
1079 941 1436 1007 diil‘erentes;
1494 940 1590 996 sed
1623 941 1809 996 divina
1840 939 1962 1008 qui-

384 1040 509 1095 dem
541 1048 740 1093 natura
766 1038 944 1108 ipsius
962 1043 1017 1091 et
1046 1034 1244 1097 Patris,
1272 1042 1324 1089 et
1353 1033 1594 1103 Spiritus
1621 1031 1800 1087 sancti
1823 1034 1964 1091 erat,

384 1132 619 1185 humana
666 1142 796 1183 vero
846 1126 1025 1197 ipsius
1059 1120 1128 1179 "et
1176 1124 1481 1178 hominum.
1528 1121 1852 1194 Hypostasis
1883 1128 1967 1174 ta-

385 1237 511 1275 men
549 1220 671 1289 ejus
718 1217 1113 1289 διαφερόντως,
1158 1216 1209 1269 id
1256 1222 1341 1270 est
1382 1216 1659 1284 praecipue
1710 1213 1819 1283 ipsi
1862 1212 1968 1267 soli

387 1319 587 1381 praeter
618 1310 835 1365 Patrem
877 1314 931 1362 et
975 1305 1247 1377 Spiritum
1293 1312 1569 1371 sanctum,
1611 1304 1879 1359 distincta
1915 1311 1969 1355 et

2059 479 2125 548 δὴ
2158 478 2320 549 χάριν
2382 475 2475 529 τὸν
2530 471 2699 527 ἀΐδιον
2724 471 2849 524 Υίόν
2874 487 3061 541 φαμεν
3089 468 3185 524 τὸν
3207 469 3273 522 ἐκ
3299 468 3408 540 τῆς
3427 468 3638 541 Τριάδος

2061 572 2190 624 ὄντα
2227 569 2354 640 μίαν
2379 565 2701 630 ὑπόστασιν,
2760 562 2852 617 δύο
2884 561 3083 631 φύσεις
3114 560 3294 631 ἔχειν,
3345 560 3450 613 οὐκ
3478 560 3639 624 ίδικῶς

2062 661 2332 731 ἑκατέρας
2377 661 2444 728 τῇ
2483 655 2652 717 αὑτοῦ
2707 654 3001 708 ὑποστάσει
3054 650 3470 722 διαφερούσας,
3519 650 3637 703 ἀλλὰ

2060 756 2159 825 τῆς
2193 753 2291 825 μὲν
2348 752 2502 814 θείας
2554 748 2773 818 φύσεως
2832 743 2998 800 αὑτοῦ
3024 761 3113 808 τε,
3146 745 3245 797 καὶ
3300 744 3511 813 [ἰατρὸς
3557 746 3637 796 καὶ

2064 847 2223 915 ἁγίου
2260 845 2581 915 Πνεύματος
2621 837 2721 913 ἦν·
2765 838 3093 909 ἀνθρωπίνη
3121 837 3205 905 δὲ,
3231 836 3397 913 trigo-3
3452 854 3508 889 τε
3555 837 3636 889 καὶ

2064 938 2175 990 τῶν
2214 936 2355 990 κατά
2409 935 2576 1007 μέρος
2638 930 2969 1003 ἀνθρώπων.
3018 930 3086 983 Ἦ
3112 931 3296 1000 μέντοι
3354 929 3633 989 ὑπόστασις

2069 1028 2235 1082 αὐτοῦ
2262 1026 2631 1097 διαφερόντως
2674 1022 2825 1095 αὐτῷ
2886 1023 3039 1092 μόνῳ
3093 1020 3238 1091 παρά
3287 1020 3381 1073 τὸν
3426 1021 3632 1091 Πατέρα

2063 1119 2158 1173 καὶ
2186 1120 2249 1171 τὸ
2282 1115 2509 1186 Πνεῦμα
2547 1115 2610 1167 τὸ
2652 1114 2810 1182 ἅγιον
2858 1109 3183 1182 ἀφώρισται,
3241 1112 3335 1163 καὶ
3373 1111 3436 1163 τὸ
3489 1111 3632 1181 σῶμα

2064 1208 2228 1263 αὐτοῦ
2282 1209 2377 1260 καὶ
2403 1204 2601 1277 ἡψυχὴ
2626 1204 2812 1267 ίδικῶς
2845 1202 3126 1275 ἀμφότερα
3146 1202 3243 1273 τῆς
3276 1202 3631 1263 ὑποστάσεως

2064 1299 2230 1356 αὐτοῦ
2262 1300 2419 1371 παρὰ
2444 1298 2654 1361 πάντας
2679 1296 3033 1370 ἀνθρώπους.

390 1404 629 1458 discreta
666 1410 772 1469 est,
805 1408 860 1455 et
905 1413 1110 1469 corpus
1155 1397 1278 1468 ejus
1318 1405 1373 1452 et
1416 1397 1600 1450 anima
1649 1394 1964 1465 specialiter
2003 1402 2134 1447 sunt
2172 1390 2509 1463 liypostasis,
2553 1389 2671 1445 sive
2712 1403 2970 1459 persona:
3009 1388 3132 1459 ejus
3191 1395 3366 1457 praeter
3436 1398 3627 1437 omnes

397 1496 673 1551 homines.

421 1588 814 1656 .Quaecunque
863 1590 1045 1638 autem
1092 1579 1359 1636 sustinuit
1386 1587 1441 1632 et
1500 1592 1666 1648 passa
1718 1582 1803 1632 est
1840 1587 1971 1629 caro

2150 1565 2297 1618 Ὅσα
2334 1562 2393 1616 δὲ
2418 1561 2632 1633 ὑπέστη
2662 1560 2757 1616 καὶ
2806 1560 3081 1615 πέπονθεν
3104 1563 3137 1631 ἡ
3168 1559 3265 1613 τοῦ
3293 1559 3442 1613 ἀϊδίου
3470 1562 3598 1633 σάρξ

390 1680 580 1738 aeterni
612 1676 756 1745 Filii,
784 1662 840 1732 et
860 1674 1043 1729 anima
1097 1672 1220 1743 ejus
1272 1672 1541 1732 humana,
1580 1670 1705 1739 ipse
1730 1674 1972 1723 aeternus

2093 1657 2176 1711 ιαὶ
2220 1657 2253 1727 η
2288 1654 2611 1726 ἀνθρωπίνη
2660 1651 2829 1731 αὐτοῦ
2862 1652 3049 1724 ψυχὴ,
3080 1652 3247 1715 αὐτὸς
3285 1654 3313 1704 6
3336 1652 3485 1715 ἀΐδιος
3502 1654 3617 1707 Tib:

386 1773 561 1829 Filius
618 1770 713 1826 Dei
773 1766 1110 1823 sustinuisse
1146 1772 1201 1819 et
1232 1777 1433 1832 passus
1483 1774 1607 1815 esse
1637 1758 1884 1822 dicitur;
1925 1764 1979 1810 et

2093 1747 2384 1817 ὅψεστᾶναί
2444 1762 2503 1799 τε
2558 1745 2779 1814 λέγεται
2828 1744 2926 1798 καὶ
2972 1743 3345 1808 πεπονθέναι,
3376 1746 3465 1797 καὶ
3499 1746 3629 1815 αὒτῷ

390 1866 493 1938 ipsi
509 1842 637 1919 vero
657 1860 1067 1923 acciderunt,et
1086 1856 1186 1926 ipsi
1207 1855 1609 1916 attribuuntur,
1632 1851 1798 1907 sicuti
1829 1864 1980 1921 quae-

2093 1838 2402 1909 συμὸέὸηκε
2441 1836 2584 1890 κατά
2612 1835 2896 1906 ἀλήθειαν,
2935 1836 3032 1888 καὶ
3075 1835 3231 1906 αὐτῷ
3260 1837 3632 1907 ὲπιγράἦεται,

390 1926 613 2027 cunque
642 1952 850 2025 patitur
893 1962 1023 2005 caro
1079 1947 1370 2016 cujusdam
1430 1952 1486 2000 et
1526 1945 1731 2008 anima,
1761 1942 1982 1998 cuidam

2093 1930 2142 1984 ὃν
2170 1929 2374 1999 τρόπον
2398 1928 2498 1981 ὅσα
2520 1926 2719 1999 πάσχει
2748 1928 2781 1996 ὴ
2804 1926 2900 1980 τοῦ
2928 1926 3095 1985 δεῖνος
3125 1926 3268 1999 σάρξ
3293 1944 3351 1979 τε
3377 1929 3468 1981 καὶ
3488 1929 3630 1997 ψυχὴ,

392 2049 671 2109 accidunt,
693 2054 747 2099 et
774 2043 878 2114 ipsi
938 2054 1067 2095 vere
1098 2039 1502 2093 attribuuntur.
1535 2035 1751 2090 idcirco
1797 2049 1983 2109 veram

392 2138 807 2198 confessionem
879 2131 1234 2196 conﬁtemur,
1295 2143 1421 2183 cum
1456 2125 1692 2182 dicimus
1715 2132 1985 2181 aeternum

394 2231 594 2288 Filium
617 2227 887 2289 esurisse,
917 2231 973 2279 et
1022 2222 1234 2285 sitisse,
1261 2227 1317 2276 et
1348 2216 1713 2288 defatigatum
1774 2229 1901 2271 esse
1928 2213 1985 2268 in

396 2321 618 2395 agonia,
648 2326 705 2375 et
729 2316 926 2372 faciem
978 2312 1103 2384 ejus
1137 2323 1466 2381 percussam
1501 2321 1625 2363 esse
1660 2313 1716 2361 et
1745 2317 1989 2373 conspu-

396 2392 530 2479 τέω,
553 2419 610 2468 et
642 2409 875 2465 dorsum
911 2405 1031 2474 ejus
1062 2402 1393 2474 ﬂagellatum
1421 2413 1565 2465 esse,
1598 2404 1653 2452 et
1677 2395 1869 2451 aeterni
1896 2392 1992 2447 Fi»

397 2507 455 2562 ιὶἰ
480 2518 679 2559 manus
705 2515 831 2557 esse
858 2496 1113 2554 conﬁxas
1146 2502 1202 2550 et
1237 2492 1428 2564 pedes,
1456 2498 1511 2547 et
1538 2490 1719 2560 ipsum
1745 2488 1798 2541 in
1823 2500 1989 2541 cruce

399 2610 729 2669 suspensum
762 2606 886 2649 esse
909 2630 924 2657 ,
961 2598 1016 2645 et
1050 2596 1329 2641 mortuum
1370 2598 1436 2638 ac
1465 2582 1769 2653 sepultum,
1793 2588 1846 2635 et
1877 2587 1987 2633 ter-

399 2691 473 2744 tia
508 2687 596 2743 die
620 2681 1016 2741 resurrexisse.
1043 2678 1247 2734 Verum
1283 2676 1400 2731 haec
1421 2688 1628 2745 passus
1655 2681 1765 2736 est,
1792 2680 1989 2741 quate-

401 2793 507 2838 nus
538 2775 805 2848 possibile
826 2772 935 2827 fuit
953 2770 1091 2843 pati,
1118 2770 1294 2835 idest,
1321 2782 1487 2824 carne
1516 2780 1616 2821 sua
1633 2765 1901 2827 humana,
1937 2770 1993 2819 et

401 2872 583 2928 anima
595 2882 721 2924 cum
736 2880 837 2922 sua
850 2873 1051 2919 natura
1075 2863 1283 2917 divina.
1301 2859 1409 2915 Sed
1428 2860 1476 2916 si
1495 2859 1763 2915 vellemus
1782 2856 1991 2927 sigilla-

401 2980 500 3020 tim
560 2957 866 3030 explicare,
922 2952 1205 3024 quomodo
1268 2951 1704 3021 unumquodque
1767 2948 1987 3013 horum,

404 3070 525 3117 qum
549 3050 816 3115 diximus,
850 3046 1052 3102 factum
1080 3044 1265 3111 fuerit,
1298 3043 1464 3114 longa
1494 3050 1643 3100 esset
1663 3040 1992 3112 epistola,et

403 3148 712 3204 satietatem
734 3140 975 3197 ali‘erret.
999 3138 1094 3193 Sin
1120 3144 1306 3192 autem
1332 3135 1533 3190 horum
1547 3132 1793 3189 omnium
1817 3131 1992 3202 expli-

406 3240 680 3295 cationem
717 3235 992 3297 omittam,
1020 3230 1316 3286 videndum
1334 3228 1463 3295 erit,
1497 3243 1566 3283 ne
1584 3226 1721 3297 quid
1750 3225 1856 3282 mei
1878 3240 1995 3281 ser-

413 3346 614 3389 mones
650 3326 953 3385 excludant
970 3324 1153 3388 ahiis,
1184 3323 1408 3394 quinon
1432 3326 1561 3375 sunt
1583 3318 1652 3373 ad
1684 3318 1997 3388 intelligen-

405 3437 539 3481 dum
560 3422 735 3487 acuti,
767 3432 945 3489 neque
968 3410 1709 3484 habentingeniisolertiam.
1725 3408 1995 3474 Quocirca

406 3523 644 3571 mortem
703 3511 774 3567 ad
819 3506 1211 3579 explicandum
1249 3504 1571 3574 seligemus,
1630 3515 1741 3572 qua
1779 3515 1994 3565 eorum,

408 3580 616 3677 quai‘in
656 3602 919 3675 passione
946 3606 1157 3653 aeterno
1193 3593 1334 3651 Filio
1364 3591 1461 3648 Dei
1485 3591 1831 3657 tribuuntur,
1860 3588 1998 3643 nihil

408 3705 496 3754 est
527 3693 780 3750 odiosius
809 3700 866 3747 et
890 3689 1149 3745 invisius.
1189 3685 1266 3741 De
1320 3685 1424 3739 hac
1452 3683 1609 3738 vobis
1663 3681 1996 3751 aperiemus,

410 3786 690 3859 quomodo
746 3778 950 3845 accidit
978 3780 1052 3847 ei,
1078 3786 1135 3835 et
1163 3778 1288 3850 ejus
1346 3784 1604 3847 reputata
1664 3782 1773 3840 est,
1800 3780 1861 3827 ut
1894 3773 2000 3828 hoc

412 3880 564 3936 dicto
593 3886 648 3935 et
702 3876 944 3948 prolato,
976 3872 1045 3927 ad
1078 3871 1286 3941 reliqua
1321 3869 1518 3924 ducem
1554 3868 1820 3921 habeatis.

487 4230 655 4306 378
672 4227 910 4284 Joannes
936 4220 1204 4295 Baptista,
1255 4218 1403 4290 quod
1435 4231 1533 4273 vos
1572 4230 1682 4269 non
1716 4212 1875 4285 l‘ugit,
1903 4213 2004 4268 im-

418 4326 599 4399 pletus
632 4330 716 4379 est
749 4319 962 4392 Spiritu
1025 4321 1220 4371 sancto
1249 4326 1375 4367 cum
1409 4310 1588 4365 adhuc
1615 4308 1667 4361 in
1704 4318 1860 4361 utero
1891 4319 2003 4358 ma-

2082 2021 2161 2093 τῷ
2190 2021 2324 2076 δεῖνι
2349 2020 2660 2090 συμϐαίνει,
2693 2019 2790 2073 καὶ
2804 2018 2957 2089 αὐτῷ
2979 2016 3119 2072 κατά
3142 2018 3411 2090 ἀλήθειαν
3436 2020 3633 2093 έπιγρᾶ-

2086 2130 2267 2183 φεται.
2300 2113 2399 2165 Διά
2421 2111 2583 2165 τοῦτο
2605 2109 2704 2183 τὴν
2738 2108 3002 2181 ἀληθινὴν
3023 2111 3323 2181 ὁμολογίαν
3354 2113 3638 2182 ὁμολογοῦν-

2085 2222 2176 2269 τες
2219 2205 2453 2275 λέγομεν
2481 2243 2497 2267 ,
2537 2203 2621 2256 ὅτι
2646 2202 2811 2266 αὐτὸς
2839 2205 2868 2256 6
2898 2201 3069 2266 ἀίδιος
3096 2202 3231 2266 Υἱὸς
3255 2204 3532 2269 έπείνασε,
3559 2208 3637 2257 καὶ

2088 2294 2328 2366 ἐδίψησε,
2365 2292 2460 2346 καὶ
2492 2292 2780 2357 ἐκοπίασε,
2816 2293 2914 2345 καὶ
2956 2292 3258 2361 ὴγωνίασε,
3295 2295 3477 2347 καὶτὸ
3499 2297 3635 2366 πρόσ-

2086 2403 2235 2439 ωπον
2278 2384 2444 2438 αὐτοῦ
2480 2383 2791 2455 ὲρραπίσθη
2838 2383 2933 2437 καὶ
2979 2384 3292 2454 ἐνεπτύσθη
3321 2426 3337 2448 ,
3380 2389 3466 2438 καὶ
3491 2388 3529 2418 ³⁸
3566 2387 3635 2438 τὶν

2088 2478 2258 2531 νῶτον
2286 2477 2454 2531 αὑτοῦ
2476 2474 2855 2547 ὲμαστιγώθη,
2899 2475 2997 2528 καὶ
3026 2473 3122 2526 τοῦ
3163 2475 3342 2529 ἀῖδίου
3385 2476 3504 2530 Υἱοῦ
3529 2476 3637 2529 καθ-

2087 2571 2379 2642 ηλώθησαν
2414 2569 2471 2623 αἱ
2525 2570 2729 2640 χεῖρες,
2782 2569 2878 2621 καὶ
2916 2568 2966 2620 οἱ
3016 2568 3198 2633 πόδες,
3240 2571 3338 2622 καὶ
3388 2568 3534 2631 αὐτὸς
3568 2569 3641 2622 ἐπὶ

2090 2660 2329 2730 σταυροῦ
2375 2658 2720 2732 ἐκρεμάσθη,
2772 2660 2867 2713 καὶ
2910 2657 3173 2723 ἀπέθανε,
3218 2662 3316 2712 καὶ¹
3351 2660 3530 2729 ἐτάφη.
3565 2662 3645 2712 καὶ

2091 2755 2291 2824 ἀνέστη
2330 2756 2399 2824 τῇ
2434 2753 2595 2827 τρίτῃ
2622 2752 2826 2824 ἡμέρᾳ.
2873 2750 3063 2805 Ταῦτα
3098 2752 3298 2817 πάντα,
3328 2745 3543 2815 ὦοῦτοι,
3575 2751 3647 2819 τῷ

2090 2846 2245 2917 ἀϊδίῳ
2279 2864 2342 2899 συ
2351 2846 2597 2918 μ6έ6ηκε
2622 2861 2635 2873 ·
2662 2845 2797 2900 ἀλλά
2828 2844 3005 2898 ταῦτα
3032 2845 3299 2909 πέπονθε,
3332 2844 3446 2898 καθ’
3465 2844 3493 2897 ὃ
3512 2845 3651 2897 δυνα-

2089 2943 2181 2997 τὸν
2205 2937 2274 3012 ἦν
2304 2942 2530 3007 παθεῖν,
2570 2939 2843 3007 τουτέστι,
2872 2943 2938 3012 τῇ
2968 2940 3169 2994 ἑαυτοῦ
3200 2940 3510 3012 ἀνθρωπίνῃ
3534 2958 3651 3013 σαρ-

2094 3036 2150 3088 κί
2174 3051 2233 3088 τε
2263 3035 2360 3088 καλ⁵
2400 3033 2548 3105 ψυχῇ
2595 3033 2693 3087 σὺν
2710 3034 2777 3103 τῇ
2811 3031 3005 3085 ἑαυτοῦ
3039 3031 3164 3103 θείᾳ
3212 3031 3403 3100 φύσει.
3443 3032 3563 3086 Ἀλλ’
3608 3031 3654 3085 εί

2099 3129 2198 3200 μὲν
2221 3128 2324 3181 ἀνά
2357 3126 2520 3197 μέρος
2547 3126 2883 3195 διασαφῆσαι
2909 3123 3028 3188 πῶς
3050 3124 3284 3178 ἕκαστον
3315 3126 3430 3178 τῶν
3456 3125 3655 3195 είρημέ-

2095 3238 2204 3275 νων
2260 3219 2479 3288 ἐγένετο
2538 3218 2954 3291 βουληθείημεν,
3025 3218 3252 3289 μακράν
3273 3218 3317 3250 ³¹
3385 3219 3451 3274 ἂν
3494 3218 3569 3288 τίη
3608 3218 3659 3271 τὸ

2095 3310 2333 3380 γράμμα
2367 3311 2461 3363 καὶ
2507 3306 2834 3379 προσκορές.
2868 3307 2927 3358 El
2968 3305 3025 3359 δὲ
3057 3305 3159 3377 τὴν
3185 3305 3405 3360 τούτων
3438 3308 3662 3361 ἁπάντων

2074 3399 2425 3469 ηδιασάφησιν
2461 3397 2889 3467 καταλίποιμεν,
2929 3397 3123 3450 σκόπει
3160 3396 3382 3463 λοιπον,
3430 3399 3501 3469 μή
3538 3415 3586 3451 τι
3609 3396 3664 3451 ἂν

2098 3491 2511 3546 ἀποκλεισθεῖεν
2557 3490 2667 3542 τῶν
2705 3490 2806 3543 οὐκ
2862 3488 3033 3541 ὅντων
3075 3490 3155 3551 είς
3206 3490 3547 3558 κατανόησιν
3584 3488 3669 3540 οὐκ

2099 3583 2334 3653 ἐχόντων
2354 3583 2640 3654 ἀγχίνοιαν
2674 3581 2723 3634 οἱ
2758 3579 3019 3652 ἡμέτεροι
3053 3579 3225 3648 λόγοι,
3257 3579 3391 3632 ὅθεν
3415 3580 3501 3632 τὸν
3527 3579 3670 3632 θάνα-

2098 3690 2192 3727 τον
2213 3673 2550 3745 ἀφορίζομεν
2572 3714 2587 3737 ,
2627 3673 2685 3735 ὅς
2716 3672 2866 3724 ἐστιν
2891 3671 2997 3723 ὅσα
3024 3670 3102 3740 τῷ
3127 3670 3287 3740 ἀϊδίῳ
3314 3670 3440 3739 Υίῷ
3458 3671 3670 3740 ἐπιγρα·-

2093 3779 2261 3833 φεται
2299 3763 2641 3834 παθημάτων
2680 3761 3084 3831 ἀπεχθέστερός
3116 3777 3176 3813 τε
3218 3761 3314 3813 καὶ
3366 3761 3673 3830 είδεχθέστε-

2106 3871 2213 3924 ρος.
2272 3854 2384 3908 Καὶ
2429 3852 2586 3908 τοῦτο
2641 3854 3099 3916 διαλευκάναντες
3143 3853 3496 3926 γνωριοῦμεν
3543 3855 3671 3923 ὑμῖν,

2103 3944 2220 4008 πῶς
2262 3944 2411 4016 αὑτῷ
2463 3943 2782 4015 συμϐέϐηκέ
2823 3960 2883 3996 τε
2934 3943 3029 3996 καί
3051 3942 3395 4011 λελόγισται,
3444 3945 3588 4007 ὅπως
3608 3945 3679 3995 ἑν-

2103 4036 2293 4090 τεῦθεν
2334 4036 2630 4107 λεγομένου
2659 4036 2754 4089 καὶ
2787 4035 3065 4106 ἡχομένου
3089 4036 3134 4069 ³²
3159 4075 3175 4099 ,
3205 4037 3298 4088 καὶ
3328 4038 3415 4100 είς
3438 4036 3507 4090 τὰ
3537 4033 3680 4088 λοιπὰ

2104 4127 2588 4198 καθοδηγηθείητε.

2187 4219 2440 4288 Ἰωάννης
2474 4220 2503 4271 ὸ
2522 4216 2860 4288 Βαπτιστὴς,
2890 4211 2936 4270 ὦ
2962 4211 3134 4279 οὗτοι,
3162 4216 3351 4279 καθὼς
3379 4214 3677 4275 ἐπίστασθε,

2106 4313 2352 4385 ἐπλήσθη
2382 4311 2700 4382 Πνεύματος
2724 4311 2879 4379 ἀγίου
2913 4310 2994 4363 ἔτι
3018 4309 3159 4364 κατά
3185 4309 3441 4380 γαστέρα
3462 4308 3561 4377 τῆς
3589 4322 3681 4376 μη-

419 4392 522 4476 tris
578 4421 747 4472 esset.
813 4406 946 4464 Erat
986 4415 1171 4461 autem
1225 4401 1427 4458 Joanni
1476 4413 1682 4468 corpus
1711 4405 1763 4451 et
1798 4395 1987 4450 anima

2106 4403 2232 4474 τρὸς
2276 4401 2444 4456 αὐτοῦ
2495 4400 2857 4471 κεκυημένος.
2909 4395 3020 4451 Ἧν
3056 4397 3114 4451 δὲ
3155 4397 3238 4467 τῷ
3274 4397 3504 4471 Ἰωάννη
3554 4392 3681 4465 ψυχὴ

419 4511 553 4566 Post
608 4506 905 4563 adventum
948 4499 1120 4571 igitur
1175 4494 1417 4566 Spiritus
1473 4489 1672 4571 sancti,
1725 4487 1909 4544 anima
1952 4494 2006 4544 et

420 4615 625 4672 corpus
651 4595 884 4654 Joannis
924 4590 1171 4663 Spiritus
1195 4586 1379 4644 sancti
1430 4589 1612 4640 erant.
1637 4578 1787 4637 Mors
1816 4588 2003 4634 autem

368 4758 373 4763 1
420 4695 689 4760 cujusque
713 4683 956 4742 hominis
981 4677 1260 4750 separatio
1289 4682 1375 4731 est
1404 4675 1602 4729 anima:
1623 4686 1654 4726 a
1672 4686 1778 4727 suo
1807 4685 2009 4740 corpo-

422 4799 501 4838 re.
538 4780 804 4849 Separata
870 4775 1041 4845 igitur
1079 4770 1263 4825 anima
1305 4766 1538 4823 Joannis
1564 4780 1593 4820 a
1616 4778 1851 4834 corpore
1881 4777 2005 4826 suo,

345 4850 348 4855 ⁸
422 4882 675 4932 mortuus
706 4870 813 4923 fuit
842 4866 1108 4927 Joannes,
1129 4877 1237 4916 non
1276 4870 1458 4915 autem
1487 4857 1730 4929 Spiritus
1761 4864 2006 4919 sanctus,

423 4967 516 5039 qui
547 4963 595 5020 ei
620 4961 858 5016 advenit.
891 4956 1038 5010 Mors
1062 4953 1231 5023 igitur
1251 4948 1480 5004 Joannis
1507 4946 1633 5014 fuit,
1666 4962 1697 5002 a
1733 4961 1841 5016 qua
1874 4945 2010 5007 liher

426 5038 527 5115 fuit
562 5046 806 5130 Spiritus
829 5057 1083 5113 sanctus,
1110 5045 1183 5100 ita
1215 5050 1270 5097 ut
1326 5056 1477 5096 mors
1502 5038 1733 5095 Joannis
1782 5055 1892 5094 non
1924 5053 2012 5092 rc-

427 5161 647 5222 putetur
680 5146 926 5216 Spiritus
956 5137 1136 5197 sancti
1171 5149 1343 5196 mors,
1369 5132 1515 5187 sicut
1543 5131 1815 5186 audistis:
1845 5138 2010 5185 mter-

427 5261 532 5300 nus
561 5258 688 5297 vero
726 5239 898 5294 Filius
928 5250 1041 5291 non
1071 5238 1157 5288 cst
1188 5228 1487 5298 copulatus
1515 5223 1807 5293 hyposmsi
1832 5223 2010 5277 alicu-

429 5339 515 5406 jus
537 5334 778 5388 hominis
809 5344 1012 5400 corpus
1036 5333 1092 5380 et
1117 5322 1357 5377 animam
1393 5316 1671 5381 habentis,
1704 5314 1799 5369 sed
1830 5315 2012 5384 potius

2107 4496 2205 4547 καὶ
2228 4494 2408 4564 σῶμα.
2443 4492 2599 4547 Μετὰ
2631 4489 2763 4558 γοῦν
2792 4490 2890 4561 τὴν
2922 4488 3019 4541 τοῦ
3046 4487 3205 4557 ἁγίου
3231 4487 3376 4540 [Ινεύ
3384 4503 3553 4557 ματος
3577 4488 3681 4537 ἐπι-

2111 4584 2378 4653 φοίτησιν,
2427 4583 2461 4653 η
2490 4581 2584 4634 τοῦ
2652 4580 2902 4634 Ἰωάννου
2962 4577 3132 4647 ψυχὴ,
3179 4582 3275 4629 καὶ
3326 4579 3391 4628 τὸ
3426 4577 3581 4646 σῶμα
3598 4571 3681 4625 τοῦ

2120 4676 2373 4728 Ἰωάννου
2412 4673 2507 4727 τοῦ
2552 4673 2709 4742 ἀγίου
2757 4670 3077 4740 Πνεῦματος
3114 4664 3208 4738 ἦν.
3258 4667 3319 4719 '0
3368 4668 3428 4720 δὲ
3478 4666 3683 4724 θάνατος

2116 4767 2346 4820 ἑκάστου
2370 4764 2477 4818 τῶν
2512 4765 2823 4835 ἀνθρώπων
2869 4760 3154 4832 χωρισμός
3185 4761 3304 4812 ἐστι
3350 4761 3453 4828 τῆς
3496 4756 3683 4815 οἰκείας

2112 4859 2291 4931 ψυχῆς
2320 4857 2430 4912 ἀπὸ
2474 4856 2569 4912 τοῦ
2599 4856 2802 4910 οἰκείου
2852 4853 3128 4923 σώματος.
3177 4845 3565 4922 Χωρισθείσιςς
3603 4842 3685 4898 οὖν

2113 4951 2215 5020 τῆς
2263 4949 2359 5004 τοῦ
2406 4950 2653 5004 Ἰωάννου
2682 4948 2863 5019 ψυχῆς
2889 4946 2999 5000 ἀπὸ
3040 4944 3135 4998 τοῦ
3183 4945 3317 4997 ἰδίου
3348 4943 3600 5013 σώματος
3623 4976 3639 5004 ,
3663 4939 3688 4990 6

2128 5040 2378 5113 Ἰωάννης
2429 5041 2724 5112 τέθνηκεν,
2794 5039 2855 5092 οὐ
2908 5038 2969 5090 τὸ
3018 5036 3390 5106 ὲπιςροιτῆσαν
3442 5037 3503 5087 ὲν
3556 5027 3688 5097 αὐτῷ

2115 5132 2342 5205 Πνεῦμα
2371 5134 2546 5204 ἅγιον.
2564 5134 2622 5188 Ὀ
2653 5134 2882 5195 θάνατος
2909 5130 3087 5184 τοίνυν
3122 5129 3374 5183 Ἰωάννόυ
3400 5122 3491 5197 ἦν,
3524 5126 3613 5177 καὶ
3639 5117 3689 5169 τδ

2115 5225 2209 5278 τοῦ
2246 5227 2400 5294 ἀγίου
2428 5226 2567 5280 Πνεύ
2577 5243 2749 5297 ματος
2771 5222 3075 5293 ἐλεύθερον,
3103 5221 3245 5275 ὥστε
3279 5222 3356 5288 μὴ
3384 5212 3690 5283 λογισθῆναι

2120 5319 2267 5389 αὑτῷ
2292 5320 2380 5375 τὸν
2418 5318 2512 5373 τοῦ
2573 5318 2824 5374 Ἰωάννου
2869 5316 3099 5370 θάνατον
3120 5353 3136 5375 ,
3170 5312 3297 5365 καθ’
3329 5310 3390 5383 ᾧ
3427 5305 3683 5376 ἀκηκόατε

1716 5451 1949 5508 VARle
1990 5454 2397 5512 LECTIONES.

504 5565 551 5597 ιθ
578 5562 739 5617 κατά.
805 5557 848 5588 ³³
886 5555 926 5609 ί.
960 5553 1191 5624 μακρόν.
1262 5550 1412 5604 "i'o'.
1445 5545 1775 5617 ὴχουμένου.

1955 5609 2184 5666 NOTAE.

508 5704 620 5773 (42)
658 5702 820 5753 Deest
847 5699 902 5748 in
932 5693 1143 5747 Grmco.
