3912 6202
385 374 517 442 1517

1778 369 2198 432 OPUSCULA.

3505 360 3641 429 1518

381 495 581 568 τρόπον
607 506 621 526 ³
666 493 695 548 6
731 494 912 565 μέντοι
946 491 1113 555 ἀΐδιος
1155 490 1283 554 Υἱὸς
1325 492 1424 562 οὑχ
1476 491 1774 545 ὑποστάσει
1814 490 1959 553 τινὸς

2066 500 2286 543 carnem
2307 492 2363 541 et
2385 484 2623 540 animam
2655 482 2762 539 sibi
2788 482 3107 552 assumpsit,
3138 488 3191 537 et
3224 491 3453 553 utraque
3512 485 3641 540 fecit

380 587 491 641 τῶν
527 582 830 657 ἀνθρώπων
854 581 1075 653 ,ἔχοντος
1106 582 1266 654 σῶμα
1292 578 1385 636 καὶ
1421 582 1598 654 ψυχὴν
1621 583 1952 654 ἐνηρμόσθη,

380 678 497 731 ἀλλ’
521 674 702 746 ἑαυτῷ
729 675 908 745 σάρκα
941 674 1037 727 καὶ
1068 673 1247 745 ψυχὴν
1282 673 1631 745 ἀνθρωπίνην
1667 673 1957 745 προσειλη-

381 768 519 840 φὼς,
552 768 646 821 καί⁵
685 765 1107 835 οἰκειωσάμενος
1147 765 1437 835 ἀμφότερα
1470 765 1573 835 τῆς
1602 764 1956 826 ὑποστάσεως

380 857 546 913 αὑτοῦ
581 858 681 911 οὐκ
710 857 886 919 ἄλλως
929 855 1280 909 παντάπασιν
1312 856 1607 926 ἐποιήσατο
1629 896 1644 918 ,
1678 855 1867 926 ὥσπερ
1896 854 1957 906 τὸ

380 949 473 1005 τοῦ
520 948 769 1003 Ἰωάννου
815 946 1006 1017 σῶμα,
1043 948 1138 998 καὶ
1166 947 1199 1017 ἡ
1229 946 1375 1018 ψυχὴ
1423 944 1516 998 τοῦ
1571 945 1818 999 Ἰωάννου
1855 945 1957 998 οὑκ

382 1042 543 1097 ἄλλου
585 1040 848 1109 ὑπῆρχεν,
891 1038 993 1110 καί.⁴
1020 1040 1161 1092 κατά
1201 1037 1360 1091 τοῦτο
1391 1038 1611 1107 γέγονε,
1654 1039 1750 1091 καὶ
1784 1037 1958 1100 ἀΐδιος

383 1132 511 1196 Υἱὸς
557 1130 632 1193 ὡς
671 1124 751 1192 εἷς
797 1129 906 1182 τῶν
946 1127 1274 1198 ἀνθρώπων.
1309 1128 1580 1200 Καθάπερ
1623 1129 1679 1182 δὲ
1729 1128 1828 1200 τῆς
1862 1125 1956 1181 τοῦ

395 1223 641 1277 Ἰωάννου
665 1221 846 1291 ψυχῆς
863 1220 971 1273 ἀπὸ
991 1219 1084 1273 τοῦ
1118 1220 1248 1273 ἰδίου
1285 1218 1537 1292 σώματος
1570 1219 1957 1290 χωρισθείσης,

381 1314 542 1376 αὑτὸς
570 1315 599 1366 6
641 1312 898 1380 Ἰωάννης
935 1311 1082 1364 ἐστὶν
1115 1311 1144 1363 6
1176 1309 1454 1381 τεθνηκὼς
1479 1349 1495 1374 ,
1520 1306 1581 1365 οὗ
1622 1311 1654 1381 ὴ
1686 1310 1830 1381 ψυχὴ
1865 1309 1959 1363 καὶ

380 1404 443 1459 τό
477 1403 638 1474 σῶμα
665 1402 736 1455 τὰ
775 1401 1162 1471 κεχωρισμένα
1196 1402 1331 1454 ίδια·
1366 1400 1509 1455 οὕτω
1540 1402 1640 1470 τῆς
1680 1401 1943 1473 ἀνθρωπίη

380 1510 480 1564 νης
500 1493 595 1546 τοῦ
638 1492 810 1546 ἀϊδίου
857 1491 988 1544 Υίοῢ
1018 1491 1200 1561 ψυχῆς
1232 1491 1340 1545 ἀπὸ
1384 1491 1478 1544 τοῦ
1512 1492 1762 1560 σώματος
1792 1490 1958 1544 αὑτοῦ

380 1583 743 1656 χωρισθείσης
771 1623 785 1646 ,
830 1582 991 1644 αὑτὸς
1019 1583 1047 1635 6
1078 1582 1246 1645 ἀΐδιος
1277 1581 1542 1651 τέθνηκεν
1588 1582 1736 1644 Υἱὸς,
1772 1580 1958 1652 ἐπειδὴ

381 1676 497 1729 ἐκεῖ
518 1675 621 1727 οὐκ
660 1668 730 1745 ἦν
769 1672 1067 1735 ὑπόστασις
1115 1673 1278 1743 ἑτέρα
1324 1673 1599 1744 παρεκτὸς
1643 1671 1739 1725 τοῦ
1786 1672 1957 1726 ἀϊδίου

379 1764 510 1819 Υίοῦ
532 1765 796 1835 ἐσχηκυῖα
818 1761 975 1832 σῶμα
992 1761 1302 1832 καὶψυχὴν,
1325 1756 1400 1817 ὧν
1421 1761 1637 1830 ἐγένετο
1658 1761 1957 1833 χωρισμὸς,

381 1857 468 1911 ίνα
496 1855 720 1926 λογισθῇ
739 1855 836 1924 τῆς
862 1854 1210 1918 ὑποστάσεως
1241 1854 1457 1924 ἐκείνης
1486 1856 1514 1907 6
1543 1853 1768 1918 θάνατος
1794 1849 1954 1907 εἶναι.

390 1948 531 2001 Ἀλλ’
551 1950 579 2001 6
610 1946 708 2015 μὲν
755 1946 1010 2015 Ἰωάννης
1041 1945 1139 2015 τῆς
1164 1944 1343 2016 ψυχῆς
1376 1945 1542 1999 αὑτοῦ
1592 1946 1958 2018 χωρισθείσης

378 2037 488 2093 ἀπὸ
525 2034 619 2089 τοῦ
658 2035 789 2089 ἰδίου
828 2034 1077 2104 σώματος
1123 2035 1385 2105 τέθνηκεν
1418 2037 1511 2089 καὶ
1550 2036 1861 2090 ἀπόλωλενο
1892 2038 1955 2090 οὑ

379 2130 489 2201 γὰρ
537 2127 816 2189 παντελῶς
857 2121 959 2197 ἦν,
1000 2127 1048 2177 εἰ
1090 2125 1165 2196 μὴ
1203 2128 1268 2179 ἐκ
1312 2127 1604 2197 συναφείας
1639 2127 1817 2199 ψυχῆς
1862 2128 1957 2183 καὶ

344 2273 355 2284 ,
382 2221 635 2293 σώματος
659 2236 675 2250 ο
715 2222 744 2273 6
771 2220 828 2272 δὲ
855 2216 1184 2289 προαιὼνιος
1214 2219 1311 2271 καί⁸
1350 2218 1428 2288 τῷ
1465 2219 1642 2290 Πατρί
1688 2219 1957 2293 σύναρχος

379 2313 477 2366 καὶ
521 2310 790 2373 συναϊδιος
827 2310 951 2372 Υἱὸς
981 2309 1077 2379 τῆς
1113 2309 1460 2381 ἀνθρωπίνης
1516 2312 1712 2365 ἑαυτοῦ
1754 2313 1955 2382 ψυχῆς,

380 2401 492 2457 ἀπὸ
517 2401 610 2454 τοῦ
647 2401 775 2454 ἰδίου
809 2400 1001 2454 ἐαυτοῦ
1036 2399 1287 2470 σώματος
1312 2402 1694 2472 χωρισθείσης,
1718 2402 1959 2458 ἀπέθανε

387 2493 486 2563 μὲν
535 2491 802 2564 ἀληθείᾳ’
853 2493 986 2546 διότι
1038 2492 1099 2545 τὸ
1142 2492 1321 2562 σῶμα,
1376 2494 1472 2547 καὶ
1512 2497 1545 2565 η
1594 2495 1762 2566 ψυχὴ,
1814 2496 1959 2567 ἅπερ

382 2570 793 2655 διεζεύχθησῖιν,
827 2583 965 2637 αὑτά
992 2584 1092 2637 οὑκ
1120 2583 1285 2654 ἄλλης
1316 2585 1664 2661 ὑποστάσεως
1696 2583 1857 2660 ἦσαν,
1885 2588 1962 2651 ὡς

382 2674 631 2746 ἐφθημεν
669 2676 948 2738 εἰπόντες·
994 2675 1093 2728 οὐκ
1132 2675 1377 2730 ἀπώλετο
1414 2677 1471 2730 δὲ
1494 2718 1509 2742 ,
1547 2679 1848 2751 ἐπειδήπερ
1891 2676 1961 2751 ἦν

380 2765 468 2816 ἀεὶ
491 2803 507 2827 ,
539 2766 644 2835 πρὸ
669 2765 762 2817 τοῦ
796 2765 1078 2836 εἰληφέναι
1113 2764 1320 2838 ταύτην
1360 2768 1459 2839 τὴν
1490 2769 1669 2839 ψυχὴν
1690 2809 1704 2835 ,
1735 2771 1832 2824 καὶ
1863 2770 1961 2842 τὴν

382 2855 581 2925 σάρκα.
611 2856 769 2908 Κατὰ
785 2855 972 2908 τοῦτον
998 2857 1062 2925 δὴ
1096 2856 1188 2909 τὸν
1214 2858 1415 2927 τρόπον
1440 2860 1708 2913 ἀπέθανεν
1737 2865 1765 2914 6
1791 2864 1962 2927 άϊδιος

380 2944 510 3007 Υίος
544 2942 682 3011 ὑπὲρ
712 2942 869 3013 ἡμῶν
906 2942 1157 3012 ἀληθείᾳ,
1192 2944 1525 3015 μεμενηκὼς
1554 2947 1684 3012 ζῶν,
1713 2945 1827 3013 οἷος
1846 2946 1915 3021 ἦν
1940 2967 1954 2982 ·

2059 577 2279 649 propria
2314 591 2431 633 sua:
2478 574 2813 647 hypostasis,
2856 575 2971 630 sive
3030 588 3313 643 personm;
3345 590 3445 630 nec
3480 576 3643 631 aliter

2058 670 2287 723 omnino
2304 666 2451 733 fecit,
2466 667 2630 723 sicuti
2650 681 2853 735 Corpus
2868 673 2920 719 et
2936 663 3375 730 animaJoannis,
3392 681 3499 720 non
3514 667 3645 720 alte-

2060 761 2176 815 rius
2205 760 2327 814 fuit.
2348 759 2642 829 Atquehac
2668 759 2879 811 ratione
2906 756 3005 810 fuit
3033 765 3196 811 aelern
3210 774 3271 813 us
3293 757 3466 811 Filius
3496 758 3644 812 sicut

2061 869 2207 906 unus
2228 867 2257 907 e
2281 866 2513 906 numero
2538 851 2838 904 hominum.
2866 848 3019 907 Sicut
3042 858 3244 914 autem,
3270 850 3451 903 anima
3475 848 3643 903 Joan-

2062 942 2151 997 nis
2179 958 2208 994 a
2230 956 2463 1013 corpore
2491 954 2592 995 suo
2623 939 2893 1008 sejuncta,
2943 938 3060 1008 ipse
3109 936 3351 992 Joannes
3386 950 3470 992 est
3501 953 3646 991 mor-

2060 1042 2206 1096 tuus,
2240 1034 2399 1103 cujus
2452 1031 2633 1085 anima
2661 1042 2714 1084 et
2765 1045 2991 1099 corpus,
3044 1044 3165 1099 qua:
3203 1035 3456 1099 separata
3493 1036 3640 1083 sunt.

2065 1125 2283 1196 propria
2315 1133 2492 1190 erant,
2525 1123 2604 1179 sic
2631 1123 2870 1177 humana
2892 1122 3082 1175 aeterni
3106 1120 3228 1174 Filii
3256 1120 3438 1175 anima
3463 1136 3491 1174 a
3519 1136 3644 1175 cor-

2066 1232 2195 1287 pore
2225 1231 2329 1271 suo
2359 1222 2632 1286 separata,
2660 1214 2779 1284 ipse
2802 1222 3043 1269 aeternus
3071 1213 3242 1269 Filius
3262 1222 3516 1268 mortuus
3541 1223 3643 1273 est.

2061 1309 2187 1379 quia
2224 1323 2331 1362 non
2374 1316 2492 1362 erat
2522 1308 2635 1361 illic
2667 1315 2869 1377 praeter
2906 1306 3248 1377 hypostasim
3279 1306 3473 1360 aeterni
3497 1305 3643 1368 Filii,

2061 1400 2168 1452 alia
2198 1399 2536 1469 hypostasis,
2566 1412 2689 1468 qua:
2736 1397 3023 1452 habuisset
3054 1411 3257 1465 corpus
3302 1403 3357 1451 et
3384 1398 3643 1455 animam,
3704 1458 3715 1469 .

2062 1504 2295 1559 qiu-rum
2330 1498 2415 1544 est
2463 1488 2605 1543 facta
2667 1489 2970 1557 separatio,
3008 1496 3065 1541 ut
3103 1487 3253 1541 illius
3302 1487 3644 1557 bypostasis,

2062 1580 2175 1634 sive
2233 1594 2482 1649 personae
2540 1593 2691 1633 mors
2737 1592 2859 1631 esse
2896 1584 3261 1645 reputaretur.
3299 1574 3541 1632 Joannes
3564 1586 3648 1630 ta~

2064 1688 2210 1737 men,
2262 1673 2446 1725 anima
2492 1686 2523 1725 a
2555 1686 2789 1737 corpore
2819 1686 2921 1724 suo
2950 1678 3225 1738 separata,
3264 1677 3513 1726 mortuus
3538 1681 3645 1736 est,

2063 1772 2117 1818 et
2149 1763 2385 1828 interiit,
2443 1776 2793 1832 nequaquam
2820 1762 2965 1815 enim
3004 1768 3123 1813 erat
3155 1760 3262 1813 nisi
3304 1775 3370 1814 ex
3416 1762 3650 1832 conjun-

2062 1855 2247 1910 ctione
2275 1855 2471 1908 animae
2490 1863 2543 1909 et
2576 1851 2828 1922 corporis
2856 1871 2866 1904 :
2894 1850 2986 1920 qui
3018 1865 3148 1905 vero
3164 1859 3251 1906 est
3279 1862 3408 1908 ante
3426 1856 3645 1916 saecula,

2063 1954 2230 2004 etest
2288 1961 2413 1999 cum
2479 1947 2641 1999 Patre
2665 1960 2727 1999 ex
2760 1944 3090 2008 atteruitate,
3149 1951 3405 2012 separata
3464 1945 3647 2001 anima

2063 2038 2185 2108 ejus
2238 2037 2479 2091 humana
2507 2052 2536 2090 a
2573 2035 2796 2107 proprio
2852 2049 3106 2106 corpore,
3140 2047 3394 2091 mortuus
3425 2037 3647 2106 quidem

2063 2138 2147 2186 est
2199 2145 2347 2193 vere,
2392 2129 2522 2200 quia
2555 2143 2758 2197 corpus
2796 2136 2851 2182 et
2880 2128 3062 2181 anima
3092 2126 3366 2195 disjuncta
3410 2137 3562 2192 sunt,
3596 2138 3650 2183 et

2063 2214 2183 2293 ipsa
2210 2237 2317 2277 non
2341 2229 2498 2277 erant
2528 2221 2669 2275 alius
2697 2219 3030 2290 hypostasis,
3058 2219 3203 2275 sicut
3222 2227 3351 2275 ante
3380 2221 3646 2287 diximus;

2059 2329 2169 2368 non
2196 2320 2376 2368 tamen
2403 2312 2681 2367 interitum
2714 2310 2883 2380 cepit,
2910 2310 3040 2379 quia
3076 2319 3195 2363 erat
3232 2326 3451 2382 semper
3486 2320 3647 2366 ante-

2059 2421 2220 2477 quam
2251 2404 2392 2460 hanc
2427 2404 2663 2458 animam
2711 2410 2766 2458 et
2796 2417 3002 2473 corpus
3035 2410 3369 2458 assumeret.
3401 2404 3478 2457 Ad
3503 2404 3651 2458 hunc

2062 2494 2282 2550 modum
2320 2503 2559 2549 aeternus
2588 2491 2764 2547 Filius
2792 2508 2892 2561 pro
2911 2492 3073 2547 nobis
3105 2508 3231 2547 vere
3266 2501 3521 2549 mortuus
3543 2504 3649 2559 est,

2062 2603 2296 2643 manens
2361 2587 2539 2651 vivus,
2578 2595 2636 2640 ut
2681 2595 2836 2642 erat;
2903 2585 3162 2656 factaque
3216 2594 3301 2639 est
3348 2586 3654 2655 redemptio

2069 2689 2256 2734 nostra
2313 2694 2421 2733 non
2445 2679 2501 2732 in
2534 2690 2710 2732 morte
2740 2692 2989 2749 persona:
3018 2677 3254 2747 alicujus
3304 2678 3566 2741 hominis,
3599 2685 3656 2729 ut

2068 2771 2282 2826 scilicet
2319 2768 2549 2843 Joannis
2582 2769 2842 2838 Baptista:
2864 2808 2882 2836 ,
2917 2768 3013 2824 sed
3041 2769 3097 2823 in
3126 2777 3301 2823 morte
3335 2764 3527 2823 aeterni
3558 2769 3651 2823 Fi-

2068 2863 2146 2926 lii,
2183 2877 2279 2914 nec
2312 2860 2425 2913 ullo
2473 2861 2825 2915 incommodo
2889 2861 3021 2915 hinc
3046 2861 3095 2915 ei
3133 2861 3288 2914 illato
3337 2878 3349 2913 :
3387 2861 3467 2915 sic
3492 2861 3653 2931 igitur

2065 2953 2133 3005 de
2166 2959 2337 3003 morte
2366 2949 2552 3003 αξιοι-ιιί
2590 2948 2711 3003 Filii
2738 2951 3088 3005 sentiendum
3122 2960 3226 3007 est.

379 3033 473 3085 καί
528 3033 751 3099 γέγονεν
793 3031 826 3101 ἡ
866 3028 1137 3102 λύτρωσις
1171 3032 1351 3101 ’ἡμῶν
1398 3034 1499 3087 οὑκ
1540 3035 1598 3089 ἐν
1645 3037 1858 3110 θανάτῳ
1911 3041 2264 3095 ὑποστάσεων
2315 3039 2461 3102 τινὸς
2508 3038 2617 3090 τῶν
2687 3038 3015 3111 ἀνθρώπων,
3074 3041 3151 3104 ὡς
3194 3042 3353 3113 δῆθεν
3405 3030 3653 3099 Ἰωάννου

377 3125 475 3179 τοῦ
502 3123 836 3185 Βαπτιστοῦ,
876 3123 991 3177 ἀλλ’
1022 3126 1080 3178 ἐν
1129 3124 1208 3195 τῷ
1255 3124 1352 3178 τοῦ
1401 3127 1571 3181 ἀϊδίου
1637 3130 1767 3185 Υίοῦ
1817 3135 2059 3206 θανάτῳ,
2115 3134 2375 3203 οὐδεμιᾶς
2442 3132 2699 3189 ἐντεῦθεν
2745 3134 2896 3206 αὑτῷ
2950 3134 3157 3205 ζημίας
3207 3137 3653 3209 ἐπεισελθούσης’

374 3216 523 3271 οὓτω
552 3216 751 3277 τοίνυν,
784 3208 1021 3280 ὣοῦτοι,
1053 3216 1277 3285 γέγονεν
1305 3217 1334 3269 6
1371 3220 1465 3272 τοῦ
1491 3219 1661 3273 ἀϊδίου
1688 3221 1937 3287 θάνατος.
1968 3213 1983 3223 ’

455 3313 643 3373 Ὅστις
695 3305 788 3363 οὖν
834 3309 983 3362 ἐστιν
1033 3310 1319 3380 νουνεχὴς,
1358 3308 1587 3364 δύναται
1631 3311 1731 3382 τὴν
1773 3312 1959 3365 ἐαυτοί

2147 3309 2474 3379 Quicunque
2496 3310 2666 3379 igitur
2699 3310 2864 3365 habet
2886 3311 3131 3365 animum
3170 3320 3657 3385 attentum,pote.~t

372 3401 616 3482 θεωρίαν
642 3399 950 3472 ἐμϐαθῆναι
1015 3401 1151 3452 πᾶσι
1201 3402 1311 3463 τοῖς
1334 3403 1414 3463 εἰς
1461 3401 1497 3455 ἃ
1558 3404 1965 3473 κεχρημάτικεν

367 3496 555 3566 αὐτῷ,
584 3492 894 3565 ἀνθρώποις
910 3494 955 3526 ³⁸
980 3533 996 3560 ,
1032 3494 1128 3547 καί
1160 3492 1370 3561 γ,νῶναι
1402 3493 1519 3557 πῶς
1549 3495 1786 3562 ἐγένετο,
1825 3498 1965 3551 Ὅσα

364 3589 494 3661 γάρ
544 3591 659 3642 ἐστι
687 3586 782 3640 τοῦ
807 3586 1039 3641 θανάτου
1068 3629 1083 3650 ,
1131 3586 1241 3640 τῶν
1286 3584 1642 3658 ἀνθρωπίνων
1673 3606 1787 3652 πως
1816 3589 1965 3660 ἥττω

360 3675 663 3745 τυγχάνει.
695 3674 757 3726 Εἰ
791 3675 898 3745 γάρ
924 3676 951 3726 ὁ
981 3673 1210 3736 θάνατος
1249 3673 1485 3744 ἁρμόζει
1528 3676 1623 3728 ἐπὶ
1652 3675 1748 3728 τοῦ
1794 3676 1963 3730 ἀϊδίου

360 3766 519 3822 Υἰοῦ
551 3764 846 3834 λέγεσθαι,
875 3764 996 3817 καθ’
1042 3764 1099 3817 ὃν
1131 3763 1344 3835 ἔφημεν
1383 3766 1606 3836 τρόπον,
1648 3766 1856 3840 πάθους
1901 3769 1963 3821 οὐ

357 3877 411 3914 π
433 3858 870 3928 ροσπελάσαντος
908 3856 1072 3910 αὑτοῦ
1102 3859 1169 3928 τῇ
1211 3855 1427 3927 θεότητι
1449 3896 1466 3923 ,
1496 3858 1563 3911 τά
1594 3860 1764 3929 χωρὶς
1805 3858 1966 3913 θανά-

351 3966 477 4006 του
501 3949 610 4002 ἀπὸ
637 3948 747 4001 τῶν
774 3946 1129 4017 ἀνθρωπίνων
1162 3950 1429 4019 προσήκει
1453 3949 1653 4020 μᾶλλον
1678 3952 1767 4004 ἐπ’
1795 3951 1962 4004 αὑτοῦ

354 4039 666 4109 λέγεσθαι,
708 4037 934 4108 μηδενὸς
965 4040 1030 4108 τῇ
1059 4038 1224 4092 αὑτοῦ
1266 4039 1481 4111 θεότητι
1511 4043 1962 4112 προσαπτομένου

360 4131 536 4201 παθη
545 4146 733 4199 ματος.
765 4126 974 4181 Οὐκοῦν
999 4128 1172 4182 ταῦτα
1188 4131 1258 4182 τά
1277 4129 1593 4202 ἀνθρώπινα
1615 4133 1755 4187 καθά
1786 4133 1967 4205 προεί-

362 4221 666 4296 ρηται,τῷ
694 4219 848 4290 ἀϊδίῳ
864 4218 1000 4291 Υἰῷ,
1029 4220 1087 4283 ὃς
1113 4222 1260 4273 ἐστιν
1283 4223 1311 4274 6
1334 4223 1587 4293 Χριστὸς,
1614 4226 1963 4295 συμϐέϐηκεν

360 4313 531 4386 μετὰ
572 4311 671 4381 τὴν
712 4310 907 4364 ἐαυτοῦ
948 4311 1401 4384 ἐνανθρὼπησιν,
1432 4315 1521 4367 ὅτε
1563 4316 1815 4380 θάνατος,
1869 4318 1964 4372 καὶ

359 4399 561 4459 τᾶλλα
610 4403 709 4455 ὅσα
771 4404 885 4465 τοῖς
938 4403 1105 4474 ἱεροῖς
1166 4404 1518 4473 Εὑαγγελίοις
1560 4408 1961 4479 ἐγγέγραπται.

372 4492 566 4549 Ἀλλά
598 4491 859 4563 μηδαμῶς
894 4492 1257 4562 ὑποληπτέον,
1295 4496 1458 4549 αὑτὸν
1485 4498 1963 4570 ὑπομεμενηκέναι

351 4602 422 4640 τι
452 4582 670 4637 τούτων
696 4583 911 4652 ἀνάγκη
955 4584 1016 4637 τὸ
1054 4585 1342 4654 παράπαν,
1378 4585 1496 4639 ἀλλ’
1543 4587 1774 4658 ἑκουσίῳ
1802 4588 1962 4659 θελή-

2070 3401 2586 3471 contemplationem
2633 3415 2790 3456 suam
2849 3401 3114 3457 adbibere
3166 3404 3336 3475 379
3393 3408 3653 3465 omnibus

2066 3494 2197 3559 illis,
2230 3508 2352 3563 quae
2384 3493 2445 3559 in
2470 3507 2537 3547 eo
2566 3501 2834 3547 vocantur
2890 3492 3130 3548 humana
3154 3534 3169 3559 ,
3205 3504 3260 3551 et
3318 3513 3655 3567 cognoscere

2066 3585 2358 3658 quomodo.
2397 3583 2541 3638 facta
2587 3582 2831 3639 fuerunt.
2889 3583 3243 3656 Quaecunque
3312 3591 3459 3644 enim
3521 3602 3655 3646 sunt

2068 3674 2279 3738 mortis,
2307 3673 2518 3727 minora
2554 3683 2705 3739 sunt,
2734 3689 2899 3744 quam
2925 3690 3048 3745 quae
3087 3676 3353 3733 dicuntur
3384 3681 3655 3737 humana.

2069 3764 2127 3819 Si
2160 3765 2307 3819 enim
2366 3779 2516 3820 mors
2552 3774 2677 3835 apte
2731 3765 2943 3821 dicitur
2973 3770 3162 3823 πιοτηὶ
3195 3770 3344 3838 Filii,
3383 3773 3646 3828 sicutex-

2072 3857 2336 3926 plicatum
2366 3864 2475 3922 est,
2514 3872 2622 3912 non
2657 3859 3003 3931 pertingente
3034 3862 3292 3933 passione
3321 3863 3377 3918 in
3399 3865 3658 3921 divinita-

2066 3956 2173 4003 tem
2200 3967 2214 4014 ;
2243 3964 2367 4016 quae
2391 3959 2520 4003 sunt
2549 3950 2688 4004 citra
2713 3962 2947 4007 mortem
2979 3953 3240 4021 humana,
3273 3957 3450 4012 multo
3481 3961 3658 4030 magis

2066 4041 2343 4105 convenit,
2384 4049 2446 4095 ut
2468 4040 2537 4096 de
2568 4055 2633 4095 eo
2660 4041 2937 4107 dicantur,
2981 4045 3130 4099 nulla
3167 4049 3422 4116 passione
3447 4050 3654 4106 divini-

2070 4138 2240 4186 tatem
2285 4131 2409 4201 ejus
2461 4134 2787 4204 attingente.
2822 4133 2947 4190 Haec
2986 4136 3160 4208 igitur
3191 4116 3452 4206 humana,
3511 4142 3656 4198 sicut

2062 4220 2271 4275 dictum
2321 4231 2406 4277 est
2457 4224 2633 4290 prius,
2681 4234 2888 4281 aeterno
2919 4225 3078 4293 Filio,
3109 4230 3203 4299 qui
3252 4241 3336 4285 est
3365 4230 3651 4309 Christus,

2067 4314 2390 4367 acciderunt
2433 4324 2558 4385 post
2583 4331 2806 4371 carnem
2852 4328 3215 4392 assumptam,
3249 4339 3399 4380 mors
3433 4328 3654 4385 scilicet

2063 4414 2118 4462 et
2147 4406 2253 4460 alia
2284 4422 2625 4478 quaecunque
2674 4411 2728 4463 in
2765 4409 3077 4480 Evangeliis
3111 4416 3318 4486 scripta
3352 4426 3507 4474 sunt.
3543 4420 3651 4477 Sed

2063 4512 2412 4567 nequaquam
2463 4500 2890 4556 existimandum
2962 4511 3048 4558 est
3101 4506 3399 4577 quidquam
3449 4509 3646 4565 horum

2064 4588 2382 4644 necessario
2411 4591 2636 4645 omnino
2656 4593 3015 4661 sustinuisse,
3056 4596 3153 4652 sed
3185 4599 3515 4667 voluntarie,
3538 4603 3649 4658 nisi

350 4692 522 4748 ματι
544 4689 558 4703 ο
586 4672 726 4742 πλὴν
772 4674 854 4727 ὅτι
893 4674 1058 4745 ἡνίκα
1094 4676 1269 4730 ταῦτα
1308 4676 1500 4731 παθεῖν
1526 4679 1795 4742 ἐϐούλετο,
1844 4698 1959 4735 συν-

2071 4678 2217 4749 quod
2246 4679 2468 4750 quando
2493 4682 2707 4738 volebat
2739 4686 2851 4738 haec
2888 4686 3021 4754 pati,
3050 4689 3336 4744 accidebat
3372 4691 3450 4746 illi
3483 4695 3651 4748 modo

346 4771 605 4823 ἔσαινεν
632 4766 809 4836 αὑτῷ,
848 4767 971 4821 καθ’
1000 4768 1059 4821 δν
1080 4770 1218 4839 ἡμῖν
1259 4770 1547 4838 συμϐαίνει
1579 4772 1811 4840 φυσικὸν
1840 4773 1959 4843 τρό-

2066 4770 2328 4833 naturali,
2356 4785 2464 4840 quo
2524 4771 2685 4826 nobis
2730 4775 2972 4828 accidit:
3003 4791 3071 4832 ne
3104 4778 3515 4838 existimaretur
3563 4787 3650 4840 in-

346 4876 509 4913 πον.
552 4858 715 4909 Ὥστε
767 4855 843 4927 μὴ
908 4857 1235 4927 νομισθῆναι
1281 4857 1379 4929 τὴν
1435 4859 1750 4930 οἰκονομίαν
1801 4862 1959 4915 αὑτοῦ

2069 4860 2320 4915 carnatio
2376 4862 2496 4931 ejus
2556 4863 2727 4931 lictio,
2766 4874 2818 4920 et
2851 4875 2909 4920 ut
2933 4870 3208 4923 sententia
3235 4882 3424 4928 contra
3453 4875 3649 4931 diabo-

344 4948 696 5022 φαντασίαν
715 4985 731 5013 ,
756 4948 850 5000 καὶ
875 4948 1026 5011 ὅπως
1056 4950 1090 5019 ἡ
1129 4948 1272 5002 κατὰ
1291 4948 1386 5002 τοῦ
1416 4950 1663 5005 διαϐόλου
1695 4952 1959 5020 ἀπόφασις

2070 4956 2179 5010 lum
2221 4958 3012 5028 pronuntiatajustiﬁcaretur,
3047 4978 3078 5018 a
3109 4980 3219 5035 quo
3254 4966 3357 5021 hac
3394 4970 3648 5025 incarna-

339 5038 682 5108 δικαιωθῇ,
718 5036 780 5101 ἐξ
812 5031 874 5091 οὗ
904 5037 1078 5110 ταύτῃ
1111 5042 1176 5110 τῇ
1222 5041 1508 5112 οἰκονομίᾳ
1538 5042 1597 5094 τὸ
1624 5042 1730 5096 τῶν
1762 5042 1959 5112 ἀνθρώς

2076 5049 2225 5104 tione
2250 5065 2423 5120 genus
2454 5052 2753 5108 humanum
2783 5054 3035 5111 redemit.

340 5148 505 5187 πων
544 5127 889 5198 ἐλυτρώσατο
918 5130 1096 5196 γένος.

434 5217 615 5281 Εἶδος
665 5219 712 5272 δ’
753 5215 850 5273 οὖν
897 5218 1007 5272 τῶν
1053 5220 1203 5291 αὑτῷ
1245 5222 1568 5292 συμϐάντων
1609 5224 1968 5296 ἀνθρωπίνων

335 5310 692 5377 κατάδηλον
723 5311 1044 5382 ποιήσομαι,
1071 5312 1157 5366 ἵνα
1186 5312 1246 5367 τὸ
1276 5315 1441 5384 ῥηθὲν
1477 5315 1766 5385 βεϐαιώσω
1787 5333 1800 5347 ·
1828 5316 1969 5371 ἔστω

332 5408 413 5461 δὲ
490 5404 539 5472 ἡ
592 5404 772 5456 πεῖνα.
829 5402 961 5456 Ὅτε
1009 5403 1073 5473 δὴ
1118 5403 1228 5475 γάρ
1282 5407 1475 5477 πεινᾷν
1514 5407 1739 5470 ὁάῒδιος
1777 5408 1968 5478 ἢθελεν

334 5494 541 5559 Υἱὸς,
572 5491 717 5561 ἐφίει
751 5493 817 5563 τῇ
846 5492 1040 5546 ἑαυτοῦ
1067 5495 1232 5564 σαρκὶ
1262 5495 1362 5568 τὴν
1398 5496 1490 5551 τοῦ
1530 5497 1693 5569 ἀέρος
1723 5498 1966 5568 εἰσδέχε-

2144 5226 2316 5282 Unam
2358 5238 2542 5287 autem
2573 5235 2820 5303 'Speciem
2866 5250 3057 5289 eorum
3115 5251 3234 5302 qum
3276 5236 3513 5292 humana
3556 5256 3650 5293 ac-

2070 5319 2323 5374 ciderunt
2351 5322 2424 5403 ei,
2457 5324 2773 5389 declarabo,
2816 5325 3049 5394 utquod
3099 5326 3308 5381 dictum
3369 5338 3456 5384 est
3512 5346 3647 5384 cou-

2071 5411 2280 5467 tirmem
2328 5433 2341 5467 :
2380 5415 2452 5469 sit
2496 5415 2694 5484 fames,
2747 5419 3043 5487 loquamur
3094 5419 3160 5475 de
3219 5420 3381 5477 fame.
3414 5422 3649 5489 Quando

2071 5502 2253 5557 noluit
2313 5511 2558 5560 aeternus
2612 5505 2787 5561 Filius
2843 5507 3080 5577 esurire,
3141 5510 3358 5566 sinebat
3421 5526 3645 5567 carnem

1677 5670 1908 5727 VARI/ﬂ
1954 5674 2359 5733 LECTIONES.

428 5738 486 5770 ³³
552 5757 594 5813 Ι.
641 5758 1033 5828 ἀνθρωπίνοις.
