3912 6202
332 291 466 355 1ῖ›19

1546 284 1938 348 THEODORI
1989 288 2361 351 ABUCARE

3457 301 3598 367 1520

325 419 483 458 suam
526 400 778 470 excipere
813 398 922 453 vim
966 397 1130 467 aeris,
1168 406 1230 453 ut
1266 415 1359 455 aer
1416 401 1507 455 illa
1550 404 1893 472 exprimeret,

2010 404 2135 457 σθαι
2182 404 2433 474 δύναμιν,
2486 404 2625 459 ὥστε
2656 402 2743 459 τὸν
2773 404 2908 478 άέρα
2952 407 3097 462 κατὰ
3137 409 3238 481 τὴν
3265 412 3597 483 ἐπιφάνειαν

323 510 448 564 qtta:
488 509 584 563 per
620 491 974 560 superficiem
1011 490 1201 544 carnis
1231 501 1360 546 sunt
1409 493 1465 546 in
1527 496 1678 566 poris
1727 502 1893 551 cutis.

324 588 536 642 Deinde
566 600 696 655 pars
733 582 922 639 carnis
953 583 1320 654 prepinqulor
1351 586 1488 653 aeri,
1538 602 1602 640 ex
1638 588 1897 644 membris

320 677 660 741 attrahebat,
691 676 896 746 quibus
938 674 1343 746 appropinquat
1390 691 1518 745 pars
1567 693 1631 733 ex
1662 694 1767 748 qua
1800 695 1898 733 aer

318 768 581 823 hauritur
622 784 638 833 ;
688 775 741 820 et
781 765 870 818 illa
910 765 1155 820 membra
1180 765 1548 820 extrahebant
1579 782 1647 821 ex
1698 766 1896 822 vacuis

318 858 710 928 receptaculis,
747 856 950 926 quibus
975 870 1192 926 semper
1243 855 1633 925 suppeditatur
1659 873 1727 912 ex
1759 873 1895 913 con-

319 953 575 1008 veniente
625 950 891 1004 alimento
931 948 1191 1019 digestio,
1222 964 1345 1017 qua:
1375 964 1443 1003 ex
1470 950 1623 1003 venis
1647 950 1894 1018 ipsorum

318 1036 693 1099 membrorum
744 1040 815 1095 ab
852 1040 1052 1109 hepate
1084 1039 1376 1105 educitur;
1418 1055 1575 1095 κωκυ
1609 1051 1793 1095 autem
1826 1056 1896 1095 ex

318 1135 555 1204 hepate;
586 1132 757 1202 hepar
780 1146 911 1185 vero
936 1145 999 1185 ex
1020 1131 1233 1207 duabus
1254 1131 1431 1197 venis,
1457 1146 1579 1201 qua:
1603 1148 1666 1185 ex
1692 1140 1898 1185 stoma-

318 1227 422 1279 eho
439 1224 730 1288 oriuntur;
757 1222 839 1275 hae
860 1223 983 1276 dua:
1003 1237 1154 1276 venae
1179 1222 1476 1276 trahebant
1493 1238 1557 1277 ex
1589 1221 1895 1278 stomacho.

318 1317 656 1372 Stomachus
691 1316 864 1385 igitur
912 1315 1238 1369 exinanitus
1274 1314 1511 1382 requirit
1560 1321 1618 1367 ut
1681 1315 1897 1368 extrin-

318 1424 479 1464 secus
519 1407 905 1477 suppeditetur
928 1406 1269 1459 alimentum.
1305 1404 1418 1458 lloc
1455 1405 1638 1470 modo,
1674 1404 1897 1469 fratres,

314 1511 526 1555 aeterno
564 1498 708 1553 Filio
741 1497 944 1551 accidit
971 1494 1170 1552 fames.
1196 1494 1493 1550 Voluntate
1526 1495 1670 1551 enim
1700 1495 1898 1561 libera,

316 1609 426 1647 non
463 1590 799 1646 necessitate
850 1588 1092 1642 naturali
1128 1587 1385 1642 esurivit.
1439 1586 1612 1657 Cujus
1661 1586 1737 1640 rei
1784 1586 1902 1640 evi-

313 1684 452 1739 dens
510 1690 896 1752 argumentum
954 1688 1039 1733 est
1107 1678 1277 1749 quod.
1342 1694 1467 1733 cum
1529 1676 1895 1748 quadraginta

313 1775 512 1829 diebus
548 1781 602 1828 et
643 1772 902 1826 noctibus
943 1770 1272 1840 jejunasset,
1323 1776 1512 1837 postea
1562 1768 1782 1823 esuriil.
1834 1767 1894 1822 Si
1928 1753 1969 1808 Β

312 1866 462 1920 enim
502 1878 598 1918 aer
631 1869 960 1933 potestatem
996 1864 1049 1915 in
1085 1876 1307 1915 carnem
1342 1859 1465 1929 ejus
1496 1859 1801 1921 habuisset,
1836 1868 1895 1913 ut

314 1961 368 2012 in
402 1971 624 2012 carnem
684 1954 956 2024 cujusque
1012 1961 1287 2019 nostrum,
1344 1967 1455 2005 non
1513 1966 1683 2005 unum
1723 1949 1889 2014 diem,

268 2092 271 2096 .
312 2047 397 2101 vel
429 2045 593 2107 duos,
634 2044 718 2098 vel
745 2054 858 2098 tres
897 2043 1283 2113 transegisset,
1316 2056 1604 2111 quousque
1634 2040 1892 2104 esuriret,

314 2138 459 2194 sicut
489 2135 698 2191 factum
743 2135 798 2189 in
832 2150 899 2191 eo
927 2151 1054 2191 esse
1090 2134 1357 2191 videmus.
1398 2134 1503 2189 Sed
1538 2134 1763 2204 quando
1796 2148 1894 2189 vo-

314 2232 496 2295 lebat,
562 2228 917 2299 permittebat
974 2235 1185 2312 naturze
1254 2235 1312 2281 ut
1377 2242 1497 2297 qua:
1556 2233 1717 2281 erant
1773 2228 1894 2295 ejus

312 2331 640 2395 operaretur
726 2329 780 2377 et
834 2321 1174 2376 ostenderet.
1209 2318 1373 2390 380
1422 2317 1685 2372 Similiter
1725 2317 1891 2371 etiam

313 2424 548 2470 mortem
580 2413 779 2469 volens
805 2411 1098 2468 sustinuit.
1132 2410 1337 2464 Audite
1362 2409 1493 2480 quid
1529 2409 1644 2479 ipsa
1672 2406 1894 2463 Veritas

313 2506 381 2560 de
414 2520 474 2560 se
507 2504 700 2559 dicat:
742 2501 1119 2558 c'Potestatem
1157 2499 1335 2554 habeo
1374 2497 1611 2567 ponendi
1654 2498 1892 2552 animam

315 2608 516 2659 meam,
570 2603 623 2649 et
655 2598 985 2664 potestatem
1023 2590 1204 2645 habeo
1236 2589 1434 2644 iterum
1463 2588 1711 2643 sumendi
1746 2601 1890 2641 eam.

315 2685 380 2737 Et
410 2699 573 2740 nemo
608 2684 754 2738 tollit
789 2683 1030 2736 animam
1063 2694 1237 2734 meam
1271 2694 1301 2733 a
1333 2695 1415 2735 me
1434 2680 1483 2734 ί.
1518 2697 1537 2731 ι
1591 2676 1663 2734 Ut
1707 2686 1892 2734 autem

313 2776 542 2841 clarius,
575 2791 695 2846 quae
729 2775 1013 2840 dicuntur,
1058 2771 1404 2843 intelligatis,
1440 2770 1559 2826 haec
1586 2770 1806 2826 addam.

383 2954 603 3025 Corpus
679 2952 809 3006 Adae
858 2966 1057 3021 purum
1109 2950 1179 3005 ab
1240 2950 1389 3004 omni
1439 2949 1564 3003 labe
1621 2947 1894 3005 formasse

314 3047 482 3101 Deum
538 3042 834 3116 [formavit
864 3037 1072 3111 Deus],
1132 3039 1304 3095 nullis
1362 3039 1713 3095 naturalibus
1766 3027 1961 3110 pas-C

312 3134 586 3202 siouibus,
629 3146 660 3186 a
715 3131 875 3201 culpa
926 3128 1261 3185 vacantibus
1317 3129 1655 3184 necessitate
1705 3127 1894 3198 subje-

318 3239 487 3289 ctum,
518 3233 578 3279 ιιι
608 3221 829 3287 mortis,
860 3227 914 3275 et
946 3221 1012 3276 iis
1043 3219 1392 3291 passionibus
1437 3233 1563 3289 quat
1612 3227 1744 3274 sunt
1771 3229 1897 3275 ante

316 3327 573 3383 mortem,
627 3324 682 3372 et
735 3331 857 3384 qua:
882 3322 1009 3385 post
1059 3322 1312 3370 mortem.
1362 3314 1656 3385 Postquam
1711 3323 1895 3372 autem

314 3410 488 3464 Adam
516 3424 614 3466 sua
648 3408 934 3464 voluntate
969 3408 1214 3465 divinum
1248 3407 1568 3463 mandatum
1617 3409 1894 3475 transivit,

314 3509 367 3554 et
399 3499 503 3554 sub
539 3507 764 3570 peccato
791 3498 1015 3564 cecidit,
1070 3506 1125 3553 et
1164 3499 1409 3569 pollutus
1444 3508 1555 3565 est,
1608 3502 1898 3571 passiones

315 3591 600 3647 naturales
636 3606 667 3645 a
691 3591 858 3662 culpa
898 3599 1160 3647 vacantes
1192 3591 1485 3647 dominata:
1504 3600 1637 3647 sunt
1665 3594 1724 3647 in
1747 3608 1895 3663 eum,

316 3702 465 3742 mors
513 3683 753 3751 scilicet,
795 3692 852 3740 et
885 3699 1010 3756 quae
1056 3692 1186 3740 ante
1235 3695 1494 3749 mortem,
1528 3692 1583 3740 et
1624 3701 1746 3756 quae
1778 3695 1900 3757 post

316 3782 572 3831 mortem.
605 3773 688 3830 Ob
724 3774 868 3829 hanc
918 3788 1147 3829 causam
1203 3775 1517 3845 cogebatur.
1545 3774 1717 3830 Adam
1767 3791 1897 3832 esu-

315 3869 449 3934 rire,
481 3875 533 3924 et
559 3866 736 3932 sitire,
765 3880 830 3920 ac
863 3868 1026 3921 mori.
1065 3866 1129 3919 Et
1161 3876 1287 3936 post
1328 3879 1559 3922 mortem
1610 3868 1897 3940 corruptio

313 3959 587 4030 corporis,
642 3965 696 4012 et
728 3966 1076 4027 quaecunque
1105 3956 1190 4012 his
1230 3963 1363 4013 sunt
1399 3959 1604 4015 similia
1644 3959 1898 4014 domina-

316 4061 429 4105 tum
461 4050 518 4104 in
550 4063 675 4103 eum
710 4046 1006 4101 habebant.
1045 4045 1312 4102 Eternus
1340 4058 1523 4102 tamen
1566 4048 1737 4105 Filius
1772 4065 1900 4104 cor-

316 4158 417 4212 pus
450 4141 770 4195 Adamaum
797 4137 1125 4209 assumpsit,
1153 4138 1206 4193 id
1239 4150 1345 4207 est,
1383 4141 1500 4211 ipse
1532 4142 1639 4196 sibi
1672 4159 1738 4196 ex
1766 4158 1898 4198 san-

316 4233 579 4304 guinibus
624 4229 945 4302 purissimis
1004 4230 1379 4287 sanctissimae
1428 4230 1668 4303 Virginis
1715 4233 1900 4289 Maria:

2000 495 2199 563 αὐτῆς,
2253 500 2310 549 ἐν
2362 498 2476 560 τοῖς
2511 494 2588 567 τῷ
2633 497 2857 567 δέρματι
2900 500 3097 571 πόροις
3146 502 3590 574 ἀναμάττεσθαι.

1999 581 2132 638 Εῐτα
2169 588 2232 640 τὸ
2263 589 2696 658 προσεχέστερον
2731 589 2810 660 τῷ
2834 591 2955 662 άέρι
3004 593 3110 663 τῆς
3145 596 3357 666 σαρκὸς
3388 599 3557 669 μέρος
3577 643 3593 664 ,

1997 678 2061 729 ἐκ
2112 677 2223 761 τῶν
2255 678 2435 749 μελῶν
2492 681 2774 733 ἐπεσπᾶτο
2817 677 2897 745 οἷς
2931 682 2999 736 ἂν
3042 685 3364 754 ὲμπελάζει
3404 691 3591 761 μέρος,

1997 766 2090 834 ἀφ’
2115 760 2180 818 οὗ
2226 770 2255 821 ὁ
2293 768 2402 838 ἀὴρ
2444 768 2732 839 ἀνιμᾶται,
2769 770 2998 823 κάκεῖνα
3027 772 3140 825 τῶν
3171 775 3349 827 κενῶν
3388 760 3591 842 ἐξεῦκε

1996 859 2363 928 χωρημάτων.
2409 854 2489 923 οἷς
2535 860 2618 912 iiii
2664 862 2985 931 χορηγεῖταί
3032 880 3122 928 τις
3174 865 3364 931 ἔνυλος
3395 872 3460 923 ἐκ
3493 874 3591 942 τῆς

1996 946 2333 1018 καταλλήλου
2371 949 2580 1018 τροφῆς
2621 950 2894 1014 ἀνάδοσις,
2928 952 3055 1022 ἥτις
3094 955 3158 1007 ὲκ
3193 956 3303 1009 τῶν
3339 960 3590 1030 ἐμπεφυ-

1995 1037 2167 1090 κυιῶν
2195 1038 2378 1103 αὐτοῖς
2407 1038 2515 1092 άπὸ
2543 1040 2637 1092 τοῦ
2667 1040 2876 1111 ἥπατος
2926 1042 3200 1105 ἐξείλκετο
3234 1049 3452 1116 φλεϐῶν
3475 1066 3489 1079 °
3532 1052 3589 1105 al

1996 1129 2055 1182 δὲ
2091 1129 2294 1200 φλέϐες
2343 1132 2407 1183 ὲκ
2453 1129 2547 1183 τοῦ
2591 1132 2838 1201 ἥπατος·
2870 1131 2935 1185 τὸ
2960 1133 3017 1186 δὲ
3041 1128 3183 1205 ἧπαρ
3218 1139 3287 1190 ἐκ
3334 1140 3451 1195 τῶν
3493 1141 3591 1196 δύο

1998 1223 2214 1293 φλεϐῶν
2268 1222 2378 1278 τῶν
2446 1224 2557 1277 ἀπὸ
2595 1226 2689 1279 τοῦ
2748 1226 3026 1297 στομάχου
3075 1229 3430 1300 ἐκφυομένων
3487 1235 3590 1291 δύο

1999 1315 2196 1384 φλέϐες
2245 1309 2407 1369 αὗται
2465 1317 2530 1369 ὲκ
2580 1314 2676 1368 τοῦ
2731 1315 3010 1388 στομάχου
3070 1318 3396 1387 ἁφείλκοντο.
3466 1323 3587 1377 Ks-

1996 1407 2256 1477 νούμενος
2298 1407 2392 1461 οὖν
2436 1408 2464 1460 ὁ
2517 1408 2795 1480 στόμαχος
2841 1408 2943 1478 τὴν
2986 1409 3179 1473 ἔξωθεν
3222 1411 3314 1480 τῆς
3357 1416 3580 1485 τροφῆς

1996 1497 2253 1570 ἐπεζήτει
2283 1498 2568 1570 χορηγίαν.
2596 1499 2754 1552 Κατά
2773 1497 2966 1552 τοῦτον
2985 1495 3078 1553 οὖν
3096 1500 3307 1570 ἀδελφοὶ
3324 1502 3411 1555 τὸν
3439 1505 3574 1574 τρό-

1996 1605 2120 1656 πον,
2148 1589 2226 1658 τῷ
2254 1588 2410 1659 ἀϊδίῳ
2437 1588 2554 1660 Υἱῷ
2588 1606 2651 1642 συ
2660 1588 2936 1659 μϐέϐηκεν
2962 1592 2995 1659 ἡ
3023 1592 3201 1643 πεῖνα.
3232 1591 3565 1663 Αὖτεξουσέῳ

1997 1680 2105 1752 γὰρ
2155 1680 2432 1750 βουλήσει,
2482 1670 2584 1734 οὐκ
2613 1682 2827 1752 ἀνάγκῃ
2864 1683 3071 1752 φυσικῇ
3129 1682 3445 1747 ἐπείνασεν,
3473 1685 3566 1737 καὶ

1998 1771 2189 1825 τούτου
2216 1770 2487 1837 ἀπόδειξις
2521 1772 2778 1843 ἐναργὴς,
2811 1772 2899 1824 ὅτε
2929 1773 3348 1842 τεσσαράκοντα
3374 1771 3573 1841 ἡμέρας

1999 1862 2283 1933 διαμείνας
2312 1864 2586 1927 ἀπόσιτος,
2643 1862 2868 1935 ὕστερον
2913 1864 3217 1916 ἐπείνασεν.
3263 1863 3330 1915 Εί
3364 1863 3474 1933 γὰρ
3510 1864 3582 1925 ὡς

2001 1953 2241 2024 ἑκάστης
2271 1954 2379 2006 τῶν
2411 1954 2699 2025 ἡμετέρων
2731 1954 2973 2024 σαρκῶν,
3004 1954 3097 2008 καὶ
3126 1954 3227 2022 τῆς
3250 1952 3425 2005 αὐτοῦ
3455 1970 3583 2025 σαρ-

2000 2042 2095 2107 κος
2144 2042 2458 2107 ἐξουσίαξεν
2501 2044 2530 2095 ο
2559 2042 2668 2114 ἀὴρ
2694 2083 2710 2110 ,
2745 2044 2844 2096 οὐκ
2898 2043 2966 2097 ἂν
3010 2042 3225 2114 ἡμέραν
3281 2041 3584 2113 διεληλύθει

2003 2132 2130 2203 μίαν
2160 2172 2177 2198 ,
2207 2133 2241 2204 ἢ
2273 2132 2367 2186 δύο
2390 2173 2406 2199 ,
2433 2132 2468 2204 ἦ
2497 2134 2647 2204 τρεῖς
2670 2173 2685 2197 ,
2716 2132 2880 2203 ἄχρις
2907 2131 2974 2188 ἂν
3012 2133 3272 2204 πεινάσῃ,
3302 2131 3494 2195 καθὼς
3530 2134 3585 2186 ὲν

1999 2223 2148 2294 αὐτῷ
2180 2224 2398 2297 δρῶμεν
2430 2224 2741 2295 γινόμενον.
2792 2225 2933 2277 Ἀλλ’
2963 2224 3051 2300 ὅτε
3078 2224 3343 2278 ἐϐούλετο
3371 2265 3388 2289 ,
3423 2224 3587 2278 ἐνεδί-

2000 2315 2091 2368 δου
2117 2318 2184 2386 τῇ
2232 2316 2394 2384 φύσει
2433 2315 2628 2385 καιρὸν
2684 2314 2752 2368 τὰ
2791 2314 2989 2384 ἑαυτῆς
3031 2317 3338 2386 ἐνεργῆσαι
3388 2315 3482 2369 καὶ
3498 2318 3579 2371 ὲν-

2000 2404 2301 2472 δείξασθαι,
2333 2404 2595 2470 ὡσαύτως
2622 2406 2716 2458 καὶ
2745 2407 2839 2458 τὸν
2867 2406 3093 2459 θάνατον
3118 2404 3266 2458 ἑκὼν
3301 2407 3573 2476 ὑπέμεινε,

2001 2499 2095 2550 καὶ
2134 2497 2304 2566 αὐτῆς
2332 2496 2429 2567 τῆς
2459 2496 2632 2558 ὅντως
2654 2495 2915 2567 ἀληθείας
2942 2496 3071 2566 περῖ⁵
3100 2497 3278 2568 αὐτῆς
3306 2496 3469 2551 τοῦτο
3495 2496 3575 2553 λε·

2000 2587 2204 2659 γούσης
2234 2586 2461 2642 ἀκούετε
2487 2604 2501 2617 ο
2530 2607 2549 2638 ι
2603 2586 2886 2651 Ἐξουσίαν
2912 2585 3021 2654 ἔχω
3051 2585 3228 2639 θεῖναι
3265 2587 3371 2657 τὴν
3410 2587 3574 2659 ψυχήν

2005 2694 2130 2747 μου,
2162 2677 2257 2730 καὶ
2288 2676 2536 2743 ἐξουσίαν
2563 2676 2671 2746 ἔχω
2715 2675 2877 2730 πάλιν
2904 2675 3089 2729 λαϐεῖν
3125 2676 3321 2748 αὐτὴν.
3358 2677 3467 2731 Καὶ
3493 2676 3578 2733 οὐ-

2000 2769 2110 2832 δεὶς
2143 2770 2290 2840 αἴρει
2319 2769 2490 2839 αὐτὴν
2518 2768 2612 2821 ἀπ’
2646 2768 2803 2838 ἐμοῦ.
2849 2787 2867 2820 ι
2912 2768 3027 2821 Ἵνα
3071 2768 3127 2821 δὲ
3160 2770 3457 2839 σαφέστερα
3504 2769 3571 2822 τά

2005 2859 2272 2931 λεγόμενα
2304 2860 2703 2930 κατανοήσητε,
2727 2858 2902 2913 ταῦτα
2934 2861 3333 2931 προσθήσομαι.

2075 2952 2197 3006 Ὅτι
2217 2950 2311 3004 τοῦ
2346 2951 2519 3022 ’Δδάμ
2542 2952 2602 3004 τὸ
2623 2951 2779 3022 σῶμα
2801 2951 3045 3022 καθαρὸν
3068 2954 3180 3006 ἀπὸ
3199 2952 3395 3016 παντὸς
3418 2953 3573 3023 μολύ-

1998 3059 2203 3114 σματος
2220 3042 2456 3096 ἔπλασεν
2477 3044 2504 3096 ὁ
2526 3041 2681 3106 Θεὸς,
2706 3043 2797 3095 ὑπ’
2814 3042 3029 3106 οὐδενὸς
3048 3043 3158 3096 τῶν
3177 3044 3421 3113 φυσικῶν
3434 3045 3572 3097 ἁδιαο

1998 3135 2209 3208 ϐλήτων
2220 3135 2408 3189 παθῶν
2421 3134 2835 3204 ἀναγκαστικῶς
2850 3137 3243 3207 κυριευόμενον
3259 3137 3483 3191 θανάτου
3491 3154 3541 3188 τε
3551 3177 3568 3201 ,

1996 3227 2093 3279 καὶ
2130 3226 2239 3280 τῶν
2277 3224 2488 3297 προτοῦ
2522 3225 2753 3279 θανάτου
2775 3227 2869 3279 καὶ
2893 3226 3034 3296 μετὰ
3062 3227 3579 3299 θάνατον.Ἐκουσία

1996 3316 2053 3370 δὲ
2075 3315 2268 3387 γνώμῃ
2306 3317 2402 3370 καὶ
2444 3316 2785 3387 ἐκουσιότητι
2817 3316 2912 3369 τοῦ
2952 3316 3121 3387 Ἀδάμ
3151 3318 3250 3388 τὴν
3293 3319 3445 3372 θείαν
3478 3336 3583 3371 πα-

2000 3408 2268 3479 ραϐάντος
2296 3407 2518 3475 ἐντολὴν
2544 3447 2559 3474 ,
2591 3407 2960 3481 ὑποπεσόντος
2991 3424 3051 3460 τε
3073 3410 3141 3479 τῇ
3180 3410 3449 3480 ἁμαρτίᾳ,
3486 3412 3584 3463 καὶ

2000 3499 2379 3572 μολυνθέντος,
2396 3502 2512 3563 τοῖς
2539 3501 2796 3569 φυσικοῖς
2824 3500 3170 3570 ἀδιαϐλήτοις
3202 3501 3476 3571 ἐδουλώθη
3492 3518 3584 3562 τε,

1999 3592 2096 3646 καὶ
2130 3590 2536 3662 κατεκυριεύθη
2571 3590 2798 3655 πάθεσι,
2838 3589 3052 3662 θανάτῳ
3073 3608 3132 3644 τε
3156 3632 3171 3657 ,
3213 3591 3314 3645 καὶ
3342 3591 3439 3661 τῆς
3472 3596 3585 3665 πρὸ

1988 3684 2260 3748 θανάτου,
2300 3685 2395 3737 καὶ
2430 3685 2567 3755 μετὰ
2605 3683 2851 3738 θάνατον.
2897 3684 3060 3737 Ὅθεν
3083 3686 3111 3737 ὀ
3155 3684 3332 3754 Ἀδὰμ
3364 3686 3581 3758 πεινᾷν,

1999 3772 2093 3827 καὶ
2138 3772 2297 3843 διψᾷν
2326 3814 2341 3838 ,
2377 3774 2473 3826 καὶ
2519 3772 2775 3842 θνήσκειν
2807 3773 3021 3845 ἀνάγκῃ
3063 3773 3455 3838 κατεϐιάζετο,
3483 3777 3587 3831 καὶ

2000 3861 2232 3916 θάνατον
2253 3863 2288 3932 ἡ
2303 3860 2571 3932 διαφθορὰ
2587 3859 2681 3914 τοῦ
2706 3860 2957 3931 σώματος
2977 3860 3140 3913 αὐτοῦ
3164 3877 3295 3913 κατε
3304 3860 3524 3925 ξουσέαζ
3527 3878 3585 3926 ε,

2001 3954 2096 4007 καὶ
2124 3954 2225 4007 ὅσα
2263 3953 2473 4018 τούτοις
2517 3948 2658 4024 ἦσαν
2704 3953 2887 4023 ὃμοια.
2933 3952 2991 4004 Ὀ
3026 3952 3211 4022 μέντοι
3256 3953 3428 4016 ἀΐδιος
3453 3953 3590 4018 Υἱὸς

1999 4044 2060 4097 τὸ
2121 4044 2433 4115 ’Δδαμιαῖον
2490 4042 2720 4097 ἀνέλαϐε
2783 4042 2962 4114 σῶμα,
3009 4043 3156 4095 τοῦτ’
3213 4042 3364 4097 ἔστιν
3418 4046 3588 4107 αὺτδς

2002 4135 2183 4205 ἑαυτῷ
2248 4135 2312 4188 ὲκ
2369 4134 2481 4186 τῶν
2526 4133 2816 4204 ἀχράντων
2867 4132 3117 4202 αἱμάτων
3166 4136 3269 4203 τῆς
3309 4136 3590 4203 παναγίας

2000 4225 2279 4298 Παρθένου
2313 4223 2531 4295 Μαρίας
2568 4222 2901 4277 διεπλάσατο
2941 4222 3202 4292 καθαρὸν,
3245 4226 3343 4277 καὶ
3380 4227 3588 4289 παντδς

314 4341 515 4397 corpus
566 4336 792 4393 purum,
831 4329 887 4376 et
935 4322 1004 4376 ab
1035 4321 1184 4375 omni
1227 4323 1443 4377 macula
1496 4323 1726 4379 liberum
1784 4325 1893 4380 for-

2004 4317 2206 4388 μύσους
2244 4316 2515 4386 ἁμαρτίας
2573 4314 2878 4383 ἐλεύθερον.
2920 4314 3107 4386 Ταύτῃ
3138 4331 3218 4366 τοι
3246 4316 3329 4385 τῷ
3365 4315 3589 4385 θανάτῳ

313 4417 505 4472 mavit.
562 4414 678 4469 Hac
706 4413 776 4469 de
805 4426 976 4468 causa
1008 4413 1343 4468 non'habuit
1390 4428 1538 4469 mors
1599 4415 1891 4485 imperium

313 4512 367 4563 in
396 4523 545 4573 eum,
579 4520 683 4561 nec
710 4512 838 4560 ante
869 4513 1126 4571 mortem,
1174 4505 1346 4561 fames
1393 4506 1625 4573 scilicet,
1669 4516 1723 4560 et
1760 4508 1893 4563 alia-

302 4604 434 4652 Tum
467 4598 817 4667 passionum,
854 4607 977 4663 qum
1007 4594 1337 4663 reprehendi
1376 4610 1483 4649 non
1517 4597 1718 4665 possit,
1750 4598 1892 4652 mul.

312 4689 512 4751 titudo,
544 4695 602 4741 ut
623 4686 914 4761 docuimus
942 4702 957 4751 ;
996 4701 1173 4755 neque
1195 4698 1317 4757 post
1351 4698 1581 4743 mortem
1611 4693 1898 4761 corruptio

312 4778 789 4848 corporum,quod
806 4777 974 4832 David
989 4779 1044 4831 in
1067 4778 1285 4834 Psalmo
1306 4782 1575 4850 praedixit,
1591 4783 1887 4853 inquiens:

317 4890 336 4923 ι
363 4871 477 4925 Non
510 4870 861 4938 derelinques
895 4870 1135 4923 animam
1174 4887 1370 4926 meam.
1401 4866 1715 4931 in'infcrno
1750 4890 1892 4940 ;ne-

310 4981 417 5034 que
451 4962 610 5017 dabis
649 4969 903 5015 sanctum
933 4966 1084 5013 tuum
1114 4961 1299 5017 videre
1337 4964 1749 5033 corruptionem
1779 4962 1793 5015 i
1825 5005 1840 5020 .
1866 4982 1885 5016 ι

382 5051 489 5108 Sed
535 5050 669 5122 quid
716 5064 780 5106 ea
833 5064 958 5121 qum
1008 5049 1076 5123 ab
1128 5050 1252 5106 aliis
1285 5051 1521 5109 decursa
1576 5065 1726 5123 sunt,
1765 5057 1897 5112 sub-
1962 5084 1971 5091 ~

307 5148 516 5217 jiciam,
555 5156 609 5201 et
636 5147 763 5215 {non
819 5143 1003 5214 potius
1053 5144 1375 5199 summatim
1413 5145 1636 5202 dicam?
1687 5163 1893 5221 corpus

308 5235 519 5291 scilicet
544 5234 739 5291 aeterni
769 5233 895 5288 Filii
926 5248 957 5287 ιι
991 5231 1264 5305 principio
1295 5226 1409 5291 suae
1458 5235 1803 5295 formationis
1830 5248 1884 5294 et

308 5325 533 5383 unionis
563 5326 928 5399 hypostaticw
950 5325 1071 5382 sine
1097 5325 1451 5395 confusione,
1484 5328 1884 5398 perfectissime

310 5418 623 5476 deiilcatum
653 5433 802 5484 esse,
852 5426 907 5472 et
940 5418 1144 5474 factum
1193 5421 1312 5476 sine
1364 5423 1668 5477 mutatione
1728 5422 1880 5477 illum

312 5513 401 5583 qui
436 5510 618 5578 unxit,
662 5517 717 5566 et
764 5508 938 5564 audeo
966 5508 1151 5567 dicere
1184 5511 1429 5582 ὁμόθεον.
1474 5511 1677 5567 Verum
1718 5522 1876 5568 teter-

391 5688 600 5745 iJoan.
645 5707 695 5751 κ,
732 5689 813 5743 l3.
929 5699 942 5735 ι
995 5688 1138 5741 Psal.
1188 5706 1273 5750 xv,
1308 5691 1392 5742 l".

1998 4411 2121 4463 κατ’
2159 4407 2327 4463 αὑτοῦ
2370 4408 2572 4477 κράτος
2603 4405 2702 4457 οὐκ
2736 4401 2839 4477 ἦν,
2871 4402 2997 4456 οὔτε
3029 4404 3137 4474 πρὸ
3161 4403 3397 4457 θανάτου
3424 4408 3585 4459 πεῖνα

1990 4499 2054 4571 δή
2084 4516 2249 4570 φημι,
2284 4496 2504 4551 καὶτῶν
2533 4494 2708 4549 ἄλλων
2732 4484 2981 4561 φυσικῶν
3012 4491 3356 4563 ἁδιαϐλήτων
3388 4493 3585 4546 παθῶν

1994 4590 2273 4660 ὲσμὸς,ὡς
2290 4587 2551 4653 άπεδείξα
2559 4602 2680 4657 μεν·
2698 4584 2823 4637 οὔτε
2847 4584 2955 4654 μὴν
2976 4585 3041 4653 τῇ
3060 4585 3203 4653 μετὰ
3224 4583 3462 4636 θάνατον
3477 4585 3587 4636 τῶν

1998 4680 2270 4751 σωμάτων
2312 4676 2581 4748 διαφθορᾷ
2605 4715 2621 4740 ,
2655 4674 2723 4747 ἢν
2760 4673 2923 4727 Δαυῒδ
2947 4676 2975 4726 ὁ
3006 4673 3297 4744 θεοπάτωρ
3326 4672 3585 4744 μελῳδῶν

1998 4770 2473 4843 προανεφώνησεν,
2502 4770 2583 4821 ὅτι
2620 4786 2640 4819 ί
2676 4764 2792 4821 Οὐκ
2832 4764 3249 4833 ἐγκαταλείψεις
3270 4765 3372 4834 τὴν
3403 4764 3584 4836 ψυχήν

2000 4880 2102 4935 μου
2138 4864 2216 4926 είς
2249 4861 2407 4933 ᾂδην,
2434 4858 2552 4914 οὐδὲ
2575 4856 2769 4920 δώσεις
2803 4856 2891 4909 τὸν
2908 4856 3054 4910 ὅσιόν
3078 4872 3173 4909 σου
3207 4856 3337 4910 ἰδεῖν
3354 4856 3584 4926 διαφθο-

2033 4956 2117 5009 ἀν.
2165 4973 2182 5006 ι

1998 4973 2133 5100 pax?
2165 4973 2234 5117 δή
2279 5063 2367 5117 μοι
2402 5044 2469 5097 τὰ
2514 5043 2908 5112 πεπερασμένα
2941 5041 3290 5105 ὑποτάττειν,
3331 5040 3471 5095 ἀλλὰ
3504 5042 3581 5113 μὴ

1996 5141 2299 5213 συλλήϐδην
2325 5140 2499 5210 ὲρεῖν;
2526 5138 2607 5191 ὅτι
2632 5135 2691 5189 τὸ
2711 5134 2806 5188 τοῦ
2831 5134 3000 5188 ἀϊδίου
3029 5134 3161 5187 Υἱοῦ
3193 5135 3376 5205 σῶμα,
3400 5138 3580 5206 dmp-

1997 5236 2096 5310 χῆς
2130 5235 2226 5303 τῆς
2259 5230 2454 5285 ἑαυτοῦ
2485 5227 2848 5291 διαπλάσεως,
2875 5225 3092 5296 καὶτῆς
3124 5225 3250 5280 καθ’
3280 5227 3580 5279 ὑπόστασιν

1994 5328 2085 5381 τοῦ
2110 5326 2279 5380 ἀϊδίου
2305 5321 2435 5376 Υἱοῦ
2465 5317 2770 5390 ἀσυγχύτου
2806 5315 3071 5380 ὲνώσεως,
3099 5316 3199 5388 τὴν
3228 5316 3580 5385 τελειοτάτην

1994 5417 2201 5484 ἐθεώοη
2220 5415 2437 5475 θέωσιν,
2461 5410 2555 5464 καὶ
2580 5410 2802 5479 γέγονεν
2820 5406 3107 5477 ἀτρέπτως
3126 5406 3267 5477 ὅπερ
3282 5406 3345 5459 τὺ
3357 5405 3576 5476 χρῖσαν,

1990 5513 2083 5564 καὶ
2114 5507 2300 5579 θαρρῶ
2336 5504 2540 5573 λέγειν,
2578 5500 2818 5573 ὁμόθεον.
2856 5497 2993 5551 Ἀλλ’
3032 5500 3060 5551 ὁ
3086 5497 3256 5561 ἀΐδιος
3286 5496 3413 5559 Υἱὸς
3442 5494 3569 5547 ἑ.θέ-
