3912 6202
359 415 492 485 1521

1719 418 2131 480 OPUSCULA.

3466 418 3599 483 1522

352 533 500 588 λοντι
525 532 787 586 ἐνέδωκεν
815 531 960 602 αὑτῷ
991 529 1222 601 διάγειν,
1262 533 1402 586 κατὰ
1435 532 1532 602 τὴν
1567 532 1674 586 τῶν
1707 531 1919 602 ἀνθρω-

2031 546 2127 585 nus
2167 526 2336 584 Filius
2375 530 2564 585 volens
2601 528 2878 585 concessit
2924 529 2972 584 ei
3021 528 3220 600 degere
3244 529 3410 585 vitam
3449 547 3601 590 more

354 622 528 676 πίνων
552 624 819 693 σωμάτων
838 623 1138 692 διαγωγὴν,
1163 625 1247 678 ἵνα
1263 624 1353 678 τὸν
1379 625 1476 695 μὲν
1497 626 1740 680 διάϐολον
1765 625 1924 698 λάθῃ,

351 711 452 781 τῆς
474 711 531 764 δὲ
562 711 727 764 αὑτοῦ
747 712 1015 782 σωτηρίου
1037 713 1350 782 οἰκονομίας
1373 715 1600 783 γένηται
1619 713 1885 776 πίστωσις
1909 730 1921 745 ·

353 805 451 857 καὶ
489 805 772 875 πειραθείη
800 805 908 858 τῶν
934 805 1720 876 σκυθρωπῶν,κα“ιδέξηταιτὰ
1754 805 1924 876 πάθη.

353 894 447 946 καὶ
493 893 586 946 τὸν
620 893 847 948 θάνατον
880 895 1023 965 ὑπὲρ
1065 895 1226 966 ἡμῶν
1271 896 1540 967 ὑπομείνῃ
1581 896 1830 967 ἀληθείᾳ,
1863 899 1924 950 οὑ

355 985 646 1056 φαντασίᾳ.
678 986 789 1056 Πλη
800 986 980 1056 ρώσας
1004 987 1061 1039 δέ
1088 988 1264 1040 πᾶσαν
1283 985 1447 1040 αὑτοῦ
1474 988 1572 1058 τὴν
1594 988 1923 1056 οἰκονομίαν,

352 1076 589 1140 ἀνέδειξε
624 1076 762 1146 μετὰ
792 1077 892 1144 τὴν
915 1075 1108 1130 ἑαυτοῦ
1137 1079 1200 1131 ἐκ
1220 1078 1428 1148 νεκρῶν
1454 1071 1749 1131 ἀνάστασιν
1772 1078 1829 1130 ἐν
1857 1080 1924 1148 τῇ

356 1165 462 1236 ἰδίᾳ
496 1167 656 1238 σαρκὶ
685 1167 782 1235 τὴν
811 1167 972 1232 δόξαν
1003 1168 1102 1238 τῆς
1125 1167 1317 1221 ἑαυτοῦ
1349 1167 1618 1239 θεότητος.
1667 1168 1804 1222 Ἀλλ’
1839 1169 1926 1223 ἵνα

356 1255 430 1323 μὴ
483 1255 765 1324 νομιστέον
809 1255 1016 1326 ταύτην
1061 1257 1159 1327 τὴν
1188 1257 1366 1324 δόξαν,
1418 1258 1516 1329 τὴν
1550 1261 1608 1313 ἐν
1648 1261 1714 1330 τῇ
1760 1262 1926 1330 σαρκὶ

352 1343 446 1396 τοῦ
476 1344 643 1398 ἀϊδίου
678 1344 807 1397 Υίοὺ
832 1384 848 1407 ,
891 1344 1029 1414 μετὰ
1057 1346 1156 1421 τὴν
1186 1348 1249 1400 ἐκ
1277 1347 1450 1415 τάφου
1490 1347 1706 1418 ἔγερσιν
1736 1349 1926 1402 ἀναδε-

353 1434 640 1503 δειγμένην
661 1433 860 1498 ἔξωθεν
892 1436 1250 1502 ἐπεισελθεῖν,
1280 1439 1416 1492 ἀλλὰ
1443 1441 1752 1510 φανέρωσιν
1783 1437 1922 1495 εῖναι

353 1525 452 1594 τῆς
482 1528 540 1578 ἐν
576 1527 712 1597 αὑτῇ
765 1528 1156 1598 κεκρυμμένης
1183 1530 1276 1583 ἀπ’
1316 1532 1493 1601 ἀρχῆς
1519 1532 1621 1603 τῆς
1653 1534 1774 1588 καθ’
1802 1534 1928 1588 ὑπό-

355 1629 544 1666 στασιν
571 1615 876 1684 ἁσυγχύτου
899 1617 1146 1681 ἐνώσεως
1168 1634 1183 1649 ’
1225 1619 1413 1674 τούτου
1439 1621 1496 1675 δὲ
1529 1624 1802 1694 μαρτυρία
1826 1640 1926 1678 σα-

353 1704 481 1772 φὴς,
508 1705 596 1757 ὅτε
622 1705 728 1776 πρὸ
756 1706 850 1760 τοῦ
883 1709 1153 1779 σωτηρίου
1195 1711 1400 1776 πάθους
1423 1711 1731 1783 ἔμπροσθεν
1760 1716 1926 1784 τριῶν

2028 636 2321 691 corporum
2352 621 2740 685 humanorum,
2777 629 2838 675 ut
2870 621 3148 675 diabolmn
3175 622 3393 686 lateret,
3428 633 3482 678 et
3515 625 3601 679 in-

2027 711 2275 765 carnatio
2295 711 2414 781 ejus
2439 712 2700 767 salutaris
2718 711 3057 776 crederetur,
3077 719 3132 768 et
3145 714 3382 783 experiri
3407 729 3599 785 aspera

2027 809 2080 856 et
2111 803 2360 867 molesta,
2400 810 2455 855 ct
2481 803 2770 871 passiones
2805 802 3112 872 suscipere,
3147 818 3211 858 ac
3237 811 3472 859 mortem
3502 821 3600 875 pro

2027 893 2189 948 nobis
2228 907 2378 956 vere,
2411 900 2466 946 et
2495 907 2604 946 non
2652 893 2778 946 ficte
2813 891 3019 949 subire.
3076 892 3360 963 Completa
3418 902 3596 949 autem

2027 984 2176 1039 omni
2226 999 2328 1038 sua
2383 983 2795 1052 dispensatione
2852 990 2976 1052 post
3041 985 3508 1041 resurrectionem
3569 1001 3596 1036 a

2028 1075 2284 1136 mortuis,
2320 1074 2565 1130 ostendit
2618 1075 2674 1127 in
2738 1075 2962 1143 propria
3017 1089 3186 1129 carne
3219 1075 3446 1145 gloriam
3486 1091 3598 1131 sua:

2026 1165 2358 1220 divinitatis.
2410 1163 2488 1219 Ne
2548 1172 2732 1218 autem
2784 1164 3232 1220 existimaremus
3291 1167 3432 1221 hanc
3485 1167 3599 1236 glo-

2029 1257 2188 1322 riam,
2237 1270 2358 1326 quaa
2390 1255 2444 1309 in
2481 1269 2649 1310 carne
2686 1255 2877 1310 aeterni
2902 1254 3025 1308 Filii
3066 1265 3190 1324 post
3241 1257 3598 1311 resurrectio—

2026 1361 2150 1402 nem
2184 1355 2404 1402 ostensa
2443 1351 2553 1410 est,
2588 1345 2938 1400 extrinsecus
2973 1345 3289 1411 advenisse,
3333 1347 3463 1415 quin
3500 1361 3596 1416 po-

2027 1438 2143 1493 tius
2173 1446 2452 1493 ostensam
2479 1451 2623 1504 esse,
2663 1451 2786 1506 quae
2815 1437 2870 1491 in
2903 1437 3023 1506 ipsa
3056 1451 3085 1491 a
3117 1437 3391 1508 principio
3423 1437 3595 1507 ipsius

2027 1530 2329 1585 secundum
2388 1526 2726 1597 hypostasim
2788 1527 3012 1583 unionis
3086 1527 3207 1582 sine
3275 1527 3596 1582 confusione

2027 1617 2204 1681 factae,
2269 1617 2494 1680 latebat,
2556 1616 2934 1670 testimonium
2993 1616 3346 1670 manifestum
3419 1615 3592 1678 dedit,

2026 1705 2251 1777 quando
2281 1715 2408 1760 ante
2439 1704 2752 1774 passionem
2791 1705 2951 1774 381
2985 1719 3174 1759 coram
3216 1705 3394 1759 tribus
3425 1705 3593 1758 disci-

352 1796 460 1848 τῶν
491 1797 656 1850 αὑτοῦ
691 1799 946 1868 μαθητῶν
972 1802 1030 1853 ἐν
1056 1796 1416 1874 δρειὌαὸὼρ,
1446 1804 1542 1875 τὴν
1571 1807 1629 1858 ἐν
1657 1808 1721 1876 τῇ
1757 1807 1923 1860 αὑτοῦ

2031 1801 2171 1870 pulis
2195 1798 2314 1855 suis
2344 1797 2400 1852 in
2436 1803 2627 1851 monte
2654 1796 2876 1852 Thabor
2923 1798 2979 1850 in
3014 1797 3235 1866 prepria
3280 1810 3445 1850 carne
3495 1811 3593 1850 sua

354 1886 520 1956 σαρκὶ
545 1886 730 1959 θεῖκὴν
746 1889 916 1953 ἔδειξε
943 1889 1120 1955 δόξαν,
1148 1891 1215 1962 ἦν
1235 1895 1333 1946 καὶ
1358 1894 1493 1964 μετὰ
1511 1896 1610 1966 τὴν
1626 1897 1690 1949 ἐκ
1716 1896 1924 1968 νεκρῶν

257 2045 259 2047 ι
353 1977 712 2048 ἀναφοίτησιν
747 1980 1026 2053 ἐξέφηνεν.
1067 1984 1358 2038 Ἐτεθέωτο
1383 1985 1510 2056 γὰρ,
1542 1987 1618 2048 ὡς
1665 1987 1926 2058 προείπο-

358 2086 480 2138 μεν,
513 2072 545 2141 ή
581 2071 674 2125 τοῦ
705 2073 877 2127 ἀϊδίου
917 2075 1076 2146 σὰρξ,
1113 2075 1212 2146 τὴν
1243 2074 1588 2144 τελειοτάτην
1611 2076 1805 2130 θέωσιν
1831 2078 1928 2130 ἀπ’

267 2168 288 2174 ‘
355 2159 531 2230 ἀρχῆς
577 2162 672 2231 τῆς
706 2163 898 2217 ἐαυτοῦ
925 2164 1285 2228 διαπλάσεως.
1343 2165 1483 2218 Ἀλλ’
1528 2168 1557 2219 ὁ
1590 2165 1756 2229 ἀΐδιος
1797 2167 1927 2229 Υἱὸς

356 2247 564 2315 ἐφῆκεν
627 2251 795 2322 αὑτὴν
847 2253 934 2306 διὰ
982 2252 1080 2323 τὴν
1129 2253 1348 2319 αἰτίαν,
1400 2249 1470 2326 ἧς
1513 2255 1923 2326 ἐμνημονεύσα-

360 2355 483 2407 μεν,
515 2342 656 2395 κατὰ
697 2343 796 2414 τὴν
837 2344 946 2400 τῶν
967 2345 1268 2416 ξήμετέρων
1298 2345 1564 2417 σωμάτων
1593 2347 1927 2419 ἀναστρέφε-

360 2425 486 2479 σθαι
527 2426 736 2497 βίωσιν.

429 2515 583 2588 Αὕτη
609 2521 812 2588 τοίνυν,
843 2516 888 2577 ῶ
924 2517 1092 2590 οὗτοι,
1129 2524 1233 2595 τῆς
1262 2525 1540 2596 ἡμετέρας
1572 2527 1862 2597 ὁμολογίας
1889 2532 1923 2602 ἡ

358 2605 716 2672 διατύπωσις,
751 2611 846 2665 καὶ
890 2612 1227 2686 πλατύτερον
1250 2615 1562 2686 ἐδυνάμεθα
1593 2616 1725 2687 περὶ
1756 2619 1928 2690 αὑτῆς

357 2690 635 2759 διεξιέναι,
672 2697 810 2752 ἀλλὰ
837 2699 898 2752 τδ
917 2701 1012 2754 τοῦ
1042 2702 1202 2772 λόγου
1247 2703 1575 2775 παρῄτημαι
1608 2707 1803 2775 μῆκος.
1834 2707 1926 2760 Διὸ

357 2785 800 2854 κατανοήσαντες
843 2790 912 2842 τὰ
940 2791 1076 2858 πρὸς
1128 2795 1263 2862 ἡμῖν
1303 2793 1674 2863 σημανθέντα,
1705 2797 1802 2848 καὶ
1856 2800 1922 2868 τῇ

357 2869 503 2922 κατὰ
534 2872 772 2942 Χριστὸν
803 2877 992 2948 ἀγάπῃ
1039 2881 1474 2950 προσηκάμενοι,
1509 2884 1925 2954 συναρμόσθητε

353 2962 510 3029 ἡμῖν,
561 2965 656 3016 καὶ
708 2965 979 3037 ένὼθητε,
1021 2967 1127 3023 ’καὶ
1163 2970 1451 3041 γενώμεθα
1507 2973 1710 3038 πάντες
1749 2975 1807 3028 ἒν
1839 2977 1926 3031 διὰ

353 3051 451 3104 τοῦ
487 3053 659 3108 ἀϊδίου
696 3057 1021 3128 Πνεύματος
1062 3061 1120 3114 ἐν
1163 3063 1229 3131 τῇ
1283 3061 1632 3135 θεοπνεύστῳ
1677 3064 1774 3118 τοῦ
1827 3085 1924 3136 με-

2026 1891 2268 1946 divinam
2299 1887 2532 1959 gloriam
2565 1887 2830 1953 ostendit,
2866 1903 3031 1957 quam
3064 1889 3228 1942 etiam
3253 1897 3376 1957 post
3410 1901 3595 1941 resur-

2028 1983 2326 2038 rectionem
2360 1979 2641 2051 patefecit.
2683 1979 2816 2034 Erat
2863 1979 3034 2046 enim,
3067 1988 3126 2033 ut
3175 1979 3287 2048 jam
3325 1979 3592 2044 diximus,

2026 2091 2158 2131 caro
2186 2073 2378 2130 aeterni
2418 2071 2542 2127 Filii
2578 2070 2821 2142 perfecta
2857 2070 3210 2126 deiﬁcatione
3253 2085 3283 2124 a
3325 2071 3628 2140 principio-

2027 2181 2140 2222 suaa
2174 2165 2522 2220 formationis
2546 2163 2795 2232 praedita.
2846 2162 2954 2218 Sed
2987 2175 3227 2217 :cternus
3261 2161 3431 2216 Filius
3466 2162 3630 2216 sivit-

2025 2275 2144 2315 eam
2180 2256 2496 2313 conversari
2525 2270 2675 2311 more
2703 2255 2878 2311 vietus
2905 2262 3224 2311 nostrorum
3271 2268 3590 2324 corporum,

2026 2358 2081 2406 ut
2107 2351 2217 2421 jam
2255 2347 2830 2405 commemoravimus.

2098 2530 2224 2586 Haec
2249 2535 2354 2596 est,
2393 2529 2617 2596 fratres,
2647 2515 2946 2597 descriptio
2975 2525 3592 2592 nostrae-confessionis,

2027 2639 2190 2694 quam
2213 2623 2432 2693 quidem
2474 2623 2642 2677 latius
2679 2621 2937 2692 persequi
2968 2629 3322 2689 poteramus;
3359 2618 3454 2674 sed
3490 2632 3596 2672 no-

2027 2714 2102 2768 lui
2127 2729 2251 2769 esse
2275 2712 2546 2783 prolixus.
2567 2695 2962 2778 Quamobrem,
2981 2709 3394 2778 comprehensis
3415 2715 3600 2762 mente
3623 2739 3626 2744 ι

2025 2822 2145 2875 qum
2163 2805 2616 2876 significavimus,
2641 2811 2695 2858 et
2715 2803 2970 2858 admissis
2993 2818 3087 2872 per
3113 2802 3433 2858 charitatem
3465 2815 3594 2870 erga

2025 2897 2302 2951 Christum
2323 2932 2340 2959 ,
2367 2893 2649 2964 adjungite
2685 2908 2785 2949 vos
2819 2894 3011 2958 nobis,
3055 2901 3108 2948 et
3134 2893 3468 2964 copulamini
3490 2932 3504 2956 ,
3540 2901 3596 2945 et

2025 2985 2327 3041 efﬁciamur
2358 3000 2550 3039 omnes
2571 2999 2750 3042 unum
2785 2999 2882 3054 per
2915 2983 3175 3053 Spiritum
3210 2993 3461 3038 sanctum
3492 3021 3507 3046 ,
3539 2983 3598 3037 in

2030 3077 2134 3131 hac
2176 3075 2440 3130 divinitus
2483 3075 2725 3130 revelata
2756 3075 3109 3130 confessione
3144 3074 3292 3129 Petri
3324 3075 3597 3146 principis

352 3144 524 3236 γάλου
609 3149 706 3203 καὶ
773 3152 1077 3236 κορυφαίου
1143 3152 1252 3205 τῶν
1325 3154 1643 3209 ἀποστόλων
1707 3159 1922 3229 Πέτρου

2033 3169 2425 3236 apostolorum,
2453 3166 2542 3220 cui
2577 3181 2674 3219 nos
2700 3167 3083 3234 ascripsimus,
3115 3176 3176 3220 ut
3215 3167 3374 3222 nobis
3401 3166 3595 3221 Domi-

349 3233 617 3308 ὁμολογία
650 3239 847 3313 ταύτῃ,
944 3241 1334 3312 συνετάξαμεν,
1373 3244 1522 3306 ὅπως
1561 3246 1695 3313 ἡμῖν
1729 3247 1923 3318 ἱλασθῇ

309 3340 322 3348 '
353 3326 593 3396 Χριστὸς
635 3332 662 3383 ὁ
716 3330 849 3394 Θεὸς
889 3332 1069 3402 ήμῶν,
1109 3333 1204 3386 καὶ⁴
1234 3334 1417 3386 πᾶσαν
1457 3333 1711 3387 ἐναντίαν
1756 3351 1929 3404 προσ-

350 3415 542 3488 ϐολὴν,
590 3421 684 3474 καὶ
734 3421 966 3492 ἀνιαράν
996 3422 1296 3494 ἐπαγωγὴν
1339 3422 1538 3496 άπὼσῃ
1572 3441 1653 3487 τε,
1701 3424 1796 3478 καὶ
1842 3425 1924 3487 είς

349 3509 456 3580 τὴν
485 3510 654 3574 ὅντως
682 3514 831 3583 ἡμᾶς
869 3517 1182 3586 μεταστήσῃ
1217 3516 1617 3586 μακαριότητα,
1641 3515 1738 3568 καὶ
1769 3516 1828 3568 ὲν
1854 3519 1922 3588 τῇ

347 3600 550 3655 ἑαυτοῦ
583 3603 824 3675 συνάψῃ,
855 3606 951 3657 καλ⁴
996 3607 1312 3676 συναρμόσῃ
1364 3606 1634 3676 βασιλείᾳ.
1682 3598 1791 3669 Ἦς
1833 3607 1925 3674 γέ-

349 3709 505 3746 νοιτο
543 3695 753 3759 πάντας
801 3699 1101 3767 ἐπιτυχεῖν,
1154 3699 1472 3764 πρεσϐείαις
1517 3700 1616 3768 τῆς
1651 3699 1926 3766 παναγίας

347 3786 660 3856 Δεσποίνης
701 3787 861 3857 ἡμῶν
918 3789 1180 3843 Θεοτόκου
1220 3791 1476 3861 Μαρίας,
1523 3792 1618 3844 καὶ
1675 3790 1921 3844 Ἰωάννου

347 3875 453 3927 τοῦ
489 3877 806 3948 Προδρόμου
858 3883 951 3932 καὶ
985 3880 1318 3945 Βαπτιστοῦ,
1353 3881 1565 3951 Πέτρου
1603 3898 1663 3934 τε
1707 3879 1800 3934 τοῦ
1830 3898 1924 3934 κο-

350 3966 588 4036 ρυφαίου
638 3967 747 4020 τῶν
793 3969 1128 4036 ἀποστόλων,
1168 3970 1276 4025 καὶ
1319 3970 1578 4026 Ἰακώϐου
1628 3972 1720 4025 τοῦ
1766 3971 1921 4026 ἀδελ-

349 4057 575 4123 φοθέου,
601 4057 694 4113 καὶ
724 4059 944 4117 πάντων
977 4061 1068 4114 τοῦ
1094 4063 1202 4115 τῶν
1236 4062 1408 4130 ἁγίων
1444 4063 1788 4134 συστήματος
1815 4063 1883 4116 ³⁸.

354 4253 477 4311 Τοῦ
509 4254 698 4311 αὐτοῦ
737 4257 1193 4386 Θεοδώροιῃίτοιξ
1223 4259 1546 4330 Ἀΰουκαρᾶ
1589 4261 1929 4319 ἐπισκόπου

373 4367 379 4372 .
800 4369 804 4372 .
1080 4346 1259 4386 (ιοων.

1080 4346 1259 4398 raptor.

2027 3272 2132 3310 nus
2157 3257 2299 3310 Deus
2327 3263 2513 3309 noster
2556 3256 2828 3324 propitius
2872 3257 2980 3320 sit,
3022 3266 3075 3310 et
3129 3272 3344 3312 onmem
3376 3265 3596 3314 contra-

2028 3344 2167 3396 rium
2198 3344 2483 3396 incursum
2545 3351 2598 3394 et
2633 3344 2887 3397 acerbam
2925 3343 3272 3401 aillictionem
3305 3352 3553 3398 amoveat
3575 3381 3596 3410 ,

2028 3440 2083 3488 et
2136 3431 2204 3485 ad
2257 3445 2442 3484 veram
2489 3429 2885 3510 beatitudinem
2938 3447 3037 3486 nos
3090 3432 3411 3498 transferat,
3443 3442 3496 3486 et
3539 3433 3593 3488 in

2030 3538 2200 3592 regno
2230 3537 2330 3577 suo
2357 3535 2459 3576 nos
2485 3535 2678 3576 omnes
2707 3521 3001 3590 conjungat
3051 3530 3103 3576 et
3136 3532 3302 3592 aptet.
3332 3523 3506 3590 Quam
3539 3536 3596 3580 ut

2032 3627 2387 3681 assequamur
2443 3626 2672 3678 omnes,
2715 3612 2852 3665 faxit
2890 3612 3033 3669 Deus
3071 3615 3325 3683 precibus
3365 3618 3596 3672 sanetis-
3693 3619 3697 3624 ’

2031 3703 2182 3757 sima:
2238 3703 2458 3772 Reginae
2504 3709 2709 3758 nostra:
2742 3703 2982 3773 Deiparaz
3018 3704 3231 3768 Mariae,
3269 3721 3333 3761 ac
3364 3705 3592 3762 Joannis

2030 3793 2387 3863 praecursoris
2403 3799 2457 3847 et
2481 3790 2761 3862 Baptistae,
2790 3806 2854 3847 ac
2878 3791 3021 3848 Petri
3055 3795 3249 3848 summi
3284 3799 3335 3849 in
3377 3806 3594 3864 aposto-

2030 3883 2118 3948 lis,
2152 3891 2204 3938 et
2235 3881 2424 3938 Jacobi
2449 3882 2636 3939 fratris
2668 3882 2904 3949 Domini,
2937 3893 2991 3939 et
3019 3893 3195 3941 coetus
3225 3887 3468 3942 omnium
3492 3887 3602 3943 ho-.

2027 3990 2151 4031 rum
2181 3985 2518 4032 sanctorum.
2553 3977 2746 4033 Amen.

2035 4266 2289 4337 Ejusdem
2343 4267 2605 4321 Theodori
2663 4273 3007 4389 cqjqnomento
3061 4266 3320 4322 Abucara:
3367 4268 3594 4336 episcopi

2748 4351 2922 4388 arum.

2748 4351 2922 4388 arum.

1717 4451 1954 4501 Turriano
1988 4453 2280 4501 interprete.

1717 4451 1922 4500 Turr'an

439 4529 786 4599 Ἐρώτησις.
837 4534 935 4586 Διὰ
984 4533 1036 4585 τί
1066 4533 1322 4604 λέγομεν,
1377 4536 1518 4606 ὃτιή
1568 4451 1923 4606 ἀνθρὶυπὸἐης

2031 4457 2119 4501 iter
2157 4454 2280 4499 rete.

2100 4450 2364 4606 Ιῗιεεηοάρ.
2398 4534 2599 4601 Quare,
2622 4532 2768 4588 sicut
2797 4531 3050 4594 dicimus,
3081 4532 3406 4587 Humanitas
3437 4532 3598 4587 Chri-

341 4620 454 4675 τοῦ
484 4622 720 4693 Χριστοῦ
752 4622 892 4694 αὕτη
923 4624 1070 4676 ἐστὶν
1093 4627 1126 4694 ἡ
1167 4625 1529 4695 ἀνθρωπὸτης
1569 4628 1802 4698 Πέτρου,
1827 4631 1924 4682 καὶ

343 4711 599 4776 Παύλου,
636 4713 730 4766 καὶ
761 4714 867 4768 τῶν
896 4713 1208 4768 καθέκαστα
1242 4715 1568 4785 ἀνθρώπων,
1599 4719 1658 4770 οὑ
1690 4718 1924 4790 λέγομεν

340 4804 437 4869 δὲ,
467 4803 549 4856 ὅτι
585 4803 646 4856 τὸ
685 4804 844 4873 σῶμα
881 4805 974 4858 τοῦ
999 4807 1260 4875 Χριστοῦ,
1286 4802 1346 4862 οὗ
1381 4809 1475 4860 καλ⁵
1509 4811 1926 4880 μεταλαμϐάνο-

344 4911 485 4964 μεν,
531 4895 664 4948 αὑτό
706 4899 822 4948 ἐστι
852 4896 913 4948 τὸ
949 4897 1112 4967 σῶμα
1144 4897 1374 4971 Πέτρου,
1408 4902 1501 4954 καὶ
1546 4903 1782 4971 Παύλου,
1828 4906 1924 4959 καὶ

340 4985 593 5037 ἑκάστου
624 4988 727 5039 ἀνά
759 4987 924 5056 μέρος
958 4988 1300 5062 ἀνθρώπων;

435 5076 800 5142 Ἀπόκρισις.
841 5079 963 5132 Ὀτι
1001 5079 1064 5132 τὸ
1098 5081 1280 5135 κοινὸν
1312 5082 1373 5135 τὸ
1410 5083 1588 5136 ὑλικὸν
1636 5085 1926 5154 δεχόμενον

343 5166 561 5232 ἰδίωμα
595 5170 1117 5241 χαρακτηριστικὸν,
1156 5173 1456 5238 ὑπόστασις
1495 5176 1729 5242 γίνεται.
1765 5175 1838 5228 Τὸ
1867 5177 1923 5230 δὲ

343 5258 524 5327 σῶμα
575 5258 638 5311 τὸ
669 5261 870 5328 κοινὸν,
917 5264 1012 5315 καὶ
1045 5263 1232 5327 ἁπλῶς
1290 5265 1583 5335 λεγόμενον
1626 5252 1924 5338 ’δεχόμενον

267 5362 279 5369 ’
345 5349 562 5418 ἰδίωμα
615 5354 1151 5422 χαρακτηριστικδν,⁸
1180 5356 1365 5409 οὐκέτι
1412 5359 1440 5408 ὁ
1485 5357 1632 5411 δεῖνα
1681 5357 1919 5426 λέγεται,

337 5439 499 5493 ἀλλὰ
531 5441 626 5494 τοῦ
648 5442 843 5507 δεῖνος,
866 5445 1036 5514 ἤγουν
1064 5448 1161 5516 οὑχ
1197 5448 1496 5512 ὑπόστασις
1525 5449 1755 5516 γίνεται,
1787 5449 1922 5503 ἀλλὰ

344 5530 460 5599 τῆς
505 5531 896 5596 ὑποστάσεωςο
947 5537 1008 5588 τὸ
1071 5537 1177 5607 γὰρ
1237 5538 1395 5608 σῶμα
1449 5539 1612 5608 μέρος
1663 5541 1781 5593 ἐστὶ
1828 5543 1924 5608 τῆς

2033 4632 2103 4687 sti
2143 4637 2226 4685 est
2257 4629 2376 4698 ipsa
2415 4625 2726 4679 humanitas
2773 4622 2917 4678 Petri
2949 4630 3002 4677 et
3051 4623 3204 4676 Pauli
3245 4631 3298 4678 et
3335 4624 3598 4680 uniuscu-

2025 4723 2224 4794 jusque
2251 4716 2493 4774 hominis
2518 4756 2534 4781 ,
2563 4731 2670 4770 non
2723 4715 2806 4770 sic
2839 4713 3094 4777 dicimus,
3128 4715 3345 4784 Corpus
3373 4715 3594 4778 Christi,

2029 4812 2174 4885 quod
2215 4811 2483 4867 sumimus
2521 4817 2572 4862 et
2603 4805 3017 4876 participamns,
3044 4803 3186 4859 idem
3226 4813 3311 4860 est
3365 4806 3512 4860 Petri
3545 4814 3597 4860 et

2029 4903 2206 4968 Pauli,
2230 4911 2284 4958 et
2315 4899 2563 4970 cujusvis
2597 4912 2802 4968 corpus
2825 4897 2848 4950 ‘i

2099 5081 2252 5149 Resp.
2307 5079 2572 5146 Quoniam
2610 5092 2898 5132 commune
2930 5077 3199 5147 recipiens
3259 5085 3427 5130 totam
3466 5091 3594 5144 pro-

2029 5175 2315 5246 prictatem
2381 5171 2908 5233 characteristicam,
2966 5169 3018 5222 id
3077 5176 3199 5231 est,
3263 5167 3596 5234 signantem.

2030 5262 2342 5336 hypostasis
2370 5259 2621 5316 ellicitur.
2648 5260 2860 5328 Corpus
2898 5273 3027 5311 vero
3058 5272 3347 5311 commune
3375 5265 3429 5310 et
3464 5259 3596 5312 sim-

2030 5358 2244 5428 pliciter
2286 5354 2487 5406 dictum
2523 5351 2796 5419 recipiens
2832 5347 3237 5424 proprietatem
3284 5349 3595 5415 signantem

2031 5466 2139 5505 non
2168 5445 2402 5515 amplius
2433 5443 2632 5497 dicitur
2659 5444 2687 5494 ὁ
2715 5442 2881 5503 δεῖνα,
2902 5440 3143 5510 quidam,
3163 5441 3258 5496 sed
3288 5440 3591 5509 cujusdam,

2031 5545 2082 5598 id
2118 5550 2220 5602 est,
2253 5552 2359 5590 non
2394 5535 2445 5588 fit
2480 5532 2791 5603 hypOSlasis
2817 5531 2932 5584 sive
2967 5545 3214 5600 persona.
3260 5529 3354 5585 sed
3387 5529 3445 5583 fit
3473 5543 3589 5598 per-

1660 5697 1884 5748 \'.\lll.»’l£
1923 5692 2325 5751 LICC'l'iOMCS.

430 5771 468 5803 δέ
521 5773 705 5842 ’Λμῄλ
750 5773 908 5826 ⁷Γιιι’1·.

3224 5756 3240 5785 Υ
