3912 6202
271 318 293 380 1
305 321 407 384 523

1498 334 1889 399 THEODORI
1929 343 2299 406 ABUCAR/E

3396 358 3537 425 1524

252 446 451 497 .sonac;
494 447 698 504 corpus
741 436 886 490 enim
928 453 1053 507 pars
1105 448 1317 495 naturae
1351 452 1456 508 est,
1502 459 1610 499 non
1645 455 1843 502 totum.

1964 455 2205 523 φύσεως,
2233 457 2328 510 καλ⁵
2361 457 2461 528 οὐχ
2514 458 2657 513 ὅλον.
2702 448 2881 517 Διὸ-τὸ
2927 464 3099 537 μέρος
3128 465 3233 521 οὐκ
3280 418 3537 540 “lavdi;

266 523 635 588 Quamobrem
687 542 814 596 pars
853 544 959 583 non
1016 533 1232 587 exsistit
1275 550 1522 591 seorsum
1554 548 1605 593 et
1634 554 1729 608 per
1762 555 1840 607 se,

267 616 359 670 sed
397 618 600 671 dicitur
642 620 841 678 totius.

1852 745 1914 799 Vl

1956 543 2342 613 ίσταται,άλλά
2372 547 2467 601 τοῦ
2494 548 2618 602 ὅλου
2646 549 2879 631 λέγεται.

262 819 423 889 382
462 818 797 913 Efet‘nglunt,
832 839 933 904 quo
973 823 1286 884 ostenditur.
1327 830 1589 913 quomodo
1631 832 1843 885 macula

1955 831 2351 913 Παράδειγμέι,
2381 832 2457 913 δι’
2488 830 2562 889 οὗ
2599 835 3062 913 ρποδείκτςυζᾳι,
3096 839 3230 908 πῶς
3272 844 3308 913 gi
3338 848 3528 912 μολυ-

330 890 538 969 peccati
572 889 769 943 Λάαιηὶ
800 889 1103 947 universum
1138 912 1301 965 genus
1332 889 1623 952 humanum
1654 917 1844 969 perva-

330 962 480 1014 serit.

330 1049 495 1105 Aiunt
515 1052 792 1123 agricolae,
829 1053 874 1108 si
904 1054 1143 1125 accipias
1173 1057 1472 1125 palmitem,
1499 1060 1841 1128 tinctumque

258 1142 381 1195 oleo
425 1143 640 1210 plantes
666 1185 680 1209 ,
723 1146 828 1200 olei
861 1147 1179 1212 qualitatem
1218 1148 1271 1201 iu
1311 1148 1487 1218 ipsum
1522 1153 1685 1205 etiam
1733 1152 1842 1206 fru-

259 1244 429 1299 ctum,
464 1234 566 1289 hoc
600 1246 706 1300 est,
746 1237 801 1291 in
839 1252 998 1292 uvam
1031 1238 1356 1295 redundare.
1395 1240 1487 1295 Sic
1516 1250 1567 1296 et
1596 1243 1839 1299 Adamus

259 1339 382 1376 cum
415 1338 666 1379 naturam
698 1327 877 1381 omnis
906 1329 1133 1383 maculae
1171 1339 1447 1400 expertem
1507 1334 1836 1401 accepisset,

258 1430 376 1467 eam
411 1426 635 1484 peccato
665 1418 944 1488 variisque
972 1419 1356 1477 adectionibus
1403 1414 1836 1489 contaminavit,

260 1505 418 1575 cujus
449 1510 707 1579 contagio
738 1510 805 1563 ad
839 1525 937 1565 nos
974 1526 1151 1581 usque
1185 1513 1450 1567 manavit.

297 1640 570 1703 Quomodo
610 1658 702 1709 per
742 1644 1166 1698 incarnationem
1198 1645 1493 1700 Saluatoris
1536 1648 1704 1701 nostri
1730 1648 1799 1701 ad

642 1730 820 1766 omnes
849 1715 1085 1782 expiatio
1133 1717 1448 1782 pervenerit.

332 1830 519 1894 Aiunt,
579 1832 623 1887 si
671 1847 859 1888 semen
896 1837 1126 1902 peponis
1187 1835 1349 1889 melle
1391 1836 1624 1891 tinctum
1657 1850 1833 1901 seras,

259 1921 607 1979 dulcedinem
657 1924 833 1980 mellis
869 1925 923 1979 in
956 1926 1135 1993 ipsum
1180 1925 1416 1980 fructum
1455 1926 1717 1982 transire.
1760 1925 1836 1982 Ita

259 2012 513 2070 Christus
572 2020 769 2069 natura
823 2014 893 2071 ab
935 2015 1121 2071 oleosa
1165 2014 1454 2084 qualitate,
1502 2015 1760 2070 nimirum
1807 2030 1837 2069 a

260 2114 489 2174 peccato
514 2121 612 2175 per
639 2114 889 2161 sanctum
915 2105 1250 2176 Baptismum
1269 2112 1598 2176 expurgata,
1620 2121 1834 2161 assum-

260 2197 372 2265 psit
402 2197 549 2251 illam
580 2197 789 2267 absque
819 2197 942 2253 labe
960 2206 1017 2253 et
1047 2198 1282 2265 macula,
1301 2197 1482 2267 qualis
1510 2196 1663 2268 prius
1690 2205 1832 2263 erat,

261 2295 316 2342 et
344 2288 564 2344 condita
596 2288 795 2353 fuerat,
827 2304 1002 2359 eaque
1032 2291 1192 2349 melle
1221 2289 1526 2347 divinitatis
1554 2296 1609 2344 et
1647 2288 1836 2344 dulce-

261 2380 391 2436 dine
414 2421 431 2447 ,
466 2381 571 2436 hoc
599 2389 684 2437 est
708 2381 911 2437 virtute
950 2382 1194 2452 Spiritus
1225 2381 1400 2437 sancti
1435 2379 1703 2447 delibuta,
1733 2394 1836 2434 nos

262 2470 424 2526 etiam
453 2472 765 2530 dulcedinis
796 2473 1093 2543 participes
1123 2471 1297 2528 effecit
1326 2514 1341 2537 ,
1376 2470 1833 2541 quemadmodum

263 2579 433 2635 grana
463 2565 690 2635 peponis
715 2604 730 2629 ,
762 2566 918 2635 quasi
952 2581 1048 2637 per
1074 2565 1381 2632 traducem,
1410 2564 1646 2621 fructum
1673 2564 1845 2635 parti-

264 2658 440 2726 cipem
472 2657 739 2716 eﬂiciuut.

2021 901 2346 980 ονμρς-τῆς
2392 903 2693 980 ἁμαρτίας.
2732 906 2839 960 τοῦ
2883 901 3077 980 Ἀδὰμ
3118 901 3220 978 εἰς’
3255 901 3418 966 ἅπὶιν
3461 915 3525 967 τὸ

2018 970 2387 1038 ἀνθρώπειον
2418 973 2585 1040 διέϐη
2627 974 2825 1042 γένος.

2017 1062 2188 1115 Φασὶν
2219 1066 2267 1116 οἱ
2312 1066 2591 1134 γεηπόνοι,
2631 1068 2714 1120 ὅτι
2763 1067 2859 1120 ἐὰν
2897 1068 3081 1123 λαϐὼν
3121 1072 3311 1126 κλάδον
3340 1073 3521 1145 ἀμπέ-

1946 1150 2041 1203 λου
2083 1154 2179 1206 καὶ
2230 1155 2483 1224 ἐμϐάψας
2525 1157 2693 1229 ἐλαίῳ
2742 1160 3040 1232 φυτεύσῃς,
3082 1163 3371 1233 ἠποιότης
3422 1165 3515 1217 τοῦ

1945 1242 2130 1295 ἐλαίου
2160 1246 2312 1299 πᾶσα
2330 1249 2422 1298 καὶ
2444 1249 2501 1300 ἐν
2528 1248 2607 1318 τῷ
2636 1249 2857 1320 καρπῷ,
2879 1251 3050 1320 ἤγουν
3076 1255 3129 1304 ὲν
3151 1256 3215 1323 τῇ
3234 1254 3507 1324 σταφυλῇ.

1941 1332 2254 1400 διαδίδοται,
2296 1336 2438 1389 οὕτω
2478 1341 2570 1391 καὶ
2598 1341 2626 1392 6
2660 1340 2833 1410 Ἀδάμ
2869 1342 3196 1412 παραλαϐὼν
3219 1346 3311 1414 τὴν
3339 1344 3502 1409 φύσιν

1941 1423 2209 1494 καθαράν.
2255 1416 2484 1497 ἔκρανεν
2514 1428 2683 1498 αὐτὴν
2730 1433 2795 1501 τῇ
2831 1431 3101 1505 ἁμαρτίᾳ,
3129 1435 3218 1485 καὶ
3252 1440 3358 1497 τοῖς
3391 1434 3493 1487 πά-

1940 1512 2079 1579 θεσι,
2114 1517 2210 1568 καὶ
2239 1516 2449 1589 διεδόθη
2487 1520 2567 1582 είς
2606 1522 2756 1589 ἡμᾶς
2786 1524 2818 1591 ή
2847 1524 3094 1591 ποιότης.

1940 1648 2072 1716 Πῶς
2106 1649 2175 1723 δὲ
2204 1650 2302 1704 διὰ
2341 1651 2450 1717 τῆς
2491 1653 2797 1723 ἐνσάρκου
2840 1657 2949 1711 τοῦ
2978 1656 3256 1723 Σωτῆρος
3288 1658 3493 1711 olearo-

2054 1720 2196 1787 μίας
2222 1723 2310 1787 εὶς
2343 1723 2576 1790 πάντας
2612 1720 2770 1792 ἡμᾶς
2803 1726 2969 1793 διέϐη
3001 1729 3038 1795 ἡ
3067 1720 3384 1794 κάθαρσις.

2011 1830 2151 1882 Φασὶ
2198 1829 2258 1890 δὲ
2291 1831 2491 1886 πάλιν·
2526 1833 2589 1885 El
2637 1834 2820 1889 λαϐὼν
2875 1838 3100 1907 σπέρμα
3140 1836 3510 1899 πέπονος.καὶ

1942 1921 2197 1991 ἐμϐάψας
2232 1922 2411 1992 μέλιτι
2453 1925 2721 1996 σπείρεις,
2764 1929 2797 1997 ἡ
2834 1927 3108 1997 γλυκύτης
3157 1927 3258 1980 τοῦ
3308 1926 3512 1997 μέλιτος

1944 2013 2038 2064 καὶ
2063 2013 2121 2064 ὲν
2154 2010 2233 2082 τῷ
2266 2014 2468 2084 καρπῷ
2515 2015 2831 2071 διαδίδοται.
2860 2017 3018 2070 Οῦτω
3062 2019 3160 2072 καὶ
3214 2019 3244 2070 6
3285 2018 3517 2090 Χριστὸς

1939 2102 2039 2173 τὴν
2086 2103 2248 2171 φύσιν
2307 2107 2371 2158 ὲκ
2406 2107 2504 2175 τῆς
2546 2107 2838 2172 ὲλαιὼδους
2897 2109 3204 2179 ποιότητος,
3244 2110 3418 2180 ἤγουν
3455 2109 3513 2160 ὲκ

1940 2196 2040 2265 τῆς
2090 2196 2368 2266 ἁμαρτίας
2398 2199 2797 2270 ἅποκαθάρας,
2834 2200 2921 2254 διὰ
2969 2201 3065 2254 τοῦ
3104 2200 3265 2267 ἁγίου
3323 2196 3517 2269 βαπτί-

1945 2302 2172 2355 σματος,
2206 2286 2471 2341 ἀνέλαϐεν
2520 2280 2692 2359 αὐτὴν
2720 2289 3055 2358 άκηλίδωτον
3096 2289 3193 2343 καὶ
3223 2288 3512 2356 ἄχραντον.

1942 2377 2028 2430 οἵα
2058 2378 2155 2431 καὶ
2182 2372 2274 2447 ἦν,
2307 2379 2402 2430 καὶ
2448 2379 2676 2448 ἐκτίσθη
2713 2380 2775 2431 τὸ
2807 2380 3073 2449 πρότερον
3095 2395 3108 2406 ·
3136 2378 3235 2431 καὶ
3263 2376 3513 2447 ἐμϐάψας

1942 2466 2112 2537 αὐτὴν
2140 2466 2219 2538 τῷ
2249 2466 2428 2537 μέλιτι
2471 2468 2572 2537 τῆς
2605 2467 2884 2539 θεότητος,
2928 2466 3254 2537 γλυκύτητι,
3290 2467 3413 2537 ἦτοι
3450 2467 3516 2534 τῇ

1938 2560 2169 2628 δυνάμει
2196 2557 2292 2612 τοῦ
2321 2558 2703 2629 Παρακλὴτου,
2741 2560 3051 2629 μετέδωκεν
3082 2561 3217 2630 ἡμῖν
3249 2558 3352 2629 τῆς
3392 2557 3516 2625 γλυ-

1943 2651 2197 2720 κύτητος,
2237 2649 2313 2713 ὡς
2342 2651 2392 2703 οἱ
2430 2650 2625 2706 κόκκοι
2668 2651 2764 2706 τοῦ
2813 2653 3050 2716 πέπονος
3083 2650 3165 2722 τῷ
3212 2651 3311 2705 ἀπ’
3344 2648 3515 2703 αὐτῶν

1940 2740 2162 2811 καρπῷ,
2186 2740 2280 2793 καὶ
2309 2740 2453 2819 κατὰ
2480 2740 2758 2813 διαδοχήν.

1841 2877 1954 2933 νη.

336 2954 846 3031 Tlteodorieaiscopi
891 2963 1094 3018 Carum
1136 2966 1200 3020 de
1226 2970 1518 3022 luctatione
1561 2968 1767 3022 Christi

862 3049 981 3086 cum
1013 3034 1243 3090 diabolo.

1951 2970 2062 3025 Τοῦ
2120 2971 2309 3025 αὐτοῦ
2360 2969 2664 3037 Θεοδώρου
2719 2921 3058 3023 ἐπισκόπου
3099 2966 3342 3036 Καρῶν,
3386 2962 3518 3032 περὶ

2091 3040 2206 3110 τῆς
2240 3041 2443 3109 πάλης
2478 3039 2586 3093 τοῦ
2608 3038 2871 3106 Χριστοῦ
2897 3039 3051 3108 μετὰ
3075 3038 3379 3093 διαϐόλου.

1184 3224 1191 3231 .
1438 3156 1723 3213 (Francisco
1748 3156 1994 3206 Turriano
2017 3156 2342 3218 interprete.)

340 3256 607 3328 Interrog.
641 3257 897 3315 Christus
945 3258 1091 3313 Deus
1125 3272 1250 3313 eum
1290 3258 1509 3315 diabolo
1556 3260 1797 3317 luctatus
1827 3302 1842 3327 ,

2016 3260 2367 3329 Ἐρώτησις.
2411 3259 2647 3332 Χριστὸς
2680 3259 2813 3323 Θεὸς
2842 3258 2940 3324 ὢν,
2972 3259 3068 3313 καὶ
3100 3259 3241 3328 πρὸς
3288 3257 3382 3311 τὸν
3414 3254 3531 3308 διὰ-

266 3349 399 3405 vicit
428 3364 589 3405 eum:
620 3348 754 3421 quid
782 3365 1037 3419 magnum
1060 3348 1192 3411 fecit
1214 3350 1237 3403 ’ἒ
1258 3348 1401 3405 dicet
1432 3351 1707 3408 diabolus.
1734 3352 1845 3424 Ego

267 3440 543 3495 hominem
575 3439 717 3508 vici;
750 3448 804 3495 et
836 3454 867 3493 a
909 3439 1017 3494 Deo
1048 3441 1224 3495 victus
1249 3454 1392 3496 sum.
1429 3440 1602 3507 Quam
1635 3444 1845 3497 utilita-

232 3578 239 3587 .
267 3543 375 3587 tem
402 3532 704 3602 reportavit
730 3538 925 3587 natura
961 3526 1149 3586 nostra
1177 3547 1243 3587 ex
1272 3532 1502 3587 victoria
1534 3532 1625 3587 Dei
1649 3534 1672 3586 ?

344 3712 503 3781 Resp.
537 3709 801 3766 Jacobitte
845 3711 1016 3767 Deum
1052 3709 1292 3765 Verbum
1339 3709 1663 3779 simpliciter
1689 3711 1844 3765 aiunt

272 3807 540 3859 luctatum
591 3820 751 3869 esse;
804 3802 1115 3859 Nestoriani
1151 3810 1367 3866 contra,
1397 3803 1674 3859 hominem
1708 3805 1844 3859 sim-

272 3897 490 3964 pliciter
510 3937 525 3962 ,
553 3904 608 3951 et
632 3897 833 3953 solum.
874 3894 1123 3950 Ecclesia
1161 3910 1291 3949 vero
1312 3932 1328 3957 ,
1358 3910 1479 3964 quae
1513 3896 1695 3951 media
1757 3897 1843 3950 via

271 3996 325 4041 et
354 3988 501 4056 regia
524 3987 852 4057 ingreditur,
889 3985 1126 4040 Verbum
1157 3985 1213 4038 in
1244 3999 1412 4040 carne
1464 4002 1587 4042 cum
1625 3988 1845 4043 diabolo

275 4083 539 4133 lactatum
570 4092 693 4134 esse
717 4078 899 4132 docet.
934 4076 1090 4142 Quod
1117 4077 1185 4143 si,
1229 4087 1287 4131 ut
1316 4074 1625 4132 Nestoriani
1667 4079 1842 4145 aiunt,

275 4170 439 4225 homo
462 4177 604 4233 erat,
636 4170 731 4239 qui
765 4167 935 4232 vicit,
974 4176 1029 4223 et
1060 4167 1154 4237 qui
1191 4166 1513 4224 interfectus
1543 4167 1667 4231 fuit,
1710 4170 1847 4224 nihil

276 4262 433 4318 nobis
459 4260 662 4334 profuit
718 4276 865 4318 mors
890 4262 1153 4316 hominis.
1202 4259 1408 4316 Omitto
1464 4276 1610 4316 nunc
1645 4262 1845 4326 dicere,

274 4370 441 4427 quam
468 4355 656 4410 multis
679 4355 965 4409 erroribus
992 4354 1105 4409 labi
1145 4369 1373 4409 necesse
1395 4362 1497 4419 est,
1525 4354 1845 4425 priusquam

276 4448 347 4502 ab
390 4448 474 4503 eis
504 4446 692 4502 doceri
737 4447 934 4517 possit,
974 4446 1247 4500 hominem
1279 4445 1456 4500 solum
1487 4445 1707 4500 vicisse.
1748 4444 1848 4500 Sin

278 4546 458 4593 autem
498 4547 604 4606 est,
643 4547 705 4592 ut
750 4536 1011 4592 Jacobitm
1040 4537 1250 4596 dicunt.
1295 4534 1431 4589 nihil
1464 4535 1528 4591 ad
1558 4551 1660 4592 nos
1698 4552 1849 4594 mors

1947 3353 2104 3405 ϐολον
2136 3352 2431 3417 παλαίσας,
2472 3352 2749 3422 ἐνίκησεν,
2787 3350 2840 3404 τί
2883 3351 2948 3421 δὴ
2986 3351 3135 3421 μέγα
3184 3349 3533 3420 πεποίηκενς

1956 3439 2107 3513 Ἐρεῖ
2133 3441 2241 3512 γὰρ
2288 3443 2316 3495 6
2352 3441 2621 3508 διάϐολος,
2656 3446 2738 3497 ὅτι
2772 3442 3095 3513 Ἄνθρωπον
3139 3439 3399 3508 ἐνίκησα,
3437 3438 3535 3491 καὶ

1947 3532 2052 3585 ὑπὸ
2077 3531 2215 3585 Θεοῦ
2246 3534 2530 3605 ἐνικήθην,
2551 3534 2603 3585 τί
2628 3534 2684 3588 δὲ
2714 3535 2806 3588 καὶ
2828 3533 3088 3604 ὠφελήθη
3116 3534 3153 3603 ἡ
3177 3530 3345 3601 φύσις
3371 3529 3538 3602 ἡμῶν

1944 3626 2041 3681 τοῦ
2075 3625 2211 3679 Θεοῦ
2242 3627 2593 3698 νενικηκότος
2614 3642 2629 3693 ;
2938 3655 2953 3661 ι

2015 3716 2382 3784 Ἀπόκρισις.
2425 3715 2489 3770 Οἱ
2549 3716 2648 3785 μὲν
2678 3714 2987 3769 Ἰακωϐῖται
3041 3713 3134 3767 τὸν
3163 3711 3303 3765 Θεὸν
3332 3711 3510 3779 Λόγον

1948 3805 2135 3869 ἁπλῶς
2165 3806 2384 3875 λέγουσι
2401 3867 2411 3875 ,
2428 3806 2850 3870 πεπαλαικέναι,
2880 3807 2973 3859 καὶ
2994 3802 3345 3875 νενικηκέναι
3363 3817 3379 3831 ·
3405 3802 3459 3854 οἱ
3483 3800 3541 3852 δὲ

1945 3898 2296 3969 Νεστοριανοὶ
2329 3897 2664 3965 τούναντίον,
2702 3896 2792 3950 τὸν
2837 3896 3125 3966 ἄνθρωπον
3183 3894 3382 3956 ἁπλῶς
3442 3893 3545 3945 καὶ

1951 3988 2135 4059 μόνον.
2150 3990 2216 4041 Ἠ
2251 3988 2308 4043 δὲ
2325 3986 2647 4059 Ἐκκλησία,
2674 3989 2775 4061 τὴν
2795 3990 2966 4059 μέσην
2989 3990 3084 4040 καὶ
3106 3987 3403 4058 βασιλικὴν
3418 3987 3545 4040 ὁδὸν

1946 4080 2259 4146 διανύουσα,
2292 4080 2381 4134 τὸν
2413 4081 2547 4134 Θεὸν
2568 4081 2765 4150 Λόγον,
2813 4080 2980 4150 σαρκὶ
3010 4078 3112 4148 τὴν
3152 4079 3335 4147 πάλην
3363 4080 3546 4149 ποιὴο
3656 4069 3673 4079 ’

1950 4171 2148 4224 σασθαι
2182 4173 2322 4241 μετὰ
2358 4171 2457 4227 τοῦ
2488 4171 2738 4225 διαϐόλου
2776 4171 3043 4225 διδάσκει.
3074 4170 3186 4223 Καὶ
3219 4171 3271 4223 εί
3305 4170 3435 4240 μὲν,
3466 4171 3547 4232 ὡς

1948 4265 1997 4316 οἱ
2025 4262 2383 4337 Νεστοριανοὶ
2408 4263 2687 4333 λέγουσιν,
2714 4259 2782 4336 ἦν
2816 4263 3104 4334 ἄνθρωπος
3137 4263 3168 4315 6
3223 4263 3551 4333 νενικηκὼς

1950 4355 2046 4407 καὶ
2093 4355 2437 4426 ἀναιρεθεὶς,
2488 4354 2648 4407 οὐθὲν
2690 4356 2841 4425 ἡμᾶς
2888 4354 3177 4424 ὠφέλησεν
3233 4352 3550 4423 ἀνθρώπου

1952 4444 2199 4509 θάνατος.
2242 4446 2347 4499 Ἐῶ
2397 4446 2506 4518 γάρ
2544 4445 2727 4514 λέγειν
2765 4439 2894 4511 νῦν,
2924 4447 3010 4498 ὅτι
3043 4444 3233 4498 ’πολλὰ
3294 4446 3551 4515 προσκόο

1950 4535 2167 4602 ψουσιν,
2199 4536 2332 4607 πρὶν
2361 4536 2395 4605 ἦ
2426 4536 2732 4602 ἀποδεῖξαι,
2774 4535 2999 4589 δυνατὸν
3030 4533 3197 4596 εἶναι,
3239 4534 3551 4606 ἄνθρωπον

278 4630 510 4694 Christi,
548 4630 595 4685 si
623 4630 769 4684 Deus
801 4630 1123 4698 simpliciter
1153 4629 1303 4683 vicit.
1330 4627 1433 4682 Sed
1467 4628 1597 4697 quia
1627 4628 1843 4698 propria

1955 4625 2106 4694 ψιλὸν
2161 4625 2527 4695 νενικηκέναι.
2564 4626 2625 4679 El
2652 4625 2729 4690 δὲ,
2774 4625 2849 4688 ὡς
2896 4626 2945 4678 οἱ
2990 4625 3304 4678 Ἰακωϐῖταί
3357 4643 3545 4695 φασιν

278 4722 403 4776 vitae
432 4721 757 4792 compositio
790 4728 845 4776 et
874 4721 1146 4776 ordinatio
1175 4720 1325 4787 Adae,
1359 4720 1423 4773 ad
1465 4721 1660 4783 Adam,
1692 4732 1747 4776 et
1786 4722 1852 4776 ad

278 4820 532 4884 posteros
558 4813 679 4881 ejus
705 4813 868 4883 383
905 4814 1211 4882 pertinebat
1238 4853 1252 4877 ,
1282 4829 1404 4868 cum
1465 4813 1676 4869 videret
1705 4815 1853 4869 illam

282 4902 536 4958 diaholus
565 4917 596 4956 a
625 4918 684 4958 se
724 4903 919 4957 victam
946 4919 1067 4958 esse
1093 4945 1107 4967 ,
1135 4920 1243 4958 non
1280 4919 1569 4973 personam
1629 4906 1758 4959 Adae
1803 4910 1857 4958 et

282 4993 529 5062 reliquos
558 4990 810 5046 homines
837 4991 1011 5044 victos
1066 4993 1516 5060 essc'rcputavit,
1554 4992 1646 5047 sed
1681 4993 1853 5061 ipsam

285 5094 561 5143 naturam.
600 5083 690 5139 Sic
713 5084 855 5139 enim
885 5082 1092 5137 aiebat:
1129 5082 1265 5149 Quia
1290 5083 1429 5139 Deus
1452 5085 1660 5138 creavit
1684 5085 1859 5138 homi-

286 5193 431 5239 nem,
466 5176 557 5247 qui
589 5191 769 5246 neque
794 5174 949 5238 mihi,
983 5189 1162 5244 neque
1185 5183 1408 5244 peccato
1436 5175 1694 5228 resistere
1728 5188 1854 5242 pos-

286 5279 390 5336 set,
422 5268 629 5322 idcirco
662 5267 802 5321 Deus
834 5264 1396 5335 Verbum,assumpta
1433 5274 1627 5320 natura
1664 5266 1857 5318 huma-

288 5358 478 5413 nitatis
514 5355 776 5425 perfecta,
814 5374 945 5413 usus
973 5365 1057 5414 est
1087 5357 1254 5411 libera
1294 5354 1415 5425 ejus
1458 5355 1763 5418 voluntate,
1797 5363 1853 5409 et

292 5450 571 5516 sensibus,
608 5456 661 5499 et
696 5449 1041 5505 naturalibus
1071 5449 1335 5519 potentiis
1369 5447 1626 5502 omnibus
1655 5461 1856 5501 conve-

1953 4715 2119 4780 ἔστιν,
2142 4714 2294 4768 οὐδὲν
2323 4714 2461 4785 πρὸς
2486 4716 2635 4786 ἡμᾶς
2663 4715 2755 4769 τοῦ
2779 4714 2915 4769 Θεοῦ
2945 4716 3133 4778 ἁπλῶς
3162 4716 3548 4785 νενικηκότος.

1966 4806 2111 4859 Ἀλλ’
2163 4805 2353 4877 ἐπειδὴ
2386 4805 2698 4877 ίδιορυθμία
2719 4808 2761 4838 ⁸⁵
2796 4807 2886 4858 τὸν
2952 4805 3127 4875 Ἀδὰμ
3169 4806 3383 4875 νέμειν.
3448 4806 3551 4858 καὶ

1953 4899 2078 4961 τοὺς
2115 4897 2415 4966 μετέπειτα
2442 4896 2786 4969 ἀνθρώπους,
2820 4897 2962 4966 ὁρῶν
2982 4899 3010 4948 6
3039 4896 3290 4958 διάϐολος
3316 4897 3418 4948 ὑπ’
3445 4897 3552 4949 αὐ-

1954 4988 2047 5042 τοῦ
2110 4989 2448 5059 ἡττημένην,
2484 4990 2544 5042 οὐ
2600 4991 2666 5058 τῇ
2705 4988 3000 5041 ὑποστάσει
3051 4986 3146 5040 τοῦ
3203 4988 3400 5058 Ἀδὰμ,
3448 4989 3553 5040 καὶ

1955 5081 2063 5133 τῶν
2110 5080 2315 5133 λοιπῶν
2365 5080 2670 5150 ἀνθρώπων
2700 5079 2976 5147 ἐλογίζετο
3025 5079 3126 5150 τὴν
3181 5075 3379 5151 ἧτταν,
3423 5080 3554 5132 ἀλλ’

1957 5171 2095 5240 αὐτῇ
2124 5173 2191 5242 τῇ
2225 5170 2407 5239 φύσει,
2432 5169 2629 5239 λέγων·
2665 5171 2789 5223 Ὅτι
2823 5170 3056 5224 ἔπλασεν
3082 5172 3110 5222 6
3138 5170 3272 5233 Θεὸς
3302 5169 3552 5238 πλάσμα

1959 5262 2033 5335 μὴ
2055 5263 2354 5331 δυνάμενον
2386 5264 2524 5335 πρός
2579 5281 2647 5334 με
2679 5263 2772 5317 καὶ
2805 5263 2907 5334 τὴν
2950 5263 3231 5335 ἁμαρτίαν
3273 5261 3554 5331 ἀντιστῆ-

1956 5375 2064 5421 ναι,
2128 5357 2325 5410 τούτου
2373 5357 2534 5428 χάριν
2586 5359 2614 5411 6
2656 5356 2789 5420 Θεὸς
2820 5343 3023 5424 Λόγος,
3067 5354 3167 5426 τὴν
3218 5354 3387 5425 φύσιν
3440 5357 3554 5422 τῆς

1952 5446 2375 5519 άνθρωπότητος
2405 5447 2621 5503 τελείαν
2656 5448 2962 5517 ἀναλαϐὼν,
2995 5431 3271 5521 ἐχρήσατο
3290 5446 3369 5518 τῷ
3406 5447 3554 5502 αὖτ-

1571 5621 1803 5676 VARlz’E
1843 5620 2244 5679 LECTiONES.

365 5719 410 5747 ⁵⁵
447 5716 671 5772 Videtur
698 5716 983 5787 legendum
1013 5732 1024 5768 :
1061 5716 1179 5767 ἐπεὶ
1205 5716 1308 5768 ἔδει
1340 5714 1699 5783 ἰδιορυθμξαν.
