3912 6202
280 328 421 393 1525

1643 344 2060 408 OPUSCULA.

3396 340 3564 422 1526'

277 441 509 510 εξουσίῳ
533 442 707 512 αὐτῆς
736 443 1016 516 θελήματι,
1042 449 1161 512 ταῖς
1191 466 1248 500 τε
1287 450 1597 521 αἰσθήσεσι,
1623 455 1716 507 καὶ
1742 458 1852 517 ταῖς

1963 458 2178 513 nicuter
2214 468 2450 525 natura),
2484 470 2536 516 et
2578 471 2636 516 ut
2672 464 2981 533 oportebat,
3009 480 3073 520 ac
3104 468 3405 522 secundum
3436 485 3531 522 vo-

277 533 538 598 φυσικαῖς
563 531 828 603 δυνάμεσι
861 535 1061 600 πάσαις
1093 539 1235 591 κατὰ
1272 540 1456 609 φύσιν,
1490 544 1582 595 καὶ
1619 546 1759 598 κατὰ
1794 547 1852 598 τὸ

274 621 418 687 δέον,
451 625 547 679 καὶ
603 625 745 680 κατὰ
774 625 834 680 τὸ
893 616 1140 699 βούλημα
1170 630 1266 683 τοῦ
1321 631 1484 698 Θεοῦ,
1538 636 1631 687 καὶ
1677 634 1852 698 οὕτως

275 717 531 790 ἐνίκησεν
575 720 671 774 τὸν
714 720 979 783 διάϐολον,
1012 723 1074 775 οὐ
1112 723 1345 794 δύναμιν
1376 725 1586 795 θεῖκὴν,
1621 726 1717 781 καὶ⁹
1751 744 1851 780 πε-

278 811 607 884 ρισσοτέραν
634 813 733 883 τῆς
765 813 983 882 φύσεως
1001 816 1283 886 προσθεὶς.
1318 818 1415 870 καὶ
1443 818 1854 891 ἐπιχορηγήσας

277 902 339 955 ὲν
366 904 433 973 τῇ
472 904 640 975 πάλῃ,
666 904 805 958 ἀλλὰ
832 907 971 977 πρὸς
991 906 1052 960 τό
1077 908 1317 979 ἁρμόζον
1340 909 1434 962 καὶ
1463 908 1543 979 τῷ
1564 909 1683 980 Θεῷ
1704 911 1854 982 νόμῳ

280 995 505 1064 συνᾷδον
553 995 907 1066 χρησάμενος
957 1000 1070 1061 τοῖς
1110 1003 1386 1065 φυσικοῖς,
1436 1001 1529 1054 καὶ
1581 1001 1855 1073 ῥυθμίσας

277 1087 458 1139 πάντα
480 1086 550 1139 τὰ
592 1088 693 1157 τῆς
720 1087 938 1158 φύσεως
965 1090 1128 1161 μέρη,
1169 1091 1263 1144 καὶ
1305 1091 1594 1162 δυνάμεις,
1644 1093 1739 1146 καὶ
1766 1092 1855 1163 ὅρ-

275 1191 440 1243 γανα,
492 1178 635 1231 κατὰ
670 1179 730 1232 τὺ
784 1175 1087 1249 προσῆκον,
1121 1183 1259 1235 κατὰ
1290 1182 1356 1236 τὰ
1400 1183 1577 1253 μέτρα
1622 1184 1722 1251 τῆς
1760 1186 1856 1237 ἀν-

275 1267 648 1340 Θρωπότητος,
678 1271 776 1323 καὶ
806 1270 978 1334 οὕτως
1007 1272 1282 1342 ἐνίκησεν,
1318 1275 1411 1327 καὶ
1438 1273 1728 1340 ἀπέδειξεν
1756 1275 1856 1346 τὴν

275 1358 443 1425 φύσιν
474 1363 798 1431 νικηφόρον,
831 1364 926 1416 καὶ
955 1365 1021 1434 τῇ
1057 1363 1218 1433 φύσει
1252 1365 1490 1437 λοιπὸνη
1514 1366 1663 1436 νίκη,
1696 1366 1792 1420 καὶ
1821 1368 1854 1439 η

273 1447 558 1517 δικαίωσις
591 1453 893 1521 λογίζεται.

346 1541 407 1594 Β.
443 1542 577 1595 Εἰπέ
608 1562 723 1613 μοι,
760 1547 785 1597 6
826 1545 1168 1616 ἀνθρώπινος
1219 1546 1365 1612 νοῦς,
1400 1549 1563 1613 αὐτὸς
1592 1544 1661 1621 ἦν
1688 1552 1717 1604 6
1748 1567 1854 1604 πα-

273 1631 444 1686 λαίων
493 1634 634 1706 πρὸς
666 1635 757 1690 τὸν
788 1637 1058 1703 διάϐολον,
1100 1638 1134 1708 ἢ
1164 1639 1351 1703 ἁπλῶς
1380 1640 1579 1706 εἰπεῖν,
1636 1641 1857 1695 αὐτοκί-

273 1740 437 1795 νητος
474 1722 542 1797 ἦν
575 1728 607 1798 ἢ
638 1728 1020 1800 ἑτεροκίνητος
1038 1747 1052 1795 ἶ

344 1819 412 1871 Α.
450 1817 661 1889 Ὥσπερ
689 1820 750 1872 οὐ
787 1820 1009 1889 λέγεται
1039 1824 1066 1874 6
1093 1821 1183 1885 σὸς
1224 1822 1369 1884 νοῦς,
1402 1821 1434 1892 ἢ
1471 1821 1625 1886 ποῦς,
1656 1823 1688 1894 ἢ
1730 1823 1854 1893 χεὶρ

271 1908 545 1961 κινεῖσθαι
572 1926 585 1940 ⁸
623 1913 689 1963 σὺ
714 1910 822 1981 γὰρ
849 1913 877 1964 6
908 1910 999 1964 τὸν
1029 1912 1121 1965 σὸν
1148 1910 1292 1976 νοῦν,
1336 1915 1429 1968 καὶ
1461 1914 1529 1968 τὰ
1569 1914 1730 1984 μέλη,
1758 1915 1853 1969 καὶ

272 1999 371 2062 τὰς
400 1999 661 2069 δυνάμεις
690 2003 876 2067 κινῶν,
900 2003 995 2056 καὶ
1030 2004 1332 2076 ῥυθμίζων,
1356 2005 1432 2069 ὡς
1456 2005 1639 2077 βούλει
1660 2024 1673 2037 ο
1710 2005 1871 2060 οὕτω..

274 2091 366 2143 καὶ
395 2093 421 2144 6
449 2092 583 2154 Θεὸς
624 2094 820 2162 Λόγος,
851 2094 1015 2159 αὐτὸς
1046 2091 1137 2168 ἦν,
1165 2098 1193 2150 6
1219 2098 1312 2150 τὸν
1356 2098 1485 2171 ἴδιον
1512 2097 1853 2170 ἀνθρώπινον

274 2182 425 2250 νοῦν,
467 2186 562 2238 καὶ
600 2185 699 2249 τὰς
748 2188 1055 2257 αἰσθήσεις,
1103 2190 1199 2242 καὶ
1250 2190 1493 2260 φυσικὰς
1536 2190 1699 2255 ἕξεις,
1760 2192 1854 2245 καὶ

272 2268 532 2338 δυνάμεις
559 2272 750 2337 κινῶν,
783 2275 880 2328 καὶ
900 2274 1294 2348 διακυϐερνῶν,
1315 2276 1391 2341 ὡς
1413 2276 1685 2347 βούλεται,
1718 2280 1855 2350 πρὸς

275 2356 337 2409 τὸ
370 2358 663 2428 εἰρημένον
689 2363 840 2435 παρὰ
875 2365 992 2428 σοῦ,
1025 2366 1107 2419 ότι
1147 2366 1520 2438 αὐτοκίνητος,
1556 2367 1588 2439 ἢ
1618 2368 1856 2439 ἑτεροκί-

279 2463 441 2515 νητος
471 2452 499 2502 6
534 2451 661 2516 νοῦς
688 2454 783 2508 τοῦ
804 2456 1056 2528 ,Χριστοῦ
1079 2471 1094 2486 ·
1129 2457 1287 2512 τοῦτό
1331 2477 1535 2530 φαμεν,
1570 2460 1645 2523 ὡς
1678 2458 1791 2531 ἔχει
1822 2462 1855 2531 ή

282 2536 469 2606 φύσις,
502 2542 624 2613 ἤτοι
657 2546 751 2599 καὶ
779 2548 811 2617 ἡ
847 2547 1019 2620 ψυχὴ,
1046 2549 1142 2603 καὶ
1165 2549 1228 2604 τὸ
1245 2550 1427 2621 σῶμα,
1453 2552 1548 2605 καὶ
1570 2552 1637 2605 τὰ
1668 2552 1856 2607 τούτου

280 2628 449 2701 μέρη,
484 2634 581 2687 καὶ
633 2637 988 2710 αἰσθητήρια,
1038 2641 1273 2696 ἕκαστον
1328 2643 1465 2696 ἰδίαν
1511 2645 1633 2697 τινὰ
1678 2645 1856 2715 ἁπλῆν

275 2719 376 2772 καὶ
402 2724 643 2795 φυσικὴν
670 2730 912 2799 κίνησιν.
943 2733 1005 2784 Εἰ
1046 2733 1123 2803 μὴ
1156 2733 1265 2802 γὰρ
1296 2733 1481 2803 ἔχουσι
1506 2739 1677 2788 ταῦτα
1713 2739 1857 2790 κατὰ

275 2809 443 2878 φύσιν
465 2815 587 2868 τινὰ
610 2816 855 2887 κίνησιν,
896 2821 996 2874 οὐκ
1026 2821 1092 2875 ἂν
1117 2824 1280 2891 ἡμεῖς
1319 2823 1681 2894 δυνηθείημεν
1716 2825 1857 2896 αὐτὰ

270 2902 526 2972 κινῆσαι.
566 2904 678 2975 Τὴν
714 2902 810 2961 οῦν
838 2907 1074 2979 φυσικὴν
1112 2912 1205 2963 καὶ
1251 2909 1429 2981 ἁπλῆν
1455 2911 1670 2981 κίνησιν
1691 2915 1854 2982 ἡμεῖς

269 2994 828 3066 παραλαμϐάνοντες,
867 3000 1131 3071 κινοῦμεν
1162 3003 1257 3055 καὶ
1290 3001 1631 3073 ῥυθμίζομεν
1658 3005 1851 3075 αὐτὴν,

265 3084 350 3148 ὡς
380 3085 445 3138 ἂν
484 3086 836 3158 βουλοίμεθα,
871 3088 1075 3153 καλῶς,
1109 3088 1141 3160 ἦ
1172 3090 1380 3153 κακῶς.
1402 3087 1525 3143 Οἴον
1549 3091 1732 3161 ἔχουσι
1753 3094 1854 3164 τὴν

264 3175 592 3250 βαδιστικὴν
625 3178 841 3248 κίνησιν
872 3179 1121 3248 φυσικῶς
1160 3182 1209 3233 οί
1253 3180 1445 3242 πόδεςο
1497 3180 1608 3249 ἑγὼ
1653 3182 1711 3234 δὲ
1753 3183 1850 3236 κέ·
1889 3175 1907 3207 τ

260 3286 486 3339 χρημαι
540 3274 605 3342 τῇ
685 3271 937 3342 βαδίσει,
989 3272 1066 3334 ὡς
1138 3271 1424 3342 βούλομαι.
1486 3274 1744 3344 Ἐχουσιν
1799 3276 1851 3329 οἰ

256 3359 541 3430 ὀφθαλμοὶ⁵
595 3361 879 3425 τὺάπλῶς
927 3363 1094 3433 όρᾷνο
1145 3363 1257 3431 ὲγὼ
1296 3363 1375 3426 δὲ,
1428 3364 1501 3426 ὡς
1561 3364 1848 3437 βούλομαι,

258 3450 555 3521 κέχρημαι
604 3454 670 3522 τῇ
701 3451 915 3523 ὁράσει.
950 3452 1024 3506 Τὸ
1069 3447 1163 3506 οὖν
1200 3452 1333 3525 όρᾷν
1371 3455 1436 3507 ὲκ
1475 3454 1575 3525 τῆς
1631 3455 1849 3524 φύσεως

255 3540 409 3611 ἔχω’
441 3542 504 3594 τὸ
523 3542 603 3606 δὲ,
642 3542 761 3606 πῶς
794 3544 948 3615 όρᾷν,
980 3543 1040 3607 ὲξ
1065 3545 1306 3615 ἐμαυτοῦ
1354 3546 1526 3600 ἐστιν.
1570 3547 1852 3612 Ὡσαύτως

255 3633 366 3685 καὶ
399 3633 491 3685 ἐπὶ
521 3634 620 3704 τῆς
648 3633 946 3705 θελήσεως,
980 3635 1076 3689 καὶ
1103 3634 1214 3688 τῶν
1244 3636 1455 3689 λοιπῶν
1496 3637 1595 3708 τῆς
1632 3638 1850 3708 φύσεως

206 3752 213 3757 ο
258 3723 482 3794 μερῶν,
531 3725 627 3778 καὶ
679 3725 773 3779 ἐπὶ
820 3725 983 3779 αὑτοῦ
1033 3724 1131 3779 τοῦ
1161 3726 1275 3781 νοῦ.
1320 3728 1365 3758 ⁸⁸
1398 3728 1553 3797 Ἔχει
1596 3728 1708 3800 γὰρ
1756 3732 1852 3785 καὶ

253 3815 436 3878 αὐτὸς
463 3816 711 3884 φυσικῶς
741 3816 803 3869 τὸ
848 3816 1034 3880 ἁπλῶς
1061 3816 1398 3885 λογίζεσθαι.
1441 3820 1538 3871 καὶ
1589 3820 1774 3886 τοῦτο,
1814 3823 1847 3893 ἢ

250 3905 464 3960 τοῦτο·
497 3904 609 3974 ἐγὼ
652 3908 708 3960 δὲ
742 3910 809 3978 τῇ
849 3907 1080 3980 τοιαύτῃ
1109 3912 1312 3979 φυσικῇ
1342 3909 1571 3979 δυνάμει
1616 3910 1714 3965 τοῦ
1758 3913 1851 3967 νοῦ

251 3998 573 4067 κέχρημαι,
600 3997 675 4061 ὡς
704 3998 971 4069 βούλομαι
1001 3999 1145 4053 κατὰ
1168 3998 1418 4070 γνώμην,
1450 4002 1571 4072 ἤτοι
1607 4003 1769 4068 καλὰ,
1815 4005 1848 4075 ἦ

249 4088 423 4144 κακὰ
449 4086 822 4160 λογιζόμενος,
855 4092 952 4144 καὶ
986 4092 1468 4162 κατεργαζόμενος
1487 4094 1585 4165 τὴν
1624 4095 1719 4150 τοῦ
1758 4096 1851 4151 νοῦ

249 4182 522 4253 δύναμιν,
544 4185 622 4247 εἰς
650 4184 789 4254 ὅπερ
819 4184 1066 4254 ἐφίεμαι.
1094 4184 1169 4237 Τὸ
1200 4185 1330 4252 γοῦν
1354 4186 1542 4251 ἁπλῶς
1557 4189 1848 4250 κινεῖσθαι,

249 4271 414 4325 κατὰ
474 4272 573 4341 τὴν
634 4260 875 4343 ἰδιότητα
925 4272 1157 4326 ἑκάστου
1215 4274 1415 4344 μέρους
1472 4276 1573 4347 τῆς
1636 4277 1853 4346 φύσεώς

250 4365 426 4416 ἐστι·
460 4363 521 4416 τὸ
553 4362 610 4415 δὲ
636 4363 754 4427 πῶς
808 4363 1101 4426 κινεῖσθαι,
1134 4364 1234 4433 τῆς
1277 4365 1652 4431 ὑποστάσεως.
1697 4368 1853 4425 υῦτω

1957 550 2221 604 luntatem
2254 550 2379 617 Dei;
2409 561 2573 623 atque
2597 554 2670 609 ita
2699 554 2829 611 vicit
2855 555 3132 611 diabolum
3160 597 3176 622 ,
3211 572 3321 613 non
3364 573 3533 629 oppo-

1956 641 2058 695 sita
2088 649 2143 696 et
2193 641 2541 713 suppeditata
2573 645 2627 700 in
2676 646 3016 712 luctatione,
3061 647 3247 702 divina
3292 649 3529 710 virtute.

1956 732 2241 803 ampliore,
2271 751 2431 805 quam
2469 738 2728 801 naturali,
2761 738 2855 794 sed
2894 746 2953 793 ut
2984 738 3213 797 decebat
3247 739 3439 805 Deum,
3480 751 3533 793 et

1956 824 2151 895 legem,
2191 842 2327 882 usus
2366 829 2731 894 naturalibus,
2759 838 2813 884 et
2835 829 3090 885 omnibus
3122 839 3331 884 natura:
3359 829 3531 900 parti-

1955 916 2081 983 bus,
2113 928 2167 973 ct
2190 920 2448 989 potentiis
2476 962 2490 985 ,
2538 929 2592 976 ct
2620 904 2843 992 organis
2878 923 2959 977 sic
3010 921 3357 993 compositis,
3389 922 3531 977 sicut

1956 1011 2355 1079 conveniebat,
2412 1020 2471 1067 ut
2531 1029 2792 1068 mensura
2850 1013 3214 1069 humanitatis
3289 1014 3531 1083 postula-

1956 1097 2050 1152 bat
2078 1097 2213 1170 (45).
2240 1099 2419 1170 Atque
2444 1102 2518 1155 ita
2545 1102 2700 1166 vicit,
2724 1111 2778 1157 et
2799 1103 3041 1159 ostendit
3068 1110 3323 1157 naturam
3350 1102 3533 1157 victri-

1955 1204 2097 1254 cem,
2126 1198 2181 1244 et
2211 1198 2418 1246 naturae
2444 1192 2700 1264 deinceps
2739 1194 2989 1261 victoria,
3022 1201 3076 1251 et
3099 1192 3422 1264 justiﬁeatio
3451 1202 3532 1247 at-

1959 1280 2242 1336 tribuitur.

2031 1540 2091 1594 B.
2148 1540 2245 1594 Dic
2311 1520 2464 1605 mihi,
2523 1541 2642 1611 ipsa
2691 1554 2847 1597 mens
2910 1541 3168 1607 humana,
3231 1557 3353 1612 qua:
3409 1558 3531 1596 cum

1958 1629 2178 1684 diabolo
2208 1629 2543 1695 luctabatur,
2576 1630 2971 1686 movebaturne
3003 1646 3031 1684 a
3070 1645 3149 1695 se,
3178 1645 3245 1684 an
3282 1632 3350 1685 ab
3386 1630 3537 1685 alio?

1888 1800 1927 1854 Β
2026 1811 2089 1866 Α.
2133 1810 2289 1865 Sicut
2317 1825 2424 1865 non
2456 1809 2661 1864 dicitur
2692 1823 2851 1865 mens
2882 1816 2997 1873 tua,
3025 1816 3120 1862 aut
3148 1821 3266 1878 pes,
3302 1813 3396 1861 aut
3418 1822 3534 1861 ma-

1957 1920 2060 1958 nus
2120 1902 2378 1970 moveri;
2426 1911 2482 1956 tu
2537 1903 2684 1956 enim
2716 1916 2776 1956 es
2808 1901 2901 1972 qui
2954 1906 3193 1955 mentem
3254 1907 3427 1963 tuam,
3482 1904 3532 1952 et

1957 1994 2224 2058 membra,
2277 2007 2343 2049 ac
2388 1993 2663 2063 potentias
2707 2007 2896 2049 meves
2942 1990 3340 2048 etmoderaris
3391 1990 3531 2045 sicui

1956 2086 2041 2143 vis
2087 2104 2100 2141 :
2151 2087 2231 2141 sic
2294 2084 2437 2140 Deus
2497 2084 2733 2141 Verbum
2787 2084 2903 2155 ipse
2951 2092 3071 2139 erat
3117 2083 3209 2154 qui
3257 2082 3533 2153 propriam

1958 2185 2193 2232 mentem
2224 2179 2545 2239 humanam,
2573 2184 2625 2230 et
2651 2190 2869 2239 sensus,
2896 2181 2951 2230 et
2981 2174 3263 2230 naturales
3286 2172 3528 2235 habitus,

1957 2282 2020 2322 ac
2054 2267 2331 2338 potentias
2382 2267 2637 2323 movebat
2684 2275 2739 2323 et
2787 2266 3130 2336 gubernabat
3188 2274 3249 2319 ut
3293 2264 3533 2319 volebat.

1957 2360 2113 2427 Quod
2154 2369 2334 2416 autem
2368 2359 2650 2429 quaerebas
2679 2398 2695 2427 ,
2728 2368 2909 2413 utrum
2947 2373 3101 2413 mens
3143 2356 3348 2412 Christi
3390 2372 3420 2409 a
3478 2370 3537 2410 se

1958 2468 2024 2506 an
2058 2451 2129 2507 ab
2166 2452 2274 2507 alio
2306 2460 2643 2519 moveretur,
2673 2451 3069 2522 respondemus
3103 2450 3248 2522 quod
3274 2465 3449 2514 mens,
3483 2457 3537 2503 et

1960 2545 2141 2599 anima
2161 2541 2297 2616 (44),
2322 2551 2379 2600 et
2404 2559 2633 2614 corpus,
2655 2551 2710 2600 et
2729 2554 2915 2617 partes
2939 2543 3211 2613 corporis,
3236 2550 3289 2597 et
3312 2556 3534 2602 sensus,

1960 2635 2390 2705 unumquodque
2421 2636 2615 2690 horum
2649 2636 2932 2706 proprium
2965 2633 3255 2704 quemdam
3311 2642 3366 2688 et
3406 2633 3537 2686 sim-
3570 2656 3579 2664 υ

1956 2724 2157 2793 plicem
2208 2740 2272 2779 ac
2303 2728 2611 2781 naturalem
2664 2734 2869 2781 motum
2922 2725 3106 2779 habet.
3139 2722 3196 2778 Si
3228 2723 3375 2777 enim
3426 2735 3534 2775 non

1921 2880 1939 2891 κ
1958 2816 2222 2871 haberent
2252 2816 2372 2871 hzec
2414 2818 2716 2873 secundum
2746 2827 2995 2872 naturam
3033 2824 3242 2870 motum
3271 2814 3535 2883 aliquem

1955 2922 2067 2961 non
2097 2924 2386 2978 possemus
2416 2925 2522 2965 nos
2570 2909 2807 2963 naturali
2861 2918 2914 2964 et
2954 2907 3192 2977 simplici
3224 2915 3373 2961 motu
3413 2921 3535 2960 mn-

1954 2999 2092 3066 veri,
2118 3015 2280 3069 quem
2303 3015 2401 3054 nos
2431 3000 2794 3069 suscipimus,
2822 3008 2875 3054 et
2904 3014 2968 3054 co
3001 3010 3310 3061 movemur,
3338 3006 3392 3052 et
3419 3013 3533 3049 mo-

1956 3089 2216 3145 deramur
2244 3107 2395 3156 eum,
2434 3101 2493 3144 ut
2537 3092 2812 3154 volumus,
2860 3093 3000 3147 bene
3029 3092 3113 3145 vel
3167 3081 3330 3145 male.
3369 3087 3534 3144 Verbi

1958 3180 2153 3248 gratia,
2196 3179 2397 3234 habent
2432 3181 2598 3248 pedes
2630 3181 2947 3235 facultatem
2984 3182 3206 3236 insitam
3242 3182 3308 3236 ad
3345 3181 3535 3235 ambu»

1957 3269 2214 3336 landum;
2253 3287 2356 3342 ego
2382 3287 2514 3327 vero
2570 3281 2697 3327 utor
2729 3273 3005 3344 ingressu,
3043 3274 3436 3336 ambulatione,
3478 3282 3535 3326 ut

1958 3359 2101 3415 volo.
2134 3358 2347 3415 Habent
2377 3363 2524 3416 oculi
2563 3361 2876 3418 facultatem
2921 3362 3141 3418 videndi
3176 3363 3533 3432 simpliciter,

1957 3465 2057 3520 ego
2085 3465 2215 3505 vero
2256 3459 2507 3521 aspectu,
2542 3462 2601 3505 ut
2632 3454 2785 3517 libet,
2819 3462 2966 3508 utor.
3003 3454 3073 3510 Ut
3097 3453 3265 3524 igitur
3290 3453 3532 3517 videam,

1959 3551 1991 3589 a
2058 3544 2257 3591 natura
2308 3537 2521 3603 habeo,
2558 3540 2848 3608 quomodo‘
2904 3549 3086 3595 autem
3165 3540 3405 3606 videam,
3468 3556 3533 3593 ex

1959 3640 2046 3680 me
2087 3635 2196 3683 est.
2249 3626 2520 3684 Similiter
2550 3630 2608 3683 lit
2641 3630 2694 3683 in
2748 3630 3065 3696 voluntatc,’
3098 3640 3150 3684 et
3208 3633 3258 3684 iu
3310 3631 3537 3700 reliquis

1961 3718 2216 3788 partibus
2244 3727 2472 3785 naturae,
2507 3728 2561 3776 et
2593 3722 2648 3775 in
2693 3720 2809 3791 ipsa
2840 3730 3046 3775 mente.
3089 3721 3245 3784 Utor,
3283 3729 3345 3774 ut
3392 3723 3535 3785 volo,

1959 3819 2013 3866 ct
2043 3810 2346 3866 secundum
2376 3813 2728 3878 sententiam,
2754 3813 2806 3867 id
2835 3821 2940 3878 cst,
2962 3813 3214 3875 honesta,
3238 3812 3331 3866 aut
3351 3828 3537 3883 prava.

1960 3912 2240 3974 potestate
2296 3907 2499 3959 mentis
2559 3904 2763 3975 cogito,
2820 3914 2874 3958 et
2914 3920 3133 3974 operor.
3183 3906 3337 3969 Quod
3371 3906 3537 3975 igitur-

1959 3996 2226 4058 diximus,
2261 3995 2592 4065 simpliciter
2632 3996 2840 4050 moveri
2894 3997 3195 4051 secundum
3229 3997 3539 4066 proprieta-
3594 4046 3599 4049 χ

1961 4098 2067 4144 tem
2099 4089 2369 4159 cujusque
2404 4087 2570 4159 384,
2596 4089 2769 4158 partis
2798 4128 2812 4151 ,
2852 4097 3065 4143 naturae
3100 4099 3220 4153 est;
3265 4090 3537 4159 quomodo

1961 4188 2139 4235 autem
2171 4181 2298 4250 quis
2345 4189 2652 4243 moveatur,
2688 4197 2937 4249 personm
2965 4189 3070 4237 est.
3109 4181 3199 4235 Sic
3230 4182 3282 4234 in
3315 4182 3537 4236 ϐΙη-ἱειιε

1960 4271 2423 4340 ἱιιῑείὶὶθευδὶυιιῑ
2451 4271 2656 4326 dicitur
2682 4272 2836 4327 faber
2869 4273 3134 4343 lignarius
3178 4272 3373 4328 fecisse
3411 4289 3539 4342 pro-

1961 4372 2077 4440 pria
2118 4386 2281 4425 manu
2335 4371 2555 4436 sedile;
2590 4384 2644 4425 et
2687 4371 2923 4427 dicimus
2966 4374 3094 4426 item
3144 4386 3367 4424 manum
3401 4370 3537 4425 fabri

250 4454 366 4508 καὶ
400 4453 497 4507 ἐπὶ
530 4455 770 4525 Χριστοῦ
803 4456 936 4509 νόει.
969 4454 1187 4526 ’Ὠσπερ
1220 4455 1442 4525 λέγεται
1480 4461 1508 4511 6
1546 4461 1754 4514 τέκτων
1787 4465 1850 4532 τῇ

1962 4463 2178 4533 liguarii
2223 4462 2421 4518 fecisse
2448 4463 2653 4530 sedile;
2714 4464 2792 4517 sic
2829 4464 3064 4518 dicimus
3096 4463 3262 4517 Deum
3298 4463 3538 4517 Verbum

252 4544 385 4617 ἰδίᾳ
414 4546 563 4615 χειρὶ
593 4545 958 4615 πεποιηκέναι
987 4545 1081 4599 τὸν
1108 4545 1317 4616 θρόνον,
1352 4549 1446 4601 καὶ
1476 4547 1732 4620 λέγομεν,
1764 4552 1844 4605 ὄτι

246 4641 289 4711 ἡ
361 4638 488 4708 χεὶρ
525 4638 620 4691 τοῦ
668 4637 921 4701 τέκτονος
966 4637 1059 4691 τὸν
1113 4638 1301 4708 θρόνον
1338 4639 1670 4709 πεςποίηκενο
1697 4642 1841 4696 οὕτω

1958 4554 2155 4610 vicisse
2187 4569 2353 4608 carne
2386 4569 2400 4618 ;
2455 4562 2509 4608 et
2541 4569 2738 4609 rursus
2767 4554 3004 4609 dicimus
3060 4570 3279 4609 carnem
3316 4556 3535 4617 vicisse,

1954 4643 2005 4696 id
2034 4656 2137 4706 est,
2166 4652 2418 4696 naturam
2451 4625 2809 4697 humanitatis
2838 4644 2971 4709 (45).

249 4726 481 4799 φαμὲν,
515 4729 735 4783 καὶτὸν
799 4729 932 4782 Θεὸν
977 4730 1153 4798 Λόγον
1206 4731 1555 4799 νενικηκέναι
1600 4738 1665 4806 τῇ
1737 4739 1923 4808 σαρκὶ,
1985 4737 2081 4790 καὶ
2132 4734 2232 4807 τὴν
2299 4735 2476 4808 σάρκα
2534 4736 2765 4806 λέγομεν
2806 4737 2968 4790 πάλιν
3019 4737 3364 4807 νενικηκέναι
3422 4738 3537 4808 ἦτοι

243 4821 371 4892 τὴν
414 4818 576 4888 φύσιν
599 4820 700 4889 τῆς
727 4820 1173 4891 όινθρωπότητος.

333 4910 406 4963 Β.
448 4908 572 4971 Πῶς
600 4911 629 4962 6
671 4908 845 4980 Ἀδὰμ
884 4909 1133 4981 ἡττήθη;
1165 4909 1289 4980 οὐχὶ
1333 4910 1615 4979 διστάσας,
1649 4916 1853 4986 μᾶλλον

242 5003 299 5056 δ’
339 5003 658 5072 ἀπιστήσας
685 5000 763 5072 τῷ
806 5000 951 5071 λόγῳ
982 5001 1078 5055 τοῦ
1124 5000 1281 5067 Θεοῦ,
1328 5005 1423 5057 καὶ
1450 5007 1748 5072 πιστεύσας
1777 5010 1853 5080 τῷ

244 5091 513 5161 διαϐόλῳ
534 5110 548 5158 ;

338 5187 411 5237 Λ.
455 5183 530 5236 T6
556 5184 703 5237 λεῖον
735 5184 838 5253 τῆς
859 5184 1057 5256 ἡδονῆς
1077 5182 1292 5252 ἔθελξεν
1321 5188 1484 5243 αὐτὸν
1510 5192 1726 5261 πρῶτον
1752 5198 1851 5266 τῆς

247 5274 598 5347 ἐπιθυμίας,
635 5270 755 5328 εἶτα
810 5274 1109 5329 ὲδίστασεν.
1153 5276 1215 5328 Εἰ
1268 5277 1377 5349 γὰρ
1420 5282 1494 5353 μὴ
1545 5284 1709 5338 καλὸν
1759 5282 1845 5356 ἦν,

2032 4916 2093 4972 Β.
2123 4916 2408 4982 Quomodo
2439 4918 2614 4972 Adam
2641 4918 2818 4973 victus
2852 4920 2983 4974 est?
3012 4934 3195 4973 nonne
3229 4919 3531 4979 dubitans?

1964 5010 2073 5065 imo
2105 5011 2290 5080 potius
2314 5026 2423 5066 non
2457 5010 2687 5067 credens
2723 5011 2891 5067 verbo
2923 5011 3042 5076 Dei,
3076 5020 3130 5067 et
3159 5013 3393 5069 credens
3425 5008 3538 5069 dia~

1961 5104 2089 5158 bolo
2109 5105 2132 5157 ?

2036 5194 2102 5248 A.
2147 5193 2418 5249 Blanditia
2473 5192 2650 5265 ipsius
2690 5192 2980 5263 voluptatis
3011 5191 3248 5262 primum
3287 5192 3534 5247 delinivit

1957 5302 2081 5342 cum
2110 5288 2446 5359 cupiditate;
2475 5287 2677 5344 deinde
2701 5283 2993 5342 dubitavit.
3019 5282 3135 5338 Nisi
3166 5283 3454 5353 pulchrum
3486 5290 3533 5339 ei

1543 5397 1777 5453 VARI/IS
1813 5400 2222 5459 LECTIONES.

313 5461 368 5491 ""
429 5459 786 5515 Desideratur
818 5459 870 5513 in
898 5460 1087 5515 codice
1115 5457 1280 5515 Turr.

1794 5561 2025 5617 NOTAE.

343 5664 466 5739 (ἱῦ)
509 5662 561 5717 ltl
607 5674 712 5725 est,
759 5678 949 5719 natura
1005 5667 1241 5723 humana
1293 5670 1346 5724 iu
1378 5668 1598 5727 Christo
1634 5692 1849 5744 semper

250 5735 379 5789 fuit
422 5736 560 5786 intra
600 5751 910 5787 mensuram
946 5752 1123 5791 suam.

2171 5674 2392 5750 Yidctut‘
2414 5674 2500 5750 hic
2524 5673 2720 5750 legisse
2742 5672 2905 5750 T_ur_r.
2945 5677 3006 5750 Ὤ
3030 5678 3172 5741 νοῦς,
3195 5681 3286 5750 x4"":
3314 5682 3343 5747 ἡ
3367 5680 3532 5750 40,46-

2036 5746 2148 5815 (45)
2178 5744 2435 5798 Naturam
2468 5744 2825 5799 humanitatis
2860 5746 2910 5798 in
2943 5746 3221 5812 iivimstasi
3258 5744 3387 5801 dicit
