3912 6202
1669 342 2083 405 OPUSCULA.

1823 457 1915 512 IX.

1135 548 1277 612 ’νοὸς
1308 547 1414 601 τὸν
1439 548 1649 601 αὐτόν.

3363 360 3493 425 1530
3533 309 3542 322 f

2078 550 2316 616 Quaestio
2367 553 2430 606 ab
2471 553 2719 624 Agareno
2751 555 3008 610 Abucarm
3041 559 3334 625 proposita.

1551 636 1812 697 (Turrlano
1843 634 2174 700 interprete.)

1141 761 1151 770 .
1178 723 1209 774 ό
1237 720 1577 790 Ἀγαρηνός.

1085 851 1099 864 .
1144 812 1238 864 τδν
1264 811 1524 882 Χριστὸν,
1566 811 1626 865 ὃν
1684 812 1819 868 Θεὸν

1019 917 1196 962 ιντες,
1228 899 1556 971 βουλομένου
1572 901 1817 972 αὐτοῦ,ἢ
1849 939 1862 954 .

962 991 1324 1061 εποιήκασινς

815 1199 832 1223 ι
857 1172 997 1226 εἰσὶν
1027 1172 1332 1238 ἀνεύθυνοι,
1365 1172 1503 1228 ἀλλὰ
1530 1174 1625 1230 καὶ
1657 1175 1820 1245 εὐχα-

753 1264 902 1334 δμῶν
931 1263 1261 1332 ὀφείλουσιν.

692 1355 747 1407 αἱ
785 1371 898 1423 μοι,
941 1353 1321 1423 ἀντερωτῶντί
1359 1370 1456 1408 σε·
1501 1355 1615 1424 ἐγὼ
1661 1356 1822 1426 βλασ-

645 1447 884 1517 ὲκάστην
911 1447 1150 1518 ἡμέραν,
1176 1445 1250 1510 ὡς
1285 1446 1349 1499 σὺ
1393 1446 1598 1514 λέγεις,
1626 1448 1706 1511 είς
1731 1447 1822 1502 τὸν

555 1539 782 1601 ἄκοντος
805 1537 972 1591 αὐτοῦ
1013 1536 1178 1590 τοῦτο
1216 1539 1467 1608 πράσσω,
1500 1537 1532 1606 ἢ
1563 1537 1819 1604 ἐκόντος;

471 1630 567 1699 γὰρ
599 1630 826 1692 ἄκοντος
849 1667 865 1692 ,
897 1627 1151 1697 »ἀσθενής
1184 1630 1334 1682 ἐστιν
1361 1646 1374 1660 ο
1418 1630 1467 1682 εἰ
1493 1629 1550 1682 δὲ
1580 1631 1818 1694 ἑκόντος,

393 1738 495 1773 ,νον
523 1720 624 1773 οὐκ
648 1719 877 1789 ὤφειλεν
911 1718 1038 1787 τέλη
1061 1759 1074 1783 ,
1107 1721 1199 1771 καὶ
1241 1720 1442 1790 φόρους
1469 1721 1821 1774 ἀπαιτεῖσθαι

336 1814 380 1884 ρ’
411 1813 570 1883 ἐμοῦ,
605 1811 742 1865 ἀλλὰ
773 1809 921 1880 δῶρα
950 1809 1297 1879 κομίζεσθαι,
1331 1811 1426 1864 ἅτε
1455 1810 1704 1881 βούλημα
1729 1810 1822 1864 τοῦ

255 1902 388 1958 θεοῦ
425 1921 520 1957 σου
560 1903 805 1974 πληρῶν.
842 1902 961 1954 Ἔτι
993 1917 1084 1971 μοι
1125 1901 1424 1970 ἀπόκριναι
1448 1918 1463 1933 ·
1506 1901 1673 1972 ἡνίκα
1702 1904 1823 1964 ταῖς

261 1994 602 2063 Ῥωμαϊκαῖς
651 1990 1064 2062 ἐπιᾷατεύσοιτε
1111 1987 1336 2060 χώραις,
1368 1988 1531 2053 εἴτις
1571 1988 1631 2055 ἐξ
1669 1989 1823 2060 ὐμῶν

243 2084 435 2138 αὐτόθι
469 2083 740 2153 φονευθῇ,
791 2082 892 2135 οὐκ
925 2082 1006 2144 εις
1034 2081 1128 2133 τὸν
1175 2080 1510 2152 παράδεισον
1535 2080 1826 2152 πορεύεται

244 2175 469 2239 πάντως
489 2175 564 2238 ὡς
594 2175 751 2244 ὑμεῖς
777 2171 1136 2243 δογματίζετε
1161 2189 1176 2238 ;

320 2267 384 2320 Β.
413 2266 521 2319 Ναὶ
548 2266 784 2329 πάντως.

323 2360 391 2410 Α.
432 2358 495 2410 Et
531 2351 623 2410 οὖν
648 2373 743 2410 σου
787 2354 906 2426 ἅμα
937 2355 1017 2428 τῷ
1044 2355 1122 2426 σῷ
1160 2357 1202 2389 ³⁷
1232 2357 1441 2427 γνησίῳ
1482 2353 1696 2425 ἀδελφῷ
1727 2371 1830 2408 πε-

251 2449 618 2519 πορευμένου,
649 2450 746 2502 καὶ
781 2448 1362 2520 ἐπιστρατευσαμένου
1400 2451 1514 2511 τοῖς
1552 2448 1661 2501 τῶν
1697 2448 1830 2502 Ῥω-

253 2540 438 2610 μαίων
473 2539 562 2593 τδν
583 2540 672 2593 σὺν
692 2540 808 2594 υίὺν
832 2542 877 2574 ³⁸
910 2541 1142 2606 ἀνεῖλεν,
1163 2537 1275 2611 ἄρα
1295 2541 1385 2594 τὸν
1419 2539 1583 2593 αὐτὸν
1605 2538 1828 2593 ἀνελόν-

245 2647 323 2683 τα
373 2631 450 2694 ὡς
469 2631 662 2702 ἐχθρὸν
705 2633 1038 2703 ἀμύνεσθαι,
1060 2633 1156 2687 καὶ
1197 2633 1546 2704 ἀνταναιρεῖν
1581 2629 1826 2702 ἔμελλες,

245 2720 283 2791 ἢ
315 2721 394 2783 ὡς
438 2723 738 2795 εὐεργέτην
780 2727 969 2797 τιμᾷν,
1007 2725 1101 2779 καὶ
1121 2724 1465 2789 ἀσπάζεσθαι
1517 2725 1614 2778 καὶ
1656 2741 1828 2778 κατα-

247 2808 453 2878 φιλεῖν;

323 2901 385 2953 Β.
417 2901 644 2962 Πάντως
671 2902 739 2956 ἂν
765 2901 1062 2955 ἀπέκτεινα
1085 2903 1248 2956 αὐτὸν
1282 2905 1562 2973 μυριάκις,
1601 2905 1697 2956 καλ⁵
1729 2920 1827 2973 με·-

247 2991 410 3061 ληδὸν
432 2990 758 3061 κατέτεμον,
787 2992 903 3060 εἴγε
930 2993 1224 3064 δυναίμην.

319 3083 387 3136 Δ.
416 3083 525 3134 Καὶ
551 3081 669 3145 πῶς
688 3082 780 3136 τὸν
802 3084 974 3136 αῐτιον
996 3084 1099 3153 τῆς
1117 3085 1374 3155 τοιαύτης
1399 3087 1678 3155 σωτηρίας
1726 3086 1823 3138 καὶ

246 3174 460 3244 τρυφῆς
472 3171 551 3242 τῷ
568 3172 645 3242 σῷ
667 3173 1038 3243 γεγενημένον
1060 3175 1103 3206 ³⁹
1127 3174 1366 3244 ἀδελφῷ,
1391 3175 1599 3227 δίκαιον
1615 3175 1828 3244 κρίνεις

245 3267 460 3319 ἀνελεῖν
487 3283 501 3332 ;
527 3267 661 3320 Εἰπὲ
713 3266 770 3319 δέ
816 3283 907 3335 μοι
956 3266 1054 3319 καὶ
1079 3266 1268 3335 ἕτερον
1301 3268 1564 3336 πρᾶγμα·
1595 3267 1642 3318 el
1687 3265 1828 3319 κατὰ

1851 721 1900 777 Δ

2243 723 2308 778 Α.
2360 723 2720 779 Christianus.
2757 726 2824 780 Β.
2863 725 3162 794 Agarenus.

1991 813 2052 866 Β.
2073 813 2168 868 Dic
2191 816 2347 880 mihi,
2368 816 2678 881 Christum,
2706 833 2867 888 quem
2896 829 2951 872 tu
2977 819 3114 874 dicis
3147 820 3314 875 Deum
3341 828 3492 875 tuum

1920 919 2066 969 esse,
2117 920 2241 959 cum
2274 907 2428 961 cruci
2472 907 2761 962 aliixerunt
2793 907 2994 976 Judaai,
3020 910 3340 968 feceruntne
3367 911 3492 976 hoc,

1922 995 2044 1064 ipso
2066 997 2303 1062 volente,
2334 1013 2402 1052 an
2429 1012 2537 1052 non
2568 999 2826 1055 volente?

1991 1087 2058 1142 Δ.
2091 1087 2344 1144 Volente.

1989 1179 2053 1234 B.
2086 1179 2204 1235 Non
2231 1181 2408 1236 solum
2435 1180 2608 1250 igitur
2632 1189 2765 1236 sunt
2799 1182 3011 1238 nullius
3041 1197 3216 1252 poenae
3266 1184 3364 1250 rei,
3400 1185 3493 1240 sed

1921 1272 2109 1342 potius
2135 1272 2402 1328 habenda:
2434 1279 2565 1327 sunt
2587 1273 2670 1327 eis
2690 1273 2906 1348 gratias.

1990 1364 2058 1418 Α.
2091 1363 2382 1433 Responde
2411 1363 2548 1417 mihi
2579 1378 2774 1418 rursus
2810 1364 3180 1433 percontanti,
3225 1379 3325 1435 ego
3373 1380 3495 1420 cum

1922 1455 2170 1527 quotidie
2191 1454 2360 1509 Deum
2386 1463 2564 1521 tuum,
2586 1462 2644 1507 ut
2688 1462 2744 1508 tu
2775 1456 2878 1520 ais,
2910 1455 3270 1524 blasphemiis
3293 1454 3494 1515 aﬂicio,

1924 1547 2066 1602 facio
2095 1547 2198 1601 hoc
2231 1547 2403 1601 invito
2433 1561 2522 1612 eo,
2550 1561 2618 1600 an
2647 1560 2754 1600 non
2797 1546 3018 1601 invito?
3043 1548 3090 1603 si
3125 1548 3274 1602 enim
3301 1548 3494 1609 invito,

1923 1638 2177 1694 inﬁrmus
2206 1645 2260 1693 et
2291 1638 2584 1693 imbecillis
2611 1645 2726 1702 est;
2777 1638 2862 1692 sin
2902 1645 3085 1692 autem
3121 1639 3361 1704 volente,
3392 1654 3496 1692 non

1924 1730 2100 1784 solum
2131 1728 2431 1795 nondebet
2460 1743 2488 1780 a
2523 1743 2609 1781 me
2640 1743 2739 1796 pro
2761 1741 2828 1781 eo
2877 1726 3144 1780 tributum
3173 1728 3314 1797 exigi
3340 1743 3354 1792 ;
3404 1729 3497 1782 sed

1924 1819 2109 1890 potius
2134 1833 2365 1874 munera
2401 1817 2661 1873 deberem
2701 1817 2863 1882 ferre,
2887 1819 3089 1886 quippe
3117 1819 3212 1887 qui
3243 1819 3501 1872 volunta-

1924 1919 2034 1966 tem
2065 1910 2160 1965 Dei
2199 1910 2275 1964 tui
2305 1910 2576 1979 expleam.
2613 1907 2903 1978 Responde
2947 1908 3126 1963 adhuc
3175 1908 3331 1974 mihi,
3377 1925 3498 1963 cum

1926 2017 2026 2058 vos
2057 2002 2125 2057 ad
2150 2002 2402 2072 regiones
2429 1999 2801 2056 Romanorum
2827 1998 3060 2070 profecti
3109 2000 3268 2063 estis,
3297 2000 3342 2054 si
3378 2001 3502 2070 quis

1929 2108 1994 2149 ex
2021 2093 2220 2148 vestris
2252 2091 2329 2146 ibi
2367 2091 2534 2162 386
2562 2090 2892 2147 interfectus
2922 2097 3030 2156 est,
3067 2105 3274 2156 nonne,
3308 2101 3367 2146 ut
3405 2106 3501 2146 vos

1929 2184 2138 2240 docetis
2191 2190 2246 2238 et
2278 2183 2524 2246 traditis,
2573 2182 2630 2236 in
2664 2181 2986 2253 paradisum
3020 2181 3362 2252 ingreditur?

1917 2264 1928 2275 ’
1997 2272 2178 2328 ΒΛια
2220 2287 2355 2328 sane
2381 2282 2490 2328 est.

1997 2361 2065 2419 A.
2107 2360 2164 2416 Si
2207 2362 2373 2433 igitur
2407 2370 2464 2416 tu
2499 2376 2623 2416 cum
2656 2361 2829 2417 fratre
2876 2369 2970 2416 tuo
3001 2370 3057 2417 et
3088 2361 3200 2416 ﬁlio
3221 2361 3351 2416 illuc
3377 2375 3502 2430 pro-

1929 2449 2106 2506 fectus
2137 2465 2312 2516 esses,
2346 2459 2400 2504 et
2437 2451 2513 2506 ibi
2555 2452 2886 2518 militasses,
2936 2467 3001 2507 ac
3046 2460 3235 2522 postea
3299 2451 3502 2521 aliquis

1933 2545 2214 2600 Romanus
2256 2544 2708 2611 fratrem-tuum,
2745 2554 2837 2598 aut
2888 2543 3062 2597 tilium
3095 2542 3395 2606 occideret,
3432 2557 3499 2595 an

1933 2645 1987 2690 tu
2029 2635 2183 2690 illum
2226 2634 2321 2704 qui
2362 2633 2589 2700 occidit,
2643 2645 2903 2706 tanquam
2952 2636 3241 2689 inimicum
3302 2634 3498 2688 ulcisci

1929 2728 2181 2790 deberes,
2209 2742 2278 2780 an
2311 2727 2497 2797 potius
2529 2735 2788 2795 tanquam
2844 2727 3152 2806 beneficum
3210 2727 3500 2789 honorare,

1929 2819 2186 2888 amplecti
2215 2827 2269 2872 et
2297 2820 2648 2874 exosculari?

1997 2909 2057 2962 B.
2099 2907 2212 2962 lmo
2240 2923 2374 2963 vero
2410 2909 2608 2963 millies
2661 2924 2794 2963 sane
2833 2911 3186 2973 occidissem,
3220 2918 3275 2964 et
3330 2923 3503 2962 mem-

1925 2999 2122 3054 bratim
2151 2999 2566 3069 discerpsissem
2600 3001 2645 3055 si
2687 3002 3010 3071 potuissem.

1997 3091 2063 3146 A.
2101 3090 2166 3146 Et
2197 3092 2475 3161 quomodo
2511 3107 2729 3161 aequum
2763 3108 2885 3148 esse
2916 3093 3158 3163 judicas,
3211 3108 3336 3147 eum
3364 3093 3506 3147 occi-

1928 3182 2076 3246 dere,
2113 3184 2206 3250 qui
2238 3183 2341 3236 l’uit
2385 3198 2552 3236 causa
2588 3184 2720 3249 tilio,
2764 3193 2856 3238 aut
2889 3184 3042 3238 fratri
3086 3192 3202 3249 tuo,
3247 3193 3414 3239 tantae
3440 3198 3504 3238 ac

1929 3272 2056 3326 talis
2114 3272 2309 3326 salutis
2360 3285 2424 3324 ac
2479 3273 2822 3340 voluptatis?
2861 3273 3150 3342 Responde
3205 3276 3340 3328 mihi
3380 3292 3504 3329 rur-

243 3358 340 3411 τὸν
379 3357 471 3412 σὺν
499 3357 776 3427 ὀφθαλμὸν
803 3352 948 3427 εἶχες
989 3355 1233 3427 μώλωπα
1259 3356 1381 3410 λίαν
1409 3357 1670 3427 ὀδυνηρὸν
1731 3356 1826 3410 καὶ

1945 3376 2049 3431 ωε,
2077 3362 2124 3415 si
2155 3361 2386 3416 haberes
2414 3362 2466 3414 in
2500 3362 2666 3415 oculo
2698 3371 2791 3417 tuo
2815 3362 3154 3428 cicatricem,
3185 3379 3308 3433 quae
3327 3373 3379 3419 te
3405 3365 3505 3418 do-

244 3451 548 3521 θανάσιμον
569 3467 582 3481 ·
620 3450 854 3520 ἠθέλησε
879 3450 937 3502 δέ
968 3466 1051 3512 τις
1086 3449 1195 3501 τῶν
1221 3447 1328 3501 σῶν
1361 3448 1572 3519 ἐχθρῶν
1603 3447 1825 3518 καιρίαν

242 3562 334 3599 σοι
365 3544 550 3601 δοῦναι
584 3545 828 3617 πληγὴν,
867 3545 964 3598 καὶ
994 3544 1190 3598 θᾶττόν
1228 3561 1288 3596 σε
1334 3545 1436 3613 τῆς
1473 3543 1620 3612 ζωῆς
1651 3543 1826 3596 ἀπαλ-

240 3635 411 3706 λάξαι
451 3637 736 3708 εὐκαιρίας
784 3635 1147 3709 δραξάμενος,
1187 3637 1469 3705 ἐπήγαγεν
1506 3635 1564 3688 δέ
1607 3652 1688 3688 σοι
1730 3633 1829 3704 τὴν

242 3731 493 3803 πληγὴν,
514 3730 614 3784 οὐκ
641 3731 699 3784 ἐν
714 3727 862 3800 ἄλλῳ
885 3730 1042 3801 μέρει
1066 3728 1160 3782 τοῦ
1187 3728 1460 3799 σώματος,
1486 3727 1598 3781 ἀλλ’
1627 3727 1659 3796 ἢ
1686 3727 1828 3780 κατὰ

238 3821 342 3876 τὸν
398 3821 942 3893 τετραυματισμένον
996 3819 1307 3890 ὀφθαλμὸν,
1356 3820 1446 3872 ἵνα
1499 3836 1598 3883 σε,
1647 3817 1830 3880 καθὼς

236 3914 408 3984 ἔφην,
444 3912 726 3983 ταχύτατα
753 3912 848 3965 τοῦ
878 3913 978 3982 ζῇν
1008 3911 1295 3984 ἀπαλλάξῃ
1330 3912 1394 3964 ἐκ
1423 3909 1519 3963 τοῦ
1552 3909 1830 3979 συμϐεϐη-

239 4007 410 4067 κότος
450 4005 684 4074 πληγεὶς
722 4003 1024 4073 ὀφθαλμὸς,
1075 4003 1266 4074 έρευσε
1297 4001 1430 4067 πύα,
1460 4002 1557 4055 καὶ
1605 4000 1826 4071 ἰχῶρας,

237 4098 347 4150 καὶ
387 4097 560 4167 ὑγρὰν
595 4096 868 4167 σηπεδόνα
894 4111 907 4126 ·
940 4096 1003 4148 σύ
1049 4095 1105 4148 δέ
1135 4095 1237 4164 τῆς
1272 4094 1564 4162 ἀλγηδόνος
1583 4093 1829 4146 ἀπαλλα-

235 4190 369 4257 γεὶς
407 4189 496 4242 διὰ
527 4191 628 4254 τῆς
673 4187 888 4256 πληγῆς
935 4187 1152 4258 ἐκείνης
1206 4187 1428 4250 τελείως
1474 4185 1723 4254 ὐγίανας,
1756 4184 1832 4247 ὡς

237 4277 406 4346 φίλον
431 4277 540 4347 ἄρα
564 4277 660 4330 καὶ
692 4275 1015 4347 εὐεργέτην,
1039 4277 1135 4328 τὸν
1159 4275 1428 4328 δεδωκότα
1455 4293 1537 4328 σοι
1567 4274 1667 4345 τὴν
1694 4274 1832 4344 πληο

236 4368 356 4438 γὴν
391 4367 566 4438 ἑώρας
619 4367 835 4437 ἐχθρὸν,
858 4367 918 4419 οὐ
970 4366 1103 4437 πρὸς
1149 4367 1248 4436 τὴν
1295 4365 1617 4437 προαίρεσιν
1665 4364 1831 4418 αὐτοῦ

237 4458 672 4528 ἀποσκοπήσας,
702 4456 838 4510 ἀλλά
868 4457 1004 4526 πρὸς
1043 4457 1102 4510 τὸ
1141 4456 1555 4527 άπροαιρέσεως
1583 4455 1628 4486 ⁸ο
1665 4454 1830 4508 αὐτοῦ

242 4553 330 4620 μὴ
361 4549 606 4610 θέλοντος
637 4547 850 4616 συμϐὰν
878 4547 1158 4618 ἔστεργες,
1193 4549 1288 4600 καὶ
1313 4548 1631 4618 εὐηργέτεις
1659 4564 1672 4612 ;

318 4641 387 4694 Β.
441 4639 598 4693 Ἀλλὰ
650 4638 747 4692 καὶ
791 4638 934 4692 κατὰ
995 4637 1157 4708 μέλος
1225 4639 1386 4692 αὐτὸν
1420 4637 1829 4709 ἐτιμωρούμην,

236 4733 296 4786 εί
328 4731 560 4802 δύναμιν
588 4727 756 4801 εἶχον,
781 4731 874 4784 καὶ
901 4730 976 4792 ὠς
1002 4730 1251 4800 ἔχθιστον
1277 4731 1372 4784 καὶ
1399 4730 1831 4801 δυσμενέστατον

232 4823 478 4893 ἧταζον.

312 4913 385 4966 Δ.
420 4911 579 4966 Οὕτω
610 4913 704 4965 καὶ
749 4911 877 4984 περὶ
919 4906 994 4966 ὧν
1035 4913 1184 4982 ἡμᾶς
1228 4913 1461 4975 ἄκοντας
1499 4914 1548 4965 oi
1593 4913 1836 4966 Ἰουδαῖοι

228 5000 622 5072 εὐεργέτησαν
654 5000 888 5053 διανοοῦ.
1300 5006 1303 5007 ⁷

495 5183 652 5250 Πρὸς
688 5181 984 5237 Ἰουδαῖον
1012 5184 1044 5234 ό
1077 5147 1260 5247 αὐτὸς
1291 5182 1593 5251 διελέχθη.

1929 3455 2045 3509 lore
2074 3453 2332 3517 alliceret,
2368 3461 2422 3508 et
2454 3454 2739 3509 mortifera
2771 3462 2938 3522 esset,
2981 3456 3253 3524 velletque
3304 3456 3504 3526 aliquis

1929 3546 2188 3600 inimicus
2230 3553 2359 3601 tuus
2387 3545 2600 3616 plagam
2633 3545 2730 3600 tibi
2771 3545 3016 3616 inﬂigere
3054 3545 3419 3613 mortiferam,
3453 3556 3505 3602 et

1928 3636 2097 3690 vitam
2127 3634 2403 3699 adimere,
2452 3643 2506 3690 et
2535 3635 3002 3704 opportunitatem
3041 3645 3260 3696 nactus,
3296 3650 3406 3687 non
3449 3634 3503 3688 in

1929 3727 2090 3781 aliam
2127 3737 2338 3797 partem
2372 3728 2644 3797 corporis,
2685 3742 2849 3797 quam
2883 3727 2936 3781 in
2969 3727 3191 3781 oculum
3246 3727 3507 3781 vulnera-

1927 3827 2046 3873 tum
2080 3821 2291 3889 plagam
2334 3819 2685 3889 impingeret,
2722 3825 2781 3873 ut
2814 3827 2867 3873 te
2899 3819 3036 3886 cito,
3071 3827 3130 3873 ut
3161 3818 3295 3883 dixi,
3332 3827 3508 3874 morte

1931 3910 2203 3977 afﬁceret;
2232 3909 2508 3964 accideret
2538 3919 2746 3975 autem,
2768 3910 3042 3964 utoculus
3071 3911 3223 3980 plaga
3257 3918 3503 3980 accepta,

1931 4009 2141 4067 putrem
2179 3999 2463 4053 humorem
2497 4000 2793 4064 emitteret,
2827 4009 2882 4053 tu
2919 4015 3051 4055 vero
3078 4010 3132 4054 et
3158 4001 3344 4056 dolore
3366 4001 3507 4056 lihe-

1928 4099 2108 4154 ratus,
2132 4097 2187 4144 et
2217 4090 2363 4144 oculi
2391 4091 2688 4145 sanitatem
2716 4091 2983 4160 integram
3015 4100 3306 4148 assecutus
3329 4107 3503 4158 esses,

1930 4180 2181 4250 nunquid
2212 4189 2473 4249 tanquam
2512 4180 2776 4244 amicum,
2817 4191 2870 4235 et
2897 4183 3034 4235 bene
3071 4181 3137 4235 de
3167 4189 3222 4236 te
3249 4183 3506 4236 meritum

1931 4287 2054 4327 cum
2079 4272 2374 4340 aspiceres,
2391 4271 2486 4341 qui
2507 4271 2804 4338 percussit,
2827 4279 2880 4324 et
2912 4271 3135 4326 intuens
3157 4288 3263 4326 non
3282 4274 3504 4342 quidem

1932 4361 1988 4416 in
2019 4362 2382 4428 voluntatem,
2436 4375 2602 4432 quam
2636 4362 2728 4414 ille
2757 4361 2970 4426 habuit,
3021 4362 3116 4417 sed
3169 4363 3224 4416 in
3268 4364 3320 4418 id
3362 4365 3505 4432 quod

1933 4460 2130 4521 praeter
2157 4452 2502 4506 voluntatem
2555 4451 2706 4506 illius
2759 4451 2998 4515 accidit,
3030 4467 3246 4507 amares
3296 4461 3348 4508 et
3386 4469 3508 4507 mu-

1933 4544 2203 4599 nerares?
2229 4558 2298 4598 an
2332 4558 2462 4598 vero
2493 4541 2779 4596 inimicum
2810 4542 3086 4597 duceres?

2005 4633 2066 4687 B.
2096 4633 2208 4687 lmo
2261 4647 2459 4704 magno
2509 4632 2782 4702 supplicio
2829 4632 3123 4697 atiicerem,
3159 4634 3205 4688 si
3266 4649 3506 4704 possem,

1862 4711 1907 4768 Ῐ)
1933 4734 1988 4781 et
2023 4735 2281 4794 tanquam
2315 4723 2755 4779 inimicissimum
2805 4735 2860 4780 et
2906 4727 3144 4779 maxime
3179 4724 3506 4780 malevolum

1933 4831 2260 4871 cruciarem.

2004 4909 2070 4961 A.
2129 4906 2222 4960 Sic
2254 4903 2434 4976 cogita
2467 4903 2628 4960 de‘iis
2662 4903 2971 4973 beneﬁciis,
3009 4922 3132 4977 qua:
3165 4908 3324 4964 nobis
3351 4909 3508 4964 inviti

1937 4999 2112 5055 Judaei
2142 4999 2468 5053 attulerunt.

2093 5181 2345 5252 Ejusdem
2377 5181 2637 5237 Theodori
2667 5183 2977 5238 dissertatio
3013 5200 3130 5236 nent
3171 5182 3383 5248 Judu’o.

1620 5279 1884 5340 (Turriano
1914 5277 2235 5343 interprete.)

506 5364 576 5414 A.
611 5364 644 5414 ὀ
667 5361 1044 5429 Χριστιανός,
1079 5366 1145 5416 Β.
1181 5366 1213 5416 ό
1245 5363 1557 5429 Ἰουδαῖος.

315 5455 384 5508 Β.
430 5452 571 5521 Ἐγὼ
600 5471 700 5518 σοι,
745 5456 929 5524 φησὶν,
969 5455 1034 5506 ἐκ
1071 5453 1179 5508 τῶν
1219 5454 1450 5524 Γραφῶν
1488 5455 1830 5528 διαλέγομαι,

225 5547 408 5601 οὐδὲν
435 5545 542 5618 γὰρ
567 5546 753 5618 ’έτερον
785 5542 900 5599 οῖδα
933 5545 1082 5616 παρά
1104 5546 1323 5608 ταύτας.

321 5735 372 5764 ³⁷
404 5727 504 5798 υἱῷ
537 5734 649 5788 καί.
782 5733 823 5764 ³³³
862 5733 1108 5801 ἀδελφόν.
1147 5729 1151 5732 ’
1189 5736 1231 5764 ³9
1271 5737 1370 5805 υἱῷ

2298 5367 2364 5418 Α.
2414 5363 2772 5418 Christianus.
2805 5362 2868 5415 Β.
2906 5360 3148 5414 Judwus.

2014 5459 2072 5513 Β.
2114 5458 2225 5529 Ego
2254 5500 2268 5524 ,
2312 5457 2494 5528 inquit
2533 5456 2788 5520 indecus,
2832 5471 2894 5509 ex
2955 5453 3260 5522 Scripturis
3328 5462 3510 5509 tecum

1941 5553 2198 5620 disputo;
2243 5550 2377 5605 nihil
2412 5550 2557 5605 enim
2583 5547 2730 5602 aliud
2763 5548 2879 5603 scio
2922 5556 3113 5615 praeter
3154 5547 3271 5598 has.

1557 5645 1790 5700 VARle
1835 5646 2236 5701 LECTIONES.

1537 5740 1579 5767 "’
1617 5740 1649 5792 Γ.
1693 5741 2093 5808 ἀπροαιρέτως.
