3912 6202
484 329 619 396 1531

1706 330 2101 390 TIIEODORI
2132 332 2375 392 ABUCA
2386 330 2507 390 ΙὶίΕ

3507 333 3594 397 ίῦἱίἐ

551 444 619 496 Α.
662 439 774 496 Nec
804 454 905 509 ego
946 438 1048 493 has
1077 436 1306 506 rejicio;
1347 436 1444 493 sed
1489 446 1712 510 oportet
1748 449 1810 496 ut
1846 441 1935 498 his
1962 457 2059 495 au-

2229 442 2294 497 A.
2323 440 2460 494 ούδὲ
2493 437 2605 508 ἐγὼ
2640 438 2834 501 ταύτας
2873 437 3258 508 ἀπούάλλομαι.
3309 439 3444 495 Ἀλλὰ
3464 443 3523 498 δεῖ
3555 465 3599 516 με

482 532 756 589 ditoribus
786 529 942 600 prius
982 528 1255 598 explicem
1301 530 1581 598 quomodo
1619 530 1934 603 Scripturas
1972 535 2056 586 in-

482 623 694 691 telligo.
761 620 836 676 Ut
893 619 941 674 si
994 620 1120 689 quis
1177 618 1402 674 domum
1474 620 1717 693 aliquam
1772 622 2057 694 ingressus

483 713 690 782 pictam
718 709 897 775 Pauli,
917 709 964 766 si
996 711 1070 764 ita
1099 724 1391 779 ponamus,
1429 712 1724 783 imaginem
1756 720 2057 784 spectaret,

480 803 692 856 diceret
715 801 944 871 digitum
963 802 1277 866 intendens,
1307 802 1593 859 indicandi
1620 804 1825 874 gratia.
1847 802 1949 860 Hic
1976 813 2060 860 est

482 890 692 948 Paulus
718 891 1037 957 Tarsensis,
1079 894 1171 963 qui
1205 894 1360 948 stetit
1387 895 1745 950 consentiens
1794 895 1851 950 in
1886 904 2063 950 morte

487 980 781 1055 Stephani,
812 985 907 1054 qui
940 984 1137 1041 litteris
1157 986 1322 1056 387
1356 1001 1386 1039 a
1417 989 1800 1044 sacerdotibus
1821 990 2066 1058 acceptis

485 1076 729 1144 perrexit
764 1074 1088 1131 Damascum
1116 1076 1164 1139 ιι,
1208 1078 1302 1146 qui
1336 1080 1603 1133 custodia:
1635 1079 1887 1133 tradebat
1901 1078 2065 1134 Chri-

489 1169 740 1233 stianos;
797 1167 885 1222 hic
912 1167 1125 1222 visione
1150 1168 1359 1231 divina,
1397 1169 1720 1238 poenitentia
1751 1168 1956 1225 ductus
1996 1169 2065 1224 ad

488 1258 973 1313 Christianismum
1018 1274 1319 1314 conversus
1353 1268 1471 1324 est,
1513 1268 1568 1314 et
1616 1260 1948 1330 praedicator
2001 1276 2069 1316 ac

490 1351 752 1419 magiswr
784 1350 1031 1419 gentium
1067 1349 1270 1414 factus,
1296 1361 1350 1406 et
1394 1351 1497 1405 alia
1530 1351 1806 1421 ejusmodi
1842 1369 1857 1407 :
1886 1354 1981 1424 qui
2012 1353 2069 1408 in

489 1442 785 1510 imaginem
811 1439 966 1496 Pauli
1004 1442 1254 1506 intentus
1293 1451 1397 1510 est,
1423 1444 1491 1498 ad
1524 1445 1772 1512 Paulum,
1807 1446 1968 1516 cujus
1987 1457 2072 1501 est

492 1532 589 1586 illa
622 1532 827 1604 imago,
861 1535 975 1590 haec
1002 1536 1188 1589 omnia
1221 1534 1414 1600 refert,
1453 1552 1562 1592 non
1591 1539 1861 1593 autemin
1891 1538 2071 1608 pictu-

490 1638 609 1678 ram
668 1632 725 1680 et
763 1626 1044 1689 colorem,
1094 1643 1217 1696 qua:
1247 1627 1404 1683 vidit.
1451 1627 1510 1683 Si
1552 1645 1684 1684 vero
1720 1629 1904 1697 dicat,
1950 1628 2073 1683 Non

493 1714 634 1768 bene
673 1714 854 1783 pictor
887 1713 1133 1784 depinxit
1164 1716 1430 1783 Paulum;
1464 1718 1697 1773 nimium
1730 1720 1881 1774 enim
1932 1719 2075 1775 latos

2154 537 2271 599 τοῖς
2324 530 2597 603 παροῦσιν
2634 532 2921 600 ἀκροαταῖς
2977 528 3375 601 προδιαστεῖλαι,
3418 533 3509 597 πῶς
3534 538 3604 589 νοῶ

2154 626 2256 689 τὰς
2289 623 2751 696 ΓραφάςέὨσπερ
2774 621 2827 673 εἴ
2851 637 2932 682 τις
2954 618 3195 671 εἰσελθὼν
3217 621 3269 672 ὲν
3290 620 3414 693 οίκίᾳ
3437 623 3611 696 ὲζωγριι.

2157 718 2377 788 φημένῃ
2416 713 2657 777 Παύλου,
2690 712 2740 764 εί
2767 710 2943 780 τύχοι,
2975 708 3205 765 θεάσοιτο
3224 711 3316 781 τὴν
3338 714 3499 779 εἰκόνα,
3523 719 3610 789 εἴπῃ

2158 806 2643 869 δακτυλοδεικτῶν,
2674 805 2755 858 ὅτι
2775 797 2932 866 οὗτος
2951 804 2979 855 ὁ
2999 802 3230 873 Ταρσεὺς
3248 803 3445 871 Παῦλος,
3465 806 3510 869 ὃς
3528 824 3614 861 συν-

2160 898 2403 953 ευδοκῶν
2451 896 2699 966 εἱστήκει
2734 896 2803 965 τῇ
2838 893 3107 965 ἀναιρέσει
3134 878 3401 962 Στεφάνου,
3441 896 3617 965 δςπαρὰ

2161 990 2271 1043 τῶν
2315 987 2623 1059 ἀρχιερέων
2677 983 2973 1045 ἐπιστολὰς
3033 983 3252 1053 εἰληφὼς
3298 985 3366 1045 είς
3400 986 3618 1054 Δαμασκὸν

2164 1080 2411 1151 ὥρμησε,
2447 1076 2688 1149 πορθῶν,
2723 1075 2820 1129 καὶ
2865 1072 3168 1143 φυλακίζων
3194 1075 3301 1138 τοὺς
3318 1076 3617 1146 Χριστιανούς.

2166 1167 2334 1235 Οὗτός
2364 1174 2482 1224 ἐστι
2507 1172 2539 1223 ὁ
2568 1167 2693 1239 θείᾳ
2726 1167 2966 1235 δυνάμει
3006 1164 3284 1234 μετατεθιὶς
3317 1166 3399 1217 ἐπί
3422 1166 3497 1220 τὸν
3523 1168 3619 1236 Χρι-

2169 1261 2484 1333 στιανισμὺν
2526 1259 2785 1330 ὀπτασίᾳ,
2819 1258 2917 1312 καὶ
2956 1255 3144 1327 κήρυξ,
3167 1255 3622 1318 κα“ιδιδάσκαλοςτῶν

2168 1352 2336 1406 ἐθνῶν
2370 1351 2683 1420 γενόμενος,
2727 1346 2829 1400 καὶ
2851 1344 2926 1398 τὰ
2969 1343 3168 1405 τούτοις
3202 1343 3331 1410 ὅμοια
3353 1342 3539 1409 λέγοι,ὁ
3572 1344 3622 1411 τῇ

2169 1444 2340 1498 εἰκόνι
2369 1440 2584 1497 Παῦλου
2624 1436 2978 1501 ὲνατενίζων,
3007 1434 3169 1488 ταῦτα
3203 1433 3257 1503 δὴ
3281 1434 3418 1485 πάντα
3439 1433 3513 1485 ἐπὶ
3551 1432 3623 1485 τὸν

2171 1532 2572 1603 είκονιζὸμενον
2618 1527 2854 1591 Παῦλον,
2879 1521 2944 1581 οὗ
2981 1527 3124 1577 ἐστιν
3161 1524 3315 1592 ἐκείνη
3343 1522 3483 1583 εἰκὼν,
3517 1523 3624 1574 ἁνα-

2174 1624 2425 1694 φέρεται,
2454 1622 2557 1676 οὐκ
2583 1620 2677 1673 ἐπὶ
2708 1619 2809 1691 τὴν
2840 1616 3175 1687 ζωγραφίαν,
3198 1613 3304 1684 ἢτὲ
3328 1613 3547 1682 χρώματα.
3572 1613 3621 1665 Εί

2174 1717 2231 1770 δὲ
2262 1715 2406 1768 εῐποι
2423 1730 2439 1745 ·
2463 1714 2540 1767 Οὐ
2567 1712 2749 1776 καλῶς
2785 1710 3074 1780 ἱστόρησεν
3105 1709 3132 1759 ὁ
3158 1704 3400 1774 ζωγράφος
3426 1703 3497 1755 τὸν
3511 1701 3625 1755 {laxi-

491 1804 755 1861 humeros
783 1806 903 1875 ejus
937 1808 1101 1875 fecit;
1134 1810 1326 1864 oculos
1358 1810 1481 1878 ejus
1534 1826 1642 1864 non
1692 1811 1832 1867 bene
1859 1812 2073 1881 pictura

2181 1806 2265 1858 λον
2288 1821 2305 1837 ο
2348 1803 2577 1866 πλατεῖς
2615 1803 2726 1873 γὰρ
2764 1796 3142 1870 ὑπερϐολικῶς
3175 1795 3284 1857 τοὺς
3326 1792 3474 1862 ὤμους
3507 1790 3629 1844 αὑτοῦ

492 1893 742 1949 imitatus
779 1904 887 1961 est,
924 1903 980 1952 et
1008 1913 1173 1951 crura
1210 1899 1462 1967 gracilis.
1512 1907 1607 1953 aut
1660 1915 1855 1954 manca
1890 1901 2024 1955 fecit
2054 1917 2071 1956 :

493 1983 613 2039 haec
642 1992 696 2039 et
734 1986 842 2040 alia
872 1987 1151 2057 ejusmodi
1208 2005 1316 2043 non
1357 1991 1425 2043 ad
1456 1988 1689 2045 Paulum
1720 1990 2072 2056 referuntur;

495 2075 592 2133 sed
650 2077 706 2132 in
765 2079 881 2134 sola
928 2080 1167 2150 imagine
1218 2082 1639 2153 circumscripta
1687 2088 1934 2137 manent.
1983 2082 2076 2137 Sic

495 2172 650 2230 sunt,
676 2180 798 2235 qua:
834 2166 891 2221 in
928 2166 1214 2238 Scriptura
1245 2170 1313 2225 de
1347 2172 1556 2227 sanctis
1597 2171 1742 2226 dicta
1768 2180 1897 2227 sunt
1925 2190 1938 2227 :
1968 2173 2078 2245 alia

496 2253 719 2323 quidem
752 2257 1067 2313 referuntur
1092 2261 1158 2315 ad
1189 2262 1500 2328 Christum,
1530 2264 1626 2334 qui
1669 2266 1724 2319 in
1750 2265 1860 2321 illis
1891 2274 1978 2323 est
2008 2267 2075 2321 il-

496 2352 730 2414 guratus
793 2356 848 2403 et
902 2349 1312 2418 pralormatus,
1363 2353 1473 2407 alia
1513 2368 1646 2410 vero
1692 2357 1757 2410 ad
1799 2352 1972 2427 ipsos,
2022 2368 2077 2412 et

498 2436 650 2492 solos
708 2438 1047 2511 pertingunt.
1108 2439 1296 2497 Placet
1355 2442 1722 2513 tibi,Judtee,
1758 2447 2078 2515 hujusmodi

496 2527 683 2595 lectio,
714 2537 768 2585 et
810 2532 1105 2603 explicatio
1144 2531 1492 2606 Scriptura?

567 2709 632 2762 Β.
665 2706 1046 2781 Nequaquam.
1081 2710 1202 2768 Non
1233 2714 1481 2784 approbo
1531 2713 1658 2781 hoc,
1687 2715 1783 2770 sed
1815 2716 2078 2779 litteram,

498 2809 559 2853 ut
593 2800 745 2854 verbi
781 2803 978 2870 gratia,
1031 2820 1153 2874 qua:
1184 2804 1329 2859 dicta
1364 2818 1492 2860 sunt
1521 2807 1590 2860 de
1621 2806 1815 2870 David,
1869 2807 1937 2861 de
1986 2808 2081 2862 illo

499 2897 714 2945 tantum
754 2893 1022 2964 intelligo,
1051 2908 1108 2950 et
1143 2912 1265 2965 qua:
1292 2898 1362 2951 de
1391 2897 1694 2963 Abraham,
1713 2898 1888 2966 Isaac,
1920 2896 2081 2954 etla-

500 2982 623 3044 coh,
665 2990 719 3034 et
750 2980 912 3047 Juda,
943 2994 995 3037 et
1026 2984 1094 3039 de
1126 2986 1354 3054 reliquis
1387 2985 1665 3041 similiter.

2175 1896 2500 1967 πεποίηκεν,
2547 1894 2645 1948 καὶ
2690 1893 2785 1947 τὸν
2826 1889 3103 1960 ὀφθαλμὸν
3134 1886 3279 1941 αὐτοῦ
3316 1886 3401 1937 οὐκ
3430 1884 3630 1951 εὐστόχως

2176 1988 2592 2060 ἐζωγράφησεν,
2632 1987 2728 2040 καὶ
2767 1985 2841 2038 τὰ
2895 1982 3062 2050 σκέλη
3101 1978 3256 2032 λεπτὰ
3302 1977 3331 2045 ἢ
3368 1972 3527 2026 κολοϐὰ
3551 1972 3629 2041 sip-

2176 2081 2401 2150 γάσατο,
2430 2078 2527 2134 καὶ
2552 2079 2655 2131 ὅσα
2682 2076 2948 2131 τοιαῦτα’
2983 2075 3081 2127 οὐκ
3099 2072 3185 2126 ἐπὶ
3204 2070 3284 2123 τὸν
3322 2064 3630 2132 ὲκτυπούμενον

2175 2165 2563 2243 ἀναφέρονται,
2594 2169 2710 2223 ἀλλ’
2752 2170 2813 2221 ὲν
2848 2161 2992 2235 μόνῃ
3006 2162 3385 2232 περιγράφονται
3409 2161 3464 2228 τῇ
3485 2155 3632 2208 εἰκάδι.

2177 2263 2337 2318 Οὖτω
2361 2263 2456 2316 καὶ
2491 2263 2549 2318 ὲν
2581 2263 2648 2331 τῇ
2692 2260 2895 2330 Γραφῇ
2939 2259 3066 2326 περὶ
3105 2254 3204 2308 τῶν
3242 2251 3389 2322 ἁγίων
3416 2247 3630 2319 είρημέιψ

2178 2356 2247 2409 τὰ
2287 2355 2386 2425 μὲν
2411 2354 2495 2418 είς
2521 2354 2614 2406 τὸν
2642 2351 2711 2406 δι’
2739 2349 2976 2403 ἐκείνων
3017 2343 3378 2414 είκονιζόμενον
3400 2339 3477 2392 καὶ
3497 2353 3633 2408 προευ-

2179 2447 2451 2517 πούμενον
2490 2443 2731 2517 Χριστὸν
2768 2440 3178 2511 ἀναφέρονται·
3216 2435 3281 2489 τὰ
3303 2433 3355 2487 δὲ
3394 2434 3459 2493 εἰς
3480 2428 3632 2489 om.

2179 2540 2274 2594 καὶ
2299 2540 2496 2609 μόνους
2518 2536 2932 2608 περιίστανται.
2964 2533 3203 2601 ’Δρέσκει
3232 2544 3322 2591 σοι,
3347 2520 3384 2579 ὧ
3411 2519 3632 2585 Ἰουδιῑε,ή

2178 2631 2402 2701 τοιαύτη
2426 2631 2528 2700 τῆς
2556 2628 2785 2699 Γραφῆς
2812 2626 3145 2694 ἀνάγνωσις,
3170 2620 3256 2675 κει)⁸
3279 2616 3550 2681 ἀνάπτυξιςὶ

2252 2723 2315 2777 Β.
2349 2697 2507 2792 Ούχί.
2544 2697 2620 2773 Ού
2642 2697 2871 2789 δέχομαι
2904 2716 3019 2787 γὰρ
3039 2712 3212 2777 τοῦτο,
3254 2708 3372 2763 ἀλλὰ
3392 2705 3525 2759 nam
3539 2697 3638 2752 κατὰ

2180 2814 2242 2868 τὸ
2271 2813 2530 2885 γράμμα,
2556 2807 2670 2865 οἷον
2714 2810 2787 2864 τὰ
2820 2810 2908 2872 είς
2937 2806 3099 2861 Δαυῖδ
3118 2799 3469 2894 λεγομένω-είς
3489 2794 3638 2894 ίκεῖνον

2186 2905 2345 2975 μόνον
2375 2903 2513 2957 νοῶ·
2550 2903 2647 2956 καὶ
2666 2901 2737 2955 τὰ
2765 2902 2846 2964 είς
2888 2898 3166 2970 Ἀϐραὰμ,
3194 2895 3280 2949 καὶ
3300 2894 3367 2953 εις
3396 2886 3549 2947 Ἰσαὰκ,
3570 2886 3639 2933 καὶ

2195 2994 2411 3056 Ἰακὼϐ.
2440 2996 2536 3048 καὶ
2572 2993 2798 3059 Ἰούδαν,
2835 2992 2940 3046 καὶ
2966 2992 3095 3053 τοὺς
3115 2988 3319 3051 λοιποὺς
3338 2979 3552 3040 ὡσαύτως·

573 3072 639 3126 Α.
670 3070 808 3127 Vide
838 3073 969 3143 quid
1002 3074 1191 3138 dicas,
1221 3084 1277 3131 et
1308 3077 1454 3131 scias
1482 3077 1629 3145 quod
1650 3116 1665 3142 ,
1692 3076 1761 3131 ad
1782 3077 1932 3134 hunc
1964 3093 2077 3135 mor

2254 3091 2320 3143 A.
2350 3088 2522 3141 Βλέπε
2553 3088 2605 3141 τί
2641 3087 2843 3156 λέγεις.
2900 3086 3001 3138 καὶ
3038 3084 3287 3153 γίνωσκε,
3322 3079 3391 3131 ὅτι
3416 3070 3521 3178 pati

502 3164 630 3218 dum
688 3164 948 3235 loquendi
983 3173 1037 3222 et
1076 3167 1441 3239 intelligendi,
1500 3167 1667 3224 Deum
1726 3168 1868 3225 facis
1930 3186 2083 3226 men-

504 3253 717 3310 dacem.

575 3346 636 3401 B.
670 3345 993 3414 Quomodo?

575 3439 643 3494 Α.
679 3401 915 3496 “Nonne—
932 3401 1100 3495 vdixit
1140 3441 1284 3499 Deus
1339 3443 1572 3499 Abraha:
1605 3401 1637 3499 ε.
1659 3464 1678 3497 ι
1716 3444 1909 3501 Totam
1944 3446 2087 3503 hanc

507 3540 735 3596 terram,
784 3545 949 3601 quam
995 3542 1055 3589 tu
1102 3535 1277 3604 vides,
1310 3538 1411 3592 tibi
1440 3537 1584 3592 dabo
1620 3552 1741 3593 eam
1763 3577 1779 3604 ,
1808 3544 1864 3593 et
1889 3538 2085 3594 semini

510 3623 711 3679 luol?)

579 3718 642 3775 Β.
674 3719 767 3775 Sic
801 3729 905 3777 cst.

575 3812 643 3866 Α.
698 3809 898 3868 Fuitne
966 3828 1206 3883 unquam
1265 3811 1543 3869 Abraham
1602 3813 1862 3871 dominus
1938 3814 2086 3871 illius
2138 3816 2140 3819 ’

509 3909 671 3958 ωτι-ω
706 3904 729 3957 ?

579 3992 637 4047 Β.
676 3992 965 4058 Quomodo
1009 3992 1290 4057 dominus,
1335 3992 1429 4063 qui
1464 4009 1642 4063 neque
1669 4010 1895 4065 passum
1929 3998 2087 4066 pedis

506 4080 564 4134 in
621 4081 712 4134 illa
774 4081 1007 4136 habuit?
1052 4084 1287 4151 sepelire
1336 4084 1482 4138 enim
1520 4084 1710 4139 Saram
1739 4103 1847 4142 non
1882 4093 2084 4160 potuit,

507 4170 683 4225 donec
717 4173 895 4225 locum
924 4173 1062 4227 emit
1087 4182 1149 4227 ω.

578 4263 644 4317 Α.
684 4264 879 4319 Sermo
907 4264 1073 4335 igitur
1101 4264 1195 4319 Dei
1228 4263 1448 4319 excidit.

575 4359 636 4417 Β.
679 4358 936 4423 Daturus,
972 4356 1170 4427 inquit,
1202 4366 1286 4413 est
1314 4358 1394 4413 eis
1427 4367 1650 4414 terram.

2186 3198 2286 3252 την
2316 3182 2416 3249 τὴν
2450 3182 2650 3253 φράσιν
2706 3179 2802 3233 καὶ
2840 3177 3126 3250 διάληψιν,
3165 3172 3381 3245 ψεύστην
3414 3168 3458 3221 ἐν
3491 3159 3639 3218 πολλοῖς

2187 3274 2365 3336 ποιεῖς
2395 3272 2488 3325 τὸν
2520 3271 2675 3324 Θεόν.

2256 3364 2317 3416 Β.
2345 3362 2467 3426 Πῶς
2494 3362 2707 3430 λέγειςς

2255 3453 2322 3506 Α.
2360 3452 2473 3505 Ούκ
2501 3449 2695 3505 εἶπενὸ
2720 3451 2854 3515 Θεὸς
2871 3449 2954 3521 τῷ
2993 3447 3256 3518 Ἀϐραὰμ,
3290 3462 3306 3495 ι
3328 3433 3645 3534 Ταύτην

2187 3544 2285 3614 τὴν
2306 3545 2413 3614 γῆν
2432 3545 2498 3615 ἣν
2527 3545 2681 3615 ὁρᾷς,
2720 3543 2807 3595 σοὶ
2835 3542 3002 3596 δώσω
3037 3540 3226 3611 αὐτὴν,
3260 3536 3343 3590 καὶ
3364 3532 3429 3601 τῷ
3450 3528 3647 3596 σπέρματὶ

2189 3650 2316 3699 σου;
2346 3652 2364 3685 ι

2258 3727 2319 3778 Β.
2348 3725 2479 3780 Ναί.

2254 3824 2319 3874 Λ.
2386 3816 2665 3890 Ἐκυρίευε
2726 3815 2784 3869 δὲ
2854 3815 2959 3883 τῆς
3037 3813 3142 3884 γῆς
3211 3810 3401 3874 ἐκείνης
3471 3789 3649 3864 Ἀδρίάμ

2189 3927 2320 3965 ποτε
2353 3927 2368 3976 ;

2257 4004 2319 4057 Β.
2347 4001 2471 4066 Πῶς
2497 4000 2628 4071 γὰρ,
2657 4000 2686 4051 ὁ
2722 4000 2860 4069 μήτε
2896 3998 3055 4067 βῆμα
3085 3995 3238 4057 ποδὸς
3264 3982 3477 4058 ἐσχηκὼς
3493 3976 3650 4071 ἔκεξαὶ

2188 4092 2356 4162 θάψαι
2378 4064 2486 4161 γὰρ
2510 4064 2615 4162 τὴν
2659 4064 2906 4161 Σάρραν-
2926 4064 3033 4142 ούκ
3066 4082 3317 4156 ἠδυνήθη,
3358 4078 3444 4138 ἕως
3469 4064 3518 4126 οὗ
3538 4066 3651 4119 τόπον

2185 4183 2482 4255 ὴγόρακεν.

2256 4276 2322 4328 Δ.
2352 4270 2565 4327 Ούκοῦν
2591 4270 2620 4322 ὁ
2649 4269 2743 4323 τοῦ
2775 4267 2914 4322 Θεοῦ
2943 4268 3122 4336 Λόγος
3147 4265 3401 4323 oduacar;

2258 4367 2321 4421 B.
2352 4363 2572 4428 Μέλλει,
2604 4362 2790 4433 φησιν,
2817 4360 3006 4415 δοῦναι
3038 4361 3221 4423 αὐτοῖς
3238 4357 3328 4429 τὴν
3353 4352 3458 4422 γῆν.

577 4460 644 4509 A.
680 4453 748 4507 At
783 4468 888 4507 non
916 4453 997 4507 sic
1030 4450 1167 4507 dixit
1194 4450 1360 4516 Deus,
1390 4451 1626 4509 daturus
1647 4450 1769 4509 sum
1806 4472 1926 4512 eam
1955 4459 2077 4514 ﬁliis

2258 4457 2325 4508 Α.
2360 4453 2500 4507 Ἀλλ’
2525 4427 2626 4522 οὖν
2665 4427 2840 4513 οὓτως
2871 4447 3027 4503 εἶπεν
3056 4451 3085 4503 ὁ
3122 4448 3270 4511 Θεὸς,
3289 4427 3379 4497 θὸτι
3398 4434 3554 4493 Μέλλω

506 4546 639 4605 tuis.
698 4542 794 4599 sed
856 4561 875 4594 ι
908 4542 1006 4598 tibi
1055 4550 1109 4598 et
1136 4542 1331 4598 semini
1384 4555 1498 4596 tuo.
1542 4562 1561 4595 ι
1627 4542 1892 4601 Similiter
1942 4549 2084 4603 dixit

505 4636 716 4693 Jacob:
759 4655 776 4689 ι
818 4634 970 4691 lianc
1023 4645 1246 4699 terram.
1300 4651 1464 4705 quam
1506 4637 1629 4691 dedi
1679 4640 1926 4708 patribus
1976 4644 2084 4698 tuis

507 4732 810 4795 Abraham,
865 4736 921 4785 ct
958 4729 1130 4794 Isaac,
1183 4729 1282 4785 tibi
1318 4729 1461 4785 dabo
1490 4746 1631 4795 eam,
1663 4740 1716 4785 et
1749 4733 1945 4787 semini
1988 4743 2085 4789 tuo

506 4828 635 4891 post
667 4830 720 4875 te
754 4831 805 4874 τι.
841 4840 859 4872 ›
892 4820 959 4873 Ει
990 4835 1090 4875 nec
1114 4819 1285 4875 Jacob
1316 4821 1509 4875 habuit
1540 4838 1760 4890 passum
1790 4825 1967 4893 pedis;
1989 4826 2085 4881 sed

507 4916 698 4985 potius
748 4913 805 4966 in
860 4912 1037 4965 aliena
1089 4921 1257 4977 terra,
1300 4915 1353 4966 in
1404 4911 1645 4984 Egypto
1689 4925 1943 4971 mortuus
1976 4928 2080 4973 est.

509 5005 696 5069 Vides,
721 5004 1204 5074 quemadmodum.
1229 5021 1351 5057 cum
1398 5005 1480 5059 sic
1533 5005 1797 5076 intelligis
1826 5008 2083 5078 Scriptu-

508 5116 623 5164 ras,
655 5098 824 5155 Deum
854 5098 1171 5153 mendacem
1207 5097 1421 5150 facis?‘

582 5280 648 5334 Et
675 5282 805 5350 quid
834 5278 901 5334 ad
931 5279 1083 5341 illud,
1116 5279 1261 5348 quod
1302 5276 1367 5331 de
1392 5273 1566 5330 Jacoli
1588 5276 1725 5330 dixit
1760 5275 2042 5346 Scriptura
2070 5297 2083 5331 :

518 5390 536 5421 ι
579 5371 783 5427 Gentes
830 5382 883 5426 ct
944 5370 1398 5442 congregationcs
1449 5369 1691 5437 gentium
1748 5384 1812 5421 ex
1869 5380 1921 5423 te
1990 5385 2087 5423 ex-

511 5463 715 5519 ibunt?
751 5484 768 5516 ι
801 5461 902 5518 [Πιὶ
941 5473 1147 5527 autem,
1182 5470 1275 5516 aut
1306 5459 1583 5532 quomodo
1611 5459 1780 5529 388
1806 5475 1869 5514 ex
1919 5460 2088 5515 Jacob

516 5564 789 5623 generata:
820 5564 949 5611 sunt
976 5554 1292 5624 genlcs‘HCt
1326 5570 1520 5607 rursus
1552 5554 1721 5606 dixit:
1755 5573 1771 5603 ι
1805 5552 1868 5605 Et
1895 5553 2089 5607 adora-

593 5732 612 5768 ι
650 5733 743 5783 Art
799 5749 873 5796 tv,
919 5733 933 5785 I
972 5752 1126 5803 srqq.
1248 5732 1259 5772 ¹
1301 5736 1575 5799 Gemuit,
1620 5736 1701 5787 lii,

1820 5747 1854 5769 ιιι
1898 5738 2032 5787 (ἶνιν.
2072 5750 2220 5809 Villi,
2265 5737 2347 5788 'Sl
2373 5754 2463 5805 qq.

2178 4546 2394 4609 τέκνοις
2420 4561 2513 4599 σου
2544 4517 2729 4598 saeva;
2754 4542 2947 4613 αὐτὴν,
2980 4541 3144 4606 ἀλλὰ,
3173 4559 3192 4590 ι
3233 4536 3318 4591 Σοὶ
3352 4532 3434 4587 καὶ
3455 4517 3655 4626 τιξ-

2185 4638 2315 4710 μοιτί
2339 4654 2454 4693 σου.
2488 4658 2506 4689 ι
2546 4636 2823 4699 Ὡσαύτως
2845 4635 2925 4705 τῷ
2952 4633 3150 4689 Ἰακὼϐ
3175 4628 3338 4691 εἶπεν,
3360 4628 3430 4678 ὅτι
3457 4642 3470 4669 ι
3495 4617 3653 4710 Ταύτην

2180 4703 2279 4802 τὴν
2317 4732 2441 4800 γῆν,
2485 4732 2551 4799 ἥν
2578 4729 2755 4782 ἔδωκα
2781 4703 2906 4789 τοῖς
2924 4725 3197 4796 πατράσιν
3233 4737 3340 4813 σου,
3368 4714 3434 4813 τιῖι
3471 4703 3653 4813 Ἀϐραίιί

2183 4822 2277 4877 καὶ
2317 4821 2523 4881 Ἰσαὰκ,
2558 4821 2642 4873 σοὶ
2682 4818 2845 4873 δώσω
2879 4817 3070 4888 αὐτὴν,
3122 4816 3214 4869 καὶ
3249 4811 3321 4882 τῷ
3348 4806 3652 4899 σπέρματίιῗῗΐ

2195 4914 2331 4985 μετὰ
2357 4914 2436 4965 σέ.
2480 4933 2500 4964 ι
2532 4912 2640 4965 Καὶ
2667 4910 2791 4963 οὐδὲ
2832 4882 3026 4963 Ὶακὼδ
3062 4908 3185 4978 ἔσχε
3214 4904 3355 4993 βῆμιι
3382 4882 3654 4993 ποδίεξξξλῗ

2191 4978 2286 5073 καὶ
2318 5004 2374 5053 ὲν
2393 5000 2649 5070 ἀλλοτρίᾳ
2666 5003 2738 5069 γῇ
2766 5000 2823 5051 ὲν
2850 4996 3112 5064 Αἰγύπτῳ
3132 4991 3498 5057 τετελεύτηκεν.
3521 4978 3654 5073 Ὀρᾷξν

2190 5068 2271 5147 δτι
2326 5095 2355 5145 ὁ
2406 5090 2578 5154 οὕτως
2644 5088 2781 5143 νοῶν
2835 5088 2936 5151 τὰς
2994 5086 3228 5157 Γραφὰς.
3260 5084 3344 5134 τὸν
3385 5075 3496 5130 Θεὸν
3530 5074 3654 5120 ποιειὲ

2189 5185 2429 5253 ψεύστην
2450 5201 2464 5248 ;
3430 5210 3443 5221 ο
3499 5250 3511 5253 _
3638 5236 3646 5249 ,

2256 5276 2319 5328 Τί
2347 5276 2430 5327 ὅτι
2459 5275 2515 5326 δὲ
2545 5274 2637 5327 καὶ
2669 5273 2805 5343 πρὸς
2833 5272 2923 5325 τὸν
2957 5268 3151 5324 Ἰακὼὸ
3186 5263 3355 5319 εἶπεν·
3387 5278 3402 5309 ι
3437 5250 3652 5343 Ἐθνηλίίρ

2188 5367 2475 5437 συναγωγὴ
2519 5365 2626 5418 τῶν
2662 5364 2855 5432 ἐθνῶν,
2903 5368 2968 5418 ὲκ
2994 5361 3084 5415 σοῦ
3125 5357 3490 5461 ἐξελεύσοντῗις
3522 5360 3536 5387 ,

2191 5456 2228 5461 --
2298 5456 2317 5461 _
2410 5456 2432 5461 _
2505 5457 2516 5461 _
2671 5454 2695 5461 _
2745 5455 2779 5461 Α-
2871 5454 2939 5461 ’Δ
3008 5452 3019 5461 “
3071 5449 3123 5461 η
3230 5449 3243 5461 ⁸
3336 5440 3396 5461 m1
3433 5440 3563 5461 um

2186 5456 2263 5519 δὲ,
2292 5456 2324 5527 ἢ
2358 5435 2476 5519 πῶς
2504 5457 2565 5507 ἐκ
2605 5454 2699 5507 τοῦ
2745 5454 2939 5508 Ἰακὼὸ
2967 5452 3033 5506 τὰ
3069 5449 3192 5518 ιθνη
3227 5436 3569 5549 ἐγεννήθησανξ

2188 5550 2349 5601 πάλιν
2380 5545 2530 5600 εἶπεν
2550 5548 2719 5617 αὐτῷ,
2752 5549 2834 5601 ὅτι
2868 5567 2885 5598 ι
2920 5534 3371 5617 Προσκυνήσονσίν
3404 5544 3470 5581 σοι
3493 5528 3647 5573 υιοῖτν*

2585 5746 2604 5771 "
2637 5734 2772 5785 (Io-ti.
2813 5741 3003 5789 xxviii,
3042 5723 3120 5774 15.
