3912 6202
196 302 327 366 1533

1600 296 1987 358 OPUSCULA
1999 340 2013 357 .

3314 297 3449 363 1534

195 414 393 486 πατρός
423 430 540 467 σου.
572 413 685 466 Καὶ
713 412 894 477 αὐτὸς,
915 412 1010 466 καὶ
1033 413 1092 466 τὸ
1120 413 1339 484 σπέρμα
1369 429 1462 465 σου
1486 410 1769 480 κυριεύσει

1880 412 2006 464 Ιιιιιιι
2041 417 2093 465 te
2121 409 2215 464 lilii
2248 409 2422 480 patris
2454 409 2562 477 tni;
2591 410 2806 482 etipsc,
2828 418 2882 467 et
2910 427 3095 467 semen
3129 421 3284 466 tuum
3307 452 3321 476 ,
3347 412 3453 469 dn—

194 500 385 558 αὐτῶν.
419 524 437 555 ι
477 503 602 566 Πῶς
627 497 805 568 εἶπεν,
832 507 895 557 Οἱ
909 503 1165 572 ἀδελφοί
1183 521 1321 567 σου,
1355 501 1770 573 πληθυντικῶςς

192 594 432 661 καίτοιγε
465 596 566 648 οὐκ
609 594 769 664 ἔσχεν
810 596 857 647 εί
905 596 980 667 μὴ
1014 596 1111 648 ἕνα
1148 595 1375 669 ἀδελφὸν
1415 595 1503 648 τὸν
1561 594 1769 649 Ἠσαῦ·

192 683 293 741 ποῦ
319 685 376 738 δὲ
399 686 494 740 καὶ
527 686 935 757 προσεκύνησεν
965 688 994 739 6
1037 687 1208 739 Ἡσαῦ
1247 686 1325 757 τῷ
1376 686 1606 752 Ἰακώϐ;
1643 686 1771 739 τού-

192 775 399 831 ναντίον
451 776 510 830 δὲ
557 777 759 848 μᾶλλον
801 781 829 832 6
882 758 1092 831 ςἸακὼϐ
1132 778 1360 840 ἑπτάκις
1403 779 1497 831 ἐπὶ
1532 781 1630 850 τὴν
1670 779 1774 848 γῆν

192 868 601 938 προσεκύνησεν
641 868 718 939 τῷ
761 868 957 934 Ἡσαῦ,
1010 870 1106 921 καὶ
1152 854 1423 940 δεσπότην
1470 869 1767 922 ἐκάλεσεν·

190 959 282 1012 καὶ
309 959 586 1026 δεδοικὼς,
620 960 713 1014 καὶ
747 961 969 1031 τρέμων
994 960 1156 1015 αὑτὸν
1198 961 1499 1014 διετέλεσεν
1530 961 1653 1014 ὅλον
1682 962 1773 1014 τὸν

192 1051 304 1122 βίον
330 1051 518 1106 αὑτοῦ.
550 1051 734 1115 Ἀλλὰ,
766 1053 863 1106 καὶ
897 1050 1036 1123 μετὰ
1057 1051 1297 1107 τοσαῦτα
1324 1052 1419 1122 ἐτη
1447 1052 1773 1117 ἐξελθόντων

190 1143 371 1197 αὐτῶν
422 1142 484 1208 ἐξ
517 1143 820 1212 Αἰγύπτου,
872 1142 1144 1212 ἐδήλωσεν
1191 1142 1436 1212 Μωῦσῆς
1468 1142 1547 1214 τῷ
1570 1142 1771 1215 πρώτῳ

190 1237 284 1290 καὶ
317 1235 538 1309 ἄρχοντι
576 1234 688 1288 τῶν
718 1234 847 1288 υἱῶν
887 1234 1057 1287 Ἡσαῦ
1080 1274 1095 1297 ,
1131 1235 1213 1288 ὅτι
1265 1254 1285 1286 ι
1332 1234 1579 1304 Ἀδελφοί.
1617 1234 1771 1305 ὑμῶν

188 1327 360 1396 ἐσμεν
383 1341 397 1356 '
439 1325 718 1396 μηνύσατε
748 1328 880 1397 ἡμῖν
915 1325 1170 1395 διαϐῆναι
1201 1326 1362 1397 μόνον
1410 1327 1502 1380 διὰ
1537 1328 1637 1397 τῆς
1665 1328 1771 1398 γῆς

190 1417 344 1487 ὑμῶν
364 1434 379 1448 ο
406 1418 510 1489 ὀδῷ
541 1417 795 1488 βασιλικῇ
825 1417 1247 1488 πορευσόμεθα’
1279 1418 1379 1471 οὐκ
1412 1418 1770 1489 ἐκκλινοῦμεν

169 1020 185 1059 ι

185 1507 335 1571 δεξιὰ
386 1508 477 1561 καὶ
515 1507 783 1578 ἀριστερά
813 1523 829 1540 ο
876 1506 1012 1559 ἀλλὰ
1042 1506 1104 1558 τὸ
1136 1505 1279 1576 ὕδωρ
1326 1507 1425 1559 καὶ
1484 1507 1575 1559 τὸν
1605 1507 1769 1579 ἄρτον

183 1600 353 1668 τιμῆς
383 1599 756 1669 ἁγοράσομεν,
796 1597 901 1661 ἕως
946 1596 1010 1651 ἂν
1050 1597 1329 1669 διαίίὦμεν
1374 1600 1453 1660 εἰς
1498 1598 1598 1669 τὴν
1640 1599 1766 1668 γῆν,

184 1689 252 1757 ἥν
275 1689 477 1743 ἔδωκεν
515 1691 649 1760 ἡμῖν
688 1689 716 1741 6
749 1688 904 1752 Θεός.
956 1706 972 1738 ι
1006 1689 1113 1740 Καὶ
1151 1688 1519 1758 ἀντεδήλωσεν
1558 1689 1764 1757 αὐτοῖς,

1876 501 2178 555 minaberis
2207 502 2289 555 eis
2309 510 2349 555 °.
2395 521 2414 554 ι
2445 501 2733 568 Quomodo
2786 502 2961 566 dixit,
2997 502 3193 571 fratres
3225 507 3324 568 tui,
3355 522 3458 560 nn-

1876 608 2030 647 mcro
2096 594 2360 663 plurium,
2422 608 2546 647 cum
2606 609 2715 648 non
2768 594 3053 658 habuerit,
3116 594 3225 650 nisi
3286 612 3455 668 unum

1876 682 2104 737 fratrem
2166 684 2363 739 Esau?
2424 684 2517 738 ubi
2584 693 2771 739 autem
2833 686 3078 740 adoravit
3127 685 3245 755 ipse
3312 686 3456 741 Esau

1873 771 2084 828 Jacob?
2117 772 2226 827 imo
2271 781 2467 828 contra
2502 774 2685 844 potius
2716 776 2922 844 septies
2955 776 3072 845 ipse
3102 774 3271 831 Iacob
3305 777 3456 831 humi

1876 873 2083 921 stratus
2139 866 2392 922 adoravit
2450 866 2621 931 Esau,
2689 875 2743 921 et
2792 867 3075 921 dominum
3131 884 3257 922 eum
3294 884 3458 923 voca—

1875 956 1955 1009 vit
1996 966 2055 1022 P;
2093 965 2147 1011 et
2182 957 2443 1012 universo
2478 958 2601 1012 vita:
2653 974 2768 1012 sua:
2817 966 3064 1028 tempore
3097 974 3219 1014 eum
3251 958 3455 1033 timuit.

1862 1048 2074 1104 fitnon
2111 1050 2287 1105 solum
2327 1046 2461 1113 hzec‘,
2522 1051 2617 1104 sed
2649 1058 2773 1119 post
2825 1058 2905 1105 tot
2959 1065 3134 1104 annos
3186 1058 3310 1119 post
3344 1050 3460 1104 cxi-

1873 1150 1987 1195 tum
2044 1139 2397 1196 Hebraeorum
2452 1156 2517 1196 ex
2548 1140 2806 1213 Aﬂgypto,
2857 1150 3045 1210 aperte
3083 1141 3458 1212 dixitMoyscs

1873 1233 2108 1303 principi
2169 1233 2405 1287 ﬁliorum
2465 1233 2607 1288 Esau
2645 1256 2657 1288 :
2702 1253 2720 1284 ι
2764 1232 2989 1288 Fratres
3022 1234 3188 1288 vestri
3240 1248 3453 1296 sumus,

1873 1323 2181 1393 signilicate
2256 1323 2463 1386 nobis.
2542 1332 2601 1381 ut
2683 1332 3035 1379 transeamus
3102 1339 3198 1391 per
3255 1333 3461 1393 terram

1870 1422 2135 1478 vestram,
2192 1415 2284 1468 via
2318 1415 2466 1486 regia
2495 1414 2855 1484 'gradiemur;
2893 1432 3004 1468 non
3058 1415 3460 1469 declinabimus

1870 1521 1973 1561 nec
2002 1506 2070 1560 ad
2094 1507 2369 1571 dextram,
2422 1521 2522 1560 nec
2574 1506 2640 1560 ad
2677 1505 2991 1571 sinistram;
3027 1507 3122 1562 sed
3170 1520 3364 1576 panem
3405 1515 3459 1559 et

1870 1615 2070 1671 aquam
2100 1599 2275 1666 pretio
2292 1613 2560 1665 ememus,
2597 1598 2775 1653 donec
2816 1598 3206 1667 perveniamus
3238 1598 3294 1652 in
3347 1608 3459 1651 ter-

1870 1708 1991 1747 ram
2022 1708 2184 1763 quam
2214 1690 2364 1747 dedit
2394 1689 2734 1753 nobisDcns
2762 1700 2824 1757 tt;
2862 1709 2880 1741 ι
2913 1698 2968 1745 et
2998 1698 3189 1744 contra
3246 1690 3459 1759 signiﬁ-

183 1751 267 1833 ὅτι
310 1799 327 1831 ι
368 1781 501 1850 Οὐχί
525 1751 668 1834 ἠὲὰν
692 1780 917 1849 διαϐῆτε
947 1778 1035 1868 διιξι
1058 1780 1156 1850 τῆς
1180 1783 1283 1851 γῆς
1320 1751 1446 1851 μου,
1483 1751 1761 1846 ἐξελευσύλ

1880 1786 2020 1841 cavit
2076 1786 2159 1840 eis
2218 1784 2365 1839 clare
2415 1783 2722 1852 inquiens:
2778 1802 2798 1835 ι
2832 1782 3073 1847 Minime,
3136 1781 3223 1837 sin
3278 1788 3458 1849 autem

187 1871 351 1940 μεθα,
385 1872 480 1926 καὶ¹
504 1872 918 1942 ἀποκτενοῦμεν
957 1872 1123 1941 ὑμᾶς.
1162 1891 1179 1923 ι
1212 1873 1318 1925 Καὶ
1354 1873 1453 1925 οὐκ
1478 1873 1772 1944 ἀνέτρεψεν

180 1962 345 2016 τοῦτο
385 1967 413 2018 6
457 1964 611 2029 Θεὸς,
655 1964 791 2018 ἀλλὰ
835 1964 930 2019 καλ¹
980 1964 1179 2034 μᾶλλον
1231 1965 1629 2036 ὑπεκύρωσεν,
1677 1967 1772 2018 καὶ

178 2055 522 2128 ἀντέσχυρεν
542 2056 741 2126 λέγων,
769 2059 850 2111 ὅτι
888 2077 907 2110 ι
940 2056 1049 2129 Τὴν
1080 2058 1183 2126 γῆν
1212 2058 1438 2128 ταύτην,
1471 2059 1538 2130 ἢν
1566 2059 1773 2112 δέδωκα

177 2145 263 2215 τῷ
306 2147 503 2212 Ἠσαῦ,
542 2148 620 2218 μὴ
663 2148 1004 2221 πλησιάσητε
1039 2150 1254 2213 αὐτοῖς,
1294 2168 1313 2200 ι
1371 2152 1463 2202 καί¹
1503 2150 1571 2203 τὰ
1622 2149 1769 2220 ἑξῆς.

180 2236 300 2290 Ποῦ
324 2236 417 2290 οῦν
449 2238 767 2308 ἐπλήρωσεν
803 2243 832 2293 6
863 2240 996 2304 Θεὸς
1028 2239 1108 2311 τῷ
1152 2240 1374 2305 Ἰακὼϐ,
1406 2240 1442 2294 ἃ
1468 2236 1656 2305 εἶπεν,
1690 2245 1772 2296 ὅτι

186 2347 205 2379 ι
249 2330 699 2400 Προσκυνήσουσί
739 2348 820 2403 σοι
865 2332 973 2385 υἱοὶ⁸
1017 2331 1114 2385 τοῦ
1163 2334 1369 2403 πατρός
1420 2351 1550 2400 σου,
1598 2334 1693 2388 καὶ
1724 2335 1772 2388 οί

180 2417 410 2485 ἀδελφοί
451 2435 567 2486 σου,
601 2421 698 2473 καὶ
736 2401 836 2485 σίἷ,
872 2422 977 2487 καὶ,
1007 2422 1069 2475 τὸ
1104 2423 1327 2494 σπέρμα
1354 2441 1448 2475 σου
1491 2422 1773 2493 κυριεύσει

176 2508 391 2573 αὐτῶν,
433 2528 453 2560 ι
502 2511 597 2563 καὶ
639 2510 709 2563 τὰ
751 2512 1012 2580 τοιαῦτα;
1055 2514 1240 2585 Ὁρᾷς,
1289 2509 1335 2568 ὦ
1394 2516 1643 2581 Ἰουδαῖε,
1692 2517 1775 2570 ὅτι

175 2600 469 2670 πανταχοῦ
502 2602 594 2655 τὸν
636 2602 770 2655 Θεὸν
817 2603 1060 2675 ψεύστην
1099 2608 1273 2668 ποιεῖς
1317 2605 1406 2659 διὰ
1454 2609 1553 2676 τῆς
1597 2606 1776 2678 κακῆς

174 2688 485 2758 ἑρμηνείας
520 2706 614 2742 σου
670 2690 770 2743 καὶ
805 2685 1135 2757 ἀσυνεσίαςξ
1177 2692 1312 2763 Οὐχὶ
1355 2692 1413 2746 δὲ
1460 2691 1538 2762 τῷ
1575 2690 1774 2746 Ἰακὼϐ

176 2780 374 2848 φανεὶς
408 2779 438 2830 6
476 2778 630 2844 Θεὸς,
678 2781 844 2850 ἡνίκα
887 2782 1189 2835 ἐπάλαισεν
1233 2783 1353 2852 μετ’
1385 2782 1577 2844 αὑτοῦ,
1619 2778 1773 2836 εἶπεν

174 2864 355 2935 αὐτῷ,
373 2865 455 2917 ὅτι
496 2885 514 2916 ι
547 2864 681 2919 Ἀπὸ
704 2866 800 2919 τοῦ
822 2868 917 2920 νῦν
949 2870 1133 2922 ούκέτι
1155 2869 1490 2939 κληθήσεται
1513 2871 1572 2923 τὸ
1600 2870 1773 2938 ὄνομά

175 2971 277 3007 σου
325 2953 546 3019 Ἰακὼϐ,
593 2955 731 3011 ἀλλὰ
791 2959 1043 3029 ’ῐσραήλς
1108 2977 1127 3009 ι
1170 2960 1271 3015 καὶ
1311 2960 1574 3029 μυριάκις
1627 2962 1770 3031 μετὰ

173 3045 357 3100 ταῦτα
394 3048 491 3113 καὶ
515 3049 544 3100 6
582 3048 740 3114 Θεὸς,
776 3049 870 3103 κα).
910 3052 943 3120 ἡ
993 3051 1212 3122 Γραφὴ,
1245 3053 1342 3104 καὶ
1379 3052 1542 3115 αὐτὸς
1576 3052 1771 3105 ἑαυτὸν

188 3138 396 3192 Ἰακὼϐ
431 3140 713 3196 ἐκάλεσεν.
743 3142 808 3192 Τί
840 3136 934 3194 οὖν
968 3141 1029 3194 ού
1056 3141 1528 3209 διαπεπτώκασιν,
1560 3143 1655 3195 καὶ
1684 3142 1775 3195 οῦ-

174 3245 288 3293 τως
329 3232 468 3283 εἰσὶν
501 3231 820 3286 ἀϐέϐαιοιοί
845 3232 996 3301 λόγοι
1030 3232 1126 3285 τοῦ
1157 3231 1331 3294 Θεοῦ;

249 3320 315 3373 Β.
365 3321 503 3375 Ἀλλ’
534 3321 668 3390 ἐγὼ,
695 3323 896 3392 φησὶν,
925 3322 1043 3392 εἰμὶ
1069 3325 1097 3376 6
1126 3322 1238 3385 υἱὸς
1263 3321 1359 3375 τοῦ
1405 3322 1645 3394 Ἰσραὴλ,
1680 3323 1776 3376 καὶ⁸

172 3412 306 3482 ἐμοὶ
342 3413 400 3465 αἱ
428 3413 777 3482 ἐπαγγελίαι.

245 3503 320 3557 Δ.
360 3504 523 3573 Ούχί’
576 3504 691 3558 ἀλλ’
718 3504 831 3573 ἐγώ
874 3506 991 3570 εἰμι
1045 3506 1073 3558 6
1111 3505 1206 3558 τοῦ
1258 3502 1477 3575 Ἰσραὴλ
1508 3504 1641 3567 υίός.
1686 3504 1774 3556 Ἐν

169 3595 287 3648 τίνι
320 3593 433 3666 γὰρ
465 3596 557 3649 ἐπὶ
588 3596 665 3666 τῷ
709 3596 927 3667 Ἰσραὴλ
955 3598 1335 3668 ὲγκαυχᾶσαι;
1369 3598 1450 3649 ὅτι
1480 3597 1579 3668 τὴν
1610 3596 1773 3668 τρίχα

172 3686 349 3756 ἔσχεν
402 3686 598 3758 οὔλην,
658 3688 691 3759 ἢ
750 3687 813 3741 τὸ
876 3689 1039 3759 σῶμα
1110 3688 1367 3759 μέγιστος
1432 3688 1583 3760 παρὰ
1647 3691 1773 3751 τοὺς

172 3778 382 3840 ἄλλους
423 3773 514 3849 ἦν,
560 3779 593 3850 ἦ
637 3779 968 3849 κράτιστος,
1010 3779 1043 3852 ἦ
1092 3778 1558 3852 παρηλλαγμένην
1606 3778 1768 3850 ἔσχεν

181 3871 455 3941 μορφὴνς

248 3960 318 4013 Β.
352 3959 485 4029 Οὐχί
509 3975 524 3990 ⁸
555 3960 672 4013 ὰλΥ
697 3961 780 4013 ὄτι
805 3959 1065 4030 Θεοσεϐὴς
1096 3954 1187 4032 ἦν.

244 4051 319 4104 Α.
351 4052 464 4113 Πᾶς
480 4045 572 4105 οὖν
584 4051 860 4125 Θεοσεϐὴς,
880 4054 977 4107 καὶ
999 4052 1258 4123 θεοφιλὴς
1282 4053 1351 4120 ⁸⁸,
1384 4054 1509 4119 τοὺς
1536 4054 1773 4126 τρόπους

1876 1876 2236 1947 transieritis,
2286 1890 2350 1930 ex
2404 1884 2547 1931 terra
2582 1890 2702 1929 mea
2734 1874 3105 1945 cgrediemur,
3141 1882 3197 1927 et
3242 1871 3460 1927 occide-

1874 1985 1999 2023 mus
2030 1983 2128 2022 vos
2161 1976 2209 2020 τ.
2254 1984 2273 2017 ι
2312 1967 2373 2020 Et
2406 1981 2516 2020 nou
2556 1966 2780 2019 invertit
2810 1965 2916 2021 hoc
2950 1964 3117 2030 Deus,
3148 1964 3245 2020 sed
3277 1963 3460 2034 potius

1874 2058 2226 2114 continuavit
2264 2069 2318 2110 et
2347 2057 2635 2111 roboravit
2664 2054 2811 2112 Deus
2841 2055 3099 2125 inquiens
3129 2073 3142 2107 :
3172 2074 3192 2106 ι
3229 2053 3457 2110 Terram

1873 2150 2017 2204 hanc
2044 2147 2169 2202 dedi
2202 2146 2371 2210 Esau,
2403 2163 2472 2201 ne
2499 2147 2957 2218 apprOpianetis
2981 2146 3030 2202 ei
3057 2157 3104 2213 ο,
3152 2165 3173 2199 ι
3226 2153 3281 2201 et
3337 2160 3461 2216 qua:

1876 2249 2209 2311 sequuntur.
2270 2237 2377 2294 Ubi
2426 2239 2594 2308 igitur
2640 2240 2889 2310 implevit
2920 2238 3064 2294 Deus
3091 2254 3213 2309 quae
3249 2237 3463 2294 dixerat

1876 2329 1981 2399 ipsi
2008 2326 2185 2383 Iacob
2213 2345 2227 2383 :
2265 2347 2284 2380 ‹
2315 2328 2439 2384 Filii
2476 2330 2652 2400 patris
2683 2329 2759 2383 tui
2812 2329 3128 2385 adorabunt
3157 2337 3244 2395 te;
3275 2336 3332 2383 et
3360 2336 3420 2383 tu
3441 2367 3459 2393 ,

1876 2429 1930 2477 et
1957 2436 2143 2476 semen
2196 2429 2352 2477 tuum
2402 2423 2774 2489 dominaberis
2802 2424 2919 2489 eis;
2954 2442 2973 2476 ι
3016 2432 3073 2479 et
3119 2424 3226 2478 alia
3276 2422 3462 2494 hujus-

1878 2511 2070 2567 modi?
2118 2512 2308 2578 Vides,
2334 2512 2544 2577 Judaee,
2582 2514 2731 2584 quod
2764 2514 2971 2586 ubique
3006 2513 3201 2579 Deum,
3241 2525 3464 2586 propter

1875 2618 2105 2675 pravam
2144 2604 2658 2676 interpretationem
2718 2615 2773 2661 et
2820 2606 3242 2677 intelligentiam
3308 2605 3463 2660 Scri-

1870 2704 2060 2766 pturaa,
2093 2698 2417 2753 mendacem
2456 2698 2636 2753 facis?
2663 2696 2857 2753 Nonne
2882 2714 3010 2753 eum
3037 2698 3178 2754 Deus
3209 2700 3463 2767 apparuit

1875 2786 2046 2842 Jacob
2067 2796 2122 2843 et
2150 2803 2276 2843 cum
2301 2804 2368 2843 eo
2405 2790 2748 2854 luctabatur,
2782 2789 2926 2843 dixit
2955 2808 2967 2842 :
3008 2809 3026 2841 ι
3062 2788 3181 2843 Jam
3204 2790 3464 2858 deinceps

1877 2892 1985 2931 non
2016 2880 2256 2948 amplius
2306 2881 2592 2935 vocabitur
2644 2896 2846 2936 nomen
2905 2890 3062 2935 tuum
3110 2880 3301 2947 Jacob,
3363 2882 3460 2936 sed

1876 2963 2043 3022 Israel
2072 2966 2123 3018 t?
2162 2984 2180 3017 ι
2221 2975 2276 3021 et
2308 2975 2492 3022 tamen
2534 2968 2738 3022 millies
2769 2976 2825 3024 et
2855 2968 3024 3034 Deus,
3059 2978 3116 3024 et
3150 2968 3460 3040 Scriptura,

1874 3067 1929 3114 et
1958 3059 2191 3129 ipsemet
2222 3075 2282 3115 se
2313 3060 2489 3129 ipsum
2521 3062 2828 3117 nominavit
2858 3061 3053 3118 Jacob.
3085 3062 3226 3130 Quid
3260 3063 3463 3135 igitur?

1877 3164 2058 3205 annon
2090 3151 2447 3216 deciderunt,
2486 3161 2649 3222 atque
2689 3154 2761 3207 ita
2818 3154 3025 3207 inﬁrmi
3084 3165 3138 3209 et
3176 3156 3463 3211 instabiles

1878 3239 2008 3294 facti
2039 3247 2170 3293 sunt
2198 3255 2487 3295 sermones
2524 3241 2656 3295 Dei?
2806 3230 2827 3245 “

1947 3418 2008 3471 Β.
2034 3418 2102 3471 At
2129 3431 2251 3486 ego,
2288 3415 2492 3485 inquit,
2524 3430 2645 3469 sum
2680 3413 2824 3469 ﬁlius
2863 3412 3063 3481 lsrael;
3093 3421 3147 3468 et
3173 3414 3303 3468 mihi
3336 3429 3465 3486 pro-

1876 3509 2171 3564 missiones
2206 3506 2363 3563 factae
2386 3514 2538 3562 sunt.

1946 3603 2013 3658 A.
2064 3599 2318 3666 Minime;
2351 3600 2461 3652 imo
2490 3613 2589 3670 ego
2620 3614 2742 3653 sum
2778 3600 2925 3656 ﬁlius
2952 3598 3143 3657 lsrael.
3171 3598 3291 3666 Qua
3318 3598 3464 3654 enim

1877 3708 1936 3748 re
1972 3693 2040 3747 de
2065 3691 2233 3747 israel
2267 3699 2323 3743 tu
2360 3689 2658 3760 gloriaris?
2699 3690 2848 3759 quod
2882 3689 2986 3744 fuit
3017 3687 3221 3757 capillo
3254 3687 3465 3759 crispo,

1873 3783 1959 3839 vel
1983 3781 2222 3835 maximo
2247 3795 2480 3849 corpore
2496 3795 2609 3850 prm
2627 3780 2774 3847 aliis,
2802 3780 2883 3833 vel
2911 3778 3355 3844 robustissimus,
3380 3776 3467 3833 vel

1875 3874 2136 3933 dissimili
2162 3873 2374 3929 forma?

1947 3967 2007 4022 Β.
2050 3966 2316 4032 Minime;
2361 3964 2461 4023 sed
2497 3964 2628 4034 quia
2670 3972 2789 4018 erat
2830 3962 2956 4033 pius
2993 3963 3049 4016 in
3094 3960 3287 4015 Deum.

1945 4062 2009 4113 A.
2045 4056 2241 4114 Omnis
2280 4059 2455 4129 igitur
2482 4056 2665 4111 cultor
2713 4055 2827 4121 Dei,
2879 4065 2935 4110 et
2985 4054 3094 4109 Deo
3125 4053 3347 4121 cbarus,
3382 4061 3467 4107 est

182 4142 417 4214 Ἰσραὴλ
431 4144 601 4205 σέϐων
627 4145 723 4199 καὶ
779 4145 1031 4214 ἀγαπῶν,
1064 4146 1227 4215 λέγω,
1256 4147 1338 4201 ὅτι
1369 4148 1509 4235 Υίόςι
1531 4150 1648 4218 εἰμι
1675 4148 1771 4202 τοῦ

1880 4150 2046 4206 Israel
2078 4158 2133 4205 et.
2167 4150 2316 4204 ﬁlius
2347 4148 2602 4203 Abrahae.
2637 4147 2781 4212 Quid
2804 4147 2972 4214 igitur
2996 4146 3239 4210 miraris,
3266 4145 3337 4207 si,
3368 4144 3463 4214 qui

183 4235 419 4307 Ἰσραὴλ
449 4234 864 4309 ἐξομοιούμενος
887 4238 1177 4308 αύτσρζτοῖς
1208 4240 1435 4311 τρόποις
1464 4234 1560 4294 καὶ
1581 4243 1648 4313 τῇ
1680 4241 1772 4294 πί-

1880 4240 2047 4314 Deum
2086 4240 2257 4297 Israel
2286 4241 2413 4293 colo
2469 4247 2522 4292 et
2562 4238 2754 4307 diligo,
2801 4238 2930 4291 dico
2976 4253 3064 4290 me
3115 4251 3236 4291 esse
3288 4235 3460 4289 ﬁlium

173 4340 329 4380 στει.
350 4324 561 4396 Ὠσπερ
579 4326 690 4399 γὰρ
711 4327 768 4381 al.
792 4327 1034 4397 εὐλογίαι
1052 4324 1193 4400 ἦσαν
1211 4329 1302 4383 τοῦ
1321 4329 1491 4383 Ἡσαῦ
1506 4329 1601 4383 τοῦ
1620 4349 1772 4403 πρω-

1880 4331 2062 4399 Israel,
2094 4331 2141 4385 si
2177 4328 2423 4384 moribus
2479 4337 2534 4382 et
2563 4328 2666 4382 lide
2695 4326 3118 4381 similitudinem
3142 4325 3263 4393 ejus
3283 4324 3463 4394 expri-

170 4416 452 4481 τοτόκου,
505 4416 676 4471 ἐλθὼν
722 4419 779 4472 δὲ
845 4419 1062 4487 Ἰακὼϐ,
1123 4423 1219 4475 καὶ
1265 4420 1435 4477 εἰπὼν
1477 4421 1558 4491 τῷ
1605 4423 1776 4494 πατρλ⁵

1880 4423 2012 4491 mo?
2046 4421 2203 4476 Sicut
2256 4418 2674 4475 benedictiones
2721 4416 2867 4471 Esau
2902 4415 3122 4485 quidem
3182 4413 3463 4482 primoge—
3546 4452 3561 4464 .

171 4507 387 4562 αὐτοῦ’
437 4528 455 4560 ι
496 4509 637 4579 Ἐγώ
695 4512 812 4580 είμι
858 4512 1072 4579 Ἠσαῦ,
1118 4534 1136 4567 ι
1184 4514 1258 4586 μὴ
1294 4513 1399 4568 ὣντ
1428 4514 1635 4581 Ἡσαῦ,
1678 4517 1777 4577 τὰς

1880 4512 1978 4566 niti
2016 4519 2196 4576 erant,
2229 4512 2328 4564 sed
2358 4510 2750 4564 cumvenissct
2773 4506 2944 4561 Jacob
2973 4514 3028 4561 et
3056 4504 3288 4559 dixisset
3318 4504 3460 4573 patri

171 4597 443 4663 εὐλογίας
486 4598 697 4663 ἔλαϐεν,
741 4602 838 4654 καὶ
865 4603 926 4655 οὐ
976 4602 1305 4676 μετέτρεψεν
1360 4605 1532 4668 αὐτὰς
1578 4605 1777 4658 Ἰακὼϐ

1880 4614 2001 4664 suo,
2038 4618 2058 4650 ι
2092 4597 2205 4668 Ego
2231 4614 2352 4652 sum
2388 4596 2528 4650 Esau
2562 4608 2610 4660 ιι,
2662 4615 2679 4646 ι
2718 4610 2841 4650 cum
2884 4608 2995 4647 non
3031 4600 3203 4654 esset,
3235 4591 3463 4647 benedi-

171 4686 308 4737 οὐδὲ
355 4687 495 4754 μετὰ
513 4686 576 4739 τὸ
626 4686 819 4757 νοῆσαι
874 4691 973 4759 τὴν
1011 4690 1227 4760 ἀπάτην
1254 4707 1269 4723 ο
1299 4690 1443 4744 οὕτω
1486 4691 1643 4760 κάγώ
1698 4710 1778 4745 σοι

1880 4692 2090 4747 ctiones
2113 4691 2256 4753 tulit,
2288 4697 2467 4745 etnon
2494 4688 2661 4759 389
2694 4686 2928 4740 mutavit
2957 4701 3050 4740 eas
3082 4685 3258 4749 Isaac,
3289 4698 3463 4752 neque
3487 4716 3513 4742 .

171 4776 458 4848 λαμϐάνω
497 4778 598 4847 τὰς
616 4781 955 4850 ἐπαγγελίας
994 4782 1192 4851 λέγων,
1228 4784 1342 4848 υίὸς
1381 4786 1653 4856 ὑπάρχειν
1677 4785 1774 4839 τοῦ

1886 4796 2179 4857 postquam
2210 4786 2437 4856 agnovit
2468 4785 2780 4839 fallaciam:
2808 4782 2889 4837 sic
2916 4797 3020 4852 ego
3052 4779 3463 4835 benedictiones

186 4867 446 4940 Ἰσραήλ·
1886 4890 2012 4933 tuas
2046 4879 2276 4949 accipio,
2304 4893 2429 4934 cum
2465 4866 2551 4931 uie
2589 4876 2714 4932 dico
2742 4889 2867 4929 esse
2896 4874 3063 4928 ﬁlium
3098 4872 3285 4928 lsrael.

1779 4969 1871 5023 XI.

177 5053 503 5124 Θεοδώρου
564 5058 673 5112 τοῦ
727 5057 1077 5126 Ἀϐουκαρᾶ,
1127 5059 1275 5128 πρὸς
1342 5061 1769 5130 Νεστοριανόν.

1887 5062 2149 5127 Theodori
2204 5062 2468 5115 Abucarm
2524 5058 2984 5130 Dialoguscontra
3050 5054 3458 5109 Nestorianum.

862 5184 869 5187 ι
1428 5155 1718 5217 (Francisco
1743 5157 1984 5219 Turriano
2018 5155 2342 5219 interprete.)

434 5239 477 5288 A
517 5237 550 5287 ό
590 5236 964 5304 Ὀρθόδοξος,
1001 5240 1493 5307 ΒΝεστοριανός.

2197 5241 2259 5294 Α.
2296 5238 2627 5295 Catholicus.
2678 5236 2742 5291 Β.
2782 5235 3155 5290 Nestorianus.

258 5328 334 5380 Δ.
372 5327 467 5388 Τίς
501 5322 658 5379 εἶπεν
679 5344 694 5360 ο
734 5347 752 5379 ι
811 5328 999 5398 Ἑδόοη
1033 5347 1123 5400 μοι
1158 5332 1307 5384 πᾶσα
1340 5330 1560 5394 ἐξουσία
1594 5333 1654 5385 ἐν
1687 5335 1778 5385 οὑ-

1949 5333 2015 5389 Δ.
2051 5331 2186 5399 Quis
2217 5332 2393 5386 dixit:
2430 5350 2449 5382 ι
2489 5330 2623 5384 Data
2678 5336 2762 5385 est
2797 5327 2929 5381 mihi
2988 5326 3165 5379 omnis
3220 5329 3461 5394 potestas

274 5466 309 5498 °
338 5462 477 5517 Gen.
506 5480 676 5527 xxvii,
705 5464 791 5520 29.
877 5477 903 5515 P
925 5466 1286 5534 Gen.,xxxttt,
1317 5468 1371 5522 5.
1442 5478 1468 5516 q
1498 5465 1663 5523 Num.
1701 5483 1816 5530 XXI,
1848 5466 1953 5534 22;
1987 5468 2145 5525 Deut.
2173 5484 2232 5533 ιι,
2256 5467 2452 5522 27-29.
2537 5475 2553 5497 '
2575 5465 2887 5527 ibid.25,5l‘.
2908 5465 2928 5489 ⁵
2957 5461 3232 5531 Deut.n,¥'i.
3267 5460 3286 5495 ί
3314 5457 3450 5513 Gen.

179 5549 381 5599 xxx",
411 5536 503 5587 ‘28.
617 5542 641 5569 υ
675 5535 814 5588 Gen.
840 5551 1018 5599 xxvu,
1050 5538 1133 5591 l9.

1486 5628 1715 5683 VARle
1750 5629 2151 5686 LEC'I‘IONES.

222 5698 271 5727 δ’
314 5696 445 5750 Gud.
486 5698 680 5750 Bavur.
718 5697 966 5751 mutilus.
