3912 6202
261 298 390 362 1537

1653 291 2039 353 OPUSCULA
2052 336 2064 349 .

257 415 344 468 ml.
382 411 463 480 τῷ
505 405 795 478 Ἀγαρηνῷ
843 404 1204 459 ὑποδεικνύων
1257 401 1430 471 ἔλεγε,
1477 403 1555 456 ὅτι
1607 403 1634 454 ὀ
1686 403 1811 466 Θεὸς

1932 403 2067 458 sicut
2130 411 2318 457 contra
2376 402 2656 474 Agarenos
2705 405 3104 461 demonstravit
3161 407 3305 476 quod
3352 408 3494 467 Deus

255 505 378 559 Υίὸν
401 505 536 574 ἔχει.

318 593 452 652 Εἶτα
486 595 649 649 πάλιν
672 591 920 665 ἠρώτησε
942 589 1032 642 τὸν
1057 588 1414 660 Νεστοριανὸν
1449 588 1820 659 ὁὈρΟόδοξοςο

1922 494 2148 549 haberet
2199 494 2420 550 Filium.

1991 581 2206 637 Rursus
2267 582 2624 653 interrogavit
2693 582 3078 640 Nestorianum
3129 586 3489 644 Catholicus:

263 693 319 743 Ὀ
335 689 591 761 Χριστὸς,
608 688 727 758 ἤτοι
745 686 773 739 ὀ
795 683 893 738 ἄνθ
904 699 1104 754 ρωπος,
1121 683 1177 734 ἐν
1197 685 1263 753 τῇ
1283 680 1462 752 κοιλίᾳ
1477 681 1576 750 τῆς
1599 680 1811 752 Μητρὸς

1932 672 2193 735 Ξιηὶειυε,
2220 674 2272 728 id
2307 686 2410 738 est,
2435 675 2600 730 homo
2631 675 2684 730 in
2710 684 2898 731 ventre
2930 676 3121 733 Matris
3149 694 3259 733 sua:
3288 693 3494 750 cogno-

253 781 413 835 αύτοῦ
447 781 713 852 ἐγνώρισε
739 777 832 831 τὸν
866 775 999 829 Θεὸν
1037 774 1241 843 Λόγον,

319 875 380 925 Β.
432 873 590 942 Οὐχί.
645 871 779 924 Τότε
835 870 884 921 οἱ
951 867 1199 928 συνόντες
1244 865 1392 936 αὐτῷ
1443 864 1817 936 Νεστοριανοὶ,

1917 767 1995 820 vit
2031 764 2200 818 Deum
2241 765 2514 820 Verbum?

1990 857 2050 908 Β.
2088 855 2462 926 Nequaquam.
2522 855 2676 912 Tunc
2734 856 3067 925 Nestoriani,
3116 860 3209 929 qui
3241 861 3491 924 aderant,

219 966 571 1035 ,βλάσφημον
628 961 974 1033 ἡγησάμενοι
1019 957 1081 1010 τὸ
1145 957 1318 1028 ῥῆμα,
1367 957 1709 1027 ἐπετίμησαν
1743 955 1811 1026 τᾷ

1932 947 2170 1002 arbitrati
2203 947 2598 1017 blasphemiam
2627 963 2767 1011 esse,
2811 950 2957 1018 quod
2994 966 3314 1019 responsum
3352 959 3490 1012 erat,

251 1053 348 1122 τῆς
407 1051 669 1122 αἱρέσεως
721 1047 900 1102 αὐτῶν
958 1043 1387 1113 ὑπερασπίζοντι
1446 1041 1659 1112 ἐξάρχω
1692 1044 1814 1095 ἐπι-

252 1143 418 1212 στίχῳ
468 1141 622 1204 τάξιν
672 1137 944 1207 ἐπέχοντι,
976 1134 1072 1188 καὶ
1095 1134 1410 1203 ἀπέστησαν
1444 1133 1536 1185 ἀπ’
1561 1132 1745 1186 αὑτοῦ.

437 1363 663 1426 Ἄλλος
703 1358 984 1427 διάλογος
1009 1357 1160 1424 πρὸς
1195 1358 1620 1426 Νεστοριανόν.

1802 1263 1946 1319 XIV.

1923 1038 2391 1108 reprehenderunt
2423 1039 2596 1102 illum,
2634 1040 2724 1108 qui
2762 1039 3013 1101 haeresim
3051 1039 3282 1096 Nestorii
3307 1040 3502 1096 delen-

1926 1130 2123 1197 debat;
2153 1138 2206 1187 et
2233 1131 2605 1187 disccsserunt
2636 1131 2705 1186 ab
2738 1147 2823 1186 eo.

2321 1356 2580 1427 Dialogus
2616 1373 2734 1411 cum
2767 1355 3116 1415 Nestoriano.

1400 1471 1684 1534 (Francisco
1704 1471 1943 1522 Turriano
1967 1472 2288 1534 interprete.)

318 1589 377 1639 Β.
411 1584 510 1638 Διὰ
539 1583 592 1637 τί
639 1585 933 1638 Θεοτόκον
961 1580 1059 1650 τὴν
1109 1581 1330 1652 Μαρίαν
1371 1580 1688 1652 ὀνομάζετε,
1725 1581 1820 1634 καὶ

1987 1581 2046 1635 Β.
2081 1579 2262 1646 Quare
2309 1578 2533 1632 Mariam
2603 1579 2891 1632 Tlieotocon
2940 1580 3260 1645 nominatis,
3295 1589 3487 1637 etnon

245 1678 366 1746 οὐχὶ
400 1676 596 1746 μᾶλλον
624 1673 1026 1743 Χριστοτόκον
1043 1687 1061 1736 ;
1084 1671 1363 1735 ἀπόδειξον
1393 1673 1456 1725 ἐκ
1482 1673 1578 1742 τῆς
1597 1670 1811 1744 Γραφῆς

1932 1674 2098 1741 potius
2153 1670 2568 1726 Christotocon?
2598 1671 2907 1726 demonstra
2964 1688 3030 1729 ex
3076 1674 3372 1743 Scripturis
3400 1690 3490 1730 ro-

242 1767 344 1838 τὴν
379 1765 669 1820 Θεοτόκου
703 1764 906 1833 φωνήν.

315 1859 380 1911 Α.
425 1855 730 1920 Ἀπόδειξον
757 1853 813 1907 δέ
847 1871 936 1924 μοι
975 1853 1038 1904 σὺ
1069 1851 1190 1922 τὴν,
1221 1853 1618 1919 Χριστοτόκος
1650 1891 1664 1905 .

1917 1776 2036 1817 cem
2063 1761 2378 1815 Theotocos.
2443 1833 2447 1835 _

1987 1854 2053 1909 A.
2090 1853 2414 1908 Demonstra
2440 1861 2494 1906 tu
2534 1851 2664 1906 mihi
2688 1866 2874 1906 vocem
2909 1851 3288 1907 Chrislatocos.

315 1950 375 2002 Β.
407 1948 538 2002 Ναί·
579 1946 672 2000 τοῦ
716 1945 826 2015 γὰρ
865 1943 1040 2014 Ἰησοῦ
1074 1944 1311 2014 Χριστοῦ
1341 1945 1374 2016 ἡ
1424 1945 1678 2016 γέννησις
1715 1941 1809 1996 οῦ-

1987 1945 2050 1999 Β.
2075 1941 2266 1997 Nonne
2295 1939 2422 1996 Jesu
2452 1941 2656 1996 Christi
2689 1943 2974 2011 generatio
3005 1943 3085 1996 sic
3119 1944 3275 1998 erat?
3305 1963 3323 1996 ‹
3353 1943 3487 1998 Cum

241 2058 355 2104 τως
378 2036 465 2110 ἦν·
505 2058 523 2091 ι
566 2037 1014 2108 Μνηστευθείσης
1037 2036 1141 2106 γὰρ
1166 2036 1264 2105 τῆς
1309 2035 1531 2105 Μητρὸς
1559 2033 1748 2099 αὑτοῦ,
1788 2052 1806 2086 ι

240 2131 343 2185 καὶ
409 2132 476 2184 τὰ
544 2128 690 2200 ἑξῆς.
761 2126 972 2181 Οὐκοῦν
1037 2129 1070 2195 ἡ
1132 2126 1222 2178 τὸν
1301 2125 1512 2196 Ἰησοῦν
1582 2125 1816 2196 Χριστὸν

239 2223 586 2292 γεννήσασα,
647 2219 828 2290 δῆλον,
896 2219 978 2272 ὅτι
1045 2209 1444 2285 Χριστοτόὸιος
1508 2217 1815 2286 ὀνομασθή-

243 2327 425 2365 σεται.

317 2397 382 2450 A.
425 2395 565 2463 Ἐγὼ
592 2395 692 2464 τὴν
723 2397 906 2465 φωνὴν
937 2395 1107 2466 αὐτὴν
1157 2395 1334 2466 ῥητῶς
1377 2395 1678 2466 λεγομένην
1717 2398 1819 2449 ἀπ-

240 2487 443 2555 ῄτησα,
472 2486 608 2554 ὅπερ
642 2486 737 2538 καὶ
769 2486 832 2538 σὺ
862 2485 982 2556 τὴν,
1033 2485 1340 2550 Θεοτόκος,
1370 2484 1499 2554 παρ’
1533 2484 1664 2554 ἐμοῦ
1689 2485 1816 2557 ἐζή-

192 2612 196 2614 -
239 2592 440 2644 τησας.
468 2576 533 2628 Εἰ
579 2575 638 2627 δὲ
664 2575 840 2646 τούτῳ
895 2574 972 2645 τῷ
1009 2574 1198 2644 τρόπῳ
1230 2576 1328 2645 τὴν
1355 2575 1629 2640 ἀπόδειξιν
1662 2577 1814 2646 ποιῇ,

236 2664 403 2733 κάγὼ
441 2667 530 2719 διὰ
553 2665 766 2736 μυρίων
797 2668 863 2720 ἐκ
907 2666 1006 2735 τῆς
1051 2666 1273 2735 Γραφῆς
1315 2669 1568 2735 χρήσεων
1598 2666 1815 2719 ἀποδει-

234 2759 424 2811 κνύων
473 2757 606 2810 Θεὸν
650 2758 744 2810 τὸν
795 2757 1048 2827 Χριστὸν,
1085 2757 1565 2825 συναποδείκνυμι,
1593 2759 1676 2810 ὅτι
1724 2759 1816 2810 καὶ

233 2855 273 2922 ἡ
303 2849 464 2904 αὐτὸν
483 2846 744 2911 τεκοῦσα,
769 2850 1056 2911 Θεοτόκος
1074 2847 1277 2914 ὀφείλει
1294 2847 1676 2916 ὀνομάζεσθαι·
1699 2847 1816 2910 πῶς

230 2942 352 3010 γὰρ
384 2940 445 2992 οῦ
473 2937 787 3006 Θεοτόκοςή
817 2936 948 2989 Θεὸν
992 2937 1104 2988 υἱὸν
1130 2935 1356 3005 ἔχουσα;
1393 2937 1423 3005 ἢ
1456 2936 1596 3001 εἰπὲ,
1656 2936 1814 3007 εἴπερ

230 3033 470 3102 τολμᾷς,
500 3033 567 3101 τῇ
599 3029 693 3082 τοῦ
724 3027 989 3098 βασιλέως
1023 3027 1212 3097 μητρὶ,
1256 3028 1338 3078 ὅτι
1378 3026 1490 3079 Οὐκ
1519 3027 1814 3096 ἐγέννησας

230 3121 498 3190 βασιλέα,
532 3119 626 3173 καὶ
652 3117 866 3172 ὅτιούκ
895 3113 945 3169 εῐ
979 3117 1165 3186 μήτηρ
1191 3116 1286 3169 τοῦ
1316 3115 1598 3184 βασιλέως.
1633 3116 1731 3168 Διὰ
1759 3116 1812 3168 τί

225 3211 297 3263 δὲ
324 3208 666 3278 καλουμένου
698 3205 864 3258 αὐτοῦ
914 3204 1090 3275 Ἰησοῦ
1123 3203 1382 3274 Χριστοῦ,
1406 3204 1467 3256 ού
1503 3205 1681 3265 καλεῖς
1714 3205 1814 3273 τὴν

225 3300 477 3372 Μητέρα
501 3298 666 3353 αὐτοῦ
709 3297 1131 3365 Ἰησουτόκον,
1162 3295 1296 3348 ἀλλὰ
1319 3295 1561 3365 ὑπερϐὰς
1592 3295 1685 3347 τοῦ
1718 3294 1812 3363 Ἰησ

227 3391 338 3444 σοῦ
381 3390 573 3459 ὀνομα,
600 3386 888 3457 ὀνομάζεις
922 3384 1092 3455 αὐτὴν
1112 3384 1546 3452 Χριστοτόκονξ;
1570 3384 1708 3453 ὅπερ
1755 3381 1812 3436 δέ

224 3481 304 3534 σὺ
348 3479 618 3548 ἐποίησας
662 3478 757 3530 ἐπὶ
794 3475 889 3530 τοῦ
918 3474 1117 3542 Ἰησοῦ
1147 3474 1407 3543 ὀνόματος
1438 3469 1812 3543 παραδραμὼν

219 3573 401 3637 αὐτὸ,
453 3570 548 3623 καὶ
601 3569 663 3623 τὸ
708 3567 967 3636 Χριστὸς
1029 3565 1407 3635 ἐκλεξάμενος,
1459 3564 1617 3617 τοῦτο
1657 3563 1811 3631 κάγὼ

216 3660 521 3730 πεποίηκα
567 3655 940 3728 παραδραμὼν
973 3655 1034 3708 τὸ
1083 3654 1336 3724 Χριστὸς
1384 3653 1571 3724 ὄνομα,
1608 3657 1699 3707 καὶ
1753 3653 1814 3706 τὸ

219 3752 394 3816 Θεὸς
422 3748 782 3818 ἐκλεξάμενος
803 3748 864 3800 τὸ
897 3746 1134 3818 πρῶτον,
1167 3747 1258 3800 καὶ
1294 3747 1502 3818 κύριον,
1546 3749 1638 3800 καὶ
1664 3746 1812 3814 ἐξαία

219 3861 423 3916 ρετον.
474 3843 570 3895 Ἐκ
606 3843 712 3912 γὰρ
743 3840 838 3894 τοῦ
865 3840 1168 3910 κρείττονος
1204 3839 1422 3910 μέρους,
1469 3840 1568 3893 οὐκ
1597 3842 1660 3893 ἐκ
1716 3840 1809 3894 τοῦ

1917 2037 2062 2093 enim
2094 2037 2420 2105 desponsata
2453 2043 2601 2090 esset
2628 2034 2800 2088 Mater
2869 2033 2990 2103 ejus
3019 2043 3065 2098 ι,
3112 2054 3131 2086 ι
3166 2042 3219 2090 et
3255 2053 3359 2108 qux
3399 2053 3488 2092 se-

1917 2134 2181 2198 quuntur.
2215 2125 2387 2194 Igitur
2421 2139 2544 2194 qua:
2575 2123 2764 2194 genuit
2789 2122 2972 2179 .Icsum
3013 2123 3316 2190 Christum,
3355 2141 3490 2181 sane

1916 2217 2272 2273 Christotocos
2309 2216 2703 2271 nominabitur.

1985 2396 2050 2450 A.
2087 2394 2200 2465 Ego
2257 2394 2401 2449 hanc
2445 2408 2658 2460 vocem,
2711 2407 2972 2462 expresse
3025 2391 3230 2446 dictam
3299 2393 3486 2461 petivi,

1917 2485 2060 2540 sicut
2085 2494 2140 2538 tu
2179 2499 2364 2540 vocem
2393 2483 2702 2538 Theotocos.
2727 2482 2884 2547 Quod
2922 2482 2969 2536 si
2999 2481 3064 2535 ad
3098 2483 3241 2535 hunc
3269 2483 3488 2535 modum

1917 2575 2286 2638 demonstras,
2320 2589 2420 2645 ego
2448 2574 2612 2630 etiam
2643 2588 2767 2628 cum
2814 2573 3038 2626 inﬁnitis
3070 2571 3490 2627 aucroritatibus

1919 2665 2213 2736 Scriptura:
2239 2666 2516 2721 Christum
2548 2666 2713 2720 Deum
2732 2680 2855 2722 esse
2873 2664 3062 2733 probo,
3091 2664 3248 2718 simul
3291 2664 3487 2732 probo,

1917 2772 2038 2826 quae
2068 2758 2244 2827 ipsum
2279 2757 2512 2826 peperit,
2547 2755 2744 2811 debere
2778 2756 3072 2810 Tlieotucon
3117 2755 3407 2817 nominari,
3435 2762 3492 2808 et

1917 2850 2189 2918 quomodo
2223 2864 2330 2902 non
2404 2847 2690 2902 Theotocos
2721 2848 2948 2902 dicenda
2978 2856 3082 2908 est.
3134 2861 3256 2916 qua:
3319 2846 3488 2900 Deum

1917 2938 2083 2991 ﬁlium
2121 2938 2332 2993 habet?
2375 2947 2470 2992 aut
2513 2939 2622 3004 dic,
2658 2939 2704 2993 si
2732 2929 2921 3003 audes,
2962 2938 3121 2991 matri
3154 2937 3336 3006 regis:
3367 2935 3490 2990 Non

1914 3030 2149 3099 genuisti
2178 3045 2382 3102 regem,
2429 3045 2604 3100 neque
2639 3038 2812 3083 mater
2851 3029 2994 3099 regis
3024 3045 3103 3084 es.
3149 3029 3328 3094 Quare
3363 3043 3488 3083 cum

1914 3132 2143 3176 vocetur
2179 3119 2340 3176 Jesus
2402 3119 2678 3183 Christus,
2723 3135 2830 3174 non
2890 3134 3051 3175 vocas
3102 3119 3326 3175 Matrem
3367 3121 3488 3190 ejus

1915 3209 2218 3276 Jesutocon,
2259 3212 2353 3266 sed
2411 3212 2594 3279 potius
2641 3211 3011 3279 praetermisso
3044 3213 3221 3280 primo
3268 3213 3490 3268 nomine

1841 3322 1884 3381 ο
1915 3300 2043 3356 Jesu
2119 3316 2281 3356 vocas
2310 3300 2468 3370 39],
2524 3315 2640 3355 eam
2677 3299 3086 3355 Christotocou?
3125 3300 3280 3364 Quod
3322 3303 3488 3371 igitur

1921 3399 1980 3446 tu
2013 3391 2188 3446 fecisti
2216 3391 2270 3444 in
2314 3391 2539 3445 nomine
2591 3389 2770 3454 Jesus,
2801 3405 2923 3443 cum
2958 3392 3234 3458 prwtcrito
3268 3393 3487 3447 nomine

1912 3482 2063 3546 Iesu,
2101 3497 2298 3536 nomen
2369 3480 2569 3535 Christi
2617 3480 2852 3549 elegisti,
2902 3481 3004 3534 hoc
3035 3495 3134 3550 ego
3169 3483 3331 3535 etiam
3356 3483 3482 3549 feci,

1914 3573 2286 3644 pratermisso
2338 3572 2559 3626 nomine
2589 3569 2855 3637 Christus,
2888 3585 3087 3625 nomen
3139 3571 3282 3626 Deus
3346 3573 3484 3644 elegi

1913 3665 2176 3734 primum,
2205 3673 2260 3716 et
2287 3660 2591 3730 proprium,
2616 3668 2669 3714 et
2690 3659 2984 3714 excellens.
3016 3660 3061 3712 A
3089 3661 3312 3715 meliore
3340 3663 3482 3717 enim

1915 3761 2088 3823 parte,
2121 3767 2231 3806 non
2265 3767 2293 3804 a
2320 3751 2532 3806 minore
2561 3750 2948 3820 appellationes
2982 3750 3136 3814 ﬁunt,
3171 3765 3234 3805 ac
3263 3753 3481 3807 nomina

1913 3843 2270 3912 imponuntur
2299 3841 2457 3897 abiis
2487 3839 2786 3910 praesertim
2840 3841 2931 3910 qui
2956 3841 3196 3908 laudant,
3218 3851 3272 3898 et
3311 3843 3484 3899 hono-

3364 297 3493 361 1538
3584 284 3590 291 '

211 3938 504 4007 χείρονος,
540 3937 595 3988 αἱ
616 3933 977 4004 προσηγορίαι
992 3931 1249 3992 τίθενται,
1286 3933 1379 3985 καὶ
1404 3932 1638 4002 μάλιστα
1663 3931 1813 3999 παρὰ
1912 3948 2036 3988 rare
2066 3932 2274 3988 volunt.

211 4029 346 4080 τῶν
377 4025 763 4088 ἐπαινούντων,
795 4026 892 4078 καὶ
911 4025 1076 4094 τιμᾷν
1101 4023 1462 4094 βουλομένων.

303 4121 375 4171 Β.
415 4118 556 4171 Ἀλλ’
592 4117 687 4170 ἐὰν
723 4116 863 4168 εἴπω
897 4115 1204 4180 Θεοτόκος,
1239 4115 1488 4184 ἐμφαίνω
1515 4117 1606 4169 τὸν
1638 4118 1811 4171 Πατέ·

210 4229 327 4281 pa,
385 4209 480 4260 xui.
499 4207 589 4260 τὸν
608 4206 754 4270 Υίὸν,
789 4206 882 4260 καὶ
911 4205 970 4258 τὸ
1006 4204 1160 4273 ἅγιον
1189 4204 1414 4274 Πνεῦμα
1443 4205 1503 4272 ἐξ
1526 4207 1692 4278 αὐτῆς
1718 4226 1812 4277 γε·

204 4300 557 4370 γεννῆσοαι.
601 4298 658 4352 '0
703 4297 812 4368 γὰρ
862 4298 1018 4364 Θεὸς¹
1046 4296 1331 4361 ἁπολύτως
1367 4299 1680 4372 λεγόμενος,
1736 4303 1810 4371 μὴ

205 4391 522 4460 ἐπιφέρων
565 4390 625 4444 τὸ
657 4391 1016 4444 ὑποστατικὸν
1070 4391 1267 4462 ἰδίωμα
1299 4392 1398 4460 τῆς
1452 4395 1809 4464 πατρότητος,

202 4486 245 4555 ἢ
326 4481 431 4535 τοῦ
487 4481 828 4552 Πνεύματος,
878 4484 976 4554 τὴν
1037 4484 1198 4552 ἁγίαν
1245 4483 1372 4554 ὅλην
1428 4485 1632 4556 Τριάδα
1683 4489 1812 4558 ἐσή-

205 4593 438 4648 μανεν.

1985 4139 2045 4192 Β.
2086 4137 2156 4189 At
2189 4136 2235 4190 si
2301 4135 2426 4189 dico
2483 4132 2798 4196 Theotocon,
2849 4134 3117 4206 signiﬁco,
3154 4138 3391 4204 Patrem,
3430 4149 3485 4195 et

1911 4228 2130 4292 Filium,
2160 4235 2214 4282 et
2250 4224 2518 4296 Spiritum
2558 4233 2806 4278 sanctum
2835 4240 2898 4279 ex
2931 4228 3048 4294 ipsa
3095 4229 3309 4295 genitos
3341 4245 3481 4284 esse.

1912 4319 2015 4385 Qui
2047 4318 2191 4373 enim
2226 4315 2482 4370 absolute
2505 4315 2638 4367 dicit
2671 4313 2827 4376 Deus,
2859 4323 2910 4368 et
2940 4331 3044 4369 non
3078 4316 3283 4370 indicat
3319 4319 3485 4389 hypo-

1913 4410 2163 4466 staticam
2198 4406 2587 4477 preprietatem
2632 4405 2995 4474 paternitatis,
3036 4415 3132 4459 aut
3186 4406 3482 4470 ﬁliationis,

1913 4508 2008 4553 aut
2036 4498 2277 4568 Spiritus
2303 4497 2502 4562 sancti,
2565 4503 2735 4548 totam
2773 4493 3097 4549 Trinitatem
3133 4496 3480 4565 signiﬁcavit.

293 4692 380 4744 Δ.
415 4688 528 4741 Οὐκ
574 4688 803 4759 εἴρηκας
833 4689 1050 4760 ἀληθὲς,
1086 4691 1223 4743 ἀλλὰ
1257 4691 1617 4761 προφασίζεις
1673 4710 1810 4764 προσ

1988 4700 2050 4752 Α.
2107 4697 2481 4765 Nequaquam,
2542 4695 2686 4764 quod
2755 4695 2917 4761 dicis,
2949 4711 3135 4750 verum
3184 4705 3306 4766 est;
3351 4701 3484 4768 quin

202 4783 444 4852 φάσεις
479 4783 534 4834 ἐν
572 4781 889 4852 ἁμαρτίαις·
917 4783 1037 4835 ἐπεὶ
1068 4783 1340 4850 ἀνάγνωθι
1387 4783 1487 4853 τὴν
1519 4785 1692 4856 ἀρχὴν
1722 4786 1811 4854 τῆς

1932 4791 2097 4861 )οιὶιιδ
2147 4804 2381 4845 excusas
2443 4787 2821 4842 excusationes
2898 4787 2949 4840 in
3019 4790 3284 4857 peccatis.
3344 4791 3488 4865 Lege

201 4872 386 4942 πρὸς
431 4869 740 4940 Ῥωμαίους
781 4870 1100 4940 Ἐπιστολῆς
1125 4870 1359 4924 Παύλου.

1932 4882 2059 4936 :nim
2089 4880 2417 4950 principium
2453 4879 2706 4948 Epistola:
2737 4877 2802 4931 ad
2835 4876 3132 4933 Romanos.

299 4963 376 5014 Β.
431 4977 451 5010 ι
493 4959 703 5022 Παῦλος
730 4959 915 5023 δοῦλος
961 4960 1132 5029 Ἰησοῦ
1172 4961 1408 5032 Χριστοῦ
1452 4962 1647 5033 κλητὸς
1679 4965 1817 5017 ἁπό-

198 5053 438 5112 στολος
461 5050 846 5123 ἀφωρισμένος
873 5052 951 5113 εἰς
969 5051 1299 5119 Εὑαγγέλιον
1327 5053 1482 5108 Θεοῦ.
1511 5072 1530 5106 ο

294 5144 381 5194 Α.
431 5139 497 5192 Τί
555 5145 724 5206 ἐστιν,
781 5134 935 5203 οὗτος
981 5142 1008 5193 ὀ
1063 5141 1214 5208 Θεὸς,
1277 5143 1446 5213 ήγουν
1502 5147 1628 5199 ποία
1689 5147 1817 5200 ὑπό-

195 5252 471 5299 Graux;

293 5328 382 5380 B.
424 5325 485 5377 Ἢ
518 5325 690 5396 Τριὰς
718 5326 835 5396 ὅλη.

1986 4971 2048 5024 Β.
2083 4990 2100 5024 ι
2133 4970 2336 5024 Paulus
2395 4985 2584 5024 servus
2629 4968 2758 5024 Jesu
2819 4968 3021 5025 Christi
3070 4983 3385 5041 segregatus
3426 4970 3478 5027 in

1915 5063 2271 5133 Evangelium
2314 5059 2405 5116 Dei
2438 5069 2489 5113 Υ.
2531 5080 2548 5112 ι
3030 5132 3035 5136 _

1985 5157 2048 5208 A.
2079 5154 2218 5221 Quid
2256 5164 2339 5208 est
2379 5153 2482 5207 iste
2511 5151 2698 5207 Deus?
2729 5159 2782 5206 et
2803 5151 2982 5222 qualis
3017 5164 3245 5222 persona
3272 5151 3294 5204 ?

1988 5329 2044 5381 Β.
2075 5328 2210 5382 Tota
2245 5329 2506 5382 Trinitas.

1985 5424 2050 5475 A.
2094 5423 2259 5476 Recte
2291 5422 2554 5477 mentitus
2584 5436 2644 5476 es
2677 5420 2730 5474 in
2770 5427 2936 5488 caput
2996 5427 3168 5473 tuum.
3197 5418 3336 5491 Lege
3362 5436 3484 5490 quae

1915 5522 2240 5580 sequuntur.

291 5421 380 5471 Λ.
437 5417 641 5487 Ὀρθῶς
703 5417 915 5487 ἐψεύσω
970 5418 1110 5472 κατὰ
1161 5418 1258 5487 τῆς
1308 5417 1500 5472 ἐαυτοῦ
1556 5420 1814 5491 κεφαλῆς.

204 5506 559 5574 Ἀννάγνωοι
593 5506 664 5561 τὰ
693 5506 943 5578 ἐχόμενα.

302 5708 338 5738 2
371 5697 555 5752 Matth.
594 5716 631 5764 ι,
672 5699 760 5753 18.
869 5670 1080 5753 γ’ῐὶοιιι.
1115 5716 1151 5761 ι,
1185 5702 1236 5755 1.
