3912 6202
432 246 565 311 1ῑ›19

422 465 546 520 qth
587 464 684 518 per
720 448 1073 517 superficiem
1110 447 1300 503 carnis
1330 458 1459 503 sunt
1508 451 1564 505 in
1626 454 1777 523 poris
1826 460 1991 509 cutis.

422 543 634 598 Deinde
665 556 794 611 pars
832 539 1020 595 carnis
1051 540 1419 611 prepinquior
1449 544 1587 611 aeri,
1638 561 1701 599 ex
1737 548 1996 603 membris

418 633 759 697 attrahebat,
789 631 994 702 quibus
1037 632 1443 703 appropinquat
1488 648 1616 703 pars
1665 652 1729 692 ex
1761 652 1866 706 qua
1896 654 1997 692 aer

414 723 678 777 hauritur
720 740 736 789 ;
786 731 840 776 et
879 721 969 775 illa
1009 721 1255 777 membra
1278 723 1646 778 extrahebant
1677 740 1745 779 ex
1797 726 1994 781 vacuis

417 813 808 884 receptaculis,
845 812 1048 882 quibus
1073 827 1290 882 semper
1341 813 1731 883 suppeditatur
1757 832 1824 870 ex
1857 832 1993 871 con-

417 909 673 963 veniente
723 906 988 960 alimento
1029 905 1443 975 digestimqua:
1473 922 1541 960 ex
1567 908 1720 961 venis
1745 909 1991 977 ipsorum

415 992 790 1055 membrorum
842 997 912 1052 ab
950 996 1150 1065 hepate
1182 996 1474 1062 educitur;
1514 1012 1672 1052 venae
1707 1010 1891 1053 autem
1924 1013 1992 1053 ex

415 1090 652 1159 hepate;
684 1089 854 1158 hepar
877 1102 1008 1143 vero
1033 1101 1097 1142 ex
1118 1088 1332 1165 duabus
1352 1089 1528 1155 venis,
1555 1104 1677 1159 qua:
1700 1106 1763 1144 ex
1790 1099 1996 1143 stoma-

415 1183 520 1235 cho
535 1180 828 1243 oriuntur;
854 1179 937 1232 hae
957 1179 1080 1232 duae
1101 1194 1251 1233 venze
1277 1179 1573 1233 trahebant
1591 1195 1654 1234 ex
1686 1180 1993 1236 stomacho.

415 1273 754 1327 Stomachus
789 1271 961 1341 igitur
1010 1272 1335 1326 exiuanitus
1371 1272 1608 1340 requirit
1658 1279 1715 1325 ut
1779 1274 1993 1326 extrin-

415 1380 576 1419 secus
616 1363 1002 1433 suppeditetur
1025 1362 1365 1416 alimentum.
1401 1362 1516 1416 iloc
1552 1362 1735 1428 modo,
1770 1362 1994 1427 fratres,

411 1466 623 1511 πίει·ηο
662 1454 805 1509 Filio
838 1454 1041 1508 accidit
1068 1451 1266 1509 fames.
1291 1451 1589 1507 Voluntate
1622 1454 1766 1509 enim
1796 1454 1994 1519 libera,

413 1564 523 1602 non
559 1546 895 1602 necessitate
946 1545 1189 1598 naturali
1224 1544 1481 1599 esurivit.
1535 1544 1708 1614 Cujus
1756 1544 1833 1598 rei
1880 1545 1998 1599 evi-

409 1639 550 1694 dens
606 1646 993 1707 argumentum
1050 1645 1135 1690 est
1203 1636 1374 1706 quod.
1438 1652 1563 1691 cum
1625 1634 1991 1706 quadraginta

409 1730 608 1785 diebus
644 1736 697 1783 et
738 1727 998 1783 noctibus
1039 1726 1368 1797 jejunasset,
1418 1734 1608 1795 postea
1657 1726 1879 1781 esuriit.
1930 1726 1989 1782 Si
2024 1712 2064 1766 Β

408 1821 559 1875 enim
598 1834 694 1873 aer
726 1825 1056 1889 potestatem
1091 1820 1145 1871 in
1181 1832 1403 1872 carnem
1437 1817 1560 1887 ejus
1593 1816 1897 1879 habuisset,
1931 1827 1990 1872 ut

410 1916 464 1967 in
498 1926 719 1967 carnem
778 1910 1051 1980 cujusque
1107 1917 1382 1976 nostrum,
1440 1924 1551 1963 non
1608 1924 1779 1963 unum
1819 1907 1985 1973 diem,

363 2047 366 2051 .
408 2002 493 2056 vel
524 2000 689 2063 duos,
729 2000 814 2054 vel
840 2010 954 2054 tres
993 1999 1378 2070 transegisset,
1411 2013 1699 2069 quousque
1728 1998 1987 2063 esuriret,

409 2093 554 2148 sicut
584 2090 793 2146 factum
838 2091 893 2145 in
927 2106 995 2147 eo
1023 2107 1149 2147 esse
1185 2091 1452 2149 videmus.
1493 2092 1598 2147 Sed
1634 2093 1858 2163 quando
1890 2106 1989 2147 vo-

409 2187 591 2249 lebat,
657 2184 1012 2254 permittebat
1068 2191 1280 2269 naturae
1349 2193 1407 2238 ut
1471 2200 1593 2254 quae
1651 2191 1812 2240 erant
1867 2186 1988 2254 ejus

406 2286 735 2350 operaretur
820 2285 875 2332 et
929 2278 1268 2332 ostenderet.
1303 2277 1468 2347 380
1515 2275 1780 2330 Similiter
1820 2275 1985 2330 etiam

408 2379 642 2425 mortem
675 2369 874 2425 volens
900 2368 1192 2424 sustinuit.
1227 2367 1431 2421 Audite
1456 2368 1586 2437 quid
1623 2367 1739 2437 ipsa
1766 2364 1988 2421 Veritas

407 2460 476 2515 de
508 2476 568 2515 se
601 2458 795 2514 dicat:
836 2457 1212 2514 IPotestatem
1252 2456 1429 2511 habeo
1468 2455 1705 2525 ponendi
1748 2456 1986 2510 animam

409 2564 610 2615 meam,
664 2558 717 2605 et
748 2554 1079 2619 potestatem
1117 2546 1298 2602 habeo
1330 2546 1527 2602 iterum
1557 2546 1805 2601 sumendi
1840 2560 1984 2600 eam.

408 2640 474 2693 Et
504 2655 667 2695 nemo
703 2640 848 2695 tollit
883 2639 1124 2693 animam
1157 2651 1331 2691 meam
1365 2651 1395 2689 a
1426 2637 1576 2692 mei.
1612 2655 1631 2689 ι
1684 2634 1756 2691 Ut
1800 2644 1985 2692 autem

407 2732 636 2797 clarius,
669 2747 789 2802 qua
823 2731 1106 2796 dicuntur,
1151 2728 1497 2800 intelligatis,
1534 2728 1652 2783 haec
1680 2728 1899 2784 addam.

476 2910 697 2980 Corpus
772 2908 902 2963 Adre
952 2894 1151 2978 purum
1202 2907 1273 2962 ab
1326 2908 1483 2973 omni
1533 2907 1657 2962 labe
1714 2906 1988 2964 formasse

408 3002 576 3056 Deum
632 2998 928 3073 [formavit
958 2994 1165 3069 Deus],
1226 2996 1397 3052 nullis
1456 2998 1805 3054 naturalibus
1859 2986 2054 3068 pas-C

404 3090 680 3158 sionibus,
723 3102 754 3142 a
809 3087 968 3158 culpa
1019 3086 1354 3143 vacantibus
1411 3087 1748 3142 necessitate
1798 3086 1987 3157 subje-

410 3195 580 3244 ctum,
612 3189 671 3235 ut
701 3177 922 3243 mortis,
952 3184 1007 3232 et
1038 3178 1105 3233 iis
1136 3177 1484 3247 passionibus
1530 3192 1655 3247 quae
1705 3186 1836 3232 sunt
1863 3188 1989 3234 ante

407 3282 665 3339 mortem,
720 3280 774 3327 et
827 3287 950 3341 quae
976 3279 1101 3342 post
1152 3278 1404 3327 mortem.
1454 3272 1748 3342 Postquam
1803 3281 1987 3330 autem

406 3364 581 3419 Adam
608 3380 707 3421 sua
740 3364 1026 3420 voluntate
1061 3364 1306 3421 divinum
1340 3364 1660 3420 mandatum
1710 3367 1986 3434 transivit,

405 3465 459 3509 et
490 3454 594 3510 sub
632 3463 856 3526 peccato
883 3454 1106 3521 cecidit,
1161 3463 1217 3511 et
1255 3456 1500 3525 pollutus
1536 3466 1647 3524 est,
1700 3460 1990 3529 passiones

1645 245 2037 307 Tl-IEODORI
2088 248 2459 310 ABUCARA’.
2830 215 2851 219 ﬁ
3098 310 3105 311 κ
3412 278 3497 347 1520

424 374 582 414 suam
625 356 877 426 excipere
912 354 1021 411 vim
1065 354 1229 425 aeris,
1266 364 1329 411 ut
1365 372 1459 413 aer
1515 358 1607 413 illa
1649 363 1981 430 exprimeret

2109 363 2233 416 σθαι
2281 364 2531 434 δύναμιν,
2584 364 2720 418 ὥστε
2749 366 2829 422 τὸν
2856 366 2977 442 ἀέρα
3015 374 3137 429 κατὰ
3169 378 3249 450 τὴν
3270 382 3325 437 ξπ

3330 407 3500 448 “thm

2111 405 2233 416 νν...
2283 405 2531 434 ..-μη-..η
2584 405 2720 418 wvvb
2757 405 2828 422 -υι
2856 405 2977 442 κει-ω.
3016 405 3137 429 nqu
3170 405 3249 450 ῐην
3270 405 3500 456 intimum,“

2099 455 2297 542 αίηῆς,
2351 460 2408 509 ἐν
2459 459 2574 521 τοῖς
2609 455 2685 528 τῷ
2727 458 2935 529 δέρματι
2971 465 3139 536 πόροις
3179 470 3502 542 ἀναμάττεσθιιθ

2097 541 2230 640 εἶτα
2255 547 2329 640 τὸ
2361 550 2787 640 προσεχέστερον
2820 552 2893 621 τῷ
2915 554 3025 640 ἀέρι
3066 558 3152 628 τῆς
3180 541 3340 632 σαρκὸς
3365 570 3507 640 μέρος,

2096 637 2187 730 ἐκΔ
2210 637 2342 730 τῶν
2353 639 2534 730 μελῶν
2556 729 2564 730 7
2590 642 2861 694 ἐπεσπᾶτο
2901 638 2975 707 οἷς
3005 645 3063 699 ἂν
3099 649 3349 719 ἐμπελὰζει
3379 637 3509 730 μέρος,

2095 725 2188 793 ἀφ’
2214 719 2277 777 οὗ
2324 729 2352 781 ὁ
2390 728 2500 799 ἀὴρ
2542 729 2823 799 ἀνιμᾶται,
2858 732 3062 786 κάκεῖνα
3086 736 3178 789 τῶν
3202 741 3339 793 κενῶν

2093 818 2460 907 χωρήμάτων,
2507 814 2586 883 οἷς
2632 820 2716 873 ἀεὶ
2760 824 3050 892 χορηγεῖταί
3089 843 3162 891 τις
3206 829 3352 895 ἐνυλος
3377 838 3423 889 ἐκ
3446 841 3514 907 τῆς

2093 906 2431 978 καταλλήλου
2468 910 2677 979 τροφῆς
2717 911 2974 976 ἀνάδοσις,
3004 914 3110 983 ἥτις
3142 917 3195 969 ἐκ
3222 919 3308 972 τῶν
3336 906 3513 994 Eunaeu-

2092 996 2264 1050 κυιῶν
2291 998 2476 1062 αὐτοῖς
2504 998 2612 1052 ἀπὸ
2640 1000 2733 1053 τοῦ
2762 1002 2957 1072 ἥπατος
3001 1003 3235 1067 ἐξείλκετο
3260 1011 3446 1078 φλεϐῶν
3477 1017 3516 1069 αί

2094 1088 2152 1141 δὲ
2190 1088 2391 1160 φλέϐες
2440 1092 2505 1143 ἐκ
2551 1090 2645 1144 τοῦ
2688 1092 2925 1161 ἥπατος·
2954 1092 3011 1145 τὸ
3034 1095 3084 1147 δὲ
3106 1088 3230 1166 ἧπαρ
3258 1101 3308 1151 ἐκ
3341 1102 3421 1156 τῶν
3451 1105 3518 1159 δῦο

2095 1182 2311 1253 φλεϐῶν
2364 1183 2474 1237 τῶν
2543 1184 2654 1237 ἀπὸ
2691 1187 2785 1239 τοῦ
2842 1186 3095 1257 στομάχου
3141 1190 3411 1260 ἐκφυομένων
3450 1196 3521 1252 δύο

2095 1274 2293 1343 φλέϐες
2343 1269 2503 1329 αὗται
2562 1277 2626 1329 ἐκ
2677 1275 2773 1329 τοῦ
2826 1276 3083 1347 στομάχου
3137 1279 3390 1347 ἁφείλκοντο.
3439 1283 3521 1337 Κεο

2093 1366 2353 1437 νούμενος
2395 1366 2488 1420 οὖν
2532 1368 2561 1420 ὁ
2613 1367 2888 1440 στόμαχος
2932 1368 3024 1438 τὴν
3063 1368 3227 1433 ἔξωθεν
3260 1371 3332 1440 τῆς
3363 1375 3519 1445 τροφῆς

2092 1456 2349 1529 ἐπεζήτει
2379 1457 2664 1530 χορηγίαν.
2692 1459 2849 1513 Κατά
2868 1457 3047 1512 τοῦτον
3064 1454 3144 1513 οὖν
3160 1459 3328 1528 ἀδελφοὶ
3342 1460 3407 1514 τὸν
3426 1463 3521 1532 τρό-

2093 1563 2217 1615 πον,
2243 1547 2322 1617 τῷ
2350 1548 2506 1619 ἀϊδίῳ
2534 1548 2650 1619 Υίῷ
2685 1548 3023 1619 συμϐέϐηκεν
3045 1551 3074 1619 ἡ
3098 1552 3244 1602 πεῖνα.
3269 1549 3520 1619 Αὐτεξουσίῳ

2093 1640 2201 1712 γὰρ
2250 1639 2527 1710 βουλήσει,
2578 1632 2679 1695 οὐκ
2708 1642 2922 1712 ἀνάγκῃ
2957 1642 3142 1710 φυσικῇ
3189 1640 3436 1703 ἐπείνασεν,
3459 1640 3528 1691 καὶ

2094 1730 2285 1785 τούτου
2312 1731 2583 1796 ἀπόδειξις
2617 1732 2875 1802 ἐναργὴς,
2907 1732 2990 1784 ὅτε
3018 1730 3359 1800 τεσσαράκοντα
3380 1726 3531 1797 ἡμέρας

2094 1821 2379 1892 διαμείνας
2408 1823 2682 1888 ἀπόσιτος,
2738 1823 2962 1894 ὕστερον
3005 1821 3263 1875 ἐπείνασεν.
3298 1819 3351 1871 Εἰ
3376 1819 3458 1887 γὰρ
3484 1819 3537 1877 ὡς

2096 1912 2336 1983 ἑκάστης
2366 1914 2474 1966 τῶν
2506 1914 2796 1985 ἡμετέρων
2829 1913 3060 1984 σαρκῶν,
3088 1911 3167 1965 καὶ
3190 1910 3272 1979 τῆς
3290 1907 3422 1960 αὖτοῦ
3444 1922 3537 1976 σαρ-

2095 2001 2190 2065 κὸς
2239 2002 2553 2066 ἐξουσίαζεν
2596 2005 2625 2056 ὁ
2654 2003 2763 2074 ἀὴρ
2790 2044 2808 2071 ,
2842 2003 2942 2056 οὐκ
2993 2002 3054 2056 ἀν
3093 1999 3273 2070 ἡμέραν
3318 1994 3542 2066 διεληλύθει

2098 2092 2226 2162 μίαν
2255 2131 2272 2157 ν
2303 2092 2336 2163 ἢ
2368 2092 2461 2146 δύο
2486 2132 2501 2159 ,
2529 2093 2563 2165 ἢ
2592 2094 2742 2163 τρεῖς
2764 2133 2780 2157 ,
2814 2092 2976 2163 ἄχρις
3002 2090 3064 2147 ἂν
3098 2088 3313 2160 πεινάσῃ,
3336 2085 3477 2146 καθὼς
3502 2085 3544 2135 ἐν

2094 2182 2243 2254 αὐτῷ
2276 2183 2492 2255 δρῶμεν
2526 2184 2838 2255 γινόμενον.
2891 2183 3026 2237 Ἀλλ’
3054 2182 3134 2258 ὅτε
3156 2179 3370 2233 ἐϐούλετο
3391 2218 3404 2243 ,
3430 2174 3551 2229 ἐνεδί-

2094 2274 2186 2327 δου
2212 2277 2280 2345 τῇ
2326 2274 2488 2343 φύσει
2526 2275 2723 2345 καιρὸν
2780 2275 2851 2329 τὰ
2890 2273 3079 2343 ἑαυτῆς
3118 2272 3368 2341 ἐνεργῆσαι
3405 2266 3547 2321 καὶέν-

2094 2363 2396 2431 δείξασθαι,
2427 2365 2690 2430 ὡσαύτως
2716 2366 2813 2419 καὶ
2844 2369 2938 2418 τὸν
2964 2365 3172 2418 θάνατον
3195 2359 3317 2414 ἐκὼν
3342 2357 3549 2427 ὑπέμεινε,

2095 2458 2190 2510 καὶ
2228 2456 2399 2527 αὐτῆς
2426 2456 2524 2527 τῆς
2553 2456 2726 2518 ὅντως
2748 2456 3012 2528 ἀληθείας
3038 2453 3156 2524 περὶ
3182 2452 3328 2521 αὐτῆς
3351 2448 3472 2501 τοῦτο
3490 2444 3551 2500 λι·

2094 2546 2298 2618 γούσης
2328 2546 2555 2602 ἀκούετε
2581 2563 2594 2577 ο
2624 2567 2643 2598 ε
2698 2546 2985 2612 Ἐξουσίαν
3010 2545 3112 2613 ἔχω
3139 2542 3292 2595 θεῖναι
3322 2539 3402 2609 τὴν
3432 2535 3553 2606 ψυχήν

2099 2653 2224 2706 μου,
2256 2637 2351 2690 καὶ
2382 2636 2630 2703 ἐξουσίαν
2658 2636 2764 2706 ἔχω
2809 2636 2978 2690 πάλιν
3003 2634 3177 2688 λαϐεῖν
3210 2631 3369 2702 αὑτήν.
3398 2628 3477 2682 Καὶ
3495 2623 3559 2680 air

2094 2727 2205 2792 δεὶς
2236 2729 2384 2799 αῑρει
2412 2729 2583 2800 αὐτὴν
2611 2728 2706 2781 ἀπ’
2740 2728 2903 2799 ἐμοῦ.
2949 2747 2968 2780 ι
3012 2728 3121 2780 Ἵνα
3159 2724 3211 2776 δὲ
3239 2722 3474 2792 σαφέστερα
3507 2714 3559 2768 τὰ.

2098 2819 2366 2890 λεγόμενα
2398 2820 2796 2890 κατανοήσητε,
2820 2818 3003 2874 ταῦτα
3034 2817 3387 2890 προσθήσομαι.

2168 2909 2404 2965 Ὅτιτοῦ
2439 2911 2612 2982 Ἀδὰμ
2636 2912 2695 2964 τὸ
2717 2911 2877 2982 σῶμα
2899 2909 3138 2981 καθαρὸν
3160 2909 3259 2963 ἀπὸ
3276 2903 3432 2966 παντὸς
3450 2898 3565 2972 μολύ-

2090 3018 2295 3073 σματος
2313 3002 2549 3056 ἔπλασεν
2569 3004 2596 3056 ὁ
2618 3001 2774 3067 Θεὸς,
2798 3003 2895 3056 ὑπ’
2913 3000 3127 3065 οὐδενὸς
3145 2999 3244 3052 τῶν
3261 2994 3457 3068 φυσικῶν
3466 2994 3567 3044 ἅδεα·

2090 3094 2301 3167 ϐλήτων
2313 3094 2501 3149 παθῶν
2514 3095 2935 3164 ἀναγκαστικῶς
2950 3113 3019 3149 κυ
3028 3094 3171 3166 ριευό
3175 3107 3317 3162 μενον
3330 3086 3567 3145 θανάτοντε,

2089 3186 2185 3238 καὶ
2223 3186 2331 3239 τῶν
2369 3186 2475 3257 πρὸ
2486 3184 2580 3238 τοῦ
2614 3186 2848 3240 θανάτου
2871 3188 2970 3240 καὶ
2994 3184 3134 3256 μετά
3159 3174 3578 3243 θάνατον.Ἐκουσίᾳ

2088 3276 2144 3328 δὲ
2167 3274 2361 3347 γνώμῃ
2398 3277 2494 3329 καὶ
2537 3276 2881 3347 ἐκουσιότητι
2914 3276 3013 3329 τοῦ
3053 3275 3214 3344 Ἀδὰμ
3242 3262 3328 3342 τήν
3362 3269 3481 3323 Θείαν
3504 3279 3579 3316 τα-

2092 3367 2361 3438 ραδάντος
2389 3367 2610 3434 ἐντολὴν
2636 3407 2651 3435 ,
2683 3368 3061 3443 ὑποπεσόντος
3093 3382 3152 3419 τε
3172 3366 3236 3435 τῇ
3271 3359 3488 3433 ἁμαρτίᾳ,
3516 3354 3583 3408 καὶ

2092 3458 2471 3531 μολυνθέντος,
2488 3462 2604 3523 τοῖς
2630 3462 2891 3529 φυσικοῖς
2921 3458 3261 3529 ἀδιαϐλήτοις
3290 3449 3585 3516 ἐδουλώθητε,

2091 3551 2188 3604 καὶ
2222 3550 2627 3622 κατεκυριεύθη
2662 3550 2889 3614 πάθεσι,
2937 3549 3154 3621 Θανάτῳ
3174 3565 3231 3603 τε
3253 3587 3267 3612 ,
3303 3543 3388 3599 καὶ
3410 3540 3488 3611 τῆς
3514 3538 3592 3609 πρδ

2091 3643 2351 3707 θανάτου,
2392 3644 2486 3697 καὶ
2522 3645 2659 3715 μετά
2697 3643 2951 3699 θάνατον.
2999 3644 3162 3696 Ὅθεν
3185 3644 3211 3695 ὁ
3252 3637 3403 3706 Ἀδὰμ
3429 3630 3588 3702 πεινᾷν,

2090 3731 2184 3786 καλ⁸
2230 3731 2389 3802 διψᾷν
2417 3774 2432 3798 ,
2468 3733 2565 3786 καὶ
2611 3732 2865 3801 θνήσκειν
2901 3734 3126 3805 ἀνάγκῃ
3164 3726 3507 3790 κατεϐιάζετο,
3528 3718 3597 3773 καὶ

2091 3821 2324 3875 θάνατον
2345 3822 2379 3892 ή
2394 3820 2662 3892 διαφθορά
2679 3819 2771 3874 τοῦ
2796 3820 3060 3892 σώματος
3080 3818 3240 3873 αὑτοῦ
3262 3805 3594 3875 κατεξουσίαζει

2092 3913 2187 3966 καὶ
2215 3913 2315 3966 ὅσα
2354 3913 2564 3978 τούτοις
2609 3908 2748 3984 ἦσαν
2795 3914 2985 3984 ὃμοια.
3035 3913 3094 3964 '0
3129 3910 3306 3982 μέντοι
3346 3894 3600 3964 ἀῖδιοςΥἱὶις

2089 4003 2151 4056 τὸ
2211 4004 2524 4074 ’Δδαμιαῖον
2581 4002 2811 4057 ἀνέλαϐε
2874 4004 3064 4075 σῶμα,
3113 4002 3257 4054 τοῦτ’
3308 3997 3439 4050 ἔστιν
3481 3988 3603 4046 αὐτὸς

407 3547 691 3602 naturales
728 3562 759 3601 a
783 3547 950 3618 culpa
988 3556 1251 3603 vacantes
1283 3548 1577 3605 dominatae
1596 3558 1728 3606 sunt
1757 3552 1816 3605 in
1839 3566 1987 3621 eum,

407 3657 556 3698 mors
604 3640 845 3707 scilicet,
887 3648 943 3696 et
976 3655 1100 3713 quae
1147 3649 1277 3697 ante
1326 3652 1585 3706 mortem,
1619 3650 1675 3698 et
1715 3659 1837 3714 qua;
1869 3653 1991 3715 post

407 3738 663 3786 mortem.
697 3729 779 3786 Ob
814 3729 959 3786 hanc
1009 3745 1238 3787 causam
1294 3733 1609 3803 cogebatur.
1637 3733 1809 3789 Adam
1858 3750 1988 3790 esu-

406 3824 539 3889 rire,
572 3831 625 3879 et
650 3822 826 3888 sitire,
856 3838 921 3877 ac
953 3824 1116 3877 mori.
1155 3822 1220 3877 Et
1252 3834 1378 3894 post
1418 3837 1650 3880 mortem
1701 3826 1987 3898 corruptio

404 3916 678 3985 corporis,
733 3920 787 3968 et
818 3922 1167 3982 quaecunque
1196 3914 1282 3970 his
1321 3922 1454 3971 sunt
1489 3916 1695 3973 similia
1735 3917 1989 3973 domina-

406 4017 520 4061 tum
552 4006 608 4059 in
641 4018 766 4059 eum
801 4002 1097 4057 habebant.
1136 4002 1403 4060 Eternus
1431 4016 1614 4061 tamen
1657 4007 1828 4063 Filius
1862 4023 1991 4064 cor-

407 4114 507 4167 pus
541 4096 861 4151 Adama'um
888 4094 1216 4166 assumpsit,
1244 4095 1296 4151 id
1330 4107 1435 4165 est,
1474 4099 1591 4169 ipse
1623 4100 1729 4155 sibi
1762 4118 1829 4156 ex
1857 4116 1987 4157 san-

2093 4093 2273 4164 ἐαυτῷ
2338 4094 2403 4147 ἐκ
2460 4094 2571 4147 τῶν
2617 4093 2909 4164 ἀχράντων
2962 4092 3218 4163 αἱμάτων
3265 4091 3358 4158 τῆς
3393 4078 3605 4148 Tmarii;

406 4188 670 4260 guinibus
715 4186 1036 4258 purissimis
1094 4188 1469 4244 sanctissima:
1519 4188 1758 4261 Virginis
1805 4191 1987 4248 Mariae

2090 4185 2369 4257 Παρθένου
2403 4183 2621 4254 Μαρίας
2658 4183 2997 4237 διεπλάσατο
3042 4182 3302 4250 καθαρὸν,
3342 4179 3427 4230 καὶ
3457 4169 3607 4228 παντκ

404 4296 606 4352 corpus
656 4293 882 4350 purum,
921 4286 977 4333 et
1025 4278 1094 4332 ab
1125 4278 1274 4333 onmi
1317 4281 1533 4335 macula
1586 4281 1815 4337 liberum
1874 4283 1984 4339 for—

2095 4276 2297 4347 μύσους
2335 4276 2606 4346 ἁμαρτίας
2664 4274 2972 4343 ἐλεύθερον.
3019 4274 3210 4344 Ταύτῃ
3241 4267 3413 4338 τοιτῴ
3444 4261 3609 4364 θανάτῳ

403 4372 594 4427 mavit.
652 4370 767 4426 Hac
795 4369 866 4425 de
894 4384 1066 4426 causa
1098 4370 1433 4426 non'habuit
1479 4386 1628 4427 mors
1688 4374 1981 4443 imperium

2090 4370 2211 4422 κατ’
2248 4367 2417 4422 αὑτοῦ
2460 4368 2663 4437 κράτος
2693 4364 2792 4417 οὐκ
2826 4361 2896 4437 ἦν
2916 4405 2931 4427 ,
2963 4363 3100 4416 οὔτε
3133 4362 3243 4434 πρὸ
3266 4358 3476 4412 θανάτου
3496 4352 3611 4445 “miri

403 4467 457 4519 in
486 4479 635 4529 eum,
669 4476 772 4518 nec
799 4470 927 4517 ante
959 4470 1215 4529 mortem,
1263 4462 1435 4519 fames
1483 4464 1715 4531 scilicet,
1758 4475 1812 4519 et
1849 4466 1983 4521 alia-

2090 4458 2143 4529 δή
2174 4476 2339 4529 φημι,
2374 4459 2468 4510 καὶ
2486 4457 2594 4508 τῶν
2623 4453 2798 4508 ἄλλων
2822 4445 3082 4521 φυσικῶν
3115 4448 3441 4517 ἀδιαϐλήτων
3468 4438 3609 4539 παθῶν

392 4559 523 4608 tum
555 4554 906 4623 passionum,
943 4564 1066 4620 quae
1096 4551 1427 4620 reprehendi
1464 4567 1572 4607 non
1607 4555 1807 4623 possit,
1839 4556 1982 4611 mu].

2090 4549 2363 4619 ἐσμὸς,ὼς
2380 4546 2768 4617 ἀπεδείξαμεν·
2788 4544 2912 4597 οὔτε
2937 4545 3053 4614 μὴν
3076 4546 3146 4613 τῇ
3165 4541 3307 4612 μετά
3329 4538 3618 4626 θάνατρν

402 4645 601 4707 titudo,
633 4651 690 4697 ut
712 4642 1003 4717 docuimus
1031 4659 1046 4708 ;
1086 4659 1262 4712 neque
1285 4655 1407 4714 post
1440 4656 1671 4702 mortem
1699 4651 1986 4719 corruptio

2090 4617 2359 4709 σωμάτων
2402 4636 2670 4708 διαφθορᾷ
2694 4675 2710 4700 ,
2744 4634 2812 4706 ἢν
2850 4634 3019 4688 Δαυῒδ
3044 4636 3074 4686 ὁ
3108 4630 3394 4698 θεοπάτωρ
3419 4617 3615 4719 με)..ιῷ

401 4713 878 4805 corporum,quod
895 4734 1063 4789 David
1078 4736 1133 4788 in
1156 4709 1374 4791 iisalmo
1394 4740 1663 4808 praadixit,
1680 4709 1938 4811 inquiens
1961 4759 1977 4796 :

2090 4730 2563 4802 προανεφώνησεν,
2591 4730 2672 4781 ὅτι
2710 4746 2729 4779 ι
2765 4725 2881 4781 Οὐκ
2921 4722 3355 4793 ἐγκαταλείψεις
3373 4719 3468 4811 τὴν
3490 4709 3621 4811 timidi

406 4847 424 4879 ε
452 4828 565 4881 Νοιι
598 4827 949 4895 derelinques
984 4826 1224 4880 animam
1262 4844 1458 4884 meam.
1489 4824 1804 4888 in'inferno
1839 4848 1981 4898 ;ne-

2090 4800 2191 4894 μου
2226 4800 2315 4885 είς
2338 4819 2496 4892 ᾅδην,
2523 4818 2641 4873 οὐδὲ
2664 4815 2859 4880 δώσεις
2892 4816 2980 4869 τὸν
2998 4815 3158 4870 ὅσιόν
3183 4831 3281 4867 σου
3314 4812 3434 4865 ἰδεῖν
3448 4800 3620 4870 διαφθο-

398 4936 505 4990 que
540 4918 698 4973 dabis
738 4927 991 4973 sanctum
1021 4923 1173 4970 tuum
1203 4918 1388 4974 videre
1425 4921 1836 4991 corruptionem
1868 4920 1882 4973 i
1914 4963 1928 4978 .
1954 4940 1973 4975 ι
2087 4915 2206 4986 ράν·
2253 4932 2271 4964 ι

471 5007 579 5063 Sed
624 5006 757 5078 quid
804 5022 868 5063 ea
922 5021 1046 5078 qua:
1096 5006 1165 5081 ab
1217 5007 1340 5062 aliis
1373 4984 1610 5067 decursa
1665 5022 1814 5082 sunt,
1853 5015 1984 5070 sub-

2090 4984 2098 4986 ν
2154 5006 2220 5058 Τί
2258 5005 2322 5076 δή
2367 5022 2455 5075 μοι
2490 5004 2558 5057 τά
2603 5003 2996 5072 πεπερασμένα
3034 5001 3395 5059 ὑποτάττειν,
3433 4989 3549 5046 ἀλλὰ
3572 4984 3624 5053 μὴ

395 5103 604 5173 jiciam,
643 5112 698 5156 et
724 5103 851 5169 {non
907 5100 1091 5170 potius
1142 5102 1463 5156 summatim
1501 5102 1724 5160 dicam?
1775 5121 1981 5179 corpus

2090 5099 2387 5171 συλλήϐδην
2413 5100 2588 5169 ἐρεῖν;
2614 5097 2696 5150 ὅτι
2720 5095 2780 5150 τὸ
2800 5095 2894 5148 τοῦ
2919 5094 3098 5148 ἀϊδίου
3130 5093 3272 5146 Υίοῦ
3304 5090 3479 5160 σῶμα,
3498 5086 3630 5149 at”?

395 5191 608 5247 scilicet
632 5190 827 5246 aeterni
857 5188 983 5245 Filii
1013 5204 1044 5244 a
1078 5188 1352 5261 principio
1383 5183 1497 5247 sua:
1546 5178 1891 5252 formationis
1917 5206 1971 5253 et

2090 5195 2183 5267 χῆς
2217 5193 2314 5262 τῆς
2347 5189 2543 5244 ἑαυτοῦ
2573 5187 2935 5249 διαπλάσεως,
2962 5185 3065 5239 καὶ
3089 5185 3200 5257 τῆς
3235 5182 3363 5238 καθ’
3390 5178 3630 5267 ὑπόστασιν

396 5280 620 5339 unionis
651 5282 1014 5353 hypostaticzn
1037 5281 1159 5337 sine
1185 5282 1539 5352 confusione,
1572 5285 1971 5355 perfectissime

2090 5286 2173 5339 τοῦ
2198 5284 2367 5338 ἀϊδίου
2393 5279 2524 5334 Υἱοῦ
2553 5277 2858 5349 ἀσυγχύτου
2892 5275 3175 5341 ἐνώσεως,
3206 5274 3311 5347 τὴν
3340 5262 3633 5328 τελειοτάτην

397 5374 710 5432 deiiicatum
739 5388 889 5440 esse,
939 5381 993 5428 et
1027 5374 1232 5429 factum
1281 5376 1399 5432 sine
1452 5380 1755 5434 mutatione
1815 5380 1968 5435 illum

2090 5375 2288 5443 ἐθεώοη
2308 5373 2525 5435 θέωσιν,
2549 5369 2643 5424 καὶ
2668 5369 2890 5438 γέγονεν
2907 5365 3217 5436 ἀτρέπτως
3238 5365 3382 5433 ὅπερ
3396 5361 3455 5413 τὸ
3466 5355 3634 5443 χρὶσξῑςθν

398 5469 487 5539 ’μή
523 5465 704 5533 unxit,
748 5472 803 5521 et
850 5465 1025 5521 audeo
1053 5464 1240 5522 dicere
1271 5467 1516 5538 ὁμόθεον.
1562 5468 1765 5525 Verum
1805 5480 1965 5527 aeter-

2090 5472 2170 5522 ιαι
2202 5437 2388 5537 θαρρῶ
2424 5463 2628 5532 λέγειν,
2665 5437 2905 5532 δμόθεον.
2942 5456 3087 5510 Ἀλλ’
3132 5459 3163 5510 ὁ
3192 5456 3372 5519 ἀΐδιος
3400 5449 3520 5511 Υἱὸς
3543 5437 3631 5494 tet-

476 5648 487 5685 ί
525 5644 684 5700 Joan.
730 5647 899 5707 x,13.
1016 5657 1028 5695 t
1082 5646 1226 5700 Psal.
1276 5663 1361 5707 xv,
1394 5648 1479 5699 Ιετ.
