3912 6202
369 417 498 486 1521

1725 419 2138 481 'OPUSCULA.

3472 419 3606 484 1522

363 535 507 589 λοντι
533 533 794 587 ἐνέδωκεν
822 532 968 604 αὑτῷ
998 532 1228 602 διάγειν,
1268 534 1408 587 κατὰ
1442 534 1540 604 τὴν
1574 533 1682 587 τῶν
1715 532 1926 603 ἀνθρω-

2038 548 2135 586 nus
2174 529 2344 586 Filius
2381 531 2571 587 volens
2608 529 2885 586 concessit
2930 530 2979 585 ei
3027 529 3227 601 degere
3250 530 3417 587 vitam
3455 549 3607 590 more

365 623 535 676 πίνων
559 625 826 694 σωμάτων
845 625 1144 693 διαγωγὴν,
1169 627 1254 680 ἵνα
1270 625 1360 680 τὸν
1386 627 1483 697 μὲν
1504 627 1748 681 διάϐολον
1772 626 1930 699 λάθῃ,

361 713 460 782 τῆς
482 713 538 765 δὲ
569 713 734 765 αὑτοῦ
755 713 1022 782 σωτηρίου
1044 714 1357 784 οἰκονομίας
1379 716 1607 784 γένηται
1628 715 1892 778 πίστωσις
1915 732 1929 746 ο

363 806 460 859 καὶ
496 806 780 876 πειραθείη
808 807 916 859 τῶν
941 806 1727 878 σκυθρωπῶν,καὶδέξηταιτά
1761 807 1930 877 πάθη,

362 895 454 948 καὶ
501 894 593 947 τὸν
627 895 854 949 θάνατον
887 897 1030 966 ὑπὲρ
1071 897 1234 967 ἡμῶν
1277 897 1548 968 ὑπομείνῃ
1589 897 1837 968 ἀληθείᾳ,
1870 899 1931 951 οὑ

364 987 653 1058 φαντασίᾳ.
685 987 796 1056 Πλη
807 988 988 1057 ρώσας
1011 987 1068 1040 δέ
1095 988 1270 1040 πᾶσαν
1289 987 1454 1041 αὐτοῦ
1481 989 1578 1058 τὴν
1602 988 1930 1058 οἰκονομίαν,

361 1077 596 1141 ἀνέδειξε
631 1077 769 1147 μετὰ
799 1078 900 1146 τὴν
922 1076 1115 1132 ἑαυτοῦ
1144 1080 1207 1132 ἐκ
1227 1079 1434 1149 νεκρῶν
1461 1073 1755 1132 ἀνάστασιν
1779 1079 1836 1132 ἐν
1865 1081 1930 1149 τῇ

365 1166 470 1237 ἰδίᾳ
503 1169 664 1239 σαρκὶ
692 1169 790 1237 τὴν
819 1168 979 1233 δόξαν
1011 1169 1110 1239 τῆς
1132 1168 1324 1222 ἐαυτοῦ
1356 1169 1625 1240 θεότητος.
1673 1169 1811 1222 Ἀλλ’
1845 1169 1934 1224 ἵνα

365 1256 438 1324 μὴ
491 1257 772 1325 νομιστέον
816 1257 1024 1327 ταύτην
1068 1259 1166 1329 τὴν
1195 1258 1373 1325 δόξαν,
1425 1259 1523 1330 τὴν
1557 1261 1615 1314 ἐν
1655 1262 1720 1331 τῇ
1767 1262 1934 1330 σαρκὶ¹

360 1344 454 1396 τοῦ
484 1345 650 1398 ἀϊδίου
685 1345 815 1398 Υἱοῦ
839 1385 854 1408 ,
898 1345 1036 1416 μετὰ
1063 1347 1163 1424 τὴν
1192 1349 1257 1402 ἐκ
1283 1349 1456 1416 τάφου
1497 1348 1713 1419 ἔγερσιν
1742 1349 1932 1402 ἀναδε-

361 1434 648 1505 δειγμένην
669 1435 868 1499 ἔξωθεν
899 1437 1257 1503 ἐπεισελθεῖν,
1287 1439 1422 1494 ἀλλὰ
1450 1441 1758 1511 φανέρωσιν
1789 1438 1929 1496 εῖναι

360 1526 460 1594 τῆς
490 1528 548 1579 ἐν
584 1529 720 1599 αὑτῇ
773 1530 1164 1600 κεκρυμμένης
1190 1532 1283 1584 ἀπ’
1323 1533 1500 1601 ἀρχῆς
1526 1532 1627 1603 τῆς
1658 1535 1780 1588 καθ’
1809 1534 1935 1588 ὑπό-

363 1630 552 1667 στασιν
579 1615 883 1686 ἀσυγχύτου
907 1619 1153 1682 ἐνώσεως
1175 1635 1190 1650 ·
1232 1620 1419 1674 τούτου
1445 1622 1502 1675 δὲ
1535 1624 1807 1694 μαρτυρία
1833 1641 1933 1678 σα-

361 1705 488 1772 φὴς,
516 1706 604 1758 ὅτε
630 1706 736 1776 πρὸ
765 1707 858 1760 τοῦ
890 1710 1160 1780 σωτηρίου
1203 1711 1406 1776 πάθους
1429 1711 1737 1783 ἔμπροσθεν
1767 1716 1933 1784 τριῶν

2036 637 2329 692 corporum
2360 622 2746 686 humanorum,
2783 629 2845 675 ut
2876 621 3154 676 diabolum
3181 623 3399 687 lateret,
3434 634 3488 680 et
3521 626 3608 680 in-

2034 712 2283 766 carnatio
2303 712 2422 782 ejus
2446 713 2707 768 salutaris
2725 711 3063 776 crederetur,
3084 719 3138 768 et
3151 715 3388 784 experiri
3413 730 3606 786 aspera

2033 809 2088 857 et
2119 804 2367 868 molesta,
2407 811 2462 857 et
2489 803 2776 872 passiones
2811 803 3118 872 suscipere,
3154 819 3217 858 ac
3243 812 3478 860 mortem
3508 823 3606 876 pro

2035 894 2197 949 nobis
2235 908 2385 958 vere,
2418 901 2610 947 etnon
2658 894 2784 946 ficte
2819 893 3025 950 subire.
3083 893 3366 963 Completa
3425 904 3602 950 autem

2034 985 2183 1040 omni
2234 1000 2335 1039 sua
2391 983 2801 1053 dispensatione
2858 991 2982 1052 post
3048 986 3514 1040 resurrectionem
3575 1002 3603 1037 a

2035 1075 2291 1137 mortuis,
2327 1075 2571 1130 ostendit
2625 1075 2680 1128 in
2744 1075 2968 1144 propria
3024 1089 3192 1130 carne
3226 1075 3454 1144 gloriam
3493 1092 3605 1132 sua:

2033 1166 2364 1221 divinitatis.
2417 1164 2494 1219 Ne
2555 1173 2737 1219 autem
2790 1165 3238 1220 existimaremus
3297 1167 3439 1222 hanc
3492 1167 3606 1237 glo-

2036 1258 2195 1322 riam,
2245 1272 2366 1327 quae
2397 1255 2452 1309 in
2487 1255 2882 1311 carnemterni
2908 1255 3030 1309 Filii
3072 1265 3195 1325 post
3248 1258 3605 1312 resurrectio-

2033 1362 2156 1402 nem
2191 1356 2412 1402 ostensa
2450 1352 2560 1412 est,
2595 1345 2944 1401 extrinsecus
2979 1345 3295 1411 advenisse,
3339 1347 3469 1416 quin
3507 1362 3603 1416 po-

2033 1439 2150 1493 tius
2181 1447 2459 1493 ostensam
2486 1451 2629 1504 esse,
2669 1453 2791 1507 qua:
2820 1437 2876 1491 in
2910 1437 3028 1507 ipsa
3061 1453 3090 1491 a
3121 1438 3397 1508 principio
3430 1438 3602 1508 ipsius

2034 1531 2336 1585 secundum
2395 1527 2732 1598 hypostasim
2793 1528 3017 1584 unionis
3092 1529 3212 1583 sine
3281 1528 3603 1584 confusione

2033 1618 2212 1682 factae,
2276 1617 2500 1680 latebat,
2564 1616 2940 1670 testimonium
3000 1617 3353 1672 manifestum
3424 1616 3598 1679 dedit,

2033 1705 2259 1778 quando
2289 1715 2415 1760 ante
2445 1705 2758 1774 passionem
2797 1705 2957 1774 381
2991 1719 3180 1760 coram
3222 1706 3400 1760 tribus
3431 1707 3600 1760 disci-

360 1797 469 1848 τῶν
499 1798 664 1852 αὑτοῦ
699 1799 954 1869 μαθητῶν
980 1803 1037 1854 ἐν
1063 1795 1423 1875 ὅρειὌαὸὼρ,
1453 1805 1549 1875 τὴν
1578 1807 1636 1859 ἐν
1663 1808 1728 1876 τῇ
1764 1807 1930 1860 αὑτοῦ

2038 1801 2178 1870 pulis
2202 1799 2321 1855 suis
2352 1798 2408 1852 in
2444 1804 2634 1852 monte
2660 1796 2882 1852 Thabor
2929 1799 2985 1851 in
3021 1799 3241 1866 propria
3286 1811 3451 1852 carne
3501 1813 3600 1852 sua

361 1887 528 1958 σαρκὶ
553 1887 738 1960 θεῖκὴν
753 1889 924 1954 ἔδειξε
951 1891 1128 1955 δόξαν,
1155 1892 1222 1963 ἢν
1243 1895 1339 1947 καὶ
1364 1894 1500 1964 μετὰ
1519 1895 1616 1966 τὴν
1633 1897 1696 1949 ἐκ
1723 1896 1932 1968 νεκρῶν

362 1978 720 2049 ἀναφοίτησιν
755 1981 1034 2054 ἐξέφηνεν.
1075 1985 1364 2038 Ἐτεθέωτο
1389 1985 1517 2056 γὰρ,
1549 1987 1625 2047 ὡς
1673 1987 1933 2057 προείπο-

367 2087 489 2139 μεν,
521 2073 553 2142 ἡ
589 2071 681 2126 τοῦ
713 2074 885 2128 ἀϊδίου
925 2075 1084 2146 σὰρξ,
1121 2074 1219 2146 τὴν
1250 2074 1594 2144 τελειοτάτην
1617 2075 1812 2130 θέωσιν
1839 2077 1935 2130 ἀπ’

281 2169 300 2175 ‘
364 2161 539 2231 ἀρχῆς
585 2163 680 2232 τῆς
714 2163 906 2217 ἐαυτοὺ
933 2163 1291 2228 διαπλάσεως.
1350 2164 1490 2217 Ἀλλ’
1535 2167 1564 2218 ό
1597 2165 1764 2228 ἀΐδιος
1804 2166 1934 2229 Υἱὸς

365 2249 572 2316 ἐφῆκεν
635 2251 802 2322 αὑτὴν
854 2253 942 2306 διὰ
990 2251 1088 2322 τὴν
1137 2253 1354 2318 αἰτίαν,
1406 2247 1476 2325 ἧς
1519 2255 1931 2325 ἐμνημονεύσα-

368 2355 492 2407 μεν,
524 2343 664 2395 κατὰ
704 2343 804 2414 τὴν
846 2344 955 2399 τῶν
975 2344 1274 2416 ζήμετέρων
1305 2344 1571 2418 σωμάτων
1599 2347 1934 2419 ἀναστρέφε-

369 2425 496 2479 σθαι
535 2427 743 2497 βίωσιν.

437 2516 591 2588 Αὕτη
617 2521 820 2588 τοίνυν,
851 2517 896 2577 ὦ
932 2516 1100 2590 οὗτοι,
1137 2524 1241 2595 τῆς
1269 2526 1547 2597 ἡμετέρας
1578 2527 1868 2597 ὁμολογίας
1896 2532 1930 2601 ἡ

367 2605 724 2673 διατύπωσις,
758 2611 853 2665 καὶ
897 2612 1235 2686 πλατύτερον
1257 2615 1568 2686 ἐδυνάμεθα
1600 2616 1731 2687 περὶ
1762 2619 1934 2690 αὐτῆς

365 2691 642 2759 διεξιέναι,
678 2697 817 2752 ἀλλὰ
844 2699 905 2752 τὸ
924 2700 1019 2753 τοῦ
1050 2701 1210 2771 λόγου
1254 2703 1580 2775 παρῄτημαι
1615 2706 1810 2776 μῆκος.
1841 2708 1933 2760 Διὸ

366 2785 807 2854 κατανοήσαντες
850 2790 920 2842 τὰ
947 2791 1084 2858 πρὸς
1136 2795 1270 2862 ἡμῖν
1310 2794 1680 2864 σημανθέντα,
1712 2797 1809 2848 καὶ
1862 2801 1929 2868 τῇ

366 2870 511 2924 κατά
541 2873 779 2943 Χριστὸν
811 2877 1000 2949 ἀγάπῃ
1046 2881 1480 2950 προσηκάμενοι,
1515 2885 1932 2955 συναρμόσθητε

364 2963 517 3030 ἡμῖν,
569 2965 664 3018 καὶ
715 2966 986 3038 ἐνὼθητε,
1029 2967 1135 3024 ’καὶ
1171 2971 1458 3042 γενώμεθα
1514 2974 1717 3038 πάντες
1755 2976 1814 3030 ἓν
1845 2979 1933 3032 διὰ

365 3053 460 3106 τοῦ
495 3055 667 3109 ἀϊδίου
704 3058 1028 3129 Πνεὺματος
1069 3063 1128 3115 ἐν
1171 3065 1237 3132 τῇ
1291 3061 1639 3135 θεοπνεύστῳ
1684 3065 1780 3119 τοῦ
1833 3085 1931 3137 με·

2033 1891 2275 1946 divinam
2307 1889 2539 1959 gloriam
2571 1887 2836 1953 ostendit,
2872 1903 3037 1957 quam
3070 1890 3234 1944 etiam
3259 1899 3382 1958 post
3417 1903 3602 1943 resur-

2036 1983 2334 2038 rectionem
2366 1979 2647 2052 patefecit.
2689 1979 2822 2034 Erat
2869 1980 3040 2047 enim,
3073 1988 3132 2034 ut
3181 1980 3293 2049 jam
3331 1980 3599 2045 diximus,

2033 2091 2165 2131 caro
2194 2073 2385 2130 aeterni
2425 2072 2548 2127 Filii
2583 2071 2827 2142 perfecta
2863 2070 3216 2128 deiﬁcatione
3259 2087 3288 2126 a
3331 2073 3634 2142 principio-

2034 2182 2146 2222 suae
2182 2165 2528 2220 formationis
2552 2163 2800 2232 praedita.
2852 2162 2959 2218 Sed
2993 2176 3233 2219 aeternus
3267 2162 3438 2218 Filius
3473 2164 3634 2218 sivit--

2032 2275 2150 2315 eam
2187 2256 2502 2313 conversari
2531 2271 2681 2312 more
2709 2255 2884 2312 victus
2911 2263 3230 2313 nostrorum
3277 2269 3596 2326 corporum,

2033 2358 2089 2405 ut
2113 2350 2224 2420 jam
2261 2347 2836 2404 commemoravimus.

2105 2529 2230 2585 Haec
2255 2535 2360 2596 est,
2399 2529 2624 2596 fratres,
2653 2515 2952 2598 descriptio
2980 2537 3186 2584 nostrae
3210 2527 3598 2594 confessionis,

2033 2639 2197 2694 quam
2220 2623 2438 2693 quidem
2480 2623 2648 2678 latius
2685 2623 2942 2692 persequi
2974 2629 3329 2690 poteramus;
3366 2620 3461 2675 sed
3497 2633 3604 2673 no-

2034 2714 2109 2768 lui
2134 2729 2258 2769 esse
2282 2713 2551 2783 prolixus.
2573 2695 2968 2778 Quamobrem,
2987 2710 3400 2779 comprehensis
3422 2717 3602 2763 mente
3625 2741 3633 2746 -

2032 2823 2152 2876 quae
2170 2805 2622 2877 significavimus,
2647 2812 2701 2858 et
2721 2803 2976 2859 admissis
2998 2819 3094 2873 per
3119 2803 3440 2859 charitatem
3471 2816 3600 2870 erga

2032 2897 2308 2952 Christum
2329 2933 2346 2959 ,
2374 2894 2655 2965 adjungite
2691 2909 2791 2950 vos
2825 2895 3018 2959 nobis,
3061 2903 3115 2949 et
3142 2894 3474 2964 copulamini
3497 2933 3510 2957 ,
3547 2901 3602 2946 et

2032 2986 2333 3042 efficiamur
2361 3001 2556 3040 omnes
2577 3000 2756 3044 .unum
2791 3000 2888 3055 per
2921 2984 3182 3055 Spiritum
3217 2993 3468 3039 sanctum
3499 3022 3513 3048 ,
3546 2984 3605 3038 in

2037 3078 2140 3131 hac
2183 3076 2446 3131 divinitus
2489 3077 2731 3131 revelata
2762 3075 3116 3131 confessione
3152 3075 3299 3130 Petri
3331 3076 3604 3147 principis

363 3145 532 3237 γάλου
616 3149 714 3204 καὶ
780 3153 1084 3221 κορυφαίου
1151 3153 1259 3206 τῶν
1332 3155 1650 3210 ἀποστόλων
1714 3160 1928 3230 Πέτρου

2039 3169 2431 3237 apostolorum,
2459 3167 2548 3221 cui
2583 3182 2681 3221 nos
2706 3168 3090 3236 ascripsimus,
3124 3178 3184 3221 ut
3223 3168 3381 3224 nobis
3408 3167 3602 3223 Domi-

362 3234 624 3309 ὁμολογία
658 3240 854 3314 ταύτῃ,
951 3243 1340 3313 συνετάξαμεν,
1379 3245 1528 3308 ὅπως
1566 3248 1701 3314 ἡμῖν
1734 3248 1929 3319 ἱλασθῇ

319 3339 334 3348 ‘
365 3327 600 3396 Χριστὸς
642 3332 670 3383 ό
723 3331 856 3395 Θεὸς
896 3333 1076 3403 ἡμῶν,
1116 3334 1211 3387 καὶ
1241 3335 1422 3387 πᾶσαν
1463 3335 1717 3389 ἐναντίαν
1763 3353 1935 3407 προσ-

363 3416 549 3488 ϐολὴν,
597 3421 691 3474 καὶ
741 3422 974 3492 ἀνιαράν
1003 3423 1302 3495 ἐπαγωγὴν
1345 3423 1544 3496 ἀπώσῃ
1579 3442 1660 3488 τε,
1707 3426 1803 3479 καὶ
1848 3427 1931 3490 εἰς

361 3509 464 3580 τὴν
494 3510 662 3575 ὄντως
689 3514 838 3583 ἡμᾶς
876 3517 1190 3588 μεταστήσῃ
1225 3517 1624 3587 μακαριότητα,
1647 3517 1834 3570 καὶέν
1861 3520 1928 3589 τῇ

360 3600 556 3655 ἐαυτοῦ
590 3603 832 3675 συνάψῃ,
863 3607 958 3658 καὶ
1003 3607 1319 3678 σ.υναρμόσῃ
1371 3607 1641 3678 βασιλείᾳ.
1688 3599 1797 3670 Ἧς
1841 3609 1932 3676 γέ-

362 3709 512 3746 νοιτο
550 3696 760 3760 πάντας
808 3700 1108 3768 ἐπιτυχεῖν,
1161 3700 1479 3765 πρεσϐείαις
1524 3701 1623 3770 τῆς
1657 3700 1932 3768 παναγίας

358 3785 667 3857 Δεσποίνης
709 3788 868 3858 ἡμῶν
925 3790 1186 3844 Θεοτόκου
1227 3792 1483 3862 Μαρίας,
1529 3793 1624 3846 καὶ
1681 3792 1927 3846 Ἰωάννου

359 3875 461 3928 τοῦ
497 3877 813 3948 Προδρόμου
865 3885 958 3933 καὶ
992 3881 1325 3946 Βαπτιστοῦ,
1359 3882 1572 3952 Πέτρου
1610 3900 1669 3936 τε
1714 3881 1807 3936 τοὺ
1836 3900 1930 3936 κο-

359 3967 594 4036 ρυφαίου
645 3968 754 4021 τῶν
800 3969 1135 4037 ἀποστόλων,
1175 3971 1283 4025 καί
1325 3971 1585 4028 Ἰακώϐου
1635 3974 1727 4026 τοῦ
1773 3974 1928 4028 ἀδελ-

357 4057 581 4123 φοθέου,
608 4059 701 4114 καὶ
731 4061 951 4116 πάντων
983 4062 1074 4115 τοῦ
1100 4063 1208 4116 τῶν
1243 4063 1414 4131 ἁγίων
1450 4065 1794 4135 συστήματος
1822 4065 1890 4118 ³⁸.

362 4254 484 4311 Τοῦ
515 4256 705 4312 αὑτοῦ
744 4257 1200 4385 Θεοδώροιῃίτοιξ
1229 4260 1552 4330 Ἀϐουκαρᾶ
1595 4263 1936 4321 ἐπισκόπου

382 4367 387 4373 .
807 4368 812 4373 .
1086 4347 1266 4385 (roum.

1086 4347 1266 4398 ηρων.

2033 3273 2139 3312 nus
2164 3257 2307 3312 Deus
2336 3265 2519 3311 noster
2562 3258 2835 3326 propitius
2878 3259 2987 3322 sit,
3029 3268 3082 3313 et
3137 3273 3351 3314 onmem
3383 3266 3602 3315 contra-

2035 3346 2174 3398 rium
2205 3346 2489 3398 incursum
2551 3353 2605 3397 et
2640 3347 2894 3399 acerbam
2932 3345 3279 3404 alﬂictionem
3312 3355 3559 3400 amoveat
3581 3384 3602 3412 ,

2035 3443 2089 3490 et
2143 3432 2217 3487 ad.
2263 3448 2450 3487 veram
2496 3431 2891 3514 beatitudinem
2943 3450 3043 3489 nos
3097 3434 3416 3501 transferat,
3449 3444 3502 3489 et
3545 3436 3600 3491 in

2036 3540 2206 3594 regno
2237 3539 2337 3580 suo
2364 3539 2466 3578 nos
2492 3537 2685 3579 omnes
2714 3524 3007 3593 conjungat
3057 3533 3110 3580 et
3143 3534 3309 3594 aptet.
3339 3525 3512 3592 Quam
3544 3539 3602 3582 ut

2037 3630 2394 3684 assequamur
2449 3629 2679 3681 omnes,
2721 3614 2858 3668 faxit
2897 3614 3040 3671 Deus
3077 3617 3332 3686 precibus
3371 3621 3603 3674 sanctis-
3699 3622 3704 3627 ’

2038 3706 2189 3760 sima:
2245 3705 2466 3775 Reginae
2511 3712 2716 3760 nostras
2749 3705 2988 3776 Deiparae
3024 3706 3238 3770 Mariae,
3276 3724 3340 3763 ac
3371 3707 3599 3764 Joannis

2037 3796 2394 3865 praecursoris
2410 3802 2463 3850 et
2487 3793 2768 3864 Baptistae,
2797 3809 2860 3850 ac
2884 3793 3026 3850 Petri
3061 3797 3257 3850 summi
3291 3801 3342 3851 in
3383 3809 3601 3866 aposto-

2038 3886 2125 3951 lis,
2158 3893 2211 3941 et
2242 3884 2430 3940 Jacobi
2456 3885 2642 3940 fratris
2674 3884 2910 3951 Domini,
2943 3895 2997 3942 et
3025 3895 3201 3943 coetus
3231 3890 3475 3944 omnium
3499 3889 3610 3946 ho-.

2035 3993 2158 4033 rum
2187 3988 2525 4034 sanctorum.
2560 3979 2752 4036 Amen.
2774 4034 2778 4036 .

2041 4268 2296 4339 Ejusdem
2349 4268 2612 4324 Theodori
2669 4275 3013 4391 cclijqnomento
3067 4267 3326 4324 Abucara:
3374 4271 3600 4338 episcopi

2754 4354 2927 4390 arum.

2754 4354 2927 4390 arum.

1725 4452 1962 4502 Turriano
1995 4455 2286 4503 interprete.

1725 4452 1929 4502 Turrian

443 4529 793 4599 Ἐρώτησις.
844 4535 942 4588 Διά
991 4534 1042 4586 τί
1071 4534 1328 4604 λέγομεν,
1385 4536 1525 4606 ὃτιή
1576 4452 1930 4608 ἀνθρ(ωπότης

2038 4458 2126 4503 iter
2163 4456 2286 4502 rete.
2667 4471 2670 4476 ι

2107 4452 2370 4608 Ιῗιιεννδθ.
2403 4537 2605 4603 Quare,
2628 4535 2774 4590 sicut
2803 4533 3057 4597 dicimus,
3089 4535 3412 4589 llumanitas
3444 4535 3603 4589 Chri-

342 4621 460 4675 τοῦ
490 4623 728 4694 Χριστοῦ
759 4623 899 4695 αὕτη
929 4625 1131 4696 ἐστὶνή
1173 4625 1536 4696 ἀνθρωπὸτης
1576 4629 1808 4698 Πέτρου,
1834 4633 1931 4683 καὶ

339 4712 605 4778 Παύλου,
642 4714 736 4767 καὶ
767 4714 874 4768 τῶν
903 4715 1215 4769 καθέκαστα
1249 4717 1575 4787 ἀνθρώπων,
1607 4720 1665 4771 οὐ
1697 4719 1931 4790 λέγομεν

335 4804 441 4869 δὲ,
474 4803 556 4856 ὃτι
592 4805 652 4856 τὸ
691 4805 851 4874 σῶμα
889 4805 981 4858 τοῦ
1007 4808 1266 4876 Χριστοῦ,
1293 4803 1353 4863 οὗ
1388 4810 1482 4862 καὶ
1517 4812 1932 4881 μεταλαμϐάνο-

335 4912 492 4966 μεν,
537 4896 670 4948 αὑτό
713 4900 828 4949 ἐστι
859 4897 920 4949 τὸ
956 4898 1118 4968 σῶμα
1151 4899 1381 4972 Πέτρου,
1415 4903 1508 4955 καὶ
1554 4903 1790 4971 Παύλου,
1835 4907 1932 4961 καὶ

2040 4634 2110 4689 sti
2150 4639 2233 4686 est
2263 4631 2383 4701 ipsa
2421 4627 2732 4681 humanitas
2778 4624 2923 4680 Petri
2955 4633 3009 4679 et
3058 4625 3211 4679 Pauli
3251 4634 3304 4680 et
3341 4626 3604 4682 uniuscu-

2033 4725 2231 4796 jusque
2258 4718 2499 4775 hominis
2524 4757 2540 4784 ,
2568 4733 2676 4772 non
2728 4717 2812 4772 sic
2845 4715 3101 4779 dicimus,
3134 4716 3351 4785 Corpus
3379 4717 3600 4780 Christi,

2037 4813 2182 4886 quod
2222 4812 2489 4868 sumimus
2528 4819 2578 4863 el
2610 4807 3023 4878 participamus,
3050 4805 3193 4861 idem
3232 4814 3318 4861 est
3372 4807 3518 4862 Petri
3551 4816 3603 4862 et

2036 4905 2213 4969 Pauli,
2237 4912 2291 4959 et
2322 4900 2569 4970 cujusvis
2603 4913 2808 4970 corpus
2831 4899 2854 4952 ?

229 5365 242 5372 ‘
319 5351 569 5418 ἰδίωμα
620 5354 1157 5422 χαρακτηριστικδν,
1187 5357 1372 5409 οὐκέτι
1420 5360 1447 5408 ό
1491 5358 1639 5412 δεῖνα
1688 5358 1926 5427 λέγεται,

329 4987 600 5038 ἑκάστου
631 4989 733 5040 ἀνά
765 4987 931 5058 μέρος
965 4989 1307 5062 ἀνθρώπων;

437 5077 806 5143 Ἀπόκρισις.
847 5079 970 5132 ’Ὁτι
1008 5080 1070 5132 τὸ
1105 5082 1286 5136 κοινὸν
1319 5083 1380 5136 τὸ
1417 5084 1596 5137 ὁλικὺν
1643 5085 1934 5155 δεχόμενον

325 5168 568 5232 ἰδίωμα
601 5171 1123 5241 χαρακτηριστικὸν,
1163 5174 1462 5238 ὑπόστασις
1501 5176 1736 5242 γίνεται.
1772 5176 1845 5229 Τὸ
1874 5177 1930 5230 δὲ

321 5259 530 5328 σῶμα
581 5259 645 5311 τὸ
675 5261 877 5328 κοινὸν,
924 5264 1018 5316 καὶ
1052 5263 1238 5327 ἁπλῶς
1297 5265 1590 5336 λεγόμενον
1644 5267 1931 5338 δεχόμενον

2105 5082 2259 5150 Resp.
2313 5079 2579 5146 Quoniam
2616 5093 2904 5133 commune
2936 5078 3206 5148 recipiens
3265 5085 3433 5131 totam
3473 5092 3600 5146 pro-

2035 5176 2321 5246 prictatem
2386 5171 2914 5235 characteristicam,
2971 5170 3023 5223 id
3082 5177 3206 5234 est,
3270 5168 3602 5236 signantem.

2037 5263 2347 5336 hypostasis
2375 5260 2627 5316 efﬁcitur.
2654 5261 2865 5328 Corpus
2904 5275 3033 5313 vero
3063 5274 3354 5313 commune
3381 5268 3435 5314 et
3471 5260 3602 5314 sim-

2036 5359 2249 5428 pliciter
2291 5355 2493 5407 dictum
2530 5352 2802 5420 recipiens
2837 5350 3243 5425 proprietatem
3291 5351 3602 5418 signantem

2038 5467 2145 5506 non
2175 5446 2408 5516 amplius
2438 5445 2639 5498 dicitur
2665 5445 2693 5495 ὁ
2721 5443 2886 5505 δεῖνα,
2908 5442 3149 5512 quidam,
3169 5443 3264 5498 sed
3294 5443 3597 5511 cujusdam,

2038 5547 2089 5598 id
2125 5551 2226 5603 est,
2260 5554 2365 5591 non
2400 5537 2450 5590 fit
2485 5533 2796 5605 hypos’tasis
2823 5532 2938 5586 sive
2973 5547 3220 5601 persona.
3266 5532 3359 5587 sed
3393 5533 3451 5586 ﬁt
3479 5546 3593 5600 per-

307 5440 506 5495 ἁλλά
537 5441 633 5494 τοῦ
655 5442 849 5508 δεῖνος,
873 5445 1042 5516 ἤγουν
1069 5448 1168 5517 οὑχ
1204 5447 1504 5513 ὑπόστασις
1532 5449 1761 5517 γίνεται,
1795 5451 1930 5504 ἀλλὰ

311 5533 466 5602 τῆς
512 5531 902 5597 ὑποστάσεωςο
952 5538 1013 5589 τὸ
1077 5537 1184 5608 γὰρ
1243 5538 1402 5608 σῶμα
1456 5539 1619 5609 μέρος
1670 5541 1788 5593 ἐστὶ
1835 5544 1930 5608 τῆς

1667 5697 1891 5748 νιιιιίτς
1931 5694 2332 5751 LICC'I'iONES.

405 5774 472 5804 δέ
528 5773 712 5842 Ἀμήν.
757 5773 913 5828 Turr.
2773 5797 2777 5802 .
3231 5757 3269 5788 (π
