3912 6202
297 314 433 419 1523
1522 331 1622 391 ΤΗ
1630 332 1725 393 ΕΟ
1734 334 1870 394 ι)οΠ

1978 340 2323 403 ιΒυεΑιιίΕ
3420 355 3560 422 1534

276 441 477 493 .sonat;
519 442 725 500 corpus
767 432 911 486 enim
953 448 1079 503 pars
1131 445 1342 492 naturae
1376 448 1482 504 est,
1526 456 1635 495 non
1670 451 1869 499 totum.

1988 451 2229 519 φύσεως,
2258 454 2352 506 καὶ
2386 454 2485 525 οὐχ
2539 454 2681 510 ὅλον.
2727 446 2908 513 Διὸτὸ
2953 462 3122 534 μέρος
3151 462 3255 519 οὐκ
3303 466 3414 538 ἰδίᾳ
3451 467 3559 535 ὑφ-

292 518 660 584 Quamobrem
713 538 839 592 pars
878 541 985 578 nou
1040 529 1256 584 exsistit
1300 546 1546 587 seorsum
1579 545 1630 589 et
1658 550 1754 604 per
1786 551 1864 602 se,

1980 539 1996 591 ί
2006 558 2216 609 σταται,
2231 543 2367 596 ἀλλὰ
2396 543 2492 598 τοῦ
2518 545 2643 599 ὅλου
2670 546 2907 617 λέγεται.

293 610 385 665 sed
423 613 625 667 dicitur
667 615 883 674 totius.‘
2744 610 2787 627 ’“

1878 742 1939 795 γι

287 815 449 884 382
488 814 822 909 ιξίςεηγξίιιηι,
858 834 959 899 quo
999 820 1311 880 ostenditur.
1352 826 1614 909 quomodo
1657 829 1870 882 macula

1978 827 2375 909 Παράδειγιεα,
2405 829 2480 909 δι’
2512 828 2587 886 οὗ
2623 832 3085 909 ρποὸεζκιςυᾳιι,
3119 836 3253 905 πῶς
3296 842 3331 893 d
3361 844 3553 909 μολυ-

355 886 564 967 ρεεςαιὶ
597 885 794 939 Adami
825 885 1128 943 tmivcrsum
1162 908 1325 961 genus
1358 885 1647 948 humanum
1678 913 1868 966 perva-

2046 885 2374 977 ᾇιιρς,’ἓῆέ
2416 885 3243 977 ἁμαρτίας-’τοῧλλδάίι
3278 885 3552 964 ἇστδῖῆξὸ

355 966 506 1009 serit.
2043 966 2412 1034 ἀνθρώπειον
2443 966 2609 1037 διέϐη
2652 972 2850 1039 γένος.

353 1044 520 1099 Αίυηι
541 1048 818 1118 agricolae,
854 1049 900 1104 si
929 1050 1168 1120 accipias
1198 1053 1497 1121 palmitem,
1524 1056 1866 1125 tinctumque

2042 1059 2212 1112 Φασὶν
2243 1062 2291 1113 οἱ
2336 1063 2615 1131 γεηπόνοι,
2654 1064 2738 1116 ὅτι
2788 1064 2884 1118 ἐὰν
2921 1065 3104 1120 λαϐὼν
3145 1069 3336 1124 κλάδον
3363 1070 3549 1141 ἀμπέ-

284 1136 407 1191 oleo
450 1139 665 1205 plantes
691 1181 705 1204 ,
749 1142 853 1197 olei
886 1143 1204 1209 qualitatem
1243 1145 1295 1197 in
1336 1144 1512 1214 ipsum
1546 1150 1709 1201 etiam
1758 1148 1866 1203 fru-

1978 1147 2065 1199 λου
2107 1150 2204 1202 καὶ
2254 1151 2507 1221 ἐμϐάψας
2550 1154 2716 1226 ἐλαίῳ
2767 1157 3064 1229 φυτεύσῃς,
3108 1161 3138 1229 η
3172 1136 3417 1231 ποιότης-
3447 1161 3545 1214 τοῦ

284 1239 454 1294 ctum,
488 1230 591 1285 hoc
625 1241 732 1296 est,
772 1233 827 1287 in
864 1249 1023 1288 uvam
1056 1235 1380 1291 redundare.
1421 1235 1511 1292 Sic
1540 1247 1592 1291 et
1620 1238 1863 1295 Adamus

1978 1238 2155 1292 ἐλαίου
2184 1242 2337 1295 πᾶσα
2353 1245 2447 1295 καὶ
2468 1246 2525 1296 ὲν
2552 1244 2631 1314 τῷ
2660 1246 2881 1316 καρπῷ,
2903 1248 3075 1317 ἤγουν
3102 1253 3155 1301 ὲν
3177 1253 3241 1320 τῇ
3260 1251 3537 1321 σταφυλῇ,

284 1334 409 1372 cum
440 1333 691 1375 naturam
724 1322 902 1378 omnis
929 1325 1158 1379 maculae
1196 1336 1472 1395 expertem
1531 1330 1860 1397 accepisset,

1978 1328 2279 1397 διαδίδοται,
2320 1332 2462 1385 οὕτω
2502 1338 2594 1387 καὶ
2622 1337 2650 1388 6
2684 1337 2857 1407 Ἀδὰμ
2893 1339 3220 1409 παραλαϐὼν
3245 1342 3338 1411 τὴν
3364 1341 3533 1406 φύσιν

283 1426 401 1463 eam
436 1422 660 1479 peccato
690 1415 969 1484 variisque
997 1414 1381 1473 affectionibus
1427 1410 1860 1485 contaminavit,

1978 1419 2234 1490 καθαρὰν.
2280 1421 2509 1493 ἕχρανεν
2537 1425 2707 1494 αὐτὴν
2754 1430 2818 1497 τῇ
2855 1428 3125 1501 ἁμαρτίᾳ,
3154 1432 3243 1482 καὶ
3278 1410 3384 1493 τοῖς
3418 1432 3526 1484 πά·-

284 1500 443 1570 cujus
474 1506 732 1574 contagio
763 1506 830 1559 ad
864 1521 962 1561 nos
999 1522 1175 1577 usque
1209 1509 1477 1563 manavit.

1978 1509 2104 1576 iam,
2138 1512 2234 1565 καὶ
2264 1513 2474 1585 διεδόθη
2511 1517 2591 1579 είς
2630 1519 2780 1586 ἡμᾶς
2809 1520 2842 1588 ἡ
2871 1500 3119 1589 ποιότης.

322 1635 595 1699 Quomodo
634 1653 726 1705 per
766 1640 1189 1694 incarnationem
1222 1642 1517 1695 Saluatoris
1560 1644 1728 1697 nostri
1754 1645 1824 1697 ad

982 1644 1189 1722 itionem
1222 1644 1517 1722 Saluatoris
1560 1644 1728 1697 nostri
1754 1645 1824 1697 ad
1896 1707 1932 1722 ἢ
1964 1644 2096 1712 Πῶς
2131 1645 2199 1722 δὲ
2228 1646 2327 1722 διὰ
2364 1647 2474 1722 τῆς
2516 1649 2821 1722 ἐνσάρκου
2865 1654 2973 1707 τοῦ
3003 1653 3280 1720 Σωτῆρος
3312 1655 3527 1708 οἰκονο-

667 1725 845 1762 omnes
874 1711 1109 1777 expiatio
1158 1712 1472 1778 pervenerit.
1893 1707 1935 1761 Β

2078 1716 2221 1783 μίας
2246 1720 2333 1783 εὶς
2367 1719 2600 1787 πάντας
2634 1716 2794 1789 ἡμᾶς
2826 1722 2992 1790 διέϐη
3025 1725 3063 1791 ἠ
3091 1716 3409 1791 reddar—2mg.

356 1825 544 1891 Aiunt,
603 1827 648 1882 si
696 1842 885 1882 semen
920 1832 1150 1898 peponis
1212 1830 1374 1885 melle
1414 1831 1647 1886 tinctum
1681 1846 1857 1896 seras,

2035 1826 2176 1878 Φασὶ
2222 1825 2283 1885 δὲ,
2316 1828 2515 1882 πάλιν·
2550 1830 2613 1881 Et
2660 1830 2844 1885 λαϐὼν
2898 1834 3124 1903 σπέρμα
3164 1833 3541 1895 πέπονοςασὰ

284 1916 631 1974 dulcedinem
682 1919 858 1976 mellis
894 1920 948 1974 in
982 1921 1160 1988 ipsum
1204 1920 1440 1975 fructum
1478 1922 1740 1978 transire.
1783 1921 1860 1978 Ita

1978 1918 2220 1987 ἐμϐάψας
2256 1919 2435 1988 μέλιτι
2477 1921 2743 1992 σπείρεις,
2788 1926 2820 1993 ἡ
2858 1923 3131 1994 γλυκύτης
3181 1923 3281 1977 τοῦ
3331 1923 3541 1994 μέλιτος

283 2007 538 2064 Christus
596 2015 793 2064 natura
847 2009 917 2066 ab
960 2010 1145 2067 oleosa
1189 2010 1479 2080 qualitate,
1526 2011 1784 2066 nimirum
1831 2026 1862 2065 a

1978 2009 2062 2060 καὶ
2087 2009 2145 2059 ὲν
2178 2005 2257 2078 τῷ
2290 2010 2491 2081 καρπῷ
2538 2011 2854 2068 διαδίδοται.
2882 2013 3043 2068 Οὕτω
3086 2015 3184 2069 καὶ
3237 2016 3268 2067 6
3308 2014 3544 2087 Χριστὸς

285 2109 514 2169 peccato
539 2116 637 2170 per
663 2110 913 2157 sanctum
940 2101 1274 2172 Baptismum
1294 2108 1621 2171 expurgata,
1644 2117 1857 2157 assum-

1978 2098 2062 2169 τὴν
2109 2099 2272 2167 φύσιν
2330 2104 2395 2155 ὲκ
2430 2103 2528 2171 τῆς
2569 2102 2861 2168 ὲλαιὼδους
2920 2105 3228 2176 ποιότητος,
3267 2107 3443 2176 ἦγουν
3480 2105 3539 2157 ἐκ

284 2191 397 2260 psit
426 2191 574 2246 illam
604 2192 813 2263 absque
843 2193 967 2247 labe
985 2201 1041 2248 et
1071 2194 1307 2260 macula,
1326 2192 1506 2262 qualis
1534 2193 1687 2263 prius
1714 2201 1856 2258 erat,

1978 2192 2064 2261 πῆς
2113 2192 2391 2262 ἁμαρτίας
2421 2195 2820 2267 ἀποκαθάρας,
2857 2196 2945 2250 διὰ
2993 2198 3086 2250 τοῦ
3127 2196 3289 2264 ἁγίου
3347 2193 3541 2266 βαπτί-

285 2290 340 2337 ει
369 2284 589 2339 cundita
620 2283 819 2348 fuerat,
851 2300 1026 2354 eaque
1055 2286 1216 2345 melle
1245 2284 1550 2341 divinitatis
1578 2291 1633 2338 et
1671 2283 1860 2339 dulce-

1978 2298 2197 2351 τματος,
2229 2282 2494 2336 ἀνέλαϐεν
2544 2276 2714 2355 αὐτήν
2743 2285 3076 2354 ἀκηλίδωτον
3118 2285 3217 2339 καὶ
3246 2284 3536 2353 ἄχραντον,

286 2375 415 2430 dine
438 2416 455 2441 ,
491 2376 595 2431 hoc
623 2384 709 2432 est
732 2376 935 2432 virtute
975 2376 1218 2447 Spiritus
1248 2376 1425 2432 sancti
1459 2374 1727 2442 delibuta,
1756 2390 1860 2430 nos

1978 2372 2052 2425 >ἱ⁹α
2082 2374 2179 2426 καὶ
2206 2368 2298 2443 ἦν,
2330 2375 2425 2426 καὶ
2471 2375 2699 2444 ἐκτίσθη
2736 2376 2797 2427 τὸ
2830 2376 3095 2445 πρότερον
3117 2391 3131 2403 ·
3160 2375 3258 2428 καὶ
3286 2373 3536 2443 ἐμϐάψας

286 2466 449 2521 etiam
477 2467 789 2525 dulcedinis
821 2468 1116 2538 participes
1147 2467 1323 2524 ell'ecit
1349 2509 1365 2533 ,
1400 2466 1857 2537 quemadmodum

1978 2462 2136 2533 ιύτὴν
2164 2462 2242 2534 τῷ
2273 2462 2451 2533 μέλιτι
2494 2464 2596 2533 τῆς
2628 2463 2906 2536 θεότητος,
2950 2463 3278 2533 γλυκύτητι,
3313 2464 3437 2534 ἦτοι
3474 2464 3539 2530 τῇ

288 2574 457 2629 grana
487 2560 714 2630 peponis
739 2599 754 2624 ,
786 2560 941 2630 quasi
976 2576 1072 2632 per
1097 2561 1403 2628 traducem,
1433 2560 1669 2617 fructum
1696 2559 1868 2630 parti-

1978 2557 2193 2624 Ξυνάμει
2220 2553 2315 2607 τοῦ
2344 2554 2726 2625 Παρακλήτου,
2765 2557 3074 2626 μετέδωκεν
3105 2557 3239 2627 ἡμῖν
3272 2554 3375 2625 τῆς
3414 2554 3539 2622 γλυο

288 2654 464 2721 cipem
496 2653 763 2711 elIlciunt.

1978 2646 2221 2716 ιιύτητος,
2261 2645 2337 2709 ὡς
2365 2647 2415 2698 οἱ
2454 2646 2647 2702 κόκκοι
2691 2648 2787 2703 τοῦ
2836 2650 3072 2712 πέπονος
3107 2647 3187 2719 τῷ
3235 2648 3331 2701 ἀπ’
3366 2645 3537 2699 αὐτῶν

1964 2736 2185 2807 καρπῷ,
2210 2736 2303 2789 καὶ
2332 2736 2475 2815 κατὰ
2503 2736 2781 2808 διαδοχήν.

1864 2873 1978 2928 νη.

1975 2966 2086 3021 Τοῦ
2144 2967 2332 3021 αὐτοῦ
2383 2965 2687 3033 Θεοδώρου
2742 2965 3081 3019 ἐπισκόπου
3122 2962 3366 3033 Καρῶν,
3411 2959 3538 3028 περὶ

2115 3036 2228 3105 τῆς
2263 3036 2466 3104 πάλης
2501 3034 2609 3088 τοῦ
2631 3034 2893 3102 Χριστοῦ
2920 3034 3073 3104 μετὰ
3098 3034 3402 3089 διαϐόλου.

359 2956 870 3026 Tlteodorieniscopi
914 2958 1118 3013 Carum
1160 2962 1225 3016 de
1250 2965 1542 3017 Iucmnone
1585 2964 1791 3018 Christi

886 3044 1004 3082 cum
1036 3029 1267 3086 diabolo.

1461 3151 1745 3209 (Francisco
1771 3151 2017 3202 Turriano
2041 3151 2365 3213 interprete.)

364 3251 631 3324 Interrog.
664 3252 920 3310 Christus
968 3254 1114 3309 Deus
1148 3268 1273 3308 cum
1314 3254 1533 3309 diabolo
1579 3256 1821 3311 luctatus
1850 3297 1865 3323 ,

2039 3255 2390 3325 Ἐρώτησις.
2434 3255 2670 3327 Χριστὸς
2703 3254 2836 3318 Θεὸς
2864 3254 2963 3319 ὢν,
2995 3255 3090 3308 καὶ
3123 3255 3265 3324 πρὸς
3311 3252 3405 3306 τὸν
3434 3250 3546 3304 διά·

290 3345 423 3400 vicit
452 3359 612 3400 eum:
645 3344 777 3415 quid
806 3360 1061 3415 magnum
1083 3344 1215 3406 fecit
1238 3346 1260 3398 ?
1281 3343 1424 3399 dicet
1455 3346 1731 3403 diabolus.
1756 3347 1868 3419 Ego

1978 3348 2127 3401 ϐολον
2159 3348 2454 3412 παλαίσας,
2495 3347 2773 3418 ἐνίκησεν,
2810 3346 2863 3400 τί
2906 3347 2971 3416 δὴ
3009 3347 3157 3417 μέγα
3206 3345 3546 3416 πεποίηκεν;

291 3435 568 3491 hominem
599 3434 740 3503 vici;
773 3442 828 3490 et
860 3449 890 3488 a
933 3434 1041 3490 Deo
1071 3437 1248 3490 victus
1272 3449 1415 3491 sum.
1453 3435 1625 3503 Quam
1658 3439 1867 3493 utilita-

1980 3434 2129 3509 Ἐρεῖ
2156 3436 2264 3508 γὰρ
2311 3439 2339 3490 6
2376 3437 2644 3503 διάϐολος,
2679 3441 2761 3493 ὅτι
2794 3437 3118 3508 Ἄνθρωπον
3161 3435 3418 3504 ἐνίκησα,
3454 3433 3549 3487 καὶ

256 3573 263 3582 .
291 3538 399 3583 tem
425 3527 727 3598 reportavit
754 3534 948 3582 natura
984 3520 1172 3581 nostra
1200 3542 1266 3582 ex
1297 3527 1525 3581 victoria
1557 3527 1648 3583 Dei
1672 3529 1695 3581 ?

368 3706 527 3776 Resp.
560 3704 825 3761 Jacobitze
869 3706 1039 3763 Demn
1075 3704 1315 3760 Verbum
1362 3705 1685 3774 simpliciter
1712 3706 1867 3759 aiunt

296 3801 563 3854 luctatum
614 3814 774 3865 esse;
828 3797 1139 3855 Nestoriani
1174 3806 1390 3861 contra,
1420 3798 1697 3853 hominem
1731 3800 1867 3854 sim-

294 3892 514 3959 pliciter
534 3932 549 3958 ,
577 3899 632 3947 et
657 3892 856 3947 solum.
898 3889 1146 3945 Ecclesia
1184 3905 1314 3944 vero
1335 3927 1350 3952 ,
1381 3906 1501 3959 qua:
1536 3891 1718 3945 media
1781 3893 1867 3945 via

295 3990 348 4036 et
378 3982 525 4051 regia
549 3981 875 4051 ingreditur,
912 3980 1150 4034 Verbum
1180 3980 1236 4033 in
1268 3994 1435 4035 carne
1486 3997 1610 4036 cum
1648 3982 1868 4038 diabolo

299 4078 562 4128 luctatum
594 4088 717 4129 esse
741 4072 922 4127 docet.
958 4071 1113 4138 Quod
1140 4072 1209 4138 si,
1253 4082 1310 4126 ut
1340 4069 1648 4128 Nestoriani
1690 4075 1865 4140 aiunt,

299 4165 463 4220 homo
486 4172 628 4228 erat,
660 4165 755 4234 qui
788 4163 958 4227 vicit,
997 4171 1052 4218 et
1083 4162 1177 4232 qui
1214 4161 1537 4219 interfectus
1566 4162 1690 4227 fuit,
1732 4165 1870 4219 nihil

300 4257 456 4313 nobis
483 4255 686 4328 profuit
741 4271 888 4313 mors
914 4256 1176 4311 hominis.
1225 4253 1431 4311 Omitto
1486 4271 1633 4311 nunc
1668 4257 1868 4321 dicere,

297 4364 464 4422 quam
492 4350 680 4404 multis
702 4349 988 4404 erroribus
1016 4349 1127 4403 labi
1168 4363 1395 4404 necesse
1417 4356 1521 4414 est,
1547 4349 1867 4420 priusquam

300 4443 370 4496 ab
413 4443 496 4498 eis
527 4441 715 4496 doceri
760 4441 957 4511 possit,
997 4440 1270 4495 hominem
1302 4440 1480 4495 solum
1511 4440 1729 4495 vicisse.
1770 4439 1870 4496 Sin

301 4540 481 4589 autem
522 4542 627 4601 est,
666 4541 727 4587 ut
773 4530 1035 4586 Jacobita:
1063 4531 1273 4591 dicunt,
1318 4529 1454 4584 nihil
1487 4530 1551 4586 ad
1581 4546 1683 4588 nos
1721 4546 1872 4589 mors

1970 3528 2075 3580 ὑπὸ
2100 3527 2239 3581 Θεοῦ
2270 3529 2553 3600 ἐνικήθην,
2574 3529 2626 3581 τί
2651 3530 2707 3583 δὲ
2736 3530 2829 3583 καὶ
2850 3529 3111 3601 ὠφελήθη
3139 3530 3175 3599 ἡ
3199 3526 3366 3597 φύσις
3392 3524 3549 3597 ἡμῶν

1966 3622 2064 3677 τοῦ
2098 3621 2234 3675 Θεοῦ
2265 3623 2616 3694 νενικηκότος
2637 3638 2652 3688 ;
2962 3650 2979 3657 ι

2038 3712 2405 3779 Ἀπόκρισις.
2447 3711 2531 3775 Οἱ,
2573 3712 2671 3780 μὲν
2700 3710 3011 3765 ’ῐακωϐῖται
3063 3708 3156 3762 τὸν
3186 3707 3324 3761 Θεὸν
3355 3706 3522 3774 Λόγον

1970 3800 2159 3865 ἁπλῶς
2187 3801 2406 3871 λέγουσι
2424 3862 2435 3871 ,
2451 3802 2872 3867 πεπαλαικέναι,
2902 3802 2997 3854 καὶ
3017 3799 3367 3869 νενικηκέναι
3385 3813 3401 3826 θ
3423 3797 3473 3849 οἱ
3495 3794 3550 3847 δὲ

1968 3894 2320 3964 Νεστοριανοὶ
2352 3892 2687 3961 τούναντίον,
2724 3891 2815 3945 τὸν
2859 3892 3148 3961 ἄνθρωπον
3205 3889 3400 3950 ἁπλῶς
3456 3888 3552 3939 καὶ

1974 3983 2158 4054 μόνον.
2174 3985 2239 4036 Ἠ
2274 3984 2331 4038 δὲ
2348 3982 2670 4055 Ἐκκλησία,
2697 3985 2797 4055 τὴν
2818 3985 2989 4054 μέσην
3012 3985 3107 4036 καὶ
3129 3982 3421 4053 βασιλικὴν
3434 3981 3551 4035 ὁδὸν

1969 4076 2282 4141 διανύουσα,
2315 4076 2404 4129 τὸν
2435 4076 2570 4129 Θεὸν
2591 4076 2787 4145 Λόγον,
2835 4076 3003 4146 σαρκὶ
3034 4074 3135 4144 τὴν
3176 4074 3359 4144 πάλην
3384 4075 3549 4143 ποιή-

1972 4166 2171 4220 σασθαι
2205 4167 2345 4236 μετὰ
2381 4166 2480 4222 τοῦ
2510 4166 2760 4221 διαϐόλου
2799 4166 3066 4220 διδάσκει.
3096 4165 3213 4231 Καὶ,
3241 4167 3293 4218 et
3327 4165 3448 4236 μὲν,
3477 4165 3551 4226 ὡς

1971 4260 2020 4311 οἱ
2048 4257 2406 4331 Νεστοριανοὶ
2431 4259 2709 4328 λέγουσιν,
2736 4254 2804 4330 ἦν
2839 4258 3126 4330 ἅνθρωπος
3160 4258 3190 4310 6
3247 4257 3553 4327 νενικηκὼς

1973 4350 2069 4403 καὶ
2116 4349 2459 4421 ἀναιρεθεὶς,
2510 4348 2671 4402 οὐθὲν
2713 4351 2863 4421 ἡμᾶς
2911 4350 3200 4419 ὠφέλησεν
3255 4347 3550 4419 ἀνθρώπου

1975 4440 2222 4504 θάνατος.
2265 4441 2369 4494 Ἐῶ
2419 4441 2531 4513 γὰρ
2567 4441 2750 4509 λέγειν
2787 4434 2917 4506 νῦν,
2946 4442 3032 4494 ὅτι
3066 4440 3256 4492 πολλὰ
3317 4440 3551 4510 προσκό-

1973 4531 2190 4597 ψουσιν,
2221 4530 2356 4601 πρὶν
2384 4532 2417 4600 ἢ
2449 4531 2755 4597 ἀποδεῖξαι,
2796 4530 3022 4584 δυνατὸν
3053 4529 3220 4591 εἶναι,
3261 4528 3550 4601 ἄνθρωπον

301 4624 532 4688 Christi,
572 4625 618 4680 si
646 4625 791 4679 Deus
824 4624 1145 4692 simpliciter
1176 4623 1326 4677 vicit.
1354 4622 1456 4677 Sed
1491 4624 1621 4692 quia
1650 4624 1870 4694 propria

1978 4620 2129 4689 ψιλὸν
2184 4620 2550 4690 νενικηκέναι.
2587 4621 2648 4674 Εί
2675 4620 2752 4685 δὲ,
2796 4621 2872 4684 ὡς
2918 4622 2967 4673 oi
3012 4621 3327 4674 ’ῐακωϐῖταί
3380 4636 3544 4689 φασιν

301 4717 427 4772 vitae
455 4716 780 4787 compositio
813 4723 868 4771 et
897 4715 1169 4771 ordinatio
1199 4714 1348 4782 Adae,
1381 4715 1446 4768 ad
1488 4715 1684 4779 Adam,
1714 4727 1769 4771 et
1808 4717 1875 4771 ad

302 4815 555 4879 posteros
581 4807 703 4877 ejus
728 4807 891 4877 383
928 4808 1234 4876 pertinebat
1261 4847 1276 4872 ,
1305 4824 1427 4863 cum
1488 4808 1699 4864 videret
1727 4810 1876 4862 illam

305 4897 559 4953 diabolus
588 4913 619 4951 a
648 4913 707 4953 se
747 4898 942 4952 victam
969 4913 1090 4952 esse
1116 4939 1130 4962 ,
1158 4914 1266 4952 non
1303 4914 1591 4967 personam
1651 4901 1780 4953 Adze
1825 4906 1881 4952 et

305 4988 552 5058 reliquos
581 4984 833 5041 homines
861 4986 1034 5038 victos
1090 4992 1219 5039 esse
1242 4987 1539 5054 reputavit,
1577 4987 1669 5041 sed
1704 4988 1875 5055 ipsam

308 5090 583 5138 naturam.
622 5078 713 5134 Sic
736 5079 879 5134 enim
908 5077 1115 5132 aiebat:
1152 5076 1288 5143 Quia
1314 5078 1452 5133 Deus
1475 5079 1683 5133 creavit
1708 5079 1880 5133 homi-

308 5188 454 5234 nem.
489 5171 579 5242 qui
611 5186 791 5240 neque
818 5170 972 5232 mihi,
1007 5184 1185 5238 neque
1209 5178 1431 5238 peccato
1458 5171 1717 5224 resistere
1751 5184 1878 5237 pos-

308 5273 413 5331 set,
444 5262 651 5318 idcirco
685 5261 825 5316 Deus
857 5259 1418 5330 Verbum,assumpta
1455 5269 1650 5314 natura
1687 5261 1880 5314 huma-

311 5354 501 5407 nitatis
536 5349 799 5421 perfecta,
836 5368 968 5407 usus
995 5359 1080 5408 est
1109 5350 1275 5405 libera
1317 5349 1437 5419 ejus
1480 5350 1786 5413 voluntate,
1820 5358 1875 5404 et

315 5446 594 5511 sensibus,
631 5452 685 5496 et
718 5444 1063 5499 naturalibus
1093 5444 1356 5513 potentiis
1392 5442 1649 5497 omnibus
1678 5456 1879 5496 convc-

1975 4710 2141 4775 ἐστιν,
2164 4709 2317 4763 οὐδὲν
2346 4709 2484 4780 πρὸς
2509 4712 2659 4781 ἡμᾶς
2686 4710 2777 4763 τοῦ
2801 4709 2938 4763 Θεοῦ
2966 4711 3155 4773 ἁπλῶς
3184 4710 3546 4780 νενικηκότος.

1988 4800 2133 4854 Ἀλλ’
2185 4800 2375 4871 ἐπειδὴ
2409 4800 2721 4871 ίδιορυθμία
2742 4803 2785 4833 ³³
2818 4801 2909 4852 τὸν
2975 4800 3149 4870 ’Λδὰμ
3191 4801 3403 4870 νέμειν,
3458 4799 3548 4851 καὶ

1976 4893 2100 4956 τοὺς
2138 4892 2437 4962 μετέπειτα
2465 4890 2810 4963 ἀνθρώπους,
2843 4892 2985 4961 ὀρῶν
3005 4893 3033 4944 6
3061 4891 3313 4953 διάϐολος
3339 4892 3433 4943 ὑπ’
3456 4889 3547 4942 αὑ-

1977 4982 2070 5036 τοῦ
2133 4983 2471 5054 ἡττημένην,
2507 4984 2567 5036 οὐ
2622 4985 2690 5054 τῇ
2728 4984 3023 5036 ὑποστάσει
3074 4981 3168 5035 τοῦ
3224 4983 3417 5053 Ἀδὰμ,
3458 4981 3546 5033 καὶ

1978 5076 2085 5129 τῶν
2133 5075 2337 5128 λοιπῶν
2387 5075 2693 5145 ἀνθρώπων
2723 5074 2999 5142 ἐλογίζετο
3048 5075 3148 5145 τὴν
3203 5070 3399 5146 ἧτταν,
3437 5072 3546 5124 ἀλλ’

1980 5166 2118 5235 αὐτῇ
2146 5168 2213 5236 τῇ
2247 5166 2430 5234 φύσει,
2455 5164 2652 5233 λέγων’
2688 5166 2812 5218 Ὀτι
2847 5166 3078 5220 ἔπλασεν
3104 5167 3132 5217 6
3159 5164 3294 5228 Θεὸς
3325 5163 3545 5231 πλάσμα

1982 5257 2055 5330 μὴ
2077 5258 2376 5325 δυνάμενον
2408 5258 2546 5329 πρός
2602 5276 2669 5329 με
2701 5259 2795 5312 καὶ
2828 5258 2930 5329 τὴν
2973 5258 3253 5330 ἁμαρτίαν
3294 5254 3543 5323 ἀντιστῆ-

1979 5370 2086 5415 ναι,
2150 5352 2347 5405 τούτου
2395 5352 2557 5423 χάριν
2609 5354 2637 5406 6
2678 5348 2811 5415 Θεὸς
2844 5352 3046 5419 Λόγος,
3090 5350 3189 5422 τὴν
3240 5348 3407 5419 φύσιν
3452 5349 3545 5415 τῆς

1975 5441 2398 5513 ἀνθρωπότητος
2428 5442 2644 5497 τελείαν
2678 5442 2984 5513 ἀναλαϐὼν,
3018 5426 3293 5515 ἐχρήσατο
3313 5442 3393 5515 τῷ
3423 5440 3543 5496 αὐτο

1594 5616 1826 5672 VARI/13
1865 5615 2266 5673 LECTlONES.

389 5710 432 5739 ⁸⁸
470 5709 693 5763 Videtur
720 5709 1006 5778 legendum
1037 5726 1047 5762 :
1084 5711 1202 5763 ἐπεὶ
1228 5711 1331 5764 ἔδει
1363 5710 1723 5779 ἰδιορυομίαν.
