3912 6202
318 360 458 425 1525

1681 375 1920 437 OPUSC
1930 378 2098 439 ULA.

3435 372 3567 455 Περ
3593 391 3601 399 '

314 473 547 541 εξουσίῳ
569 474 742 544 αὐτῆς
772 475 1054 547 θελήματι,
1080 480 1199 542 ταῖς
1229 496 1286 532 τε
1324 481 1634 552 αἰσθήσεσι,
1660 486 1753 537 καί
1779 489 1889 548 ταῖς

2000 490 2216 545 nienter
2253 499 2487 556 naturm,
2521 501 2573 547 et
2615 503 2673 547 ut
2709 495 3018 565 oportebat,
3047 512 3111 553 ac
3142 499 3442 554 secundum
3473 517 3568 554 vo-

315 565 576 630 φυσικαῖς
599 563 864 634 δυνάμεσι
897 567 1099 631 πάσαις
1130 570 1273 621 κατὰ
1309 571 1493 639 φύσιν,
1528 575 1620 626 καὶ
1657 576 1797 629 κατὰ
1831 578 1890 629 τὸ

312 653 456 719 δέον,
488 657 584 710 καὶ
640 657 782 711 κατὰ
810 657 871 711 τὸ
930 648 1178 730 βούλημα
1208 661 1303 715 τοῦ
1358 662 1521 728 Θεοῦ,
1576 667 1668 718 καὶ
1715 665 1891 728 οὕτως

312 748 568 821 ἐνίκησεν
612 751 707 805 τὸν
750 751 1016 813 διάϐολον,
1050 754 1113 806 ού
1150 754 1382 825 δύναμιν
1413 756 1624 825 θεῖκὴν,
1659 757 1754 812 καὶ
1788 776 1888 811 πε-

316 842 643 914 ρισσοτέραν
670 844 769 913 τῆς
801 844 1020 913 φύσεως
1038 846 1320 917 προσθεὶς,
1356 849 1452 901 καὶ
1480 849 1891 921 ἐπιχορηγήσας

314 933 376 986 ὲν
403 936 469 1004 τῇ
506 935 677 1005 πάλῃ,
703 935 841 989 ἀλλὰ
868 938 1008 1008 πρὸς
1028 937 1090 990 τὸ
1114 938 1354 1009 ἁρμόζον
1378 940 1471 993 καὶ
1500 940 1579 1010 τῷ
1601 941 1720 1011 Θεῷ
1742 942 1891 1013 νόμῳ

316 1025 541 1096 συνᾷδον
590 1026 944 1097 χρησάμενος
995 1031 1108 1092 τοῖς
1148 1034 1423 1096 φυσικοῖς,
1473 1032 1566 1085 καὶ
1618 1032 1893 1104 ρυθμίσας

315 1117 497 1169 πάντα
518 1117 586 1170 τὰ
628 1120 729 1189 τῆς
757 1119 975 1188 φύσεως
1001 1120 1165 1191 μέρη,
1207 1122 1301 1174 καὶ
1343 1122 1630 1192 δυνάμεις,
1680 1124 1776 1178 καὶ
1804 1124 1892 1194 δρα

312 1222 477 1274 γανα.
530 1208 671 1262 κατὰ
706 1211 767 1263 τὸ
821 1206 1124 1280 προσῆκον,
1158 1213 1297 1264 κατὰ
1328 1212 1394 1266 τὰ
1438 1214 1614 1284 μέτρα
1659 1215 1759 1282 τῆς
1797 1217 1893 1268 άνο

313 1297 685 1370 θρωπότητος,
714 1301 813 1355 καὶ
842 1301 1014 1364 οὕτως
1043 1303 1320 1373 ἐνίκησεν,
1356 1305 1449 1357 καὶ
1476 1303 1765 1371 ἀπέδειξεν
1793 1306 1893 1377 τὴν

313 1389 481 1457 φύσιν
511 1393 835 1462 νικηφόρον,
867 1395 963 1447 καὶ
992 1396 1058 1464 τῇ
1093 1394 1255 1464 φύσει
1289 1395 1528 1467 λοιπδνὴ
1552 1396 1699 1467 νίκη,
1733 1397 1829 1450 καὶ
1858 1399 1891 1469 ή

310 1479 595 1547 δικαίωσις
628 1484 930 1552 λογίζεται.

386 1571 445 1625 Β.
480 1574 613 1626 Εἰπέ
646 1593 760 1644 μοι,
797 1578 822 1628 ὁ
862 1576 1205 1647 ἀνθρώπινος
1255 1577 1402 1643 νοῦς,
1437 1579 1601 1644 αὐτὸς
1630 1574 1698 1652 ἦν
1725 1583 1754 1634 6
1784 1598 1892 1635 πα-

310 1662 481 1717 λαίων
531 1665 670 1736 πρὸς
704 1666 794 1720 τὸν
825 1667 1095 1734 διάϐολον,
1137 1669 1170 1739 ἢ
1201 1670 1387 1733 ἁπλῶς
1417 1671 1618 1736 εἰπεῖν,
1673 1671 1894 1726 αὐτοκί-

310 1771 474 1825 νητος
512 1752 580 1828 ῆν
612 1758 645 1828 ἦ
676 1760 1089 1831 έτεροκίνητοςς

1994 582 2258 636 iuntatem
2292 582 2416 648 Dei;
2446 592 2610 654 atque
2635 586 2707 640 ita
2736 585 2867 642 vicit
2892 586 3170 642 diabolum
3198 628 3214 653 ,
3249 603 3359 644 non
3402 604 3570 661 oppo-

1994 671 2096 727 sita
2125 681 2180 727 et
2231 673 2579 744 suppeditata
2611 677 2664 731 in
2714 677 3054 744 luctatione,
3099 678 3285 734 divina
3330 681 3566 741 virtute.

1993 763 2278 834 ampliore,
2309 782 2468 837 quam
2507 768 2765 833 naturali,
2798 769 2892 825 sed
2932 778 2990 824 ut
3022 769 3251 827 decebat
3284 770 3476 837 Deum,
3518 783 3571 824 et

1994 855 2189 926 legem,
2229 872 2364 913 usus
2403 861 2769 929 naturalibus,
2796 870 2850 915 et
2873 860 3128 916 omnibus
3160 870 3368 915 natura:
3396 861 3568 931 parti-

1993 947 2119 1013 bus,
2151 959 2205 1004 et
2228 951 2485 1020 potentiis
2513 992 2526 1016 ,
2575 960 2629 1006 et
2658 954 2880 1023 organis
2916 954 2997 1009 sic
3048 953 3395 1024 compositis,
3427 953 3569 1008 sicut

1993 1042 2392 1109 conveniebat,
2449 1051 2508 1098 ut
2569 1060 2829 1100 mensura
2888 1045 3252 1100 humanitatis
3325 1045 3569 1114 postula-

1993 1128 2088 1183 bat
2116 1129 2251 1201 (45).
2278 1130 2456 1201 Atque
2482 1133 2555 1186 ita
2583 1133 2737 1197 vicit,
2762 1142 2816 1189 et
2837 1134 3078 1189 ostendit
3104 1141 3361 1188 naturam
3386 1134 3571 1189 victri-

1992 1234 2135 1284 cem,
2164 1229 2219 1275 et
2248 1229 2455 1277 naturae
2480 1223 2737 1296 deinceps
2776 1225 3027 1293 victoria,
3060 1233 3113 1282 et
3137 1223 3459 1296 justiﬁeatio
3488 1234 3570 1279 at-

1996 1310 2280 1367 tribuitur.

2068 1571 2128 1625 B.
2186 1571 2284 1625 Dic
2348 1552 2501 1636 mihi,
2560 1571 2679 1642 ipsa
2728 1585 2885 1628 mens
2947 1573 3206 1639 humana,
3268 1589 3390 1643 qua:
3447 1589 3569 1628 cum

1995 1660 2215 1715 diabolo
2246 1660 2580 1726 luctabatur,
2614 1661 3009 1716 movebaturne
3041 1678 3069 1715 a
3108 1676 3186 1725 se,
3216 1676 3283 1716 an
3319 1663 3388 1716 ab
3423 1662 3574 1716 alio?

382 1850 450 1902 A.
487 1848 699 1920 ’Ὠσπερ
726 1851 788 1902 ού
824 1850 1046 1919 λέγεται
1076 1854 1103 1905 ὁ
1130 1852 1220 1915 σὸς
1262 1852 1406 1915 νοῦς.
1439 1852 1471 1923 ἢ
1507 1852 1663 1917 ποῦς,
1694 1853 1725 1924 ἢ
1768 1853 1889 1924 χεὶρ

2063 1842 2126 1897 Α.
2171 1840 2325 1896 Sicut
2353 1856 2461 1895 non
2493 1840 2699 1895 dicitur
2728 1854 2888 1896 mens
2920 1847 3035 1904 tua,
3063 1847 3158 1892 aut
3186 1852 3303 1908 pes,
3339 1845 3433 1891 aut
3455 1852 3571 1892 ma-

309 1939 583 1992 κινεῖσθαι
609 1957 622 1970 ·
661 1943 726 1994 σὺ
751 1941 859 2012 γὰρ
886 1943 914 1995 6
945 1942 1036 1995 τὸν
1066 1943 1158 1996 σὸν
1185 1940 1329 2007 νοῦν,
1373 1947 1465 1998 καὶ
1498 1945 1567 1998 τὰ
1605 1944 1767 2015 μέλη,
1796 1946 1890 1999 καὶ

310 2030 408 2092 τὰς
438 2030 699 2100 δυνάμεις
728 2034 913 2098 κινῶν,
937 2033 1033 2087 καὶ
1068 2034 1370 2106 ῥυθμίζων,
1393 2036 1468 2099 ὡς
1493 2036 1710 2107 βούλει·
1747 2036 1894 2090 οὕτω

311 2122 404 2175 καί.
432 2125 459 2175 ό
487 2123 620 2184 Θεὸς
661 2125 858 2193 Λόγος,
889 2125 1052 2190 αὐτὸς
1084 2122 1174 2198 ῆν,
1203 2129 1230 2180 6
1256 2129 1349 2180 τὸν
1393 2128 1522 2201 ἴδιον
1549 2127 1891 2200 ἀνθρώπινον

312 2213 463 2280 νοῦν,
505 2216 737 2280 καὶτὰς
786 2219 1093 2288 αἰσθήσεις,
1141 2220 1236 2272 καὶ
1288 2221 1529 2290 φυσικὰς
1573 2220 1737 2285 ἕξεις,
1796 2223 1891 2275 καὶ

310 2299 570 2369 δυνάμεις
596 2303 788 2368 κινῶν,
822 2305 918 2359 καὶ
937 2305 1332 2378 διακυϐερνῶν,
1352 2307 1429 2371 ὡς
1450 2307 1723 2377 βούλεται,
1755 2310 1892 2380 πρὸς

313 2387 375 2439 τὸ
407 2389 701 2458 εἰρημένον
726 2393 878 2465 παρὰ
912 2394 1029 2459 σοῦ,
1062 2395 1143 2449 ὅτι
1184 2396 1557 2468 αύτοκίνητος,
1592 2398 1624 2469 ἢ
1654 2399 1894 2470 έτεροκί-

316 2494 479 2545 νητος
509 2482 537 2533 6
572 2481 699 2546 νοῦς
726 2484 821 2538 τοῦ
852 2485 1093 2558 Χριστοῦ
1116 2501 1130 2517 ⁸
1165 2486 1324 2542 τοῦτό
1368 2506 1571 2560 φαμεν,
1606 2490 1682 2553 ὡς
1714 2488 1828 2561 ἔχει
1858 2492 1891 2562 ἡ

318 2566 506 2636 φύσις,
541 2573 661 2644 ῆτοι
695 2576 790 2629 καὶ
817 2578 849 2647 ὴ
885 2577 1056 2650 ψυχὴ,
1083 2579 1178 2633 καὶ
1202 2579 1264 2633 τὸ
1282 2580 1463 2651 σῶμα,
1490 2582 1674 2635 καίτά
1704 2582 1892 2637 τούτου

317 2659 486 2731 μέρη,
522 2664 619 2717 καὶ
669 2667 1025 2740 αἰσθητήρια,
1075 2671 1309 2726 ἕκαστον
1365 2673 1501 2726 ἰδίαν
1548 2674 1669 2727 τινά
1715 2675 1892 2746 ἁπλῆν

314 2750 413 2804 καὶ
439 2755 680 2827 φυσικὴν
707 2759 948 2830 κίνησιν.
980 2762 1043 2815 El
1083 2764 1159 2834 μὴ
1192 2763 1302 2833 γὰρ
1332 2763 1517 2834 έχουσι
1542 2769 1714 2819 ταῦτα
1750 2769 1895 2821 κατὰ

315 2841 480 2909 φύσιν
502 2846 625 2899 τινὰ
648 2847 892 2919 κίνησιν,
933 2852 1033 2905 οὐκ
1063 2852 1129 2905 ἂν
1154 2854 1316 2922 ἡμεῖς
1355 2853 1717 2924 δυνηθείημεν
1752 2856 1894 2927 αὐτὰ

313 2933 564 3003 κινῆσαι.
604 2935 715 3007 Τὴν
751 2933 847 2992 οὗν
874 2938 1111 3011 φυσικὴν
1148 2942 1241 2994 καὶ
1288 2940 1466 3012 ἁπλῆν
1492 2942 1706 3013 κίνησιν
1728 2946 1891 3014 ἡμεῖς

313 3026 865 3098 παραλαμϐάνοντες,
905 3031 1168 3102 κινοῦμεν
1199 3034 1295 3086 καὶ
1327 3033 1668 3104 ῥυθμίζομεν
1696 3037 1888 3107 αὐτὴν,

312 3116 389 3214 ῶς
418 3116 482 3169 ἃν
521 3117 872 3188 βουλοίμεθα,
908 3119 1112 3184 καλῶς,
1146 3119 1179 3192 ἢ
1209 3121 1416 3185 κακῶς.
1440 3118 1562 3176 Οῒον
1586 3123 1769 3193 έχουσι
1790 3126 1890 3196 τὴν
1918 3158 1961 3214 C

312 3205 629 3280 βαδιστικὴν
662 3209 878 3279 κίνησιν
909 3210 1158 3280 φυσικῶς
1197 3213 1245 3265 οἰ
1290 3212 1483 3274 πόδες’
1534 3212 1646 3280 ἐγὼ
1689 3214 1748 3266 δὲ
1790 3215 1887 3267 κέ-
1925 3205 1943 3239 ⁷

310 3316 524 3370 χρημαι
576 3293 643 3373 τῇ
723 3302 974 3373 βαδίσει,
1026 3303 1103 3366 ὡς
1176 3303 1461 3374 βούλομαι.
1524 3305 1782 3375 Ἔχουσιν
1837 3308 1888 3360 οἰ

308 3390 578 3461 ὀφθαλμοὶ
632 3392 691 3445 τὸ
726 3392 916 3457 άπλῶς
964 3394 1131 3465 ὁρᾷνο
1183 3395 1294 3463 ἐγὼ
1334 3395 1412 3458 δὲ,
1464 3396 1539 3459 ὡς
1598 3395 1885 3468 βούλομαι,

310 3480 593 3552 κέχρημαι
642 3485 707 3552 τῇ
739 3482 952 3553 ὁράσει.
987 3483 1061 3538 Τὸ
1106 3479 1200 3537 οὖν
1238 3484 1370 3556 ὁρᾷν
1408 3487 1473 3539 ὲκ
1513 3486 1612 3556 τῆς
1667 3487 1886 3556 φύσεως

308 3570 446 3641 έχω·
480 3572 640 3636 τὸδὲ,
679 3573 798 3637 πῶς
832 3575 985 3646 όρᾷν,
1016 3575 1077 3639 ἐξ
1103 3576 1343 3647 ἐμαυτοῦ
1392 3578 1563 3632 ἐστιν.
1607 3579 1889 3643 Ὡσαύτως

309 3663 406 3715 καὶ
437 3664 529 3716 ἐπὶ
558 3665 659 3735 τῆς
685 3664 984 3736 θελήσεως,
1018 3667 1113 3721 καὶ
1140 3667 1251 3719 τῶν
1281 3667 1493 3721 λοιπῶν
1533 3669 1631 3739 τῆς
1668 3669 1888 3740 φύσεως

254 3782 263 3788 -
312 3754 520 3825 μερῶν,
569 3756 665 3809 καὶ
717 3756 811 3810 ἐπὶ
858 3756 1020 3810 αὑτοῦ
1070 3756 1168 3811 τοῦ
1198 3758 1312 3812 νοῦ.
1356 3760 1402 3790 ⁸⁸
1436 3759 1589 3828 Ἔχει
1633 3760 1745 3832 γὰρ
1794 3763 1889 3816 καὶ

309 3846 474 3909 αὐτὸς
501 3847 748 3914 φυσικῶς
779 3847 841 3900 τὸ
886 3847 1072 3911 ἁπλῶς
1098 3847 1435 3917 λογίζεσθαι,
1478 3851 1575 3903 καὶ
1625 3852 1811 3917 τοῦτο,
1850 3855 1885 3925 ἢ

307 3936 502 3990 τοῦτο·
535 3935 646 4005 ἐγὼ
689 3939 746 3991 δὲ
781 3940 847 4009 τῇ
886 3938 1118 4011 τοιαύτῃ
1147 3943 1349 4012 φυσικῇ
1379 3941 1607 4011 δυνάμει
1653 3943 1751 3997 τοῦ
1795 3945 1888 3998 νοῦ

307 4028 610 4098 κέχρημαι,
638 4028 713 4092 ὡς
741 4028 1009 4100 βούλομαι
1039 4030 1183 4084 κατὰ
1204 4029 1456 4102 γνώμην,
1488 4034 1608 4104 ἦτοι
1644 4034 1806 4099 καλὰ,
1852 4037 1885 4107 ἢ

306 4119 461 4173 κακὰ
486 4117 859 4192 λογιζόμενος.
893 4123 990 4175 καὶ
1025 4124 1504 4194 κατεργαζόμενος
1523 4125 1622 4196 τὴν
1661 4126 1756 4181 τοῦ
1795 4128 1888 4182 νοῦ

304 4211 560 4284 δύναμιν,
581 4216 659 4278 εἰς
687 4215 826 4284 ὅπερ
857 4215 1103 4285 ἐφίεμαι.
1132 4215 1207 4268 Τὸ
1238 4216 1367 4284 γοῦν
1391 4216 1579 4282 ἁπλῶς
1594 4220 1885 4281 κινεῖσθαι,

305 4300 452 4354 κατὰ
511 4303 610 4372 τὴν
672 4290 913 4372 ἰδιότητα
963 4304 1194 4357 ἑκάστου
1252 4306 1452 4374 μέρους
1509 4307 1610 4377 τῆς
1673 4308 1890 4377 φύσεώς

305 4394 464 4445 ἐστι·
499 4393 558 4446 τὸ
590 4393 647 4446 δὲ
674 4393 791 4457 πῶς
846 4394 1138 4457 κινεῖσθαι,
1172 4396 1272 4463 τῆς
1315 4396 1689 4461 ὑποστάσεως.
1734 4400 1890 4456 υῦτω

1994 1950 2098 1989 nus
2158 1933 2415 2000 moveri;
2463 1942 2519 1987 tu
2574 1933 2721 1987 enim
2753 1947 2813 1987 es
2845 1932 2939 2002 qui
2992 1937 3231 1986 mentem
3291 1938 3464 1994 tuam,
3519 1936 3569 1984 et

1994 2024 2261 2089 membra,
2314 2039 2380 2079 ac
2426 2024 2700 2094 potentias
2744 2038 2934 2080 moves
2979 2021 3378 2079 et-moderaris
3428 2021 3569 2076 sicui

1994 2117 2078 2173 vis
2125 2135 2138 2171 :
2188 2118 2268 2172 sic
2330 2114 2474 2171 Deus
2534 2114 2769 2172 Verbum
2824 2115 2941 2186 ipse
2989 2122 3108 2170 erat
3155 2114 3247 2184 qui
3295 2113 3570 2184 propriam

1995 2215 2230 2262 mentem
2262 2209 2581 2270 humanam,
2609 2215 2661 2261 et
2688 2220 2906 2271 sensus,
2934 2212 2989 2261 et
3019 2205 3300 2260 naturales
3323 2202 3565 2267 habitus,

1994 2312 2057 2352 ac
2092 2298 2368 2368 potentias
2418 2298 2674 2353 movebat
2721 2306 2776 2354 et
2824 2298 3167 2368 gubernabat
3225 2305 3287 2351 ut
3331 2295 3568 2350 volebat.

1994 2390 2151 2457 Quod
2191 2399 2371 2446 autem
2405 2390 2686 2460 quaerebas
2715 2430 2732 2458 ,
2764 2400 2946 2445 utrum
2984 2404 3139 2445 mens
3180 2387 3385 2443 Christi
3427 2402 3457 2440 a
3515 2400 3574 2441 se

1995 2498 2062 2536 an
2095 2482 2166 2537 ab
2203 2482 2311 2537 alio
2343 2490 2680 2550 moveretur,
2710 2482 3107 2554 respondemus
3140 2481 3285 2553 quod
3310 2495 3487 2545 mens,
3520 2488 3575 2533 et

1997 2574 2177 2629 anima
2198 2571 2334 2646 (64),
2358 2581 2416 2630 et
2441 2589 2669 2645 corpus,
2692 2583 2747 2631 et
2765 2584 2952 2648 partes
2976 2573 3248 2644 corporis,
3273 2581 3326 2628 et
3348 2586 3571 2633 sensus.

1996 2666 2427 2736 unumquodque
2459 2666 2652 2720 horum
2685 2667 2968 2737 proprium
3002 2664 3292 2735 quemdam
3347 2672 3402 2719 et
3443 2664 3574 2717 sim-
3608 2688 3615 2695 -

1994 2754 2194 2823 plicem
2245 2770 2309 2810 ac
2340 2758 2648 2812 naturalem
2701 2766 2906 2812 motum
2959 2756 3143 2811 habet.
3176 2752 3233 2809 Si
3265 2754 3412 2808 enim
3463 2767 3571 2806 nor.

1958 2912 1975 2921 κ
1995 2846 2260 2902 haberent
2290 2847 2408 2902 haec
2452 2849 2753 2904 secundum
2782 2858 3032 2903 naturam
3069 2855 3278 2901 motum
3309 2846 3548 2915 aliquem

1992 2954 2106 2993 non
2135 2955 2423 3009 possemus
2453 2956 2559 2997 nos
2606 2940 2844 2995 naturali
2897 2950 2951 2996 et
2991 2939 3229 3009 simplici
3261 2947 3410 2992 motu
3451 2953 3572 2991 mn-

1992 3031 2129 3097 veri,
2155 3047 2317 3101 quem
2341 3046 2439 3086 nos
2469 3032 2830 3101 suscipimus,
2859 3040 2912 3086 et
2940 3046 3004 3085 eo
3038 3045 3347 3093 movemur,
3375 3037 3428 3083 et
3456 3044 3569 3081 nm-

1993 3121 2253 3177 deramur
2281 3138 2433 3188 eum,
2472 3132 2530 3176 ut
2575 3123 2849 3185 volumus.
2898 3124 3036 3177 bene
3065 3123 3150 3176 vel
3203 3112 3366 3175 male.
3405 3118 3570 3174 Verbi

1994 3212 2190 3281 gratia,
2234 3211 2434 3266 habent
2469 3212 2635 3280 pedes
2667 3212 2982 3267 facultatem
3021 3214 3242 3267 insitam
3279 3213 3346 3267 ad
3382 3212 3571 3265 ambus

1994 3302 2251 3368 landum;
2291 3318 2393 3374 ego
2419 3319 2551 3358 vero
2608 3313 2734 3358 utor
2766 3304 3042 3375 ingressu,
3080 3306 3473 3368 ambulatione,
3515 3314 3572 3357 ut

1995 3391 2139 3446 volo.
2171 3390 2384 3447 Habent
2414 3394 2561 3447 oculi
2601 3393 2913 3449 facultatem
2957 3394 3179 3450 videndi
3212 3393 3535 3463 simpliciter
3556 3436 3570 3457 ,

1994 3496 2094 3551 ego
2123 3496 2253 3536 vero
2293 3491 2544 3552 aspectu,
2579 3493 2639 3538 ut
2670 3485 2822 3548 libet,
2857 3494 3004 3539 utor.
3040 3486 3110 3541 L‘t
3134 3484 3302 3556 igitur
3327 3484 3569 3548 videam,

1997 3582 2028 3621 a
2097 3575 2294 3622 natura
2346 3568 2559 3634 habeo,
2596 3572 2886 3641 quomodo‘
2942 3580 3123 3626 autem
3202 3570 3442 3636 videam,
3505 3586 3570 3623 ex

1997 3671 2084 3712 me
2125 3666 2233 3715 est.
2287 3656 2558 3715 Similiter
2586 3662 2646 3714 lit
2679 3662 2732 3715 in
2786 3662 3101 3727 voluntate,‘
3135 3672 3186 3715 et
3246 3664 3295 3715 in
3348 3662 3573 3731 reliquis

1998 3749 2254 3820 partibus
2282 3759 2510 3817 naturae,
2544 3760 2599 3808 et
2631 3753 2685 3806 in
2730 3752 2846 3822 ipsa
2877 3761 3082 3806 mente.
3125 3752 3282 3814 Utor,
3320 3760 3381 3805 ut
3429 3754 3572 3815 volo,

1996 3850 2051 3898 ct
2080 3843 2384 3897 secundum
2413 3845 2765 3910 sententiam,
2793 3844 2843 3898 id
2872 3852 2977 3911 est,
2999 3844 3251 3906 honesta,
3276 3844 3368 3897 aut
3388 3860 3574 3914 prava.

1997 3944 2278 4006 potestate
2333 3938 2536 3991 mentis
2596 3936 2800 4007 cogito,
2857 3945 2911 3989 et
2951 3951 3170 4006 operor.
3219 3936 3374 4000 Quod
3408 3936 3575 4005 igitur

1997 4027 2264 4091 diximus,
2299 4027 2628 4096 simpliciter
2670 4028 2877 4081 moveri
2931 4028 3232 4083 secundum
3266 4028 3576 4098 pt‘Opl‘lcla-
3632 4076 3635 4079 ,

1997 4129 2104 4175 tem
2137 4121 2406 4191 cujusque
2442 4119 2607 4192 384
2633 4122 2806 4190 partis
2834 4160 2849 4183 ,
2889 4128 3101 4175 natura:
3137 4131 3256 4186 est;
3302 4120 3574 4191 quomodo

1999 4220 2177 4267 autem
2210 4212 2336 4282 quis
2382 4221 2689 4275 moveatur,
2725 4229 2974 4281 persona:
3002 4221 3107 4268 est.
3146 4213 3236 4267 Sic
3266 4214 3319 4266 in
3352 4213 3573 4267 Clll‘iSlt.‘

1998 4303 2461 4371 intellige.~Sicut
2488 4303 2693 4357 dicitur
2719 4303 2872 4359 faber
2905 4304 3171 4374 lignarius
3214 4305 3410 4359 fecisse
3448 4320 3575 4374 pro-

1998 4404 2114 4472 pria
2155 4417 2318 4456 manu
2373 4402 2544 4457 sedile
2578 4419 2593 4467 ;
2628 4416 2681 4456 et
2723 4403 2960 4457 dicimus
3003 4405 3132 4457 item
3182 4418 3403 4456 manum
3438 4402 3573 4457 fabri

304 4483 408 4536 καὶ
439 4484 535 4537 ὲπὶ
569 4485 808 4556 Χριστοῦ
840 4486 975 4539 νόει.
1008 4485 1224 4557 Ὠσπερ
1258 4486 1479 4556 λέγεται
1518 4491 1546 4541 6
1583 4492 1791 4546 τέκτων
1825 4496 1887 4564 τῇ

2000 4494 2215 4564 lignarii
2260 4493 2459 4548 fecisse
2486 4494 2691 4559 sedile;
2752 4495 2829 4548 sic
2866 4495 3101 4549 dicimus
3133 4494 3299 4547 Deum
3335 4494 3572 4549 Verbum

307 4573 425 4645 ἰδία
452 4577 601 4645 χειρὶ
630 4576 996 4645 πεποιηκέναι
1025 4576 1118 4629 τὸν
1146 4576 1353 4647 θρόνον,
1388 4579 1483 4631 καὶ
1513 4577 1769 4651 λέγομεν,
1801 4583 1882 4636 ὅτι

303 4670 342 4739 ἡ
404 4667 526 4738 χεὶρ
563 4668 658 4721 τοῦ
706 4667 959 4731 τέκτονος
1004 4668 1097 4722 τὸν
1151 4669 1338 4739 θρόνον
1375 4670 1708 4741 πεποίηκεν·
1735 4673 1879 4728 οὕτω

1996 4586 2192 4642 vicisse
2224 4600 2390 4638 carne
2423 4601 2437 4648 ;
2493 4593 2547 4638 et
2579 4599 2775 4639 rursus
2804 4584 3042 4639 dicimus
3097 4600 3316 4640 carnem
3353 4587 3571 4648 vicisse,

1991 4675 2042 4727 id
2072 4687 2174 4736 est,
2203 4683 2455 4727 naturam
2489 4655 2847 4728 humanitatis
2876 4674 3008 4740 (45).

306 4756 518 4828 φαμὲν,
553 4758 772 4813 καὶτὸν
836 4759 970 4813 Θεὸν
1016 4761 1190 4829 Λόγον
1244 4762 1592 4831 νενικηκέναι
1637 4768 1703 4837 τῇ
1774 4771 1961 4839 σαρκὶ,
2022 4769 2118 4821 καὶ
2169 4766 2269 4838 τὴν
2336 4766 2513 4839 σάρκα
2572 4765 2803 4836 λέγομεν
2844 4768 3005 4820 πάλιν
3056 4768 3400 4839 νενικηκέναι
3457 4770 3571 4840 ῆτοι

302 4849 413 4921 τὴν
452 4848 614 4918 φύσιν
638 4850 739 4920 τῆς
765 4850 1210 4922 ἀνθρωπότητος.

380 4939 444 4993 Β.
487 4937 610 5002 Πῶς
638 4941 667 4992 6
709 4939 883 5011 Ἀδὰμ
922 4939 1171 5012 ήττήθη;
1203 4940 1326 5011 ούχὶ
1371 4941 1652 5011 διστάσας,
1686 4947 1890 5017 μᾶλλον

302 5031 352 5084 δ’
385 5031 696 5101 ἀπιστήσας
723 5031 802 5102 τῷ
844 5031 989 5101 λόγῳ
1020 5032 1115 5085 τοῦ
1161 5031 1319 5097 Θεοῦ,
1366 5036 1461 5088 καὶ
1488 5038 1785 5103 πιστεύσας
1814 5040 1891 5111 τῷ

305 5120 552 5191 διαϐόλῳ
572 5139 587 5187 ;

385 5215 449 5266 Δ.
494 5212 569 5266 Τδ
594 5213 740 5266 λεῖον
772 5214 876 5284 τῆς
897 5214 1095 5285 ἡδονῆς
1115 5212 1330 5282 ἕθελξεν
1358 5218 1521 5274 αὐτὸν
1547 5223 1763 5292 πρῶτον
1789 5229 1888 5295 τῆς

309 5303 636 5375 ἐπιθυμίας,
673 5300 793 5358 εἶτα
848 5304 1147 5359 ὲδίστασεν.
1192 5307 1253 5359 El
1306 5308 1414 5380 γὰρ
1458 5312 1532 5383 μὴ
1581 5314 1747 5368 καλὸν
1796 5312 1882 5387 ἦν,

2070 4947 2129 5002 Β.
2159 4946 2445 5013 Quomodo
2476 4949 2651 5002 Adam
2678 4950 2855 5004 victus
2889 4962 2971 5005 est
2996 4950 3020 5003 ?
3048 4966 3231 5005 nonne
3265 4950 3566 5010 dubitans?

2002 5040 2110 5095 imo
2142 5041 2326 5109 potius
2351 5057 2460 5096 non
2494 5041 2724 5098 credens
2760 5042 2928 5098 verbo
2959 5042 3078 5108 Dei,
3112 5050 3166 5099 et
3196 5044 3430 5100 credens
3462 5034 3575 5100 dia-

1999 5134 2169 5188 bolo?

2074 5224 2139 5277 A.
2184 5222 2454 5278 Blanditia
2510 5223 2686 5294 ipsius
2727 5223 3017 5294 voluptatis
3050 5223 3286 5293 primum
3325 5224 3571 5280 delinivit

1995 5332 2119 5371 eum
2147 5317 2483 5388 cupiditate;
2512 5316 2713 5372 deinde
2738 5314 3031 5372 dubitavit.
3056 5313 3173 5370 Nisi
3203 5315 3491 5386 pulchrum
3523 5322 3570 5372 ei

1582 5428 1814 5484 ἻΑΙῖἰίΕ
1850 5430 2259 5489 LECTIONES.

363 5490 407 5519 3‘
466 5488 824 5544 Desideratur
857 5489 909 5543 in
937 5489 1126 5545 codice
1154 5487 1318 5545 Turr.

1832 5592 2062 5648 NOTAE}.

387 5694 502 5770 (43)
546 5693 597 5747 ΙιΙ
645 5704 749 5754 est,
797 5707 988 5749 natura
1044 5698 1279 5753 humana
1332 5700 1385 5754 in
1416 5700 1635 5757 Christo
1673 5722 1886 5774 semper

318 5762 415 5817 fuit
456 5775 597 5816 intra
638 5782 949 5819 mensulam
984 5782 1162 5820 suam.

2208 5706 2429 5783 Videtur
2452 5706 2539 5783 hic
2562 5705 2758 5783 legisse
2780 5704 2943 5783 Turr.
2983 5708 3043 5783 ξω
3069 5710 3211 5772 νοῦς,
3233 5713 3325 5783 κλί
3404 5712 3568 5783 dum.

2074 5778 2186 5845 (43$)
2214 5776 2472 5831 Naturam
2506 5777 2863 5831 humanitatis
2898 5778 2949 5831 in
2981 5778 3259 5845 iivpostasi
3297 5776 3443 5833 dicit
