3912 6202
359 319 495 388 1527

1567 328 1955 390 THEODORI
1993 333 2033 389 Α
2043 332 2360 393 ΒΗΟΑΒίΕ

357 437 531 490 visum
589 443 758 498 esset,
820 437 964 505 quod
1032 437 1386 495 interdictum
1435 450 1573 507 erat,
1638 459 1918 514 nunquam

2033 449 2161 517 μήτε
2191 448 2393 518 ὡραῖον
2424 448 2596 517 ἐφάνη
2632 449 2776 520 αὐτῷ
2811 452 2870 504 τὸ
2898 452 3358 523 ἀπηγορευμένον
3401 458 3586 526 φυτὸν,

354 533 588 580 mentem
619 541 772 580 suam
802 527 1126 598 decepisset.
1164 531 1230 585 Et
1291 532 1516 590 adverte
1563 535 1711 604 quod
1770 535 1910 599 dico,

351 615 398 670 si
424 614 674 670 diabolus
707 618 1040 675 ostendisset
1066 622 1114 676 ei
1148 623 1376 691 lignum,
1405 625 1552 679 unde
1577 627 1810 695 sumpsit
1831 641 1918 680 ve-

353 705 506 761 titum
531 709 734 772 cibum,
767 719 906 764 tetro
927 711 1114 774 odore,
1159 721 1211 765 et
1235 711 1542 781 spinosum,
1564 724 1616 767 et
1646 729 1913 777 amarum,

350 797 686 870 dixissetque
713 820 726 855 :
758 801 814 855 Si
849 817 916 856 ex
949 802 1051 856 hoc
1077 803 1406 867 comederis,
1437 804 1546 858 eris
1572 803 1736 868 Deus,
1775 821 1916 858 nun-

349 906 511 959 quam
542 892 661 946 sine
690 893 1011 962 probatione
1055 901 1109 948 et
1162 893 1519 964 indagatione
1547 895 1724 948 locum
1762 894 1915 947 falla-

349 979 447 1034 ciae
482 981 603 1048 ejus
634 981 892 1035 dedisset.
928 982 1070 1052 Quin
1108 985 1288 1052 potius
1320 986 1535 1038 curiose
1567 985 1633 1038 de
1660 999 1722 1038 ea
1749 999 1807 1038 rc
1835 985 1918 1036 in-

348 1071 687 1140 quisivissct,
719 1089 781 1126 ac
809 1074 1143 1141 respondens
1167 1076 1393 1128 dixisset
1419 1093 1431 1125 :
1460 1073 1611 1129 Unde
1637 1076 1740 1128 hoc
1766 1076 1919 1129 scis?

349 1170 441 1213 aut
470 1161 614 1215 unde
662 1164 790 1215 mihi
841 1163 940 1215 hoc
977 1166 1197 1230 probas,
1237 1175 1289 1217 et
1327 1182 1410 1217 me
1439 1173 1649 1220 certum
1684 1165 1863 1218 reddis
1895 1165 1918 1217 ?

349 1261 400 1305 ct
448 1252 687 1322 denique
718 1269 994 1322 nunquam
1043 1256 1162 1308 sine
1199 1269 1323 1308 vera
1355 1255 1830 1310 demonstratione
1859 1257 1917 1308 li-

349 1342 471 1398 dem
501 1344 685 1398 verbis
716 1344 836 1412 ejus
872 1345 1234 1400 adhibuisset.
1266 1347 1565 1416 Postquam
1598 1361 1730 1400 vero
1759 1347 1912 1414 cupi-

349 1433 494 1488 ditas
519 1449 644 1488 eum
674 1432 923 1498 mollivit,
957 1436 1147 1492 fefellit
1174 1439 1288 1507 ipse
1322 1454 1478 1493 suam
1503 1441 1914 1510 cogitationem.

350 1525 443 1580 Sic
497 1527 678 1580 evenit
729 1527 795 1580 iis
843 1528 937 1595 qui
974 1528 1499 1598 pseudoprophetam
1540 1532 1914 1599 Agarenorum

351 1617 548 1680 secuti,
573 1617 926 1672 crediderunt
958 1619 1032 1680 ei,
1065 1623 1346 1674 concessis
1369 1626 1421 1673 ct
1453 1620 1737 1689 promissis
1771 1620 1917 1672 volu-

350 1709 590 1778 ptatihus
620 1709 854 1778 decepti.
891 1709 1026 1762 Cum
1056 1711 1197 1764 enim
1233 1712 1402 1764 multa
1433 1711 1626 1780 spolia,
1654 1718 1707 1764 et
1742 1711 1910 1779 legem

2018 535 2118 587 οὐκ
2149 534 2215 587 ἂν
2268 535 2459 587 ἐαυτὸν
2507 536 2971 608 ἐφρεναπάτησεν,
3007 543 3107 593 καὶ
3157 544 3254 595 τὸν
3300 545 3463 612 λόγον
3494 550 3589 600 τοῦ

2019 623 2216 692 ἐχθροῦ
2270 625 2632 694 παρεδέξατο.
2670 627 2780 678 Καὶ
2808 629 3041 698 πρόσχες
3181 630 3332 698 λέγω
3355 650 3368 662 ·
3403 635 3452 685 εί
3483 636 3590 687 ὑπ-

2019 712 2224 780 έδειξεν
2252 713 2401 784 αὐτῷ
2429 716 2458 768 ό
2487 715 2734 779 διάϐολος
2766 718 2926 784 φυτὸν
2956 720 3218 784 δυσῶδες,
3256 725 3585 789 ἀκανθῶδες,

2019 805 2113 858 καὶ
2138 805 2360 874 πικρὸν,
2393 806 2484 858 καὶ
2514 803 2670 859 εἶπεν
2697 809 2845 878 αὐτῷ
2865 824 2878 837 ’
2909 811 2972 862 Εἰ
3006 810 3205 879 φάγοις
3237 814 3346 866 ἀπὸ
3377 815 3584 881 τούτου,

2019 894 2116 965 ἔσῃ
2151 895 2280 958 Θεός
2308 912 2321 926 ο
2384 896 2483 949 οὐκ
2517 896 2583 949 ἂν
2630 897 3039 963 ἀναποδείκτως
3080 901 3175 953 καὶ
3217 904 3584 966 ἀνεξετάστως

2019 983 2350 1056 παρεδέξατο
2392 986 2492 1056 τὴν
2539 987 2777 1058 ἀπάτην.
2841 989 2981 1042 Ἀλλ’
3030 991 3585 1063 ἐπολυπραγμόνησεν

2019 1077 2085 1129 ἂν
2115 1077 2566 1146 ἀποκρινόμενος,
2608 1078 2704 1131 καὶ
2755 1078 2960 1146 λέγων·
2995 1080 3167 1132 Πόθεν
3208 1099 3289 1135 σοι
3334 1083 3496 1136 τοῦτο
3527 1086 3586 1136 τὸ

2020 1167 2240 1229 εἰδέναι,
2277 1169 2307 1236 ἦ
2341 1168 2508 1220 πόθεν
2556 1186 2644 1237 μοι
2680 1169 2944 1240 παρέχεις
2976 1171 3071 1238 τὴν
3099 1172 3347 1240 τοιαύτην
3376 1175 3586 1243 πληρο-

2021 1258 2250 1326 φορίαν,
2298 1259 2390 1309 καὶ
2443 1257 2754 1322 ἀπόδειξινς
2814 1260 2910 1313 καὶ
2959 1261 3138 1323 ἁπλῶς
3177 1262 3272 1314 οὐκ
3320 1263 3388 1316 ἄν
3447 1283 3580 1316 ποτε

2021 1349 2246 1418 ἐπείσθη
2284 1348 2409 1401 ἄνευ
2452 1349 2895 1418 ἀπαραλογίστου
2942 1353 3255 1418 ἀποδείξεως
3295 1353 3383 1405 τὸν
3414 1354 3582 1420 λόγον

2019 1437 2184 1489 αὐτοῦ
2219 1437 2645 1506 παραδέξασθαι.
2691 1439 2907 1509 Ἐπειδὴ
2936 1439 2992 1492 δέ
3038 1442 3069 1510 ἡ
3113 1442 3365 1510 ἐπιθυμία
3402 1445 3571 1511 ἐκαύ-

2019 1545 2179 1592 νωσε,
2209 1528 2300 1581 τὸν
2327 1527 2522 1581 ἑαυτοῦ
2544 1527 2802 1598 λογισμὸν
2847 1531 3266 1600 παρελογίσατο.
3299 1531 3445 1584 Οῦτω
3471 1535 3568 1585 καὶ

2017 1619 2067 1669 οἱ
2097 1619 2173 1687 τῷ
2195 1618 2617 1689 ψευδοπροφήτῃ
2651 1620 2760 1671 τῶν
2797 1621 3121 1689 Ἀγαρηνῶν
3152 1621 3565 1690 ἠκολουθηκότες

2023 1710 2456 1762 πεπιστεύκασιν
2517 1709 2663 1778 αὺτῷ
2693 1751 2707 1774 ,
2737 1713 2858 1772 ταῖς
2905 1710 3218 1779 δεδομέναις
3261 1715 3438 1774 αὐτοῖς
3485 1713 3573 1764 καὶ

351 1797 636 1853 remissam
673 1808 725 1854 et
755 1800 1076 1863 relaxatam,
1106 1809 1158 1853 et
1189 1815 1379 1853 eorum
1412 1800 1805 1868 cupiditatibus
1830 1801 1918 1868 ju-

2033 1796 2461 1866 ἑπηγγελμέναις
2498 1797 2712 1865 ἡδοναῖς
2741 1797 3160 1864 φενακισθέντες
3178 1816 3190 1829 ο
3224 1799 3451 1882 λάφυρα
3477 1801 3580 1869 γὰρ

350 1889 585 1944 cundam
610 1931 626 1955 ,
655 1890 941 1956 dedisset,
993 1889 1152 1946 facile
1187 1891 1589 1947 conscientiam
1635 1891 1916 1961 propriam

354 1982 503 2038 fatue
548 1981 918 2052 deceperunt,
948 1982 1414 2052 eredideruntque
1460 1982 1784 2051 pr0phetam
1825 1981 1916 2037 Dei

351 2089 474 2131 esse
508 2083 562 2129 et
607 2075 938 2144 apostolum.
976 2073 1215 2136 Etenim,
1240 2074 1346 2128 nisi
1381 2074 1763 2144 proposuisset
1799 2087 1922 2142 qua:

349 2166 697 2235 eisjucunda
741 2175 944 2231 essent,
982 2165 1075 2219 sed
1113 2166 1292 2233 potius
1327 2165 1552 2219 molesta
1579 2173 1634 2218 et
1664 2163 1922 2230 dimcilia,

349 2262 532 2313 statim
564 2268 781 2314 austere
828 2271 881 2313 et
914 2259 1031 2314 sine
1078 2259 1188 2312 ullo
1215 2258 1425 2328 pudore
1455 2256 1871 2324 respondissent
1904 2271 1920 2309 :

349 2339 520 2407 Unde
540 2350 700 2405 uohis
725 2350 926 2405 suades
973 2365 1096 2406 esse
1122 2357 1176 2404 te
1203 2365 1232 2402 a
1261 2349 1373 2403 Deo
1395 2347 1622 2402 missum
1649 2347 1671 2400 ἲ
1699 2354 1754 2401 et.
1782 2360 1922 2415 quo-

350 2443 514 2497 modo
545 2442 712 2498 tidem.
741 2441 911 2497 facis?
949 2441 1369 2511 exegissentque
1402 2440 1470 2493 ab
1506 2452 1573 2494 eo
1605 2437 1922 2507 perspicuas

351 2533 562 2594 eoruin,
597 2546 717 2600 quae
747 2531 983 2594 dicebat,
1017 2531 1272 2585 rationes.
1306 2529 1371 2584 Et
1400 2539 1456 2583 ut
1489 2543 1597 2582 uno
1635 2526 1799 2580 verbo
1833 2525 1922 2578 di-

351 2638 493 2687 cam,
544 2639 676 2680 cum
719 2631 950 2692 aegrotat
989 2638 1052 2677 ea
1111 2637 1239 2692 pars
1310 2635 1418 2690 qua
1460 2619 1752 2688 cupimus,
1789 2627 1918 2671 tunc

353 2725 588 2769 mentem
617 2716 786 2769 trahit
813 2723 867 2770 ct
901 2714 973 2768 ad
999 2713 1375 2769 assensionem
1410 2711 1587 2765 illicit.

2018 1889 2210 1951 πολλὰ,
2249 1889 2345 1941 καὶ
2397 1888 2592 1954 σκῦλα,
2642 1890 2735 1941 καὶ
2775 1889 2938 1959 νόμον
2969 1890 3276 1958 ἀνειμένον,
3325 1892 3421 1943 καὶ
3468 1894 3582 1952 ταῖς

2018 1981 2337 2052 ἐπιθυμίαις
2397 1980 2578 2034 αὐτῶν
2626 1981 2964 2053 καταθύμιον
3015 1982 3310 2047 δεδωκότος
3367 1985 3580 2046 αὐτοῖς,

2019 2071 2329 2142 ἐμώραναν,
2382 2073 2478 2124 καὶ
2530 2073 2886 2144 ἐξηπάτησαν
2932 2072 3028 2143 τὴν
3070 2072 3208 2126 [δίαν
3251 2073 3582 2142 συνείδησιν,

2021 2164 2114 2217 καὶ
2146 2163 2494 2223 ἐπίστευσαν.
2525 2163 2606 2216 ὅτι
2641 2163 2935 2233 προφήτης
2971 2163 3109 2228 ἐστὶ,
3147 2162 3244 2217 καὶ
3285 2163 3426 2216 Θεοῦ
3453 2164 3580 2217 ἀπό·

2021 2251 2227 2316 στολος.
2264 2253 2418 2305 Ἐπεὶ
2472 2242 2520 2304 έι
2553 2252 2720 2322 μηδὲν
2751 2252 3062 2323 προέτεινεν
3091 2255 3157 2306 ἐκ
3195 2253 3305 2306 τῶν
3350 2253 3580 2322 ἐφέσεων

2019 2341 2223 2406 αὐτῶν,
2256 2341 2392 2395 ἀλλὰ
2423 2341 2646 2412 λυπηρὰ
2668 2359 2814 2408 τινα,
2850 2343 2947 2396 καὶ
2991 2342 3202 2414 ἐργώδη
3232 2343 3421 2406 αὐτοῖς
3453 2361 3578 2413 προ-

2020 2434 2268 2498 εϐάλετο,
2297 2434 2458 2497 εὐθὺς
2487 2434 2552 2487 ἂν
2581 2434 2872 2504 αὐστηρῶς
2901 2435 3070 2505 αὐτῷ,
3099 2437 3194 2488 καὶ
3234 2436 3448 2504 ἰταμῶς
3481 2439 3578 2489 ἀπ-

2018 2525 2306 2595 εκρίναντο
2329 2542 2348 2566 ἰ
2379 2525 2490 2578 Καὶ
2523 2525 2688 2582 πόθεν
2736 2528 2886 2595 ἡμᾶς
2921 2527 3146 2589 πείθεις.
3173 2529 3256 2579 ὅτι
3283 2543 3346 2582 σε
3387 2529 3418 2581 ὁ
3457 2527 3581 2587 Θεὸς

2018 2614 2396 2679 ἀπέσταλκεν;
2431 2616 2525 2668 καὶ
2545 2617 2666 2669 τίνα
2693 2616 2959 2669 πίστωσιν
2987 2617 3178 2681 δίδως;
3209 2619 3306 2670 καὶ
3333 2617 3400 2671 ἂν
3428 2617 3578 2668 αὐτον

2024 2706 2418 2777 εἰσεπράξαντο
2439 2708 2710 2778 ἐναργεῖς,
2731 2701 2806 2761 ὧν
2827 2708 2980 2778 λέγῃ,
3009 2708 3108 2772 τὰς
3132 2709 3454 2774 ἀποδείξεις.
3476 2707 3576 2759 Καὶ

353 2807 539 2869 ἁπλῶς
565 2809 760 2871 εἰπεῖν,
811 2807 934 2860 ἐπεὶ
963 2807 1179 2870 πάντως
1212 2807 1275 2857 τὸ
1309 2802 1705 2873 ἐπιθυμητικὸν
1753 2800 1918 2866 νοσεῖ,
1961 2800 2054 2852 καὶ
2126 2801 2246 2854 τότε
2299 2801 2390 2853 τὸν
2434 2801 2558 2854 νοῦν
2608 2802 2929 2868 ἐπισπᾶται,
2982 2804 3077 2855 καὶ
3125 2801 3359 2865 δελεάζει
3442 2799 3572 2870 πρὸς

352 2901 768 2971 συγκατάθεσιν.

420 2996 480 3053 Β.
505 2992 920 3064 l’oteratne‘qui
952 2998 1070 3048 erat
1097 2989 1394 3046 secundum
1423 2985 1756 3060 hypostasim
1786 2985 1910 3041 uni—
1947 2999 1949 3001 ‘

2091 2983 2150 3039 Β.
2201 2981 2462 3037 ’ἰῐδύνατο
2491 2983 2518 3036 ὁ
2547 2980 2830 3054 ἡνωμένος
2860 2980 2982 3037 καθ’
3013 2982 3311 3039 ὑπόστασιν
3351 2981 3426 3055 τῷ
3466 2983 3578 3055 Θεῷ

351 3102 438 3146 tus
464 3089 598 3152 Deo,
622 3085 818 3142 etc’aro
837 3086 924 3139 illa
945 3086 1084 3138 trahi
1113 3085 1334 3138 omnino
1356 3080 1724 3150 voluptatibus
1746 3078 1910 3142 illius,

2033 3077 2178 3146 λόγῳ
2203 3076 2298 3130 καὶ
2349 3075 2553 3146 ήσάρξ
2600 3076 2783 3145 ἐκείνη
2816 3075 3228 3146 συναπαχθῆναι
3279 3077 3418 3140 ὅλως
3463 3077 3576 3140 ταῖς

350 3183 438 3252 qui
464 3181 726 3243 tentabat,
757 3187 814 3234 et
851 3179 1081 3232 mundi?

418 3277 483 3329 Α.
520 3273 634 3328 Νοη
660 3273 906 3342 potuisse
943 3272 1199 3334 dicimus,
1233 3286 1337 3323 non
1372 3279 1593 3338 propter
1625 3267 1917 3322 inﬁrmita-

351 3377 458 3424 tem
491 3375 546 3423 et
607 3367 977 3428 debilitatem,
1017 3363 1109 3418 sed
1147 3373 1368 3433 propter
1399 3360 1560 3431 385
1589 3359 1919 3416 convenien-

351 3463 481 3514 tiam
506 3459 734 3514 rationis
763 3467 816 3512 et
852 3456 1114 3511 decentia:
1137 3472 1150 3519 ;
1175 3457 1316 3509 sicut
1366 3453 1600 3508 dicimus
1625 3468 1730 3508 non
1757 3465 1919 3521 posse

355 3552 520 3607 [leum
552 3549 809 3620 iniuriam
841 3547 1039 3603 facere.

2014 3165 2108 3219 τοῦ
2136 3164 2491 3234 πειράζοντος
2512 3166 2751 3234 ἡδοναῖς,
2785 3167 2878 3219 καὶ
2904 3167 2997 3218 τοῦ
3026 3166 3266 3235 κόσμου;

2084 3260 2149 3310 Α.
2192 3256 2264 3307 Τὸ
2305 3254 2377 3324 μὴ
2408 3254 2668 3308 δύνασθαι
2701 3250 2802 3308 ὧδε
2835 3257 2895 3308 οὑ
2927 3257 3068 3310 κατά
3109 3258 3168 3310 τὸ
3208 3257 3461 3321 ἀσθενὲς,
3493 3261 3582 3312 καὶ

2013 3347 2346 3405 ἀνένδεκτον,
2373 3345 2466 3397 καὶ
2493 3343 2896 3414 ἁνεγχώρητον,
2923 3345 3061 3399 ἀλλά
3091 3349 3235 3401 κατὰ
3258 3349 3321 3402 τὸ
3343 3349 3580 3418 εῦλογον,

2016 3437 2110 3492 καὶ
2141 3436 2433 3507 εὐπρεπὲς,
2462 3437 2536 3500 ὡς
2567 3439 2660 3491 καὶ
2702 3438 2796 3490 ἐπὶ
2831 3437 2924 3491 τοῦ
2953 3437 3090 3492 Θεοῦ
3136 3455 3343 3508 φαμεν,
3394 3443 3479 3494 ὅτι
3525 3441 3585 3494 οὔ

2014 3531 2232 3585 δύναται
2260 3529 2534 3599 ἀδικῆσαι.

1912 3671 2048 3729 Vill.

519 3801 872 3870 Interrogatio
904 3798 1137 3852 Arabum
1167 3805 1351 3851 contra
1380 3796 1769 3851 Christianum.

805 3910 870 3962 Α.
926 3907 1123 3962 Christ.
1177 3905 1238 3958 Β.
1281 3905 1440 3958 Arab.

419 4003 479 4056 B.
515 4000 612 4055 Dic
640 3999 802 4062 mihi,
833 4007 988 4053 estne
1009 3995 1267 4051 Christus
1294 3994 1436 4050 Deus
1472 4004 1600 4050 tuus
1626 3996 1648 4048 ?

420 4093 486 4148 Α.
516 4091 773 4146 Maxime.

419 4186 479 4240 B.
510 4185 760 4240 Habesne
793 4181 960 4236 alium
999 4178 1169 4234 Deum
1203 4186 1402 4250 praeter
1433 4177 1602 4248 eum?

418 4279 485 4332 Λ.
528 4277 903 4345 Nequaquam.

420 4369 482 4422 Β.
514 4369 685 4437 Igitur
734 4365 894 4420 Pater
928 4372 984 4418 et
1028 4363 1266 4434 Spiritus
1314 4369 1542 4416 sanctus
1590 4356 1914 4412 exciderunt

350 4461 470 4514 tibi.

422 4552 485 4602 A.
518 4547 658 4601 Audi
691 4546 855 4599 etiam
881 4559 987 4602 me.
1019 4543 1124 4608 Sit,
1150 4541 1490 4609 exsistatquc
1518 4539 1604 4592 hic
1648 4537 1914 4604 scriptura

351 4643 556 4694 vestra,
587 4649 748 4702 quam
771 4633 960 4687 dicitis
1005 4647 1034 4686 e
1058 4632 1202 4686 coelo
1219 4628 1590 4692 descendisse,
1628 4632 1919 4695 percontor

352 4740 378 4771 ιι
413 4731 482 4782 te,
515 4721 761 4774 habesne
793 4719 952 4771 aliam
989 4727 1186 4786 praeter
1214 4715 1396 4769 hanc?

425 4899 482 4952 Β.
525 4896 874 4963 Rcspondeo.
905 4895 1108 4947 nullam
1149 4893 1317 4944 aliam
1345 4890 1564 4945 habere.

421 4992 486 5042 A.
525 4985 702 5056 Negas
739 4985 905 5055 igitur
922 4999 1137 5045 omnem
1163 4983 1364 5035 aliam?

422 5081 483 5134 B.
516 5078 773 5133 Maxime.

422 5175 492 5230 A.
523 5171 704 5243 Quid?
734 5169 790 5225 Si
823 5165 968 5224 adsit
1003 5165 1146 5221 aiius
1187 5165 1346 5230 liber,
1380 5163 1472 5234 qui
1504 5161 1752 5220 eamdem
1782 5160 1919 5216 scri-

351 5279 566 5339 pturam
599 5265 817 5332 habeat,
851 5276 1018 5334 negas
1053 5260 1384 5330 scripturam
1415 5256 1608 5313 illam?

426 5363 484 5414 Β.
535 5357 653 5414 Non
689 5368 772 5412 est
825 5357 955 5423 alia,
986 5361 1039 5408 et
1067 5351 1174 5407 alia
1211 5350 1484 5417 scriptura
1507 5390 1521 5416 ,
1569 5347 1663 5403 sed
1696 5345 1918 5410 eadem;

353 5449 570 5505 tametsi
598 5450 651 5501 in
685 5448 794 5500 alio
821 5447 962 5500 lihro
989 5443 1169 5514 posita
1202 5447 1307 5495 est.

423 5542 486 5594 A.
520 5539 611 5592 Sic
658 5553 758 5608 ego
795 5535 954 5588 etiam
994 5535 1138 5595 dico,
1171 5545 1278 5585 non
1314 5536 1399 5585 est
1446 5526 1607 5581 Pater
1657 5534 1710 5582 ct
1745 5524 1922 5595 Spiri-

355 5644 442 5687 tus
474 5638 702 5686 sanctus
741 5626 887 5679 aliud
934 5632 988 5677 et
1019 5623 1166 5677 aliud
1203 5630 1395 5691 praeter
1419 5617 1638 5686 Filium,
1667 5617 1919 5688 quamvis

357 5741 411 5782 ut
442 5723 543 5775 alia
578 5730 632 5775 et
685 5719 789 5772 alia
815 5716 1093 5786 hyposlasi
1127 5715 1412 5784 reperitur.

2194 3781 2514 3850 Ἐρώτησις
2558 3783 2818 3850 Ἀράϐων
2843 3785 2995 3852 πρὸς
3026 3787 3411 3854 Χριστιανόν.

2392 3903 2431 3950 Α
2491 3899 2862 3964 Χριστιανὸς,
2895 3902 2940 3952 Β
2997 3899 3208 3968 Ἄραψ.

2091 3989 2150 4042 Β.
2184 3987 2314 4040 Εἰπέ
2355 4005 2462 4057 μοι,
2494 3990 2521 4040 ὁ
2552 3989 2784 4058 Χριστὸς
2817 3989 2948 4052 Θεός
2984 3989 3076 4042 σού
3112 3992 3306 4058 ἐστιν;

2090 4079 2153 4129 A.
2185 4075 2310 4128 Ναί.

1987 4209 2008 4222 .
2092 4169 2150 4222 Β.
2187 4169 2368 4236 Ἔχεις
2399 4160 2491 4220 οὗν
2527 4167 2710 4238 ἕτερον
2744 4167 2876 4221 Θεὸν
2909 4168 3047 4238 πλὴν
3073 4170 3276 4235 aurati;

2092 4261 2156 4314 Α.
2181 4257 2332 4314 Οὐγί.

2092 4278 2156 4314 Α.
2181 4278 2256 4313 υυ
2301 4278 2332 4310 ι.

2091 4351 2152 4405 Β.
2184 4278 2391 4402 Οὐξοῦν
2424 4349 2452 4402 ὁ
2484 4349 2670 4421 Πατὴρ
2704 4351 2800 4404 καὶ
2839 4351 2901 4404 τδ
2937 4351 3160 4422 Πνεῦμα
3201 4353 3585 4410 diam-minu-

1953 4427 1996 4481 ἶ)
2026 4437 2110 4490 σίν
2140 4455 2243 4491 σοι.

2091 4529 2152 4580 Α.
2185 4528 2382 4580 ’Ἄκουε
2433 4527 2525 4580 καὶ
2553 4529 2616 4580 σὺ
2668 4528 2798 4596 παρ’
2842 4527 2999 4596 ἐμοῦ.
3043 4530 3317 4599 Παρέστω
3357 4534 3584 4587 ἐνταῦθα

2019 4618 2141 4670 καθ’
2171 4618 2516 4687 ὑπόστασινὴ
2545 4617 2788 4687 ὑμετέρα
2818 4617 3026 4689 γραφὴ,
3055 4620 3088 4688 ἡ
3122 4622 3185 4672 ἐκ
3208 4621 3306 4674 τοῦ
3332 4623 3582 4692 οὐρανοῦ.

2019 4708 2094 4772 ὥς
2127 4726 2261 4777 φατε
2282 4750 2295 4772 ,
2331 4709 2664 4762 κατελθοῦσα
2683 4725 2696 4738 ·
2742 4709 3004 4778 ἐρωτήσω
3033 4709 3092 4762 δέ
3122 4728 3181 4763 σε
3203 4751 3218 4775 ,
3249 4712 3398 4782 ἔχεις
3425 4715 3585 4783 ἄλλην

2020 4799 2235 4870 γραφὴν
2270 4800 2408 4869 πλὴν
2428 4799 2632 4867 ταύτης
2657 4815 2671 4860 ;

2092 4890 2152 4943 Β.
2200 4889 2617 4958 Ἀποκρινοῦμαί
2642 4906 2722 4941 σοι
2779 4889 2965 4941 λοιπον
2997 4890 3071 4960 μὴ
3111 4890 3276 4960 ἔχειν.

2088 4983 2151 5034 Δ.
2193 4980 2400 5033 Οὐκοῦν
2434 4981 2569 5050 ἀρνῇ
2602 4981 2781 5032 πᾶσαν
2816 4979 3006 5050 ἑτέραν
3040 4983 3303 5050 γραφήν;

2092 5072 2150 5124 Β.
2183 5072 2310 5126 Ναί.

2093 5164 2156 5215 Α.
2183 5160 2248 5214 Τί
2273 5157 2400 5226 οῦν;
2430 5161 2491 5214 Et
2516 5161 2719 5230 παρείη
2743 5159 2876 5229 ἄλλη
2913 5159 3113 5230 βίϐλος,
3136 5164 3238 5229 τὴν
3267 5161 3434 5231 αὐτὴν
3456 5177 3593 5230 γραο

2023 5255 2126 5327 φὴν
2157 5255 2374 5324 ἔχουσα,
2418 5253 2555 5323 ἀρνῇ
2588 5251 2687 5322 τὴν
2719 5251 2938 5322 γραφὴν
2975 5251 3230 5320 ἐκείνηνς

2092 5349 2150 5398 Β.
2183 5344 2297 5400 Οὐκ
2324 5343 2469 5396 ἐστιν
2500 5341 2655 5410 ἄλλη.
2675 5342 2770 5395 καὶ
2803 5340 2935 5412 ἄλλη
2967 5341 3174 5411 γραφὴ,
3209 5341 3326 5394 ἀλλ’
3362 5343 3393 5410 ἡ
3423 5342 3588 5410 αὑτὴ,

2021 5440 2069 5490 εἰ
2099 5436 2192 5489 καὶ
2217 5436 2275 5487 ἐν
2302 5425 2436 5504 ἄλλῃ
2463 5433 2557 5486 καὶ
2586 5432 2720 5504 ἄλλῃ
2745 5431 3087 5502 καθέστηκεν
3117 5433 3309 5501 βίϐλῳ.

2090 5529 2155 5580 Λ.
2202 5526 2359 5578 Ἀλλά
2384 5525 2538 5592 κάγὼ
2569 5524 2732 5592 λέγω,
2770 5524 2849 5577 ὅτι
2887 5525 2989 5576 οὐκ
3025 5523 3172 5576 ἐστιν
3200 5527 3226 5576 ὁ
3253 5523 3457 5591 Πατὴρ,
3487 5525 3596 5575 καὶ

2021 5619 2082 5670 τὸ
2108 5617 2329 5685 Πνεῦμα
2359 5616 2508 5678 ἄλλο,
2540 5615 2635 5669 καὶ
2664 5615 2792 5668 ἀλλο
2829 5615 2981 5685 παρὰ
3009 5615 3104 5667 τὸν
3137 5615 3285 5676 Υἱδν,
3325 5617 3370 5666 εἰ
3405 5615 3488 5667 καὶ
3529 5617 3594 5664 ἐν

2025 5710 2176 5778 ἄλλῃ,
2213 5709 2302 5763 καὶ
2333 5708 2468 5779 ἄλλῃ
2502 5707 2796 5762 ὑποστάσει
2833 5709 3168 5777 εὑρίσκεται.
