3912 6202
190 337 196 343 ’
249 326 378 393 1529

425 535 745 605 Ἐρώτησις
771 535 1097 606 Ἀταρηνοῦ
1123 537 1274 605 πρὸς
1306 536 1410 590 τὸν·
1436 537 1646 590 αὐτόν.

1665 330 2080 392 OPUSCULA.

1821 445 1913 501 IX.

3359 344 3489 410 1530
3529 293 3538 306 κ

2075 537 2312 603 Quaestio
2364 539 2426 592 ab
2467 539 2709 610 Agareno
2748 541 3006 595 Abucarm
3038 543 3331 610 proposita.

1549 625 1810 686 (Turriano
1841 622 2171 687 interprete.)

481 716 570 767 Ἀ.
601 715 635 766 ὁ
665 710 1040 781 Χριστιανὸς.
1082 713 1150 764 Β.
1175 712 1207 764 ό
1235 709 1574 778 Ἀγαρηνός.

311 809 376 860 Β.
420 805 554 859 Εἰπέ
601 821 712 874 μοι,
757 805 808 856 οἱ
849 801 1097 856 Ἰουδαῖοι
1141 801 1235 854 τὸν
1262 800 1522 871 Χριστὸν,
1564 800 1624 854 ὃν
1682 801 1817 856 Θεὸν

248 895 336 944 σὸν
363 888 502 946 εἶναι
521 891 722 958 λέγεις,
757 889 1194 960 σταυρώσαντες,
1227 889 1554 960 βουλομένου
1570 889 1815 961 αὑτοῦ,ἢ
1847 926 1860 941 .

253 984 324 1054 μὴ
354 982 703 1053 βουλομένου,
729 981 890 1034 τοῦτο
914 980 1323 1051 πεποιήκασιν;

314 1076 382 1128 Α.
407 1073 764 1144 Βουλομένου.

316 1166 381 1220 Β.
407 1166 522 1219 Οὐκ
552 1165 645 1218 οὑν
672 1163 833 1234 μόνον
855 1163 995 1216 είσὶν
1025 1162 1332 1227 ἀνεύθυνοι,
1363 1161 1502 1217 ἀλλὰ
1529 1163 1624 1219 καὶ
1655 1163 1819 1234 εὐχα-

253 1255 574 1326 ριπηθῆναι
596 1254 727 1326 παρ’
746 1253 900 1325 ὑμῶν
931 1253 1260 1322 ὀφείλουσιν.

318 1347 386 1400 Α.
423 1343 746 1415 Ἀπόκριναί
784 1361 898 1413 μοι,
940 1343 1321 1414 ἁντερωτῶντί
1359 1359 1455 1396 σεο
1501 1344 1614 1413 ἐγὼ
1661 1345 1821 1415 βλασ-

251 1437 449 1508 φημῶν
470 1436 592 1490 καθ’
644 1436 883 1506 ἑκάστην
910 1437 1148 1508 ἡμέραν,
1176 1435 1250 1499 ὡς
1285 1435 1348 1488 σὺ
1393 1435 1598 1504 λέγεις,
1625 1437 1705 1500 είς
1730 1436 1822 1490 τὸν

248 1529 381 1582 Θεόν
405 1545 521 1592 σου,
554 1528 781 1590 ἄκοντος
805 1527 970 1581 αὐτοῦ
1012 1526 1177 1580 τοῦτο
1216 1527 1467 1598 πράσσω,
1500 1526 1531 1595 ἢ
1563 1526 1818 1593 ὲκόντος;

249 1620 298 1673 εί
337 1619 433 1690 μὲν
459 1619 568 1689 γὰρ
598 1620 826 1681 ἄκοντος
849 1657 864 1682 ,
899 1617 1151 1687 ἀσθενής
1184 1620 1334 1671 ἐστιν
1360 1635 1374 1648 ο
1418 1619 1467 1672 εἰ
1493 1618 1550 1671 δὲ
1579 1619 1818 1682 ἑκόντος,

248 1710 309 1762 οὐ
337 1711 495 1781 μόνον
523 1711 624 1763 οὐκ
648 1709 877 1778 ὠφειλεν
910 1708 1038 1778 τέλη
1061 1749 1073 1772 ,
1106 1710 1198 1761 καὶ
1241 1709 1442 1780 φόρους
1469 1709 1820 1763 ἀπαιτεῖσθαι

248 1804 381 1874 παρ’
412 1803 570 1874 ἐμοῦ,
605 1801 742 1855 ἀλλὰ
772 1799 920 1870 δῶρα
951 1799 1297 1868 κομίζεσθαι,
1331 1800 1426 1853 ἅτε
1455 1799 1703 1870 βούλημα
1728 1799 1821 1852 τοῦ

246 1892 389 1947 Θεοῦ
426 1911 520 1947 σου
560 1892 805 1964 πληρῶν.
842 1891 961 1944 Ἔτι
993 1907 1085 1960 μοι
1125 1889 1424 1960 ἀπόκριναι
1448 1907 1463 1922 ο
1505 1890 1673 1960 ἡνίκα
1701 1893 1823 1952 ταῖς

259 1983 603 2053 Ῥωμαϊκαῖς
653 1979 1065 2051 ὲπιᾷατεύσοιτε
1111 1977 1336 2049 χώραις,
1367 1977 1422 2031 ετ
1451 1996 1531 2042 τις
1571 1977 1631 2044 ἐξ
1668 1978 1823 2049 ὑμῶν

243 2074 436 2127 αὐτόθι
470 2074 740 2143 φονευθῇ,
792 2071 893 2124 οὐκ
927 2072 1007 2133 είς
1035 2071 1128 2123 τὸν
1175 2070 1510 2141 παράδεισον
1535 2069 1826 2140 πορεύεται

243 2165 470 2228 πάντως
490 2165 565 2228 ὡς
595 2165 752 2234 ὑμεῖς
779 2161 1137 2232 δογματίζετε
1162 2177 1177 2227 ;

319 2256 386 2310 Β.
414 2256 522 2309 Ναὶ
549 2255 785 2318 πάντως.

321 2351 392 2400 Α.
435 2348 497 2400 Εἰ
532 2341 624 2399 οὖν
650 2363 745 2399 σου
788 2343 908 2415 ἅμα
939 2344 1019 2417 τῷ
1045 2344 1123 2415 σῷ
1161 2345 1203 2376 ³⁷
1233 2345 1442 2415 γνησίῳ
1484 2341 1697 2413 ἀδελφῷ
1729 2359 1830 2396 πε-

245 2439 620 2510 πορευμένου,
651 2439 748 2490 καὶ
782 2436 1364 2508 ἐπιστρατευσαμένου
1403 2439 1516 2499 τοῖς
1554 2435 1662 2489 τῶν
1698 2435 1831 2488 Ῥω-

246 2530 440 2600 μαίων
473 2529 564 2582 τὸν
585 2529 674 2582 σὺν
694 2528 810 2583 υἱὸν
833 2530 879 2562 ³⁸
912 2529 1144 2595 ἀνεῖλεν,
1165 2525 1276 2599 ἄρα
1296 2528 1387 2582 τὸν
1421 2527 1584 2581 αὑτὸν
1607 2526 1829 2581 ἀνελόν-

239 2637 320 2673 τα
376 2621 452 2684 ὡς
471 2620 664 2692 ἐχθρὸν
706 2621 1158 2692 ἁμύνεσθαι,καὶ
1199 2621 1548 2691 ἀνταναιρεῖν
1583 2617 1828 2689 ἔμελλες,

237 2711 276 2783 ἢ
311 2710 397 2772 ὡς
441 2713 739 2784 εὐεργέτην
781 2715 972 2785 τιμᾷν,
1009 2713 1104 2767 καὶ
1123 2711 1467 2777 ἀσπάζεσθαι
1520 2712 1616 2765 καὶ
1658 2729 1830 2765 κατα-

241 2799 456 2869 φιλεῖνς

319 2891 388 2942 Β.
422 2891 647 2952 Πάντως
673 2892 742 2945 ἂν
766 2891 1065 2944 ἀπέκτεινα
1087 2892 1252 2945 αὐτὸν
1285 2893 1565 2962 μυριάκις,
1604 2892 1700 2945 καὶ
1731 2907 1830 2961 με·

240 2981 412 3052 ληδὸν
436 2981 760 3051 κατέτεμον,
791 2981 906 3048 εἴγε
933 2983 1228 3054 δυναίμην.

312 3073 388 3126 Δ.
420 3072 528 3125 Καὶ
554 3071 672 3135 πῶς
691 3072 783 3125 τὸν
806 3073 978 3126 αῐτιον
1000 3073 1103 3142 τῆς
1121 3074 1378 3144 τοιαύτης
1402 3076 1681 3145 σωτηρίας
1728 3073 1826 3126 καὶ

236 3164 463 3235 τρυφῆς
476 3161 554 3232 τῷ
572 3162 649 3232 σῷ
670 3162 1042 3232 γεγενημένον
1064 3165 1106 3195 ³³
1131 3163 1370 3232 ἀδελφῷ,
1395 3164 1602 3216 δίκαιον
1618 3163 1830 3232 κρίνεις

233 3257 464 3310 ἀνελεῖν
491 3272 505 3321 ;
530 3256 664 3309 Εἰπὲ
716 3255 773 3308 δέ
819 3272 911 3324 μοι
959 3255 1057 3309 κα)⁸
1083 3255 1271 3324 ἕτερον
1305 3257 1567 3325 πρᾶγμα·
1597 3255 1645 3307 εἰ
1689 3254 1831 3307 κατὰ

1849 709 1898 765 Α

2240 710 2306 764 Α.
2357 710 2718 766 Christianus.
2754 711 2820 765 Β.
2860 711 3160 780 Agareuus.

1990 801 2049 855 Β.
2070 800 2166 856 Dic
2189 803 2345 867 mihi,
2366 802 2676 868 Christum,
2704 819 2865 874 quem
2894 814 2948 858 tu
2974 804 3112 859 dicis
3145 805 3312 860 Deum
3338 813 3490 859 tuum

1918 907 2064 956 esse,
2115 907 2239 946 cum
2272 894 2426 948 cruci
2470 893 2760 948 aliixerunt
2792 893 2992 961 Judaei,
3018 895 3338 952 feceruntne
3365 897 3490 962 hoc,

1920 983 2042 1053 ipso
2065 984 2301 1049 volente,
2332 1000 2402 1038 an
2427 998 2535 1038 non
2566 985 2824 1041 volente?

1989 1075 2056 1129 Α.
2090 1075 2343 1131 Volente.

1989 1167 2052 1222 B.
2085 1166 2202 1222 Non
2229 1168 2407 1223 solum
2434 1166 2606 1236 igitur
2631 1174 2764 1222 sunt
2797 1167 3010 1222 nullius
3039 1183 3215 1238 poma:
3265 1169 3362 1236 rei,
3399 1171 3492 1224 sed

1920 1260 2108 1329 potius
2135 1259 2401 1314 habendae
2434 1265 2564 1313 sunt
2587 1259 2669 1313 eis
2689 1259 2905 1336 gratiae.

1989 1352 2056 1406 Α.
2089 1350 2382 1420 Responde
2411 1349 2547 1403 mihi
2579 1364 2773 1404 rursus
2810 1349 3178 1418 percontanti,
3224 1365 3324 1420 ego
3372 1365 3494 1405 cum

1921 1443 2170 1514 quotidie
2189 1441 2358 1496 Deum
2385 1450 2562 1507 tuum,
2585 1448 2644 1493 ut
2687 1447 2744 1493 tu
2775 1441 2878 1504 ais,
2909 1440 3268 1508 blasphemiis
3293 1439 3494 1500 aﬂlcio.

1923 1535 2066 1589 facio
2093 1535 2198 1588 hoc
2230 1533 2403 1589 invito
2432 1547 2520 1598 eo,
2550 1547 2617 1585 an
2647 1545 2754 1585 non
2798 1532 3017 1586 invito?
3043 1532 3090 1588 si
3125 1533 3272 1587 enim
3300 1532 3494 1594 invito,

1923 1626 2176 1682 infirmus
2205 1633 2260 1680 et
2291 1624 2584 1680 imbecillis
2611 1631 2725 1687 est;
2777 1624 2861 1676 sin
2902 1630 3084 1676 autem
3121 1624 3360 1689 volente,
3391 1638 3495 1676 non

1924 1718 2100 1772 solum
2131 1715 2431 1783 nondebet
2460 1729 2489 1767 a
2522 1729 2609 1767 me
2639 1727 2739 1782 pro
2761 1726 2828 1766 eo
2876 1711 3144 1766 tributum
3173 1712 3313 1781 exigi
3340 1728 3353 1776 ;
3403 1713 3497 1766 sed

1923 1807 2109 1878 potius
2133 1820 2365 1861 munera
2401 1804 2660 1859 deberem
2702 1802 2863 1868 ferre,
2887 1804 3089 1872 quippe
3117 1803 3212 1872 qui
3242 1803 3500 1856 volunta-

1924 1906 2034 1953 tem
2065 1897 2160 1953 Dei
2198 1897 2276 1951 tui
2305 1897 2576 1966 expleam.
2613 1892 2903 1964 Responde
2947 1893 3126 1948 adhuc
3175 1892 3330 1958 mihi,
3377 1909 3498 1948 cum

1926 2005 2026 2046 vos
2056 1989 2125 2045 ad
2151 1989 2402 2058 regiones
2429 1986 2801 2041 Romanorum
2828 1983 3060 2056 profecti
3109 1985 3268 2048 estis,
3296 1984 3341 2039 si
3378 1985 3501 2054 quis

1929 2096 1994 2136 ex
2021 2079 2220 2135 vestris
2253 2079 2330 2132 ibi
2368 2077 2535 2148 386
2562 2075 2893 2132 interfectus
2922 2083 3031 2142 est,
3068 2090 3274 2140 nonne,
3307 2085 3367 2130 ut
3404 2091 3501 2130 vos

1929 2171 2139 2228 docetis
2192 2177 2248 2225 et
2279 2169 2524 2232 traditis,
2573 2167 2631 2222 in
2665 2167 2985 2239 paradisum
3020 2165 3362 2238 ingreditur?

1917 2251 1928 2263 ’
1997 2259 2061 2315 Β.
2100 2260 2179 2314 Ita
2221 2273 2356 2314 sane
2382 2268 2490 2314 est.

1998 2349 2066 2406 A.
2108 2347 2165 2402 Si
2207 2349 2374 2420 igitur
2409 2357 2464 2402 tu
2501 2362 2624 2402 cum
2656 2347 2830 2402 fratre
2877 2355 2971 2402 tuo
3003 2355 3057 2402 et
3089 2346 3351 2402 ﬁlioilluc
3377 2359 3503 2415 pro—

1930 2436 2106 2494 fectus
2139 2453 2314 2502 esses,
2348 2445 2401 2490 et
2439 2437 2514 2492 ibi
2557 2437 2887 2503 militasses,
2937 2453 3002 2492 ac
3047 2445 3236 2507 postea
3299 2435 3503 2506 aliquis

1933 2532 2216 2586 Romanus
2259 2530 2709 2596 l'ratrem'tuum,
2746 2540 2838 2584 aut
2888 2529 3062 2583 ﬁlium
3095 2527 3396 2591 occideret,
3433 2542 3500 2580 an

1935 2633 1988 2677 tu
2030 2622 2184 2676 illum
2227 2621 2324 2691 qui
2364 2619 2590 2686 occidit,
2645 2630 2904 2692 tanquam
2953 2621 3242 2675 inimicum
3303 2619 3498 2673 ulcisci

1931 2714 2183 2777 deberes,
2211 2728 2281 2767 an
2314 2713 2499 2783 potius
2531 2722 2790 2781 tanquam
2845 2711 3154 2793 beneficum
3211 2713 3501 2774 honorare,

1931 2806 2188 2875 amplecti
2217 2813 2271 2860 et
2300 2805 2650 2861 exosculari?

2000 2897 2060 2950 B.
2102 2895 2214 2950 lmo
2243 2910 2376 2950 vero
2413 2896 2610 2950 millies
2663 2910 2796 2950 sane
2835 2896 3186 2960 occidissem,
3221 2903 3276 2950 et
3332 2907 3504 2948 mem—

1927 2986 2125 3042 bratim
2153 2987 2569 3056 discerpsissem
2603 2987 2648 3041 si
2690 2987 3012 3058 potuissem.

1999 3078 2067 3133 A.
2103 3077 2168 3133 Et
2200 3080 2478 3149 quomodo
2515 3094 2732 3149 mquum
2765 3093 2887 3134 esse
2918 3078 3160 3149 judicas,
3213 3093 3337 3133 eum
3365 3077 3508 3132 occi-

1931 3169 2080 3234 dere,
2117 3171 2209 3237 qui
2242 3170 2344 3224 fuit
2388 3185 2555 3224 causa
2592 3171 2723 3236 filio,
2767 3179 2858 3224 aut
2892 3169 3045 3224 fratri
3089 3178 3204 3234 tuo,
3247 3177 3416 3224 tanta!
3442 3183 3506 3222 ac

1933 3259 2060 3314 talis
2117 3259 2312 3314 salutis
2363 3273 2427 3312 ac
2482 3261 2825 3327 voluptatis?
2863 3259 3151 3328 Responde
3207 3262 3341 3314 mihi
3381 3277 3506 3314 rur-

231 3349 332 3402 τὸν
373 3347 475 3402 σὺν
503 3347 780 3417 ὀφθαλμὸν
806 3341 951 3416 εἶχες
993 3345 1236 3417 μώλωπα
1263 3345 1385 3398 λίαν
1412 3345 1672 3415 ὀδυνηρὸν
1734 3344 1829 3399 καὶ

1947 3364 2052 3415 sus,
2081 3349 2128 3402 si
2159 3348 2389 3404 haberes
2417 3350 2470 3402 in
2503 3349 2669 3403 oculo
2701 3358 2794 3403 tuo
2818 3349 3156 3414 cicatricem,
3187 3365 3309 3419 quae
3329 3358 3381 3404 te
3407 3350 3506 3404 do-

232 3442 550 3511 θανόισιμον
571 3457 586 3470 ³
624 3439 858 3508 ἠθέλησε
883 3439 941 3492 δέ
971 3456 1054 3501 τις
1089 3437 1199 3490 τῶν
1225 3435 1332 3490 σῶν
1364 3437 1574 3508 ἐχθρῶν
1605 3435 1828 3506 καιρίαν

229 3553 320 3591 σοι
355 3534 554 3592 δοῦναι
588 3534 831 3606 πληγὴν,
871 3534 967 3587 καὶ
997 3533 1194 3587 θᾶττόν
1232 3549 1292 3586 σε
1338 3533 1439 3601 τῆς
1477 3530 1624 3601 ζωῆς
1653 3531 1829 3584 ἀπαλ-

227 3627 405 3698 λάξαι
453 3627 740 3698 εὐκαιρίας
789 3623 1150 3698 δραξάμενος,
1190 3626 1472 3694 ἐπήγαγεν
1510 3623 1567 3676 δέ
1610 3640 1692 3676 σοι
1733 3621 1832 3693 τὴν

227 3721 497 3794 πληγὴν,
518 3719 618 3774 οὐκ
645 3721 702 3772 ὲν
718 3717 865 3789 ἄλλῳ
889 3719 1045 3789 μέρει
1071 3716 1164 3770 τοῦ
1191 3717 1463 3788 σώματος,
1490 3715 1602 3769 ἀλλ’
1631 3715 1663 3784 ἢ
1690 3715 1832 3768 κατὰ

223 3813 326 3867 τὸν
389 3810 946 3882 τετραυματισμένον
1000 3808 1310 3879 ὀφθαλμὸν,
1360 3809 1450 3861 ἵνα
1503 3825 1560 3860 σε
1588 3847 1601 3872 ,
1651 3805 1833 3868 καθὼς

221 3905 398 3976 ἔφην,
442 3901 730 3972 ταχύτατα
757 3901 852 3955 τοῦ
882 3901 982 3972 ζῇν
1012 3900 1299 3972 ἀπαλλάξῃ
1334 3901 1398 3952 ὲκ
1427 3897 1523 3951 τοῦ
1555 3897 1833 3968 συμϐεϐη-

223 3999 400 4058 κότος
448 3993 688 4063 πληγεὶς
726 3992 1028 4063 ὀφθαλμὸς,
1079 3992 1270 4063 ἕρευσε
1301 3990 1434 4055 πύα,
1464 3991 1560 4044 καὶ
1609 3988 1830 4059 ἰχῶρας,

219 4090 327 4142 καὶ
371 4087 565 4157 ὑγρὰν
599 4085 872 4156 σηπεδόνα
898 4101 911 4114 ·
944 4085 1007 4136 σὺ
1053 4085 1109 4137 δὲ
1140 4084 1241 4153 τῆς
1276 4082 1568 4152 ἀλγηδόνος
1587 4080 1832 4135 ἀπαλλα-

219 4181 350 4247 γεὶς
393 4177 500 4232 διὰ
532 4180 631 4243 τῆς
677 4177 892 4245 πληγῆς
939 4176 1156 4248 ἐκείνης
1210 4177 1432 4238 τελείως
1478 4174 1726 4243 ὑγίανας,
1759 4173 1835 4236 ὠς

217 4268 390 4337 φίλον
420 4267 544 4336 ἄρα
569 4266 664 4319 καὶ
697 4265 1019 4336 εὐεργέτην,
1043 4266 1139 4318 τὸν
1163 4264 1432 4317 δεδωκότα
1459 4281 1540 4317 σοι
1571 4262 1671 4333 τὴν
1698 4262 1835 4332 πλη-

217 4360 333 4430 γὴν
371 4357 457 4411 ἑὼ
476 4373 570 4428 ρας
623 4356 839 4427 ἐχθρὸν,
862 4356 923 4408 οὐ
974 4355 1108 4426 πρὸς
1152 4356 1252 4426 τὴν
1299 4354 1622 4426 προαίρεσιν
1669 4353 1834 4407 αὐτοῦ

216 4448 676 4518 ἀποσκοπήσας,
706 4445 842 4500 ἀλλὰ
872 4446 1009 4516 πρὸς
1048 4446 1107 4499 τὸ
1145 4444 1559 4516 ἀπροαιρέσεως
1586 4444 1631 4475 ⁸ο
1669 4442 1835 4496 αὐτοῦ

224 4545 306 4613 μὴ
338 4541 610 4600 θέλοντος
641 4537 854 4606 συμϐὰν
882 4537 1162 4608 ἔστεργες.
1197 4538 1292 4590 καὶ
1318 4537 1635 4606 εὐηργέτεις
1662 4552 1676 4601 ;

296 4634 369 4687 Β.
432 4629 603 4684 Ἀλλὰ
654 4627 752 4681 καὶ
796 4627 938 4682 κατὰ
999 4627 1161 4698 μέλος
1229 4627 1390 4682 αὑτὸν
1424 4626 1833 4698 ἐτιμωρούμην,

219 4727 272 4779 εἰ
306 4723 564 4794 δύναμιν
593 4716 761 4790 εἶχον,
785 4721 879 4773 καὶ
906 4719 980 4781 ὡς
1007 4719 1256 4790 ἔχθιστον
1281 4719 1377 4773 καὶ
1403 4719 1835 4790 δυσμενέστατον

216 4815 478 4886 ἦταζον.

289 4907 367 4958 Α.
408 4902 584 4957 Οὕτω
616 4903 709 4954 καὶ
754 4901 881 4969 περὶ
924 4895 999 4955 ὧν
1040 4902 1189 4972 ἡμᾶς
1233 4902 1466 4964 ἄκοντας
1504 4902 1553 4954 oi
1597 4902 1840 4955 Ἰουδαῖοι

213 4992 627 5064 εὐεργέτησαν
659 4989 894 5043 διανοοῦ.

498 5171 657 5238 Πρὸς
694 5169 989 5244 Ἰουδαῖον
1017 5173 1050 5222 ό
1082 5143 1265 5236 αὐτὸς
1296 5170 1598 5240 διελέχθη.

1933 3443 2048 3497 lore
2077 3441 2334 3505 alliceret,
2371 3449 2425 3496 et
2457 3441 2742 3497 mortifera
2774 3448 2942 3508 esset,
2984 3441 3256 3510 velletque
3306 3441 3506 3511 aliquis

1932 3534 2191 3589 inimicus
2233 3541 2362 3588 tuus
2391 3533 2603 3604 plagam
2635 3532 2732 3586 tibi
2773 3532 3019 3603 infligere
3057 3531 3420 3599 mortiferam,
3455 3541 3508 3588 et

1931 3625 2100 3678 vitam
2130 3623 2406 3686 adimere,
2455 3631 2510 3677 et
2538 3622 3005 3691 opportunitatem
3044 3631 3262 3681 nactus,
3298 3635 3408 3673 nou
3452 3620 3506 3674 in

1933 3715 2093 3769 aliam
2131 3724 2342 3784 partem
2375 3715 2646 3785 corporis,
2688 3729 2852 3784 quam
2887 3713 2940 3767 in
2971 3713 3194 3767 oculum
3249 3713 3509 3767 vulnera-

1931 3815 2050 3860 tum
2085 3808 2295 3876 plagam
2338 3807 2688 3876 impingeret,
2726 3813 2784 3860 ut
2817 3813 2870 3860 te
2902 3805 3039 3871 cito,
3073 3813 3133 3859 ut
3163 3804 3297 3870 dixi,
3334 3813 3510 3859 morte

1935 3898 2206 3964 alliceret;
2235 3896 2512 3952 accideret
2541 3905 2749 3962 autem,
2771 3897 3044 3951 utoculus
3073 3898 3226 3966 plaga
3259 3903 3506 3966 accepta,

1935 3997 2144 4054 putrem
2183 3987 2467 4041 humorem
2500 3987 2797 4050 emitteret,
2831 3995 2886 4040 tu
2923 4002 3054 4041 vero
3081 3996 3135 4041 et
3161 3987 3347 4043 dolore
3369 3988 3509 4042 lihe-

1931 4087 2111 4142 ratus,
2135 4085 2191 4132 et
2221 4077 2367 4132 oculi
2395 4078 2691 4132 sanitatem
2718 4077 2986 4146 integram
3018 4087 3308 4134 assecutus
3333 4094 3506 4144 esses,

1933 4167 2184 4238 nunquid
2216 4176 2477 4237 tanquam
2516 4167 2780 4231 amicum,
2821 4178 2874 4221 et
2901 4169 3038 4221 bene
3075 4167 3141 4222 de
3171 4176 3225 4223 te
3252 4169 3508 4222 meritum

1935 4275 2058 4315 eum
2082 4259 2378 4328 aspiceres,
2395 4258 2490 4328 qui
2511 4257 2808 4326 percussit,
2831 4266 2884 4312 et
2916 4257 3139 4312 intuens
3161 4275 3267 4312 non
3285 4260 3507 4328 quidem

1936 4349 1992 4404 in
2023 4351 2386 4416 voluntatem,
2440 4363 2606 4419 quam
2640 4349 2732 4402 ille
2762 4348 2975 4413 habuit,
3025 4349 3120 4404 sed
3173 4349 3228 4402 in
3271 4350 3323 4403 id
3365 4351 3508 4419 quod

1937 4448 2134 4509 praeter
2161 4441 2506 4494 voluntatem
2559 4439 2710 4494 illius
2763 4438 3003 4502 accidit,
3035 4453 3250 4493 amares
3300 4447 3352 4494 et
3390 4455 3512 4493 mu-

1937 4532 2206 4587 nerares?
2233 4546 2302 4585 an
2337 4545 2466 4586 vero
2497 4529 2783 4584 inimicum
2814 4529 3090 4584 duceres?

2008 4622 2070 4676 B.
2101 4622 2212 4675 lmo
2265 4635 2462 4692 magno
2514 4620 2786 4689 supplicio
2833 4619 3127 4683 allicerem,
3163 4620 3210 4675 si
3270 4635 3510 4690 possem,

1866 4700 1913 4757 D
1937 4722 1992 4770 et
2027 4723 2286 4782 tanquam
2318 4711 2760 4767 inimicissimum
2809 4723 2864 4766 et
2910 4709 3148 4765 maxime
3183 4710 3510 4766 malevolum

1937 4818 2264 4860 crumarem.

2008 4897 2074 4950 A.
2133 4895 2226 4948 Sic
2258 4891 2439 4963 cogita
2471 4891 2632 4948 deiis
2667 4891 2976 4959 beneﬁciis,
3014 4910 3137 4964 qua:
3170 4894 3328 4950 nobis
3356 4895 3512 4950 inviti

1940 4987 2115 5043 Judaei
2146 4986 2472 5040 attulerunt.

2097 5169 2349 5240 Ejusdem
2381 5168 2642 5224 Theodori
2673 5170 2982 5226 dissertatio
3019 5187 3135 5224 cum
3176 5169 3388 5235 Judgro.

1625 5268 1888 5329 (Turriano
1918 5265 2240 5331 interprete.)

511 5353 581 5402 A.
617 5352 650 5402 ὁ
674 5350 1049 5417 Χριστιανός,
1083 5354 1150 5404 B.
1186 5354 1218 5404 ὀ
1250 5351 1561 5418 Ἰουδαῖος.

293 5447 362 5500 Β.
417 5441 578 5510 Ἐγώ
607 5460 706 5506 σοι,
751 5444 936 5512 φησὶν,
975 5443 1039 5494 ὲκ
1076 5441 1184 5495 τῶν
1223 5443 1454 5513 Γραφῶν
1493 5443 1834 5516 διαλέγομαι,

210 5539 390 5592 ςύὂὲν
422 5534 550 5605 γὰρ
573 5534 759 5606 ’ἐτερον
791 5530 906 5587 οῖδα
939 5533 1088 5604 παρὰ
1110 5534 1329 5596 ταύτας.

295 5726 345 5756 ³⁷
383 5714 506 5786 υἱῷ
545 5721 655 5775 καί.
789 5721 830 5752 ³⁵³
869 5721 1114 5789 ἀδελφόν.
1195 5723 1236 5751 δί’
1277 5724 1375 5792 υἱῷ

2303 5355 2368 5406 Α.
2418 5350 2777 5405 Christianus.
2809 5349 2873 5402 Β.
2911 5347 3153 5402 Judwus.

2019 5447 2076 5501 Β.
2119 5445 2230 5517 Ego
2258 5487 2272 5512 ,
2316 5444 2499 5514 inquit
2539 5443 2794 5507 Judmus,
2837 5458 2900 5496 cx
2961 5440 3266 5510 Scripturis
3333 5449 3515 5496 tecum

1946 5541 2202 5608 disputo;
2247 5537 2381 5592 nihil
2416 5537 2562 5592 cnim
2589 5534 2736 5589 aliud
2768 5535 2884 5589 scio
2927 5543 3118 5601 praeter
3159 5534 3276 5587 has.

1561 5633 1795 5688 V'Alilili
1840 5634 2241 5688 LI‘ICTIONES.

1543 5727 1584 5756 δ”
1622 5728 1655 5780 Γ.
1698 5729 2098 5796 ἀπροαιρέτως.
