3912 6202
336 336 471 404 1531

1557 334 1953 394 THEODORI
1983 336 2025 393 A
2035 334 2226 394 BUCA
2236 332 2358 392 ΙὶίΕ

3462 320 3589 383 1ῠ3ξ

403 453 471 505 Α.
514 447 626 503 Nec
657 461 757 517 ego
797 445 900 500 has
928 442 1157 512 rejicio;
1198 442 1296 499 sed
1341 452 1564 515 oportet
1600 454 1662 500 ut
1697 445 1786 502 bis
1814 461 1910 499 au-

2080 444 2146 498 A.
2175 442 2312 496 ούδὲ
2344 438 2456 510 ἐγὼ
2490 438 2692 501 ταύτας
2731 434 3140 505 ἀποϐάλλομαι.
3200 432 3369 486 Ἀλλὰ
3399 434 3483 486 δεῖ
3529 451 3598 504 με

334 540 609 597 ditoribus
639 537 794 608 prius
835 536 1107 605 explicem
1152 535 1433 605 quomodo
1471 535 1786 607 Scripturas
1825 537 1909 590 in-

334 632 547 700 telligo.
614 627 688 683 Ut
746 626 793 681 si
846 627 972 696 quis
1030 624 1255 680 domum
1327 626 1569 697 aliquam
1625 627 1910 698 ingressus

336 722 543 791 pictam
570 716 750 782 Pauli,
770 716 817 772 si
848 718 922 770 ita
950 730 1244 786 ponamus,
1282 717 1576 788 imaginem
1608 725 1910 788 spectaret,

334 811 545 865 diceret
567 808 797 878 digitum
816 808 1130 872 intendens,
1161 808 1446 864 indicandi
1473 808 1679 879 gratia.
1700 806 1802 863 Hic
1830 816 1913 864 est

336 899 545 956 Paulus
572 899 890 964 Tarsensis,
932 900 1025 968 qui
1059 899 1213 954 stetit
1240 900 1598 955 consentiens
1648 899 1704 954 in
1739 907 1916 954 morte

340 988 635 1064 Stephani,
666 992 761 1062 qui
794 992 991 1048 litteris
1011 992 1176 1062 387
1210 1007 1240 1045 a
1271 994 1653 1049 sacerdotibus
1675 993 1919 1063 acceptis

339 1084 583 1153 perrexit
617 1082 943 1138 Damascum
970 1082 1018 1146 ιι,
1062 1085 1157 1152 qui
1190 1084 1457 1139 custodia:
1488 1082 1919 1138 tradebatChri-

344 1177 595 1241 stiauos;
652 1174 739 1228 hic
766 1174 979 1229 visione
1004 1174 1214 1237 divina,
1252 1174 1575 1243 poenitentia
1606 1172 1810 1228 ductus
1849 1172 1919 1227 ad

342 1267 828 1321 Christianismum
873 1278 1174 1321 conversus
1208 1273 1327 1329 est,
1367 1273 1422 1319 et
1471 1265 1802 1335 praedicator
1856 1280 1923 1319 ae

344 1358 607 1427 magister
639 1357 886 1425 gentium
923 1356 1125 1420 factus,
1151 1366 1206 1411 et
1248 1357 1352 1410 alia
1385 1356 1661 1427 ejusmodi
1697 1374 1712 1411 :
1741 1357 1835 1427 qui
1867 1356 1924 1411 in

344 1449 641 1518 imaginem
666 1447 821 1503 Pauli
860 1449 1110 1513 intentus
1148 1457 1253 1516 est,
1279 1449 1347 1503 ad
1379 1450 1627 1516 Paulum,
1663 1450 1823 1520 cujus
1842 1460 1927 1504 est

346 1540 444 1594 illa
477 1540 683 1611 imago,
717 1543 831 1596 haec
858 1543 1045 1596 omnia
1077 1540 1270 1606 refert,
1309 1558 1418 1597 non
1446 1552 1630 1598 autem
1656 1543 1717 1596 iu
1747 1543 1927 1612 pictu-

347 1647 465 1686 ram
525 1640 581 1687 et
619 1634 900 1696 colorem,
950 1649 1073 1703 qua:
1103 1632 1260 1689 vidit.
1307 1632 1367 1688 Si
1408 1650 1540 1689 vero
1576 1633 1760 1700 dicat,
1807 1632 1929 1687 Non

350 1722 490 1776 bene
530 1721 711 1791 pictor
743 1721 990 1791 depinxit
1020 1722 1287 1789 Paulum;
1320 1723 1554 1777 nimium
1586 1724 1737 1778 enim
1787 1723 1930 1778 latos

2007 540 2123 601 τοῖς
2176 532 2448 606 παροῦσιν
2485 532 2777 601 ἀκροαταῖς
2834 525 3282 599 προδιαστεῖλαι,
3336 523 3461 587 πῶς
3497 526 3602 577 νοῶ

2006 629 2108 691 τὰς
2140 625 2606 698 Γραφάς.”Ωσπερ
2630 621 2682 673 εί
2706 636 2787 681 τις
2808 615 3068 671 εἰσελθὼν
3093 616 3154 668 ὲν
3179 614 3331 687 οἰκίᾳ
3360 616 3609 687 ἐζωγραο

2010 721 2230 790 φημὲνῃ
2268 715 2508 778 Παύλου,
2542 713 2593 765 εί
2623 711 2797 780 τύχοι,
2829 708 3082 763 θεάσοιτο
3105 707 3208 776 τὴν
3236 707 3444 773 εἰκόνα,
3478 708 3608 780 εἴπῃ

2010 808 2494 869 δακτυλοᾱικτῶν,
2525 806 2608 859 ὅτι
2630 798 2786 865 οὗτος
2798 803 2836 855 6
2855 801 3113 884 Ταρσεύς
3131 798 3370 865 Παῦλος,
3394 799 3461 863 ὃς
3485 816 3612 853 aw-

2013 900 2255 956 ευδοκῶν
2304 898 2552 968 εἱστήκει
2586 896 2656 965 τῇ
2691 892 2973 964 ἀναιρέσει
3004 891 3312 959 Στεφάνου,
3363 889 3430 953 ὃς
3458 889 3615 957 παρὰ

2015 993 2124 1045 τῶν
2169 988 2476 1061 ἀρχιερέων
2529 982 2825 1045 ἐπιστολὰς
2890 980 3131 1051 εἰληφὼς
3185 982 3269 1042 είς
3314 978 3617 1049 Δαμασκὸν

2018 1083 2265 1154 ὥρμησε,
2300 1077 2540 1151 πορθῶν,
2576 1075 2672 1130 καὶ
2716 1072 3036 1143 φυλακίζων
3065 1072 3189 1135 τοὺς
3211 1071 3613 1142 Χριστιανούς.

2020 1170 2188 1237 Οὗτός
2218 1176 2336 1226 εστι
2361 1174 2395 1224 6
2422 1168 2546 1240 θείᾳ
2579 1166 2817 1235 δυνάμει
2857 1162 3171 1234 μετατεθεὶς
3211 1164 3312 1215 ἐπὶ
3342 1162 3439 1216 τὸν
3475 1163 3617 1231 Χρι-

2024 1263 2339 1335 στιανισμὺν
2381 1260 2638 1331 ὀπτασίᾳ,
2671 1259 2767 1312 καὶ⁵
2807 1254 3006 1327 κήρυξ,
3033 1254 3122 1308 καί
3143 1253 3474 1314 διδάσκαλος
3500 1252 3620 1304 τῶν

2023 1354 2191 1409 ἐθνῶν
2225 1352 2537 1422 γενόμενος,
2581 1346 2680 1401 καὶ
2703 1345 2776 1398 τὰ
2818 1342 3032 1403 τούτοις
3073 1341 3228 1409 ὃμοια
3254 1339 3432 1406 λέγοι,
3465 1340 3497 1391 6
3542 1340 3620 1407 τῇ

2024 1447 2196 1501 εἰκόνι
2223 1442 2439 1499 Παῦλου
2478 1435 2827 1501 ὲνατενίζων,
2856 1434 3034 1488 ταῦτα
3073 1432 3137 1501 δὴ
3165 1431 3337 1483 πάντα
3362 1430 3463 1482 ἐπὶ
3513 1428 3623 1481 τὸν

2027 1534 2427 1604 εἱκονιζόμενον
2472 1528 2704 1591 Παῦλον,
2729 1521 2792 1581 οὗ
2829 1526 2983 1577 ἐστιν
3023 1524 3207 1591 ἐκείνη
3241 1520 3420 1582 εἰκὼν,
3466 1521 3621 1572 ἀνα.-

2030 1627 2281 1697 φέρεται,
2311 1624 2412 1677 οὐκ
2439 1622 2533 1675 ἐπὶ
2563 1620 2662 1690 τὴν
2691 1616 3039 1687 ζωγραφίαν,
3066 1614 3101 1683 ἢ
3122 1613 3192 1665 τὰ
3222 1610 3505 1682 χρώματα.
3540 1611 3618 1663 Εἰ

2030 1719 2088 1772 δὲ
2118 1717 2295 1771 εῐποι·
2320 1716 2396 1768 Οὐ
2423 1712 2605 1776 καλῶς
2640 1711 2926 1780 ἱστόρησεν
2961 1708 2990 1759 6
3020 1703 3312 1774 ζωγράφος
3346 1702 3437 1754 τὸν
3455 1699 3622 1755 Παῦ-

348 1813 612 1869 humeros
639 1814 759 1882 ejus
793 1815 958 1881 fecit;
990 1816 1183 1870 oculos
1214 1816 1338 1884 ejus
1391 1830 1499 1869 non
1548 1815 1688 1871 bene
1716 1816 1929 1885 pictura

2045 1816 2121 1860 ιον
2145 1824 2161 1839 ’
2204 1805 2432 1868 πλατεῖς
2471 1804 2582 1873 γὰρ
2620 1796 3002 1870 ὑπερϐολικῶς
3038 1795 3168 1857 τοὺς
3219 1792 3406 1862 ὤμους
3450 1790 3627 1843 axi-:03

292 1932 293 1935 η
349 1902 599 1957 imitatus
636 1911 744 1969 est,
782 1910 837 1959 et
865 1919 1031 1958 crura
1066 1904 1319 1973 gracilia,
1369 1912 1464 1957 aut
1516 1919 1711 1958 manca
1747 1904 1880 1959 fecit
1911 1920 1927 1959 :

350 1991 471 2047 lucc
499 2000 554 2047 et
592 1993 700 2048 alia
730 1994 1007 2064 ejusmodi
1065 2011 1174 2049 non
1215 1996 1283 2049 ad
1313 1992 1549 2049 Paulum
1577 1994 1929 2059 referuntur;

352 2083 449 2141 sed
507 2086 564 2140 in
623 2086 739 2142 sola
784 2087 1023 2157 imagine
1077 2087 1497 2158 circumscripta
1545 2092 1792 2140 manent.
1840 2086 1933 2140 Sic

352 2181 509 2238 sunt,
534 2187 656 2243 qua:
691 2173 749 2228 in
787 2172 1073 2245 Scriptura
1103 2176 1171 2231 de
1205 2177 1414 2232 sanctis
1455 2176 1599 2230 dicta
1626 2183 1755 2231 sunt
1783 2194 1795 2230 :
1824 2176 1935 2247 alia

355 2262 577 2331 quidem
611 2264 925 2320 referuntur
950 2267 1017 2321 ad
1048 2268 1358 2333 Christum,
1388 2269 1484 2339 qui
1527 2270 1582 2323 in
1608 2269 1718 2325 illis
1749 2278 1837 2326 est
1865 2270 1933 2324 τίς

356 2360 589 2422 guratus
652 2364 706 2410 et
761 2355 1170 2425 prmformatus,
1222 2359 1332 2413 alia
1371 2373 1504 2415 vero
1550 2360 1615 2414 ad
1658 2354 1830 2431 ipsos,
1881 2371 1936 2415 et

357 2444 508 2500 solos
566 2445 906 2517 pertingant.
967 2446 1154 2503 Placet
1213 2450 1337 2514 tibi,
1367 2448 1581 2517 Judaze,
1617 2450 1936 2519 hujusmodi

356 2535 543 2603 lectio,
574 2545 628 2593 et
669 2539 964 2610 explicatio
1003 2538 1351 2612 Scriptura?

426 2717 491 2771 Β.
525 2715 906 2788 Nequaquam.
940 2717 1061 2775 Non
1092 2719 1341 2790 approbo
1391 2719 1518 2786 hoc,
1547 2719 1643 2775 sed
1675 2720 1937 2782 litteram,

358 2817 419 2860 ut
453 2808 605 2862 verbi
641 2810 839 2878 gratia,
891 2826 1012 2880 quae
1045 2810 1190 2865 dicta
1224 2823 1352 2865 sunt
1381 2812 1450 2865 de
1482 2810 1675 2874 David,
1729 2811 1797 2865 de
1845 2812 1965 2865 illo.

358 2906 574 2954 tantum
614 2901 882 2971 intelligo,
912 2914 969 2957 et
1003 2918 1126 2972 quae
1152 2904 1222 2957 de
1252 2902 1748 2970 Abraham,lsaae,
1780 2900 1941 2957 etJa-

360 2990 484 3053 coh,
525 2998 579 3043 et
610 2988 773 3054 Juda,
804 3001 857 3044 et
887 2991 955 3046 de
987 2992 1215 3060 reliquis
1248 2990 1525 3047 similiter.

2032 1898 2356 1968 πεποίηκεν,
2403 1895 2502 1949 καὶ
2546 1894 2641 1947 τὸν
2679 1889 2958 1961 ὀφθαλμὸν
2992 1886 3161 1941 αὑτοῦ
3204 1886 3310 1938 ούκ
3348 1884 3631 1952 εὐστόχως

2034 1990 2448 2062 ὲζωγράφησεν,
2489 1987 2585 2041 καὶ
2623 1985 2693 2038 τὰ
2745 1982 2913 2050 σκέλη
2955 1977 3132 2033 λεπτὰ
3187 1977 3223 2045 ἢ
3268 1973 3473 2027 κολοϐὰ
3508 1974 3627 2042 εἱρο

2032 2083 2258 2153 γάσατο,
2286 2081 2384 2135 καὶ
2410 2081 2511 2133 ὅσα
2539 2076 2797 2132 τοιαῦτα·
2832 2075 2933 2128 οὐκ
2953 2072 3049 2126 ἐπὶ
3071 2069 3165 2123 τὸν
3210 2065 3628 2133 ὲκτυπούμενον

2033 2168 2420 2245 ἀναφέρονται,
2451 2170 2567 2224 ἀλλ’
2610 2171 2668 2221 ὲν
2702 2161 2838 2234 μόνῃ
2853 2162 3283 2232 περιγράφονται
3315 2161 3384 2229 τῇ
3413 2157 3628 2209 ﬁdem.

2035 2265 2195 2321 Οὕτω
2218 2264 2314 2318 καὶ
2349 2264 2407 2318 ὲν
2439 2264 2506 2333 τῇ
2549 2260 2741 2330 Γραφῇ
2784 2259 2915 2326 περὶ
2957 2254 3068 2308 τῶν
3111 2252 3288 2322 ἁγίων
3321 2249 3627 2321 εἰρημέναο

2036 2358 2105 2411 τὰ
2146 2358 2244 2427 μὲν
2270 2356 2353 2419 είς
2380 2355 2473 2407 τὸν
2501 2353 2569 2407 δι’
2598 2349 2822 2404 ἐκείνων
2864 2344 3272 2415 είκονιζόμενον
3302 2340 3630 2411 καὶπροςυο

2038 2449 2138 2503 πού
2149 2465 2309 2519 μενον
2348 2444 2589 2518 Χριστὸν
2626 2440 2999 2511 ἀναφέρονται
3019 2452 3037 2468 ·
3079 2436 3153 2489 τὰ
3179 2433 3241 2488 δὲ
3270 2435 3377 2495 είς
3404 2430 3627 2493 αὐτοὺς,

2037 2543 2133 2597 καὶ
2159 2542 2355 2612 μόνους
2377 2537 2780 2609 περιίστανται.
2812 2532 3065 2601 Ἀρέσκει
3097 2545 3202 2592 σοι,
3231 2521 3278 2581 ὼ
3313 2525 3558 2586 Ἰουδαῖι,
3589 2524 3627 2591 ἡ

2037 2633 2261 2703 τοιαύτη
2285 2633 2387 2701 τῆς
2415 2629 2644 2700 Γραφῆς
2671 2626 3000 2694 ἀνάγνωσις,
3026 2621 3122 2675 καὶ
3150 2618 3455 2683 ἀνάπτυξις
3481 2632 3498 2679 ;

2112 2725 2174 2779 Β.
2209 2722 2365 2794 Οὐχί.
2404 2722 2479 2775 Οὐ
2501 2720 2729 2790 δέχομαι
2756 2715 2865 2786 γὰρ
2888 2712 3072 2776 τοῦτο,
3121 2709 3260 2763 ἀλλὰ
3287 2708 3462 2762 πάντα
3483 2704 3636 2759 κατὰ

2040 2816 2102 2870 τὸ
2131 2816 2390 2887 γράμμα,
2416 2808 2530 2866 οἷον
2574 2811 2646 2864 τὰ
2679 2810 2760 2871 εἰς
2788 2805 2951 2860 Δαυῒδ
2972 2806 3270 2874 λεγόμενα,
3305 2801 3384 2862 εἰς
3411 2799 3636 2850 ἐκεῖνον

2046 2907 2206 2977 μόνον
2235 2905 2373 2959 νοῶ’
2410 2902 2596 2958 καὶτὰ.
2625 2902 2706 2964 είς
2744 2896 3022 2968 Ἀϐραὰμ,
3052 2895 3149 2949 καὶ
3174 2895 3253 2955 είς
3288 2889 3497 2953 Ἰσαὰκ,
3525 2887 3639 2941 καὶ

2055 2996 2271 3058 Ἰακὼϐ,
2300 2997 2396 3049 καὶ
2433 2994 2658 3059 Ἰούδαν,
2696 2992 2793 3047 καὶ
2818 2991 2947 3052 τοὺς
2968 2988 3194 3051 λοιποὺς
3218 2984 3497 3045 ὡσαύτως.

433 3081 500 3134 Α.
531 3078 668 3134 Vide
699 3081 830 3150 quid
863 3081 1053 3144 dicas,
1083 3090 1138 3136 et
1169 3083 1314 3136 scias
1343 3082 1490 3151 quod
1510 3120 1526 3147 ,
1553 3080 1622 3135 ad
1643 3082 1792 3137 hunc
1825 3097 1936 3138 mov-

2116 3092 2182 3144 A.
2210 3090 2382 3143 Βλέπε
2414 3088 2465 3142 τξ
2501 3088 2703 3156 λέγεις,
2755 3084 2853 3136 καὶ
2890 3083 3156 3152 γίνωσκε,
3198 3080 3284 3132 ὅτι
3321 3075 3457 3143 μετὰ
3484 3072 3635 3180 ταύ-

363 3172 491 3225 dum
550 3172 809 3243 loquendi
844 3181 898 3229 et
937 3173 1302 3245 intelligendi,
1362 3173 1529 3229 Deum
1588 3172 1730 3229 facis
1792 3190 1944 3230 men-

365 3262 579 3318 dacem.

437 3354 498 3409 B.
531 3353 855 3422 Quomodo?

792 3406 962 3503 vdixit
1002 3447 1147 3505 Deus
1201 3448 1435 3505 Abrahae
1467 3406 1499 3505 ε⁶
1521 3468 1540 3502 ι
1578 3448 1770 3504 Totam
1806 3449 1949 3506 hanc

370 3548 598 3604 terram,
646 3553 811 3609 quam
858 3548 917 3596 tu
964 3541 1140 3610 vides,
1174 3543 1273 3598 tibi
1303 3542 1446 3598 dabo
1483 3556 1603 3598 eam
1626 3581 1641 3608 ,
1671 3548 1726 3596 et
1751 3540 1949 3598 semini

373 3631 573 3687 luo‘?»

442 3726 505 3783 Β.
537 3727 630 3782 Sic
664 3736 768 3784 cst.

438 3820 506 3873 Α.
563 3817 761 3875 Fuitne
830 3834 1070 3890 unquam
1129 3816 1406 3874 Abraham
1465 3818 1726 3874 dominus
1802 3818 1950 3874 illius

373 3918 535 3965 terra;
569 3911 593 3964 ?

443 4000 501 4054 Β.
540 4000 828 4065 Quomodo
873 3999 1154 4062 dominus,
1199 3997 1293 4069 qui
1328 4014 1506 4068 neque
1534 4015 1759 4069 passum
1793 4000 1951 4069 pedis

371 4089 429 4142 in
485 4089 576 4141 illa
637 4089 871 4143 habuit?
916 4089 1152 4158 sepelire
1188 4089 1346 4163 enim
1384 4090 1574 4144 Saram
1603 4106 1712 4146 non
1746 4096 1949 4163 potuit,

372 4178 548 4233 donec
582 4181 760 4233 locum
789 4180 926 4233 emit
952 4189 1014 4233 ω.

443 4271 510 4325 Α.
549 4271 744 4326 Sermo
772 4271 938 4342 igitur
966 4270 1059 4325 Dei
1092 4268 1313 4325 excidit.

440 4366 502 4424 D.
544 4366 802 4430 Daturus,
838 4362 1036 4433 inquit,
1068 4371 1152 4419 est
1179 4363 1259 4419 eis
1292 4372 1516 4419 terram.

2047 3201 2148 3255 την
2177 3184 2277 3252 τὴν
2311 3182 2511 3254 φράσιν
2567 3179 2662 3233 καὶ
2700 3176 2980 3248 διάληψιν,
3021 3172 3269 3244 ψεύστην
3312 3172 3369 3223 ὲν
3414 3166 3637 3228 πολλοῖς

2048 3277 2226 3338 ποιεῖς
2256 3273 2349 3327 τὸν
2381 3272 2536 3325 Θεόν.

2118 3366 2179 3418 Β.
2206 3364 2328 3427 Πῶς
2354 3363 2535 3431 λέγεις
2553 3377 2568 3426 ;

2117 3456 2184 3508 Α.
2221 3453 2335 3506 Οὐκ
2363 3450 2557 3506 εἶπενὸ
2581 3451 2715 3514 Θεὸς
2731 3448 2808 3519 τῷ
2846 3446 3122 3516 Ἀϐραὰμ,
3160 3463 3179 3496 ι
3205 3444 3429 3513 Ταύτην
3453 3442 3646 3494 πᾶσαν

2005 3566 2007 3573 ε
2049 3546 2148 3616 τὴν
2169 3546 2275 3616 γῆν
2294 3546 2360 3616 ἣν
2389 3546 2543 3616 ὁρᾷς,
2582 3544 2668 3596 σοὶ
2696 3540 2856 3595 δώσω
2891 3539 3089 3610 αὐτὴν,
3126 3537 3223 3591 καὶ
3247 3536 3329 3604 τῷ
3358 3534 3646 3604 σπέρματί

2052 3652 2179 3702 σου;
2209 3654 2227 3687 ι

2120 3729 2182 3780 Β.
2210 3726 2341 3781 Ναί.

2118 3826 2183 3876 Δ.
2249 3817 2528 3891 Ἐκυρίευε
2589 3816 2647 3870 δὲ
2716 3814 2817 3883 τῆς
2893 3811 3001 3883 γῆς
3074 3810 3294 3877 ἐκείνης
3381 3803 3649 3875 ’Δϐραάμ

2052 3929 2183 3967 ποτε
2216 3929 2231 3977 ;

2121 4006 2183 4059 Β.
2211 4002 2334 4067 Πῶς
2361 4001 2491 4071 γὰρ,
2520 4000 2549 4052 6
2585 3999 2724 4069 μήτε
2759 3997 2910 4066 βῆμα
2941 3994 3102 4057 ποδὸς
3132 3987 3388 4060 ἐσχηκὼς
3421 3987 3646 4049 sufes;

2052 4094 2221 4164 θάψαι
2242 4092 2350 4162 γὰρ
2378 4092 2479 4162 τὴν
2523 4090 2745 4161 Σάρραν
2790 4088 2890 4141 ούκ
2924 4082 3193 4154 ἠδυνήθη,
3238 4081 3347 4144 ἕως
3378 4072 3444 4134 οὗ
3472 4079 3650 4130 τόπον

2050 4185 2346 4257 ὴγόρακεν.

2121 4278 2188 4331 Α.
2217 4271 2429 4329 Οὐκοῦν
2456 4272 2485 4323 6
2514 4269 2608 4323 τοῦ
2639 4267 2779 4322 Θεοῦ
2808 4267 2982 4335 Λόγος
3008 4265 3294 4329 διέπεσεν;

2123 4369 2186 4423 Β.
2217 4364 2438 4429 Μέλλει,
2469 4363 2655 4433 φησιν,
2682 4359 2869 4415 δοῦναι
2898 4359 3087 4422 αὐτοῖς
3106 4359 3206 4431 τὴν
3235 4357 3363 4426 γῆν.

443 4466 509 4517 Δ.
545 4460 614 4514 At
648 4475 754 4514 non
782 4459 862 4514 sic
895 4457 1032 4514 dixit
1060 4456 1225 4522 Deus,
1256 4456 1491 4513 daturus
1513 4454 1634 4513 sum
1672 4475 1791 4514 eam
1821 4461 1936 4516 filiis

2074 4480 2077 4483 λ
2124 4459 2191 4510 Α.
2224 4454 2366 4508 Ἀλλ’
2391 4453 2490 4523 οὐχ
2532 4451 2704 4513 οὕτως
2736 4447 2889 4502 εἶπεν
2918 4450 2947 4500 ὁ
2985 4448 3141 4511 Θεὸς,
3183 4448 3267 4500 ὅτι
3290 4444 3493 4499 Μέλλω
3528 4445 3651 4504 τοίς

372 4554 505 4613 tuis.
564 4550 660 4606 sed
722 4569 741 4601 ι
774 4549 872 4605 tibi
921 4556 975 4604 et
1002 4547 1198 4604 semini
1250 4560 1364 4601 tuo.
1408 4567 1427 4600 ι
1492 4546 1758 4604 Similiter
1809 4552 1950 4606 dixit

371 4644 583 4701 Jacob:
625 4662 642 4696 ι
685 4641 836 4698 Hane
889 4651 1113 4705 terram,
1167 4657 1330 4711 quam
1372 4641 1496 4696 dedi
1546 4643 1792 4712 patribus
1842 4648 1951 4700 tuis

374 4740 677 4802 Abraham,
732 4743 788 4793 ct
824 4736 997 4801 Isaac,
1049 4735 1149 4791 tibi
1185 4735 1327 4790 dabo
1356 4750 1498 4799 eam,
1530 4744 1584 4790 et
1616 4737 1812 4791 semini
1855 4746 1951 4792 tuo

374 4836 503 4899 post
534 4837 587 4883 te
622 4838 672 4881 η.
708 4847 726 4879 ι
759 4827 826 4880 Ει
855 4841 956 4881 nec
981 4825 1152 4881 Jaeob
1183 4826 1376 4881 habuit
1406 4842 1627 4894 passum
1656 4828 1834 4897 pedis;
1856 4829 1952 4884 sed

375 4924 565 4993 potius
616 4921 673 4974 in
727 4919 904 4973 aliena
956 4927 1124 4983 terra,
1169 4921 1221 4972 in
1271 4917 1512 4990 Egypto
1556 4928 1811 4974 mortuus
1842 4931 1947 4975 est.

377 5013 564 5077 Vides,
589 5010 1072 5081 quemadmodum,
1096 5026 1219 5063 cum
1266 5010 1348 5063 sic
1400 5009 1665 5080 intelligis
1694 5012 1951 5081 Scriptu-

374 5124 490 5173 ras,
524 5106 692 5162 Deum
722 5104 1038 5159 mendacem
1075 5103 1289 5155 facis?‘

451 5287 517 5341 Et
544 5288 674 5357 quid
703 5285 770 5340 ad
800 5284 952 5345 illud,
985 5284 1130 5354 quod
1171 5282 1236 5335 tle
1261 5279 1434 5335 Jacoh
1457 5280 1594 5334 dixit
1629 5279 1911 5349 Scriptura
1938 5299 1951 5334 :

386 5398 405 5429 ι
448 5379 653 5433 Gentes
699 5388 751 5431 ct
813 5376 1267 5447 congregatioues
1318 5373 1560 5441 gentium
1617 5387 1681 5425 ex
1737 5383 1790 5425 te
1859 5388 1956 5426 ex-

381 5469 585 5527 ibunt?
620 5490 637 5522 ι
670 5468 772 5523 U‘hi
812 5478 1017 5532 autem,
1052 5474 1144 5521 aut
1175 5463 1451 5536 quomodo
1480 5463 1649 5534 388
1676 5478 1738 5517 cx
1789 5462 1957 5518 Jac-ob

386 5570 658 5630 generatae
689 5569 819 5617 sunt
846 5560 1162 5631 gcuIesHCt
1195 5574 1390 5612 rursus
1420 5558 1591 5611 dixit:
1625 5576 1641 5607 ι
1676 5555 1737 5609 Et
1765 5555 1959 5609 adora-

463 5742 482 5777 ι
519 5741 614 5792 Art
670 5756 743 5805 rx,
789 5740 803 5792 l
842 5758 995 5809 seqq.
1118 5739 1129 5777 ι
1171 5743 1446 5804 ίῖι“ϊι.Χ111,
1491 5740 1569 5791 lii.

1690 5751 1724 5773 "‘
1769 5741 1903 5791 (im.
1941 5753 2090 5811 “in,
2135 5738 2333 5805 lsrqq.

2045 4548 2259 4610 τέκνοις
2286 4562 2379 4600 σου
2410 4545 2595 4599 δοῦναι
2620 4542 2812 4613 αὐτὴν,
2845 4540 3008 4605 ἀλλὰ,
3038 4558 3058 4589 c
3103 4538 3196 4592 Σοὶ
3234 4538 3335 4591 καὶ
3362 4536 3444 4605 τῷ
3470 4534 3652 4603 σπέρ-

2052 4639 2180 4712 ματί
2205 4656 2321 4693 σου.
2354 4660 2372 4691 ι
2412 4636 2689 4699 Ὡσαύτως
2711 4634 2791 4704 τῷ
2818 4632 3015 4687 Ἰακὼϐ
3042 4628 3220 4694 εἶπεν,
3245 4631 3331 4683 ὅτι
3365 4651 3380 4677 ι
3415 4629 3646 4695 Ταύτην

2046 4733 2145 4804 τὴν
2183 4733 2308 4802 γῆν,
2351 4733 2418 4800 ἢν
2445 4729 2622 4782 ἔδωκα
2647 4730 2761 4789 τοῖς
2790 4724 3066 4795 πατράσιν
3105 4739 3224 4789 σου,
3256 4721 3337 4791 τῷ
3383 4718 3646 4788 ’Δϐραὲμ

2050 4824 2144 4879 καὶ
2184 4822 2391 4883 Ἰσαὰκ,
2425 4822 2509 4874 σοι
2549 4818 2711 4873 δώσω
2746 4817 2937 4887 αὐτὴν,
2989 4816 3086 4869 καὶ
3121 4814 3203 4884 τῷ
3234 4811 3517 4883 σπέρματί
3543 4827 3645 4864 σου

2063 4915 2198 4986 μετὰ
2225 4915 2303 4967 σε.
2347 4933 2367 4965 ι
2399 4913 2507 4965 Καὶ
2534 4910 2658 4964 οὐδὲ
2698 4907 2893 4962 Ἰακὼϐ
2929 4907 3055 4977 ἔσχε
3086 4906 3243 4975 βῆμα
3276 4904 3469 4967 ποδός·
3503 4902 3646 4955 ἀλλὰ

2059 5003 2153 5070 καὶ
2185 5005 2241 5055 ὲν
2260 5001 2517 5070 ἀλλοτρία
2534 5003 2605 5070 γῇ
2633 5000 2690 5051 ὲν
2718 4995 2981 5064 Αἰγύπτῳ
3001 4995 3419 5063 τετελεύτηκεν.
3450 4991 3646 5062 Ὁρᾷς,

2059 5097 2139 5149 ὅτι
2194 5097 2222 5147 6
2274 5091 2446 5155 οὕτως
2511 5089 2648 5143 νοῶν
2703 5088 2803 5151 τὰς
2862 5087 2901 5138 Γ
2906 5087 3103 5157 ραφὰς.
3137 5086 3231 5138 τὸν
3280 5085 3415 5137 Θεον
3463 5085 3646 5144 ποιεῖς

2057 5186 2297 5255 ψεύστην
2318 5202 2333 5249 ;

2124 5278 2188 5330 Τί
2216 5278 2298 5329 ὅτι
2327 5276 2384 5327 δὲ
2413 5274 2505 5328 καὶ
2538 5272 2673 5343 πρὸς
2702 5271 2791 5324 τὸν
2825 5269 3023 5324 Ἰακὼϐ
3060 5264 3246 5321 εἶπεν·
3284 5286 3303 5316 ι
3344 5264 3513 5330 Ἐθνη
3546 5261 3643 5314 καὶ

2058 5368 2345 5437 συναγωγὴ
2387 5365 2494 5419 τῶν
2530 5364 2723 5432 ἐθνῶν,
2772 5367 2837 5417 ὲκ
2862 5360 2957 5415 σού
2997 5360 3409 5427 ὲξελεύσονται;
3453 5374 3471 5403 ι
3525 5351 3639 5405 Ποῦ

2055 5459 2132 5521 δὲ,
2161 5458 2194 5528 ἢ
2228 5458 2344 5521 πῶς
2372 5457 2434 5507 ὲκ
2474 5453 2567 5507 τοῦ
2614 5454 2807 5508 Ἰακὼϐ
2836 5451 2903 5505 τὰ
2942 5450 3068 5520 ἔθνη
3105 5446 3512 5517 ἐγεννήθησαν,
3547 5442 3636 5493 καὶ

2057 5551 2218 5603 πάλιν
2250 5546 2399 5601 εἶπεν
2419 5548 2588 5617 αὐτῷ,
2621 5549 2703 5601 ὅτι
2738 5566 2755 5599 ι
2789 5540 3265 5617 Προσκυνὴσουσίν
3304 5554 3384 5591 σοι
3414 5534 3521 5588 υἱοὶ
3544 5530 3635 5583 τοῖ

2455 5746 2475 5771 ιι
2506 5734 2642 5785 Gen.
2683 5740 2873 5788 xxvm,
2916 5724 2997 5774 l3.
