  <div class='ocr_page' id='page_1' title='image "/cluster/home/n/w/nwhite01/storage/ocr_20150623/97/hvd.32044073502130/866.png"; bbox 0 0 3912 6202; ppageno 0'>
   <div class='ocr_carea' id='block_1_1' title="bbox 210 285 350 351">
    <p class='ocr_par' dir='ltr' id='par_1_1' title="bbox 210 285 350 351">
     <span class='ocr_line' id='line_1_1' title="bbox 210 285 350 351; baseline 0.014 -2"><span class='ocrx_word' id='word_1_1' title='bbox 210 285 350 351; x_wconf 78' lang='grc'><strong>1533</strong></span> 
     </span>
    </p>
   </div>
   <div class='ocr_carea' id='block_1_2' title="bbox 1619 282 2034 343">
    <p class='ocr_par' dir='ltr' id='par_1_2' title="bbox 1619 282 2034 343">
     <span class='ocr_line' id='line_1_2' title="bbox 1619 282 2034 343; baseline -0.002 -1"><span class='ocrx_word' id='word_1_2' title='bbox 1619 282 2034 343; x_wconf 81' lang='lat' dir='ltr'><strong>OPUSCULA.</strong></span> 
     </span>
    </p>
   </div>
   <div class='ocr_carea' id='block_1_3' title="bbox 3334 281 3469 348">
    <p class='ocr_par' dir='ltr' id='par_1_3' title="bbox 3334 281 3469 348">
     <span class='ocr_line' id='line_1_3' title="bbox 3334 281 3469 348; baseline 0.007 -3"><span class='ocrx_word' id='word_1_3' title='bbox 3334 281 3469 348; x_wconf 74' lang='grc'>1534</span> 
     </span>
    </p>
   </div>
   <div class='ocr_carea' id='block_1_4' title="bbox 209 394 1793 470">
    <p class='ocr_par' dir='ltr' id='par_1_4' title="bbox 209 396 1788 470">
     <span class='ocr_line' id='line_1_4' title="bbox 209 396 1788 470; baseline -0.004 -17"><span class='ocrx_word' id='word_1_4' title='bbox 209 398 416 470; x_wconf 86' lang='grc' dir='ltr'>πατρός</span> <span class='ocrx_word' id='word_1_5' title='bbox 446 415 563 451; x_wconf 86' lang='grc' dir='ltr'>σου.</span> <span class='ocrx_word' id='word_1_6' title='bbox 595 398 706 451; x_wconf 75' lang='grc' dir='ltr'><strong>Καὶ</strong></span> <span class='ocrx_word' id='word_1_7' title='bbox 735 398 916 461; x_wconf 80' lang='grc' dir='ltr'>αὐτὸς,</span> <span class='ocrx_word' id='word_1_8' title='bbox 936 397 1031 451; x_wconf 79' lang='grc' dir='ltr'>καὶ</span> <span class='ocrx_word' id='word_1_9' title='bbox 1054 398 1112 451; x_wconf 87' lang='grc' dir='ltr'>τὸ</span> <span class='ocrx_word' id='word_1_10' title='bbox 1140 397 1359 469; x_wconf 76' lang='grc' dir='ltr'>σπέρμα</span> <span class='ocrx_word' id='word_1_11' title='bbox 1390 414 1482 450; x_wconf 86' lang='grc' dir='ltr'><strong>σου</strong></span> <span class='ocrx_word' id='word_1_12' title='bbox 1506 396 1788 466; x_wconf 84' lang='grc' dir='ltr'><strong>κυριεύσει</strong></span> 
     </span>
    </p>
   </div>
   <div class='ocr_carea' id='block_1_5' title="bbox 1902 394 3474 470">
    <p class='ocr_par' dir='ltr' id='par_1_5' title="bbox 1902 394 3474 466">
     <span class='ocr_line' id='line_1_5' title="bbox 1902 394 3474 466; baseline 0.005 -20"><span class='ocrx_word' id='word_1_13' title='bbox 1902 398 2026 449; x_wconf 67' lang='lat' dir='ltr'><strong>liunt</strong></span> <span class='ocrx_word' id='word_1_14' title='bbox 2061 402 2113 450; x_wconf 93' lang='lat' dir='ltr'><strong>te</strong></span> <span class='ocrx_word' id='word_1_15' title='bbox 2141 394 2235 448; x_wconf 84' lang='lat' dir='ltr'><strong>lilii</strong></span> <span class='ocrx_word' id='word_1_16' title='bbox 2267 394 2443 464; x_wconf 85' lang='lat' dir='ltr'><strong>patris</strong></span> <span class='ocrx_word' id='word_1_17' title='bbox 2474 394 2582 462; x_wconf 88' lang='lat' dir='ltr'><strong>tui;</strong></span> <span class='ocrx_word' id='word_1_18' title='bbox 2611 396 2826 466; x_wconf 85' lang='lat' dir='ltr'><strong>etipsc.</strong></span> <span class='ocrx_word' id='word_1_19' title='bbox 2848 404 2903 451; x_wconf 92' lang='lat' dir='ltr'><strong>et</strong></span> <span class='ocrx_word' id='word_1_20' title='bbox 2931 411 3116 452; x_wconf 87' lang='lat' dir='ltr'><strong>semen</strong></span> <span class='ocrx_word' id='word_1_21' title='bbox 3149 405 3303 450; x_wconf 92' lang='lat' dir='ltr'><strong>tuum</strong></span> <span class='ocrx_word' id='word_1_22' title='bbox 3326 437 3341 460; x_wconf 86' lang='lat'><strong>,</strong></span> <span class='ocrx_word' id='word_1_23' title='bbox 3367 397 3474 454; x_wconf 84' lang='lat' dir='ltr'><strong>do-</strong></span> 
     </span>
    </p>
   </div>
   <div class='ocr_carea' id='block_1_6' title="bbox 208 481 1790 558">
    <p class='ocr_par' dir='ltr' id='par_1_6' title="bbox 208 481 1790 558">
     <span class='ocr_line' id='line_1_6' title="bbox 208 481 1790 558; baseline -0.002 -17"><span class='ocrx_word' id='word_1_24' title='bbox 208 484 408 541; x_wconf 84' lang='grc' dir='ltr'>αὑτῶν.</span> <span class='ocrx_word' id='word_1_25' title='bbox 442 507 460 540; x_wconf 76' lang='grc' dir='ltr'><strong>ι</strong></span> <span class='ocrx_word' id='word_1_26' title='bbox 499 488 624 551; x_wconf 85' lang='grc' dir='ltr'><strong>Πῶς</strong></span> <span class='ocrx_word' id='word_1_27' title='bbox 649 481 825 553; x_wconf 83' lang='grc' dir='ltr'>εἶπεν,</span> <span class='ocrx_word' id='word_1_28' title='bbox 853 492 916 542; x_wconf 79' lang='grc' dir='ltr'><strong>Οἱ</strong></span> <span class='ocrx_word' id='word_1_29' title='bbox 930 488 1186 557; x_wconf 66' lang='grc' dir='ltr'>ἀδελφοί</span> <span class='ocrx_word' id='word_1_30' title='bbox 1204 504 1343 552; x_wconf 83' lang='grc' dir='ltr'>σου,</span> <span class='ocrx_word' id='word_1_31' title='bbox 1376 486 1790 558; x_wconf 83' lang='grc' dir='ltr'>πληθυντικῶς;</span> 
     </span>
    </p>
   </div>
   <div class='ocr_carea' id='block_1_7' title="bbox 207 578 1789 654">
    <p class='ocr_par' dir='ltr' id='par_1_7' title="bbox 207 578 1789 654">
     <span class='ocr_line' id='line_1_7' title="bbox 207 578 1789 654; baseline -0.001 -22"><span class='ocrx_word' id='word_1_32' title='bbox 207 578 455 645; x_wconf 84' lang='grc' dir='ltr'>καίτοιγε</span> <span class='ocrx_word' id='word_1_33' title='bbox 488 580 588 633; x_wconf 83' lang='grc' dir='ltr'><strong>ούκ</strong></span> <span class='ocrx_word' id='word_1_34' title='bbox 631 580 790 649; x_wconf 77' lang='grc' dir='ltr'>ἔσχεν</span> <span class='ocrx_word' id='word_1_35' title='bbox 831 582 878 633; x_wconf 81' lang='grc' dir='ltr'><strong>εί</strong></span> <span class='ocrx_word' id='word_1_36' title='bbox 926 581 1001 652; x_wconf 82' lang='grc' dir='ltr'>μὴ</span> <span class='ocrx_word' id='word_1_37' title='bbox 1034 581 1131 633; x_wconf 73' lang='grc' dir='ltr'><strong>ἕνα</strong></span> <span class='ocrx_word' id='word_1_38' title='bbox 1168 580 1396 654; x_wconf 63' lang='grc' dir='ltr'>ἀδελφὸν</span> <span class='ocrx_word' id='word_1_39' title='bbox 1435 580 1524 632; x_wconf 83' lang='grc' dir='ltr'><strong>τὸν</strong></span> <span class='ocrx_word' id='word_1_40' title='bbox 1581 579 1789 633; x_wconf 82' lang='grc' dir='ltr'><strong>Ἠσαῦ·</strong></span> 
     </span>
    </p>
   </div>
   <div class='ocr_carea' id='block_1_8' title="bbox 207 667 1791 743">
    <p class='ocr_par' dir='ltr' id='par_1_8' title="bbox 207 667 1791 743">
     <span class='ocr_line' id='line_1_8' title="bbox 207 667 1791 743; baseline 0.001 -21"><span class='ocrx_word' id='word_1_41' title='bbox 207 667 316 724; x_wconf 81' lang='grc' dir='ltr'>ποῦ</span> <span class='ocrx_word' id='word_1_42' title='bbox 342 670 399 723; x_wconf 84' lang='grc' dir='ltr'>δὲ</span> <span class='ocrx_word' id='word_1_43' title='bbox 422 671 516 725; x_wconf 78' lang='grc' dir='ltr'>καὶ</span> <span class='ocrx_word' id='word_1_44' title='bbox 550 671 957 743; x_wconf 79' lang='grc' dir='ltr'><strong>προσεκύνησεν</strong></span> <span class='ocrx_word' id='word_1_45' title='bbox 986 673 1014 724; x_wconf 92' lang='lat'><strong>6</strong></span> <span class='ocrx_word' id='word_1_46' title='bbox 1058 671 1229 724; x_wconf 84' lang='grc' dir='ltr'><strong>Ἦσαῦ</strong></span> <span class='ocrx_word' id='word_1_47' title='bbox 1267 671 1345 742; x_wconf 82' lang='grc' dir='ltr'>τῷ</span> <span class='ocrx_word' id='word_1_48' title='bbox 1397 671 1627 736; x_wconf 85' lang='grc' dir='ltr'>Ἰακώϐ;</span> <span class='ocrx_word' id='word_1_49' title='bbox 1664 671 1791 723; x_wconf 84' lang='grc' dir='ltr'><strong>τοὺ-</strong></span> 
     </span>
    </p>
   </div>
   <div class='ocr_carea' id='block_1_9' title="bbox 209 752 1794 834">
    <p class='ocr_par' dir='ltr' id='par_1_9' title="bbox 209 752 1794 834">
     <span class='ocr_line' id='line_1_9' title="bbox 209 752 1794 834; baseline 0.003 -23"><span class='ocrx_word' id='word_1_50' title='bbox 209 759 422 816; x_wconf 81' lang='grc' dir='ltr'>ναντίον</span> <span class='ocrx_word' id='word_1_51' title='bbox 474 761 532 815; x_wconf 86' lang='grc' dir='ltr'>δὲ</span> <span class='ocrx_word' id='word_1_52' title='bbox 579 762 780 833; x_wconf 76' lang='grc' dir='ltr'>μᾶλλον</span> <span class='ocrx_word' id='word_1_53' title='bbox 822 766 850 817; x_wconf 98' lang='lat'><strong>6</strong></span> <span class='ocrx_word' id='word_1_54' title='bbox 906 752 1113 817; x_wconf 66' lang='grc' dir='ltr'>’Ἰακὼϐ</span> <span class='ocrx_word' id='word_1_55' title='bbox 1153 763 1381 825; x_wconf 82' lang='grc' dir='ltr'><strong>ἑπτάκις</strong></span> <span class='ocrx_word' id='word_1_56' title='bbox 1425 763 1518 816; x_wconf 74' lang='grc' dir='ltr'>ἐπὶ</span> <span class='ocrx_word' id='word_1_57' title='bbox 1553 766 1650 834; x_wconf 80' lang='grc' dir='ltr'><strong>τὴν</strong></span> <span class='ocrx_word' id='word_1_58' title='bbox 1690 764 1794 832; x_wconf 85' lang='grc' dir='ltr'>γῆν</span> 
     </span>
    </p>
   </div>
   <div class='ocr_carea' id='block_1_10' title="bbox 209 852 1788 925">
    <p class='ocr_par' dir='ltr' id='par_1_10' title="bbox 209 852 1788 925">
     <span class='ocr_line' id='line_1_10' title="bbox 209 852 1788 925; baseline 0.001 -21"><span class='ocrx_word' id='word_1_59' title='bbox 209 852 624 924; x_wconf 79' lang='grc' dir='ltr'><strong>προσεκύνησεν</strong></span> <span class='ocrx_word' id='word_1_60' title='bbox 663 853 740 924; x_wconf 83' lang='grc' dir='ltr'>τῷ</span> <span class='ocrx_word' id='word_1_61' title='bbox 783 853 979 919; x_wconf 85' lang='grc' dir='ltr'>Ἠσαῦ,</span> <span class='ocrx_word' id='word_1_62' title='bbox 1032 855 1127 907; x_wconf 76' lang='grc' dir='ltr'><strong>καὶ</strong></span> <span class='ocrx_word' id='word_1_63' title='bbox 1173 854 1443 925; x_wconf 77' lang='grc' dir='ltr'><strong>δεσπότην</strong></span> <span class='ocrx_word' id='word_1_64' title='bbox 1491 854 1788 908; x_wconf 55' lang='grc' dir='ltr'>ἐκάλεσεν</span> 
     </span>
    </p>
   </div>
   <div class='ocr_carea' id='block_1_11' title="bbox 207 943 1793 1015">
    <p class='ocr_par' dir='ltr' id='par_1_11' title="bbox 207 943 1793 1015">
     <span class='ocr_line' id='line_1_11' title="bbox 207 943 1793 1015; baseline 0.002 -19"><span class='ocrx_word' id='word_1_65' title='bbox 207 943 304 997; x_wconf 81' lang='grc' dir='ltr'><strong>καὶ</strong></span> <span class='ocrx_word' id='word_1_66' title='bbox 332 944 609 1010; x_wconf 88' lang='grc' dir='ltr'>δεδοικὼς,</span> <span class='ocrx_word' id='word_1_67' title='bbox 642 946 736 999; x_wconf 74' lang='grc' dir='ltr'>καὶ</span> <span class='ocrx_word' id='word_1_68' title='bbox 769 947 989 1015; x_wconf 73' lang='grc' dir='ltr'>τρέμων</span> <span class='ocrx_word' id='word_1_69' title='bbox 1015 946 1178 1000; x_wconf 79' lang='grc' dir='ltr'>αὐτὸν</span> <span class='ocrx_word' id='word_1_70' title='bbox 1218 946 1519 999; x_wconf 81' lang='grc' dir='ltr'>διετέλεσεν</span> <span class='ocrx_word' id='word_1_71' title='bbox 1551 946 1673 999; x_wconf 83' lang='grc' dir='ltr'><strong>ὅλον</strong></span> <span class='ocrx_word' id='word_1_72' title='bbox 1702 948 1793 999; x_wconf 87' lang='grc' dir='ltr'><strong>τὸν</strong></span> 
     </span>
    </p>
   </div>
   <div class='ocr_carea' id='block_1_12' title="bbox 210 1035 1793 1109">
    <p class='ocr_par' dir='ltr' id='par_1_12' title="bbox 210 1035 1793 1109">
     <span class='ocr_line' id='line_1_12' title="bbox 210 1035 1793 1109; baseline 0.002 -21"><span class='ocrx_word' id='word_1_73' title='bbox 210 1035 327 1106; x_wconf 84' lang='grc' dir='ltr'>βίον</span> <span class='ocrx_word' id='word_1_74' title='bbox 352 1036 540 1090; x_wconf 80' lang='grc' dir='ltr'>αὑτοῦ.</span> <span class='ocrx_word' id='word_1_75' title='bbox 572 1036 756 1101; x_wconf 82' lang='grc' dir='ltr'>Ἀλλὰ,</span> <span class='ocrx_word' id='word_1_76' title='bbox 788 1038 884 1091; x_wconf 61' lang='grc' dir='ltr'><strong>καὶ⁵</strong></span> <span class='ocrx_word' id='word_1_77' title='bbox 919 1036 1058 1109; x_wconf 71' lang='grc' dir='ltr'>μετὰ</span> <span class='ocrx_word' id='word_1_78' title='bbox 1078 1037 1318 1092; x_wconf 83' lang='grc' dir='ltr'>τοσαῦτα</span> <span class='ocrx_word' id='word_1_79' title='bbox 1346 1037 1440 1108; x_wconf 76' lang='grc' dir='ltr'>ἔτη</span> <span class='ocrx_word' id='word_1_80' title='bbox 1468 1037 1793 1103; x_wconf 76' lang='grc' dir='ltr'>ἐξελθόντων</span> 
     </span>
    </p>
   </div>
   <div class='ocr_carea' id='block_1_13' title="bbox 208 1127 1792 1199">
    <p class='ocr_par' dir='ltr' id='par_1_13' title="bbox 208 1127 1792 1199">
     <span class='ocr_line' id='line_1_13' title="bbox 208 1127 1792 1199; baseline 0 -18"><span class='ocrx_word' id='word_1_81' title='bbox 208 1127 393 1181; x_wconf 80' lang='grc' dir='ltr'>αὐτῶν</span> <span class='ocrx_word' id='word_1_82' title='bbox 443 1127 506 1192; x_wconf 78' lang='grc' dir='ltr'><strong>ὲξ</strong></span> <span class='ocrx_word' id='word_1_83' title='bbox 539 1127 841 1196; x_wconf 80' lang='grc' dir='ltr'><strong>Αἰγύπτου,</strong></span> <span class='ocrx_word' id='word_1_84' title='bbox 894 1127 1165 1198; x_wconf 77' lang='grc' dir='ltr'>ἐδήλωσεν</span> <span class='ocrx_word' id='word_1_85' title='bbox 1213 1128 1457 1198; x_wconf 82' lang='grc' dir='ltr'><strong>Μωῡσῆς</strong></span> <span class='ocrx_word' id='word_1_86' title='bbox 1490 1128 1569 1199; x_wconf 82' lang='grc' dir='ltr'>τῷ</span> <span class='ocrx_word' id='word_1_87' title='bbox 1592 1127 1792 1199; x_wconf 85' lang='grc' dir='ltr'>πρώτῳ</span> 
     </span>
    </p>
   </div>
   <div class='ocr_carea' id='block_1_14' title="bbox 208 1218 1792 1290">
    <p class='ocr_par' dir='ltr' id='par_1_14' title="bbox 208 1218 1792 1290">
     <span class='ocr_line' id='line_1_14' title="bbox 208 1218 1792 1290; baseline -0.001 -16"><span class='ocrx_word' id='word_1_88' title='bbox 208 1221 306 1274; x_wconf 80' lang='grc' dir='ltr'>καὶ</span> <span class='ocrx_word' id='word_1_89' title='bbox 339 1220 561 1290; x_wconf 80' lang='grc' dir='ltr'>ἄρχοντι</span> <span class='ocrx_word' id='word_1_90' title='bbox 597 1218 710 1272; x_wconf 84' lang='grc' dir='ltr'><strong>τῶν</strong></span> <span class='ocrx_word' id='word_1_91' title='bbox 740 1218 869 1272; x_wconf 82' lang='grc' dir='ltr'>υἱῶν</span> <span class='ocrx_word' id='word_1_92' title='bbox 909 1219 1079 1272; x_wconf 79' lang='grc' dir='ltr'>Ἡσαῦ</span> <span class='ocrx_word' id='word_1_93' title='bbox 1102 1258 1117 1283; x_wconf 86' lang='grc'><strong>,</strong></span> <span class='ocrx_word' id='word_1_94' title='bbox 1152 1220 1235 1273; x_wconf 81' lang='grc' dir='ltr'><strong>ὅτι</strong></span> <span class='ocrx_word' id='word_1_95' title='bbox 1287 1239 1306 1271; x_wconf 82' lang='grc' dir='ltr'>ι</span> <span class='ocrx_word' id='word_1_96' title='bbox 1354 1219 1600 1289; x_wconf 77' lang='grc' dir='ltr'>Ἀδελφοὶ</span> <span class='ocrx_word' id='word_1_97' title='bbox 1639 1220 1792 1290; x_wconf 83' lang='grc' dir='ltr'>ὑμῶν</span> 
     </span>
    </p>
   </div>
   <div class='ocr_carea' id='block_1_15' title="bbox 207 1310 1792 1383">
    <p class='ocr_par' dir='ltr' id='par_1_15' title="bbox 207 1310 1792 1383">
     <span class='ocr_line' id='line_1_15' title="bbox 207 1310 1792 1383; baseline 0.003 -20"><span class='ocrx_word' id='word_1_98' title='bbox 207 1312 382 1381; x_wconf 78' lang='grc' dir='ltr'>ἐσμεν</span> <span class='ocrx_word' id='word_1_99' title='bbox 405 1326 419 1340; x_wconf 88' lang='grc'><strong>·</strong></span> <span class='ocrx_word' id='word_1_100' title='bbox 461 1310 740 1380; x_wconf 86' lang='grc' dir='ltr'>μηνύσατε</span> <span class='ocrx_word' id='word_1_101' title='bbox 770 1312 902 1381; x_wconf 75' lang='grc' dir='ltr'>ἡμῖν</span> <span class='ocrx_word' id='word_1_102' title='bbox 936 1310 1191 1380; x_wconf 79' lang='grc' dir='ltr'>διαϐῆναι</span> <span class='ocrx_word' id='word_1_103' title='bbox 1223 1312 1384 1382; x_wconf 85' lang='grc' dir='ltr'>μόνον</span> <span class='ocrx_word' id='word_1_104' title='bbox 1432 1312 1523 1365; x_wconf 75' lang='grc' dir='ltr'>διὰ</span> <span class='ocrx_word' id='word_1_105' title='bbox 1559 1313 1658 1382; x_wconf 75' lang='grc' dir='ltr'>τῆς</span> <span class='ocrx_word' id='word_1_106' title='bbox 1686 1313 1792 1383; x_wconf 86' lang='grc' dir='ltr'>γῆς</span> 
     </span>
    </p>
   </div>
   <div class='ocr_carea' id='block_1_16' title="bbox 209 1401 1791 1473">
    <p class='ocr_par' dir='ltr' id='par_1_16' title="bbox 209 1401 1791 1473">
     <span class='ocr_line' id='line_1_16' title="bbox 209 1401 1791 1473; baseline 0.002 -20"><span class='ocrx_word' id='word_1_107' title='bbox 209 1402 366 1471; x_wconf 81' lang='grc' dir='ltr'>ὑμῶν</span> <span class='ocrx_word' id='word_1_108' title='bbox 387 1418 401 1432; x_wconf 90' lang='grc'><strong>·</strong></span> <span class='ocrx_word' id='word_1_109' title='bbox 429 1402 532 1473; x_wconf 77' lang='grc' dir='ltr'><strong>ὁδῷ</strong></span> <span class='ocrx_word' id='word_1_110' title='bbox 563 1401 817 1473; x_wconf 84' lang='grc' dir='ltr'>βασιλικῇ</span> <span class='ocrx_word' id='word_1_111' title='bbox 847 1402 1268 1473; x_wconf 80' lang='grc' dir='ltr'>πορευσόμεθα·</span> <span class='ocrx_word' id='word_1_112' title='bbox 1300 1403 1400 1455; x_wconf 78' lang='grc' dir='ltr'><strong>οὐκ</strong></span> <span class='ocrx_word' id='word_1_113' title='bbox 1433 1404 1791 1473; x_wconf 82' lang='grc' dir='ltr'>ἐκκλινοῠμεν</span> 
     </span>
    </p>
   </div>
   <div class='ocr_carea' id='block_1_17' title="bbox 205 1490 1790 1564">
    <p class='ocr_par' dir='ltr' id='par_1_17' title="bbox 205 1490 1790 1564">
     <span class='ocr_line' id='line_1_17' title="bbox 205 1490 1790 1564; baseline -0.001 -19"><span class='ocrx_word' id='word_1_114' title='bbox 205 1491 358 1554; x_wconf 76' lang='grc' dir='ltr'>δεξιὰ</span> <span class='ocrx_word' id='word_1_115' title='bbox 408 1492 498 1545; x_wconf 74' lang='grc' dir='ltr'>καὶ</span> <span class='ocrx_word' id='word_1_116' title='bbox 536 1491 804 1562; x_wconf 81' lang='grc' dir='ltr'>ἀριστερά</span> <span class='ocrx_word' id='word_1_117' title='bbox 835 1508 850 1525; x_wconf 78' lang='grc' dir='ltr'><strong><em>ο</em></strong></span> <span class='ocrx_word' id='word_1_118' title='bbox 897 1490 1033 1544; x_wconf 74' lang='grc' dir='ltr'>ἀλλὰ</span> <span class='ocrx_word' id='word_1_119' title='bbox 1063 1492 1125 1543; x_wconf 82' lang='grc' dir='ltr'>τὸ</span> <span class='ocrx_word' id='word_1_120' title='bbox 1158 1490 1300 1561; x_wconf 71' lang='grc' dir='ltr'>ὕδωρ</span> <span class='ocrx_word' id='word_1_121' title='bbox 1347 1492 1446 1544; x_wconf 75' lang='grc' dir='ltr'><strong>καὶ</strong></span> <span class='ocrx_word' id='word_1_122' title='bbox 1505 1492 1596 1544; x_wconf 86' lang='grc' dir='ltr'><strong>τὸν</strong></span> <span class='ocrx_word' id='word_1_123' title='bbox 1626 1492 1790 1564; x_wconf 82' lang='grc' dir='ltr'>ἄρτον</span> 
     </span>
    </p>
   </div>
   <div class='ocr_carea' id='block_1_18' title="bbox 203 1582 1787 1654">
    <p class='ocr_par' dir='ltr' id='par_1_18' title="bbox 203 1582 1787 1654">
     <span class='ocr_line' id='line_1_18' title="bbox 203 1582 1787 1654; baseline 0.002 -20"><span class='ocrx_word' id='word_1_124' title='bbox 203 1585 375 1652; x_wconf 76' lang='grc' dir='ltr'>τιμῆς</span> <span class='ocrx_word' id='word_1_125' title='bbox 405 1583 777 1653; x_wconf 81' lang='grc' dir='ltr'>ἀγοράσομεν,</span> <span class='ocrx_word' id='word_1_126' title='bbox 817 1582 922 1646; x_wconf 76' lang='grc' dir='ltr'>ἕως</span> <span class='ocrx_word' id='word_1_127' title='bbox 966 1582 1031 1636; x_wconf 83' lang='grc' dir='ltr'>ἂν</span> <span class='ocrx_word' id='word_1_128' title='bbox 1070 1582 1349 1653; x_wconf 59' lang='grc' dir='ltr'>διαθῶμεν</span> <span class='ocrx_word' id='word_1_129' title='bbox 1395 1585 1474 1645; x_wconf 84' lang='grc' dir='ltr'>εἰς</span> <span class='ocrx_word' id='word_1_130' title='bbox 1522 1582 1620 1654; x_wconf 78' lang='grc' dir='ltr'><strong>τὴν</strong></span> <span class='ocrx_word' id='word_1_131' title='bbox 1661 1584 1787 1653; x_wconf 80' lang='grc' dir='ltr'>γῆν,</span> 
     </span>
    </p>
   </div>
   <div class='ocr_carea' id='block_1_19' title="bbox 205 1672 1784 1744">
    <p class='ocr_par' dir='ltr' id='par_1_19' title="bbox 205 1672 1784 1744">
     <span class='ocr_line' id='line_1_19' title="bbox 205 1672 1784 1744; baseline 0.001 -20"><span class='ocrx_word' id='word_1_132' title='bbox 205 1672 275 1742; x_wconf 75' lang='grc' dir='ltr'>ἣν</span> <span class='ocrx_word' id='word_1_133' title='bbox 298 1672 498 1726; x_wconf 84' lang='grc' dir='ltr'>ἔδωκεν</span> <span class='ocrx_word' id='word_1_134' title='bbox 537 1675 669 1744; x_wconf 81' lang='grc' dir='ltr'>ἡμῖν</span> <span class='ocrx_word' id='word_1_135' title='bbox 709 1674 737 1725; x_wconf 89' lang='lat'><strong>6</strong></span> <span class='ocrx_word' id='word_1_136' title='bbox 770 1673 924 1736; x_wconf 85' lang='grc' dir='ltr'>Θεός.</span> <span class='ocrx_word' id='word_1_137' title='bbox 976 1691 993 1723; x_wconf 73' lang='grc' dir='ltr'><strong>ι</strong></span> <span class='ocrx_word' id='word_1_138' title='bbox 1026 1674 1133 1725; x_wconf 72' lang='grc' dir='ltr'><strong>Καὶ</strong></span> <span class='ocrx_word' id='word_1_139' title='bbox 1172 1673 1540 1743; x_wconf 82' lang='grc' dir='ltr'>ἁντεδήλωσεν</span> <span class='ocrx_word' id='word_1_140' title='bbox 1579 1674 1784 1741; x_wconf 80' lang='grc' dir='ltr'>αὐτοῖς,</span> 
     </span>
    </p>
   </div>
   <div class='ocr_carea' id='block_1_20' title="bbox 205 1735 1862 1853">
    <p class='ocr_par' dir='ltr' id='par_1_20' title="bbox 205 1735 1862 1853">
     <span class='ocr_line' id='line_1_20' title="bbox 205 1735 1862 1853; baseline 0.002 -37"><span class='ocrx_word' id='word_1_141' title='bbox 205 1735 289 1817; x_wconf 73' lang='grc' dir='ltr'>ὅτι</span> <span class='ocrx_word' id='word_1_142' title='bbox 332 1783 350 1815; x_wconf 74' lang='grc' dir='ltr'><strong>ι</strong></span> <span class='ocrx_word' id='word_1_143' title='bbox 390 1764 523 1834; x_wconf 82' lang='grc' dir='ltr'>Οὐχί</span> <span class='ocrx_word' id='word_1_144' title='bbox 547 1735 689 1818; x_wconf 66' lang='grc' dir='ltr'>ἠὲὰν</span> <span class='ocrx_word' id='word_1_145' title='bbox 714 1764 937 1834; x_wconf 79' lang='grc' dir='ltr'>διαϐῆτε</span> <span class='ocrx_word' id='word_1_146' title='bbox 968 1763 1056 1853; x_wconf 63' lang='grc' dir='ltr'><strong>διά</strong></span> <span class='ocrx_word' id='word_1_147' title='bbox 1079 1766 1177 1835; x_wconf 81' lang='grc' dir='ltr'>τῆς</span> <span class='ocrx_word' id='word_1_148' title='bbox 1201 1768 1303 1836; x_wconf 83' lang='grc' dir='ltr'><strong>γῆς</strong></span> <span class='ocrx_word' id='word_1_149' title='bbox 1341 1735 1466 1835; x_wconf 74' lang='grc' dir='ltr'>μου,</span> <span class='ocrx_word' id='word_1_150' title='bbox 1504 1735 1782 1830; x_wconf 54' lang='grc' dir='ltr'><strong>ἐξελευσόζ</strong></span> <span class='ocrx_word' id='word_1_151' title='bbox 1823 1735 1862 1789; x_wconf 77' lang='grc' dir='ltr'><strong><em>Β</em></strong></span> 
     </span>
    </p>
   </div>
   <div class='ocr_carea' id='block_1_21' title="bbox 210 1855 1792 1929">
    <p class='ocr_par' dir='ltr' id='par_1_21' title="bbox 210 1855 1792 1929">
     <span class='ocr_line' id='line_1_21' title="bbox 210 1855 1792 1929; baseline 0.001 -22"><span class='ocrx_word' id='word_1_152' title='bbox 210 1855 373 1924; x_wconf 80' lang='grc' dir='ltr'>μεθα,</span> <span class='ocrx_word' id='word_1_153' title='bbox 407 1857 502 1909; x_wconf 77' lang='grc' dir='ltr'>καὶ</span> <span class='ocrx_word' id='word_1_154' title='bbox 526 1856 939 1926; x_wconf 81' lang='grc' dir='ltr'>ἀποκτενοῦμεν</span> <span class='ocrx_word' id='word_1_155' title='bbox 979 1857 1144 1925; x_wconf 75' lang='grc' dir='ltr'>ὑμᾶς.</span> <span class='ocrx_word' id='word_1_156' title='bbox 1183 1875 1201 1907; x_wconf 73' lang='grc' dir='ltr'><strong>ι</strong></span> <span class='ocrx_word' id='word_1_157' title='bbox 1234 1858 1339 1909; x_wconf 76' lang='grc' dir='ltr'><strong>Καὶ</strong></span> <span class='ocrx_word' id='word_1_158' title='bbox 1374 1858 1473 1909; x_wconf 74' lang='grc' dir='ltr'><strong>οὐκ</strong></span> <span class='ocrx_word' id='word_1_159' title='bbox 1500 1858 1792 1929; x_wconf 74' lang='grc' dir='ltr'>ἀνέτρεψεν</span> 
     </span>
    </p>
   </div>
   <div class='ocr_carea' id='block_1_22' title="bbox 201 1946 1793 2020">
    <p class='ocr_par' dir='ltr' id='par_1_22' title="bbox 201 1946 1793 2020">
     <span class='ocr_line' id='line_1_22' title="bbox 201 1946 1793 2020; baseline 0.003 -22"><span class='ocrx_word' id='word_1_160' title='bbox 201 1946 367 2000; x_wconf 82' lang='grc' dir='ltr'>τοῦτο</span> <span class='ocrx_word' id='word_1_161' title='bbox 407 1951 435 2002; x_wconf 92' lang='lat'><strong>6</strong></span> <span class='ocrx_word' id='word_1_162' title='bbox 479 1948 633 2013; x_wconf 91' lang='grc' dir='ltr'>Θεὸς,</span> <span class='ocrx_word' id='word_1_163' title='bbox 677 1949 813 2002; x_wconf 78' lang='grc' dir='ltr'>ἀλλὰ</span> <span class='ocrx_word' id='word_1_164' title='bbox 857 1948 952 2003; x_wconf 77' lang='grc' dir='ltr'>καὶ</span> <span class='ocrx_word' id='word_1_165' title='bbox 1002 1949 1201 2018; x_wconf 76' lang='grc' dir='ltr'>μᾶλλον</span> <span class='ocrx_word' id='word_1_166' title='bbox 1252 1950 1651 2020; x_wconf 83' lang='grc' dir='ltr'>ύπεκύρωσεν,</span> <span class='ocrx_word' id='word_1_167' title='bbox 1698 1951 1793 2002; x_wconf 71' lang='grc' dir='ltr'><strong>καὶ</strong></span> 
     </span>
    </p>
   </div>
   <div class='ocr_carea' id='block_1_23' title="bbox 202 2039 1794 2115">
    <p class='ocr_par' dir='ltr' id='par_1_23' title="bbox 202 2039 1794 2115">
     <span class='ocr_line' id='line_1_23' title="bbox 202 2039 1794 2115; baseline 0.003 -23"><span class='ocrx_word' id='word_1_168' title='bbox 202 2039 543 2112; x_wconf 80' lang='grc' dir='ltr'>ἀντέσχυρεν</span> <span class='ocrx_word' id='word_1_169' title='bbox 564 2041 763 2110; x_wconf 84' lang='grc' dir='ltr'>λέγων,</span> <span class='ocrx_word' id='word_1_170' title='bbox 791 2043 872 2096; x_wconf 81' lang='grc' dir='ltr'><strong>ὅτι</strong></span> <span class='ocrx_word' id='word_1_171' title='bbox 910 2061 928 2094; x_wconf 80' lang='grc' dir='ltr'>ι</span> <span class='ocrx_word' id='word_1_172' title='bbox 962 2040 1070 2113; x_wconf 85' lang='grc' dir='ltr'>Τὴν</span> <span class='ocrx_word' id='word_1_173' title='bbox 1101 2042 1204 2110; x_wconf 84' lang='grc' dir='ltr'>γῆν</span> <span class='ocrx_word' id='word_1_174' title='bbox 1233 2043 1459 2113; x_wconf 85' lang='grc' dir='ltr'>ταύτην,</span> <span class='ocrx_word' id='word_1_175' title='bbox 1492 2044 1559 2115; x_wconf 78' lang='grc' dir='ltr'>ἣν</span> <span class='ocrx_word' id='word_1_176' title='bbox 1587 2044 1794 2097; x_wconf 79' lang='grc' dir='ltr'>δέδωκα</span> 
     </span>
    </p>
   </div>
   <div class='ocr_carea' id='block_1_24' title="bbox 199 2130 1790 2205">
    <p class='ocr_par' dir='ltr' id='par_1_24' title="bbox 199 2130 1790 2205">
     <span class='ocr_line' id='line_1_24' title="bbox 199 2130 1790 2205; baseline 0.005 -22"><span class='ocrx_word' id='word_1_177' title='bbox 199 2130 286 2200; x_wconf 80' lang='grc' dir='ltr'>τῷ</span> <span class='ocrx_word' id='word_1_178' title='bbox 327 2131 524 2197; x_wconf 80' lang='grc' dir='ltr'>Ἠσαῦ,</span> <span class='ocrx_word' id='word_1_179' title='bbox 564 2132 641 2203; x_wconf 87' lang='grc' dir='ltr'>μὴ</span> <span class='ocrx_word' id='word_1_180' title='bbox 685 2133 1026 2205; x_wconf 84' lang='grc' dir='ltr'>πλησιάσητε</span> <span class='ocrx_word' id='word_1_181' title='bbox 1061 2135 1275 2198; x_wconf 75' lang='grc' dir='ltr'>αὐτοῖς,</span> <span class='ocrx_word' id='word_1_182' title='bbox 1316 2152 1335 2185; x_wconf 72' lang='grc' dir='ltr'><strong>ι</strong></span> <span class='ocrx_word' id='word_1_183' title='bbox 1391 2136 1485 2187; x_wconf 72' lang='grc' dir='ltr'>καὶ</span> <span class='ocrx_word' id='word_1_184' title='bbox 1524 2135 1592 2187; x_wconf 72' lang='grc' dir='ltr'>τά</span> <span class='ocrx_word' id='word_1_185' title='bbox 1643 2134 1790 2205; x_wconf 78' lang='grc' dir='ltr'>ἑξῆς.</span> 
     </span>
    </p>
   </div>
   <div class='ocr_carea' id='block_1_25' title="bbox 202 2220 1794 2295">
    <p class='ocr_par' dir='ltr' id='par_1_25' title="bbox 202 2220 1794 2295">
     <span class='ocr_line' id='line_1_25' title="bbox 202 2220 1794 2295; baseline 0.004 -21"><span class='ocrx_word' id='word_1_186' title='bbox 202 2221 322 2275; x_wconf 79' lang='grc' dir='ltr'><strong>Ποῦ</strong></span> <span class='ocrx_word' id='word_1_187' title='bbox 346 2220 439 2275; x_wconf 75' lang='grc' dir='ltr'><strong>οὖν</strong></span> <span class='ocrx_word' id='word_1_188' title='bbox 471 2222 789 2294; x_wconf 75' lang='grc' dir='ltr'>ἐπλήρωσεν</span> <span class='ocrx_word' id='word_1_189' title='bbox 826 2227 854 2277; x_wconf 93' lang='lat'><strong>6</strong></span> <span class='ocrx_word' id='word_1_190' title='bbox 885 2224 1018 2288; x_wconf 88' lang='grc' dir='ltr'>Θεὸς</span> <span class='ocrx_word' id='word_1_191' title='bbox 1050 2224 1129 2295; x_wconf 83' lang='grc' dir='ltr'>τῷ</span> <span class='ocrx_word' id='word_1_192' title='bbox 1174 2224 1395 2289; x_wconf 86' lang='grc' dir='ltr'>Ἰακὼϐ,</span> <span class='ocrx_word' id='word_1_193' title='bbox 1428 2225 1464 2279; x_wconf 81' lang='grc' dir='ltr'><strong>ἃ.</strong></span> <span class='ocrx_word' id='word_1_194' title='bbox 1490 2222 1677 2289; x_wconf 75' lang='grc' dir='ltr'>εἶπεν,</span> <span class='ocrx_word' id='word_1_195' title='bbox 1712 2230 1794 2281; x_wconf 80' lang='grc' dir='ltr'><strong>ὅτι</strong></span> 
     </span>
    </p>
   </div>
   <div class='ocr_carea' id='block_1_26' title="bbox 210 2315 1793 2388">
    <p class='ocr_par' dir='ltr' id='par_1_26' title="bbox 210 2315 1793 2388">
     <span class='ocr_line' id='line_1_26' title="bbox 210 2315 1793 2388; baseline 0.003 -23"><span class='ocrx_word' id='word_1_196' title='bbox 210 2333 230 2364; x_wconf 80' lang='grc' dir='ltr'>ι</span> <span class='ocrx_word' id='word_1_197' title='bbox 272 2315 721 2385; x_wconf 79' lang='grc' dir='ltr'>Προσκυνήσουσξ</span> <span class='ocrx_word' id='word_1_198' title='bbox 761 2332 842 2388; x_wconf 75' lang='grc' dir='ltr'><strong>σοι</strong></span> <span class='ocrx_word' id='word_1_199' title='bbox 886 2316 996 2370; x_wconf 79' lang='grc' dir='ltr'>υἱοὶ</span> <span class='ocrx_word' id='word_1_200' title='bbox 1040 2316 1135 2369; x_wconf 80' lang='grc' dir='ltr'><strong>τοῦ</strong></span> <span class='ocrx_word' id='word_1_201' title='bbox 1184 2318 1391 2388; x_wconf 86' lang='grc' dir='ltr'>πατρός</span> <span class='ocrx_word' id='word_1_202' title='bbox 1442 2335 1572 2383; x_wconf 85' lang='grc' dir='ltr'>σου,</span> <span class='ocrx_word' id='word_1_203' title='bbox 1619 2318 1715 2372; x_wconf 65' lang='grc' dir='ltr'><strong>καὶ</strong></span> <span class='ocrx_word' id='word_1_204' title='bbox 1746 2319 1793 2372; x_wconf 87' lang='grc' dir='ltr'><strong>οί</strong></span> 
     </span>
    </p>
   </div>
   <div class='ocr_carea' id='block_1_27' title="bbox 201 2385 1794 2478">
    <p class='ocr_par' dir='ltr' id='par_1_27' title="bbox 201 2385 1794 2478">
     <span class='ocr_line' id='line_1_27' title="bbox 201 2385 1794 2478; baseline 0.003 -22"><span class='ocrx_word' id='word_1_205' title='bbox 201 2402 432 2470; x_wconf 73' lang='grc' dir='ltr'>ἀδελφοί</span> <span class='ocrx_word' id='word_1_206' title='bbox 473 2420 588 2470; x_wconf 87' lang='grc' dir='ltr'>σου,</span> <span class='ocrx_word' id='word_1_207' title='bbox 622 2405 718 2458; x_wconf 78' lang='grc' dir='ltr'><strong>καὶ</strong></span> <span class='ocrx_word' id='word_1_208' title='bbox 758 2385 858 2469; x_wconf 38' lang='grc' dir='ltr'>σὺν,</span> <span class='ocrx_word' id='word_1_209' title='bbox 895 2407 989 2459; x_wconf 77' lang='grc' dir='ltr'><strong>καὶ</strong></span> <span class='ocrx_word' id='word_1_210' title='bbox 1029 2406 1091 2460; x_wconf 88' lang='grc' dir='ltr'><strong>τὸ</strong></span> <span class='ocrx_word' id='word_1_211' title='bbox 1126 2385 1349 2478; x_wconf 84' lang='grc' dir='ltr'>σπέρμα</span> <span class='ocrx_word' id='word_1_212' title='bbox 1377 2425 1470 2459; x_wconf 69' lang='grc' dir='ltr'><strong>σου</strong></span> <span class='ocrx_word' id='word_1_213' title='bbox 1512 2406 1794 2477; x_wconf 87' lang='grc' dir='ltr'>κυριεύσει</span> 
     </span>
    </p>
   </div>
   <div class='ocr_carea' id='block_1_28' title="bbox 200 2493 1796 2569">
    <p class='ocr_par' dir='ltr' id='par_1_28' title="bbox 200 2493 1796 2569">
     <span class='ocr_line' id='line_1_28' title="bbox 200 2493 1796 2569; baseline 0.004 -22"><span class='ocrx_word' id='word_1_214' title='bbox 200 2493 413 2558; x_wconf 78' lang='grc' dir='ltr'>αὐτῶν,</span> <span class='ocrx_word' id='word_1_215' title='bbox 456 2513 475 2546; x_wconf 74' lang='grc' dir='ltr'><strong>ι</strong></span> <span class='ocrx_word' id='word_1_216' title='bbox 524 2495 618 2548; x_wconf 72' lang='grc' dir='ltr'>καὶ</span> <span class='ocrx_word' id='word_1_217' title='bbox 660 2495 730 2548; x_wconf 79' lang='grc' dir='ltr'>τὰ</span> <span class='ocrx_word' id='word_1_218' title='bbox 773 2496 1034 2564; x_wconf 76' lang='grc' dir='ltr'>τοιαῦτας</span> <span class='ocrx_word' id='word_1_219' title='bbox 1078 2498 1262 2569; x_wconf 81' lang='grc' dir='ltr'>Ὁρᾷς,</span> <span class='ocrx_word' id='word_1_220' title='bbox 1311 2493 1356 2552; x_wconf 82' lang='grc' dir='ltr'><strong>ὦ</strong></span> <span class='ocrx_word' id='word_1_221' title='bbox 1415 2500 1665 2564; x_wconf 84' lang='grc' dir='ltr'>Ἰουδαίε,</span> <span class='ocrx_word' id='word_1_222' title='bbox 1714 2501 1796 2553; x_wconf 80' lang='grc' dir='ltr'><strong>ὅτι</strong></span> 
     </span>
    </p>
   </div>
   <div class='ocr_carea' id='block_1_29' title="bbox 200 2585 1797 2662">
    <p class='ocr_par' dir='ltr' id='par_1_29' title="bbox 200 2585 1797 2662">
     <span class='ocr_line' id='line_1_29' title="bbox 200 2585 1797 2662; baseline 0.004 -25"><span class='ocrx_word' id='word_1_223' title='bbox 200 2585 491 2655; x_wconf 81' lang='grc' dir='ltr'>πανταχοῦ</span> <span class='ocrx_word' id='word_1_224' title='bbox 525 2586 615 2639; x_wconf 86' lang='grc' dir='ltr'><strong>τὸν</strong></span> <span class='ocrx_word' id='word_1_225' title='bbox 657 2586 791 2639; x_wconf 83' lang='grc' dir='ltr'>Θεὸν</span> <span class='ocrx_word' id='word_1_226' title='bbox 839 2588 1083 2659; x_wconf 79' lang='grc' dir='ltr'>ψεύστην</span> <span class='ocrx_word' id='word_1_227' title='bbox 1120 2592 1294 2652; x_wconf 79' lang='grc' dir='ltr'>ποιεῖς</span> <span class='ocrx_word' id='word_1_228' title='bbox 1338 2590 1427 2643; x_wconf 79' lang='grc' dir='ltr'><strong>διὰ</strong></span> <span class='ocrx_word' id='word_1_229' title='bbox 1475 2593 1575 2660; x_wconf 86' lang='grc' dir='ltr'><strong>τῆς</strong></span> <span class='ocrx_word' id='word_1_230' title='bbox 1619 2590 1797 2662; x_wconf 84' lang='grc' dir='ltr'>κακῆς</span> 
     </span>
    </p>
   </div>
   <div class='ocr_carea' id='block_1_30' title="bbox 203 2669 1795 2747">
    <p class='ocr_par' dir='ltr' id='par_1_30' title="bbox 203 2669 1795 2747">
     <span class='ocr_line' id='line_1_30' title="bbox 203 2669 1795 2747; baseline 0.002 -22"><span class='ocrx_word' id='word_1_231' title='bbox 203 2673 507 2743; x_wconf 80' lang='grc' dir='ltr'>ἑρμηνείας</span> <span class='ocrx_word' id='word_1_232' title='bbox 542 2691 635 2726; x_wconf 84' lang='grc' dir='ltr'><strong>σου</strong></span> <span class='ocrx_word' id='word_1_233' title='bbox 691 2674 791 2728; x_wconf 78' lang='grc' dir='ltr'>καὶ</span> <span class='ocrx_word' id='word_1_234' title='bbox 827 2669 1157 2742; x_wconf 67' lang='grc' dir='ltr'>ἀσυνεσίαςξ</span> <span class='ocrx_word' id='word_1_235' title='bbox 1199 2676 1334 2747; x_wconf 78' lang='grc' dir='ltr'><strong>Οὐχὶ</strong></span> <span class='ocrx_word' id='word_1_236' title='bbox 1377 2676 1434 2730; x_wconf 84' lang='grc' dir='ltr'>δὲ</span> <span class='ocrx_word' id='word_1_237' title='bbox 1481 2675 1559 2746; x_wconf 82' lang='grc' dir='ltr'>τῷ</span> <span class='ocrx_word' id='word_1_238' title='bbox 1596 2674 1795 2730; x_wconf 86' lang='grc' dir='ltr'>Ἰακὼϐ</span> 
     </span>
    </p>
   </div>
   <div class='ocr_carea' id='block_1_31' title="bbox 206 2762 1794 2836">
    <p class='ocr_par' dir='ltr' id='par_1_31' title="bbox 206 2762 1794 2836">
     <span class='ocr_line' id='line_1_31' title="bbox 206 2762 1794 2836; baseline 0.003 -21"><span class='ocrx_word' id='word_1_239' title='bbox 206 2765 397 2833; x_wconf 68' lang='grc' dir='ltr'>φανεὶς</span> <span class='ocrx_word' id='word_1_240' title='bbox 432 2764 460 2815; x_wconf 86' lang='lat'><strong>6</strong></span> <span class='ocrx_word' id='word_1_241' title='bbox 499 2762 652 2828; x_wconf 84' lang='grc' dir='ltr'>Θεὸς,</span> <span class='ocrx_word' id='word_1_242' title='bbox 699 2765 867 2835; x_wconf 80' lang='grc' dir='ltr'>ἡνίκα</span> <span class='ocrx_word' id='word_1_243' title='bbox 909 2766 1210 2820; x_wconf 73' lang='grc' dir='ltr'>ἐπάλαισεν</span> <span class='ocrx_word' id='word_1_244' title='bbox 1255 2767 1375 2836; x_wconf 85' lang='grc' dir='ltr'>μετ’</span> <span class='ocrx_word' id='word_1_245' title='bbox 1407 2766 1599 2828; x_wconf 80' lang='grc' dir='ltr'>αὑτοῦ,</span> <span class='ocrx_word' id='word_1_246' title='bbox 1641 2762 1794 2820; x_wconf 78' lang='grc' dir='ltr'>εἶπεν</span> 
     </span>
    </p>
   </div>
   <div class='ocr_carea' id='block_1_32' title="bbox 206 2849 1794 2924">
    <p class='ocr_par' dir='ltr' id='par_1_32' title="bbox 206 2849 1794 2924">
     <span class='ocr_line' id='line_1_32' title="bbox 206 2849 1794 2924; baseline 0.005 -22"><span class='ocrx_word' id='word_1_247' title='bbox 206 2849 477 2919; x_wconf 80' lang='grc' dir='ltr'><strong>αὐτῷ.ὃτι</strong></span> <span class='ocrx_word' id='word_1_248' title='bbox 519 2869 537 2901; x_wconf 78' lang='grc' dir='ltr'>ι</span> <span class='ocrx_word' id='word_1_249' title='bbox 569 2850 703 2903; x_wconf 83' lang='grc' dir='ltr'>Ἀπὸ</span> <span class='ocrx_word' id='word_1_250' title='bbox 725 2851 822 2904; x_wconf 83' lang='grc' dir='ltr'><strong>τοῦ</strong></span> <span class='ocrx_word' id='word_1_251' title='bbox 844 2853 940 2905; x_wconf 83' lang='grc' dir='ltr'>νῦν</span> <span class='ocrx_word' id='word_1_252' title='bbox 972 2854 1155 2907; x_wconf 77' lang='grc' dir='ltr'>οὐκέτι</span> <span class='ocrx_word' id='word_1_253' title='bbox 1177 2853 1511 2924; x_wconf 84' lang='grc' dir='ltr'>κληθήσεται</span> <span class='ocrx_word' id='word_1_254' title='bbox 1535 2856 1593 2907; x_wconf 88' lang='grc' dir='ltr'>τὸ</span> <span class='ocrx_word' id='word_1_255' title='bbox 1621 2855 1794 2922; x_wconf 75' lang='grc' dir='ltr'>ὄνομά</span> 
     </span>
    </p>
   </div>
   <div class='ocr_carea' id='block_1_33' title="bbox 208 2938 1791 3015">
    <p class='ocr_par' dir='ltr' id='par_1_33' title="bbox 208 2938 1791 3015">
     <span class='ocr_line' id='line_1_33' title="bbox 208 2938 1791 3015; baseline 0.006 -24"><span class='ocrx_word' id='word_1_256' title='bbox 208 2956 304 2992; x_wconf 89' lang='grc' dir='ltr'><strong>σου</strong></span> <span class='ocrx_word' id='word_1_257' title='bbox 350 2938 567 3003; x_wconf 75' lang='grc' dir='ltr'>Ἰακὼϐ,</span> <span class='ocrx_word' id='word_1_258' title='bbox 615 2940 753 2996; x_wconf 85' lang='grc' dir='ltr'>ἀλλά</span> <span class='ocrx_word' id='word_1_259' title='bbox 813 2944 1066 3014; x_wconf 78' lang='grc' dir='ltr'>Ἰσραήλς</span> <span class='ocrx_word' id='word_1_260' title='bbox 1131 2963 1149 2995; x_wconf 73' lang='grc' dir='ltr'><strong>ι</strong></span> <span class='ocrx_word' id='word_1_261' title='bbox 1192 2945 1293 2999; x_wconf 70' lang='grc' dir='ltr'><strong>καὶ</strong></span> <span class='ocrx_word' id='word_1_262' title='bbox 1332 2945 1596 3013; x_wconf 78' lang='grc' dir='ltr'>μυριάκις</span> <span class='ocrx_word' id='word_1_263' title='bbox 1649 2946 1791 3015; x_wconf 83' lang='grc' dir='ltr'>μετὰ</span> 
     </span>
    </p>
   </div>
   <div class='ocr_carea' id='block_1_34' title="bbox 206 3030 1793 3107">
    <p class='ocr_par' dir='ltr' id='par_1_34' title="bbox 206 3030 1793 3107">
     <span class='ocr_line' id='line_1_34' title="bbox 206 3030 1793 3107; baseline 0.002 -22"><span class='ocrx_word' id='word_1_264' title='bbox 206 3030 381 3086; x_wconf 80' lang='grc' dir='ltr'>ταῦτα</span> <span class='ocrx_word' id='word_1_265' title='bbox 417 3033 512 3098; x_wconf 78' lang='grc' dir='ltr'>καὶ</span> <span class='ocrx_word' id='word_1_266' title='bbox 537 3034 566 3085; x_wconf 90' lang='lat'><strong>6</strong></span> <span class='ocrx_word' id='word_1_267' title='bbox 605 3033 763 3099; x_wconf 85' lang='grc' dir='ltr'>Θεὸς,</span> <span class='ocrx_word' id='word_1_268' title='bbox 798 3034 893 3088; x_wconf 76' lang='grc' dir='ltr'><strong>καὶ</strong></span> <span class='ocrx_word' id='word_1_269' title='bbox 933 3037 965 3105; x_wconf 87' lang='grc' dir='ltr'>ὴ</span> <span class='ocrx_word' id='word_1_270' title='bbox 1016 3036 1233 3107; x_wconf 80' lang='grc' dir='ltr'>Γραφὴ,</span> <span class='ocrx_word' id='word_1_271' title='bbox 1267 3039 1363 3088; x_wconf 61' lang='grc' dir='ltr'><strong>καὶ⁵</strong></span> <span class='ocrx_word' id='word_1_272' title='bbox 1400 3037 1564 3099; x_wconf 83' lang='grc' dir='ltr'>αὐτὸς</span> <span class='ocrx_word' id='word_1_273' title='bbox 1597 3037 1793 3090; x_wconf 81' lang='grc' dir='ltr'>ἑαυτὸν</span> 
     </span>
    </p>
   </div>
   <div class='ocr_carea' id='block_1_35' title="bbox 221 3121 1796 3193">
    <p class='ocr_par' dir='ltr' id='par_1_35' title="bbox 221 3121 1796 3193">
     <span class='ocr_line' id='line_1_35' title="bbox 221 3121 1796 3193; baseline 0.002 -16"><span class='ocrx_word' id='word_1_274' title='bbox 221 3123 419 3177; x_wconf 87' lang='grc' dir='ltr'>Ἰακὼϐ</span> <span class='ocrx_word' id='word_1_275' title='bbox 454 3125 736 3180; x_wconf 76' lang='grc' dir='ltr'>ἐκάλεσεν.</span> <span class='ocrx_word' id='word_1_276' title='bbox 765 3126 831 3178; x_wconf 89' lang='grc' dir='ltr'><strong>Τί</strong></span> <span class='ocrx_word' id='word_1_277' title='bbox 863 3121 957 3179; x_wconf 76' lang='grc' dir='ltr'><strong>οὖν</strong></span> <span class='ocrx_word' id='word_1_278' title='bbox 990 3126 1051 3179; x_wconf 85' lang='grc' dir='ltr'><strong>ού</strong></span> <span class='ocrx_word' id='word_1_279' title='bbox 1079 3126 1548 3193; x_wconf 81' lang='grc' dir='ltr'>διαπεπτώκασιν,</span> <span class='ocrx_word' id='word_1_280' title='bbox 1581 3129 1676 3181; x_wconf 75' lang='grc' dir='ltr'><strong>καὶ</strong></span> <span class='ocrx_word' id='word_1_281' title='bbox 1705 3127 1796 3180; x_wconf 78' lang='grc' dir='ltr'><strong>οὖ-</strong></span> 
     </span>
    </p>
   </div>
   <div class='ocr_carea' id='block_1_36' title="bbox 207 3216 1353 3286">
    <p class='ocr_par' dir='ltr' id='par_1_36' title="bbox 207 3216 1353 3286">
     <span class='ocr_line' id='line_1_36' title="bbox 207 3216 1353 3286; baseline 0.002 -20"><span class='ocrx_word' id='word_1_282' title='bbox 207 3231 316 3278; x_wconf 87' lang='grc' dir='ltr'>τως</span> <span class='ocrx_word' id='word_1_283' title='bbox 354 3217 490 3268; x_wconf 72' lang='grc' dir='ltr'>εἰσὶν</span> <span class='ocrx_word' id='word_1_284' title='bbox 523 3216 843 3271; x_wconf 80' lang='grc' dir='ltr'>ἀϐέϐαιοιοῐ</span> <span class='ocrx_word' id='word_1_285' title='bbox 868 3217 1018 3286; x_wconf 82' lang='grc' dir='ltr'>λόγοι</span> <span class='ocrx_word' id='word_1_286' title='bbox 1052 3217 1147 3270; x_wconf 80' lang='grc' dir='ltr'><strong>τοῦ</strong></span> <span class='ocrx_word' id='word_1_287' title='bbox 1179 3216 1353 3279; x_wconf 77' lang='grc' dir='ltr'><strong>Θεοῦς</strong></span> 
     </span>
    </p>
   </div>
   <div class='ocr_carea' id='block_1_37' title="bbox 280 3304 1796 3379">
    <p class='ocr_par' dir='ltr' id='par_1_37' title="bbox 280 3304 1796 3379">
     <span class='ocr_line' id='line_1_37' title="bbox 280 3304 1796 3379; baseline 0.003 -23"><span class='ocrx_word' id='word_1_288' title='bbox 280 3304 341 3358; x_wconf 87' lang='grc' dir='ltr'><strong>Β.</strong></span> <span class='ocrx_word' id='word_1_289' title='bbox 387 3306 525 3360; x_wconf 87' lang='grc' dir='ltr'>Ἀλλ’</span> <span class='ocrx_word' id='word_1_290' title='bbox 557 3305 690 3374; x_wconf 72' lang='grc' dir='ltr'>ἐγὼ,</span> <span class='ocrx_word' id='word_1_291' title='bbox 718 3307 918 3377; x_wconf 60' lang='grc' dir='ltr'>φησιν,</span> <span class='ocrx_word' id='word_1_292' title='bbox 947 3306 1065 3377; x_wconf 75' lang='grc' dir='ltr'>εἰμὶ</span> <span class='ocrx_word' id='word_1_293' title='bbox 1090 3310 1119 3361; x_wconf 92' lang='lat'><strong>6</strong></span> <span class='ocrx_word' id='word_1_294' title='bbox 1148 3307 1259 3370; x_wconf 88' lang='grc' dir='ltr'>υἱὸς</span> <span class='ocrx_word' id='word_1_295' title='bbox 1284 3306 1380 3360; x_wconf 83' lang='grc' dir='ltr'><strong>τοῦ</strong></span> <span class='ocrx_word' id='word_1_296' title='bbox 1426 3307 1665 3379; x_wconf 86' lang='grc' dir='ltr'>Ἰσραὴλ,</span> <span class='ocrx_word' id='word_1_297' title='bbox 1701 3308 1796 3361; x_wconf 60' lang='grc' dir='ltr'><strong>καὶ¹</strong></span> 
     </span>
    </p>
   </div>
   <div class='ocr_carea' id='block_1_38' title="bbox 206 3397 800 3467">
    <p class='ocr_par' dir='ltr' id='par_1_38' title="bbox 206 3397 800 3467">
     <span class='ocr_line' id='line_1_38' title="bbox 206 3397 800 3467; baseline 0.007 -19"><span class='ocrx_word' id='word_1_298' title='bbox 206 3397 333 3467; x_wconf 75' lang='grc' dir='ltr'>ἐμοὶ</span> <span class='ocrx_word' id='word_1_299' title='bbox 364 3398 421 3450; x_wconf 89' lang='grc' dir='ltr'><strong>αἰ</strong></span> <span class='ocrx_word' id='word_1_300' title='bbox 450 3398 800 3466; x_wconf 80' lang='grc' dir='ltr'>ἐπαγγελίαι.</span> 
     </span>
    </p>
   </div>
   <div class='ocr_carea' id='block_1_39' title="bbox 277 3488 1795 3560">
    <p class='ocr_par' dir='ltr' id='par_1_39' title="bbox 277 3488 1795 3560">
     <span class='ocr_line' id='line_1_39' title="bbox 277 3488 1795 3560; baseline 0 -19"><span class='ocrx_word' id='word_1_301' title='bbox 277 3488 345 3541; x_wconf 80' lang='grc' dir='ltr'><strong>Δ.</strong></span> <span class='ocrx_word' id='word_1_302' title='bbox 380 3488 545 3558; x_wconf 71' lang='grc' dir='ltr'><strong>Οὐχί*</strong></span> <span class='ocrx_word' id='word_1_303' title='bbox 598 3489 713 3542; x_wconf 82' lang='grc' dir='ltr'>ἀλλ’</span> <span class='ocrx_word' id='word_1_304' title='bbox 741 3488 854 3557; x_wconf 79' lang='grc' dir='ltr'><strong>ἐγώ</strong></span> <span class='ocrx_word' id='word_1_305' title='bbox 896 3491 1013 3555; x_wconf 78' lang='grc' dir='ltr'>εἰμι</span> <span class='ocrx_word' id='word_1_306' title='bbox 1066 3490 1095 3543; x_wconf 92' lang='lat'><strong>6</strong></span> <span class='ocrx_word' id='word_1_307' title='bbox 1132 3490 1227 3543; x_wconf 83' lang='grc' dir='ltr'>τοῦ</span> <span class='ocrx_word' id='word_1_308' title='bbox 1280 3488 1497 3560; x_wconf 84' lang='grc' dir='ltr'>Ἰσραὴλ</span> <span class='ocrx_word' id='word_1_309' title='bbox 1528 3488 1662 3552; x_wconf 80' lang='grc' dir='ltr'>υἱός.</span> <span class='ocrx_word' id='word_1_310' title='bbox 1707 3489 1795 3541; x_wconf 86' lang='grc' dir='ltr'>Ἐν</span> 
     </span>
    </p>
   </div>
   <div class='ocr_carea' id='block_1_40' title="bbox 203 3578 1795 3653">
    <p class='ocr_par' dir='ltr' id='par_1_40' title="bbox 203 3578 1795 3653">
     <span class='ocr_line' id='line_1_40' title="bbox 203 3578 1795 3653; baseline 0.003 -22"><span class='ocrx_word' id='word_1_311' title='bbox 203 3580 315 3632; x_wconf 87' lang='grc' dir='ltr'>τίνι</span> <span class='ocrx_word' id='word_1_312' title='bbox 344 3578 455 3651; x_wconf 82' lang='grc' dir='ltr'>γὰρ</span> <span class='ocrx_word' id='word_1_313' title='bbox 486 3580 579 3633; x_wconf 74' lang='grc' dir='ltr'>ἐπὶ</span> <span class='ocrx_word' id='word_1_314' title='bbox 610 3580 688 3651; x_wconf 83' lang='grc' dir='ltr'>τῷ</span> <span class='ocrx_word' id='word_1_315' title='bbox 732 3581 950 3651; x_wconf 83' lang='grc' dir='ltr'>Ἰσραὴλ</span> <span class='ocrx_word' id='word_1_316' title='bbox 977 3582 1355 3653; x_wconf 77' lang='grc' dir='ltr'>ὲγκαυχᾶσαις</span> <span class='ocrx_word' id='word_1_317' title='bbox 1389 3582 1471 3634; x_wconf 79' lang='grc' dir='ltr'><strong>ὅτι</strong></span> <span class='ocrx_word' id='word_1_318' title='bbox 1500 3582 1599 3653; x_wconf 80' lang='grc' dir='ltr'><strong>τὴν</strong></span> <span class='ocrx_word' id='word_1_319' title='bbox 1630 3580 1795 3653; x_wconf 84' lang='grc' dir='ltr'>τρίχα</span> 
     </span>
    </p>
   </div>
   <div class='ocr_carea' id='block_1_41' title="bbox 206 3670 1794 3745">
    <p class='ocr_par' dir='ltr' id='par_1_41' title="bbox 206 3670 1794 3745">
     <span class='ocr_line' id='line_1_41' title="bbox 206 3670 1794 3745; baseline 0.003 -23"><span class='ocrx_word' id='word_1_320' title='bbox 206 3670 369 3740; x_wconf 75' lang='grc' dir='ltr'>ἔσχεν</span> <span class='ocrx_word' id='word_1_321' title='bbox 422 3670 620 3743; x_wconf 73' lang='grc' dir='ltr'>οὔλην,</span> <span class='ocrx_word' id='word_1_322' title='bbox 681 3672 714 3742; x_wconf 82' lang='grc' dir='ltr'>ἢ</span> <span class='ocrx_word' id='word_1_323' title='bbox 773 3671 836 3725; x_wconf 82' lang='grc' dir='ltr'><strong>τὸ</strong></span> <span class='ocrx_word' id='word_1_324' title='bbox 899 3673 1061 3744; x_wconf 85' lang='grc' dir='ltr'>σῶμα</span> <span class='ocrx_word' id='word_1_325' title='bbox 1131 3672 1387 3744; x_wconf 84' lang='grc' dir='ltr'>μέγιστος</span> <span class='ocrx_word' id='word_1_326' title='bbox 1452 3673 1603 3745; x_wconf 77' lang='grc' dir='ltr'>παρὰ</span> <span class='ocrx_word' id='word_1_327' title='bbox 1668 3675 1794 3735; x_wconf 79' lang='grc' dir='ltr'>τοὺς</span> 
     </span>
    </p>
   </div>
   <div class='ocr_carea' id='block_1_42' title="bbox 206 3758 1789 3837">
    <p class='ocr_par' dir='ltr' id='par_1_42' title="bbox 206 3758 1789 3837">
     <span class='ocr_line' id='line_1_42' title="bbox 206 3758 1789 3837; baseline 0.001 -21"><span class='ocrx_word' id='word_1_328' title='bbox 206 3761 403 3826; x_wconf 73' lang='grc' dir='ltr'>ἄλλους</span> <span class='ocrx_word' id='word_1_329' title='bbox 444 3758 536 3834; x_wconf 85' lang='grc' dir='ltr'>ἦν,</span> <span class='ocrx_word' id='word_1_330' title='bbox 582 3763 615 3834; x_wconf 81' lang='grc' dir='ltr'>ἢ</span> <span class='ocrx_word' id='word_1_331' title='bbox 660 3764 990 3833; x_wconf 83' lang='grc' dir='ltr'>κράτιστος,</span> <span class='ocrx_word' id='word_1_332' title='bbox 1032 3764 1065 3836; x_wconf 78' lang='grc' dir='ltr'>ἢ</span> <span class='ocrx_word' id='word_1_333' title='bbox 1113 3763 1579 3837; x_wconf 81' lang='grc' dir='ltr'>παρηλλαγμένην</span> <span class='ocrx_word' id='word_1_334' title='bbox 1627 3763 1789 3835; x_wconf 65' lang='grc' dir='ltr'>ἔσχεν</span> 
     </span>
    </p>
   </div>
   <div class='ocr_carea' id='block_1_43' title="bbox 216 3857 476 3925">
    <p class='ocr_par' dir='ltr' id='par_1_43' title="bbox 216 3857 476 3925">
     <span class='ocr_line' id='line_1_43' title="bbox 216 3857 476 3925; baseline -0.015 -2"><span class='ocrx_word' id='word_1_335' title='bbox 216 3857 436 3925; x_wconf 76' lang='grc' dir='ltr'>μορφήν</span> <span class='ocrx_word' id='word_1_336' title='bbox 461 3872 476 3919; x_wconf 87' lang='grc'><strong>;</strong></span> 
     </span>
    </p>
   </div>
   <div class='ocr_carea' id='block_1_44' title="bbox 280 3940 1207 4016">
    <p class='ocr_par' dir='ltr' id='par_1_44' title="bbox 280 3940 1207 4016">
     <span class='ocr_line' id='line_1_44' title="bbox 280 3940 1207 4016; baseline 0.002 -20"><span class='ocrx_word' id='word_1_337' title='bbox 280 3943 343 3997; x_wconf 91' lang='lat' dir='ltr'><strong>B.</strong></span> <span class='ocrx_word' id='word_1_338' title='bbox 373 3944 506 4014; x_wconf 79' lang='grc' dir='ltr'>Ούχί</span> <span class='ocrx_word' id='word_1_339' title='bbox 530 3960 545 3975; x_wconf 83' lang='grc'>⁶</span> <span class='ocrx_word' id='word_1_340' title='bbox 576 3945 695 3997; x_wconf 63' lang='grc' dir='ltr'><strong>ἀλν</strong></span> <span class='ocrx_word' id='word_1_341' title='bbox 720 3946 802 3997; x_wconf 87' lang='grc' dir='ltr'>ὅτι</span> <span class='ocrx_word' id='word_1_342' title='bbox 828 3944 1087 4015; x_wconf 79' lang='grc' dir='ltr'>θεοσεϐὴς</span> <span class='ocrx_word' id='word_1_343' title='bbox 1117 3940 1207 4016; x_wconf 82' lang='grc' dir='ltr'><strong>ἦν.</strong></span> 
     </span>
    </p>
   </div>
   <div class='ocr_carea' id='block_1_45' title="bbox 277 4031 1795 4111">
    <p class='ocr_par' dir='ltr' id='par_1_45' title="bbox 277 4031 1795 4111">
     <span class='ocr_line' id='line_1_45' title="bbox 277 4031 1795 4111; baseline 0.005 -23"><span class='ocrx_word' id='word_1_344' title='bbox 277 4034 343 4088; x_wconf 79' lang='grc' dir='ltr'><strong>Δ.</strong></span> <span class='ocrx_word' id='word_1_345' title='bbox 372 4037 485 4099; x_wconf 84' lang='grc' dir='ltr'><strong>Πᾶς</strong></span> <span class='ocrx_word' id='word_1_346' title='bbox 501 4031 593 4090; x_wconf 79' lang='grc' dir='ltr'><strong>οὖν</strong></span> <span class='ocrx_word' id='word_1_347' title='bbox 606 4035 883 4108; x_wconf 79' lang='grc' dir='ltr'>θεοσεϐὴς,</span> <span class='ocrx_word' id='word_1_348' title='bbox 904 4038 999 4090; x_wconf 76' lang='grc' dir='ltr'>καὶ</span> <span class='ocrx_word' id='word_1_349' title='bbox 1021 4038 1279 4108; x_wconf 76' lang='grc' dir='ltr'>θεοφιλὴς</span> <span class='ocrx_word' id='word_1_350' title='bbox 1302 4039 1372 4104; x_wconf 73' lang='grc'>⁸⁸,</span> <span class='ocrx_word' id='word_1_351' title='bbox 1404 4039 1530 4104; x_wconf 80' lang='grc' dir='ltr'>τοὺς</span> <span class='ocrx_word' id='word_1_352' title='bbox 1556 4040 1795 4111; x_wconf 85' lang='grc' dir='ltr'>τρόπους</span> 
     </span>
    </p>
   </div>
   <div class='ocr_carea' id='block_1_46' title="bbox 218 4126 1792 4203">
    <p class='ocr_par' dir='ltr' id='par_1_46' title="bbox 218 4126 1792 4203">
     <span class='ocr_line' id='line_1_46' title="bbox 218 4126 1792 4203; baseline 0.003 -22"><span class='ocrx_word' id='word_1_353' title='bbox 218 4126 438 4199; x_wconf 78' lang='grc' dir='ltr'>Ἰσραὴλ</span> <span class='ocrx_word' id='word_1_354' title='bbox 452 4129 623 4189; x_wconf 80' lang='grc' dir='ltr'>σέϐων</span> <span class='ocrx_word' id='word_1_355' title='bbox 649 4130 746 4183; x_wconf 79' lang='grc' dir='ltr'>καὶ</span> <span class='ocrx_word' id='word_1_356' title='bbox 801 4129 1053 4198; x_wconf 82' lang='grc' dir='ltr'>ἀγαπῶν,</span> <span class='ocrx_word' id='word_1_357' title='bbox 1085 4130 1248 4198; x_wconf 84' lang='grc' dir='ltr'>λέγω,</span> <span class='ocrx_word' id='word_1_358' title='bbox 1277 4132 1359 4185; x_wconf 86' lang='grc' dir='ltr'><strong>ὄτι</strong></span> <span class='ocrx_word' id='word_1_359' title='bbox 1389 4133 1517 4197; x_wconf 80' lang='grc' dir='ltr'>Υἱός</span> <span class='ocrx_word' id='word_1_360' title='bbox 1552 4135 1670 4203; x_wconf 82' lang='grc' dir='ltr'>εἰμι</span> <span class='ocrx_word' id='word_1_361' title='bbox 1696 4134 1792 4186; x_wconf 78' lang='grc' dir='ltr'><strong>τοῦ</strong></span> 
     </span>
    </p>
   </div>
   <div class='ocr_carea' id='block_1_47' title="bbox 220 4211 1794 4297">
    <p class='ocr_par' dir='ltr' id='par_1_47' title="bbox 220 4211 1794 4297">
     <span class='ocr_line' id='line_1_47' title="bbox 220 4211 1794 4297; baseline 0.004 -24"><span class='ocrx_word' id='word_1_362' title='bbox 220 4220 440 4291; x_wconf 83' lang='grc' dir='ltr'>Ἰσραὴλ</span> <span class='ocrx_word' id='word_1_363' title='bbox 470 4220 886 4292; x_wconf 77' lang='grc' dir='ltr'>ἐξομοιούμενος</span> <span class='ocrx_word' id='word_1_364' title='bbox 910 4222 1198 4292; x_wconf 58' lang='grc' dir='ltr'>αὐτῴςτοίς</span> <span class='ocrx_word' id='word_1_365' title='bbox 1229 4224 1456 4295; x_wconf 87' lang='grc' dir='ltr'>τρόποις</span> <span class='ocrx_word' id='word_1_366' title='bbox 1485 4211 1581 4278; x_wconf 60' lang='grc' dir='ltr'>καὶ</span> <span class='ocrx_word' id='word_1_367' title='bbox 1602 4228 1669 4297; x_wconf 85' lang='grc' dir='ltr'>τῇ</span> <span class='ocrx_word' id='word_1_368' title='bbox 1700 4226 1794 4279; x_wconf 85' lang='grc' dir='ltr'>πί-</span> 
     </span>
    </p>
   </div>
   <div class='ocr_carea' id='block_1_48' title="bbox 1896 486 3478 556">
    <p class='ocr_par' dir='ltr' id='par_1_48' title="bbox 1896 486 3478 556">
     <span class='ocr_line' id='line_1_48' title="bbox 1896 486 3478 556; baseline 0.003 -17"><span class='ocrx_word' id='word_1_369' title='bbox 1896 486 2198 540; x_wconf 79' lang='lat' dir='ltr'><strong>minaberis</strong></span> <span class='ocrx_word' id='word_1_370' title='bbox 2226 486 2309 540; x_wconf 89' lang='lat' dir='ltr'><strong>eis</strong></span> <span class='ocrx_word' id='word_1_371' title='bbox 2329 495 2369 540; x_wconf 89' lang='lat'><strong>°.</strong></span> <span class='ocrx_word' id='word_1_372' title='bbox 2415 506 2434 538; x_wconf 75' lang='grc' dir='ltr'>ι</span> <span class='ocrx_word' id='word_1_373' title='bbox 2465 486 2753 552; x_wconf 87' lang='lat' dir='ltr'><strong>Quomodo</strong></span> <span class='ocrx_word' id='word_1_374' title='bbox 2806 487 2982 551; x_wconf 83' lang='lat' dir='ltr'><strong>dixit,</strong></span> <span class='ocrx_word' id='word_1_375' title='bbox 3017 488 3213 556; x_wconf 74' lang='lat' dir='ltr'><strong>fratres</strong></span> <span class='ocrx_word' id='word_1_376' title='bbox 3245 491 3344 552; x_wconf 77' lang='lat' dir='ltr'><strong>tui,</strong></span> <span class='ocrx_word' id='word_1_377' title='bbox 3375 507 3478 544; x_wconf 91' lang='lat' dir='ltr'><strong>nn-</strong></span> 
     </span>
    </p>
   </div>
   <div class='ocr_carea' id='block_1_49' title="bbox 1894 578 3475 652">
    <p class='ocr_par' dir='ltr' id='par_1_49' title="bbox 1894 578 3475 652">
     <span class='ocr_line' id='line_1_49' title="bbox 1894 578 3475 652; baseline 0.003 -21"><span class='ocrx_word' id='word_1_378' title='bbox 1894 593 2050 632; x_wconf 88' lang='lat' dir='ltr'><strong>mero</strong></span> <span class='ocrx_word' id='word_1_379' title='bbox 2116 579 2381 648; x_wconf 88' lang='lat' dir='ltr'><strong>plurium,</strong></span> <span class='ocrx_word' id='word_1_380' title='bbox 2443 593 2567 632; x_wconf 90' lang='lat' dir='ltr'><strong>cum</strong></span> <span class='ocrx_word' id='word_1_381' title='bbox 2626 593 2735 632; x_wconf 90' lang='lat' dir='ltr'><strong>non</strong></span> <span class='ocrx_word' id='word_1_382' title='bbox 2788 578 3073 642; x_wconf 77' lang='lat' dir='ltr'><strong>habuerit,</strong></span> <span class='ocrx_word' id='word_1_383' title='bbox 3137 579 3244 635; x_wconf 87' lang='lat' dir='ltr'><strong>nisi</strong></span> <span class='ocrx_word' id='word_1_384' title='bbox 3305 596 3475 652; x_wconf 78' lang='lat' dir='ltr'><strong>unum</strong></span> 
     </span>
    </p>
   </div>
   <div class='ocr_carea' id='block_1_50' title="bbox 1895 667 3476 740">
    <p class='ocr_par' dir='ltr' id='par_1_50' title="bbox 1895 667 3476 740">
     <span class='ocr_line' id='line_1_50' title="bbox 1895 667 3476 740; baseline 0.002 -19"><span class='ocrx_word' id='word_1_385' title='bbox 1895 667 2125 722; x_wconf 76' lang='lat' dir='ltr'><strong>fratrem</strong></span> <span class='ocrx_word' id='word_1_386' title='bbox 2187 668 2383 723; x_wconf 83' lang='lat' dir='ltr'><strong>Esau?</strong></span> <span class='ocrx_word' id='word_1_387' title='bbox 2444 669 2538 723; x_wconf 86' lang='lat' dir='ltr'><strong>ubi</strong></span> <span class='ocrx_word' id='word_1_388' title='bbox 2605 678 2792 723; x_wconf 89' lang='lat' dir='ltr'><strong>autem</strong></span> <span class='ocrx_word' id='word_1_389' title='bbox 2854 671 3099 725; x_wconf 76' lang='lat' dir='ltr'><strong>adoravit</strong></span> <span class='ocrx_word' id='word_1_390' title='bbox 3148 670 3266 740; x_wconf 90' lang='lat' dir='ltr'><strong>ipse</strong></span> <span class='ocrx_word' id='word_1_391' title='bbox 3332 671 3476 726; x_wconf 84' lang='lat' dir='ltr'><strong>Esau</strong></span> 
     </span>
    </p>
   </div>
   <div class='ocr_carea' id='block_1_51' title="bbox 1893 756 3476 830">
    <p class='ocr_par' dir='ltr' id='par_1_51' title="bbox 1893 756 3476 830">
     <span class='ocr_line' id='line_1_51' title="bbox 1893 756 3476 830; baseline 0.001 -18"><span class='ocrx_word' id='word_1_392' title='bbox 1893 756 2104 812; x_wconf 83' lang='lat' dir='ltr'><strong>Jacob?</strong></span> <span class='ocrx_word' id='word_1_393' title='bbox 2138 757 2246 813; x_wconf 88' lang='lat' dir='ltr'><strong>imo</strong></span> <span class='ocrx_word' id='word_1_394' title='bbox 2292 766 2487 813; x_wconf 87' lang='lat' dir='ltr'><strong>contra</strong></span> <span class='ocrx_word' id='word_1_395' title='bbox 2522 758 2705 829; x_wconf 78' lang='lat' dir='ltr'><strong>potius</strong></span> <span class='ocrx_word' id='word_1_396' title='bbox 2736 760 2942 829; x_wconf 78' lang='lat' dir='ltr'><strong>septies</strong></span> <span class='ocrx_word' id='word_1_397' title='bbox 2974 760 3091 830; x_wconf 90' lang='lat' dir='ltr'><strong>ipse</strong></span> <span class='ocrx_word' id='word_1_398' title='bbox 3122 759 3291 815; x_wconf 79' lang='lat' dir='ltr'><strong>Iacob</strong></span> <span class='ocrx_word' id='word_1_399' title='bbox 3326 762 3476 815; x_wconf 90' lang='lat' dir='ltr'><strong>humi</strong></span> 
     </span>
    </p>
   </div>
   <div class='ocr_carea' id='block_1_52' title="bbox 1896 850 3477 916">
    <p class='ocr_par' dir='ltr' id='par_1_52' title="bbox 1896 850 3477 916">
     <span class='ocr_line' id='line_1_52' title="bbox 1896 850 3477 916; baseline 0 -11"><span class='ocrx_word' id='word_1_400' title='bbox 1896 858 2104 906; x_wconf 80' lang='lat' dir='ltr'><strong>stratus</strong></span> <span class='ocrx_word' id='word_1_401' title='bbox 2160 852 2412 908; x_wconf 82' lang='lat' dir='ltr'><strong>adoravit</strong></span> <span class='ocrx_word' id='word_1_402' title='bbox 2471 850 2641 916; x_wconf 86' lang='lat' dir='ltr'><strong>Esau,</strong></span> <span class='ocrx_word' id='word_1_403' title='bbox 2710 860 2763 905; x_wconf 87' lang='lat' dir='ltr'><strong>et</strong></span> <span class='ocrx_word' id='word_1_404' title='bbox 2813 852 3095 906; x_wconf 89' lang='lat' dir='ltr'><strong>dominum</strong></span> <span class='ocrx_word' id='word_1_405' title='bbox 3151 869 3277 907; x_wconf 87' lang='lat' dir='ltr'><strong>eum</strong></span> <span class='ocrx_word' id='word_1_406' title='bbox 3314 869 3477 906; x_wconf 85' lang='lat' dir='ltr'><strong>voca-</strong></span> 
     </span>
    </p>
   </div>
   <div class='ocr_carea' id='block_1_53' title="bbox 1895 941 3475 1012">
    <p class='ocr_par' dir='ltr' id='par_1_53' title="bbox 1895 941 3475 1012">
     <span class='ocr_line' id='line_1_53' title="bbox 1895 941 3475 1012; baseline 0.002 -19"><span class='ocrx_word' id='word_1_407' title='bbox 1895 942 1976 994; x_wconf 87' lang='lat' dir='ltr'><strong>vit</strong></span> <span class='ocrx_word' id='word_1_408' title='bbox 2017 951 2076 1008; x_wconf 85' lang='lat' dir='ltr'><strong>P;</strong></span> <span class='ocrx_word' id='word_1_409' title='bbox 2113 950 2168 996; x_wconf 88' lang='lat' dir='ltr'><strong>et</strong></span> <span class='ocrx_word' id='word_1_410' title='bbox 2203 941 2464 996; x_wconf 84' lang='lat' dir='ltr'><strong>universo</strong></span> <span class='ocrx_word' id='word_1_411' title='bbox 2499 943 2621 996; x_wconf 69' lang='lat' dir='ltr'><strong>vitae</strong></span> <span class='ocrx_word' id='word_1_412' title='bbox 2674 959 2789 997; x_wconf 69' lang='lat' dir='ltr'><strong>suae</strong></span> <span class='ocrx_word' id='word_1_413' title='bbox 2838 952 3085 1012; x_wconf 87' lang='lat' dir='ltr'><strong>tempore</strong></span> <span class='ocrx_word' id='word_1_414' title='bbox 3117 958 3239 997; x_wconf 92' lang='lat' dir='ltr'><strong>eum</strong></span> <span class='ocrx_word' id='word_1_415' title='bbox 3271 942 3475 996; x_wconf 88' lang='lat' dir='ltr'><strong>timuit.</strong></span> 
     </span>
    </p>
   </div>
   <div class='ocr_carea' id='block_1_54' title="bbox 1882 1032 3480 1104">
    <p class='ocr_par' dir='ltr' id='par_1_54' title="bbox 1882 1032 3480 1104">
     <span class='ocr_line' id='line_1_54' title="bbox 1882 1032 3480 1104; baseline 0 -17"><span class='ocrx_word' id='word_1_416' title='bbox 1882 1033 1960 1088; x_wconf 75' lang='lat' dir='ltr'><strong>Et</strong></span> <span class='ocrx_word' id='word_1_417' title='bbox 1986 1050 2094 1088; x_wconf 90' lang='lat' dir='ltr'><strong>non</strong></span> <span class='ocrx_word' id='word_1_418' title='bbox 2132 1035 2308 1090; x_wconf 85' lang='lat' dir='ltr'><strong>solum</strong></span> <span class='ocrx_word' id='word_1_419' title='bbox 2346 1032 2481 1098; x_wconf 68' lang='lat' dir='ltr'><strong>hasc‘,</strong></span> <span class='ocrx_word' id='word_1_420' title='bbox 2542 1035 2638 1089; x_wconf 92' lang='lat' dir='ltr'><strong>sed</strong></span> <span class='ocrx_word' id='word_1_421' title='bbox 2671 1043 2794 1104; x_wconf 90' lang='lat' dir='ltr'><strong>post</strong></span> <span class='ocrx_word' id='word_1_422' title='bbox 2846 1042 2926 1088; x_wconf 93' lang='lat' dir='ltr'><strong>tot</strong></span> <span class='ocrx_word' id='word_1_423' title='bbox 2980 1049 3154 1088; x_wconf 87' lang='lat' dir='ltr'><strong>annos</strong></span> <span class='ocrx_word' id='word_1_424' title='bbox 3207 1042 3331 1103; x_wconf 90' lang='lat' dir='ltr'><strong>post</strong></span> <span class='ocrx_word' id='word_1_425' title='bbox 3364 1034 3480 1088; x_wconf 84' lang='lat' dir='ltr'><strong>exi-</strong></span> 
     </span>
    </p>
   </div>
   <div class='ocr_carea' id='block_1_55' title="bbox 1894 1124 3479 1197">
    <p class='ocr_par' dir='ltr' id='par_1_55' title="bbox 1894 1124 3479 1197">
     <span class='ocr_line' id='line_1_55' title="bbox 1894 1124 3479 1197; baseline -0.001 -17"><span class='ocrx_word' id='word_1_426' title='bbox 1894 1135 2007 1180; x_wconf 91' lang='lat' dir='ltr'><strong>tum</strong></span> <span class='ocrx_word' id='word_1_427' title='bbox 2065 1124 2417 1181; x_wconf 64' lang='lat' dir='ltr'><strong>Hebraeorum</strong></span> <span class='ocrx_word' id='word_1_428' title='bbox 2472 1141 2538 1181; x_wconf 80' lang='lat' dir='ltr'><strong>ex</strong></span> <span class='ocrx_word' id='word_1_429' title='bbox 2568 1125 2827 1197; x_wconf 48' lang='lat' dir='ltr'><strong>Atlgypto,</strong></span> <span class='ocrx_word' id='word_1_430' title='bbox 2878 1134 3066 1195; x_wconf 81' lang='lat' dir='ltr'><strong>aperte</strong></span> <span class='ocrx_word' id='word_1_431' title='bbox 3103 1124 3479 1196; x_wconf 78' lang='lat' dir='ltr'><strong>dixitMoyses</strong></span> 
     </span>
    </p>
   </div>
   <div class='ocr_carea' id='block_1_56' title="bbox 1893 1216 3474 1288">
    <p class='ocr_par' dir='ltr' id='par_1_56' title="bbox 1893 1216 3474 1288">
     <span class='ocr_line' id='line_1_56' title="bbox 1893 1216 3474 1288; baseline 0.001 -18"><span class='ocrx_word' id='word_1_432' title='bbox 1893 1218 2129 1288; x_wconf 81' lang='lat' dir='ltr'><strong>principi</strong></span> <span class='ocrx_word' id='word_1_433' title='bbox 2190 1218 2426 1272; x_wconf 89' lang='lat' dir='ltr'><strong>ﬁliorum</strong></span> <span class='ocrx_word' id='word_1_434' title='bbox 2487 1217 2628 1273; x_wconf 86' lang='lat' dir='ltr'><strong>Esau</strong></span> <span class='ocrx_word' id='word_1_435' title='bbox 2666 1240 2678 1272; x_wconf 88' lang='lat'><strong>:</strong></span> <span class='ocrx_word' id='word_1_436' title='bbox 2723 1236 2740 1268; x_wconf 82' lang='grc' dir='ltr'>ι</span> <span class='ocrx_word' id='word_1_437' title='bbox 2785 1216 3009 1272; x_wconf 84' lang='lat' dir='ltr'><strong>Fratres</strong></span> <span class='ocrx_word' id='word_1_438' title='bbox 3042 1217 3208 1271; x_wconf 82' lang='lat' dir='ltr'><strong>vestri</strong></span> <span class='ocrx_word' id='word_1_439' title='bbox 3260 1232 3474 1279; x_wconf 86' lang='lat' dir='ltr'><strong>sumus,</strong></span> 
     </span>
    </p>
   </div>
   <div class='ocr_carea' id='block_1_57' title="bbox 1894 1307 3476 1378">
    <p class='ocr_par' dir='ltr' id='par_1_57' title="bbox 1894 1307 3476 1378">
     <span class='ocr_line' id='line_1_57' title="bbox 1894 1307 3476 1378; baseline -0.003 -16"><span class='ocrx_word' id='word_1_440' title='bbox 1894 1308 2202 1378; x_wconf 85' lang='lat' dir='ltr'><strong>signiﬁcate</strong></span> <span class='ocrx_word' id='word_1_441' title='bbox 2276 1307 2483 1370; x_wconf 85' lang='lat' dir='ltr'><strong>nobis,</strong></span> <span class='ocrx_word' id='word_1_442' title='bbox 2563 1316 2623 1365; x_wconf 89' lang='lat' dir='ltr'><strong>ut</strong></span> <span class='ocrx_word' id='word_1_443' title='bbox 2702 1316 3056 1362; x_wconf 86' lang='lat' dir='ltr'><strong>transeamus</strong></span> <span class='ocrx_word' id='word_1_444' title='bbox 3122 1323 3219 1374; x_wconf 89' lang='lat' dir='ltr'><strong>per</strong></span> <span class='ocrx_word' id='word_1_445' title='bbox 3275 1316 3476 1361; x_wconf 87' lang='lat' dir='ltr'><strong>terram</strong></span> 
     </span>
    </p>
   </div>
   <div class='ocr_carea' id='block_1_58' title="bbox 1892 1398 3480 1469">
    <p class='ocr_par' dir='ltr' id='par_1_58' title="bbox 1892 1398 3480 1469">
     <span class='ocr_line' id='line_1_58' title="bbox 1892 1398 3480 1469; baseline -0.003 -15"><span class='ocrx_word' id='word_1_446' title='bbox 1892 1407 2156 1462; x_wconf 86' lang='lat' dir='ltr'><strong>vestram,</strong></span> <span class='ocrx_word' id='word_1_447' title='bbox 2214 1399 2304 1452; x_wconf 88' lang='lat' dir='ltr'><strong>via</strong></span> <span class='ocrx_word' id='word_1_448' title='bbox 2339 1400 2487 1469; x_wconf 88' lang='lat' dir='ltr'><strong>regia</strong></span> <span class='ocrx_word' id='word_1_449' title='bbox 2524 1398 2876 1468; x_wconf 85' lang='lat' dir='ltr'><strong>gradiemur;</strong></span> <span class='ocrx_word' id='word_1_450' title='bbox 2912 1415 3025 1452; x_wconf 89' lang='lat' dir='ltr'><strong>non</strong></span> <span class='ocrx_word' id='word_1_451' title='bbox 3079 1398 3480 1452; x_wconf 77' lang='lat' dir='ltr'><strong>deciiuabimus</strong></span> 
     </span>
    </p>
   </div>
   <div class='ocr_carea' id='block_1_59' title="bbox 1892 1489 3479 1559">
    <p class='ocr_par' dir='ltr' id='par_1_59' title="bbox 1892 1489 3479 1559">
     <span class='ocr_line' id='line_1_59' title="bbox 1892 1489 3479 1559; baseline -0.003 -14"><span class='ocrx_word' id='word_1_452' title='bbox 1892 1506 1995 1546; x_wconf 90' lang='lat' dir='ltr'><strong>nec</strong></span> <span class='ocrx_word' id='word_1_453' title='bbox 2023 1489 2090 1545; x_wconf 89' lang='lat' dir='ltr'><strong>ad</strong></span> <span class='ocrx_word' id='word_1_454' title='bbox 2115 1491 2390 1555; x_wconf 79' lang='lat' dir='ltr'><strong>dextram,</strong></span> <span class='ocrx_word' id='word_1_455' title='bbox 2442 1505 2542 1544; x_wconf 89' lang='lat' dir='ltr'><strong>nec</strong></span> <span class='ocrx_word' id='word_1_456' title='bbox 2594 1490 2660 1543; x_wconf 91' lang='lat' dir='ltr'><strong>ad</strong></span> <span class='ocrx_word' id='word_1_457' title='bbox 2697 1489 3011 1555; x_wconf 88' lang='lat' dir='ltr'><strong>sinistram;</strong></span> <span class='ocrx_word' id='word_1_458' title='bbox 3047 1490 3142 1545; x_wconf 88' lang='lat' dir='ltr'><strong>sed</strong></span> <span class='ocrx_word' id='word_1_459' title='bbox 3190 1504 3386 1559; x_wconf 87' lang='lat' dir='ltr'><strong>panem</strong></span> <span class='ocrx_word' id='word_1_460' title='bbox 3425 1498 3479 1543; x_wconf 90' lang='lat' dir='ltr'><strong>et</strong></span> 
     </span>
    </p>
   </div>
   <div class='ocr_carea' id='block_1_60' title="bbox 1892 1581 3480 1655">
    <p class='ocr_par' dir='ltr' id='par_1_60' title="bbox 1892 1581 3480 1655">
     <span class='ocr_line' id='line_1_60' title="bbox 1892 1581 3480 1655; baseline -0.003 -17"><span class='ocrx_word' id='word_1_461' title='bbox 1892 1599 2091 1655; x_wconf 90' lang='lat' dir='ltr'><strong>aquam</strong></span> <span class='ocrx_word' id='word_1_462' title='bbox 2121 1584 2295 1650; x_wconf 89' lang='lat' dir='ltr'><strong>pretio</strong></span> <span class='ocrx_word' id='word_1_463' title='bbox 2312 1597 2581 1648; x_wconf 86' lang='lat' dir='ltr'><strong>ememus,</strong></span> <span class='ocrx_word' id='word_1_464' title='bbox 2617 1582 2796 1635; x_wconf 91' lang='lat' dir='ltr'><strong>donec</strong></span> <span class='ocrx_word' id='word_1_465' title='bbox 2836 1581 3227 1651; x_wconf 85' lang='lat' dir='ltr'><strong>perveniamus</strong></span> <span class='ocrx_word' id='word_1_466' title='bbox 3259 1582 3315 1636; x_wconf 91' lang='lat' dir='ltr'><strong>in</strong></span> <span class='ocrx_word' id='word_1_467' title='bbox 3369 1592 3480 1635; x_wconf 87' lang='lat' dir='ltr'><strong>ter-</strong></span> 
     </span>
    </p>
   </div>
   <div class='ocr_carea' id='block_1_61' title="bbox 1890 1673 3480 1747">
    <p class='ocr_par' dir='ltr' id='par_1_61' title="bbox 1890 1673 3480 1747">
     <span class='ocr_line' id='line_1_61' title="bbox 1890 1673 3480 1747; baseline -0.003 -16"><span class='ocrx_word' id='word_1_468' title='bbox 1890 1693 2012 1731; x_wconf 87' lang='lat' dir='ltr'><strong>ram</strong></span> <span class='ocrx_word' id='word_1_469' title='bbox 2043 1692 2205 1747; x_wconf 91' lang='lat' dir='ltr'><strong>quam</strong></span> <span class='ocrx_word' id='word_1_470' title='bbox 2234 1674 2384 1731; x_wconf 88' lang='lat' dir='ltr'><strong>dedit</strong></span> <span class='ocrx_word' id='word_1_471' title='bbox 2416 1673 2754 1735; x_wconf 84' lang='lat' dir='ltr'><strong>nobisDcus</strong></span> <span class='ocrx_word' id='word_1_472' title='bbox 2782 1684 2844 1740; x_wconf 66' lang='grc' dir='ltr'>τις</span> <span class='ocrx_word' id='word_1_473' title='bbox 2882 1692 2901 1725; x_wconf 74' lang='grc' dir='ltr'><strong>ι</strong></span> <span class='ocrx_word' id='word_1_474' title='bbox 2933 1681 2988 1729; x_wconf 91' lang='lat' dir='ltr'><strong>et</strong></span> <span class='ocrx_word' id='word_1_475' title='bbox 3017 1681 3210 1728; x_wconf 89' lang='lat' dir='ltr'><strong>contra</strong></span> <span class='ocrx_word' id='word_1_476' title='bbox 3267 1673 3480 1743; x_wconf 79' lang='lat' dir='ltr'><strong>signiﬁ-</strong></span> 
     </span>
    </p>
   </div>
   <div class='ocr_carea' id='block_1_62' title="bbox 1896 1765 3479 1835">
    <p class='ocr_par' dir='ltr' id='par_1_62' title="bbox 1896 1765 3479 1835">
     <span class='ocr_line' id='line_1_62' title="bbox 1896 1765 3479 1835; baseline -0.005 -10"><span class='ocrx_word' id='word_1_477' title='bbox 1896 1771 2040 1825; x_wconf 90' lang='lat' dir='ltr'><strong>cavit</strong></span> <span class='ocrx_word' id='word_1_478' title='bbox 2097 1770 2180 1824; x_wconf 92' lang='lat' dir='ltr'><strong>eis</strong></span> <span class='ocrx_word' id='word_1_479' title='bbox 2238 1768 2384 1823; x_wconf 89' lang='lat' dir='ltr'><strong>clare</strong></span> <span class='ocrx_word' id='word_1_480' title='bbox 2435 1767 2742 1835; x_wconf 84' lang='lat' dir='ltr'><strong>inquiens:</strong></span> <span class='ocrx_word' id='word_1_481' title='bbox 2799 1786 2818 1819; x_wconf 85' lang='grc' dir='ltr'>ι</span> <span class='ocrx_word' id='word_1_482' title='bbox 2853 1766 3093 1830; x_wconf 89' lang='lat' dir='ltr'><strong>Minime,</strong></span> <span class='ocrx_word' id='word_1_483' title='bbox 3156 1765 3243 1821; x_wconf 89' lang='lat' dir='ltr'><strong>sin</strong></span> <span class='ocrx_word' id='word_1_484' title='bbox 3298 1772 3479 1833; x_wconf 83' lang='lat' dir='ltr'><strong>autem</strong></span> 
     </span>
    </p>
   </div>
   <div class='ocr_carea' id='block_1_63' title="bbox 1896 1855 3480 1928">
    <p class='ocr_par' dir='ltr' id='par_1_63' title="bbox 1896 1855 3480 1928">
     <span class='ocr_line' id='line_1_63' title="bbox 1896 1855 3480 1928; baseline -0.003 -12"><span class='ocrx_word' id='word_1_485' title='bbox 1896 1860 2257 1922; x_wconf 87' lang='lat' dir='ltr'><strong>transieritis,</strong></span> <span class='ocrx_word' id='word_1_486' title='bbox 2306 1875 2371 1914; x_wconf 84' lang='lat' dir='ltr'><strong>ex</strong></span> <span class='ocrx_word' id='word_1_487' title='bbox 2424 1868 2568 1914; x_wconf 87' lang='lat' dir='ltr'><strong>terra</strong></span> <span class='ocrx_word' id='word_1_488' title='bbox 2601 1873 2721 1913; x_wconf 89' lang='lat' dir='ltr'><strong>mea</strong></span> <span class='ocrx_word' id='word_1_489' title='bbox 2754 1858 3126 1928; x_wconf 88' lang='lat' dir='ltr'><strong>egrediemur,</strong></span> <span class='ocrx_word' id='word_1_490' title='bbox 3161 1867 3219 1911; x_wconf 90' lang='lat' dir='ltr'><strong>et</strong></span> <span class='ocrx_word' id='word_1_491' title='bbox 3263 1855 3480 1911; x_wconf 86' lang='lat' dir='ltr'><strong>occide-</strong></span> 
     </span>
    </p>
   </div>
   <div class='ocr_carea' id='block_1_64' title="bbox 1895 1948 3481 2018">
    <p class='ocr_par' dir='ltr' id='par_1_64' title="bbox 1895 1948 3481 2018">
     <span class='ocr_line' id='line_1_64' title="bbox 1895 1948 3481 2018; baseline -0.004 -12"><span class='ocrx_word' id='word_1_492' title='bbox 1895 1969 2019 2006; x_wconf 90' lang='lat' dir='ltr'><strong>mus</strong></span> <span class='ocrx_word' id='word_1_493' title='bbox 2052 1966 2149 2006; x_wconf 91' lang='lat' dir='ltr'><strong>vos</strong></span> <span class='ocrx_word' id='word_1_494' title='bbox 2181 1960 2230 2004; x_wconf 86' lang='grc' dir='ltr'><strong>ι’.</strong></span> <span class='ocrx_word' id='word_1_495' title='bbox 2274 1968 2293 2001; x_wconf 80' lang='grc'><strong>›</strong></span> <span class='ocrx_word' id='word_1_496' title='bbox 2334 1950 2394 2003; x_wconf 82' lang='lat' dir='ltr'><strong>Et</strong></span> <span class='ocrx_word' id='word_1_497' title='bbox 2428 1965 2536 2004; x_wconf 90' lang='lat' dir='ltr'><strong>non</strong></span> <span class='ocrx_word' id='word_1_498' title='bbox 2576 1950 2801 2003; x_wconf 87' lang='lat' dir='ltr'><strong>invertit</strong></span> <span class='ocrx_word' id='word_1_499' title='bbox 2831 1948 2937 2005; x_wconf 85' lang='lat' dir='ltr'><strong>hoc</strong></span> <span class='ocrx_word' id='word_1_500' title='bbox 2970 1948 3138 2013; x_wconf 88' lang='lat' dir='ltr'><strong>Deus,</strong></span> <span class='ocrx_word' id='word_1_501' title='bbox 3169 1948 3266 2004; x_wconf 90' lang='lat' dir='ltr'><strong>sed</strong></span> <span class='ocrx_word' id='word_1_502' title='bbox 3298 1948 3481 2018; x_wconf 88' lang='lat' dir='ltr'><strong>potius</strong></span> 
     </span>
    </p>
   </div>
   <div class='ocr_carea' id='block_1_65' title="bbox 1896 2037 3478 2110">
    <p class='ocr_par' dir='ltr' id='par_1_65' title="bbox 1896 2037 3478 2110">
     <span class='ocr_line' id='line_1_65' title="bbox 1896 2037 3478 2110; baseline -0.005 -13"><span class='ocrx_word' id='word_1_503' title='bbox 1896 2042 2246 2097; x_wconf 88' lang='lat' dir='ltr'><strong>conﬁrmavit</strong></span> <span class='ocrx_word' id='word_1_504' title='bbox 2284 2052 2338 2095; x_wconf 84' lang='lat' dir='ltr'><strong>et</strong></span> <span class='ocrx_word' id='word_1_505' title='bbox 2368 2041 2655 2095; x_wconf 76' lang='lat' dir='ltr'><strong>roboravit</strong></span> <span class='ocrx_word' id='word_1_506' title='bbox 2686 2038 2832 2095; x_wconf 89' lang='lat' dir='ltr'><strong>Deus</strong></span> <span class='ocrx_word' id='word_1_507' title='bbox 2862 2037 3120 2110; x_wconf 83' lang='lat' dir='ltr'><strong>inquiens</strong></span> <span class='ocrx_word' id='word_1_508' title='bbox 3150 2056 3163 2091; x_wconf 91' lang='lat'><strong>:</strong></span> <span class='ocrx_word' id='word_1_509' title='bbox 3193 2057 3212 2090; x_wconf 82' lang='grc' dir='ltr'>ι</span> <span class='ocrx_word' id='word_1_510' title='bbox 3250 2037 3478 2093; x_wconf 81' lang='lat' dir='ltr'><strong>Terram</strong></span> 
     </span>
    </p>
   </div>
   <div class='ocr_carea' id='block_1_66' title="bbox 1895 2130 3481 2201">
    <p class='ocr_par' dir='ltr' id='par_1_66' title="bbox 1895 2130 3481 2201">
     <span class='ocr_line' id='line_1_66' title="bbox 1895 2130 3481 2201; baseline -0.003 -14"><span class='ocrx_word' id='word_1_511' title='bbox 1895 2134 2038 2187; x_wconf 88' lang='lat' dir='ltr'><strong>hanc</strong></span> <span class='ocrx_word' id='word_1_512' title='bbox 2065 2131 2189 2186; x_wconf 80' lang='lat' dir='ltr'><strong>dedi</strong></span> <span class='ocrx_word' id='word_1_513' title='bbox 2223 2130 2391 2193; x_wconf 87' lang='lat' dir='ltr'><strong>Esau,</strong></span> <span class='ocrx_word' id='word_1_514' title='bbox 2424 2147 2493 2185; x_wconf 85' lang='lat' dir='ltr'><strong>ne</strong></span> <span class='ocrx_word' id='word_1_515' title='bbox 2520 2130 2977 2201; x_wconf 72' lang='lat' dir='ltr'><strong>appropinQuetis</strong></span> <span class='ocrx_word' id='word_1_516' title='bbox 3002 2130 3051 2186; x_wconf 89' lang='lat' dir='ltr'><strong>ei</strong></span> <span class='ocrx_word' id='word_1_517' title='bbox 3078 2141 3125 2196; x_wconf 74' lang='grc' dir='ltr'>ι,</span> <span class='ocrx_word' id='word_1_518' title='bbox 3173 2148 3193 2183; x_wconf 71' lang='grc' dir='ltr'><strong>ι</strong></span> <span class='ocrx_word' id='word_1_519' title='bbox 3247 2137 3302 2185; x_wconf 89' lang='lat' dir='ltr'><strong>et</strong></span> <span class='ocrx_word' id='word_1_520' title='bbox 3358 2144 3481 2199; x_wconf 79' lang='lat' dir='ltr'><strong>qua:</strong></span> 
     </span>
    </p>
   </div>
   <div class='ocr_carea' id='block_1_67' title="bbox 1897 2220 3484 2295">
    <p class='ocr_par' dir='ltr' id='par_1_67' title="bbox 1897 2220 3484 2295">
     <span class='ocr_line' id='line_1_67' title="bbox 1897 2220 3484 2295; baseline -0.005 -11"><span class='ocrx_word' id='word_1_521' title='bbox 1897 2233 2230 2295; x_wconf 88' lang='lat' dir='ltr'><strong>sequuntur.</strong></span> <span class='ocrx_word' id='word_1_522' title='bbox 2292 2221 2398 2277; x_wconf 91' lang='lat' dir='ltr'><strong>Ubi</strong></span> <span class='ocrx_word' id='word_1_523' title='bbox 2446 2223 2615 2292; x_wconf 86' lang='lat' dir='ltr'><strong>igitur</strong></span> <span class='ocrx_word' id='word_1_524' title='bbox 2660 2223 2909 2294; x_wconf 87' lang='lat' dir='ltr'><strong>implevit</strong></span> <span class='ocrx_word' id='word_1_525' title='bbox 2941 2221 3084 2277; x_wconf 82' lang='lat' dir='ltr'><strong>Deus</strong></span> <span class='ocrx_word' id='word_1_526' title='bbox 3111 2237 3234 2293; x_wconf 52' lang='lat' dir='ltr'><strong>qua!</strong></span> <span class='ocrx_word' id='word_1_527' title='bbox 3269 2220 3484 2277; x_wconf 79' lang='lat' dir='ltr'><strong>dixerat</strong></span> 
     </span>
    </p>
   </div>
   <div class='ocr_carea' id='block_1_68' title="bbox 1898 2310 3479 2383">
    <p class='ocr_par' dir='ltr' id='par_1_68' title="bbox 1898 2310 3479 2383">
     <span class='ocr_line' id='line_1_68' title="bbox 1898 2310 3479 2383; baseline 0.001 -19"><span class='ocrx_word' id='word_1_528' title='bbox 1898 2313 2001 2383; x_wconf 87' lang='lat' dir='ltr'><strong>ipsi</strong></span> <span class='ocrx_word' id='word_1_529' title='bbox 2030 2310 2206 2367; x_wconf 73' lang='lat' dir='ltr'><strong>Iacob</strong></span> <span class='ocrx_word' id='word_1_530' title='bbox 2234 2328 2248 2366; x_wconf 88' lang='lat'><strong>:</strong></span> <span class='ocrx_word' id='word_1_531' title='bbox 2286 2331 2305 2364; x_wconf 79' lang='grc' dir='ltr'>ι</span> <span class='ocrx_word' id='word_1_532' title='bbox 2336 2312 2459 2368; x_wconf 82' lang='lat' dir='ltr'><strong>Filii</strong></span> <span class='ocrx_word' id='word_1_533' title='bbox 2497 2313 2672 2383; x_wconf 87' lang='lat' dir='ltr'><strong>patris</strong></span> <span class='ocrx_word' id='word_1_534' title='bbox 2703 2312 2780 2366; x_wconf 92' lang='lat' dir='ltr'><strong>tui</strong></span> <span class='ocrx_word' id='word_1_535' title='bbox 2832 2312 3149 2368; x_wconf 86' lang='lat' dir='ltr'><strong>adorabunt</strong></span> <span class='ocrx_word' id='word_1_536' title='bbox 3178 2320 3265 2378; x_wconf 87' lang='lat' dir='ltr'><strong>te;</strong></span> <span class='ocrx_word' id='word_1_537' title='bbox 3296 2319 3353 2366; x_wconf 90' lang='lat' dir='ltr'><strong>et</strong></span> <span class='ocrx_word' id='word_1_538' title='bbox 3381 2319 3439 2366; x_wconf 91' lang='lat' dir='ltr'><strong>tu</strong></span> <span class='ocrx_word' id='word_1_539' title='bbox 3461 2350 3479 2376; x_wconf 85' lang='lat'><strong>,</strong></span> 
     </span>
    </p>
   </div>
   <div class='ocr_carea' id='block_1_69' title="bbox 1897 2406 3482 2477">
    <p class='ocr_par' dir='ltr' id='par_1_69' title="bbox 1897 2406 3482 2477">
     <span class='ocr_line' id='line_1_69' title="bbox 1897 2406 3482 2477; baseline 0.001 -17"><span class='ocrx_word' id='word_1_540' title='bbox 1897 2413 1951 2461; x_wconf 89' lang='lat' dir='ltr'><strong>et</strong></span> <span class='ocrx_word' id='word_1_541' title='bbox 1979 2420 2165 2460; x_wconf 90' lang='lat' dir='ltr'><strong>semen</strong></span> <span class='ocrx_word' id='word_1_542' title='bbox 2219 2413 2373 2460; x_wconf 91' lang='lat' dir='ltr'><strong>tuum</strong></span> <span class='ocrx_word' id='word_1_543' title='bbox 2423 2406 2794 2473; x_wconf 82' lang='lat' dir='ltr'><strong>dominaberis</strong></span> <span class='ocrx_word' id='word_1_544' title='bbox 2822 2407 2939 2472; x_wconf 86' lang='lat' dir='ltr'><strong>eis;</strong></span> <span class='ocrx_word' id='word_1_545' title='bbox 2975 2425 2993 2459; x_wconf 76' lang='grc' dir='ltr'>ι</span> <span class='ocrx_word' id='word_1_546' title='bbox 3036 2415 3094 2462; x_wconf 89' lang='lat' dir='ltr'><strong>et</strong></span> <span class='ocrx_word' id='word_1_547' title='bbox 3140 2407 3247 2461; x_wconf 85' lang='lat' dir='ltr'><strong>alia</strong></span> <span class='ocrx_word' id='word_1_548' title='bbox 3296 2406 3482 2477; x_wconf 86' lang='lat' dir='ltr'><strong>hujus-</strong></span> 
     </span>
    </p>
   </div>
   <div class='ocr_carea' id='block_1_70' title="bbox 1898 2495 3484 2569">
    <p class='ocr_par' dir='ltr' id='par_1_70' title="bbox 1898 2495 3484 2569">
     <span class='ocr_line' id='line_1_70' title="bbox 1898 2495 3484 2569; baseline 0.001 -19"><span class='ocrx_word' id='word_1_549' title='bbox 1898 2495 2091 2550; x_wconf 87' lang='lat' dir='ltr'><strong>modi?</strong></span> <span class='ocrx_word' id='word_1_550' title='bbox 2140 2495 2329 2562; x_wconf 83' lang='lat' dir='ltr'><strong>Vides,</strong></span> <span class='ocrx_word' id='word_1_551' title='bbox 2355 2495 2565 2561; x_wconf 69' lang='lat' dir='ltr'><strong>Judzee,</strong></span> <span class='ocrx_word' id='word_1_552' title='bbox 2602 2498 2750 2568; x_wconf 74' lang='lat' dir='ltr'><strong>quod</strong></span> <span class='ocrx_word' id='word_1_553' title='bbox 2784 2498 2992 2569; x_wconf 90' lang='lat' dir='ltr'><strong>ubique</strong></span> <span class='ocrx_word' id='word_1_554' title='bbox 3026 2497 3222 2561; x_wconf 89' lang='lat' dir='ltr'><strong>Deum,</strong></span> <span class='ocrx_word' id='word_1_555' title='bbox 3262 2508 3484 2568; x_wconf 87' lang='lat' dir='ltr'><strong>propter</strong></span> 
     </span>
    </p>
   </div>
   <div class='ocr_carea' id='block_1_71' title="bbox 1896 2588 3483 2661">
    <p class='ocr_par' dir='ltr' id='par_1_71' title="bbox 1896 2588 3483 2661">
     <span class='ocr_line' id='line_1_71' title="bbox 1896 2588 3483 2661; baseline 0.001 -20"><span class='ocrx_word' id='word_1_556' title='bbox 1896 2602 2126 2658; x_wconf 86' lang='lat' dir='ltr'><strong>pravam</strong></span> <span class='ocrx_word' id='word_1_557' title='bbox 2166 2588 2678 2660; x_wconf 85' lang='lat' dir='ltr'><strong>interpretationem</strong></span> <span class='ocrx_word' id='word_1_558' title='bbox 2739 2599 2793 2645; x_wconf 88' lang='lat' dir='ltr'><strong>et</strong></span> <span class='ocrx_word' id='word_1_559' title='bbox 2841 2590 3262 2661; x_wconf 80' lang='lat' dir='ltr'><strong>intelligentiam</strong></span> <span class='ocrx_word' id='word_1_560' title='bbox 3328 2588 3483 2644; x_wconf 84' lang='lat' dir='ltr'><strong>Srri-</strong></span> 
     </span>
    </p>
   </div>
   <div class='ocr_carea' id='block_1_72' title="bbox 1891 2680 3483 2751">
    <p class='ocr_par' dir='ltr' id='par_1_72' title="bbox 1891 2680 3483 2751">
     <span class='ocr_line' id='line_1_72' title="bbox 1891 2680 3483 2751; baseline 0 -16"><span class='ocrx_word' id='word_1_561' title='bbox 1891 2688 2081 2750; x_wconf 72' lang='lat' dir='ltr'><strong>ptum,</strong></span> <span class='ocrx_word' id='word_1_562' title='bbox 2116 2682 2438 2737; x_wconf 85' lang='lat' dir='ltr'><strong>mendacem</strong></span> <span class='ocrx_word' id='word_1_563' title='bbox 2477 2682 2656 2737; x_wconf 80' lang='lat' dir='ltr'><strong>facis?</strong></span> <span class='ocrx_word' id='word_1_564' title='bbox 2683 2680 2877 2737; x_wconf 88' lang='lat' dir='ltr'><strong>Nonne</strong></span> <span class='ocrx_word' id='word_1_565' title='bbox 2903 2697 3030 2737; x_wconf 89' lang='lat' dir='ltr'><strong>cum</strong></span> <span class='ocrx_word' id='word_1_566' title='bbox 3056 2681 3199 2737; x_wconf 91' lang='lat' dir='ltr'><strong>Deus</strong></span> <span class='ocrx_word' id='word_1_567' title='bbox 3229 2683 3483 2751; x_wconf 88' lang='lat' dir='ltr'><strong>apparuit</strong></span> 
     </span>
    </p>
   </div>
   <div class='ocr_carea' id='block_1_73' title="bbox 1896 2770 3485 2842">
    <p class='ocr_par' dir='ltr' id='par_1_73' title="bbox 1896 2770 3485 2842">
     <span class='ocr_line' id='line_1_73' title="bbox 1896 2770 3485 2842; baseline 0.003 -18"><span class='ocrx_word' id='word_1_568' title='bbox 1896 2770 2068 2826; x_wconf 79' lang='lat' dir='ltr'><strong>Jacob</strong></span> <span class='ocrx_word' id='word_1_569' title='bbox 2088 2780 2143 2827; x_wconf 91' lang='lat' dir='ltr'><strong>et</strong></span> <span class='ocrx_word' id='word_1_570' title='bbox 2172 2788 2297 2827; x_wconf 91' lang='lat' dir='ltr'><strong>cum</strong></span> <span class='ocrx_word' id='word_1_571' title='bbox 2322 2788 2389 2827; x_wconf 91' lang='lat' dir='ltr'><strong>eo</strong></span> <span class='ocrx_word' id='word_1_572' title='bbox 2426 2774 2769 2839; x_wconf 85' lang='lat' dir='ltr'><strong>luctabatur,</strong></span> <span class='ocrx_word' id='word_1_573' title='bbox 2802 2773 2946 2828; x_wconf 84' lang='lat' dir='ltr'><strong>dixit</strong></span> <span class='ocrx_word' id='word_1_574' title='bbox 2976 2791 2988 2827; x_wconf 90' lang='lat'>:</span> <span class='ocrx_word' id='word_1_575' title='bbox 3027 2793 3046 2826; x_wconf 80' lang='grc' dir='ltr'>ι</span> <span class='ocrx_word' id='word_1_576' title='bbox 3082 2772 3201 2826; x_wconf 86' lang='lat' dir='ltr'><strong>Jam</strong></span> <span class='ocrx_word' id='word_1_577' title='bbox 3224 2774 3485 2842; x_wconf 83' lang='lat' dir='ltr'><strong>deinceps</strong></span> 
     </span>
    </p>
   </div>
   <div class='ocr_carea' id='block_1_74' title="bbox 1898 2864 3481 2933">
    <p class='ocr_par' dir='ltr' id='par_1_74' title="bbox 1898 2864 3481 2933">
     <span class='ocr_line' id='line_1_74' title="bbox 1898 2864 3481 2933; baseline 0.003 -19"><span class='ocrx_word' id='word_1_578' title='bbox 1898 2876 2006 2915; x_wconf 92' lang='lat' dir='ltr'><strong>non</strong></span> <span class='ocrx_word' id='word_1_579' title='bbox 2038 2864 2277 2933; x_wconf 89' lang='lat' dir='ltr'><strong>amplius</strong></span> <span class='ocrx_word' id='word_1_580' title='bbox 2326 2865 2613 2919; x_wconf 81' lang='lat' dir='ltr'><strong>vocabitur</strong></span> <span class='ocrx_word' id='word_1_581' title='bbox 2665 2881 2865 2920; x_wconf 91' lang='lat' dir='ltr'><strong>nomen</strong></span> <span class='ocrx_word' id='word_1_582' title='bbox 2926 2874 3082 2921; x_wconf 91' lang='lat' dir='ltr'><strong>tuum</strong></span> <span class='ocrx_word' id='word_1_583' title='bbox 3130 2864 3321 2931; x_wconf 80' lang='lat' dir='ltr'><strong>Jacob,</strong></span> <span class='ocrx_word' id='word_1_584' title='bbox 3383 2865 3481 2921; x_wconf 87' lang='lat' dir='ltr'><strong>sed</strong></span> 
     </span>
    </p>
   </div>
   <div class='ocr_carea' id='block_1_75' title="bbox 1897 2948 3481 3025">
    <p class='ocr_par' dir='ltr' id='par_1_75' title="bbox 1897 2948 3481 3025">
     <span class='ocr_line' id='line_1_75' title="bbox 1897 2948 3481 3025; baseline 0.004 -23"><span class='ocrx_word' id='word_1_585' title='bbox 1897 2948 2064 3007; x_wconf 86' lang='lat' dir='ltr'><strong>Israel</strong></span> <span class='ocrx_word' id='word_1_586' title='bbox 2095 2950 2145 3003; x_wconf 65' lang='grc' dir='ltr'><strong>αἳ</strong></span> <span class='ocrx_word' id='word_1_587' title='bbox 2184 2970 2202 3001; x_wconf 75' lang='grc' dir='ltr'>ι</span> <span class='ocrx_word' id='word_1_588' title='bbox 2243 2960 2297 3005; x_wconf 88' lang='lat' dir='ltr'><strong>et</strong></span> <span class='ocrx_word' id='word_1_589' title='bbox 2330 2959 2513 3006; x_wconf 88' lang='lat' dir='ltr'><strong>tamen</strong></span> <span class='ocrx_word' id='word_1_590' title='bbox 2554 2952 2758 3007; x_wconf 80' lang='lat' dir='ltr'><strong>millies</strong></span> <span class='ocrx_word' id='word_1_591' title='bbox 2789 2961 2845 3008; x_wconf 85' lang='lat' dir='ltr'><strong>et</strong></span> <span class='ocrx_word' id='word_1_592' title='bbox 2876 2952 3044 3019; x_wconf 91' lang='lat' dir='ltr'><strong>Deus,</strong></span> <span class='ocrx_word' id='word_1_593' title='bbox 3080 2963 3135 3009; x_wconf 91' lang='lat' dir='ltr'><strong>et</strong></span> <span class='ocrx_word' id='word_1_594' title='bbox 3170 2953 3481 3025; x_wconf 79' lang='lat' dir='ltr'><strong>Scriptura,</strong></span> 
     </span>
    </p>
   </div>
   <div class='ocr_carea' id='block_1_76' title="bbox 1896 3044 3484 3119">
    <p class='ocr_par' dir='ltr' id='par_1_76' title="bbox 1896 3044 3484 3119">
     <span class='ocr_line' id='line_1_76' title="bbox 1896 3044 3484 3119; baseline 0.001 -20"><span class='ocrx_word' id='word_1_595' title='bbox 1896 3051 1950 3099; x_wconf 92' lang='lat' dir='ltr'><strong>et</strong></span> <span class='ocrx_word' id='word_1_596' title='bbox 1979 3044 2213 3114; x_wconf 83' lang='lat' dir='ltr'><strong>ipsemet</strong></span> <span class='ocrx_word' id='word_1_597' title='bbox 2244 3059 2304 3099; x_wconf 91' lang='lat' dir='ltr'><strong>se</strong></span> <span class='ocrx_word' id='word_1_598' title='bbox 2334 3044 2510 3113; x_wconf 85' lang='lat' dir='ltr'><strong>ipsum</strong></span> <span class='ocrx_word' id='word_1_599' title='bbox 2542 3046 2848 3102; x_wconf 88' lang='lat' dir='ltr'><strong>nominavit</strong></span> <span class='ocrx_word' id='word_1_600' title='bbox 2879 3046 3073 3103; x_wconf 86' lang='lat' dir='ltr'><strong>Jacob.</strong></span> <span class='ocrx_word' id='word_1_601' title='bbox 3104 3047 3245 3115; x_wconf 87' lang='lat' dir='ltr'><strong>Quid</strong></span> <span class='ocrx_word' id='word_1_602' title='bbox 3280 3048 3484 3119; x_wconf 76' lang='lat' dir='ltr'><strong>igitur?</strong></span> 
     </span>
    </p>
   </div>
   <div class='ocr_carea' id='block_1_77' title="bbox 1898 3135 3483 3207">
    <p class='ocr_par' dir='ltr' id='par_1_77' title="bbox 1898 3135 3483 3207">
     <span class='ocr_line' id='line_1_77' title="bbox 1898 3135 3483 3207; baseline 0.004 -20"><span class='ocrx_word' id='word_1_603' title='bbox 1898 3149 2080 3189; x_wconf 83' lang='lat' dir='ltr'><strong>annon</strong></span> <span class='ocrx_word' id='word_1_604' title='bbox 2112 3135 2468 3200; x_wconf 86' lang='lat' dir='ltr'><strong>deciderunt,</strong></span> <span class='ocrx_word' id='word_1_605' title='bbox 2506 3145 2671 3207; x_wconf 87' lang='lat' dir='ltr'><strong>atque</strong></span> <span class='ocrx_word' id='word_1_606' title='bbox 2709 3139 2781 3192; x_wconf 86' lang='lat' dir='ltr'><strong>ita</strong></span> <span class='ocrx_word' id='word_1_607' title='bbox 2839 3140 3044 3192; x_wconf 88' lang='lat' dir='ltr'><strong>inﬁrmi</strong></span> <span class='ocrx_word' id='word_1_608' title='bbox 3104 3150 3157 3194; x_wconf 91' lang='lat' dir='ltr'><strong>et</strong></span> <span class='ocrx_word' id='word_1_609' title='bbox 3194 3140 3483 3195; x_wconf 83' lang='lat' dir='ltr'><strong>instabiles</strong></span> 
     </span>
    </p>
   </div>
   <div class='ocr_carea' id='block_1_78' title="bbox 1900 3214 3371 3281">
    <p class='ocr_par' dir='ltr' id='par_1_78' title="bbox 1900 3214 3371 3281">
     <span class='ocr_line' id='line_1_78' title="bbox 1900 3214 3371 3281; baseline 0.002 -4"><span class='ocrx_word' id='word_1_610' title='bbox 1900 3224 2029 3278; x_wconf 75' lang='lat' dir='ltr'><strong>facti</strong></span> <span class='ocrx_word' id='word_1_611' title='bbox 2060 3232 2191 3279; x_wconf 89' lang='lat' dir='ltr'><strong>sunt</strong></span> <span class='ocrx_word' id='word_1_612' title='bbox 2220 3240 2508 3281; x_wconf 89' lang='lat' dir='ltr'><strong>sermones</strong></span> <span class='ocrx_word' id='word_1_613' title='bbox 2546 3226 2678 3281; x_wconf 88' lang='lat' dir='ltr'><strong>Dei?</strong></span> <span class='ocrx_word' id='word_1_614' title='bbox 2826 3214 2845 3231; x_wconf 57' lang='grc'>⁸</span> <span class='ocrx_word' id='word_1_615' title='bbox 3370 3242 3371 3245; x_wconf 72' lang='lat'>‘</span> 
     </span>
    </p>
   </div>
   <div class='ocr_carea' id='block_1_79' title="bbox 1969 3397 3485 3471">
    <p class='ocr_par' dir='ltr' id='par_1_79' title="bbox 1969 3397 3485 3471">
     <span class='ocr_line' id='line_1_79' title="bbox 1969 3397 3485 3471; baseline 0.001 -16"><span class='ocrx_word' id='word_1_616' title='bbox 1969 3403 2030 3456; x_wconf 86' lang='grc' dir='ltr'><strong>Β.</strong></span> <span class='ocrx_word' id='word_1_617' title='bbox 2056 3402 2124 3455; x_wconf 82' lang='lat' dir='ltr'><strong>At</strong></span> <span class='ocrx_word' id='word_1_618' title='bbox 2151 3417 2272 3471; x_wconf 84' lang='lat' dir='ltr'><strong>ego,</strong></span> <span class='ocrx_word' id='word_1_619' title='bbox 2309 3400 2514 3471; x_wconf 89' lang='lat' dir='ltr'><strong>inquit,</strong></span> <span class='ocrx_word' id='word_1_620' title='bbox 2545 3415 2667 3455; x_wconf 84' lang='lat' dir='ltr'><strong>sum</strong></span> <span class='ocrx_word' id='word_1_621' title='bbox 2701 3398 2845 3454; x_wconf 88' lang='lat' dir='ltr'><strong>ﬁlius</strong></span> <span class='ocrx_word' id='word_1_622' title='bbox 2882 3397 3083 3467; x_wconf 88' lang='lat' dir='ltr'><strong>lsrael;</strong></span> <span class='ocrx_word' id='word_1_623' title='bbox 3113 3407 3167 3453; x_wconf 91' lang='lat' dir='ltr'><strong>et</strong></span> <span class='ocrx_word' id='word_1_624' title='bbox 3193 3399 3323 3453; x_wconf 85' lang='lat' dir='ltr'><strong>mihi</strong></span> <span class='ocrx_word' id='word_1_625' title='bbox 3357 3414 3485 3471; x_wconf 78' lang='lat' dir='ltr'><strong>pro-</strong></span> 
     </span>
    </p>
   </div>
   <div class='ocr_carea' id='block_1_80' title="bbox 1898 3492 2559 3549">
    <p class='ocr_par' dir='ltr' id='par_1_80' title="bbox 1898 3492 2559 3549">
     <span class='ocr_line' id='line_1_80' title="bbox 1898 3492 2559 3549; baseline -0.006 0"><span class='ocrx_word' id='word_1_626' title='bbox 1898 3494 2193 3549; x_wconf 85' lang='lat' dir='ltr'><strong>missiones</strong></span> <span class='ocrx_word' id='word_1_627' title='bbox 2227 3492 2385 3548; x_wconf 75' lang='lat' dir='ltr'><strong>facta:</strong></span> <span class='ocrx_word' id='word_1_628' title='bbox 2408 3500 2559 3547; x_wconf 89' lang='lat' dir='ltr'><strong>sunt.</strong></span> 
     </span>
    </p>
   </div>
   <div class='ocr_carea' id='block_1_81' title="bbox 1968 3582 3484 3655">
    <p class='ocr_par' dir='ltr' id='par_1_81' title="bbox 1968 3582 3484 3655">
     <span class='ocr_line' id='line_1_81' title="bbox 1968 3582 3484 3655; baseline -0.002 -15"><span class='ocrx_word' id='word_1_629' title='bbox 1968 3589 2034 3642; x_wconf 84' lang='lat' dir='ltr'><strong>A.</strong></span> <span class='ocrx_word' id='word_1_630' title='bbox 2086 3584 2339 3651; x_wconf 81' lang='lat' dir='ltr'><strong>Minime;</strong></span> <span class='ocrx_word' id='word_1_631' title='bbox 2373 3585 2483 3638; x_wconf 87' lang='lat' dir='ltr'><strong>imo</strong></span> <span class='ocrx_word' id='word_1_632' title='bbox 2511 3599 2610 3655; x_wconf 90' lang='lat' dir='ltr'><strong>ego</strong></span> <span class='ocrx_word' id='word_1_633' title='bbox 2642 3598 2761 3638; x_wconf 90' lang='lat' dir='ltr'><strong>sum</strong></span> <span class='ocrx_word' id='word_1_634' title='bbox 2797 3585 2945 3641; x_wconf 88' lang='lat' dir='ltr'><strong>ﬁlius</strong></span> <span class='ocrx_word' id='word_1_635' title='bbox 2970 3583 3163 3641; x_wconf 90' lang='lat' dir='ltr'><strong>Israel.</strong></span> <span class='ocrx_word' id='word_1_636' title='bbox 3191 3582 3311 3650; x_wconf 83' lang='lat' dir='ltr'><strong>Qua</strong></span> <span class='ocrx_word' id='word_1_637' title='bbox 3338 3583 3484 3638; x_wconf 89' lang='lat' dir='ltr'><strong>enim</strong></span> 
     </span>
    </p>
   </div>
   <div class='ocr_carea' id='block_1_82' title="bbox 1898 3671 3486 3745">
    <p class='ocr_par' dir='ltr' id='par_1_82' title="bbox 1898 3671 3486 3745">
     <span class='ocr_line' id='line_1_82' title="bbox 1898 3671 3486 3745; baseline -0.005 -12"><span class='ocrx_word' id='word_1_638' title='bbox 1898 3693 1957 3733; x_wconf 88' lang='lat' dir='ltr'><strong>re</strong></span> <span class='ocrx_word' id='word_1_639' title='bbox 1994 3678 2061 3733; x_wconf 91' lang='lat' dir='ltr'><strong>de</strong></span> <span class='ocrx_word' id='word_1_640' title='bbox 2088 3676 2255 3732; x_wconf 87' lang='lat' dir='ltr'><strong>Israel</strong></span> <span class='ocrx_word' id='word_1_641' title='bbox 2289 3683 2344 3728; x_wconf 88' lang='lat' dir='ltr'><strong>tu</strong></span> <span class='ocrx_word' id='word_1_642' title='bbox 2381 3674 2679 3745; x_wconf 82' lang='lat' dir='ltr'><strong>gloriaris?</strong></span> <span class='ocrx_word' id='word_1_643' title='bbox 2719 3674 2867 3744; x_wconf 86' lang='lat' dir='ltr'><strong>quod</strong></span> <span class='ocrx_word' id='word_1_644' title='bbox 2903 3673 3006 3729; x_wconf 85' lang='lat' dir='ltr'><strong>fuit</strong></span> <span class='ocrx_word' id='word_1_645' title='bbox 3036 3672 3242 3742; x_wconf 88' lang='lat' dir='ltr'><strong>capillo</strong></span> <span class='ocrx_word' id='word_1_646' title='bbox 3274 3671 3486 3743; x_wconf 85' lang='lat' dir='ltr'><strong>crispo,</strong></span> 
     </span>
    </p>
   </div>
   <div class='ocr_carea' id='block_1_83' title="bbox 1895 3762 3487 3834">
    <p class='ocr_par' dir='ltr' id='par_1_83' title="bbox 1895 3762 3487 3834">
     <span class='ocr_line' id='line_1_83' title="bbox 1895 3762 3487 3834; baseline -0.006 -10"><span class='ocrx_word' id='word_1_647' title='bbox 1895 3768 1980 3824; x_wconf 88' lang='lat' dir='ltr'><strong>vel</strong></span> <span class='ocrx_word' id='word_1_648' title='bbox 2003 3766 2243 3821; x_wconf 84' lang='lat' dir='ltr'><strong>maximo</strong></span> <span class='ocrx_word' id='word_1_649' title='bbox 2268 3780 2500 3834; x_wconf 89' lang='lat' dir='ltr'><strong>corpore</strong></span> <span class='ocrx_word' id='word_1_650' title='bbox 2518 3779 2631 3834; x_wconf 69' lang='lat' dir='ltr'><strong>prm</strong></span> <span class='ocrx_word' id='word_1_651' title='bbox 2648 3764 2794 3832; x_wconf 91' lang='lat' dir='ltr'><strong>aliis,</strong></span> <span class='ocrx_word' id='word_1_652' title='bbox 2822 3764 2903 3818; x_wconf 92' lang='lat' dir='ltr'><strong>vcl</strong></span> <span class='ocrx_word' id='word_1_653' title='bbox 2930 3764 3375 3829; x_wconf 89' lang='lat' dir='ltr'><strong>robustissimus,</strong></span> <span class='ocrx_word' id='word_1_654' title='bbox 3402 3762 3487 3817; x_wconf 89' lang='lat' dir='ltr'><strong>vel</strong></span> 
     </span>
    </p>
   </div>
   <div class='ocr_carea' id='block_1_84' title="bbox 1896 3858 2395 3919">
    <p class='ocr_par' dir='ltr' id='par_1_84' title="bbox 1896 3858 2395 3919">
     <span class='ocr_line' id='line_1_84' title="bbox 1896 3858 2395 3919; baseline -0.012 -2"><span class='ocrx_word' id='word_1_655' title='bbox 1896 3859 2157 3919; x_wconf 87' lang='lat' dir='ltr'><strong>dissimili</strong></span> <span class='ocrx_word' id='word_1_656' title='bbox 2184 3858 2395 3914; x_wconf 83' lang='lat' dir='ltr'><strong>forma?</strong></span> 
     </span>
    </p>
   </div>
   <div class='ocr_carea' id='block_1_85' title="bbox 1968 3945 3307 4020">
    <p class='ocr_par' dir='ltr' id='par_1_85' title="bbox 1968 3945 3307 4020">
     <span class='ocr_line' id='line_1_85' title="bbox 1968 3945 3307 4020; baseline -0.005 -14"><span class='ocrx_word' id='word_1_657' title='bbox 1968 3953 2029 4007; x_wconf 91' lang='grc' dir='ltr'><strong>Β.</strong></span> <span class='ocrx_word' id='word_1_658' title='bbox 2072 3951 2337 4017; x_wconf 86' lang='lat' dir='ltr'><strong>Minime;</strong></span> <span class='ocrx_word' id='word_1_659' title='bbox 2382 3950 2479 4007; x_wconf 89' lang='lat' dir='ltr'><strong>sed</strong></span> <span class='ocrx_word' id='word_1_660' title='bbox 2518 3949 2648 4020; x_wconf 88' lang='lat' dir='ltr'><strong>quia</strong></span> <span class='ocrx_word' id='word_1_661' title='bbox 2690 3957 2808 4003; x_wconf 85' lang='lat' dir='ltr'><strong>erat</strong></span> <span class='ocrx_word' id='word_1_662' title='bbox 2850 3947 2976 4018; x_wconf 89' lang='lat' dir='ltr'><strong>pius</strong></span> <span class='ocrx_word' id='word_1_663' title='bbox 3013 3947 3070 4001; x_wconf 91' lang='lat' dir='ltr'><strong>in</strong></span> <span class='ocrx_word' id='word_1_664' title='bbox 3114 3945 3307 4001; x_wconf 88' lang='lat' dir='ltr'><strong>Deum.</strong></span> 
     </span>
    </p>
   </div>
   <div class='ocr_carea' id='block_1_86' title="bbox 1966 4038 3487 4113">
    <p class='ocr_par' dir='ltr' id='par_1_86' title="bbox 1966 4038 3487 4113">
     <span class='ocr_line' id='line_1_86' title="bbox 1966 4038 3487 4113; baseline -0.005 -16"><span class='ocrx_word' id='word_1_665' title='bbox 1966 4046 2030 4098; x_wconf 85' lang='lat' dir='ltr'><strong>A.</strong></span> <span class='ocrx_word' id='word_1_666' title='bbox 2066 4042 2262 4099; x_wconf 91' lang='lat' dir='ltr'><strong>Omnis</strong></span> <span class='ocrx_word' id='word_1_667' title='bbox 2301 4044 2475 4113; x_wconf 79' lang='lat' dir='ltr'><strong>igitur</strong></span> <span class='ocrx_word' id='word_1_668' title='bbox 2504 4041 2685 4096; x_wconf 88' lang='lat' dir='ltr'><strong>cultor</strong></span> <span class='ocrx_word' id='word_1_669' title='bbox 2734 4040 2846 4106; x_wconf 90' lang='lat' dir='ltr'><strong>Dei,</strong></span> <span class='ocrx_word' id='word_1_670' title='bbox 2899 4048 2955 4094; x_wconf 89' lang='lat' dir='ltr'><strong>et</strong></span> <span class='ocrx_word' id='word_1_671' title='bbox 3004 4038 3114 4094; x_wconf 91' lang='lat' dir='ltr'><strong>Deo</strong></span> <span class='ocrx_word' id='word_1_672' title='bbox 3145 4038 3367 4106; x_wconf 80' lang='lat' dir='ltr'><strong>cbarus,</strong></span> <span class='ocrx_word' id='word_1_673' title='bbox 3402 4046 3487 4091; x_wconf 93' lang='lat' dir='ltr'><strong>est</strong></span> 
     </span>
    </p>
   </div>
   <div class='ocr_carea' id='block_1_87' title="bbox 1894 4129 3484 4199">
    <p class='ocr_par' dir='ltr' id='par_1_87' title="bbox 1894 4129 3484 4199">
     <span class='ocr_line' id='line_1_87' title="bbox 1894 4129 3484 4199; baseline -0.004 -10"><span class='ocrx_word' id='word_1_674' title='bbox 1894 4134 2067 4191; x_wconf 84' lang='lat' dir='ltr'><strong>Israel</strong></span> <span class='ocrx_word' id='word_1_675' title='bbox 2099 4142 2153 4189; x_wconf 91' lang='lat' dir='ltr'><strong>et</strong></span> <span class='ocrx_word' id='word_1_676' title='bbox 2188 4134 2337 4188; x_wconf 90' lang='lat' dir='ltr'><strong>ﬁlius</strong></span> <span class='ocrx_word' id='word_1_677' title='bbox 2368 4134 2622 4187; x_wconf 70' lang='lat' dir='ltr'><strong>Abrahae.</strong></span> <span class='ocrx_word' id='word_1_678' title='bbox 2657 4132 2800 4197; x_wconf 84' lang='lat' dir='ltr'><strong>Quid</strong></span> <span class='ocrx_word' id='word_1_679' title='bbox 2824 4132 2991 4199; x_wconf 81' lang='lat' dir='ltr'><strong>igitur</strong></span> <span class='ocrx_word' id='word_1_680' title='bbox 3016 4131 3259 4194; x_wconf 83' lang='lat' dir='ltr'><strong>miraris,</strong></span> <span class='ocrx_word' id='word_1_681' title='bbox 3286 4130 3357 4192; x_wconf 88' lang='lat' dir='ltr'><strong>si,</strong></span> <span class='ocrx_word' id='word_1_682' title='bbox 3388 4129 3484 4198; x_wconf 87' lang='lat' dir='ltr'><strong>qui</strong></span> 
     </span>
    </p>
   </div>
   <div class='ocr_carea' id='block_1_88' title="bbox 1895 4220 3481 4292">
    <p class='ocr_par' dir='ltr' id='par_1_88' title="bbox 1895 4220 3481 4292">
     <span class='ocr_line' id='line_1_88' title="bbox 1895 4220 3481 4292; baseline -0.005 -13"><span class='ocrx_word' id='word_1_683' title='bbox 1895 4225 2067 4282; x_wconf 93' lang='lat' dir='ltr'><strong>Deum</strong></span> <span class='ocrx_word' id='word_1_684' title='bbox 2107 4224 2278 4281; x_wconf 86' lang='lat' dir='ltr'><strong>Israel</strong></span> <span class='ocrx_word' id='word_1_685' title='bbox 2308 4225 2434 4277; x_wconf 68' lang='lat' dir='ltr'><strong>colo</strong></span> <span class='ocrx_word' id='word_1_686' title='bbox 2490 4232 2543 4277; x_wconf 91' lang='lat' dir='ltr'><strong>et</strong></span> <span class='ocrx_word' id='word_1_687' title='bbox 2582 4223 2773 4292; x_wconf 85' lang='lat' dir='ltr'><strong>diligo,</strong></span> <span class='ocrx_word' id='word_1_688' title='bbox 2821 4222 2949 4276; x_wconf 92' lang='lat' dir='ltr'><strong>dico</strong></span> <span class='ocrx_word' id='word_1_689' title='bbox 2996 4238 3084 4275; x_wconf 91' lang='lat' dir='ltr'><strong>me</strong></span> <span class='ocrx_word' id='word_1_690' title='bbox 3135 4236 3255 4276; x_wconf 84' lang='lat' dir='ltr'><strong>esse</strong></span> <span class='ocrx_word' id='word_1_691' title='bbox 3309 4220 3481 4274; x_wconf 90' lang='lat' dir='ltr'><strong>ﬁlium</strong></span> 
     </span>
    </p>
   </div>
   <div class='ocr_carea' id='block_1_89' title="bbox 210 4308 1793 4387">
    <p class='ocr_par' dir='ltr' id='par_1_89' title="bbox 210 4308 1793 4387">
     <span class='ocr_line' id='line_1_89' title="bbox 210 4308 1793 4387; baseline 0.005 -26"><span class='ocrx_word' id='word_1_692' title='bbox 210 4324 351 4364; x_wconf 85' lang='grc' dir='ltr'>στει.</span> <span class='ocrx_word' id='word_1_693' title='bbox 370 4309 582 4381; x_wconf 82' lang='grc' dir='ltr'>Ὥσπερ</span> <span class='ocrx_word' id='word_1_694' title='bbox 600 4311 711 4384; x_wconf 85' lang='grc' dir='ltr'>γὰρ</span> <span class='ocrx_word' id='word_1_695' title='bbox 733 4312 789 4365; x_wconf 86' lang='grc' dir='ltr'><strong>αί</strong></span> <span class='ocrx_word' id='word_1_696' title='bbox 814 4311 1055 4380; x_wconf 82' lang='grc' dir='ltr'>εὐλογίαι</span> <span class='ocrx_word' id='word_1_697' title='bbox 1074 4308 1214 4383; x_wconf 85' lang='grc' dir='ltr'>ἦσαν</span> <span class='ocrx_word' id='word_1_698' title='bbox 1232 4312 1323 4366; x_wconf 82' lang='grc' dir='ltr'><strong>τοῦ</strong></span> <span class='ocrx_word' id='word_1_699' title='bbox 1343 4314 1512 4368; x_wconf 85' lang='grc' dir='ltr'><strong>Ἡσαῦ</strong></span> <span class='ocrx_word' id='word_1_700' title='bbox 1528 4314 1622 4368; x_wconf 79' lang='grc' dir='ltr'><strong>τοῦ</strong></span> <span class='ocrx_word' id='word_1_701' title='bbox 1641 4333 1793 4387; x_wconf 87' lang='grc' dir='ltr'>πρω-</span> 
     </span>
    </p>
   </div>
   <div class='ocr_carea' id='block_1_90' title="bbox 1902 4308 3483 4387">
    <p class='ocr_par' dir='ltr' id='par_1_90' title="bbox 1902 4309 3483 4383">
     <span class='ocr_line' id='line_1_90' title="bbox 1902 4309 3483 4383; baseline -0.005 -14"><span class='ocrx_word' id='word_1_702' title='bbox 1902 4315 2083 4383; x_wconf 86' lang='lat' dir='ltr'><strong>Israel,</strong></span> <span class='ocrx_word' id='word_1_703' title='bbox 2115 4315 2161 4369; x_wconf 92' lang='lat' dir='ltr'><strong>si</strong></span> <span class='ocrx_word' id='word_1_704' title='bbox 2197 4314 2444 4369; x_wconf 88' lang='lat' dir='ltr'><strong>moribus</strong></span> <span class='ocrx_word' id='word_1_705' title='bbox 2500 4322 2554 4366; x_wconf 89' lang='lat' dir='ltr'><strong>et</strong></span> <span class='ocrx_word' id='word_1_706' title='bbox 2584 4312 2687 4366; x_wconf 86' lang='lat' dir='ltr'><strong>lide</strong></span> <span class='ocrx_word' id='word_1_707' title='bbox 2716 4311 3137 4367; x_wconf 88' lang='lat' dir='ltr'><strong>similitudinem</strong></span> <span class='ocrx_word' id='word_1_708' title='bbox 3162 4310 3283 4378; x_wconf 87' lang='lat' dir='ltr'><strong>ejus</strong></span> <span class='ocrx_word' id='word_1_709' title='bbox 3303 4309 3483 4378; x_wconf 70' lang='lat' dir='ltr'><strong>expri-</strong></span> 
     </span>
    </p>
   </div>
   <div class='ocr_carea' id='block_1_91' title="bbox 208 4400 1797 4478">
    <p class='ocr_par' dir='ltr' id='par_1_91' title="bbox 208 4400 1797 4478">
     <span class='ocr_line' id='line_1_91' title="bbox 208 4400 1797 4478; baseline 0.005 -26"><span class='ocrx_word' id='word_1_710' title='bbox 208 4400 472 4465; x_wconf 86' lang='grc' dir='ltr'>τοτόκου,</span> <span class='ocrx_word' id='word_1_711' title='bbox 525 4401 697 4456; x_wconf 77' lang='grc' dir='ltr'>ἐλθὼν</span> <span class='ocrx_word' id='word_1_712' title='bbox 743 4404 801 4457; x_wconf 83' lang='grc' dir='ltr'>δὲ</span> <span class='ocrx_word' id='word_1_713' title='bbox 867 4402 1083 4470; x_wconf 86' lang='grc' dir='ltr'>Ἰακὼϐ,</span> <span class='ocrx_word' id='word_1_714' title='bbox 1145 4406 1240 4459; x_wconf 79' lang='grc' dir='ltr'><strong>καὶ</strong></span> <span class='ocrx_word' id='word_1_715' title='bbox 1287 4404 1456 4460; x_wconf 75' lang='grc' dir='ltr'>εἰπὼν</span> <span class='ocrx_word' id='word_1_716' title='bbox 1498 4406 1579 4474; x_wconf 85' lang='grc' dir='ltr'>τῷ</span> <span class='ocrx_word' id='word_1_717' title='bbox 1626 4407 1797 4478; x_wconf 62' lang='grc' dir='ltr'><strong>’πατρὶ⁸</strong></span> 
     </span>
    </p>
   </div>
   <div class='ocr_carea' id='block_1_92' title="bbox 208 4492 1797 4570">
    <p class='ocr_par' dir='ltr' id='par_1_92' title="bbox 208 4492 1797 4570">
     <span class='ocr_line' id='line_1_92' title="bbox 208 4492 1797 4570; baseline 0.003 -23"><span class='ocrx_word' id='word_1_718' title='bbox 208 4492 408 4547; x_wconf 75' lang='grc' dir='ltr'>αὑτοῦ·</span> <span class='ocrx_word' id='word_1_719' title='bbox 458 4514 476 4545; x_wconf 85' lang='grc' dir='ltr'>ι</span> <span class='ocrx_word' id='word_1_720' title='bbox 517 4495 658 4563; x_wconf 84' lang='grc' dir='ltr'><strong>Ἐγὼ</strong></span> <span class='ocrx_word' id='word_1_721' title='bbox 716 4497 833 4565; x_wconf 76' lang='grc' dir='ltr'>εἰμι</span> <span class='ocrx_word' id='word_1_722' title='bbox 879 4496 1094 4562; x_wconf 80' lang='grc' dir='ltr'>Ἡσαῦ,</span> <span class='ocrx_word' id='word_1_723' title='bbox 1140 4518 1158 4550; x_wconf 73' lang='grc' dir='ltr'>ι</span> <span class='ocrx_word' id='word_1_724' title='bbox 1206 4498 1279 4570; x_wconf 83' lang='grc' dir='ltr'>μὴ</span> <span class='ocrx_word' id='word_1_725' title='bbox 1316 4497 1392 4551; x_wconf 83' lang='grc' dir='ltr'>ὣν</span> <span class='ocrx_word' id='word_1_726' title='bbox 1449 4498 1656 4565; x_wconf 82' lang='grc' dir='ltr'>Ἠσαῦ,</span> <span class='ocrx_word' id='word_1_727' title='bbox 1700 4500 1797 4561; x_wconf 71' lang='grc' dir='ltr'><strong>τὰς</strong></span> 
     </span>
    </p>
   </div>
   <div class='ocr_carea' id='block_1_93' title="bbox 207 4582 1798 4659">
    <p class='ocr_par' dir='ltr' id='par_1_93' title="bbox 207 4582 1798 4659">
     <span class='ocr_line' id='line_1_93' title="bbox 207 4582 1798 4659; baseline 0.004 -24"><span class='ocrx_word' id='word_1_728' title='bbox 207 4582 464 4648; x_wconf 80' lang='grc' dir='ltr'>εὐλογίας</span> <span class='ocrx_word' id='word_1_729' title='bbox 506 4583 717 4648; x_wconf 75' lang='grc' dir='ltr'>ἔλαϐε-ν,</span> <span class='ocrx_word' id='word_1_730' title='bbox 762 4586 858 4639; x_wconf 77' lang='grc' dir='ltr'>καὶ</span> <span class='ocrx_word' id='word_1_731' title='bbox 886 4588 947 4639; x_wconf 83' lang='grc' dir='ltr'><strong>οὐ</strong></span> <span class='ocrx_word' id='word_1_732' title='bbox 998 4587 1327 4659; x_wconf 82' lang='grc' dir='ltr'>μετέτρεψεν</span> <span class='ocrx_word' id='word_1_733' title='bbox 1382 4588 1553 4652; x_wconf 81' lang='grc' dir='ltr'>αὐτὰς</span> <span class='ocrx_word' id='word_1_734' title='bbox 1600 4589 1798 4642; x_wconf 85' lang='grc' dir='ltr'>Ἰακὼϐ</span> 
     </span>
    </p>
   </div>
   <div class='ocr_carea' id='block_1_94' title="bbox 207 4670 1799 4744">
    <p class='ocr_par' dir='ltr' id='par_1_94' title="bbox 207 4670 1799 4744">
     <span class='ocr_line' id='line_1_94' title="bbox 207 4670 1799 4744; baseline 0.004 -22"><span class='ocrx_word' id='word_1_735' title='bbox 207 4670 334 4722; x_wconf 72' lang='grc' dir='ltr'>οὐδὲ</span> <span class='ocrx_word' id='word_1_736' title='bbox 376 4672 515 4738; x_wconf 77' lang='grc' dir='ltr'>μετὰ</span> <span class='ocrx_word' id='word_1_737' title='bbox 534 4671 596 4724; x_wconf 89' lang='grc' dir='ltr'>τὸ</span> <span class='ocrx_word' id='word_1_738' title='bbox 646 4672 839 4742; x_wconf 84' lang='grc' dir='ltr'>νοῆσαι</span> <span class='ocrx_word' id='word_1_739' title='bbox 894 4675 994 4744; x_wconf 86' lang='grc' dir='ltr'><strong>τὴν</strong></span> <span class='ocrx_word' id='word_1_740' title='bbox 1031 4675 1249 4744; x_wconf 83' lang='grc' dir='ltr'>ἀπάτην</span> <span class='ocrx_word' id='word_1_741' title='bbox 1275 4691 1291 4706; x_wconf 73' lang='grc' dir='ltr'><strong><em>ο</em></strong></span> <span class='ocrx_word' id='word_1_742' title='bbox 1320 4673 1465 4728; x_wconf 77' lang='grc' dir='ltr'>οὕτω</span> <span class='ocrx_word' id='word_1_743' title='bbox 1508 4675 1664 4743; x_wconf 79' lang='grc' dir='ltr'><strong>κάγώ</strong></span> <span class='ocrx_word' id='word_1_744' title='bbox 1719 4694 1799 4729; x_wconf 91' lang='grc' dir='ltr'>σοι</span> 
     </span>
    </p>
   </div>
   <div class='ocr_carea' id='block_1_95' title="bbox 205 4760 1794 4840">
    <p class='ocr_par' dir='ltr' id='par_1_95' title="bbox 205 4760 1794 4840">
     <span class='ocr_line' id='line_1_95' title="bbox 205 4760 1794 4840; baseline 0.006 -27"><span class='ocrx_word' id='word_1_745' title='bbox 205 4760 480 4831; x_wconf 75' lang='grc' dir='ltr'>λαμϐάνω</span> <span class='ocrx_word' id='word_1_746' title='bbox 518 4763 619 4833; x_wconf 76' lang='grc' dir='ltr'>τὰς</span> <span class='ocrx_word' id='word_1_747' title='bbox 637 4766 975 4835; x_wconf 76' lang='grc' dir='ltr'>ἐπαγγελίας</span> <span class='ocrx_word' id='word_1_748' title='bbox 1015 4767 1214 4836; x_wconf 79' lang='grc' dir='ltr'>λέγων,</span> <span class='ocrx_word' id='word_1_749' title='bbox 1249 4768 1364 4832; x_wconf 82' lang='grc' dir='ltr'>υίὸς</span> <span class='ocrx_word' id='word_1_750' title='bbox 1402 4769 1673 4840; x_wconf 80' lang='grc' dir='ltr'>ὑπάρχειν</span> <span class='ocrx_word' id='word_1_751' title='bbox 1698 4769 1794 4823; x_wconf 82' lang='grc' dir='ltr'>τοῦ</span> 
     </span>
    </p>
   </div>
   <div class='ocr_carea' id='block_1_96' title="bbox 221 4852 468 4925">
    <p class='ocr_par' dir='ltr' id='par_1_96' title="bbox 221 4852 468 4925">
     <span class='ocr_line' id='line_1_96' title="bbox 221 4852 468 4925; baseline 0.004 -19"><span class='ocrx_word' id='word_1_752' title='bbox 221 4852 468 4925; x_wconf 85' lang='grc' dir='ltr'>Ἰσραήλ.</span> 
     </span>
    </p>
   </div>
   <div class='ocr_carea' id='block_1_97' title="bbox 213 5038 1789 5115">
    <p class='ocr_par' dir='ltr' id='par_1_97' title="bbox 213 5038 1789 5115">
     <span class='ocr_line' id='line_1_97' title="bbox 213 5038 1789 5115; baseline 0.004 -20"><span class='ocrx_word' id='word_1_753' title='bbox 213 5038 524 5109; x_wconf 81' lang='grc' dir='ltr'>Θεοδώρου</span> <span class='ocrx_word' id='word_1_754' title='bbox 585 5042 693 5096; x_wconf 85' lang='grc' dir='ltr'>τοῦ</span> <span class='ocrx_word' id='word_1_755' title='bbox 748 5042 1098 5111; x_wconf 77' lang='grc' dir='ltr'>Ἀϐουκαρᾶ.</span> <span class='ocrx_word' id='word_1_756' title='bbox 1148 5044 1297 5113; x_wconf 81' lang='grc' dir='ltr'>πρὸς</span> <span class='ocrx_word' id='word_1_757' title='bbox 1363 5046 1789 5115; x_wconf 79' lang='grc' dir='ltr'>Νεστοριανόν.</span> 
     </span>
    </p>
   </div>
   <div class='ocr_carea' id='block_1_98' title="bbox 1897 4398 3582 4475">
    <p class='ocr_par' dir='ltr' id='par_1_98' title="bbox 1897 4398 3582 4475">
     <span class='ocr_line' id='line_1_98' title="bbox 1897 4398 3582 4475; baseline -0.007 -15"><span class='ocrx_word' id='word_1_758' title='bbox 1897 4407 2033 4475; x_wconf 84' lang='lat' dir='ltr'><strong>mo?</strong></span> <span class='ocrx_word' id='word_1_759' title='bbox 2067 4405 2224 4460; x_wconf 89' lang='lat' dir='ltr'><strong>Sicut</strong></span> <span class='ocrx_word' id='word_1_760' title='bbox 2277 4403 2694 4459; x_wconf 88' lang='lat' dir='ltr'><strong>benedictiones</strong></span> <span class='ocrx_word' id='word_1_761' title='bbox 2742 4401 2887 4456; x_wconf 85' lang='lat' dir='ltr'><strong>Esau</strong></span> <span class='ocrx_word' id='word_1_762' title='bbox 2921 4400 3142 4470; x_wconf 88' lang='lat' dir='ltr'><strong>quidem</strong></span> <span class='ocrx_word' id='word_1_763' title='bbox 3202 4398 3483 4467; x_wconf 87' lang='lat' dir='ltr'><strong>primoge—</strong></span> <span class='ocrx_word' id='word_1_764' title='bbox 3567 4437 3582 4449; x_wconf 92' lang='lat'><strong>.</strong></span> 
     </span>
    </p>
   </div>
   <div class='ocr_carea' id='block_1_99' title="bbox 1897 4489 3482 4561">
    <p class='ocr_par' dir='ltr' id='par_1_99' title="bbox 1897 4489 3482 4561">
     <span class='ocr_line' id='line_1_99' title="bbox 1897 4489 3482 4561; baseline -0.006 -12"><span class='ocrx_word' id='word_1_765' title='bbox 1897 4497 1999 4549; x_wconf 91' lang='lat' dir='ltr'><strong>niti</strong></span> <span class='ocrx_word' id='word_1_766' title='bbox 2037 4504 2217 4561; x_wconf 85' lang='lat' dir='ltr'><strong>erant,</strong></span> <span class='ocrx_word' id='word_1_767' title='bbox 2250 4496 2349 4549; x_wconf 91' lang='lat' dir='ltr'><strong>sed</strong></span> <span class='ocrx_word' id='word_1_768' title='bbox 2379 4508 2503 4548; x_wconf 91' lang='lat' dir='ltr'><strong>cum</strong></span> <span class='ocrx_word' id='word_1_769' title='bbox 2523 4495 2770 4549; x_wconf 80' lang='lat' dir='ltr'><strong>venisset</strong></span> <span class='ocrx_word' id='word_1_770' title='bbox 2793 4492 2964 4546; x_wconf 85' lang='lat' dir='ltr'><strong>Jacob</strong></span> <span class='ocrx_word' id='word_1_771' title='bbox 2992 4500 3049 4546; x_wconf 89' lang='lat' dir='ltr'><strong>et</strong></span> <span class='ocrx_word' id='word_1_772' title='bbox 3076 4489 3308 4544; x_wconf 76' lang='lat' dir='ltr'><strong>dixisset</strong></span> <span class='ocrx_word' id='word_1_773' title='bbox 3338 4489 3482 4558; x_wconf 91' lang='lat' dir='ltr'><strong>patri</strong></span> 
     </span>
    </p>
   </div>
   <div class='ocr_carea' id='block_1_100' title="bbox 1899 4576 3484 4653">
    <p class='ocr_par' dir='ltr' id='par_1_100' title="bbox 1899 4576 3484 4653">
     <span class='ocr_line' id='line_1_100' title="bbox 1899 4576 3484 4653; baseline -0.006 -15"><span class='ocrx_word' id='word_1_774' title='bbox 1899 4598 2021 4649; x_wconf 89' lang='lat' dir='ltr'><strong>suo,</strong></span> <span class='ocrx_word' id='word_1_775' title='bbox 2059 4602 2079 4635; x_wconf 80' lang='grc' dir='ltr'>ι</span> <span class='ocrx_word' id='word_1_776' title='bbox 2114 4581 2226 4653; x_wconf 84' lang='lat' dir='ltr'><strong>Ego</strong></span> <span class='ocrx_word' id='word_1_777' title='bbox 2252 4598 2372 4636; x_wconf 92' lang='lat' dir='ltr'><strong>sum</strong></span> <span class='ocrx_word' id='word_1_778' title='bbox 2410 4580 2549 4634; x_wconf 82' lang='lat' dir='ltr'><strong>Esau</strong></span> <span class='ocrx_word' id='word_1_779' title='bbox 2583 4593 2630 4644; x_wconf 84' lang='grc' dir='ltr'><strong>ιι,</strong></span> <span class='ocrx_word' id='word_1_780' title='bbox 2682 4599 2699 4631; x_wconf 77' lang='grc' dir='ltr'>ι</span> <span class='ocrx_word' id='word_1_781' title='bbox 2738 4596 2861 4635; x_wconf 92' lang='lat' dir='ltr'><strong>cum</strong></span> <span class='ocrx_word' id='word_1_782' title='bbox 2904 4594 3014 4633; x_wconf 90' lang='lat' dir='ltr'><strong>non</strong></span> <span class='ocrx_word' id='word_1_783' title='bbox 3051 4585 3222 4639; x_wconf 88' lang='lat' dir='ltr'><strong>esset.</strong></span> <span class='ocrx_word' id='word_1_784' title='bbox 3255 4576 3484 4632; x_wconf 84' lang='lat' dir='ltr'><strong>benedi-</strong></span> 
     </span>
    </p>
   </div>
   <div class='ocr_carea' id='block_1_101' title="bbox 1900 4670 3533 4744">
    <p class='ocr_par' dir='ltr' id='par_1_101' title="bbox 1900 4670 3533 4744">
     <span class='ocr_line' id='line_1_101' title="bbox 1900 4670 3533 4744; baseline -0.006 -13"><span class='ocrx_word' id='word_1_785' title='bbox 1900 4677 2111 4731; x_wconf 86' lang='lat' dir='ltr'><strong>ctiones</strong></span> <span class='ocrx_word' id='word_1_786' title='bbox 2133 4676 2277 4738; x_wconf 89' lang='lat' dir='ltr'><strong>tulit,</strong></span> <span class='ocrx_word' id='word_1_787' title='bbox 2310 4682 2487 4729; x_wconf 89' lang='lat' dir='ltr'><strong>etnon</strong></span> <span class='ocrx_word' id='word_1_788' title='bbox 2515 4673 2682 4744; x_wconf 79' lang='lat'><strong>389</strong></span> <span class='ocrx_word' id='word_1_789' title='bbox 2715 4671 2948 4725; x_wconf 87' lang='lat' dir='ltr'><strong>mutavit</strong></span> <span class='ocrx_word' id='word_1_790' title='bbox 2977 4686 3070 4725; x_wconf 85' lang='lat' dir='ltr'><strong>eas</strong></span> <span class='ocrx_word' id='word_1_791' title='bbox 3102 4670 3278 4734; x_wconf 87' lang='lat' dir='ltr'><strong>Isaac,</strong></span> <span class='ocrx_word' id='word_1_792' title='bbox 3308 4682 3484 4736; x_wconf 90' lang='lat' dir='ltr'><strong>neque</strong></span> <span class='ocrx_word' id='word_1_793' title='bbox 3508 4702 3533 4727; x_wconf 86' lang='lat'><strong>.</strong></span> 
     </span>
    </p>
   </div>
   <div class='ocr_carea' id='block_1_102' title="bbox 1906 4765 3484 4840">
    <p class='ocr_par' dir='ltr' id='par_1_102' title="bbox 1906 4765 3484 4840">
     <span class='ocr_line' id='line_1_102' title="bbox 1906 4765 3484 4840; baseline -0.003 -17"><span class='ocrx_word' id='word_1_794' title='bbox 1906 4780 2199 4840; x_wconf 88' lang='lat' dir='ltr'><strong>postquam</strong></span> <span class='ocrx_word' id='word_1_795' title='bbox 2231 4770 2458 4840; x_wconf 86' lang='lat' dir='ltr'><strong>agnovit</strong></span> <span class='ocrx_word' id='word_1_796' title='bbox 2489 4769 2801 4823; x_wconf 83' lang='lat' dir='ltr'><strong>fallaciam:</strong></span> <span class='ocrx_word' id='word_1_797' title='bbox 2829 4768 2909 4822; x_wconf 86' lang='lat' dir='ltr'><strong>sic</strong></span> <span class='ocrx_word' id='word_1_798' title='bbox 2936 4782 3039 4837; x_wconf 86' lang='lat' dir='ltr'><strong>ego</strong></span> <span class='ocrx_word' id='word_1_799' title='bbox 3072 4765 3484 4820; x_wconf 88' lang='lat' dir='ltr'><strong>benedictiones</strong></span> 
     </span>
    </p>
   </div>
   <div class='ocr_carea' id='block_1_103' title="bbox 1907 4851 3304 4933">
    <p class='ocr_par' dir='ltr' id='par_1_103' title="bbox 1907 4851 3304 4933">
     <span class='ocr_line' id='line_1_103' title="bbox 1907 4851 3304 4933; baseline -0.003 -18"><span class='ocrx_word' id='word_1_800' title='bbox 1907 4874 2033 4917; x_wconf 89' lang='lat' dir='ltr'><strong>tuas</strong></span> <span class='ocrx_word' id='word_1_801' title='bbox 2067 4864 2297 4933; x_wconf 86' lang='lat' dir='ltr'><strong>accipio,</strong></span> <span class='ocrx_word' id='word_1_802' title='bbox 2326 4878 2450 4918; x_wconf 91' lang='lat' dir='ltr'><strong>cum</strong></span> <span class='ocrx_word' id='word_1_803' title='bbox 2487 4851 2571 4916; x_wconf 64' lang='lat' dir='ltr'><strong>uie</strong></span> <span class='ocrx_word' id='word_1_804' title='bbox 2610 4862 2735 4917; x_wconf 89' lang='lat' dir='ltr'><strong>dico</strong></span> <span class='ocrx_word' id='word_1_805' title='bbox 2762 4874 2887 4915; x_wconf 85' lang='lat' dir='ltr'><strong>esse</strong></span> <span class='ocrx_word' id='word_1_806' title='bbox 2916 4859 3083 4914; x_wconf 88' lang='lat' dir='ltr'><strong>ﬁlium</strong></span> <span class='ocrx_word' id='word_1_807' title='bbox 3118 4857 3304 4913; x_wconf 87' lang='lat' dir='ltr'><strong>Israel.</strong></span> 
     </span>
    </p>
   </div>
   <div class='ocr_carea' id='block_1_104' title="bbox 1801 4953 1892 5007">
    <p class='ocr_par' dir='ltr' id='par_1_104' title="bbox 1801 4953 1892 5007">
     <span class='ocr_line' id='line_1_104' title="bbox 1801 4953 1892 5007; baseline -0.011 -1"><span class='ocrx_word' id='word_1_808' title='bbox 1801 4953 1892 5007; x_wconf 83' lang='lat' dir='ltr'><strong>XI.</strong></span> 
     </span>
    </p>
   </div>
   <div class='ocr_carea' id='block_1_105' title="bbox 1907 5039 3479 5115">
    <p class='ocr_par' dir='ltr' id='par_1_105' title="bbox 1907 5039 3479 5115">
     <span class='ocr_line' id='line_1_105' title="bbox 1907 5039 3479 5115; baseline -0.004 -14"><span class='ocrx_word' id='word_1_809' title='bbox 1907 5046 2169 5101; x_wconf 81' lang='lat' dir='ltr'><strong>Theodori</strong></span> <span class='ocrx_word' id='word_1_810' title='bbox 2224 5047 2489 5100; x_wconf 76' lang='lat' dir='ltr'><strong>Abucara:</strong></span> <span class='ocrx_word' id='word_1_811' title='bbox 2544 5044 3004 5115; x_wconf 75' lang='lat' dir='ltr'><strong>Dialoguscontra</strong></span> <span class='ocrx_word' id='word_1_812' title='bbox 3070 5039 3479 5095; x_wconf 78' lang='lat' dir='ltr'><strong>Nestorianum.</strong></span> 
     </span>
    </p>
   </div>
   <div class='ocr_carea' id='block_1_106' title="bbox 1449 5140 2364 5204">
    <p class='ocr_par' dir='ltr' id='par_1_106' title="bbox 1449 5140 2364 5204">
     <span class='ocr_line' id='line_1_106' title="bbox 1449 5140 2364 5204; baseline 0.001 -15"><span class='ocrx_word' id='word_1_813' title='bbox 1449 5140 1739 5201; x_wconf 86' lang='lat' dir='ltr'><strong>(Francisco</strong></span> <span class='ocrx_word' id='word_1_814' title='bbox 1764 5141 2005 5203; x_wconf 85' lang='lat' dir='ltr'><strong>Turriaoo</strong></span> <span class='ocrx_word' id='word_1_815' title='bbox 2040 5140 2364 5204; x_wconf 87' lang='lat' dir='ltr'><strong>interprete.)</strong></span> 
     </span>
    </p>
   </div>
   <div class='ocr_carea' id='block_1_107' title="bbox 456 5220 1515 5291">
    <p class='ocr_par' dir='ltr' id='par_1_107' title="bbox 456 5220 1515 5291">
     <span class='ocr_line' id='line_1_107' title="bbox 456 5220 1515 5291; baseline 0.007 -20"><span class='ocrx_word' id='word_1_816' title='bbox 456 5223 498 5272; x_wconf 78' lang='grc' dir='ltr'>Α</span> <span class='ocrx_word' id='word_1_817' title='bbox 538 5222 571 5271; x_wconf 85' lang='grc' dir='ltr'><strong>ό</strong></span> <span class='ocrx_word' id='word_1_818' title='bbox 611 5220 985 5288; x_wconf 80' lang='grc' dir='ltr'>Ὀρθόδοξος,</span> <span class='ocrx_word' id='word_1_819' title='bbox 1022 5225 1515 5291; x_wconf 73' lang='grc' dir='ltr'>ΒΝεστεριανός.</span> 
     </span>
    </p>
   </div>
   <div class='ocr_carea' id='block_1_108' title="bbox 286 5307 1799 5384">
    <p class='ocr_par' dir='ltr' id='par_1_108' title="bbox 286 5307 1799 5384">
     <span class='ocr_line' id='line_1_108' title="bbox 286 5307 1799 5384; baseline 0.004 -20"><span class='ocrx_word' id='word_1_820' title='bbox 286 5312 354 5365; x_wconf 82' lang='grc' dir='ltr'><strong>Δ.</strong></span> <span class='ocrx_word' id='word_1_821' title='bbox 392 5310 488 5373; x_wconf 84' lang='grc' dir='ltr'>Τίς</span> <span class='ocrx_word' id='word_1_822' title='bbox 522 5307 714 5364; x_wconf 83' lang='grc' dir='ltr'>εἶπεν·</span> <span class='ocrx_word' id='word_1_823' title='bbox 754 5331 772 5363; x_wconf 78' lang='grc' dir='ltr'>ι</span> <span class='ocrx_word' id='word_1_824' title='bbox 831 5312 1020 5381; x_wconf 79' lang='grc' dir='ltr'>Ἐδόθη</span> <span class='ocrx_word' id='word_1_825' title='bbox 1054 5331 1144 5384; x_wconf 87' lang='grc' dir='ltr'><strong>μοι</strong></span> <span class='ocrx_word' id='word_1_826' title='bbox 1178 5316 1329 5368; x_wconf 81' lang='grc' dir='ltr'>πᾶσα</span> <span class='ocrx_word' id='word_1_827' title='bbox 1362 5315 1581 5378; x_wconf 80' lang='grc' dir='ltr'>ἐξουσία</span> <span class='ocrx_word' id='word_1_828' title='bbox 1616 5318 1675 5369; x_wconf 86' lang='grc' dir='ltr'><strong>ἐν</strong></span> <span class='ocrx_word' id='word_1_829' title='bbox 1709 5319 1799 5369; x_wconf 84' lang='grc' dir='ltr'>ού-</span> 
     </span>
    </p>
   </div>
   <div class='ocr_carea' id='block_1_109' title="bbox 2218 5220 3175 5279">
    <p class='ocr_par' dir='ltr' id='par_1_109' title="bbox 2218 5220 3175 5279">
     <span class='ocr_line' id='line_1_109' title="bbox 2218 5220 3175 5279; baseline -0.008 0"><span class='ocrx_word' id='word_1_830' title='bbox 2218 5225 2280 5278; x_wconf 84' lang='grc' dir='ltr'><strong>Α.</strong></span> <span class='ocrx_word' id='word_1_831' title='bbox 2317 5222 2648 5279; x_wconf 81' lang='lat' dir='ltr'><strong>Catholicus.</strong></span> <span class='ocrx_word' id='word_1_832' title='bbox 2699 5220 2762 5277; x_wconf 88' lang='lat' dir='ltr'><strong>B.</strong></span> <span class='ocrx_word' id='word_1_833' title='bbox 2804 5220 3175 5275; x_wconf 78' lang='lat' dir='ltr'><strong>Nestorianus.</strong></span> 
     </span>
    </p>
   </div>
   <div class='ocr_carea' id='block_1_110' title="bbox 1970 5312 3481 5384">
    <p class='ocr_par' dir='ltr' id='par_1_110' title="bbox 1970 5312 3481 5384">
     <span class='ocr_line' id='line_1_110' title="bbox 1970 5312 3481 5384; baseline -0.005 -13"><span class='ocrx_word' id='word_1_834' title='bbox 1970 5319 2036 5374; x_wconf 85' lang='grc' dir='ltr'><strong>Λ.</strong></span> <span class='ocrx_word' id='word_1_835' title='bbox 2072 5317 2207 5384; x_wconf 84' lang='lat' dir='ltr'><strong>Quis</strong></span> <span class='ocrx_word' id='word_1_836' title='bbox 2238 5317 2415 5371; x_wconf 89' lang='lat' dir='ltr'><strong>dixit:</strong></span> <span class='ocrx_word' id='word_1_837' title='bbox 2452 5335 2470 5366; x_wconf 80' lang='grc' dir='ltr'>ι</span> <span class='ocrx_word' id='word_1_838' title='bbox 2510 5314 2643 5369; x_wconf 88' lang='lat' dir='ltr'><strong>Data</strong></span> <span class='ocrx_word' id='word_1_839' title='bbox 2698 5321 2783 5370; x_wconf 90' lang='lat' dir='ltr'><strong>est</strong></span> <span class='ocrx_word' id='word_1_840' title='bbox 2817 5313 2949 5367; x_wconf 85' lang='lat' dir='ltr'><strong>mihi</strong></span> <span class='ocrx_word' id='word_1_841' title='bbox 3008 5312 3185 5365; x_wconf 91' lang='lat' dir='ltr'><strong>omnis</strong></span> <span class='ocrx_word' id='word_1_842' title='bbox 3240 5315 3481 5380; x_wconf 86' lang='lat' dir='ltr'><strong>potestas</strong></span> 
     </span>
    </p>
   </div>
   <div class='ocr_carea' id='block_1_111' title="bbox 299 5443 1793 5535">
    <p class='ocr_par' dir='ltr' id='par_1_111' title="bbox 299 5447 1788 5535">
     <span class='ocr_line' id='line_1_111' title="bbox 299 5447 1788 5535; baseline 0.003 -33"><span class='ocrx_word' id='word_1_843' title='bbox 299 5451 329 5483; x_wconf 91' lang='lat'><strong>°</strong></span> <span class='ocrx_word' id='word_1_844' title='bbox 359 5447 501 5535; x_wconf 40' lang='lat' dir='ltr'><strong>Gen;</strong></span> <span class='ocrx_word' id='word_1_845' title='bbox 529 5448 812 5535; x_wconf 55' lang='lat' dir='ltr'><strong>“muniti.</strong></span> <span class='ocrx_word' id='word_1_846' title='bbox 898 5460 923 5499; x_wconf 85' lang='lat' dir='ltr'><strong>P</strong></span> <span class='ocrx_word' id='word_1_847' title='bbox 945 5449 1309 5535; x_wconf 38' lang='lat' dir='ltr'><strong>(longum,</strong></span> <span class='ocrx_word' id='word_1_848' title='bbox 1340 5452 1394 5505; x_wconf 81' lang='lat'><strong>3.</strong></span> <span class='ocrx_word' id='word_1_849' title='bbox 1464 5461 1490 5500; x_wconf 73' lang='grc' dir='ltr'><strong>(ι</strong></span> <span class='ocrx_word' id='word_1_850' title='bbox 1521 5449 1685 5508; x_wconf 86' lang='lat' dir='ltr'><strong>Num.</strong></span> <span class='ocrx_word' id='word_1_851' title='bbox 1724 5469 1788 5507; x_wconf 77' lang='lat' dir='ltr'><strong>xx</strong></span> 
     </span>
    </p>
   </div>
   <div class='ocr_carea' id='block_1_112' title="bbox 1902 5443 3470 5535">
    <p class='ocr_par' dir='ltr' id='par_1_112' title="bbox 1902 5443 3470 5535">
     <span class='ocr_line' id='line_1_112' title="bbox 1902 5443 3470 5535; baseline -0.006 -30"><span class='ocrx_word' id='word_1_852' title='bbox 1902 5451 1974 5519; x_wconf 62' lang='grc' dir='ltr'>λὶς</span> <span class='ocrx_word' id='word_1_853' title='bbox 2008 5453 2165 5510; x_wconf 87' lang='lat' dir='ltr'><strong>Deut.</strong></span> <span class='ocrx_word' id='word_1_854' title='bbox 2194 5469 2253 5517; x_wconf 90' lang='lat' dir='ltr'><strong>ll,</strong></span> <span class='ocrx_word' id='word_1_855' title='bbox 2278 5453 2473 5508; x_wconf 69' lang='lat'><strong>27—29.</strong></span> <span class='ocrx_word' id='word_1_856' title='bbox 2558 5460 2574 5481; x_wconf 84' lang='lat'>&#39;</span> <span class='ocrx_word' id='word_1_857' title='bbox 2597 5450 2907 5535; x_wconf 67' lang='lat' dir='ltr'><strong>ibid.‘25,50.</strong></span> <span class='ocrx_word' id='word_1_858' title='bbox 2928 5451 2948 5475; x_wconf 68' lang='grc'><strong>⁵</strong></span> <span class='ocrx_word' id='word_1_859' title='bbox 2977 5446 3252 5517; x_wconf 52' lang='grc' dir='ltr'>υυιιιλιβὶ.</span> <span class='ocrx_word' id='word_1_860' title='bbox 3287 5445 3306 5481; x_wconf 68' lang='grc' dir='ltr'><strong>ί</strong></span> <span class='ocrx_word' id='word_1_861' title='bbox 3334 5443 3470 5498; x_wconf 85' lang='lat' dir='ltr'><strong>Gen.</strong></span> 
     </span>
    </p>
   </div>
   <div class='ocr_carea' id='block_1_113' title="bbox 217 5520 1153 5583">
    <p class='ocr_par' dir='ltr' id='par_1_113' title="bbox 217 5520 1153 5583">
     <span class='ocr_line' id='line_1_113' title="bbox 217 5520 1153 5583; baseline 0 -10"><span class='ocrx_word' id='word_1_862' title='bbox 217 5534 401 5582; x_wconf 73' lang='lat' dir='ltr'><strong>xxx&quot;,</strong></span> <span class='ocrx_word' id='word_1_863' title='bbox 432 5521 523 5572; x_wconf 71' lang='grc'><strong>28.</strong></span> <span class='ocrx_word' id='word_1_864' title='bbox 637 5527 662 5553; x_wconf 79' lang='grc' dir='ltr'><strong>ιι</strong></span> <span class='ocrx_word' id='word_1_865' title='bbox 695 5520 834 5572; x_wconf 72' lang='lat' dir='ltr'><strong>Gen.</strong></span> <span class='ocrx_word' id='word_1_866' title='bbox 860 5535 1039 5583; x_wconf 79' lang='lat' dir='ltr'><strong>xxvu,</strong></span> <span class='ocrx_word' id='word_1_867' title='bbox 1072 5521 1153 5575; x_wconf 84' lang='lat' dir='ltr'><strong>l9.</strong></span> 
     </span>
    </p>
   </div>
   <div class='ocr_carea' id='block_1_114' title="bbox 1508 5612 2171 5671">
    <p class='ocr_par' dir='ltr' id='par_1_114' title="bbox 1508 5612 2171 5671">
     <span class='ocr_line' id='line_1_114' title="bbox 1508 5612 2171 5671; baseline 0.009 -8"><span class='ocrx_word' id='word_1_868' title='bbox 1508 5612 1737 5667; x_wconf 62' lang='lat' dir='ltr'><strong>VARL‘F.</strong></span> <span class='ocrx_word' id='word_1_869' title='bbox 1772 5614 2171 5671; x_wconf 67' lang='lat' dir='ltr'><strong>[.i‘IC&#39;I&#39;It)NES.</strong></span> 
     </span>
    </p>
   </div>
   <div class='ocr_carea' id='block_1_115' title="bbox 255 5680 986 5735">
    <p class='ocr_par' dir='ltr' id='par_1_115' title="bbox 255 5680 986 5735">
     <span class='ocr_line' id='line_1_115' title="bbox 255 5680 986 5735; baseline -0.004 0"><span class='ocrx_word' id='word_1_870' title='bbox 255 5682 297 5711; x_wconf 68' lang='grc' dir='ltr'>δ’</span> <span class='ocrx_word' id='word_1_871' title='bbox 332 5680 466 5735; x_wconf 78' lang='lat' dir='ltr'><strong>Cod.</strong></span> <span class='ocrx_word' id='word_1_872' title='bbox 508 5681 700 5734; x_wconf 71' lang='lat' dir='ltr'><strong>Ilavar.</strong></span> <span class='ocrx_word' id='word_1_873' title='bbox 738 5681 986 5735; x_wconf 87' lang='lat' dir='ltr'><strong>mutilus.</strong></span> 
     </span>
    </p>
   </div>
  </div>
