3912 6202
399 325 540 393 1535

398 532 585 591 homo,
617 539 686 579 an
716 520 884 576 Filius
904 515 1041 571 Dei?

468 620 532 673 Β.
570 615 766 671 Homo.

466 711 532 762 Α.
565 707 735 777 Igitur
770 715 896 759 cum
916 700 1043 756 data
1074 695 1146 752 sit
1169 692 1348 750 omnis
1370 696 1611 762 potestas
1635 682 1964 746 cmlestium,

399 809 455 858 et
509 774 755 855 omnium
794 808 913 864 qua:
946 791 1002 846 in
1022 786 1183 843 terris
1212 792 1361 851 sunt,
1386 782 1514 837 huic
1542 776 1774 841 homini,
1803 774 1966 838 male,

399 900 456 950 et
479 897 675 961 praeter
700 886 1037 941 voluntatem
1071 879 1168 934 Dei
1196 876 1426 941 faciunt,
1462 872 1554 942 qui
1583 868 1750 961 Deum
1785 871 1965 928 orant,

401 953 498 1038 aut
518 980 586 1034 ab
621 992 687 1034 eo
718 973 921 1045 aliquid
946 968 1309 1041 quodcunque
1334 963 1427 1027 sit,
1454 965 1669 1031 petunt,
1702 953 1969 1025 siquidem

399 1069 586 1127 omnia
616 1075 745 1122 sunt
768 1062 934 1131 hujus
967 1057 1228 1114 hominis.
1254 1053 1322 1108 Et
1356 1061 1692 1122 quaecunque
1724 1050 1971 1115 petemus

400 1163 488 1219 vel
507 1158 660 1230 regni
683 1155 906 1216 terreni,
932 1151 1020 1207 vel
1044 1146 1285 1204 cmlestis
1304 1185 1321 1212 ,
1350 1140 1531 1198 omnia
1575 1138 1691 1192 haec
1718 1144 1843 1190 sunt
1870 1133 1970 1186 ho-

402 1226 594 1309 minis:
636 1248 736 1304 Vel
793 1246 958 1317 igitur
1013 1246 1245 1312 peccant
1293 1235 1388 1307 qui
1443 1248 1473 1287 a
1515 1231 1624 1286 Deo
1652 1226 1970 1299 postulant;

406 1345 496 1401 hic
521 1343 668 1398 enim
704 1339 866 1394 habet
889 1340 1236 1405 potestatem,
1260 1333 1314 1382 et
1341 1326 1461 1381 sine
1492 1318 1811 1393 paenitentia
1844 1322 1973 1371 sunt

407 1438 553 1493 dona
580 1432 712 1498 Dei;
738 1430 846 1493 vel,
876 1427 922 1483 si
957 1430 1177 1496 oportet
1205 1418 1463 1474 adhibere
1498 1414 1607 1468 Deo
1642 1424 1850 1481 preces,
1881 1407 1974 1461 de-

407 1537 601 1597 ceptus
657 1531 740 1580 est
794 1521 906 1586 hic,
966 1526 1019 1573 et
1077 1517 1396 1584 arroganter
1436 1515 1493 1563 et
1534 1508 1743 1561 frustra
1794 1499 1973 1555 dicit:

412 1639 435 1672 ι
471 1589 605 1671 Data
660 1622 744 1670 est
803 1610 938 1666 mihi
1002 1605 1183 1663 omnis
1242 1608 1484 1674 potestas
1531 1596 1587 1651 in
1631 1593 1772 1650 coelo
1827 1596 1880 1647 et
1919 1589 1974 1643 in

412 1718 577 1772 terra,
625 1723 645 1758 ι
676 1716 799 1759 cum
839 1695 1272 1768 aliusgubernet
1296 1697 1351 1747 et
1384 1686 1718 1744 dominetur.

1972 1874 2091 1932 XII.

658 1982 1017 2054 Interrogatio
1061 1986 1248 2036 contra
1314 1973 1723 2031 Nestorianum.

1585 293 1976 361 THEODORI
2006 287 2374 351 ABUCAIUE
3202 336 3211 343 ,

399 441 456 493 in
505 433 644 489 colo
697 436 751 484 et
793 427 850 481 in
899 431 1045 479 terra
1073 419 1148 473 Vt
1175 435 1193 470 ι
1229 415 1417 472 Filius
1447 409 1712 489 Virginis,
1755 406 1809 463 id
1854 411 1958 470 est,

2098 399 2213 469 ιανῷ
2242 397 2339 453 καλ
2360 395 2453 450 ἐπὶ
2481 394 2584 464 γῆς
2607 410 2623 459 ;
2660 410 2679 443 ι
2708 392 2737 446 6
2774 390 2891 454 υίὸς
2926 389 3027 461 τῆς
3057 385 3348 459 Παρθένου
3376 427 3393 455 ,
3425 386 3621 457 mea”

3499 214 3637 335 1...

2066 491 2377 560 ἄνθρωπος,
2415 486 2449 557 ἢ
2479 484 2653 547 όΥίὸς
2680 482 2849 549 Θεοῦ;

2136 583 2197 636 Β.
2236 580 2293 635 Ὀ
2315 578 2411 634 ἄνθ
2421 590 2623 648 ρωπος.

2136 673 2201 724 Α.
2234 668 2444 723 Οὐκοῦν
2480 667 2664 736 πάσης
2711 662 2959 727 ἐξουσίας
3008 659 3125 715 τῶν
3160 658 3509 730 ἱπουρανίων
3552 656 3639 712 καὶ

2065 762 2177 817 τῶν
2199 760 2457 829 ἐπιγείων
2485 757 2780 827 δεδομένης
2806 754 2884 824 τῷ
2901 753 3177 824 ἀνθρώπῳ
3204 753 3407 821 τούτῳ,
3443 752 3642 815 κακῶς,

2069 853 2164 908 καὶ
2197 852 2348 922 παρὰ
2379 850 2441 902 τὸ
2469 848 2719 919 βούλημα
2747 845 2841 899 τοῦ
2873 844 3009 897 Θεοῦ
3040 842 3291 897 ποιοῦσιν
3336 844 3389 895 οί
3417 858 3644 912 προσευ-

2069 944 2287 1014 χόμενοι
2317 939 2398 1010 τῷ
2436 937 2576 1007 Θεῷ,
2620 938 2654 1007 ἦ
2689 934 2970 996 αίτοῦντές
2997 950 3050 986 τι
3085 934 3216 1003 παρ’
3245 931 3419 984 αὑτοῦ
3447 932 3502 983 τί
3532 928 3648 983 ποτ’

2069 1031 2180 1089 οῦν·
2213 1034 2390 1087 πάντα
2415 1029 2525 1099 γὰρ
2546 1026 2643 1081 τοῦ
2678 1024 2968 1096 ἀνθρώπου
2996 1021 3182 1076 τούτου
3216 1021 3380 1075 είσίν.
3416 1020 3529 1072 Καὶ
3553 1021 3647 1072 ὅσα

2069 1126 2135 1179 ἂν
2170 1119 2544 1194 αίτησὼμεθα,
2572 1118 2605 1187 ἢ
2637 1116 2884 1185 ἐπιγείου
2913 1114 3206 1184 βασιλείας,
3240 1112 3274 1182 ἦ
3304 1111 3647 1181 ἐπουρανίου

2071 1216 2209 1279 ἐστὶ,
2236 1212 2411 1266 ταῦτα
2438 1210 2497 1264 δὲ
2540 1209 2720 1263 πάντα
2764 1205 2862 1260 τοῦ
2906 1203 3187 1275 ἀνθρώπου
3228 1203 3393 1257 είσίν.
3437 1202 3512 1254 Ἦ
3558 1196 3650 1254 οὖν

2072 1304 2482 1376 ἁμαρτάνουσιν
2504 1302 2551 1354 oi
2589 1298 2745 1370 παρὰ
2777 1296 2872 1351 τοῦ
2893 1296 3029 1349 Θεοῦ
3063 1313 3115 1348 τι
3160 1295 3437 1357 αἰτοῦντες
3470 1288 3653 1363 (οὗτος

2073 1397 2182 1467 γὰρ
2216 1395 2328 1464 ἔχει
2366 1392 2465 1463 τὴν
2498 1390 2771 1459 ἐξουσίαν,
2806 1387 2903 1442 καὶ
2939 1386 3320 1456 ἀμεταμέλητα
3358 1384 3457 1437 τοῦ
3508 1382 3655 1436 Θεοῦ

2072 1488 2142 1541 τὰ
2164 1482 2523 1557 χαρίσματα),
2563 1483 2597 1549 ἢ
2624 1480 2783 1552 είπερ
2801 1480 2883 1533 δεῖ
2912 1480 2990 1549 τῷ
3026 1478 3147 1548 Θεῷ
3174 1478 3239 1531 δι’
3279 1477 3437 1547 εὐχῆς
3460 1492 3655 1547 προσ-

2078 1579 2236 1642 ιὲναι,
2266 1577 2518 1649 ἠπάτησε
2550 1575 2595 1606 δ’
2623 1566 2778 1635 οὗτος
2804 1573 2901 1625 καλ⁸
2932 1569 3319 1634 ἀλαζονεὺεται
3356 1570 3529 1639 μάτην
3559 1567 3656 1620 λέ-

2074 1685 2188 1738 γων
2209 1707 2224 1733 ,
2255 1685 2274 1718 ι
2331 1663 2519 1735 Ἐδόθη
2559 1681 2648 1734 μοι
2680 1663 2831 1716 πᾶσα
2870 1660 3107 1726 ἐξουσία,
3139 1679 3159 1713 ι
3196 1660 3362 1715 ἄλλον
3390 1656 3661 1713 διοικοῦν-

2079 1776 2171 1823 τος
2199 1758 2296 1814 καὶ
2339 1755 2709 1828 κυριεύοντος,
2730 1752 2877 1824 ἅπερ
2907 1747 3058 1805 εἶπεν
3087 1752 3257 1815 αὐτὸς
3283 1752 3453 1821 ἔχειν.

2421 1960 2734 2030 Ἐρώτησις
2760 1959 2911 2029 πρὸς
2933 1957 3365 2027 Νεστοριανὸν.

1734 2084 1973 2136 Turriano
2004 2079 2303 2136 interprete.

1734 2084 1973 2136 Turriano

483 2190 553 2247 Δ.
587 2186 727 2255 Quis
748 2175 1000 2243 nostrum
1038 2181 1279 2240 debitum
1307 2178 1468 2238 solvit
1498 2084 1743 2232 morien(s
1774 2188 1873 2245 pro
1893 2188 1987 2229 no-

2098 2075 2331 2143 :rprete.)

2169 2189 2235 2241 Α.
2262 2184 2361 2249 Τίς
2394 2184 2458 2238 τὸ
2492 2183 2616 2239 καθ’
2641 2181 2802 2255 ἡμῶν
2827 2180 3193 2252 χειρόγραφον
3220 2176 3386 2249 χρέος
3415 2175 3665 2230 ἀπέτισεν

422 2287 528 2350 bis,
567 2298 678 2353 quo
703 2282 889 2338 debito
919 2279 1098 2337 soluto
1118 2318 1132 2341 ,
1170 2291 1272 2332 nos
1293 2289 1322 2329 a
1353 2282 1528 2329 morte
1555 2282 1610 2327 et
1650 2267 1987 2339 corruptiont

2098 2277 2385 2335 ἀποθανὼν
2417 2276 2557 2346 ὑπὲρ
2582 2274 2760 2345 ἡμῶν,
2790 2271 2855 2325 δι’
2882 2266 2951 2342 ἧς
2994 2269 3258 2331 ὲκτίσεως
3281 2266 3381 2320 τοῦ
3419 2265 3663 2328 θανάτου,

422 2377 634 2449 peccati
676 2373 890 2430 liberati
936 2369 1169 2429 sumus?
1200 2367 1341 2424 Deus
1377 2362 1662 2422 Verbum?
1694 2375 1765 2416 an
1795 2359 1987 2415 homo!

2098 2371 2315 2441 καὶτῆς
2349 2368 2581 2439 φθορᾶς,
2626 2365 2722 2419 καὶ
2753 2363 2854 2433 τῆς
2877 2359 3154 2432 ἁμαρτίας
3180 2357 3584 2428 ὴλευθέρωσεν,
3634 2355 3662 2406 ό

490 2557 556 2612 Β.
585 2555 781 2611 Homo.

492 2649 560 2703 A.
586 2648 727 2704 Huic
790 2647 960 2717 igitur
1016 2659 1178 2714 agere
1230 2642 1435 2715 gratias
1466 2656 1566 2713 pro
1599 2641 1775 2697 salute
1803 2646 1994 2695 nostra

426 2738 711 2802 debemus,
743 2737 1014 2807 siquidem
1046 2739 1164 2806 ipse
1195 2744 1279 2791 est
1307 2742 1502 2789 auctor
1540 2731 1790 2788 beneﬁcii
1831 2730 1996 2799 hujus

427 2843 556 2897 erga
613 2842 785 2898 genus
823 2828 1142 2881 humanum.
1179 2824 1439 2880 Videmus
1474 2824 1620 2879 enim
1663 2822 1834 2890 quod,
1867 2823 1995 2876 dum

428 2919 670 2975 debitum
726 2919 871 2987 quod
927 2918 1038 2971 Deo
1088 2916 1422 2970 debebamus
1476 2922 1595 2969 erat
1647 2921 1841 2968 contra
1874 2929 1996 2982 nos,

432 3007 783 3063 interimebat
808 3021 911 3062 nos
940 3014 994 3061 et
1034 3005 1336 3074 perdebat;
1395 3011 1684 3074 postquam
1725 3019 1854 3060 vero
1886 3005 1990 3059 hoc

431 3093 615 3149 debito
651 3092 863 3147 liberati
898 3107 1111 3157 sumus,
1167 3092 1303 3146 salvi
1344 3089 1476 3145 facti
1516 3106 1727 3158 sumus,
1767 3100 1822 3147 et
1848 3094 1995 3148 revi-

434 3192 635 3242 ximus.
1094 3192 1099 3199 ‘

2090 2465 2223 2527 Θεὸς
2256 2462 2447 2530 Λόγος,
2468 2460 2503 2531 ἢ
2539 2460 2568 2512 6
2604 2456 2929 2527 ἄνθρωποςς

2162 2556 2227 2609 Β.
2266 2554 2324 2606 '0
2354 2551 2451 2619 ᾇνθ
2460 2565 2664 2621 ρωπος.

2158 2650 2220 2702 Α.
2251 2645 2438 2715 Τούτῳ
2461 2642 2558 2697 καὶ
2585 2641 2685 2711 τὴν
2711 2635 3065 2709 εὐχαριστίαν
3078 2632 3179 2704 τῆς
3205 2629 3366 2702 ἡμῶν
3397 2624 3669 2696 σωτηρίας

2092 2738 2428 2811 προσφέρειν
2453 2733 2762 2803 ὀφείλομεν,
2786 2727 2977 2798 ἐπειδὴ
3016 2724 3184 2787 αὐτός
3216 2724 3361 2775 ἐστιν
3383 2722 3414 2772 6
3442 2716 3668 2811 auerti:

2092 2804 2194 2901 τῆς
2223 2804 2325 2881 τοῦ
2344 2826 2538 2895 γένους
2568 2823 2746 2894 ἡμῶν.
2794 2818 3044 2889 Ὁρῶμεν
3096 2814 3212 2884 γὰρ
3247 2811 3323 2874 ὡς
3359 2808 3530 2881 ἡνίκα
3575 2804 3669 2859 τοῦ

2093 2898 2231 2975 Θεοῦ
2254 2919 2316 2974 τὸ
2343 2918 2502 2988 χρέος
2523 2912 2592 2986 ἦν
2615 2915 2736 2973 καθ’
2761 2911 2919 2982 ἡμῶν
2940 2908 3165 2976 ἔπνιγεν
3182 2906 3353 2975 ἡμᾶς,
3369 2902 3467 2955 καὶ
3486 2898 3667 2955 ἀπὼλο

2094 3009 2243 3064 λυεν.
2267 3009 2396 3061 Ὅτε
2420 3007 2479 3059 δὲ
2505 3004 2700 3058 τούτου
2740 3000 3017 3070 ἐλεύθεροι
3036 2996 3371 3067 γεγόναμεν,
3399 2988 3671 3059 σεσῶσμε-

2100 3103 2192 3169 Θα,
2230 3101 2323 3155 καὶ
2356 3097 2725 3168 ἅνεζήσαμεν.

1990 3297 2130 3357 XIII.

961 3395 1087 3451 Alia
1117 3395 1478 3467 interrogatio.

2635 3391 2829 3457 Ἄλλη
2852 3387 3159 3457 ἐρώτησις.

1810 3506 2049 3557 Turriano
2092 3506 2397 3558 interprete.

1810 3506 1987 3556 Turria:

507 3604 572 3656 Α.
598 3601 845 3669 Quatuor
869 3607 999 3655 sunt
1059 3596 1285 3652 Christi.
1326 3594 1490 3649 Verbi
1532 3593 1727 3664 gratia,
1756 3506 1911 3647 citus
1942 3608 1987 3647 et

2098 3506 2421 3570 interprete.)

2179 3595 2243 3647 A.
2280 3591 2538 3662 Τέσσαρά
2567 3591 2702 3642 εἰσιν
2730 3589 2799 3641 τὰ
2826 3586 2918 3641 τοῦ
2953 3582 3216 3657 Χριστοῦ.
3245 3581 3386 3652 Φέρε
3412 3578 3607 3632 είπεῖν·
3642 3577 3674 3646 ἠ

440 3694 688 3765 Virgine,
753 3691 1033 3747 naturales
1067 3699 1121 3743 et
1167 3689 1326 3759 culpa
1370 3693 1628 3741 vacantes
1681 3683 2002 3753 passiones,

440 3803 576 3842 crux
607 3793 662 3841 et
686 3784 969 3854 passiones
1004 3781 1214 3844 crucis,
1241 3786 1295 3832 et
1323 3793 1493 3832 mors.
1526 3774 1650 3830 Haec
1675 3774 1838 3845 390
1865 3787 2005 3843 qua-

2109 3684 2361 3755 γέννησις
2416 3685 2445 3751 ἡ
2476 3685 2541 3735 ὲκ
2583 3679 2864 3750 γυναικὸς,
2901 3678 2970 3731 τὰ
3003 3676 3210 3746 φυσικὰ
3256 3672 3356 3727 καὶ
3385 3670 3677 3739 ἁδιάϐλητα

2049 3779 2056 3787 ’
2112 3776 2281 3847 ’πάθη⁹
2307 3778 2334 3828 ό
2381 3772 2612 3843 σταυρὸς
2635 3772 2731 3825 καὶ
2768 3770 2836 3822 τὰ
2861 3768 2984 3823 κατ’
3019 3765 3186 3849 αὐτὸν
3229 3763 3410 3834 ardea“
3458 3765 3489 3816 6
3522 3761 3677 3816 θάνα-

443 3887 570 3932 tuor
598 3876 818 3947 propria
879 3874 1106 3934 Christi,
1143 3870 1496 3924 transtulitne
1533 3869 1587 3920 in
1620 3867 1880 3935 seipsum,
1911 3876 1987 3918 aut

2108 3885 2220 3930 τος.
2264 3864 2449 3920 Ταῦτα
2473 3863 2543 3916 τὰ
2570 3863 2834 3933 τέσσαρα,
2881 3860 2949 3912 τὰ
2988 3857 3083 3912 τοῦ
3109 3855 3352 3927 Χριστοῦ
3389 3855 3524 3919 ἴδια,
3558 3868 3677 3922 μετ-

443 3967 647 4035 aliquid
678 3981 743 4019 ex
763 3957 904 4033 ipsis
938 3962 1081 4016 Deus
1121 3959 1401 4015 Verbum?
1442 3973 1510 4012 an
1538 3957 1669 4012 nihil
1699 3971 1889 4013 eorum
1919 3971 2006 4011 as-

445 4054 695 4123 sumpsit,
736 4054 993 4123 suscepit,
1035 4059 1090 4106 et
1115 4066 1211 4105 sua
1235 4049 1397 4105 fecit?

516 4233 579 4288 B.
611 4231 799 4287 Omnia
828 4230 1076 4303 profecto
1105 4227 1369 4300 suscepit,
1402 4242 1509 4281 non
1533 4224 1876 4288 naturaliter,
1915 4220 2008 4278 sed

449 4326 804 4383 meonomice.

519 4419 583 4473 A.
621 4417 773 4481 Esto,
816 4431 929 4471 non
985 4413 1329 4476 naturaliter,
1369 4410 1462 4466 sed
1497 4407 1868 4472 oeconomice;
1915 4405 2011 4461 sed

451 4524 637 4581 quaero
658 4519 841 4564 utrum
865 4522 1093 4571 vere,an
1128 4504 1287 4569 falso,
1315 4519 1382 4557 an
1419 4501 1686 4556 fallaciter
1710 4500 1734 4553 ἲ

398 4676 430 4704 ⁸
522 4603 582 4657 Β.
607 4601 846 4667 Minime,
876 4602 988 4656 imo
1014 4616 1160 4655 vere.

525 4696 589 4746 Α.
630 4692 799 4761 Igitur
857 4692 1092 4745 dicimus
1153 4688 1298 4759 quod
1337 4689 1481 4743 Deus
1523 4686 1764 4742 Verbum
1792 4699 1920 4739 vere
1950 4698 2015 4737 ex

2109 3957 2304 4027 έθηκεν
2330 3954 2490 4017 αὐτὰ,
2525 3953 2559 4023 ἦ
2590 3969 2643 4004 τι
2680 3949 2744 4014 ὲξ
2786 3949 2963 4002 αὐτῶν
2991 3949 3019 4001 6
3048 3946 3183 4008 Θεὸς
3217 3944 3396 4013 Λόγος
3438 3943 3527 4012 ἐφ’
3560 3944 3679 3995 ἐαυ-

2106 4049 2217 4113 τὸν,
2247 4047 2279 4117 ἢ
2308 4046 2462 4099 οὐδὲν
2490 4043 2670 4099 αὐτῶν
2697 4040 2980 4106 ἀνέλαϐεν,
3010 4038 3108 4092 καὶ
3138 4036 3459 4103 ἀνεδέξατο,
3491 4035 3587 4088 καὶ
3610 4035 3679 4086 οξ-

2146 4140 2377 4193 ειώσατο
2396 4153 2412 4202 ;

2108 4160 2412 4202 κειωσατο,

2179 4227 2239 4280 Β.
2274 4225 2383 4278 Ναὶ
2435 4223 2634 4289 πάντα,
2682 4222 2744 4275 οὐ
2798 4218 3064 4289 φυσικῶς,
3096 4217 3234 4272 ἀλλὰ
3261 4216 3459 4289 τρόπῳ
3487 4217 3682 4301 aluos?-

2111 4320 2261 4391 μίας.

2178 4412 2245 4465 A.
2274 4410 2385 4463 Καὶ
2418 4409 2556 4462 ἔστω
2588 4406 2832 4476 φυσικῶς
2855 4406 2920 4469 ⁸³,
2978 4403 3113 4457 ἀλλὰ
3138 4403 3241 4461 ,καὶ
3281 4400 3677 4471 οἰκονομικῶς·

2112 4502 2253 4570 πλὴν
2299 4499 2604 4569 ἁληθείᾳ,ἢ
2636 4498 2796 4567 μόνον
2828 4495 3101 4565 φαντασίᾳ
3162 4494 3258 4547 καὶ
3293 4494 3517 4564 ἀπάτῃς

2137 4580 2141 4589 ’
2183 4592 2243 4644 Β.
2280 4590 2434 4660 Οὐχὶ,
2469 4589 2583 4643 ἀλλ’
2603 4587 2838 4658 ἀληθῶς.

2183 4683 2247 4738 Α.
2279 4681 2489 4735 Οὐκοῦν
2519 4680 2778 4750 λέγομεν,
2820 4679 2903 4731 ὅτι
2947 4679 2974 4730 6
3018 4675 3153 4739 Θεὸς
3209 4675 3384 4742 Λόγος
3432 4672 3678 4740 ἐγεννήθη

456 4782 678 4851 Virgine
702 4782 921 4853 genitus
949 4790 1053 4847 est,
1113 4780 1364 4846 esurivit,
1388 4778 1607 4861 ‘sitivit,
1637 4776 1986 4843 naturalesqu

2123 4773 2339 4844 ἀληθῶς
2387 4774 2450 4826 ὲκ
2487 4771 2767 4840 γυναικὸς,
2805 4770 2901 4823 καὶ
2942 4769 3255 4839 ὲπείνησεν,
3298 4767 3394 4820 καὶ
3419 4765 3678 4834 ἐδίψησεν,

458 4874 739 4946 passiones
763 4873 971 4935 habuit,
999 4882 1051 4926 et
1082 4853 1481 4935 cruciﬁxusiel
1512 4877 1761 4923 mortuus
1790 4874 1894 4921 est.
1925 4863 1987 4918 lli

2120 4866 2213 4918 καὶ
2245 4863 2314 4916 τὰ
2362 4864 2564 4932 φυσικὰ
2621 4861 2776 4932 ἔσχεν
2833 4860 3002 4929 πάθη,
3042 4859 3137 4910 καὶ
3198 4856 3545 4927 ἐσταυρώθη,
3599 4853 3681 4905 καὶ

458 4944 841 5030 eonturbatus,
872 4971 925 5019 et
951 4970 1128 5018 tortus
1156 4964 1466 5023 hereticus,
1489 4961 1763 5017 clamavit.
1803 4957 1987 5013 Diccba

2120 4956 2413 5011 ἀπέθανεν.
2460 4955 2585 5007 Ἐπὶ
2605 4953 2818 5015 τούτοις
2841 4952 2897 5004 δὲ
2925 4950 3156 5022 θορυῦού
3166 4967 3333 5019 μενος
3377 4950 3475 5019 καὶ
3499 4944 3681 5016 Q0606-

460 5068 639 5116 autem
678 5060 791 5114 haec
845 5066 899 5113 et
937 5056 1166 5113 docebat
1202 5056 1505 5119 Abucaras,
1559 5040 1903 5120 distinguens
1937 5050 1987 5103 δι

2127 5065 2286 5118 μενος
2320 5049 2348 5100 6
2375 5044 2648 5116 αἱρετικὸς
2676 5042 2998 5112 ἀνέκραξεν.
3033 5040 3263 5106 Ἔλεγεν
3292 5039 3353 5093 δὲ
3386 5036 3558 5092 ταῦτα
3598 5034 3679 5087 καὶ

459 5152 723 5223 ψηφίδων,
786 5150 839 5205 id
900 5155 1005 5211 est,
1053 5148 1264 5202 minute
1302 5154 1360 5202 et
1402 5145 1696 5209 subtiliter,
1734 5142 1900 5196 veluti
1958 5157 1985 5194 a

2121 5136 2474 5207 ὲδογμάτιζεν
2520 5134 2931 5203 όἈ6ουκαρᾶς,
2964 5130 3053 5183 διὰ
3085 5130 3283 5199 ψήφων
3326 5122 3372 5154 ⁸⁸
3402 5126 3678 5195 ἀφρίζων.

460 5245 730 5299 calculum
749 5245 931 5298 omnia
958 5255 1241 5305 revocans,
1262 5238 1545 5308 explicans
1563 5252 1649 5291 res
1669 5243 1724 5289 et
1744 5242 2026 5303 perSonas:

566 5409 590 5434 ν
611 5398 798 5455 Matth.
828 5414 1012 5457 xxvm,
1033 5396 1118 5451 I8.

2123 5230 2219 5284 καλ
2240 5227 2515 5296 διασαφῶν
2548 5229 2615 5278 τὰ
2642 5225 2965 5296 πράγματα,
2994 5222 3086 5276 καὶ
3103 5221 3172 5273 τὰ
3199 5219 3491 5289 πρόσωπα,
3517 5213 3677 5275 καθὼς

1722 5500 1950 5555 νᾹΙὶΙᾹίί
2000 5496 2401 5551 LECTIONES.

535 5633 578 5662 ⁸⁸
601 5630 893 5696 ὴπάτηται.
974 5626 1017 5656 ³³
1052 5625 1211 5677 Τιιι·ι’.
1250 5624 1307 5674 οὐ
1341 5618 1601 5689 φυσικῶς.

1682 5615 1723 5647 "i
1755 5612 1913 5666 Turr.
1957 5611 2044 5662 διὰ
2069 5608 2334 5678 ψηφίδων.
2362 5607 2419 5659 (ἶ.
2458 5605 2513 5660 Β.
2548 5606 2731 5676 ’ζιήδων
2769 5605 2985 5659 vitiose.
