3912 6202
1447 193 1476 202 η

270 303 398 367 1537

1663 295 2072 356 OPUSCULA.

266 419 352 472 καὶ
390 415 471 485 τῷ
513 409 804 482 Ἀγαρηνῷ
851 408 1213 464 ὑποδεικνύων
1265 406 1439 476 ἔλεγε,
1487 407 1565 460 ὅτι
1617 406 1644 458 6
1697 407 1822 470 Θεὸς

1941 407 2075 461 sicut
2138 415 2325 461 contra
2384 407 2664 479 Agarenos
2713 409 3112 465 demonstravit
3169 411 3313 480 quod
3360 411 3502 470 Deus

289 509 386 562 .‘ibv
410 509 544 562 ἐγει.

289 512 306 526 .
329 511 348 556 ,
423 511 433 523 .
532 549 544 562 ,

265 513 291 562 ἱ
312 511 471 655 zEli-:1):
476 525 657 653 επάλιν
679 595 929 669 ἠρώτησε
951 593 1040 646 τὸν
1066 592 1423 664 Νεστοριανὸν
1458 593 1486 644 6
1501 591 1830 663 Ὀρθόδοξοςι

1930 498 2157 553 haberet
2208 498 2428 554 Filium.

2001 585 2216 640 Rursus
2275 586 2633 657 interrogavit
2702 587 3085 644 Nestorianum
3137 590 3498 648 Catholicus;

273 697 328 746 Ὁ
344 692 599 764 Χριστὸς,
617 692 735 762 ἦτοι
753 690 782 742 6
804 687 901 742 ἄνθ
912 703 1113 758 ρωπος,
1129 687 1186 738 ἐν
1206 689 1272 757 τῇ
1292 684 1472 756 κοιλίᾳ
1486 684 1586 754 τῆς
1609 683 1822 755 Μητρὸς

1941 676 2201 739 ΞΙιτίειυε,
2229 678 2281 732 id
2315 690 2419 742 est,
2444 679 2608 734 homo
2640 679 2692 734 in
2719 688 2907 735 ventre
2939 680 3129 737 Matris
3157 698 3268 737 suae
3297 698 3502 754 Cogno-

262 785 422 839 αὐτοῦ
455 785 721 854 ἐγνώρισε
747 781 840 835 τὸν
875 778 1007 833 Θεὸν
1045 778 1250 847 Λόγον;

328 879 388 930 Β.
440 876 598 946 Οὐχί.
653 875 788 927 Τότε
844 874 893 925 οἱ
959 870 1208 932 συνόντες
1253 868 1400 940 αὐτῷ
1452 867 1828 939 Νεστοριανοὶ,

229 970 580 1039 ,βλάσφημον
636 964 982 1037 ἡγησάμενοι
1029 961 1090 1014 τὸ
1153 960 1326 1032 ῥῆμα,
1375 960 1720 1031 ἐπετίμησαν
1753 959 1832 1029 τῷ

260 1057 357 1126 τῆς
416 1055 677 1125 αἱρέσεως
729 1050 908 1105 αὐτῶν
967 1047 1395 1117 ὑπερασπίζοντι
1455 1045 1669 1116 ἐξάρχω
1701 1047 1824 1098 ἐπι-

261 1147 427 1216 στίχῳ
476 1145 630 1208 τάξιν
680 1141 952 1211 ἐπέχοντι,
985 1138 1081 1192 καὶ
1104 1137 1418 1207 ἀπέστησαν
1453 1137 1546 1190 ἀπ’
1570 1135 1754 1190 αὐτοῦ.

447 1367 672 1431 Ἄλλος
711 1363 993 1432 διάλογος
1018 1361 1168 1429 πρὸς
1204 1361 1629 1430 Νεστοριανόν.

1812 1266 1955 1322 XIV.

1926 770 2004 823 vit
2041 768 2208 822 Deum
2250 768 2523 824 Verbum?

1999 860 2059 912 Β.
2098 858 2471 929 Nequaquam.
2531 859 2686 915 Tunc
2741 860 3075 928 Nestoriani,
3124 863 3217 933 qui
3249 864 3499 928 aderant,

1927 951 2179 1005 arbitrati
2213 951 2606 1021 blasphemiam
2636 967 2776 1014 esse,
2820 954 2965 1022 quod
3003 970 3322 1023 responsum
3360 963 3499 1016 erat,

1933 1041 2400 1111 reprehenderunt
2432 1043 2605 1106 illum,
2643 1044 2734 1112 qui
2771 1043 3020 1106 haeresim
3059 1043 3291 1099 Nestorii
3315 1043 3510 1099 defen-

1935 1133 2132 1199 debat;
2162 1142 2216 1190 et
2243 1135 2614 1191 discesserunt
2646 1135 2715 1190 ab
2747 1150 2832 1190 eo.

2331 1359 2590 1430 Dialogus
2625 1377 2744 1414 cum
2776 1359 3124 1418 Nestoriano.

1409 1475 1693 1538 (Francisco
1715 1475 1953 1526 Turriano
1977 1475 2298 1537 interprete.)

328 1593 387 1643 Β.
421 1589 520 1642 Διὰ
549 1587 600 1641 τί
649 1589 942 1642 Θεοτόκον
971 1585 1068 1654 τὴν
1119 1585 1340 1656 Μαρίαν
1379 1584 1698 1655 ὀνομάζετε,
1734 1585 1830 1637 καὶ

259 1682 376 1751 οὐχὶ
410 1680 606 1751 μᾶλλον
633 1677 1071 1747 Χριστοτόκον;
1094 1675 1372 1739 ἀπόδειξον
1402 1677 1465 1729 ἐκ
1491 1676 1588 1745 τῆς
1607 1675 1645 1726 Γ
1651 1673 1830 1746 ραφῆς

256 1772 354 1842 τὴν
389 1769 679 1823 Θεοτόκου
712 1768 916 1837 φωνήν.

325 1863 390 1916 Α.
435 1859 740 1924 Ἀπόδειξον
766 1857 823 1911 δέ
856 1874 946 1927 μοι
984 1856 1048 1908 σὺ
1079 1855 1199 1926 τὴν,
1230 1857 1628 1923 Χριστοτόκος
1660 1894 1673 1908 .

1996 1583 2056 1638 Β.
2091 1582 2272 1649 Quare
2319 1581 2542 1636 Mariam
2613 1583 2900 1636 Tlieotocon
2949 1583 3267 1649 nominatis,
3303 1592 3357 1640 et
3386 1601 3494 1641 non

1928 1677 2108 1744 potius
2163 1673 2577 1729 Christotocon?
2607 1674 2916 1729 demonstra
2973 1691 3039 1732 ex
3085 1677 3381 1746 Scriptor-is
3408 1693 3498 1733 vo-

1927 1779 2046 1820 cem
2073 1764 2388 1818 Theotocos.

1997 1857 2064 1912 A.
2101 1855 2425 1911 Demonstra
2450 1865 2505 1910 tu
2543 1855 2674 1909 mihi
2698 1869 2884 1910 vocem
2917 1854 3296 1911 Chrislotoeos.

325 1954 385 2006 Β.
417 1952 548 2006 Ναί⁸
589 1950 682 2004 τοῦ
726 1949 835 2019 γὰρ
874 1947 1050 2018 Ἰησοῦ
1083 1947 1383 2019 Χριστοῦὴ
1433 1948 1687 2018 γέννησις
1725 1945 1820 1999 06-

1998 1948 2060 2002 B.
2085 1944 2278 2000 Nonne
2307 1943 2432 2000 Jesu
2461 1945 2665 1999 Christi
2698 1946 2983 2014 generatio
3014 1946 3094 2000 sic
3128 1947 3284 2001 erat?
3313 1966 3333 1998 ι
3363 1947 3496 2011 Cum

257 2062 364 2108 τως
388 2039 475 2115 ἦν’
515 2062 532 2094 ι
576 2040 1024 2112 Μνηστευθείσης
1046 2039 1151 2110 γὰρ
1176 2040 1274 2108 τῆς
1319 2038 1540 2108 Μητρὸς
1569 2037 1758 2101 αὐτοῦ,
1798 2055 1816 2089 ι

258 2136 353 2189 καὶ
418 2136 486 2188 τὰ
554 2132 700 2204 ἑξῆς.
770 2129 981 2184 Οὐκοῦν
1047 2132 1079 2198 ἡ
1141 2129 1232 2181 τὸν
1310 2129 1521 2199 Ἰησοῦν
1592 2129 1826 2200 Χριστὸν

257 2227 596 2297 γεννήσασα,
657 2223 838 2294 δῆλον,
906 2223 989 2276 ὅτι
1056 2213 1454 2288 Χριστοτόὸιος
1517 2220 1826 2290 ὀνομασθή-

260 2332 434 2369 σεται.

327 2401 391 2454 Α.
435 2399 574 2467 Ἐγὼ
602 2399 702 2468 τὴν
733 2399 916 2469 φωνὴν
947 2399 1118 2470 αὐτὴν
1167 2398 1345 2470 ῥητῶς
1387 2399 1688 2470 λεγομένην
1728 2401 1829 2452 ἀπ-

258 2490 453 2560 ῄτησα,
481 2490 618 2558 ὅπερ
651 2489 746 2541 καὶ
779 2490 843 2542 σὺ
873 2489 992 2559 τὴν,
1044 2489 1351 2553 Θεοτόκος,
1380 2489 1509 2558 παρ’
1543 2488 1674 2558 ἐμοῦ
1699 2489 1826 2560 ἐζή-

219 2616 224 2618 -
258 2596 450 2648 τησας.
479 2579 543 2632 Ei
589 2579 648 2631 δὲ
674 2579 850 2650 τούτῳ
905 2578 982 2648 τῷ
1020 2578 1209 2647 τρόπῳ
1241 2579 1339 2649 τὴν
1366 2579 1639 2644 ἀπόδειξιν
1672 2581 1824 2649 ποιῇ,

256 2668 412 2737 κάγὼ
451 2671 540 2723 διὰ
563 2669 776 2740 μυρίων
808 2671 874 2723 ἐκ
918 2670 1017 2739 τῆς
1063 2669 1284 2738 Γραφῆς
1326 2672 1578 2739 χρήσεων
1609 2669 1825 2722 ἀποδει-

255 2763 433 2814 κνύων
482 2761 616 2815 Θεὸν
660 2762 754 2814 τὸν
806 2760 1060 2831 Χριστὸν,
1096 2761 1575 2828 συναποδείκνυμι,
1603 2762 1686 2813 ὅτι
1734 2762 1827 2813 καὶ

255 2858 290 2925 ἡ
317 2853 474 2908 αὐτὸν
492 2849 754 2914 τεκοῦσα,
779 2854 1066 2916 Θεοτόκος
1085 2851 1289 2918 ὀφείλει
1305 2851 1686 2921 ὀνομάζεσθαιο
1709 2851 1826 2914 πῶς

255 2945 364 3013 γὰρ
394 2943 454 2996 οὐ
483 2941 742 3000 Θεοτόκος
765 2942 798 3010 ὴ
828 2940 959 2993 Θεὸν
1004 2941 1116 2992 υἱὸν
1141 2940 1368 3009 Excedat;
1403 2941 1434 3009 ἢ
1466 2940 1606 3005 εἰπὲ,
1667 2940 1824 3011 εἴπερ

255 3036 480 3107 τολμᾷς,
510 3037 577 3106 τῇ
609 3033 704 3086 τοῦ
735 3032 1000 3103 βασιλέως
1035 3031 1224 3102 μητρὶ,
1268 3033 1350 3083 ὅτι
1389 3030 1501 3084 Οὐκ
1530 3031 1824 3100 ἐγέννησας

257 3126 507 3193 βασιλέα,
542 3123 637 3178 καὶ
662 3125 744 3177 ὅτι
763 3122 877 3175 Οὐκ
907 3118 956 3174 εἷ
991 3122 1176 3190 μήτηρ
1203 3121 1298 3173 τοῦ
1327 3119 1609 3189 βασιλέως.
1643 3120 1742 3172 Διὰ
1769 3120 1823 3172 τί

253 3215 315 3267 δὲ
341 3212 677 3282 καλουμένου
709 3210 876 3263 αὐτοῦ
925 3209 1101 3279 Ἰησοῦ
1133 3207 1392 3278 Χριστοῦ,
1417 3209 1478 3260 οὐ
1513 3209 1691 3269 καλεῖς
1725 3208 1824 3277 τὴν

1928 2041 2074 2096 enim
2105 2040 2431 2109 desponsata
2463 2046 2610 2094 esset
2638 2037 2809 2092 Mater
2878 2037 2999 2106 ejus
3027 2047 3074 2101 τ,
3120 2057 3140 2090 ›
3175 2045 3228 2093 et
3264 2056 3368 2112 qux
3409 2056 3497 2095 se-

1927 2137 2192 2201 quuntur.
2227 2129 2397 2198 Igitur
2431 2143 2553 2197 quae
2585 2126 2773 2198 genuit
2798 2126 2982 2182 Jesum
3022 2127 3324 2194 Christum,
3364 2145 3499 2184 sane

1927 2221 2283 2276 Christotocos
2321 2220 2713 2274 nominabitur.

1995 2399 2061 2452 A.
2097 2397 2211 2468 Ego
2269 2397 2411 2452 hanc
2455 2411 2668 2463 vocem,
2721 2410 2981 2465 expresse
3035 2395 3240 2450 dictam
3308 2396 3494 2464 petivi,

1927 2488 2070 2543 sicut
2095 2497 2150 2542 tu
2191 2502 2375 2542 vocem
2405 2486 2712 2541 Theolocos.
2737 2485 2894 2551 Quod
2932 2485 2978 2540 si
3009 2485 3074 2539 ad
3107 2486 3250 2538 hunc
3277 2486 3497 2538 modum

1928 2578 2297 2640 demonstras,
2331 2592 2430 2648 ego
2459 2577 2622 2633 etiam
2653 2591 2777 2630 cum
2824 2577 3048 2629 infinitis
3080 2575 3498 2630 aucreritatibus

1929 2669 2224 2739 Scripturae
2249 2669 2526 2724 Christum
2558 2669 2723 2723 Deum
2743 2683 2866 2725 esse
2883 2667 3072 2736 probo,
3100 2667 3257 2721 simul
3299 2667 3495 2736 probo,

1927 2775 2049 2830 quae
2078 2761 2254 2830 ipsum
2290 2760 2522 2830 peperit,
2557 2758 2754 2813 debere
2789 2759 3082 2813 Theotocou
3126 2759 3416 2821 nominari,
3444 2766 3500 2812 et

1927 2853 2200 2922 quomodo
2234 2867 2342 2905 non
2415 2850 2700 2904 Theotocos
2731 2851 2959 2905 dicenda
2989 2858 3092 2910 est.
3144 2865 3265 2920 quae
3327 2849 3498 2903 Deum

1928 2943 2095 2995 lilium
2132 2942 2343 2996 habet?
2386 2951 2480 2995 aut
2523 2941 2632 3006 die,
2668 2942 2715 2996 si
2742 2931 2932 3005 audes,
2972 2941 3131 2994 matri
3164 2940 3345 3009 regis:
3376 2939 3498 2994 Non

1925 3034 2160 3103 genuisti
2190 3049 2393 3104 regem,
2439 3049 2614 3103 neque
2649 3041 2824 3086 mater
2862 3033 3005 3102 regis
3035 3048 3114 3087 es.
3159 3033 3337 3097 Quare
3371 3047 3496 3086 cum

1925 3136 2155 3180 vocetur
2191 3123 2352 3180 Jesus
2413 3123 2688 3186 Christus,
2733 3139 2842 3177 non
2902 3138 3062 3178 vocas
3112 3122 3336 3178 Matrem
3376 3124 3497 3194 ejus

1926 3214 2229 3279 Jesutocon,
2271 3216 2363 3270 sed
2422 3215 2604 3282 potius
2652 3214 3022 3282 praetermisso
3055 3216 3231 3283 primo
3277 3217 3498 3271 nomine

255 3305 487 3376 Μητέρα
511 3303 677 3358 αὐτοῦ
720 3302 1142 3369 Ἰησουτόκον,
1173 3299 1307 3352 ἀλλὰ
1331 3298 1572 3370 ὑπερϐὰς
1602 3299 1694 3351 τοῦ
1729 3298 1822 3367 ’1η-

1941 3303 2054 3360 Iesu
2131 3319 2292 3359 vocas
2321 3304 2478 3373 39],
2534 3319 2651 3358 eam
2687 3303 3096 3358 Chrislotocou?
3135 3303 3291 3368 Quod
3332 3307 3498 3374 igitur

257 3395 354 3448 σοῦ
393 3394 584 3464 ὄνομα,
610 3391 900 3462 ὀνομάζεις
933 3389 1103 3460 αὐτὴν
1123 3388 1557 3456 Χριστοτόκονξ;
1581 3388 1718 3457 ὅπερ
1766 3385 1822 3440 δὲ

1941 3403 1991 3450 tu
2023 3395 2200 3450 fecisti
2228 3395 2282 3448 in
2327 3394 2549 3448 nomine
2601 3392 2780 3459 Jesus,
2812 3409 2934 3447 cum
2969 3395 3245 3462 praeterito
3279 3396 3497 3450 nomine

255 3485 324 3537 σὺ
364 3484 629 3552 ἐποίησας
673 3483 768 3535 ἐπὶ
806 3480 900 3534 τοῦ
929 3479 1127 3547 Ἰησοῦ
1157 3478 1417 3547 ὀνόματος
1449 3473 1823 3546 παραδραμὼν

253 3577 412 3642 αὐτὸ,
464 3575 559 3628 καὶ
612 3575 674 3627 τὸ
719 3571 978 3641 Χριστὸς
1039 3569 1417 3638 ἐκλεξάμενος,
1469 3567 1627 3620 τοῦτο
1667 3566 1822 3634 κάγὼ

251 3665 532 3734 πεποίηκα
578 3659 950 3732 παραδραμὼν
983 3659 1044 3712 τὸ
1094 3657 1346 3728 Χριστὸς
1395 3657 1581 3728 ὀνομα,
1618 3661 1710 3710 καὶ
1763 3657 1825 3709 τὸ

254 3755 406 3820 Θεὸς
433 3753 792 3823 ἐκλεξάμενος
813 3752 874 3805 τὸ
908 3751 1144 3822 πρῶτον,
1178 3751 1268 3804 καὶ
1304 3751 1513 3822 κύριον,
1556 3752 1648 3803 κοιλ⁵
1675 3750 1823 3817 ἐξαί-

254 3865 434 3919 ρετον.
485 3848 581 3900 Ἐκ
616 3847 723 3916 γὰρ
754 3845 848 3898 τοῦ
875 3845 1178 3914 κρείττονος
1214 3843 1432 3914 μέρους,
1479 3844 1578 3898 οὐκ
1607 3846 1670 3897 ἐκ
1726 3844 1820 3898 τοῦ

249 3941 514 4009 χείρονος,
550 3941 606 3992 αἱ
626 3937 988 4009 προσηγορίαι
1002 3935 1260 3996 τίθενται,
1296 3937 1390 3990 καὶ
1414 3935 1648 4006 μάλιστα
1674 3936 1823 4004 παρὰ

249 4031 362 4084 τῶν
389 4029 774 4093 ἐπαινούντων,
806 4031 902 4082 καὶ
922 4029 1087 4098 τιμᾷν
1111 4027 1471 4098 βουλομένων.

327 4123 388 4174 Β.
426 4121 567 4174 Ἀλλ’
603 4121 697 4173 ἐὰν
734 4119 873 4173 εἴπω
908 4119 1215 4184 Θεοτόκος,
1249 4119 1498 4188 ὲμφαίνω
1526 4121 1617 4173 τὸν
1648 4122 1822 4175 Πατέ-

252 4229 346 4282 ρα,
396 4211 600 4263 καὶτὸν
619 4210 765 4274 Υἰὸν,
799 4210 892 4264 καὶ
922 4209 980 4262 τὸ
1017 4208 1171 4276 ἆγιον
1200 4208 1424 4278 Πνεῦμα
1453 4209 1513 4276 ἐξ
1536 4212 1704 4282 αὐτῆς
1729 4230 1823 4281 γε·

249 4303 568 4374 γεννῆσοαι.
612 4302 669 4356 ’0
713 4301 822 4372 γὰρ
872 4301 1030 4368 Θεὸς,
1057 4300 1341 4365 ἀπολύτως
1378 4303 1690 4376 λεγόμενος,
1747 4307 1821 4375 μὴ

250 4395 534 4465 ἐπιφέρων
576 4394 635 4448 τὸ
668 4395 1026 4448 ὑποστατικὸν
1080 4395 1277 4465 ἰδίωμα
1310 4396 1409 4464 τῆς
1463 4399 1820 4467 πατρὸτητος,

248 4487 284 4556 ἢ
346 4485 442 4539 τοῦ
498 4486 838 4556 Πνεύματος,
888 4488 986 4556 τὴν
1048 4487 1208 4556 ἁγίαν
1256 4487 1382 4558 ὃλην
1439 4489 1643 4559 Τριάδα
1694 4492 1823 4562 ἐσή-

250 4597 448 4650 μανεν.

1923 3486 2074 3549 Jesu,
2112 3501 2310 3540 nomen
2379 3483 2579 3539 Christi
2627 3484 2862 3553 elegisti,
2912 3484 3014 3538 hoc
3045 3499 3144 3554 ego
3180 3486 3341 3538 etiam
3366 3487 3492 3552 feci,

1925 3577 2296 3647 praetermisso
2348 3575 2569 3630 nomine
2600 3573 2865 3640 Christus,
2899 3589 3097 3628 nomen
3150 3574 3293 3629 Deus
3357 3577 3494 3648 elegi

1924 3667 2187 3737 primum,
2216 3676 2271 3720 et
2298 3663 2602 3734 proprium,
2627 3671 2680 3718 et
2701 3663 2994 3718 excellens.
3026 3664 3071 3716 A
3100 3665 3322 3719 meliore
3351 3667 3492 3720 enim

1925 3765 2098 3826 parte,
2131 3770 2242 3810 non
2275 3771 2304 3808 a
2331 3754 2542 3809 minore
2571 3753 2959 3823 appellationes
2992 3753 3147 3818 ﬁunt,
3181 3769 3244 3809 ac
3273 3757 3491 3810 nomina

1924 3847 2280 3916 imponuntur
2310 3845 2378 3901 ab
2401 3845 2467 3900 iis
2497 3843 2796 3914 praesertim
2851 3845 2942 3914 qui
2966 3845 3206 3912 laudant,
3229 3854 3282 3902 et
3321 3847 3495 3902 hono-

1923 3952 2047 3992 rare
2077 3936 2285 3992 volunt.

1994 4144 2056 4196 Β.
2097 4141 2166 4194 At
2199 4141 2245 4195 si
2311 4139 2436 4193 dico
2494 4137 2809 4201 Tlaeotocon,
2860 4137 3128 4209 signiﬁco,
3165 4141 3401 4207 Patrem,
3441 4151 3495 4197 et

1921 4232 2140 4297 Filium,
2170 4240 2224 4286 et
2261 4229 2528 4300 Spiritum
2569 4237 2816 4283 sanctum
2845 4244 2909 4283 ex
2941 4232 3058 4297 ipsa
3105 4232 3319 4300 genitos
3351 4248 3492 4288 esse.

1922 4323 2026 4389 Qui
2057 4323 2201 4378 enim
2237 4321 2492 4375 absolute
2516 4319 2648 4372 dicit
2681 4318 2837 4381 Deus,
2868 4327 2920 4372 et
2950 4334 3054 4372 non
3088 4319 3292 4373 indicat
3329 4321 3496 4392 hypo-

1923 4414 2173 4469 staticam
2208 4411 2597 4481 proprietatem
2641 4409 3004 4478 paternitatis,
3046 4419 3141 4463 aut
3196 4411 3493 4474 ﬁliationis.

1925 4487 2019 4556 aut
2047 4501 2288 4571 Spiritus
2313 4500 2512 4566 sancti,
2575 4507 2744 4552 totam
2781 4497 3107 4553 Trinitatem
3143 4500 3490 4569 signiﬁcavit.

324 4695 392 4748 Α.
426 4693 539 4746 Οὐκ
584 4693 813 4763 εἴρηκας
843 4693 1061 4763 ἀληθὲς,
1096 4694 1233 4746 ἀλλὰ
1267 4694 1628 4764 προφασίζεις
1684 4713 1821 4766 προσ

1999 4703 2061 4755 Α.
2117 4700 2490 4769 Nequaquam,
2551 4698 2695 4768 quod
2765 4699 2926 4764 dicis,
2959 4714 3145 4754 verum
3193 4709 3316 4769 est;
3361 4705 3495 4772 quin

250 4785 454 4854 φάσεις
489 4787 544 4838 ἐν
582 4785 898 4856 ἁμαρτίαις·
927 4787 1048 4839 ἐπεὶ
1079 4785 1351 4853 ἀνάγνωθι
1398 4787 1498 4856 τὴν
1531 4788 1704 4859 ἀρχὴν
1733 4789 1830 4857 τῆς

251 4875 397 4944 πρὸς
442 4873 749 4943 Ῥωμαίους
790 4874 1111 4944 Ἐπιστολῆς
1136 4873 1370 4928 Παύλου.

328 4965 389 5018 Β.
442 4980 462 5013 ι
504 4962 712 5026 Παῦλος
739 4963 925 5027 δοῦλος
971 4963 1142 5033 Ἰησοῦ
1182 4964 1419 5035 Χριστοῦ
1463 4965 1658 5036 κλητὸς
1690 4967 1828 5020 ἁπό-

248 5055 448 5116 στολος
471 5055 855 5126 ἀφωρισμένος
883 5056 961 5118 εἰς
980 5055 1309 5123 Εὐαγγέλιον
1338 5056 1494 5112 Θεοῦ.
1523 5076 1541 5109 s

327 5147 392 5196 A.
442 5143 508 5196 Τί
565 5148 733 5210 ἐστιν,
789 5138 946 5208 0610;
991 5145 1018 5197 6
1073 5145 1225 5213 Θεὸς,
1287 5148 1457 5217 ἤγουν
1512 5149 1639 5202 ποία
1700 5149 1828 5202 ὑπό-

250 5256 481 5303 στασις;

327 5331 392 5383 Β.
434 5329 497 5381 'H
527 5329 699 5400 Τριάς
727 5330 844 5401 ὅλη.

326 5424 390 5474 Α.
446 5420 651 5490 Ὀρθῶς
712 5421 925 5490 ἐψεύσω
981 5423 1120 5476 κατὰ
1172 5422 1268 5492 τῆς
1318 5421 1510 5476 ἑαυτοῦ
1565 5424 1825 5495 κεφαλῆς.

264 5509 569 5577 Ἀνάγνωοι
604 5510 674 5565 τὰ
703 5511 953 5582 ἐχόμενα.

336 5701 565 5756 ιιιαιιιι.
605 5720 641 5768 ι,
683 5703 770 5757 l8.
879 5674 1091 5758 γίιοιη.
1125 5719 1161 5765 ι,
1195 5706 1246 5760 t.

1927 4795 2108 4866 porius
2158 4807 2391 4848 excusas
2452 4791 2830 4846 excusationes
2908 4791 2959 4843 in
3029 4793 3294 4860 peccatis.
3354 4795 3498 4869 Lege

1926 4885 2070 4939 enim
2100 4883 2426 4953 principium
2463 4882 2715 4951 Epistolze
2746 4880 2812 4934 ad
2845 4879 3140 4936 Romanos.

1997 4974 2059 5027 Β.
2094 4993 2111 5026 ι
2143 4973 2346 5027 Paulus
2405 4987 2594 5027 servus
2638 4971 2767 5027 Jesu
2829 4971 3030 5028 Christi
3079 4986 3396 5045 segregatus
3436 4973 3488 5031 in

1927 5066 2281 5136 Evangelium
2323 5062 2415 5118 Dei
2448 5072 2499 5116 1.
2541 5083 2558 5115 ι
3039 5135 3044 5139 ι

1996 5160 2060 5211 Α.
2091 5156 2228 5224 Quid
2266 5166 2349 5211 est
2388 5156 2492 5210 iste
2521 5153 2708 5209 Deus?
2739 5163 2792 5208 et
2813 5154 2991 5224 qualis
3027 5168 3256 5224 persona
3283 5156 3305 5208 ?

1998 5331 2054 5384 Β.
2085 5331 2220 5384 Tota
2255 5331 2516 5385 Trinitas.

1994 5427 2059 5479 A.
2104 5425 2269 5479 Recte
2301 5425 2564 5480 mentitus
2594 5439 2654 5479 es
2688 5424 2741 5477 in
2780 5431 2946 5492 caput
3006 5431 3180 5478 tuum.
3207 5422 3347 5495 Lege
3373 5441 3494 5494 (ius:

1925 5525 2250 5584 sequuntur.

3370 300 3502 364 15:38
3591 287 3599 294 ’
