3912 6202
473 276 605 345 1539

1664 254 2058 317 THEODORI
2090 250 2460 312 ΑΒΠΟΑΒίΕ

3562 235 3696 297 1540

533 387 597 441 B.
645 403 663 437 ι
697 381 852 448 Quod
877 383 1005 432 ante
1073 372 1404 446 promiserat
1445 381 1540 440 per
1567 366 1869 438 prophetas
1903 379 2037 420 suos

2208 362 2271 415 Β.
2312 379 2332 412 ι
2376 359 2443 413 '0
2470 352 2945 429 προεπηγγείλατο
2978 349 3066 403 διὰ
3087 346 3199 401 τῶν
3219 341 3513 415 προφητῶν
3546 343 3698 396 αὺτοῦ

468 481 523 532 in
554 438 857 544 Scripiuris
885 438 1095 525 sanctis
1124 464 1191 520 de
1224 462 1362 517 Filio
1385 438 1510 525 suo,
1545 458 1644 529 qui
1676 456 1853 512 factus
1874 464 1958 513 est
1986 457 2038 512 ei

2187 456 2464 528 ρΓραφαῖς
2493 452 2677 522 ἁγίαις
2704 449 2831 520 περὶ
2852 447 2953 501 τοῦ
2975 442 3111 498 Υἱοῦ
3144 439 3340 507 αὑτοῦ,
3375 438 3471 493 τοῦ
3494 439 3700 509 γενομέ-

466 584 533 625 ex
559 566 766 622 semine
790 560 961 617 David
992 556 1297 616 secundum
1328 566 1553 608 carnem
1587 560 1633 604 ι.
1668 568 1687 600 ι

534 660 602 713 Α.
635 656 776 722 Quid
823 654 1019 725 igitur?
1067 650 1124 705 Si
1180 647 1435 703 Christus
1468 655 1523 700 et
1563 642 1739 697 Filius
1762 655 1906 695 unus
1958 645 2042 694 est

468 757 673 806 sanctae
699 745 1005 808 Trinitatis,
1035 758 1146 799 non
1188 741 1342 795 vides
1400 737 1710 792 convictam
1739 749 1864 789 esse
1889 732 2044 786 mali-

471 840 601 894 tiam
637 837 824 891 tuam?
853 835 995 903 Lege
1041 833 1206 888 etiam
1265 826 1598 899 principium
1656 824 1722 878 ad
1764 823 2042 886 Hebraeos,

470 929 617 1001 quod
648 937 799 981 tuam
854 939 1071 994 quoque
1104 921 1300 976 malam
1350 929 1587 972 mentem
1640 915 1939 982 redarguit.
1982 911 2051 965 Et

474 1024 527 1076 in
548 1020 734 1075 multis
769 1018 906 1072 locis
941 1015 1239 1083 Scripturae
1273 1010 1434 1080 plane
1463 1008 1579 1062 haec
1606 1004 1834 1061 haeresis
1865 1003 2052 1060 redar-

474 1112 697 1182 guitur;
752 1119 1129 1177 saepenumero
1193 1102 1338 1155 enim
1404 1113 1605 1153 nomen
1642 1096 1785 1151 Deus
1827 1095 1895 1149 de
1942 1108 2052 1148 una

474 1217 712 1274 persona
743 1198 866 1254 Filii
892 1198 1118 1253 dicitur.
1148 1195 1326 1258 Sicut,
1349 1211 1368 1242 ‹
1395 1193 1680 1263 Deuserat
1699 1189 1936 1245 Verbum
1965 1199 2048 1240 ι.»

477 1294 544 1347 Et
561 1307 754 1349 rursus
776 1290 981 1344 Paulus
998 1288 1065 1342 de
1091 1285 1227 1339 Filio
1246 1284 1356 1338 ait:
1387 1302 1405 1334 ι
1438 1283 1543 1348 Qui
1561 1291 1646 1336 est
1673 1294 1839 1349 super
1868 1277 2055 1333 omnia

478 1385 623 1439 Deus
654 1384 707 1448 ι»,
740 1402 760 1434 ο
791 1388 845 1435 et
875 1380 980 1434 alia
1029 1375 1299 1447 ejusmodi
1359 1374 1618 1443 plurima.
1673 1369 1778 1425 Sed
1828 1383 1940 1422 non
1969 1374 2055 1423 est

479 1487 629 1527 nunc
673 1470 808 1524 mihi
859 1468 1027 1523 otium
1079 1464 1149 1519 ad
1218 1461 1627 1532 congerendum
1674 1458 2054 1512 auctoritates.

483 1561 590 1617 Sed
618 1561 688 1616 iis
744 1558 839 1627 qui
867 1557 1154 1612 veritatem
1180 1552 1486 1622 inquirunt,
1509 1558 1564 1605 et
1586 1563 1697 1604 non
1719 1546 2060 1603 cantentiose

482 1651 892 1715 contradicunt,
924 1648 1059 1704 satis
1079 1647 1192 1703 sint
1218 1646 1353 1700 haec.

2138 568 2233 605 νου
2266 550 2331 603 ὲκ
2352 549 2668 618 σπέρματος
2701 541 2861 596 Δαυτδ
2887 536 3035 594 κατὰ
3068 534 3273 607 σάρκα.

2209 644 2277 696 Α.
2306 640 2372 693 Τί
2393 635 2522 704 οὗνς
2560 637 2620 690 Ὀ
2652 633 2889 705 Χριστὸς
2917 629 3050 693 Υἱός
3067 630 3187 682 ἐστι
3210 627 3312 697 τῆς
3362 623 3527 694 ἁγίας
3556 620 3707 694 Toti-

2142 732 2268 798 δος;
2295 732 2429 803 ὁρᾷς
2474 729 2570 799 τὴν
2608 728 2708 798 σὴν
2747 721 3086 792 κακουργίαν
3116 718 3528 788 ὲλεγχομένην;
3570 714 3711 765 ’Δνάο

2145 823 2315 894 γνωθι
2334 823 2429 877 καὶ
2459 823 2558 891 τὴν
2582 820 2721 890 πρὸς
2737 814 3023 888 Ἐϐραίους
3047 830 3063 844 ο
3097 812 3192 866 καὶ
3214 810 3357 879 αὐτὴ
3386 808 3497 878 γὰρ
3517 804 3714 874 ἐλέγχει

2148 926 2244 967 σου
2275 913 2375 984 τὴν
2415 911 2728 966 κακόνοιανε
2756 907 2868 961 Καὶ
2897 903 3171 974 πολλαχοῦ
3199 901 3306 973 τῆς
3331 900 3484 962 θείας
3510 897 3719 967 Γραφῆς

2150 964 2515 1074 summes
2557 1003 2655 1067 τῆς
2701 998 2967 1069 αιρέσεως
3015 964 3272 1063 ελέγχοςί
3316 964 3584 1050 πολλάκις
3622 964 3761 1056 γὰρ⁸

2156 1093 2593 1163 μονοῦπόστατος
2622 1090 2705 1153 τὸ,
2737 1090 2904 1154 Θεὸς,
2935 1085 3130 1157 ὄνομα,
3158 1086 3247 1139 ἐπὶ
3283 1082 3382 1135 τοῦ
3421 1078 3559 1133 Υἱοῦ
3583 1077 3727 1145 λέγε-

2152 1203 2263 1239 ται.
2294 1185 2530 1254 Ὥσπερ,
2577 1201 2596 1233 ι
2638 1182 2749 1235 Καὶ
2780 1180 2914 1242 Θεὸς
2942 1171 3011 1248 ἦν
3041 1178 3070 1229 ὁ
3096 1176 3282 1244 Λόγος.
3319 1193 3339 1225 ι
3380 1172 3502 1226 Καὶ
3523 1169 3682 1221 πάλιν
3701 1168 3727 1217 6

2154 1275 2439 1337 θεσπέσιος
2469 1272 2680 1336 ιιαῦλός
2707 1287 2875 1342 φησιν
2904 1270 3039 1339 περὶ
3059 1267 3152 1321 τοῦ
3180 1265 3311 1319 Υἱοῦ
3338 1281 3353 1295 ·
3382 1282 3404 1315 ι
3449 1262 3513 1315 '0
3535 1260 3616 1315 ὢν
3645 1260 3732 1312 ὲπὶ

2156 1368 2374 1421 πάντων
2407 1366 2560 1430 Θεὸς,
2598 1383 2617 1416 ›
2656 1363 2753 1417 καὶ
2794 1362 2959 1432 ἕτερα
3009 1358 3232 1412 τοιαῦτα
3289 1354 3551 1408 πλεῖστα.
3597 1348 3735 1405 Ἀλλ’

2157 1456 2219 1509 οὐ
2253 1454 2418 1526 σχολή
2452 1471 2543 1525 μοι
2565 1452 2661 1507 νῦν
2692 1446 3051 1520 ἐπισωρεύειν
3080 1448 3182 1509 τὰς
3206 1446 3461 1516 χρήσειςο
3497 1439 3737 1525 πλήνγε

2158 1522 2416 1617 τοῖςττὴν-
2454 1522 2716 1616 αλήθειαν
2768 1539 3113 1612 ἐκζητοῦσιν.
3167 1539 3263 1592 καὶ
3313 1538 3414 1590 οὐκ
3438 1522 3739 1605 Epicrate};

2160 1638 2554 1705 ἀντιλέγουσιν,
2585 1634 2893 1690 ίκανούσθω
2912 1631 3106 1688 ταῦτα.

2032 1752 2155 1809 XV.

484 1859 637 1912 Alius
683 1856 943 1926 Dialogus
981 1862 1169 1907 contra
1214 1850 1528 1906 Nestorium
1581 1849 1851 1902 eruditum
1897 1846 2034 1918 (45).

2536 1841 2730 1899 Πάλιν
2745 1841 2749 1845 ’
2767 1839 2920 1908 πρὸς
2942 1833 3378 1902 Νεστοριανόν.

1777 1956 2039 2022 (Turriano
2058 1955 2377 2021 interprete.)
2418 1967 2422 1975 '

803 2046 868 2101 Α.
902 2044 1234 2100 Calholicus.
1264 2042 1329 2096 Β.
1362 2041 1744 2097 Nestorianus.

558 2140 622 2195 A.
646 2139 827 2206 Quare
850 2135 1101 2191 Christus
1138 2133 1341 2188 dicitur
1365 2131 1656 2188 Christus?

557 2231 619 2285 Β.
656 2229 793 2295 Quia
823 2228 975 2282 unxit
1001 2240 1124 2279 eum
1157 2224 1302 2278 Deus
1332 2223 1538 2293 Spiritu
1574 2230 1790 2277 sancto.

559 2323 625 2376 A.
656 2320 793 2386 Quis
857 2319 1026 2389 igitur
1060 2326 1145 2372 est
1196 2323 1419 2378 unctus,
1488 2313 1633 2371 Deus
1664 2308 1924 2378 Verbum,
1992 2324 2063 2366 an

490 2416 653 2468 homo
675 2413 699 2465 ?
1084 2470 1093 2475 η

559 2504 723 2574 392
752 2500 814 2556 Β.
846 2500 1003 2555 Absit
1061 2505 1131 2553 ut
1169 2497 1417 2551 dicamus
1471 2503 1693 2551 unctum
1721 2509 1846 2552 esse
1895 2494 2064 2549 Deum

494 2596 751 2659 Verbum,
781 2601 831 2647 et
861 2605 969 2645 non
998 2589 1298 2643 hominem.

562 2684 629 2736 A.
662 2681 837 2735 Homo
871 2680 1038 2751 igitur
1068 2685 1153 2733 est
1184 2685 1403 2731 unctus.
1460 2674 1518 2729 Si
1561 2675 1727 2744 igitur
1748 2673 1841 2744 qui
1869 2679 2067 2728 unctus

494 2781 579 2829 est
614 2774 730 2841 ipse
775 2780 858 2827 est
914 2770 1169 2824 Christus
1192 2805 1207 2830 .
1240 2767 1496 2821 Christus
1538 2776 1718 2820 autem
1754 2770 1838 2820 est
1870 2765 2065 2826 homo,

497 2872 552 2919 et
583 2864 725 2915 alius
762 2869 846 2915 est
902 2859 1042 2912 Deus
1070 2856 1313 2911 Verbum
1356 2862 1556 2925 praeter
1587 2855 1861 2909 hominem
1886 2863 2068 2908 vestra

498 2954 776 3026 opinione,
806 2951 1063 3005 Christus
1121 2948 1286 3017 igitur
1335 2946 1441 2999 ἀνὰ
1479 2945 1645 3016 μέρος
1697 2944 1832 3015 (46),
1877 2943 1932 2998 id
1965 2952 2069 3004 est.

497 3045 798 3102 secundum
831 3050 1039 3112 partem
1081 3046 1165 3100 est
1199 3037 1385 3092 homo.
1418 3033 1709 3101 Quomodo
1731 3050 1862 3105 ergo
1892 3041 1948 3089 et
1971 3048 2072 3088 vos

498 3137 628 3209 ipsi,
673 3145 727 3189 et
772 3133 910 3187 alios
956 3129 1169 3191 fallitis,
1222 3142 1349 3183 cum
1397 3126 1581 3183 dicitis
1620 3119 1919 3182 Christum~
1951 3140 2075 3182 esse

502 3227 671 3283 Deum
701 3235 756 3281 et
785 3220 1103 3277 hominem?
1232 3228 1235 3229 '

2472 2046 2521 2096 A
2538 2036 2916 2108 Ὀρθόδοεος,
2946 2037 2995 2089 Β
3016 2033 3449 2099 Νεστοριαγάς.

2230 2137 2297 2188 A.
2337 2132 2437 2186 Διὰ
2462 2133 2518 2185 τί
2544 2131 2764 2199 λέγεται
2791 2130 2821 2181 6
2855 2126 3089 2198 Χριστὸς
3112 2122 3419 2192 Χριστός;

2232 2227 2293 2279 Β.
2330 2226 2453 2277 Ὅτι
2474 2226 2691 2295 ἔχρισεν
2716 2220 2883 2274 αὐτὸν
2906 2221 2936 2273 6
2958 2218 3093 2280 Θεὸς
3122 2215 3412 2284 Πνεύματι
3443 2213 3607 2283 ἁγίῳ.

2233 2319 2295 2370 A.
2323 2316 2419 2387 Τίς
2444 2310 2537 2368 οὗν
2589 2315 2739 2366 ἐστιν
2775 2308 3090 2382 ὸχρισθεὶς,
3123 2308 3155 2361 6
3202 2304 3340 2368 Θεὸς
3387 2306 3585 2373 Λόγος,
3631 2303 3661 2373 ἥ
3707 2306 3735 2355 6

2164 2408 2261 2464 ἄνθ
2271 2423 2454 2479 ρωπος
2475 2423 2491 2472 ;

2233 2498 2297 2553 B.
2326 2496 2419 2567 Μὴ
2444 2493 2649 2562 γένοιτο
2676 2490 2858 2560 λέγειν
2888 2488 3058 2559 ἡμᾶς,
3077 2485 3161 2539 ὅτι
3187 2487 3216 2539 6
3242 2483 3383 2548 Θεδς
3411 2484 3583 2552 Λόγος
3601 2482 3737 2552 619i-

2165 2590 2289 2660 σθη,
2314 2587 2451 2641 ἀλλὰ
2485 2588 2515 2639 6
2542 2583 2859 2654 ἄνθρωπος.

2236 2680 2302 2732 A.
2329 2676 2654 2746 Ἀνθρωπος
2678 2669 2774 2726 οὖν
2799 2672 2947 2725 ἐστιν
2976 2671 3005 2723 6
3047 2667 3310 2740 χριστός·
3348 2667 3412 2720 Ei
3434 2666 3549 2737 γὰρ
3579 2667 3612 2718 6
3637 2682 3749 2735 χρι-

2169 2770 2335 2835 σθεὶς,
2367 2767 2531 2830 αὐτός
2582 2767 2731 2819 ἐστιν
2761 2765 2790 2817 6
2840 2760 3102 2834 Χριστὸς,
3136 2759 3420 2829 ἅνθρωπος
3464 2756 3526 2811 δὲ
3554 2758 3587 2809 6
3638 2772 3750 2826 χριο

2170 2860 2339 2924 σθεὶς,
2368 2858 2463 2911 καὶ
2483 2855 2671 2927 ἕτερός
2712 2854 2861 2905 ἐστιν
2898 2853 2927 2905 6
2953 2850 3086 2912 Θεὸς
3112 2849 3285 2917 Λόγος
3323 2846 3481 2917 παρὰ
3524 2846 3625 2899 τδν
3660 2846 3749 2898 ἀγ-

2168 2952 2384 3023 θρωπον
2408 2947 2529 3001 καθ’
2557 2945 2724 3015 ὑμᾶς,
2753 2946 2781 2997 6
2812 2942 3101 3012 ἄνθρωπος
3129 2939 3239 3009 ἄρα
3286 2939 3435 2992 ἐστὶν
3460 2938 3565 2992 ἀνὰ
3589 2936 3751 3019 μέμ

2167 3018 2474 3111 ὁ’Χριστός.
2516 3038 2582 3090 Τί
2630 3032 2725 3088 οὖν
2768 3032 2999 3095 ἑαυτοὺς
3044 3030 3143 3084 καὶ
3196 3028 3391 3092 ἄλλους
3436 3018 3754 3087 ἀπατῶντες

2168 3132 2380 3200 λέγετε,
2414 3131 2499 3183 ὅτι
2528 3129 2557 3181 ὁ
2586 3126 2850 3198 Χριστὸς,
2886 3122 3021 3184 Θεὸς
3048 3122 3144 3175 καὶ
3158 3119 3452 3191 ἄνθρωπός
3473 3121 3643 3183 tam;

2057 3328 2201 3387 XVI.

678 3434 914 3503 Quamio
954 3431 1021 3486 ab
1062 3429 1271 3500 infideli
1315 3428 1579 3484 Abucaraz
1612 3428 1903 3499 proposita.

2294 3423 2622 3493 Ἐρώτησις
2646 3421 2910 3477 ἀπίστου
2942 3418 3094 3487 πρὸς
3118 3416 3314 3470 αὐτὸν
3340 3411 3656 3483 γενομένη.

1820 3540 2086 3607 (Turriano
2108 3541 2438 3605 interprete.)

848 3636 914 3692 Α.
941 3634 1301 3689 Christianus.
1352 3631 1420 3686 B.
1451 3628 1722 3700 Infidelis.

536 3744 537 3755 π
571 3731 635 3785 Β.
662 3729 877 3790 Nonne,
926 3725 1130 3795 inquit,
1165 3723 1333 3778 Deum
1389 3723 1446 3776 in
1472 3721 1751 3786 omnibus,
1790 3727 1846 3777 et
1871 3720 2075 3789 ubique

503 3836 626 3878 esse
663 3818 894 3873 dicitis?

572 3913 640 3964 A.
672 3911 748 3963 Ita
778 3916 881 3962 est.

576 3999 638 4052 Β.
695 3999 823 4050 Erat
881 4002 1061 4047 autem
1114 3992 1369 4046 similiter
1415 3992 1471 4045 in
1511 4002 1705 4046 ventre
1741 3988 1982 4060 Virginis
2021 3999 2079 4044 et

508 4086 702 4140 Matris
729 4099 862 4138 suae.
901 4080 1047 4147 Quid
1081 4080 1246 4150 igitur
1275 4079 1512 4149 amplius
1542 4079 1597 4133 in
1622 4078 1716 4133 illa
1754 4079 1901 4133 fuit?

576 4268 642 4321 A.
676 4265 773 4320 Dic
805 4264 956 4325 mihi.
995 4278 1122 4319 cum
1145 4269 1201 4316 tu
1219 4261 1450 4331 cogitas,
1483 4270 1539 4316 et
1588 4269 1771 4315 mente
1819 4263 2078 4328 revolvis,

508 4374 573 4414 ac
601 4355 926 4413 consideras
969 4370 1058 4410 res
1112 4368 1250 4422 quas
1285 4352 1397 4421 jam
1428 4351 1675 4422 cognitas
1723 4354 1913 4416 habes,
1945 4368 2083 4424 quo-

510 4448 673 4505 modo
725 4462 822 4504 eas
869 4445 1170 4515 intelligis?
1224 4442 1705 4499 transferunturne
1755 4460 1844 4499 res
1873 4445 1980 4498 illae
2022 4444 2081 4498 in

510 4548 748 4595 mentem
785 4536 973 4590 tuam?
996 4551 1064 4589 an
1096 4537 1280 4604 potius
1306 4547 1458 4586 mens
1490 4541 1583 4586 tua
1612 4532 1679 4586 ad
1712 4533 1834 4587 illas
1858 4534 2083 4604 pergit?

583 4720 644 4774 B.
670 4718 823 4773 Mens
859 4731 977 4772 mea
1001 4717 1069 4770 ad
1088 4716 1209 4771 illas
1242 4713 1493 4785 pervadit
1511 4728 1716 4784 easque
1743 4715 2086 4785 contempla-

514 4811 667 4865 tione
693 4809 1070 4880 intelligentiaa
1092 4813 1324 4876 spectat.

586 4902 653 4956 Α.
681 4901 995 4956 Dicimusne
1043 4901 1207 4970 igitur
1268 4906 1503 4953 mentem
1531 4906 1680 4952 tuam
1723 4898 1778 4951 in
1808 4897 1996 4961 rebus,
2030 4897 2086 4950 in

2472 3632 2519 3681 Α
2551 3629 2584 3680 ό
2611 3622 2992 3693 Χριστιανὸς,
3018 3622 3066 3673 Β
3090 3622 3123 3673 6
3167 3619 3470 3680 Ἀπιστος.

2244 3722 2305 3773 Β.
2341 3716 2499 3789 Οὐχὶ,
2555 3717 2712 3789 φησι,
2748 3718 2805 3770 ἐν
2853 3702 3012 3779 πᾶσι,
3044 3712 3140 3765 καὶ
3189 3705 3470 3787 πανταχοῦ
3510 3703 3605 3757 τὸν
3633 3702 3760 3755 Θεὸν

2177 3810 2316 3866 εἶναι
2351 3811 2540 3879 λέγετε
2561 3826 2577 3876 ;

2247 3905 2313 3957 A.
2348 3901 2477 3958 Ναί.

2250 3996 2309 4048 Β.
2384 3989 2660 4052 Ὡσαύτως
2716 3989 2813 4043 καὶ
2878 3989 2935 4040 ἐν
2982 3989 3049 4057 τῇ
3108 3982 3291 4051 κοιλίᾳ
3329 3977 3401 4051 ἦν
3465 3979 3760 4050 Παρθένον,

2180 4089 2274 4139 καὶ
2313 4085 2537 4155 Μητρὸς
2585 4081 2775 4139 αὑτοῦ.
2828 4081 2896 4133 Τί
2955 4074 3051 4131 οὖν
3108 4076 3173 4128 τὸ
3218 4074 3493 4144 περισσὸν
3536 4074 3596 4125 ἐν
3630 4070 3761 4123 ὲκεί-

2179 4192 2275 4251 νῐὶὲ
3674 4214 3681 4217 ,

2250 4269 2315 4321 A.
2350 4267 2487 4320 Εἰπέ
2541 4280 2668 4337 μοι·
2716 4262 2798 4318 ὅτ’
2847 4262 2915 4317 ἂν
2961 4262 3148 4330 έννοῇς
3203 4256 3301 4311 καὶ
3350 4254 3656 4324 ἁναλογίζῃ
3702 4253 3761 4303 τὰ

2182 4358 2284 4428 ἤδη
2347 4376 2429 4410 σοι
2472 4354 2846 4427 γεγεννημένα
2875 4354 2921 4385 ⁸⁸
2979 4351 3307 4424 πράγματα,
3365 4349 3490 4410 πῶς
3522 4345 3664 4399 αὖτά
3693 4347 3760 4394 ἐν-

2182 4452 2364 4515 νοεῖς;
2415 4450 2523 4501 τῶν
2581 4446 2927 4518 πραγμάτων
2966 4443 3195 4496 ἐκείνων
3244 4444 3307 4494 ὲν
3334 4440 3416 4510 τῷ
3462 4439 3543 4509 σῷ
3565 4437 3645 4490 νοτ
3678 4452 3759 4504 μευ

2182 4538 2597 4611 ταχωρούντων,
2649 4538 2683 4609 ἢ
2743 4537 2946 4608 μᾶλλον
2977 4534 3074 4589 τοῦ
3109 4533 3204 4587 σοῦ
3237 4532 3363 4596 νοὸς
3408 4529 3551 4601 πρὸς
3592 4530 3757 4582 ἑκεῖνι

2183 4624 2567 4691 διαφοιτῶντος
2584 4641 2600 4691 ;

2257 4716 2318 4769 Β.
2350 4716 2458 4769 Τοῦ
2483 4716 2601 4778 νοός
2632 4726 2732 4785 μου
2763 4714 3046 4784 διήκοντος
3068 4713 3152 4775 είς
3174 4701 3387 4770 ἐκεῖνα,
3420 4708 3521 4761 καὶ
3544 4710 3610 4777 τῇ
3636 4703 3756 4776 πρὸς

2187 4808 2506 4879 νοερότητος
2532 4806 2739 4878 θεωρίᾳ
2768 4803 3203 4866 κατοπτεῦοντος
3230 4800 3517 4872 δηλονότι.

2261 4899 2322 4951 Α.
2364 4898 2613 4966 Λέγομεν
2640 4893 2734 4951 οὖν
2771 4897 2863 4948 τὸν
2921 4894 3012 4947 σὸν
3064 4892 3212 4956 νοῦν,
3249 4892 3350 4945 καὶ
3395 4893 3457 4944 ὲν
3483 4889 3596 4950 τοῖς

519 4992 722 5062 quibus
752 5000 1017 5055 versatur,
1050 4998 1103 5044 et
1130 5004 1267 5059 quas
1297 4989 1609 5053 meditatur,
1637 4988 1894 5043 similiter
1922 4996 2063 5059 atqm

2187 5006 2412 5059 γμασιν,
2444 4993 2501 5043 ὲν
2527 4986 2609 5053 οἷς
2640 4990 3039 5061 ἀναστρέφεται
3064 4986 3161 5041 καὶ
3184 4984 3494 5054 ἀδολεσχεῖ,
3516 4976 3651 5034 εἶναι
3674 4976 3759 5030 καὶ

581 5136 603 5164 ι
639 5125 799 5179 Rom.
846 5138 889 5184 ι,
920 5122 975 5179 3.
1090 5132 1115 5161 ι
1141 5118 1303 5173 Joan.
1334 5134 1373 5183 ι,
1409 5121 1458 5173 1.
1572 5119 1600 5157 h
1629 5116 1790 5173 Rom.
1822 5135 1898 5182 ix,
1926 5120 1980 5174 5.

1787 5207 2023 5264 νΑιιιΑε
2061 5208 2463 5265 LECTIONES.

598 5314 643 5343 “
679 5314 805 5365 fort.
852 5309 1202 5380 Ἐγνωσμένα
1233 5308 1317 5360 vel
1369 5304 1771 5374 ὲγνωρισμένα.

1993 5392 2224 5448 ΝΟΤᾹΞ.

600 5497 712 5565 (45)
742 5496 903 5550 Deest
932 5498 985 5550 in
1021 5506 1209 5550 nostro
1239 5494 1431 5549 Graeco
1457 5492 1671 5565 codice.

600 5498 690 5565 (45
742 5498 903 5550 Deest
932 5498 985 5550 in
1021 5506 1209 5550 nostro
1239 5498 1431 5549 Graeco
1457 5498 1671 5547 codice.

600 5498 712 5639 (ιθξ
754 5565 884 5639 Hoc
913 5574 1238 5639 argumento
1307 5564 1656 5639 redarguitur
1687 5557 2095 5639 .Ncstorianus,

532 5626 656 5691 eum
688 5626 799 5689 non
833 5626 1295 5698 dicitIChristum
1331 5651 1454 5690 esse
1473 5626 1595 5687 ’ἀνὰ
1634 5630 1798 5701 μέρος
1832 5626 2089 5685 Verbum;

2201 5495 2253 5542 cl
2285 5484 2387 5539 ἀνὰ
2426 5484 2590 5556 μέρος
2620 5482 2921 5556 hominem,
2970 5478 3024 5536 id
3055 5487 3158 5546 est,
3199 5493 3269 5535 ex
3306 5489 3465 5549 parte
3513 5478 3741 5537 Verbum

2202 5566 2253 5609 et
2288 5573 2350 5609 ex
2387 5554 2539 5625 parte
2575 5554 2875 5608 hominem.
