3912 6202
274 325 388 392 1541

1677 324 2062 386 OPUSCULA
2076 372 2089 384 .

3387 320 3523 387 1542

269 444 317 491 ἐν
345 439 451 499 σοὶ,
493 435 608 491 ἀλλ’
639 434 739 504 οὐχ
775 432 976 504 ὁμοίως
1021 431 1077 484 ὲν
1110 430 1210 497 σοὶ,
1247 429 1341 485 xui.
1370 429 1426 482 ὲν
1457 429 1707 492 ἐκείνοις.
1746 428 1831 482 Ἑν

1962 445 1993 482 n
2020 436 2073 484 te
2099 427 2255 483 esse?
2286 427 2510 484 Minime
2536 444 2549 493 ;
2598 429 2650 482 in
2685 437 2738 483 te
2780 428 2925 483 enim
2956 428 3110 484 unita
3143 445 3299 487 mens
3321 441 3403 490 cst
3429 448 3519 489 sr-

268 532 341 585 σοὶ
367 530 467 602 μὲν
498 530 606 601 γὰρ
652 526 925 589 οὐσιωδῶς
960 524 1242 595 ἡνωμένος
1282 524 1453 587 ἐστὶν,
1504 524 1563 576 ὲν
1609 523 1839 584 ἐκείνοις
1884 574 1893 585 ,

265 622 313 676 δὲ
337 621 434 692 οὐχ
454 621 646 680 οὓτως.
679 616 837 672 Οὕτω
861 632 949 686 μοι
980 615 1055 678 ὡς
1082 613 1711 684 ὲξνὺποδείγματοςξνὸει
1747 612 1839 665 τὸν

266 712 388 766 θεὸν
414 711 587 781 Λόγον
609 707 668 764 é'v
692 711 760 780 τῇ
788 708 893 779 ἰδίᾳ
919 707 1108 778 σαρκὶ,
1142 707 1235 758 καὶ
1256 705 1493 776 ὁπηνίκα
1522 706 1580 757 ὲν
1605 708 1670 777 τῇ
1702 723 1839 775 παρ-

267 806 443 875 θενικῇ
476 805 662 875 μήτρᾳ
688 797 781 871 ἦν,
810 801 905 853 xui
929 798 1068 869 μετὰ
1101 797 1191 850 τὸν
1223 797 1381 850 τόκον
1412 797 1684 862 οὒσιωδῶς
1713 799 1833 851 καθ’

265 896 554 950 ὑπόστασιν
589 894 891 963 ἡνωμένον,
928 890 1024 943 xui
1075 888 1518 960 σεσαρκωμένον,
1555 889 1652 943 xui
1702 907 1839 944 παν-

264 986 419 1058 ταχοῦ
442 989 508 1056 τῇ
533 985 762 1056 προνοίᾳ
792 982 889 1036 xui
934 981 1188 1053 ἐνεργείᾳ
1236 981 1296 1034 τὸ
1326 982 1434 1034 πᾶν
1462 980 1716 1034 διέποντα
1745 982 1840 1034 xui

262 1076 673 1147 διακρατοῦντα·
700 1073 819 1129 ἀλλ’
844 1074 904 1127 οὐ
926 1071 1006 1142 τῷ
1037 1071 1183 1141 αὐτῷ
1208 1075 1264 1125 ἐν
1290 1074 1355 1143 τῇ
1392 1071 1499 1143 ίδὶᾳ
1529 1070 1718 1141 σαρκὶ,
1743 1071 1839 1125 xui

262 1168 315 1220 ὲν
329 1167 403 1238 τῷ
428 1166 612 1220 παντί·
643 1167 738 1219 xui
765 1165 875 1235 γάρ
909 1165 1064 1235 φέρει
1098 1165 1167 1216 τά
1188 1164 1366 1219 πάντα
1393 1163 1469 1233 τῷ
1503 1164 1710 1234 ῥήματι
1738 1165 1838 1232 τῆς

260 1261 535 1331 δυνάμεως
576 1257 740 1312 αὐτοῦ
769 1257 837 1310 ⁸⁸.
895 1257 954 1309 '0
996 1256 1126 1320 Θεὸς
1161 1256 1238 1320 δὲ,
1266 1256 1359 1308 xui
1398 1255 1537 1327 ὑπὲρ
1568 1256 1675 1308 πᾶν
1705 1254 1837 1307 ὑπό-

259 1352 453 1422 δειγμά
483 1353 621 1417 ἐστι,
683 1350 779 1403 xui
817 1348 1089 1419 ἐμφάσεις
1130 1348 1283 1411 τινὰς
1330 1347 1568 1417 νοήσεων
1607 1348 1672 1400 ὲκ
1727 1346 1836 1400 τῶν

258 1445 420 1497 ὅντων
472 1441 826 1512 λαμϐάνομεν
857 1442 949 1493 ἐπὶ
975 1439 1072 1493 τοῦ
1102 1439 1243 1509 ὑπὲρ
1273 1439 1343 1493 τὰ
1388 1438 1521 1492 ὅντα
1547 1436 1644 1491 xui
1677 1453 1837 1509 ποιη-

256 1536 345 1588 τοῦ
365 1533 474 1589 τῶν
495 1534 684 1589 ὄντων.

1937 521 2175 575 cundum
2208 521 2610 587 substantiam;
2650 523 2705 576 in
2739 522 2902 577 rebus
2942 538 3073 578 vero
3123 523 3255 593 ipsis
3281 541 3390 580 non
3422 527 3517 582 ita.

1939 611 2051 671 Sic.
2083 614 2315 683 exempli
2343 628 2534 679 causa,
2558 615 2804 684 intellige
2844 614 2977 671 mihi
3012 615 3179 670 Deum
3209 616 3444 673 Verbum
3467 628 3521 674 et

1937 704 1991 757 in
2030 705 2252 774 propria
2309 721 2494 772 carne,
2536 716 2590 760 et
2619 706 2844 776 quando
2896 717 3013 761 erat
3048 708 3100 762 in
3134 720 3324 764 ventre
3352 711 3521 781 virgi-

1936 796 2073 861 nali,
2097 804 2151 851 et
2186 805 2310 868 post
2340 807 2557 867 partum
2580 800 2883 855 secundum
2923 801 3287 855 substantiam
3345 811 3398 855 et
3431 803 3522 874 hy-

1937 891 2202 958 postasim
2258 890 2499 954 unitum,
2545 900 2602 946 et
2646 890 2991 944 incarnatum
3018 908 3033 958 ;
3065 900 3118 946 et
3149 892 3356 961 ubique
3399 909 3522 947 esse

1936 980 2279 1050 providentia
2321 990 2373 1037 et
2400 981 2723 1051 operatione
2748 984 3067 1037 universum
3122 983 3518 1052 gubernantem

1936 1081 1991 1128 et
2024 1072 2394 1128 continentem
2418 1074 2553 1142 (47),
2582 1087 2692 1127 non
2717 1079 2977 1143 tanquam
3010 1074 3172 1129 aliter
3188 1075 3517 1138 substantia,

1938 1162 2095 1217 aliter
2133 1164 2472 1232 operatione.
2535 1156 2652 1217 Non
2689 1164 2833 1218 enim
2882 1163 2936 1217 in
2964 1164 3171 1237 νοεροίς
3210 1163 3521 1219 substantia

1940 1255 2008 1310 ab
2033 1255 2360 1324 operatione
2404 1261 2659 1325 separata
2716 1266 2820 1317 est,
2852 1255 2945 1308 sed
2986 1256 3040 1309 in
3080 1254 3270 1311 eodem
3308 1256 3430 1325 ipso
3464 1258 3520 1310 in

1939 1348 2164 1418 propria
2227 1362 2395 1403 carne
2450 1347 2750 1403 secundum
2825 1346 3169 1417 hypostasim
3206 1348 3342 1418 (4.8),
3378 1349 3522 1403 etin

1938 1440 2202 1494 universo
2229 1456 2244 1505 ;
2271 1438 2414 1494 Deus
2470 1447 2652 1493 autem
2691 1453 2856 1507 supra
2889 1453 3054 1493 omne
3074 1439 3384 1509 exemplum
3417 1448 3522 1504 est;

1939 1530 2193 1603 quamvis
2227 1532 2371 1585 enim
2407 1530 2677 1600 quasdam
2701 1545 2920 1593 manus,
2939 1538 2992 1584 et
3019 1530 3332 1602 adjumenta
3364 1531 3526 1587 intel-

259 1630 484 1701 ligentire
511 1644 541 1684 e
564 1628 732 1683 rebus
764 1625 1073 1696 accipimus
1105 1626 1160 1679 in
1183 1630 1412 1681 auctore
1433 1624 1705 1690 omnium,
1731 1625 1826 1695 qui
1853 1640 2023 1696 supra
2081 1626 2271 1682 omnia
2321 1634 2443 1691 est,
2491 1640 2601 1678 non
2630 1633 2810 1677 tamen
2885 1622 3027 1676 κατὰ
3070 1622 3255 1688 ταύτό,
3320 1622 3376 1677 id
3441 1626 3526 1679 est

257 1726 551 1782 secundum
587 1725 730 1780 idem
764 1723 941 1794 ipsum
966 1722 1395 1779 existimandum
1435 1730 1518 1777 est
1547 1736 1670 1803 esse
1696 1721 1804 1777 hoc
1843 1722 1989 1793 quod
2019 1722 2203 1776 omnia
2236 1735 2359 1791 quae
2392 1730 2521 1776 sunt
2548 1733 2715 1788 supra
2740 1718 3107 1774 substantiam
3130 1718 3386 1787 jsuperat.

1817 1840 1980 1896 XVII.

290 1922 382 1989 ΙΖί.
410 1959 479 1977 -μ
502 1935 795 2004 Ἐρωτήθη
816 1934 861 1968 ⁸⁷
886 1933 1242 2004 Ἀϐουκαρᾶς
1272 1938 1409 2004 παρτ
1439 1935 1701 1990 ἀπίστου
1724 1936 1795 1993 ⁸⁸.

2050 1934 2212 2005 393
2251 1934 2489 2001 Quwstio
2509 1932 2575 1987 ab
2596 1931 2803 2000 inﬁdeli
2829 1930 3094 1985 Abucara:
3118 1930 3414 1999 proposita.

1550 2049 1857 2113 (Interprete
1877 2048 2163 2111 Turriano.)

324 2136 382 2191 Β.
417 2136 542 2199 Πῶς
591 2135 687 2189 τοῦ
719 2136 958 2208 Χριστοῦ
991 2137 1206 2208 τρανῶς
1266 2139 1717 2209 ἀποφηναμένου,
1754 2139 1831 2191 ὅτι

2007 2138 2070 2193 Β.
2104 2135 2416 2203 Quomodo,
2473 2150 2596 2189 cum
2649 2132 2905 2188 Christus
2944 2131 3093 2186 clare
3117 2128 3268 2186 dicat
3292 2140 3347 2185 et
3398 2145 3525 2199 pro-

260 2248 280 2280 .
324 2229 380 2280 ὀ
413 2226 489 2299 μὴ
518 2226 806 2296 γεννηθεὶς
837 2227 899 2293 ἐξ
922 2227 1115 2290 ὓδατος
1169 2229 1265 2281 καὶ
1299 2228 1641 2299 ﬂveﬁemc»
1667 2230 1727 2282 οὐ
1761 2228 1837 2300 μὴ

255 2319 471 2392 εἰσέλθῃ
514 2320 595 2382 είς
635 2318 738 2388 τὴν
779 2318 1061 2389 βασιλείαν
1090 2320 1202 2373 τῶν
1250 2320 1519 2392 οὐρανῶν,
1560 2339 1577 2372 ι
1614 2321 1837 2375 δυνατόν

256 2409 371 2459 ὲστι
399 2407 526 2469 τοὺς
560 2407 667 2477 πρὸ
700 2410 801 2477 τῆς
831 2408 1134 2479 παρουσίας
1154 2407 1321 2461 αὐτοῦ
1352 2409 1594 2474 δικαίους
1630 2411 1704 2482 μὴ
1737 2409 1836 2480 βα-

258 2496 579 2558 πτισθέντας
609 2496 873 2551 εἰσελθεῖν
899 2500 978 2562 είς
1000 2499 1202 2568 αὐτήνς

325 2590 390 2639 Α.
410 2587 520 2639 Kui
536 2586 835 2659 ἀπεκρίθη·
868 2588 925 2643 Ὀ
944 2589 1182 2660 Χριστὸς
1201 2590 1344 2659 ὑπὲρ
1375 2590 1599 2644 ἐκείνων
1617 2590 1840 2644 ἐϐαπτί-

256 2673 381 2746 σθη,
402 2675 595 2747 ὥσπερ
627 2679 721 2731 xui
747 2679 1020 2733 ἀπέθανεν
1043 2681 1182 2751 ὑπὲρ
1209 2683 1449 2736 πάντωνο
1483 2701 1502 2733 ι
1542 2680 1683 2750 Ἐγὼ
1708 2682 1837 2752 γὰρ,

253 2768 438 2838 φησὶν,
477 2770 717 2838 ἐμαυτὸν
747 2773 962 2839 ἁγιάζω
1013 2758 1156 2844 ὑπὲρ
1209 2766 1408 2827 αὐτῶν.
1451 2794 1469 2827 ι
1525 2775 1671 2845 Πλὴν
1704 2776 1842 2829 ἀλλά

252 2854 347 2908 xui
381 2856 714 2924 σωματικῶς
744 2858 1175 2931 ἐϐαπτίσθησαν.

324 2944 386 2999 Β.
423 2944 549 3007 Πῶς
577 2944 737 2999 τοῦτο
761 2945 1023 3015 δυνατόν;

326 3037 389 3090 Δ.
422 3037 536 3089 υὺκ
589 3033 758 3103 οἶδας,
819 3038 901 3092 ὃτι
951 3040 1015 3093 οὐ
1069 3037 1251 3111 πάντη
1298 3040 1350 3093 oi.
1400 3041 1841 3113 ἀποθνήσκοντες

255 3128 618 3195 ἀπόλλυνται,
656 3130 773 3184 ἀλλ’
819 3129 878 3182 ἐν
917 3134 1034 3195 τοῖς
1075 3133 1363 3204 στοιχείοις
1404 3135 1750 3199 ἀναλύονται,
1781 3137 1843 3200 ἐξ

254 3211 333 3271 ὧν
364 3220 455 3273 καὶ
483 3216 847 3291 συνετέθησαν
868 3239 885 3290 ;

328 3310 389 3365 Β.
420 3309 607 3376 Οὕτως
634 3312 770 3383 ἔχει.

329 3406 394 3456 Α.
423 3402 739 3473 Γέγραπται
794 3402 872 3470 δὲ,
921 3404 1006 3457 ὅτι
1061 3406 1349 3476 κεντηθεὶς
1411 3408 1479 3478 τῇ
1525 3405 1697 3479 λόγχῃ
1746 3407 1844 3479 τὴν

1940 2230 2160 2284 nuntiet
2196 2245 2211 2283 :
2258 2247 2280 2281 ι
2307 2225 2413 2295 Qui
2444 2243 2552 2281 non
2581 2235 2666 2281 est
2697 2231 2860 2281 natus
2908 2239 2977 2280 ex
3026 2237 3169 2293 aqua
3223 2230 3279 2278 et
3308 2220 3522 2292 Spiritu

1939 2331 2158 2387 sancto,
2183 2337 2292 2377 non
2318 2320 2546 2376 intrabit
2572 2321 2629 2374 in
2655 2334 2882 2389 regnum
2899 2317 3165 2373 caelorum
3184 2326 3266 2381 0,)
3289 2314 3407 2369 ﬁeri
3425 2330 3525 2383 po-

1940 2424 2050 2471 test
2095 2415 2274 2484 utqui
2302 2421 2428 2468 ante
2458 2413 2755 2468 adventum
2783 2410 2905 2481 ejus
2943 2410 3171 2465 fuerunt
3221 2406 3384 2477 justi,
3413 2422 3523 2460 nou

1940 2506 2202 2577 baptizati
2245 2506 2298 2560 in
2338 2506 2392 2560 id
2427 2503 2849 2575 ingrediantur?

2008 2598 2074 2652 A.
2118 2597 2257 2664 Quia
2289 2597 2546 2651 Christus
2579 2610 2680 2666 pro
2710 2594 2819 2648 illis
2858 2592 3168 2663 baptizatus
3207 2599 3313 2646 est.
3359 2608 3377 2641 ι
3413 2588 3527 2665 Ego

1939 2686 2107 2751 enim,
2170 2686 2384 2756 inquit,
2447 2700 2548 2755 pro
2607 2685 2718 2739 illis
2771 2683 3061 2739 sanctiﬁco
3112 2680 3382 2751 meipsum
3411 2677 3461 2732 ἀ.
3501 2699 3518 2731 ι

1939 2778 2209 2832 Caeterum
2249 2776 2603 2848 σωματικῶς,
2638 2777 2688 2831 id
2723 2784 2831 2841 est,
2855 2774 3188 2845 corporibus
3233 2772 3402 2828 etiam
3427 2772 3525 2827 ba~

1941 2867 2127 2936 ptizati
2155 2876 2307 2922 sunt.
2751 2882 2755 2886 ’

2010 2953 2072 3006 Β.
2107 2953 2394 3019 Quomodo
2415 2954 2522 3008 hoc
2556 2953 2675 3009 ﬁeri
2699 2953 2919 3022 potuit?

2007 3046 2076 3101 A.
2115 3044 2330 3109 Nescis,
2362 3046 2511 3116 quod
2540 3046 2635 3116 qui
2687 3047 3026 3108 moriuntur,
3060 3058 3172 3099 non
3219 3044 3441 3115 penitus
3471 3043 3528 3098 in

1941 3136 2173 3192 nihilum
2215 3140 2515 3204 intereunt,
2553 3137 2649 3192 sed
2686 3138 2871 3206 potius
2907 3138 2960 3191 in
2984 3138 3279 3202 elementa,
3308 3151 3376 3192 ex
3407 3135 3531 3207 qui-

1942 3225 2047 3280 bus
2072 3226 2364 3294 compositi
2398 3236 2548 3288 sunt,
2582 3226 2990 3280 resolvuntur?

2013 3316 2075 3370 B.
2106 3315 2195 3371 Sic
2217 3324 2321 3371 est.

2016 3409 2081 3462 A.
2119 3407 2394 3478 Scriptura
2453 3415 2539 3463 est
2570 3418 2618 3473 ο,
2676 3408 2823 3476 quod
2871 3407 3045 3462 latere
3089 3407 3282 3463 lanCea
3315 3416 3530 3478 aperto,

257 3495 541 3566 πλευρὰν,
585 3495 811 3567 ἕρευσεν
850 3490 991 3567 αἷμα
1035 3498 1132 3550 xui
1166 3497 1314 3567 ὕδωρ
1359 3499 1425 3552 ὲκ
1460 3499 1561 3569 τῆς
1603 3500 1831 3572 πλευρᾶς

1956 3498 2182 3568 sanguis
2207 3505 2263 3552 et
2293 3510 2435 3566 aqua
2460 3511 2531 3551 ex
2568 3496 2740 3551 latere
2768 3496 2891 3567 ejus
2920 3495 3099 3550 ﬂuxit.

253 3586 449 3642 αὑτοῦ.

332 3678 396 3733 Β.
426 3678 533 3732 Nui
559 3678 731 3745 οὕτως
752 3681 1084 3753 γέγραπται.

329 3771 396 3822 Δ.
431 3769 639 3823 οὐκοῦν
668 3770 1030 3836 ἀναλυθέντος
1059 3776 1116 3825 ἐν
1154 3775 1269 3837 τοῖς
1304 3776 1591 3845 στοιχείοις
1629 3776 1839 3830 ἐκείνου

253 3858 356 3911 τοῦ
387 3856 598 3925 ὓδατος,
648 3859 876 3930 ἡγίασεν
908 3861 977 3913 τά
1024 3861 1224 3926 πάντα,
1256 3864 1351 3917 xui
1373 3864 1669 3918 ἐϐάπτισεν
1714 3868 1841 3930 τοὺς

258 3951 706 4021 μεμερισμένους
754 3953 850 4005 xui
888 3953 1255 4019 άναλυθέντας
1282 3957 1362 4020 είς
1390 3958 1457 4009 τὰ
1487 3960 1745 4027 στοιχεῖα.

329 4042 393 4093 Β.
426 4041 611 4112 Τούτῳ
668 4042 744 4112 τῷ
781 4043 926 4113 λόγῳ
986 4046 1081 4098 xui
1131 4047 1180 4097 oi
1216 4046 1459 4110 ἄπιστοι,
1497 4050 1588 4101 xui
1640 4049 1842 4112 πάντες

255 4132 446 4197 ἁπλῶς
469 4134 877 4207 ἐϐαπτίσθησαν
899 4138 948 4191 οἱ
980 4139 1483 4207 προαποθανόντες;

328 4226 394 4277 Α.
421 4224 582 4295 Οὐχί·
617 4226 755 4280 ἀλλὰ
785 4229 946 4296 μόνον
980 4229 1049 4282 τὰ
1084 4227 1308 4301 σώματα
1351 4230 1458 4283 τῶν
1488 4232 1716 4297 πιστῶν,
1767 4225 1842 4284 ὧν

253 4314 526 4384 αίψυχαὶ,
547 4317 606 4368 ὲν
632 4315 711 4386 τῷ
742 4317 841 4389 ᾄδῃ
869 4318 1222 4382 κατελθόντος
1247 4321 1428 4372 ἐκεῖσε
1457 4320 1552 4373 τοῦ
1579 4323 1838 4392 Χριστοῦ,

249 4403 290 4472 ἢ
316 4404 416 4473 τῆς
447 4404 609 4473 ἁγίας
631 4406 794 4460 αὐτοῦ
834 4406 1036 4477 ψυχῆς,
1079 4408 1411 4461 ἐπίστευσαν
1437 4409 1517 4470 είς
1547 4409 1733 4462 αὐτόν.

334 4494 549 4565 Ὥσπερ
570 4498 679 4566 γὰρ
704 4498 861 4559 εἴτις
892 4497 1130 4566 ἀγωγὸς,
1167 4497 1260 4551 καὶ
1301 4498 1439 4568 ﬁt.qu
1473 4496 1666 4561 ὓδατος
1698 4498 1841 4563 ζῶν-

244 4600 352 4649 τος
381 4584 574 4656 δένδρα
606 4588 777 4641 πολλά
809 4590 1273 4659 παραπεπηγὸτα,
1304 4591 1397 4641 xui
1426 4606 1841 4659 παραπεφυτευ-

254 4677 404 4747 μένα
430 4677 590 4747 ἔχων,
619 4681 686 4733 τά
718 4680 813 4750 μὲν
843 4681 1332 4752 παντελῶς.νεκρά
1379 4681 1473 4736 xui
1496 4682 1658 4754 ξηρὰ,
1690 4684 1757 4736 τά
1783 4682 1841 4736 δὲ

248 4771 339 4824 ἐτι
368 4771 571 4838 ζῶντα,
601 4773 653 4826 τί
689 4774 836 4827 δοκεῖ
859 4790 941 4826 σοι
966 4791 981 4839 ;
1014 4768 1193 4827 πάντα
1220 4774 1287 4827 τά
1313 4774 1524 4845 δένδρα,
1561 4769 1634 4827 ὧν
1667 4776 1839 4829 ἀπτε-

2011 3676 2073 3731 Β.
2113 3676 2205 3732 Sic
2240 3692 2374 3732 sane
2403 3677 2675 3747 scriptum
2711 3685 2819 3732 est.

2013 3771 2078 3826 A.
2105 3768 2199 3823 llla
2231 3769 2399 3841 igitur
2427 3784 2568 3840 aqua
2591 3769 2835 3824 resoluta
2862 3769 2919 3823 in
2950 3768 3245 3834 elementa,
3271 3768 3529 3827 Christus

1943 3863 2127 3916 omnia
2153 3861 2541 3925 sanctiﬁcavit,
2600 3859 3008 3931 baptizavitque
3044 3861 3257 3917 divisos
3294 3870 3349 3917 et
3376 3877 3530 3919 reso-

1942 3953 2089 4009 lutos
2121 3954 2175 4007 in
2203 3954 2495 4009 elementa.

2014 4045 2075 4101 Β.
2110 4044 2226 4099 Hac
2250 4045 2464 4101 ratione
2484 4043 2733 4101 infideles
2766 4044 2955 4110 etiam,
2988 4052 3044 4100 et
3070 4044 3312 4116 denique
3338 4060 3530 4102 omnes

1943 4138 2200 4207 baptizati
2238 4147 2387 4199 sunt,
2420 4137 2513 4207 qui
2547 4145 2676 4193 ante
2708 4138 2928 4192 fuerant
2960 4138 3190 4194 mortui.

2012 4232 2076 4284 A.
2109 4229 2362 4292 Minime,
2415 4230 2514 4284 sed
2561 4228 2680 4284 sola
2728 4244 2964 4299 corpora
3001 4229 3261 4295 fidelium,
3290 4245 3526 4299 quorum

1943 4323 2157 4384 animae,
2207 4336 2329 4375 cum
2384 4320 2673 4376 descendit
2718 4320 2787 4374 ad
2829 4319 3107 4374 infernum
3157 4320 3437 4385 Christus,
3472 4322 3527 4375 id

1942 4423 2048 4475 est.
2075 4421 2267 4468 sancta
2290 4408 2412 4483 ejus
2435 4414 2642 4478 anima,
2683 4413 2735 4465 in
2769 4428 2896 4467 eum
2930 4411 3310 4466 crediderunt.

2014 4503 2171 4559 Sicut
2209 4506 2354 4559 enim
2387 4504 2432 4558 si
2466 4507 2592 4573 quis
2612 4519 2769 4571 aqua:
2789 4504 3013 4566 ductus,
3049 4510 3144 4556 aut
3182 4503 3332 4556 rivus
3383 4504 3528 4556 mul-

1944 4605 2028 4651 tas
2057 4598 2283 4652 arbores
2335 4597 2537 4651 habeat
2586 4597 2746 4665 juxta
2797 4596 3069 4657 consitas,
3118 4594 3255 4649 alias
3305 4594 3525 4665 quidem

1940 4686 2170 4739 oumino
2196 4687 2501 4740 exstinctus
2550 4694 2605 4739 et
2647 4684 2854 4747 aridas,
2899 4685 3037 4739 alias
3069 4698 3198 4739 vero
3228 4683 3408 4737 adhuc
3448 4684 3528 4736 vi.

1943 4786 2134 4831 ventes
2160 4784 2215 4832 et
2246 4777 2470 4840 virides,
2506 4776 2636 4847 quid
2688 4776 2787 4832 tibi
2843 4776 3081 4842 videtur,
3114 4790 3182 4830 an
3214 4792 3405 4830 omnes
3434 4791 3527 4829 ar-

243 4879 348 4916 ται
370 4862 433 4916 τὸ
467 4861 633 4935 ὕδωρ,
661 4864 1019 4936 ὠφελοῦνται,
1067 4868 1160 4920 καὶ
1192 4848 1500 4937 άνιμῶνταὶ
1522 4867 1621 4938 τὴν
1652 4869 1831 4938 πιότη·

1956 4868 2113 4923 bores
2136 4883 2275 4938 quas
2316 4883 2460 4939 aqua
2494 4868 2667 4940 tangit
2711 4869 3010 4923 utilitatem
3039 4868 3287 4938 capiunt,
3320 4875 3529 4938 etquao

242 4970 326 5008 τα
358 4954 407 4986 ⁴⁹
459 4958 553 5009 καὶ
596 4957 694 5028 τὴν
742 4957 909 5029 ζωὴν,
957 4958 991 5029 ἢ
1046 4960 1186 5029 μόνα
1237 4960 1303 5014 τά
1351 4959 1606 5031 δεκτικὴν
1648 4960 1844 5030 ἔχοντα

371 5095 395 5123 ο
423 5083 585 5140 Joan.
620 5101 702 5152 Ill,
725 5086 778 5141 5.
888 5088 913 5127 ἀ
938 5088 1098 5145 Joan.
1130 5107 1265 5158 xvn,
1302 5091 1388 5145 t9.

1952 4961 2163 5016 litatem
2204 4976 2268 5017 ac
2301 4963 2471 5018 vitam
2520 4961 2834 5018 hauriunt?
2864 4977 2933 5018 an
2955 4963 3060 5018 illa:
3093 4962 3225 5019 sola:
3250 4977 3373 5040 qua:
3418 4962 3526 5015 vim

1506 5102 1529 5129 θ
1554 5090 1712 5145 Joau.
1738 5108 1854 5159 xu,
1876 5092 1966 5147 5i.

1523 5202 1761 5266 VARUE
1788 5211 2193 5272 LECTIONES.

329 5326 383 5413 ‘_‘
411 5306 675 5413 initi-itero
708 5325 1509 5413 exemplari"Savariamﬂhaec.
1562 5331 1826 5413 periodus
1880 5336 2217 5413 subtexitur.
2294 5339 2355 5413 "7
2373 5341 2659 5413 ἠρωτήθη.
2733 5343 2777 5375 ⁸⁸
2803 5342 2864 5397 C.
2899 5343 2960 5395 B.
3006 5336 3157 5404 παρά
3188 5337 3404 5395 πιστοῦ.
3435 5340 3528 5396 Sic

251 5397 433 5483 habet
484 5398 677 5479 titulus
710 5397 763 5483 in
787 5394 1000 5483 codice
1021 5394 1231 5483 Graeco.
1252 5396 1323 5483 ’ln
1350 5394 1608 5454 Tun-iani
1644 5402 1836 5459 codice
1868 5407 2131 5477 pleraque
2162 5424 2291 5480 pars
2320 5394 2488 5478 titu'li,
2514 5394 2655 5483 pars
2688 5394 2977 5468 contextus
3018 5394 3162 5472 erat,
3214 5415 3273 5460 ut
3302 5394 3527 5482 apparet

258 5482 332 5520 ex
368 5468 640 5522 versione.
712 5466 758 5498 "
787 5465 953 5521 Turr.
988 5468 1115 5537 legit
1147 5466 1428 5536 ποιότητα.

1770 5563 2006 5621 NOTAE.

336 5651 455 5722 (47)
473 5650 1020 5725 _Cod_ices_l}avarici_
1042 5651 1131 5725 hic
1164 5662 1317 5725 sunt_
1330 5652 1532 5725 mutili.
1572 5652 1840 5725 integrius

252 5720 553 5794 exemplar
588 5720 897 5777 Turrianus
936 5723 1146 5787 habuit,
1188 5734 1245 5775 ut
1283 5722 1627 5778 Ceucbrard.

1956 5731 1965 5740 υ
2024 5659 2269 5741 (ιίηξζλ-ξΕν
2302 5659 2398 5741 ,τῷ
2436 5661 2604 5734 αὐτῷ,
2642 5663 2692 5718 id
2743 5674 2847 5731 εει,
2897 5665 2952 5719 in
2996 5664 3186 5722 eadem
3221 5664 3524 5730 divinitate,

1955 5726 2123 5791 inquit
2154 5726 2481 5786 Turriauus.

3567 4657 3611 4753 ί
