3912 6202
409 319 540 383 1543

1611 300 2013 366 THEODORI
2051 296 2426 359 ABUCAR/E

3551 274 3671 343 1544

408 432 613 488 habent
647 422 946 497 reeipiendi
989 427 1042 479 et
1070 416 1517 488 eliciendiiquae
1565 415 1712 471 enim
1757 429 1823 468 ex
1878 419 1990 466 toto
2021 434 2034 474 Α

2166 424 2345 479 ναμιν,
2375 406 2495 475 ήτοι
2530 401 2818 474 ἑλκτικήν;
2848 399 2918 454 τὰ
2949 398 3061 471 γὰρ
3089 396 3324 459 τελείως
3359 386 3517 463 ξηρὰ,
3539 391 3674 444 ὠδὶν

410 478 1034 583 eis
1066 511 1290 584 prodest
1327 478 1489 580 aqua.
1539 505 1632 561 Sic
1679 503 1991 560 inﬁdelibus

2166 478 2248 566 ιρὰ
2282 494 2378 549 τοῦ
2414 493 2606 557 ὕδατος
2630 490 2992 561 ὠφελοῦνται.
3054 486 3249 550 Οὕτως
3291 483 3456 539 οὐδὲν
3486 478 3673 550 ὠφελῇ.

411 613 550 669 nihil
578 608 791 683 profuit
817 620 960 679 aqua
981 606 1098 671 illa,
1124 617 1248 674 qua:
1275 601 1329 656 in
1358 600 1636 657 elementa
1659 595 1812 652 abiit.

2094 586 2266 658 θησαν
2298 585 2348 638 οἱ
2395 583 2621 638 ἄπιστοι
2669 584 2735 635 ὲκ
2774 579 2877 651 τῆς
2906 576 3001 632 τοῦ
3030 576 3230 639 ὓδατος
3257 574 3481 628 ἐκείνου
3509 571 3585 632 ei;
3624 569 3679 618 τὰ

2104 678 2347 748 στοιχεῖα
2377 674 2714 735 ἀναλύσεως.

1976 790 2174 848 XVIII.

497 899 885 984 Opusculum
914 896 971 957 X
986 894 1142 960 VII]
1187 888 1713 984 praetermisimus
1728 886 1882 984 jam
1907 887 2325 984 irtte‘r'nqaera
2355 854 2732 984 Sigeimis
2763 882 3138 945 Damascem’
3169 879 3410 942 editum
3437 876 3626 956 hujus

1508 964 1891 1045 Patrolbgim
1931 976 1980 1027 ες
2013 964 2241 1043 XCIV,
2273 967 2394 1030 col.
2430 968 2606 1030 1595.

1992 1105 2141 1164 XIX.

668 1211 836 1286 394
867 1208 1223 1263 Mahometem
1253 1219 1361 1257 non
1393 1216 1507 1255 esse
1534 1214 1600 1254 ex
1630 1197 1758 1252 Deo.

2113 1199 2215 1257 ιε’.
2243 1232 2316 1244 -
2346 1203 2696 1274 Ἐρώτησις,
2726 1203 2819 1260 ὅτι
2834 1204 2889 1328 ad
2915 1202 3163 1284 ιςωάμεθ
3181 1201 3298 1256 οὐκ
3326 1197 3468 1252 ἔστι
3500 1197 3575 1250 ἐκ
3608 1192 3709 1249 τοῦ

2882 1289 3011 1328 εσυ.

2882 1289 3008 1329 εοτη

1563 1403 1769 1470 (Iacobo
1802 1402 2040 1455 Gretsero
2074 1408 2399 1479 interprete.)

496 1531 909 1596 Consuetudine
966 1530 1252 1594 receptum
1285 1528 1370 1577 est
1402 1519 1547 1589 apud
1603 1514 2007 1570 Saracenorum

428 1630 772 1705 hypocritas,
797 1633 857 1679 ut
909 1621 956 1678 si
1002 1620 1057 1673 in
1093 1614 1470 1672 Christianum
1525 1607 1797 1670 incidam,
1831 1606 2012 1660 salute

428 1696 554 1783 eum
616 1729 963 1787 nequaquam
1030 1711 1349 1780 dignentur,
1391 1701 1487 1759 sed
1538 1699 1723 1756 statim
1776 1696 2009 1752 dicant:

429 1812 765 1874 Christiane,
796 1802 1202 1866 testimonium,
1224 1795 1372 1870 quod
1404 1809 1545 1849 unus
1571 1802 1626 1847 et
1647 1788 2016 1846 incommuni-

432 1906 627 1963 cabilis
656 1902 802 1956 Deus
862 1888 1233 1950 Mahometem
1276 1886 1539 1944 asciverit
1573 1884 1681 1939 sibi
1716 1897 1937 1938 servum
1964 1887 2018 1935 et

433 1997 770 2073 apostolum.
806 1992 872 2045 Et
928 1988 1046 2042 haec
1076 1984 1194 2055 ipsa
1222 1981 1443 2052 quidam
1480 1994 1544 2033 ex
1568 1974 1885 2046 hujusmodi
1917 1973 2018 2044 hy-

436 2063 774 2165 pocritarum
824 2091 1060 2135 numero
1110 2075 1379 2130 Abucarm
1429 2069 1741 2140 proposuit.
1772 2065 1874 2121 Cui
1929 2063 2023 2118 ille

438 2151 770 2251 respondit:
813 2170 1011 2223 Annon
1062 2164 1163 2220 tibi
1215 2161 1416 2220 suﬂicit
1471 2156 1623 2228 quod
1673 2154 1802 2211 falsi
1864 2151 2025 2207 testi-

438 2242 613 2327 moitii
650 2258 1076 2325 condemnarisi,
1113 2253 1224 2311 nisi
1262 2261 1315 2309 et
1362 2250 1501 2305 alios
1545 2249 1684 2303 falsa
1728 2243 1918 2301 testari
1940 2242 2025 2297 in-

440 2360 616 2419 cites?

516 2454 813 2512 Barbarus.
838 2446 956 2503 Non
988 2441 1113 2499 dico
1141 2438 1342 2494 falsum
1374 2432 1777 2492 testimonium.

514 2547 875 2605 Christianus.
924 2535 1128 2593 Omitte
1155 2532 1325 2602 igitur
1350 2528 1555 2593 dicere,
1604 2524 1968 2580 Mahometem
1994 2528 2029 2575 α

445 2640 558 2695 Deo
588 2636 821 2691 missum
855 2642 1002 2686 esse.

519 2727 684 2801 395
715 2722 880 2780 Barb.
911 2718 1290 2788 Nequaquam.
1331 2708 1439 2766 Sed
1480 2705 1627 2778 quod
1665 2709 1908 2761 testatur
1934 2714 2033 2772 pa.

451 2836 530 2879 ter
559 2834 741 2883 meus,
769 2820 945 2871 testor
968 2817 1025 2865 et
1049 2822 1175 2879 ego.

521 2914 722 2970 Christ.
755 2908 815 2963 Si
841 2919 972 2961 vera
1005 2916 1130 2957 esse
1163 2901 1404 2966 oportet,
1438 2905 1560 2963 qure
1589 2888 1715 2943 ﬁliis
1746 2884 2035 2941 traduntur

451 3023 481 3060 a
517 3000 792 3074 patribus,
833 2991 1087 3061 sequitur
1112 2995 1167 3041 et
1196 2981 1599 3040 Samaritanos,
1633 2981 1689 3030 et
1714 2971 1955 3034 Iudaeos,
1983 2975 2039 3024 et

449 3060 685 3166 Sc'ythas
710 3127 725 3153 ,
772 3060 827 3140 et
852 3060 1208 3137 Christianos
1250 3079 1307 3127 et
1360 3066 1584 3125 Graecos
1628 3072 1836 3119 rectam
1871 3060 2038 3114 tidem

452 3151 653 3247 colere,
677 3177 809 3250 quia
836 3186 1030 3229 omnes
1059 3169 1153 3224 isti
1183 3179 1304 3220 eam
1337 3157 1757 3232 persuasionem
1806 3151 2032 3215 habent,

451 3240 562 3348 qua
599 3240 968 3339 avniajoribus
990 3259 1114 3317 'suis
1148 3254 1346 3312 imbuti
1375 3260 1524 3308 sunt.
1555 3250 1624 3304 Et
1657 3244 1921 3316 quidnam
1954 3240 2039 3311 die

452 3333 674 3425 uersum
727 3333 795 3416 ab
828 3360 913 3414 his
947 3352 1200 3410 continet
1254 3355 1346 3401 tua
1375 3343 1591 3413 religio,
1620 3339 1717 3410 qui
1764 3333 1906 3405 patri
1943 3340 2039 3385 tuo

456 3462 615 3520 ﬁdem
639 3454 846 3513 habes?
890 3452 997 3506 hoc
1025 3428 1170 3503 enim
1218 3449 1274 3498 et
1299 3438 1577 3511 gentibus,
1619 3447 1741 3502 qua:
1770 3424 2039 3500 pecudum

456 3557 564 3612 ritu
595 3552 813 3613 vivunt,
847 3545 1093 3602 solemne
1122 3547 1227 3593 est.

529 3642 694 3701 Barb.
731 3639 866 3695 Cum
889 3650 975 3689 me
1001 3633 1056 3686 in
1085 3624 1483 3686 dubitationem
1510 3616 1840 3687 conjeceris,
1883 3613 2041 3679 cedo,

444 3752 676 3811 .precor,
723 3745 905 3787 annon
936 3737 991 3783 et
1043 3734 1102 3780 tu
1131 3736 1195 3779 ea
1245 3733 1369 3791 quae
1415 3730 1445 3770 a
1490 3722 1647 3785 patre
1682 3708 1915 3766 edoctus
1959 3721 2042 3771 es,

462 3828 636 3887 sentis
664 3841 728 3880 ac
757 3818 969 3877 doces?

503 3920 736 3977 -Christ.
769 3914 994 3982 Utique.
1032 3906 1140 3965 Sed
1170 3919 1257 3960 me
1290 3909 1446 3973 pater
1475 3910 1629 3952 meus
1677 3893 1781 3948 alia
1813 3889 2001 3947 docuit
2029 3906 2043 3955 ;

462 4024 516 4072 et
549 4024 603 4066 te
635 4018 791 4080 pater
824 4014 955 4059 tuus
987 4001 1121 4055 alia.

533 4066 701 4157 Barb.
732 4098 798 4151 Et
830 4104 1081 4165 quaenam
1110 4096 1166 4142 te
1202 4083 1393 4141 docuit
1429 4087 1585 4151 pater
1628 4085 1775 4140 tuus,
1806 4085 1861 4131 et
1895 4089 2049 4145 quaa-
2085 4066 2089 4073 ’

464 4208 591 4253 nam
615 4205 701 4245 me
733 4197 887 4260 pater
917 4180 1115 4238 meus?

535 4256 928 4341 ChristIPater
960 4286 1118 4329 meus
1155 4266 1346 4325 docuit
1381 4280 1488 4327 me,
1524 4269 1585 4317 ut
1628 4259 1886 4329 recipiam
1914 4256 2050 4311 Pro-

2191 1524 2356 1591 'E60;
2389 1530 2502 1591 τοῖς
2531 1527 2643 1583 τῶν
2670 1524 3009 1598 Σαρακηνῶν
3048 1523 3385 1593 ὑποκριταῖς,
3416 1520 3468 1572 εἰ
3505 1535 3719 1571 συναν-

2117 1619 2227 1674 τῶν
2253 1620 2299 1654 ⁵ο
2337 1620 2688 1692 Χριστιανὸν,
2720 1619 2796 1690 μὴ
2824 1615 3178 1688 χαιρετίζειν,
3214 1613 3327 1666 ἀλλ’
3366 1611 3569 1673 εὐθέως
3620 1608 3719 1663 λέ-

2118 1728 2272 1782 γεινο
2304 1712 2624 1783 Χριστιανὲ,
2660 1710 2986 1782 μαρτύριον,
3033 1709 3118 1761 ὅτι
3138 1700 3220 1769 εἷς
3253 1706 3282 1758 ὁ
3310 1703 3442 1766 Θεδς
3482 1698 3722 1755 $1thth-

2122 1819 2283 1875 νητος
2312 1794 2404 1856 τδν
2434 1800 2681 1872 Μωάμεθ
2722 1800 2834 1870 ἔχει
2876 1798 3063 1852 δοῦλον
3115 1797 3210 1850 καὶ
3253 1791 3591 1848 ἀπόστολον.
3614 1788 3721 1842 Καὶ

2120 1895 2294 1950 ταῦτα
2312 1896 2397 1959 τὶς
2441 1893 2550 1948 τῶν
2599 1892 2862 1948 τοιούτων
2911 1887 3224 1959 ὑποκριτῶν
3261 1885 3363 1939 τοῦ
3409 1881 3720 1949 ’Δὸουκαρᾶ

2123 1987 2432 2059 ἠρώτησεν.
2475 1986 2536 2039 '0
2568 1985 2628 2040 δὲ
2659 1982 2987 2054 ἀποκριθεὶς
3010 1978 3165 2035 εἶπεν
3184 1995 3200 2008 °
3236 1976 3361 2047 Οὐχ
3406 1975 3529 2037 ἃλις
3558 1989 3637 2025 σοι
3660 1969 3719 2024 τὸ

2122 2080 2223 2150 τῆς
2247 2076 2729 2149 ψευδομαρτυρίας
2783 2074 3121 2146 κατάκριμα,
3157 2070 3270 2134 ἕως
3320 2062 3388 2122 οὗ
3417 2066 3518 2120 καὶ
3548 2062 3717 2124 ἄλλοις

2123 2171 2599 2245 ψευδομαρτυρεῖν
2629 2169 2936 2242 ἐπιτρέπω

2200 2441 2528 2512 Βάρόαρος.
2560 2438 2637 2494 Οὐ
2658 2434 3114 2509 ψευδομαρτυρῶ.

2202 2533 2584 2603 Χριστιανός.
2640 2530 2855 2584 Οὐκοῦν
2903 2527 3119 2599 παρῷς,
3184 2527 3277 2580 ὅτε
3309 2526 3356 2559 ⁸⁸
3404 2526 3435 2578 δ
3478 2521 3607 2587 Θεὸς
3634 2521 3721 2575 τὸν

2131 2624 2379 2697 Μωάμεθ
2415 2621 2728 2678 ἀπέστειλε.

2205 2716 2386 2784 Βάρϐ.
2421 2712 2577 2783 Οὐχί.
2626 2711 2765 2765 Ἀλλ’
2821 2710 2898 2774 ὡς
2956 2709 3230 2780 μαρτυρεῖ
3282 2708 3314 2759 ὁ
3363 2704 3547 2775 πατήρ
3600 2719 3725 2775 μου,

2139 2805 2410 2880 μαρτυρῶ
2435 2805 2614 2874 κάγώ.
3132 2862 3153 2879 κ

2209 2903 2415 2970 Χριστ.
2453 2899 2516 2951 El
2543 2898 2779 2951 πάντοτε
2807 2891 2983 2963 ἀληθῆ
3013 2891 3082 2946 τὰ
3115 2890 3223 2944 ὑπὸ
3248 2889 3357 2944 τῶν
3385 2887 3593 2957 γονέων
3615 2889 3730 2949 τοῖς

2139 2992 2353 3055 τέκνοις
2383 2989 2719 3060 λαλούμενα,
2776 2987 2874 3041 καὶ
2925 2986 3295 3057 Σαμαρεῖται,
3330 2983 3427 3036 καὶ
3464 2980 3730 3042 Ἰουδαῖοι,

2140 3084 2239 3137 καὶ
2266 3081 2493 3145 Σκύθαι,
2526 3079 2622 3133 καὶ
2651 3075 2998 3149 Χριστιανοὶ,
3035 3076 3132 3128 καὶ
3164 3070 3431 3143 Ἕλληνες
3457 3069 3635 3132 καλῶς
3663 3070 3735 3122 ἂν

2064 3193 2111 3254 ο
2142 3173 2478 3236 πιστεύωσι,
2506 3170 2696 3243 ἐπειδὴ
2745 3169 2971 3223 ἕκαστοι
3013 3166 3317 3239 μαρτυρεῖν
3364 3165 3446 3227 ὠς
3491 3164 3543 3216 οἰ
3584 3162 3736 3230 τόνοι

2141 3264 2522 3335 ἐδιδάχθησαν.
2552 3262 2665 3316 Καὶ
2706 3261 2762 3314 τί
2792 3262 2912 3313 ἐστι
2949 3258 3140 3312 λοιπὸν
3173 3258 3277 3327 τῆς
3313 3255 3613 3328 θρησκείας
3639 3270 3734 3305 σου

2140 3358 2200 3411 τὸ
2227 3357 2506 3427 διάφορον,
2533 3353 2613 3425 τῷ
2640 3353 2814 3425 πατρί
2836 3370 2930 3407 σου
2969 3350 3405 3416 πιστεύσαντος;
3436 3348 3610 3411 οὕτως
3628 3344 3739 3418 γὰρ

2142 3447 2526 3519 θεμιστεύεται
2560 3446 2658 3500 καλ⁸
2685 3445 2754 3499 τὰ
2787 3441 3189 3516 βοσκηματώδη
3211 3441 3369 3514 ἔθνη.

2214 3625 2392 3693 Βάρϐ.
2430 3622 2655 3695 Ἐπειδή
2693 3639 2762 3693 με
2790 3624 2871 3686 εις
2895 3620 3131 3694 ἀπορίαν
3170 3620 3587 3692 πιριέστησας,
3623 3621 3745 3675 εἰπέ

2150 3735 2242 3790 μοι
2275 3718 2340 3772 σύ
2366 3733 2380 3746 ·
2411 3713 2503 3788 ἆρ’
2533 3717 2634 3788 οὐχ
2667 3716 2769 3770 ὅσα
2800 3714 3071 3781 δεδιδαξαι
3108 3713 3216 3766 ὑπὸ
3238 3712 3339 3765 τοῦ
3370 3713 3589 3782 πατρός
3626 3729 3744 3777 σου,

2151 3812 2455 3883 μαρτυρεῖς
2476 3827 2492 3875 ;
3654 3793 3661 3797 ’

2217 3905 2424 3971 Χριστ.
2470 3899 2733 3972 Ἀληθῶς.
2772 3899 2912 3954 Ἀλλ’
2942 3899 3045 3969 ἐμὲ
3075 3900 3104 3951 ὁ
3135 3900 3321 3970 πατήρ
3342 3917 3451 3969 μου
3482 3898 3624 3954 ἄλλα
3649 3899 3752 3952 ἐδί-

2148 3995 2296 4060 δαξε,
2317 3995 2411 4048 καὶ
2448 3992 2509 4046 σὲ
2535 3996 2564 4047 ὁ
2586 3993 2772 4063 πατήρ
2806 4009 2900 4045 σου
2936 3991 3097 4046 ἄλλα.

2221 4086 2403 4156 Βάρϐ.
2436 4085 2574 4139 Τίνα
2602 4084 2696 4138 οὖν
2734 4082 2940 4148 ἐδίδαξε
2976 4099 3036 4135 σε
3064 4085 3092 4136 ὀ
3120 4083 3309 4154 πατήρ
3337 4099 3462 4146 σου,
3494 4083 3597 4137 καὶ
3633 4082 3753 4136 τινα

2155 4197 2221 4251 με
2248 4182 2276 4233 δ
2299 4178 2482 4249 πατήρ
2512 4193 2644 4248 μου;

2222 4273 2428 4338 Χριστ.
2480 4269 2538 4321 ’0
2576 4266 2761 4337 πατήρ
2816 4282 2918 4336 μου
2965 4264 3173 4330 ἐδίδαξε
3215 4282 3283 4332 με
3307 4263 3573 4329 δέξασθαι
3617 4264 3753 4319 ἀπό-

468 4377 686 4447 phetam
718 4371 831 4441 jam
868 4367 998 4421 olim
1041 4359 1503 4435 praenuntiatum,
1529 4353 1616 4409 vel
1641 4352 1734 4423 qui
1766 4364 1862 4421 per
1897 4350 2034 4419 sign:

2166 4358 2344 4413 ττολον
2370 4358 2436 4411 ὲκ
2463 4355 2826 4426 παλαιοτέρου
2861 4352 3302 4425 προδηλωθέντα,
3325 4354 3360 4424 ἧ
3384 4353 3478 4407 διὰ
3510 4354 3754 4423 σημείων

466 4440 521 4528 et
541 4466 784 4541 prodigia
811 4462 913 4519 sibi
940 4457 1099 4513 ﬁdem
1121 4451 1399 4509 conciliat.
1422 4446 1685 4515 Utrisque
1705 4450 1837 4497 tuus
1864 4440 2034 4494 Μειὴο-

2166 4447 2346 4503 ὲαυτδν
2368 4445 2681 4511 ἀξιόπιστον
2705 4445 3158 4516 παραστήσαντα.
3199 4445 3260 4497 '0
3283 4443 3343 4496 δὲ
3376 4445 3475 4508 σὸς
3506 4441 3749 4514 Μωάμεθ

470 4526 648 4617 metus
679 4526 1015 4611 destituitur.
1037 4542 1231 4602 Nullus
1259 4542 1408 4598 enim
1443 4555 1509 4593 ex
1536 4544 1785 4591 veterum
1812 4531 2034 4602 prophe-

2166 4540 2434 4610 ἑκατέρων
2485 4536 2859 4606 γεγύμνωται,
2924 4536 3022 4589 καὶ
3077 4535 3466 4605 ἠλλοτρίωται.
3496 4535 3751 4596 ’Παλαιὸς

469 4662 649 4709 tarum
677 4659 909 4702 numero
947 4638 1248 4711 quidquam
1279 4634 1348 4688 de
1393 4629 1489 4685 illo
1527 4627 1791 4696 tanquam
1825 4622 1894 4676 de
1926 4635 2034 4690 pro-

2166 4631 2266 4702 γὰρ
2297 4629 2459 4683 αὑτὸν
2485 4629 2800 4699 προφήτης,
2840 4627 3132 4697 προφήτην
3159 4625 3223 4679 οὐ
3256 4627 3636 4697 προεμήνυσε,
3662 4624 3750 4677 καὶ

472 4745 635 4813 pheta
654 4735 990 4795 vaticinatus
1017 4738 1124 4796 est,
1153 4739 1332 4796 neque
1354 4723 1474 4794 ipse
1500 4718 1674 4791 signis
1710 4723 1765 4772 et
1788 4712 2034 4786 prodigii:

2166 4721 2409 4793 σημείοις
2435 4718 2628 4774 ἑαυτὸν
2650 4718 2752 4773 οὑκ
2779 4716 3143 4773 ἐπιστώσατο.

473 4834 636 4889 ﬁdem
672 4829 777 4886 sibi
815 4823 1076 4881 astruxit.

546 4921 712 4978 Barb.
754 4919 869 4971 lmo
915 4930 1070 4979 vero,
1103 4912 1233 4982 quia
1261 4907 1522 4964 Christus
1561 4902 1618 4957 in
1648 4895 1946 4969 Evangelio
1973 4893 2056 4950 di-

477 5018 557 5070 xit
582 5028 597 5065 :
630 5009 786 5066 Mitto
808 5004 968 5059 vobis
996 5001 1320 5073 prophetam
1342 4993 1570 5051 nomine
1597 4988 1993 5045 Mahometum.

552 5209 750 5268 Christ.
784 5202 947 5276 Atqui
970 5198 1322 5271 Evangelium
1346 5194 1553 5250 nullam
1577 5192 1701 5263 ejus
1728 5187 2064 5246 mentionem

509 5301 638 5355 acit.
789 5344 792 5348 λ
868 5322 872 5326 ι

483 5300 509 5357 ἰ
554 5390 719 5446 Barb.
749 5386 1029 5450 Faciebat,
1064 5382 1157 5440 sed
1190 5395 1288 5436 vos
1310 5374 1682 5450 expunxistis.

554 5483 755 5541 Christ.
793 5480 851 5536 Si
885 5478 1011 5550 quis
1060 5475 1130 5532 ad
1162 5472 1406 5547 iudicem
1446 5468 1587 5526 ferat
1636 5459 2067 5534 chirographum

2230 4896 2410 4967 Βάρὸ.
2449 4896 2580 4959 Ναὶ,
2604 4897 2635 4949 ὁ
2670 4892 2905 4966 Χριστὸς
2949 4895 3010 4947 ὲν
3059 4871 3140 4963 τῷ
3182 4888 3509 4960 Εὐαγγελιῳ
3548 4885 3751 4959 ἔτραοςῖε

2160 4992 2334 5060 λέγων
2356 5005 2371 5022 ο
2407 4987 2752 5045 Ἀποστέλλω
2781 4987 2913 5057 ὑμῖν
2932 4986 3224 5057 προφήτην
3246 4981 3498 5053 Μωάμεθ
3526 4978 3750 5049 1516;15-

2160 5102 2271 5139 νον.

2231 5152 2439 5245 Χριστ.
2474 5173 2551 5227 Τὸ
2594 5172 2940 5259 μνημόσυνον
2991 5168 3158 5223 αὐτοῦ
3183 5141 3247 5222 τὸ
3270 5167 3611 5239 Εὑαγτέλιον
3649 5161 3749 5217 οὐκ

2164 5268 2297 5322 Erat.

2228 5289 2297 5322 ει.

2194 5289 2418 5428 χΒὰρὸ.
2446 5352 2627 5428 Εἷχεν,
2659 5354 2774 5409 ἀλλ’
2812 5350 3322 5425 ὑμεῖςλὲξηλεῑψατε
3350 5349 3506 5403 αὐτό.

2239 5451 2444 5520 Χριστ.
2482 5449 2540 5503 Ὀ
2585 5450 2774 5519 φέρων
2825 5445 2960 5518 πρὸς
2997 5444 3091 5499 τὸν
3141 5442 3431 5511 δικαστὴν,
3463 5436 3605 5494 κατὰ
3654 5435 3736 5487 τοῦ

1772 5618 2011 5677 ῩΑΒΙΑΞ
2050 5614 2454 5673 LECTIONES.

554 5742 598 5774 "
643 5748 966 5807 συναντῶσι.
1044 5749 1086 5780 ⁸⁸
1120 5745 1287 5803 Turr.
1322 5743 1541 5801 videtur
1567 5739 1773 5811 legisse
1801 5737 1973 5808 πάρες
2010 5734 2112 5786 ὅτι.
