3912 6202
333 354 469 420 1561

1733 355 2145 417 OPUSCULA.

3453 352 3605 417 156$

403 469 462 523 '0
491 470 710 538 Σαρακ.
745 464 857 519 Καὶ
885 465 968 528 τίς
998 435 1144 517 ἐστιν
1172 464 1200 517 6
1226 463 1307 536 τῷ
1326 464 1445 538 Θεῷ
1476 465 1588 532 ἶσος
1649 469 1744 523 καὶ
1778 486 1906 523 συν-

2078 467 2248 541 404
2280 467 2479 523 δοται.
2515 465 2725 538 Ecquis
2746 474 2828 522 est
2851 467 2964 521 Deo
2989 481 3110 537 par,
3135 475 3191 521 et
3233 466 3414 523 instar
3440 469 3595 525 illius

323 560 585 631 ἄναρχος,
608 558 665 622 ὃς
699 556 796 611 καὶ
823 555 914 609 ὑπ’
940 553 1110 608 αὐτοῦ
1139 553 1398 628 ἅρχοιτο;

397 651 568 708 Θεόδ.
595 651 660 704 Ol
689 649 988 721 ἀρχόμενοι
1025 648 1236 720 τριττοι
1260 665 1274 679 ·
1300 651 1329 703 6
1369 649 1471 719 μὲν
1498 649 1609 720 γὰρ
1650 646 1910 720 ﬂauum;

323 756 415 799 νος
447 736 809 810 ἀρχθήσεται·
832 739 860 790 6
879 735 958 798 δὲ,
986 735 1448 809 τυραννούμενοςο
1477 737 1505 791 6
1533 739 1591 792 δὲ
1624 739 1763 810 μήτε
1789 740 1914 810 βου-

326 830 573 897 λόμενος,
605 830 744 897 μήτε
778 827 1217 898 τυραννούμενος
1249 844 1266 860 ⁸
1298 828 1414 884 ἀλλ’
1457 831 1486 882 6
1514 830 1666 893 Θεὸς,
1710 830 1909 903 βουλη-
1938 868 1945 869 κ

328 920 530 973 θέντων
553 921 654 972 οὐκ
694 920 854 990 ἄρχει
874 961 890 985 ,
920 919 1007 971 ἵνα
1049 917 1124 989 μὴ
1151 919 1315 973 πάλιν
1347 920 1708 993 βουληθέντες
1732 924 1910 978 διαδέ-

328 1011 527 1079 ξωνται
554 1013 738 1074 αὐτὸν,
762 1014 855 1065 καὶ
875 1012 1012 1073 ποὺς
1034 1010 1193 1064 τοῦτο
1214 1013 1275 1065 οὐ
1296 1015 1654 1089 συναναρχον.
1672 1017 1794 1069 οὐδὲ
1815 1035 1912 1087 φυ-

332 1106 492 1176 σικὴν
518 1105 672 1174 σχοίη
698 1105 797 1173 τὴν
822 1105 1020 1174 ἀρχήν
1046 1104 1184 1172 μετά
1211 1103 1468 1172 βούλησιν
1484 1105 1723 1176 γὰρκαὶ
1740 1108 1910 1178 πρόσ-

329 1214 498 1266 φατον
532 1200 624 1249 καὶ
650 1196 866 1265 ἄτιμον,
898 1193 1041 1246 καθά
1064 1195 1300 1263 εἷρηταν
1328 1194 1442 1245 ἀλλ’
1465 1195 1587 1248 οὐδὲ
1616 1212 1912 1274 τυραννου-

334 1286 512 1356 μένων
546 1284 703 1354 ἄρχει
729 1299 744 1314 ο
769 1284 1016 1354 ἀπρεπὲς
1037 1283 1167 1352 γὰρ,
1206 1284 1307 1335 σὺν
1328 1286 1443 1345 τοῖς
1469 1283 1678 1348 λοιποῖς
1700 1287 1910 1355 ἀτοπή-

333 1393 517 1445 μασιν.
560 1375 980 1428 Ὑπολέλειπται
1028 1373 1121 1428 οῦν
1171 1376 1347 1428 εἰπεῖν
1399 1375 1536 1429 ὅτιὸ
1572 1375 1704 1439 Θεὸς
1753 1378 1910 1447 ἄρχει

328 1466 390 1519 οὐ
450 1464 801 1536 βουλομένου,
845 1467 968 1520 οὐδὲ
1006 1467 1441 1539 τυραννουμένου
1469 1508 1486 1535 ,
1524 1467 1662 1522 ἀλλά
1703 1473 1909 1542 φυσικῇ

328 1557 473 1626 ἀρχῇ
514 1558 842 1627 ἀρχομένου.

331 1740 426 1794 tis.

2008 575 2211 616 carens
2242 560 2540 630 principio,
2565 561 2658 629 qui
2690 559 2842 614 illum
2871 559 3072 614 habeat
3104 559 3406 628 principem
3428 559 3456 613 ?

2087 652 2286 706 Theod.
2321 652 2381 706 ιη
2416 646 2559 723 quos
2602 661 2687 708 cst
2724 652 3094 721 principatus,
3132 657 3268 705 sunt
3319 651 3593 721 triplices.

2007 740 2165 797 Unus
2224 742 2449 814 quidem
2505 744 2715 810 volens,
2767 742 2994 798 habebit
3040 742 3393 813 principem:
3450 744 3592 799 alios
3642 784 3654 805 ρ

2007 846 2104 900 per
2160 831 2269 885 vim
2320 839 2374 886 et
2406 832 2735 901 tyrannice:
2786 831 2933 886 alius
2985 845 3118 886 vero
3171 844 3351 900 neque
3382 831 3591 890 volens.

2009 935 2186 986 neque
2217 920 2269 973 vi
2301 919 2560 984 adactus.
2596 921 2667 973 At
2698 919 2859 975 Deus.
2888 934 3000 975 non
3033 928 3118 976 est
3150 920 3433 990 princeps,
3461 921 3591 990 quia

2008 1016 2203 1069 volunt
2228 1016 2265 1069 ii
2321 1030 2556 1086 quorum
2604 1023 2689 1069 est
2718 1014 3017 1084 princeps:
3070 1030 3140 1069 ne
3168 1029 3390 1077 rursus,
3425 1013 3472 1068 si
3502 1030 3595 1069 vc-

2011 1105 2135 1173 lint,
2168 1108 2218 1162 ei
2266 1107 2611 1164 succedant:
2660 1120 2724 1160 ac
2766 1114 3034 1177 praeterea
3066 1121 3175 1159 non
3207 1107 3406 1160 habeat
3440 1105 3595 1175 prin-

1994 1202 2252 1271 ~cipatum
2305 1202 2637 1267 naturalem,
2688 1218 2755 1256 ac
2798 1201 2964 1256 simul
3016 1200 3226 1269 absque
3276 1198 3591 1267 principio;

2012 1303 2204 1363 utpote
2238 1305 2365 1364 post
2398 1296 2760 1356 voluntatem,
2796 1302 2851 1348 et
2899 1308 3166 1362 nuperum
3199 1306 3262 1344 ac
3294 1291 3595 1343 inhonora-

2013 1392 2154 1449 tum,
2184 1386 2333 1440 sicut
2364 1385 2573 1441 dictum
2621 1393 2729 1440 est.
2778 1383 2888 1437 Sed
2923 1397 3026 1443 nec,
3066 1382 3179 1434 vim
3234 1393 3299 1433 ac
3344 1376 3595 1448 tyranni-

2013 1476 2135 1532 dem
2173 1493 2464 1548 passorum
2513 1478 2772 1548 princeps
2818 1484 2905 1529 est
2934 1494 2959 1545 :,
3001 1488 3178 1542 neque
3222 1471 3370 1525 enim
3405 1469 3595 1532 decet;

2018 1580 2217 1639 praeter
2270 1571 2484 1639 reliqua
2529 1570 2798 1624 absurda.
2850 1564 3041 1621 Restat
3077 1565 3246 1634 igitur
3286 1573 3349 1618 ut
3377 1561 3600 1615 dicatur
3698 1552 3703 1557 ’

334 1649 480 1705 Dens
514 1665 637 1706 esse
682 1650 963 1721 princeps,
1012 1665 1123 1707 non
1157 1659 1217 1705 ut
1266 1650 1532 1719 volentis,
1598 1669 1701 1710 nec
1758 1660 2105 1727 tyrannidem
2172 1664 2486 1727 subeuntis.
2539 1663 2637 1719 sed
2710 1660 2957 1717 naturali
3020 1656 3331 1727 principatu
3392 1653 3601 1709 baben-

414 1832 478 1886 ὀ
510 1836 729 1900 Σαρακ.
756 1834 869 1887 Καὶ
888 1833 972 1899 τίς
1003 1835 1150 1891 ἐστιν
1178 1837 1207 1889 6
1233 1838 1337 1892 ὑπὸ
1373 1838 1466 1918 τοῦ
1495 1824 1633 1892 Θεοῦ
1662 1838 1910 1909 φυσικῶς

2097 1841 2297 1896 Sarac.
2337 1840 2542 1911 Ecquis
2573 1847 2660 1895 est
2695 1838 2791 1909 qui
2825 1844 3024 1892 natura
3051 1832 3225 1889 Deum
3255 1830 3420 1886 habet
3448 1829 3604 1901 prin-

332 1924 638 1993 ἀρχόμενος
669 1943 685 1989 ς

405 2016 569 2072 Θεόδ.
603 2018 667 2069 Οἱ
707 2017 967 2089 ἄρχοντες
989 2020 1202 2090 τρισσοί
1221 2035 1237 2051 ⁶
1262 2023 1291 2076 6
1317 2022 1418 2090 μὲν
1439 2023 1570 2096 γὰρ,
1598 2025 1765 2098 ψήφῳ
1803 2030 1914 2082 τῶν

333 2106 657 2178 ἀρχομένων
681 2109 841 2179 ἄρχει
876 2126 891 2139 °
923 2110 951 2161 6
976 2110 1052 2171 δὲ,
1080 2112 1385 2179 τυραννίδι·
1419 2116 1447 2167 6
1478 2114 1555 2179 δὲ,
1583 2116 1767 2185 φύσει·
1799 2120 1916 2175 ἀλλ’

333 2198 363 2250 6
413 2199 512 2268 μὲν
569 2199 706 2264 Θεὸς
751 2202 918 2273 ψήφῳ
965 2203 1285 2273 ἀρχομένων
1336 2207 1436 2260 οὐκ
1487 2210 1665 2279 ἄρχει,
1711 2210 1797 2264 διὰ
1845 2213 1915 2267 τά

335 2293 712 2361 προειρημένα
744 2295 1065 2365 ἀνάρμοστα
1085 2298 1177 2350 ἐπὶ
1204 2297 1338 2351 Θεοῦ
1359 2299 1614 2370 λεχθῆναι
1643 2304 1918 2375 συμϐεϐη-

336 2380 504 2433 κότα’
532 2382 667 2434 ἀλλά
690 2385 809 2437 οὐδὲ
844 2388 1139 2457 τυραννίδι·
1175 2387 1269 2440 τοῦ
1293 2388 1427 2442 Θεοῦ
1460 2393 1567 2461 γὰρ
1602 2393 1634 2460 ἠ
1661 2397 1918 2465 τυραννὶς

342 2472 560 2543 μακρὰν
581 2474 1020 2545 ἀπορῤαπίζεται
1037 2493 1051 2507 ⁸
1081 2477 1467 2534 ὑπολέλειπται
1489 2482 1543 2535 δὲ
1564 2483 1672 2552 ἄρα
1691 2489 1719 2537 6
1738 2488 1920 2555 τρίτος

338 2561 561 2630 τρόπος.
595 2566 720 2618 καθ’
749 2566 807 2619 ὃν
836 2567 1054 2635 λέγεται
1084 2570 1112 2620 6
1137 2569 1268 2633 Θεὸς
1306 2572 1491 2640 ἄρχων
1526 2575 1705 2644 πάσης
1732 2576 1918 2646 ψήφου

339 2652 614 2759 ἀνώτερος
640 2694 655 2723 ,
688 2658 783 2711 καὶ
829 2660 1011 2730 πάσης
1041 2661 1356 2732 τυραννίδος
1386 2662 1670 2736 ἐλεύθερος
1696 2706 1711 2730 ,
1746 2668 1774 2720 ὃ
1804 2669 1919 2721 ὲττι

341 2759 526 2812 φυσει.

424 2927 478 2981 '0
506 2931 726 2996 Σαρακ.
762 2930 870 2984 Καὶ
911 2933 963 2984 τι
992 2933 1141 2986 ἐστιν
1179 2935 1210 2987 6
1236 2934 1343 2987 ὑπὸ
1373 2935 1467 2988 τοῦ
1511 2935 1646 2990 Θεοῦ
1673 2938 1916 3006 φυσικῶς

338 3020 639 3092 ἀρχόμενος
665 3035 680 3084 ;
1818 3075 1831 3083 .

414 3111 582 3166 Θεόδ.
622 3110 680 3163 Ὀ
704 3110 831 3173 Υἱὸς
856 3111 1043 3175 αὐτοῦ,
1068 3112 1137 3166 δι’
1166 3108 1228 3167 οὗ
1260 3114 1440 3184 ἄρχων
1470 3120 1565 3170 καὶ
1599 3118 1795 3189 Πατὴρ.
1818 3120 1919 3174 οὐκ

337 3200 616 3273 ἠργμένος
646 3203 676 3255 6
708 3201 840 3265 Θεὸς
868 3201 1228 3273 γνωρίζεται·
1254 3204 1387 3257 διότι
1425 3208 1654 3274 φυσικὸν
1687 3210 1921 3279 πρᾶγμα

340 3296 471 3359 πᾶν,
496 3294 597 3365 τῆς
626 3293 772 3348 κατά
795 3295 1114 3366 προαίρεσιν
1149 3294 1423 3366 θελήσεως
1446 3299 1809 3368 προτέθειται.

426 3471 480 3523 '0
506 3473 728 3537 Σαρακ.
762 3463 889 3523 Οἷον
919 3469 971 3522 τί
997 3471 1103 3539 φής
1129 3487 1144 3535 ;

414 3562 584 3617 Θεόδ.
617 3562 731 3634 Πρὸ
762 3563 871 3633 γὰρ
895 3560 991 3615 τοῦ
1022 3560 1199 3615 θέλειν
1230 3562 1510 3627 ἀναπνεῖν,
1545 3561 1884 3634 ἀναπνέομεν
1905 3578 1918 3594 ·

341 3654 441 3707 καὶ
463 3653 568 3724 πρὸ
595 3652 690 3706 τοῦ
734 3652 910 3706 θέλειν
939 3651 1189 3718 ἀκούειν,
1217 3653 1490 3722 ἀκούομεν
1510 3669 1523 3683 ⁸
1556 3654 1650 3707 καὶ
1682 3655 1788 3725 πρὸ
1826 3655 1921 3708 τοῦ

342 3744 517 3798 θέλειν
540 3745 692 3814 όρᾷν.
723 3743 1015 3814 βλέπομεν.
1056 3743 1189 3797 Ἰδοὺ
1215 3743 1347 3814 γὰρ,
1381 3745 1465 3805 σὺ,
1498 3738 1542 3797 ὦ
1571 3744 1782 3815 ἀρνητὰ
1822 3749 1923 3813 τῆς

342 3833 438 3888 τοῦ
469 3833 605 3888 Θεοῦ
635 3836 809 3903 Λόγου
845 3834 1122 3903 θεότητος,
1160 3835 1560 3900 ἀποδέδεικται,
1584 3821 1665 3892 ὅτι
1693 3839 1811 3892 ἐστὶ
1842 3840 1931 3911 τῷ

343 3925 465 3997 Θεῷ
503 3926 630 3991 Υἱὸς
669 3927 977 3996 όμοούσιος,
1016 3926 1353 3997 συνάναρχὸς
1409 3945 1469 3981 τε
1495 3930 1589 3983 καὶ
1624 3932 1919 3996 συναῒδιος,

344 4021 465 4082 ταῖς
506 4019 607 4089 τῆς
662 4019 919 4087 θεότητος
991 4019 1288 4089 ὑπεροχαῖς
1329 4020 1408 4089 τῷ
1454 4024 1744 4092 γεννήτορι
1790 4041 1917 4077 συν-

344 4109 743 4181 εδρεύων,ύπδ
790 4110 973 4178 πάσης
1010 4109 1246 4181 ἀοράτου
1292 4111 1386 4163 καὶ
1436 4111 1641 4180 ὁρατῆς
1692 4113 1926 4177 κτίσεως

343 4199 689 4271 Δημιουργδς
719 4198 814 4253 καὶ
834 4198 1111 4268 Δεσπότης
1144 4199 1240 4252 σὺν
1266 4197 1415 4267 αύτῷ
1444 4197 1839 4269 λατρευόμενός
1867 4218 1925 4254 τε

345 4291 441 4344 καὶ
470 4288 944 4360 προσκυνούμενος
963 4327 978 4352 ,
1008 4286 1100 4340 τὸν
1126 4286 1357 4357 οὐρανὸν
1397 4285 1537 4356 ἔχων
1563 4286 1753 4357 θρόνον
1780 4330 1795 4353 ,
1831 4290 1926 4342 καὶ

347 4382 446 4452 τὴν
478 4381 584 4451 γῆν
615 4381 937 4434 ὑποπόδιον·
969 4378 1050 4433 ἔτι
1083 4379 1142 4433 δὲ
1190 4379 1284 4431 καὶ
1326 4378 1681 4450 προφητικῶς
1727 4380 1925 4445 εἰπεῖν,

1947 3167 1989 3222 C

2017 1933 2192 2002 cipem
2216 1931 2240 1983 ?

2097 2022 2296 2078 Theod.
2352 2021 2625 2092 Triplices
2688 2030 2819 2076 sunt
2877 2016 3160 2089 principes
3201 2013 3392 2092 :alius
3452 2011 3600 2067 enim

2018 2114 2290 2177 suﬂragio
2318 2131 2511 2170 eorum
2538 2115 2742 2184 quibus
2770 2119 2988 2179 praeest,
3014 2110 3272 2179 princeps
3302 2083 3387 2163 εέι
3412 2124 3426 2159 :
3455 2105 3602 2161 alius

2019 2220 2115 2273 per
2145 2205 2517 2276 tyrannidem.
2553 2205 2697 2258 alius
2727 2210 2954 2257 natura.
2991 2199 3197 2255 Verum
3235 2197 3379 2253 Deus
3405 2209 3602 2251 eorum

2019 2298 2224 2367 quibus
2256 2304 2458 2367 praeest
2487 2296 2749 2365 suﬂ'ragio
2780 2310 2886 2348 non
2915 2304 2998 2348 est
3028 2292 3287 2361 princeps
3313 2306 3329 2356 ;
3367 2288 3440 2343 ob
3471 2301 3605 2358 prte-

2021 2389 2170 2443 dicta
2202 2390 2508 2457 incongrua
2559 2403 2682 2457 quae
2723 2387 2791 2441 de
2831 2385 2941 2440 Deo
2979 2383 3212 2439 dicenda
3241 2388 3429 2436 essent
3458 2396 3473 2432 :
3506 2379 3602 2433 sed

2021 2494 2199 2546 neque
2235 2494 2329 2547 per
2355 2478 2725 2548 tyrannidem;
2762 2474 3013 2546 tyrannis
3040 2473 3184 2526 enim
3212 2468 3404 2540 procul
3436 2481 3466 2520 a
3494 2465 3604 2521 Deo

2022 2567 2401 2636 proﬂigator:
2459 2573 2712 2635 superest
2769 2564 2955 2631 itaque
2990 2560 3189 2615 tertius
3241 2557 3459 2617 modus.
3493 2570 3605 2625 quo

2027 2659 2169 2713 Deus
2195 2659 2403 2713 dicitur
2440 2658 2698 2727 princeps
2747 2654 2896 2707 omni
2946 2651 3210 2729 suffragio
3241 2647 3519 2719 superior.
3551 2655 3605 2701 ct

2023 2751 2092 2803 ab
2138 2752 2290 2804 omni
2343 2749 2642 2820 tyrannide
2689 2748 2848 2812 liber,
2887 2746 2981 2815 qui
3045 2752 3134 2798 est
3185 2741 3381 2796 modus
3437 2745 3604 2793 natu-

2023 2844 2177 2897 ralis.

2095 2931 2288 2986 Sarac.
2324 2930 2389 2982 Et
2420 2929 2668 3001 quislest
2700 2928 2797 2999 qui
2850 2928 3025 2982 Deum
3075 2922 3406 2979 naturaliter
3446 2920 3604 2991 prin-

2021 3023 2196 3091 cipem
2231 3022 2436 3075 habet?

2053 3158 2061 3164 .
2098 3112 2294 3166 Theod.
2361 3111 2539 3167 Filius
2586 3112 2742 3179 ejus;
2793 3126 2891 3181 per
2930 3124 3093 3180 quem
3139 3106 3303 3169 Deus,
3344 3102 3611 3174 princeps

2021 3210 2077 3257 et
2116 3203 2278 3256 Pater
2312 3217 2423 3255 non
2454 3211 2674 3271 cceptus
2724 3217 2821 3255 seu
2867 3201 3077 3268 absque
3108 3197 3384 3266 principio
3431 3208 3610 3265 agno-

2023 3293 2219 3348 scitur.
2257 3291 2396 3357 Quia
2432 3293 2616 3346 omnis
2659 3306 2749 3345 res
2795 3290 3073 3344 naturalis
3120 3282 3462 3342 voluntatem
3496 3285 3613 3342 cie-

2023 3383 2227 3438 ctionis
2261 3382 2547 3452 praecellit.

2039 3510 2047 3531 .
2093 3471 2280 3527 Sarac.
2313 3472 2455 3537 Quid
2492 3471 2642 3527 verbi
2670 3470 2850 3539 gratia
2892 3468 3012 3523 ais?

2110 3548 2307 3621 Theod.
2342 3568 2483 3618 Ante
2528 3564 2673 3619 enim
2708 3578 2870 3632 quant
2902 3560 3136 3615 velimus
3190 3559 3486 3628 respirare,
3518 3572 3609 3612 rc-

2026 3657 2338 3727 spiramns;
2390 3666 2442 3708 et
2473 3662 2769 3723 antequam
2801 3652 3038 3707 velimus
3068 3649 3282 3715 audire,
3312 3648 3604 3713 audimus;

2025 3759 2079 3805 ct
2111 3759 2406 3818 antequam
2442 3747 2680 3802 velimus
2718 3745 2931 3807 videre,
2977 3742 3248 3799 videmus.
3301 3740 3380 3796 En
3414 3741 3605 3811 igitur,

2025 3850 2139 3915 otu
2185 3852 2413 3909 negator
2461 3838 2778 3893 divinitatis
2812 3836 2977 3892 Verbi
3006 3835 3126 3904 Dei,
3162 3837 3607 3889 demonstratum

2027 3931 2288 4002 estquod
2332 3930 2443 3986 Deo
2483 3940 2569 3987 est
2624 3929 2802 3986 Filius
2852 3927 3367 3993 consubstantialis,
3410 3940 3607 3981 carens

2031 4033 2089 4075 ut
2121 4023 2213 4077 ille
2265 4022 2560 4093 principio,
2623 4029 2679 4076 et
2723 4033 3058 4089 coaeternus,
3113 4019 3465 4076 excellentiis
3524 4017 3609 4071 di-

2029 4116 2279 4170 vinitatis
2300 4130 2424 4170 cum
2450 4115 2705 4184 genitore
2728 4114 3054 4182 praesidens,
3085 4115 3154 4168 ab
3181 4113 3331 4167 omni
3353 4121 3609 4168 creatura

2029 4205 2411 4275 inaspectabili
2442 4215 2496 4261 et
2527 4207 2851 4276 aspectabili
2882 4216 3141 4273 tanquam
3168 4204 3396 4259 Creator
3429 4212 3483 4258 et
3504 4202 3611 4258 Do-

2030 4298 2214 4351 minus
2241 4310 2367 4352 cum
2398 4299 2516 4367 ipso
2543 4298 2728 4352 cultus
2759 4304 2814 4352 et
2845 4297 3128 4357 adoratus.
3152 4295 3246 4365 qui
3277 4295 3476 4352 caelum
3510 4309 3613 4365 pro

2029 4389 2234 4444 throno
2265 4390 2453 4454 habet,
2479 4406 2542 4445 ac
2566 4400 2775 4444 terram
2809 4406 2910 4460 pro
2937 4389 3217 4451 scabello;
3250 4388 3627 4457 insuperque,

348 4472 599 4543 σπιθαμῇ
622 4472 714 4527 τὸν
735 4471 963 4549 οὐρανὸν
997 4468 1236 4541 μετρῶν,
1264 4471 1360 4524 καὶ
1390 4469 1488 4540 τὴν
1515 4470 1618 4539 γῆν
1648 4470 1829 4540 δρακὶ,
1862 4466 1914 4540 οἷ

2033 4489 2089 4534 ιιι
2134 4480 2454 4550 prophetice
2486 4481 2721 4544 dicatur,
2767 4483 2859 4550 qui
2908 4481 3091 4550 palmo
3129 4479 3331 4533 coelum
3362 4477 3609 4540 metitur,

350 4565 529 4618 πάντα
562 4563 633 4618 τὰ
657 4562 789 4635 εθνη
805 4562 1053 4627 ἐνώπιον,
1083 4560 1159 4624 ὡς
1184 4559 1325 4633 ῥοπὴ
1354 4559 1541 4629 ζυγοῦ,
1571 4562 1665 4615 καὶ
1694 4562 1771 4625 ὡς
1794 4579 1922 4617 στα-

349 4655 466 4727 γὼν
495 4656 604 4710 ἀπὸ
628 4656 816 4713 κάδον.

2031 4580 2087 4626 et
2114 4582 2314 4624 terram
2362 4585 2585 4641 pugno;
2630 4580 2759 4625 ante
2809 4572 2973 4637 cujus
3024 4576 3380 4638 conspectum
3415 4582 3607 4623 omnes

2032 4668 2223 4729 gentes
2270 4669 2400 4713 sunt
2463 4660 2622 4728 quasi
2682 4671 3019 4715 momentum
3056 4668 3297 4722 statera},
3343 4666 3398 4714 et
3448 4658 3606 4727 quasi

2032 4752 2180 4805 stilla
2211 4752 2280 4808 de
2312 4752 2553 4808 situlan'.

1879 4859 2069 4917 XXVI.

360 4952 472 5008 Τοῦ
500 4953 686 5007 αὑτοῦ
708 4952 974 5018 διάλεξις
1008 4952 1515 5021 ἀποδεικτύρυσα,
1542 4950 1630 5021 ὅτι
1664 4953 1697 5004 6
1728 4951 1931 5021 Πατὴρ

585 5024 677 5076 ἀεὶ
709 5021 914 5091 γεννᾷ,
938 5026 971 5077 6
996 5022 1064 5075 δὲ
1102 5021 1236 5087 Υἱὸς
1260 5020 1353 5075 ἀεὶ
1388 5019 1689 5089 γεννᾶται.

2044 4953 2306 5008 Theodori
2364 4955 2605 5021 monachi
2648 4923 3034 5010 demonstratio
3081 4954 3244 5025 (56'),
3282 4954 3421 5025 quod
3446 4953 3614 5010 Pater

2113 5040 2315 5093 semper
2346 5034 2584 5096 generat,
2620 5024 2798 5080 Filius
2820 5037 2997 5081 autem
3021 5024 3224 5095 semper
3251 5024 3555 5095 generatur.

1695 5135 1939 5184 Turriano
1964 5138 2241 5200 interprete

425 5220 744 5286 Αιρετικός.
779 5218 1013 5288 Πότερόν
1059 5234 1137 5271 σοι
1170 5217 1317 5271 δοκεῖ
1328 5235 1344 5284 ;
1397 5220 1505 5272 πᾶν
1538 5219 1599 5271 τὸ
1631 5219 1709 5282 εἰς
1763 5220 1933 5289 πέρας

359 5314 513 5369 ἔλθὸν
535 5313 756 5384 ήρξατο,
787 5313 820 5383 ἢ
856 5311 948 5375 οῦς

358 5440 537 5504 n'lsa.
574 5464 662 5510 xc,
705 5448 789 5499 l2.
836 5448 918 5499 l5.

2118 5222 2637 5279 llmeticusﬂtrum
2674 5223 2769 5278 tihi
2804 5223 3048 5287 videtur,
3078 5235 3241 5275 omne
3276 5216 3422 5290 quod
3456 5215 3522 5271 ad
3547 5215 3610 5271 li-

2034 5318 2167 5369 ‘nem
2209 5317 2380 5379 venit,
2413 5317 2600 5385 carpit,
2636 5331 2703 5369 an
2731 5316 2879 5369 non?

1872 5557 1908 5609 Ν
1917 5557 2005 5612 UT
2015 5559 2077 5612 ,ιτ
2088 5598 2102 5613 .

431 5654 565 5724 (56‘)
612 5655 763 5708 lluue
804 5655 1021 5708 titulum
1053 5654 1283 5708 habebat
1327 5656 1508 5708 vrrsiu
1550 5653 1829 5709 'l'nrrinni.
1865 5655 1919 5709 lu

366 5728 534 5784 altero
570 5725 691 5781 cod.
741 5725 1041 5789 Baval’ico,
1088 5725 1364 5796 θεοδώρου
1408 5727 1781 5796 πρεσϐυτέρου
1830 5728 1923 5788 τῆς

2044 5654 2282 5720 Ὶάϊίιοῦ,
2307 5652 2564 5708 Theodori
2588 5652 2872 5722 presbyteri
2904 5650 3114 5708 linit/tu.
3141 5649 3426 5722 Secundus
3445 5650 3614 5707 cndu

2036 5726 2230 5781 llavar.
2301 5724 2405 5777 ἰὀὖ
2461 5722 2626 5777 αὑτοῦ
2685 5721 2917 5787 διαλεξις
2971 5721 3443 5790 ἀποδεικνύουτα,
3501 5730 3618 5777 etc.
