3912 6202
202 295 317 361 1569

1542 290 1931 356 OPUSCULA
1945 338 1960 354 .

3267 294 3405 361 1370

84 432 87 435 ·
196 409 346 471 τοῦτο,
376 405 468 462 τδν
516 406 621 477 μιν
647 406 780 463 Θεὸν
819 403 1229 478 κατηγοροῦμεν
1258 403 1403 459 κατὰ
1445 406 1545 474 τῆς
1596 405 1733 458 ὐπο-

1851 417 1965 456 rain
2017 370 2281 473 tanquam
2335 404 2580 471 nudam,
2608 412 2663 461 et
2703 405 2828 462 sine
2873 406 3152 478 personis,
3185 408 3407 464 ratione

195 498 432 561 στάσεως.
474 497 561 560 Ὠς
609 498 670 550 ἐν
720 495 1019 550 ὑποστάσει
1073 492 1470 564 θεωρούμενον,
1520 492 1619 562 τὴν
1677 491 1735 545 δὲ

193 586 403 655 θεότητα
455 585 726 654 οὐδαμῶς,
766 586 841 649 ὡς
875 583 997 639 καθ’
1023 584 1226 654 ἑαυτὴν
1254 579 1442 648 οὖσαν,
1473 582 1567 636 καὶ
1607 581 1737 641 ἄνευ

192 674 522 736 ὓποστὰσεως
548 673 950 745 θεωρούμενην.

1844 499 2060 548 tantum
2112 495 2521 551 consideratam
2600 496 2985 566 intelligimus,
3043 506 3099 553 ct
3146 498 3403 563 dicimus,

1840 580 2053 638 idcirco
2082 585 2255 639 Deum
2294 585 2664 656 praedicamus
2686 586 2755 641 de
2784 588 3108 658 bypostase,
3141 596 3404 654 tanquam

1838 670 1893 723 in
1929 672 2226 743 hypostase
2252 675 2704 741 consideratutu;
2744 675 3008 732 Deitatem
3041 691 3174 731 vero
3203 688 3408 745 nequa-

190 779 358 837 quam,
395 767 414 837 (
436 782 544 821 non
575 767 722 822 enim
757 766 999 822 dicimus
1031 784 1046 821 :
1079 767 1246 822 Pater
1280 777 1364 823 est
1390 765 1600 828 Deitas,
1637 761 1734 818 sed
1763 761 1928 836 Deus)
1988 776 2253 839 tanquam
2311 785 2409 839 per
2464 785 2525 825 se
2548 809 2564 836 ,
2638 779 2695 826 et
2720 772 2895 827 solmn
2956 771 3079 827 sine
3155 770 3408 842 personis

190 857 602 913 consideratam.

259 950 449 1006 Ἰστὲον
502 950 634 1022 γὰρ.
674 950 757 1004 δτι
790 951 825 1021 ὴ
868 949 1070 1021 Θεότης
1112 950 1214 1004 οὐκ
1282 949 1431 1002 ἔστιν
1473 946 1601 1002 ἄνευ
1628 937 1737 998 τῶν

184 1041 339 1112 τριῶν
395 1042 770 1094 ὐποστάσεων.
825 1039 1186 1111 Θεωρουμένη
1248 1040 1306 1093 δὲ
1367 1038 1492 1093 καθ’
1545 1037 1734 1109 αὐτὴν,

169 1132 304 1188 -ᾱνευ
329 1131 435 1184 τῶν
459 1132 811 1185 ὐποστάσεων
837 1132 1143 1201 θεωρεῖται.
1185 1131 1292 1184 Καὶ
1327 1134 1436 1202 γὰρ
1458 1126 1491 1200 ἠ
1513 1130 1735 1200 θεωρία,

185 1223 278 1276 οὐκ
307 1222 417 1276 εστι
452 1222 726 1293 κωλυτικὴ
756 1222 857 1291 τῆς
889 1222 1198 1292 ὑπάρξεως
1233 1222 1356 1274 ἐπεὶ
1393 1223 1501 1290 γὰρ
1537 1223 1570 1291 ἡ
1613 1220 1740 1274 Θεό-

182 1329 275 1384 της
318 1312 436 1366 καθ’
465 1314 665 1383 ἑαυτὴν
716 1313 1003 1383 νοουμένη,
1039 1312 1202 1382 φύσις
1249 1312 1380 1368 ἄνευ
1426 1312 1734 1382 ἰδιωμάτων

183 1405 392 1468 miras,
431 1402 590 1466 δῆλον
651 1403 733 1455 ὅτι
781 1402 878 1455 καὶ
937 1401 1064 1455 ἄνευ
1108 1402 1476 1456 ὐποστάσεων.
1510 1402 1572 1454 Ei
1623 1402 1733 1471 γὰρ

183 1493 372 1545 νοεῖται
426 1490 547 1544 καθ’
572 1492 807 1558 ἑαυτὴν,
835 1488 973 1559 μετὰ
1025 1490 1411 1553 ὐποστάσεων,
1449 1489 1690 1557 δηλονότι
1715 1528 1730 1551 ,

182 1579 274 1631 καὶ
325 1577 459 1647 μετὰ
501 1577 827 1647 ἰδιωμάτων,
858 1577 995 1646 ὅπερ
1044 1579 1141 1647 οὐχ
1194 1579 1466 1632 ὑπέκειτο.
1500 1577 1643 1642 Ἐτι,
1671 1576 1733 1630 τὸ

185 1665 261 1735 μὴ
286 1665 576 1735 δυνάμενον
608 1665 847 1719 νοεῖσθαι
872 1664 999 1719 ἄνευ
1038 1666 1220 1734 ἄλλον,
1252 1667 1465 1736 ἀνάγκη
1508 1666 1646 1736 πρός
1679 1684 1730 1719 τι

1909 940 2323 998 Advertendum
2375 951 2559 999 autem
2600 951 2705 1008 est,
2759 944 2906 1015 quod
2967 943 3150 1000 Deitas
3191 954 3409 1000 nonest

1837 1031 1958 1087 sine
1988 1031 2168 1088 ti-ihus
2213 1035 2488 1102 personis.
2548 1032 2914 1089 Considerata
2956 1050 3089 1090 vero
3140 1052 3240 1106 per
3266 1051 3326 1091 se
3355 1045 3411 1091 et

1836 1125 1978 1185 sola,
2014 1127 2134 1179 sine
2171 1127 2428 1194 personis
2464 1125 2869 1179 consideratur.
2902 1125 3184 1195 Siquidem
3218 1127 3405 1182 consi-

1835 1213 2051 1266 deratio
2086 1228 2192 1265 non
2228 1214 2479 1282 prohibet
2509 1214 2920 1269 easistentiam.
2954 1215 3092 1279 Quia
3123 1217 3267 1269 enim
3285 1215 3410 1269 Dei-

1838 1312 1926 1357 tas
1953 1303 2253 1358 secundum
2284 1320 2341 1356 se
2367 1305 2740 1367 considerata,
2775 1312 2972 1357 natura
3004 1306 3127 1358 sine
3152 1305 3407 1387 proprie-

1838 1397 2043 1451 tatibus
2079 1398 2429 1466 intelligitur,
2469 1398 2640 1466 liquet
2683 1398 2806 1452 sine
2859 1400 3253 1469 hypostasibus
3273 1414 3408 1453 con-

1836 1487 2110 1554 siderari;
2144 1491 2188 1542 si
2226 1489 2371 1540 enim
2420 1487 2809 1541 consideratur
2856 1503 2954 1557 per
2985 1504 3043 1543 se
3071 1504 3193 1542 cum
3233 1488 3408 1559 hypo-

1837 1580 2104 1642 stasilms,
2158 1578 2334 1646 liquet
2383 1577 2728 1631 considerari
2778 1592 2904 1637 cum
2949 1580 3402 1647 proprietatibus,

1837 1669 1979 1738 quod
2021 1669 2240 1738 quidem
2269 1683 2376 1721 non
2409 1677 2528 1722 erat
2561 1667 2823 1736 positum.
2854 1667 3081 1731 Deinde,
3114 1667 3260 1737 quod
3291 1683 3404 1721 non

182 1746 333 1814 εἶναι,
373 1753 467 1806 καὶ
522 1753 621 1805 οὐκ
673 1753 881 1809 οὐσίαν.
940 1751 1009 1805 Ἥ
1050 1753 1107 1805 δὲ
1156 1752 1360 1824 Θεότης
1398 1754 1460 1806 οὐ
1511 1749 1653 1823 πρός
1687 1754 1738 1807 τι

1851 1767 2025 1829 potest
2060 1757 2291 1827 intelligi
2347 1758 2467 1811 sine
2518 1757 2652 1819 alio,
2705 1771 2935 1810 necesse
2980 1764 3066 1810 est
3097 1757 3163 1808 ad
3199 1753 3409 1825 aliquid

181 1846 341 1905 ἔστιν.
365 1844 478 1897 ἀλλ’
511 1844 832 1915 ὐπερούσιος
889 1844 1087 1898 οὐσίαο
1137 1843 1281 1899 ὥστε
1322 1845 1549 1898 δύναται
1606 1844 1741 1898 θεω-

185 1933 386 2003 ρεῖσθαι
411 1933 533 1987 καθ’
563 1935 762 2004 ἑαυτὴν
795 1936 986 2005 μόνην,
1022 1919 1117 1988 κώ
1142 1937 1203 1989 οὐ
1239 1938 1375 2007 μετὰ
1405 1936 1566 1991 ἄλλου
1590 1947 1606 1962 ’
1635 1936 1735 2002 ἔτι,

180 2021 412 2094 ὥσπερό
456 2023 738 2095 ἄνθρωπος
781 2024 880 2078 οὐκ
922 2025 1068 2079 ἐστιν
1108 2026 1237 2079 ἄνευ
1288 2027 1479 2092 τόπου,
1506 2026 1740 2097 θεωρού-

78 2178 83 2185 _
180 2129 338 2182 μενος
389 2112 445 2166 δὲ
500 2114 621 2167 καθ’
651 2115 833 2175 αὐτὸν.
865 2117 957 2169 καὶ
1017 2115 1353 2186 ὁριζόμενος.
1389 2116 1517 2170 ἄνευ
1574 2118 1739 2170 τόπου

144 2201 459 2273 σθεωρεῖται
507 2207 602 2257 καὶ
659 2205 918 2275 ὁρίζεται.
954 2206 1073 2258 Ἔτι
1126 2208 1235 2277 μὴν
1267 2208 1361 2259 καὶ
1397 2208 1429 2276 ἠ
1460 2206 1607 2278 ψυχὴ
1643 2205 1740 2261 τοῦ

177 2294 464 2364 ἀνθρώπου
515 2296 715 2360 ζῶντος
765 2297 952 2361 αὐτοῦ,
982 2298 1083 2350 οὐκ
1116 2297 1263 2351 ἔστιν
1298 2298 1428 2352 ἄνευ
1468 2301 1737 2366 σώματος,

176 2380 529 2454 θεωρουμένη
571 2385 628 2437 δὲ
665 2385 784 2440 καθ’
813 2386 1015 2457 ἑαυτὴν
1043 2389 1172 2441 ἄνευ
1216 2387 1402 2440 τούτου
1432 2386 1737 2459 θεωρεῖται.

175 2470 362 2534 Οὕτως
389 2475 484 2526 καὶ⁸
509 2476 542 2543 ἡ
572 2474 776 2546 Θεότης
799 2478 929 2531 ἄνευ
966 2477 1066 2546 μὲν
1100 2477 1214 2531 τῶν
1244 2479 1600 2532 ὐποστάσεων
1637 2479 1740 2531 οὐκ

171 2558 335 2612 ἐστι·
369 2561 717 2638 θεωρουμένη
762 2567 818 2620 δὲ
882 2569 1004 2622 καθ’
1063 2569 1297 2640 ἑαυτὴν,
1349 2570 1476 2623 ἄνευ
1536 2567 1741 2622 τούτων

175 2647 488 2718 θεωρεῖται.

244 2743 435 2808 Αἱρεῖ.
472 2743 635 2797 Ἀλλο
663 2745 710 2778 ⁸⁸
734 2748 844 2820 γάρ
876 2751 1024 2828 ἐστιν
1065 2750 1260 2820 οὐσία,
1293 2750 1390 2805 καὶ
1434 2750 1564 2806 ἄλλο
1602 2751 1739 2806 ὑπό-

170 2848 365 2895 στασις
390 2848 407 2899 ;

261 2921 651 2990 Ὀρθόδ.¹Ἀλλο
677 2929 769 2979 καὶ
798 2927 924 2981 ἄλλο
943 2969 957 2992 ,
982 2931 1081 3000 οὐχ
1112 2931 1187 2994 ὡς
1210 2922 1440 3002 πρᾶγμα
1466 2932 1615 2998 ἄλλο,
1644 2935 1739 2988 καὶ

165 3016 324 3079 ἄλλο,
350 3015 474 3069 ἄλλο
498 3033 549 3068 τι
574 3019 939 3089 σημαινούσης
970 3022 1066 3090 τῆς
1097 3022 1466 3085 ὑποστάσεως,
1493 3025 1586 3077 καὶ
1611 3025 1738 3079 ἄλλο

164 3109 276 3177 τῆς
306 3108 514 3169 οὐσίας,
545 3108 620 3171 ὡς
656 3112 683 3162 6
710 3112 907 3172 κόκκος
945 3111 1042 3163 τοῦ
1075 3114 1221 3164 σίτου
1253 3113 1471 3180 λέγεται
1497 3118 1738 3185 σπέρμα,

168 3195 272 3248 καὶ
311 3196 541 3267 καρπὸς.
566 3197 663 3265 οὐχ
693 3197 768 3260 ὡς
802 3200 1036 3268 πρᾶγμα
1069 3198 1228 3262 ἄλλο,
1264 3201 1358 3252 καὶ
1392 3200 1536 3253 ἄλλο.
1580 3202 1743 3253 ’Άλλο

164 3287 230 3340 δέ
264 3304 318 3338 τι
349 3288 604 3357 σημαίνει
637 3288 699 3340 τὸ
731 3292 983 3358 σπέρμα,
1015 3291 1106 3341 καὶ
1147 3290 1274 3343 ἄλλο
1299 3294 1326 3343 ό
1355 3291 1568 3360 καρπός
1590 3331 1603 3351 .
1636 3293 1741 3356 δτι,

164 3377 235 3429 τὸ
312 3376 412 3447 μὲν
478 3379 698 3446 σπέρμα
765 3378 862 3429 τοῦ
948 3379 1229 3449 μέλλοντός
1292 3381 1409 3431 ἐστι
1470 3379 1742 3448 γεωργίου

166 3466 440 3537 σπέρμα,
484 3469 514 3521 ὁ
554 3468 611 3519 δὲ
656 3468 869 3539 καρπὸς
918 3468 1012 3521 τοῦ
1064 3468 1428 3539 παρελθόντος
1473 3469 1740 3541 γεωργίου

162 3556 409 3629 καρπός.

229 3650 427 3718 Αἱρστ.
489 3648 555 3702 Τί
585 3649 895 3721 σημαίνειή
930 3648 1087 3703 οὐσία
1116 3668 1131 3717 ;
1164 3652 1259 3703 καὶ
1300 3650 1351 3703 τί
1396 3650 1735 3723 ὐπόστασις;

255 3822 488 3892 Ὄρθόδ.
518 3824 583 3878 Ἠ
633 3808 790 3877 οὐσία
845 3824 942 3894 τὴν
994 3826 1279 3896 κοινότητα
1337 3827 1615 3896 σημαίνει,
1648 3831 1744 3882 καὶ

158 3914 225 3968 εἴ
248 3912 305 3967 τί
341 3914 487 3967 ἐστιν
518 3914 648 3968 ἴδιον
683 3915 784 3985 τῆς
812 3918 1022 3982 οὐσίας,
1051 3919 1211 3971 τοῦτο
1250 3922 1427 3975 κοινὸν
1455 3923 1563 3976 τῶν
1602 3924 1737 3976 ὐπο-

161 4006 425 4057 στάσεων
445 4005 555 4056 τῶν
581 4004 686 4059 ὐπὸ
721 4006 820 4077 τὴν
848 4008 1034 4061 οὐσίαν
1059 4024 1073 4039 ο
1109 4013 1142 4080 ἡ
1187 4011 1243 4063 δὲ
1276 4011 1575 4076 ὑπόστασις
1613 4013 1741 4066 ἰδιό-

157 4111 314 4167 τητα
367 4093 501 4165 ἔχει,
548 4096 669 4166 ἥτις
716 4096 815 4150 οὐκ
872 4097 986 4150 ἐστι
1037 4100 1190 4170 κοινὴ
1243 4100 1352 4154 τῶν
1411 4104 1511 4171 τῆς
1571 4102 1739 4156 αὐτοῦ

154 4186 366 4251 οὐσίας
430 4187 803 4251 ὐποστάσεων,
852 4190 988 4258 μετά
1022 4192 1115 4243 καὶ
1159 4191 1254 4244 τοῦ
1288 4193 1523 4264 ἀριθμὸν
1562 4195 1743 4248 ἐπιδέ-

152 4293 225 4348 Xa
236 4276 388 4330 σθαι.

240 4367 433 4435 Αἱρεῖ.
485 4365 549 4419 Ἡ
577 4365 684 4438 γὰρ
713 4366 871 4420 οὐσία
905 4369 1004 4421 οὐκ
1042 4367 1153 4439 ἔχει
1186 4369 1460 4442 ἰδιότητα;

245 4538 478 4614 Ὀρθόδ.
507 4544 643 4600 Οὔτε
685 4546 945 4618 ἰδιότητος
981 4549 1218 4618 μετέχει,
1264 4549 1339 4620 μὴ
1369 4548 1534 4621 οὐσης
1562 4552 1747 4622 κοινῆς

154 4639 282 4693 τῶν
300 4638 403 4707 τῆς
430 4637 617 4701 οὐσίας
642 4638 994 4692 ὐποστάσεων
1018 4655 1032 4668 ο
1057 4638 1181 4691 οὐτε
1213 4639 1320 4708 γὰρ
1350 4640 1473 4710 ἀριθ
1484 4640 1582 4710 μὸν
1608 4640 1748 4711 πλη-

1839 1864 1983 1912 esse,
2017 1858 2074 1903 et
2126 1862 2235 1901 non
2280 1847 2683 1911 substantiam;
2736 1845 2915 1900 Deitas
2970 1856 3148 1899 autc-tn
3186 1861 3293 1903 non
3325 1853 3411 1900 est

1841 1938 1909 1993 ad
1942 1938 2173 2007 aliquid,
2210 1937 2301 1991 sed
2331 1945 2416 1991 est
2448 1937 2759 1991 substantia
2807 1951 2970 2005 supra
3004 1937 3407 2003 substantiam;

1838 2043 2014 2100 quare
2069 2035 2251 2097 potest
2309 2028 2650 2081 considerari
2704 2042 2800 2097 per
2853 2042 2912 2082 se
2947 2029 3157 2087 solam.
3220 2035 3410 2083 etnon

1840 2137 1967 2178 cum
2001 2121 2133 2174 alio.
2180 2120 2413 2183 ltursus,
2463 2120 2609 2172 sicut
2649 2119 2812 2173 homo
2840 2133 2949 2171 non
2986 2130 3070 2173 est
3102 2118 3224 2172 sine
3261 2118 3409 2181 loco,

1841 2212 2228 2267 consideratus
2275 2225 2405 2263 vero
2458 2225 2556 2279 per
2589 2225 2669 2273 se,
2718 2219 2772 2265 et
2823 2209 3108 2274 deﬁnitus,
3140 2209 3257 2263 sine
3289 2210 3411 2262 loco

1840 2301 2246 2366 cnosideratnr,
2300 2308 2355 2355 et
2413 2300 2700 2356 deﬁnitur.
2768 2300 2901 2353 Item
2953 2301 3133 2351 anima
3171 2298 3410 2352 hominis

1840 2393 2076 2447 viventis
2118 2408 2227 2445 non
2276 2398 2359 2445 est
2408 2392 2529 2445 sine
2579 2405 2836 2458 corpore;
2881 2390 3229 2443 considerata
3279 2385 3411 2443 vero

1842 2499 1938 2554 per
1960 2497 2043 2545 se,
2077 2482 2196 2536 sine
2237 2495 2470 2550 corpore
2494 2480 2900 2535 consideratur.
2945 2477 3036 2532 Sic
3074 2478 3258 2533 Deitas
3289 2478 3411 2533 sine

1842 2573 2100 2643 personis
2139 2587 2247 2626 uon
2297 2580 2415 2642 est;
2453 2569 2806 2626 considerata
2852 2584 2982 2625 vero
3026 2584 3125 2639 per
3152 2584 3234 2632 se,
3288 2570 3413 2624 sine

1844 2664 1929 2719 his
1955 2662 2381 2717 consideratur.

1904 2756 2104 2808 Hu'rei.
2166 2751 2332 2807 Aliud
2385 2762 2542 2807 estne
2587 2750 2925 2817 substantia,
2967 2762 3023 2806 et
3063 2750 3211 2806 aliud
3241 2749 3412 2823 hypo-

1841 2843 2010 2898 Stasis
2032 2843 2059 2898 Ἰ

1914 2932 2137 2987 Ortliod.
2176 2932 2340 2986 Aliud
2389 2942 2444 2986 et
2491 2932 2663 2998 aliud,
2703 2948 2812 2987 non
2878 2939 3139 3000 tanquam
3188 2945 3279 2985 res
3305 2930 3414 2984 alia

1826 3030 1894 3094 ιρι
1926 3022 2072 3075 alia:
2116 3022 2211 3075 sed
2255 3030 2515 3089 tanquam
2569 3021 2715 3073 aliud
2765 3018 3040 3089 signiﬁcet
3070 3019 3412 3090 hypostasis,

1842 3117 1896 3162 et
1926 3106 2073 3160 aliud
2104 3109 2454 3173 substantia;
2487 3107 2634 3161 sicut
2683 3123 2918 3177 granum
2975 3107 3234 3177 frtuuenli
3276 3106 3417 3160 dici-

1812 3254 1815 3255 .
1844 3207 1934 3248 tur
1959 3206 2015 3247 et
2042 3203 2129 3248 est
2162 3209 2345 3246 semen
2387 3202 2441 3246 et
2472 3193 2707 3252 fructus.
2754 3212 2862 3248 non
2898 3204 3155 3263 tanquam
3190 3209 3279 3249 res
3309 3195 3416 3249 alia

1849 3294 1904 3337 et
1935 3282 2064 3334 alia.
2115 3280 2278 3333 Aliud
2322 3294 2455 3332 vero
2487 3279 2761 3348 signiﬁcat
2788 3295 2998 3343 semen,
3028 3289 3081 3333 et
3110 3280 3258 3332 aliud
3292 3278 3416 3332 frn-

1845 3384 2007 3438 ctus;
2048 3371 2309 3442 quoniam
2352 3385 2538 3424 semen
2565 3371 2785 3439 quidem
2842 3385 3030 3424 semen
3098 3378 3181 3423 est
3218 3369 3416 3424 futura:

1846 3465 2228 3536 agriculturae;
2284 3461 2503 3516 fructus
2543 3474 2676 3516 vero
2730 3459 3027 3529 praeteritie
3063 3457 3420 3528 agriculturae

1844 3557 2057 3611 frui-tus
2086 3560 2188 3608 est.
2849 3581 2881 3598 χ

1918 3646 2119 3701 llwrer.
2159 3641 2296 3709 Quid
2363 3640 2639 3713 signiﬁcat
2675 3639 3037 3696 substantia?
3072 3646 3126 3694 et
3165 3635 3296 3706 quid
3322 3636 3423 3709 hy-

1846 3738 2087 3810 postasis
2108 3735 2132 3789 7

1920 3827 2143 3885 Orthod.
2182 3824 2499 3881 Substantia
2549 3821 2827 3892 signiﬁcat
2858 3820 2990 3891 quid
3019 3833 3334 3882 commune,
3366 3823 3423 3875 et
3476 3870 3482 3875 .

1846 3923 1889 3977 si
1924 3922 2057 3991 quid
2102 3928 2189 3973 est
2233 3917 2518 3988 proprium
2585 3914 2934 3976 substantiae,
2978 3913 3080 3967 hoc
3128 3927 3423 3966 commune

1843 4024 1929 4069 est
1974 4015 2367 4084 hypostaseon,
2422 4023 2545 4077 qua:
2591 4017 2715 4060 sunt
2771 4007 2963 4059 subter
3000 4004 3414 4067 substantiam;

1845 4103 2157 4176 liypostasis
2204 4108 2387 4154 autem
2438 4096 2603 4168 ωε
2634 4096 3022 4166 proprietatem
3071 4093 3254 4154 habet,
3289 4108 3414 4162 qua:

1843 4213 1953 4253 non
1981 4203 2066 4249 est
2102 4191 2412 4247 communis
2465 4191 2835 4258 hypostaseon
2872 4185 3121 4255 ejusdem
3152 4185 3414 4239 substan-

1845 4291 1953 4351 tiae,
1984 4295 2036 4338 et
2067 4298 2355 4340 numerum
2384 4281 2598 4348 recipit.

1772 4388 1817 4442 ι)
1918 4370 2115 4430 “teret.
2184 4369 2326 4425 Num
2395 4367 2702 4424 substantia
2763 4380 2875 4420 non
2935 4363 3103 4418 liabet
3166 4360 3417 4431 proprie-

1843 4471 2160 4616 mamma;
2202 4553 2389 4624 Neque
2422 4552 2808 4621 proprietatem
2847 4547 3030 4610 habet,
3067 4559 3190 4615 qua:
3219 4557 3330 4597 non
3355 4541 3427 4597 sit

1845 4647 2158 4709 communis
2194 4647 2563 4717 hypostaseon
2608 4640 2976 4697 substantiis:
3015 4651 3196 4706 neque
3228 4647 3424 4688 nume-

152 4729 431 4783 θυντικδν
473 4728 785 4799 ἐπιδέχεται
830 4729 928 4799 μία
970 4729 1129 4782 οὐσία
1164 4730 1229 4783 ⁸⁸.
1270 4731 1342 4784 Τὸ
1370 4733 1477 4800 γὰρ
1521 4732 1742 4802 ἀριθμὸν

1851 4759 1970 4797 rum
2031 4740 2270 4811 plurittm
2326 4733 2547 4803 recipit,
2605 4726 2739 4785 cum
2781 4731 2855 4785 sit
2903 4740 3030 4780 una.
3074 4720 3227 4792 Quod
3271 4723 3419 4778 enim

151 4819 546 4892 πληθυντικὸν
568 4820 967 4890 ἐπιδεχόμενον,
999 4820 1212 4893 πάντως
1239 4821 1477 4891 ἰδιότητα
1500 4823 1634 4894 ἔχει,
1659 4826 1742 4877 καί

1851 4843 2147 4884 numerum,
2183 4824 2428 4894 plurittm
2468 4821 2686 4889 recipit.
2720 4819 2945 4872 omnino
2985 4818 3149 4871 etiam
3175 4814 3424 4885 proprie-

150 4910 231 4963 τὸ
270 4908 404 4979 ἔχον
440 4908 700 4977 ἰδιότητα,
746 4908 978 4980 ἀριθμὸν
1022 4910 1351 4981 ἐπιδέχεται·
1392 4909 1530 4981 αὐτη
1573 4913 1681 4983 γὰρ
1715 4915 1747 4985 ἡ

154 5000 385 5070 nam;
426 5000 520 5053 τὸν
551 4999 785 5072 ἀριθμὸν
802 5001 1031 5069 εἰσάγει.

243 5178 452 5244 Αιρετ.
505 5178 582 5232 Οὐ
634 5178 776 5244 νοῶ,
830 5178 859 5233 ὃ
909 5178 1108 5247 λέγεις.
1160 5179 1294 5232 Εἰπὲ
1356 5181 1754 5250 «spica-#3::-

152 5283 299 5342 vov-

237 5354 488 5428 Ὀρθόδ.
538 5362 729 5430 Λέγεις
769 5361 869 5433 τὴν
924 5363 1018 5416 τοῦ
1078 5363 1301 5435 Harpe;
1334 5364 1525 5417 οὐσίαν
1554 5364 1757 5418 sem-
1837 5394 1857 5405 ο

1848 4928 2016 4975 tatem
2055 4916 2241 4982 habet,
2272 4925 2325 4968 et
2359 4912 2508 4983 quod
2546 4911 2713 4966 habet
2769 4909 3191 4979 proprietatem,
3244 4920 3427 4960 nume-

1851 5025 1972 5064 rum
2025 5008 2261 5077 recipit;
2304 5006 2422 5073 ipsa
2454 5004 2601 5059 enim
2654 5000 2961 5073 praprietas
3006 5011 3296 5053 numerum
3336 4996 3427 5050 in-

1776 5106 1780 5111 ’
1853 5100 2119 5175 troducit.

1931 5192 2126 5246 liceret.
2162 5187 2280 5243 Non
2323 5187 2601 5256 intelligo,
2640 5183 2786 5254 quod
2827 5183 2931 5236 ais.
2970 5180 3067 5235 Dic
3093 5177 3322 5234 clarius.

1939 5366 2165 5423 Orthod.
2202 5365 2448 5420 'Dirisne
2497 5363 2676 5417 Patris
2726 5355 3097 5416 substantiam
3148 5351 3433 5407 immorta-

1476 5543 1705 5599 VAlli/E
1746 5541 2151 5599 LECTiONES.

249 5635 301 5666 “
329 5632 465 5688 ἄλλο
501 5649 576 5688 τι.
646 5631 691 5664 ⁸⁸
723 5634 877 5688 οὖσα.
