3912 6202
325 323 345 388 ι
353 321 454 385 3331
1740 311 2151 375 OPUSCULA.
2390 328 2393 333 ‘
3435 316 3570 388 15η

390 440 585 507 Αίρετ.
629 434 762 499 θεὸς
812 434 942 506 ἄρα,
1000 434 1091 489 καὶ
1148 435 1208 489 οὐ
1267 435 1438 500 Θεὸς,
1488 436 1624 505 ὅπερ
1667 432 1935 499 ἀντίφαοι

2075 427 2278 481 llwret.
2322 426 2465 482 Deus
2505 425 2677 497 igitur
2715 435 2769 482 et
2820 440 2929 482 non
2981 426 3144 492 Deus,
3189 432 3566 515 qitae'quidem

326 545 435 581 σις.
2000 519 2365 574 contradictio
2397 527 2501 574 est.

387 568 622 687 1’(ἶὶρθόδ.
674 616 816 669 Ἀλλ’
840 615 941 669 οὐκ
971 615 1262 685 ἀντίφασις
1297 616 1476 671 τοῦτο.
1510 616 1584 669 Ut)
1619 614 1728 683 γὰρ
1758 611 1899 666 κατὰ

2071 607 2296 665 ΟτιΙιοά.
2332 610 2401 665 At
2434 626 2545 665 non
2579 618 2666 665 est
2698 610 2813 666 haec
2843 611 3231 667 contradictio.
3257 611 3376 668 Non
3420 616 3571 671 enim

318 707 382 760 τὸ
424 705 558 760 αὐτό
604 705 725 759 ἐστι
778 704 872 759 καὶ
918 703 1071 769 Θεὸς,
1100 706 1193 758 καὶ
1239 705 1299 759 οὐ
1341 704 1494 768 Θεὸς,
1532 705 1625 758 ἵνα
1669 702 1863 772 γένητσ

2031 703 2306 756 ccundum
2344 703 2486 757 idem
2522 709 2608 758 est
2638 700 2785 758 Deus
2822 710 2876 758 et
2907 718 3014 758 non
3054 703 3221 773 Deus,
3244 713 3307 760 ut
3335 708 3408 762 sit
3445 723 3572 764 Con-

320 796 872 866 ἀντίφασις.,”Ωσπερ
911 796 1021 865 γὰρ
1057 799 1085 850 ὁ
1131 796 1421 867 ἄνθρωπος
1476 795 1755 865 αἰσθητὸν,
1805 811 1865 846 κο

2023 791 2276 847 radictio.
2300 791 2457 848 Sicut
2481 794 2632 848 enim
2658 794 2824 849 homo
2847 802 2934 851 est
2959 797 3063 851 sub
3094 812 3318 853 sensum
3344 800 3568 865 cadens.

318 890 421 943 οὐκ
446 888 705 960 αἰσθητόν
732 889 849 942 ἐστι
882 887 1006 942 κατ’
1035 888 1184 953 ἄλλο,
1219 890 1312 942 καὶ
1340 889 1496 947 ἄλλο’
1538 887 1680 941 κατὰ
1712 885 1814 955 μὲν
1838 902 1863 938 τ

2026 891 2057 939 τι
2111 899 2221 939 non
2273 885 2378 941 sub
2429 899 2651 942 sensum
2700 887 2903 943 cadens
2952 887 3253 944 secundum
3308 890 3452 945 aliud
3521 904 3571 945 et

323 980 503 1049 σῶμα,
535 980 816 1050 αἰσθητὸν,
850 980 948 1037 καὶ
977 979 1079 1033 ούκ
1099 978 1356 1048 αἰσθητὸν
1383 976 1527 1055 κατὰ
1554 977 1654 1047 τὴν
1677 976 1857 1048 ψυχήν

2026 974 2180 1043 ιιίυῆς
2256 976 2558 1032 secundum
2610 978 2758 1034 enim
2811 994 3014 1051 corpus
3062 981 3166 1037 sub
3205 996 3428 1038 sensum
3474 997 3571 1038 ca-

324 1073 418 1124 καὶ
462 1071 564 1124 οὐκ
607 1072 900 1141 ἀντίφασις
956 1070 1152 1124 τοῦτο’
1182 1069 1323 1125 κατὰ
1353 1069 1443 1123 τὸν
1481 1065 1597 1124 ἴσον
1625 1070 1726 1138 τῆς
1765 1068 1869 1138 ἀλη

2025 1066 2099 1131 lit,
2137 1066 2441 1122 secundum
2464 1081 2600 1122 vero
2627 1068 2867 1125 animam
2900 1086 3010 1126 non
3048 1072 3218 1128 cadit.
3254 1071 3321 1128 Et
3349 1088 3455 1129 non
3486 1086 3570 1129 est

321 1162 472 1226 θείας
516 1163 717 1234 τρόπον
767 1163 919 1216 ἐστὶν
966 1164 995 1215 ὁ
1046 1160 1285 1231 Χριστὸς
1315 1160 1468 1225 Θεὸς,
1499 1162 1596 1214 καὶ
1622 1160 1684 1214 οὐ
1739 1159 1866 1223 Θεὸς

2149 1157 2519 1215 contradictio
2574 1162 2877 1217 secundum
2924 1164 3169 1233 regulam
3213 1179 3421 1222 veram.
3480 1164 3571 1222 Sie
3672 1150 3678 1160 Ν

320 1255 443 1307 κατ’
474 1253 625 1322 ἄλλο,
650 1255 745 1308 καὶ
766 1253 916 1316 ἄλλο,
951 1253 1047 1307 καὶ
1080 1254 1179 1306 οὐκ
1201 1252 1493 1322 ἀντίφασις
1522 1250 1684 1306 τοῦτο
1703 1266 1718 1282 ο
1753 1267 1865 1304 κατι

2028 1251 2260 1307 :hristus
2307 1250 2454 1308 Deus
2513 1259 2569 1307 et
2612 1268 2723 1309 non
2772 1254 2917 1312 Deus
2963 1258 3265 1315 secundum
3316 1260 3464 1316 aliud
3517 1270 3573 1316 et

322 1343 422 1412 μὲν
462 1344 570 1416 γὰρ
613 1344 714 1414 τὴν
748 1344 981 1413 θεότητα
1017 1344 1169 1409 Θεὸς,
1208 1345 1352 1399 κατὰ
1377 1346 1435 1399 δὲ
1467 1344 1566 1416 τὴν
1605 1342 1864 1414 ἀνθρωπό

2025 1342 2177 1409 iliud,
2201 1349 2257 1399 et
2282 1358 2392 1401 non
2426 1352 2512 1401 est
2540 1344 2656 1401 hac
2687 1347 3087 1406 contradictio:
3107 1353 3407 1408 secundum
3426 1355 3570 1410 enim

317 1452 477 1506 τητα,
506 1438 567 1491 οὗ
592 1436 748 1500 Θεός.
774 1434 884 1488 Καὶ
917 1435 1091 1491 ταῦτα
1118 1436 1314 1501 οὕτως.

2024 1433 2346 1491 livinitatem
2369 1435 2533 1501 Deus,
2564 1440 2867 1495 secundum
2895 1456 3026 1498 vero
3041 1442 3433 1501 humanitatem
3462 1460 3569 1503 non

2004 1522 2168 1580 Deus.
2199 1525 2279 1579 Ac
2302 1523 2371 1580 de
2400 1524 2487 1581 his
2514 1526 2801 1584 hactenus.

1804 1712 1807 1713 ν
1868 1654 2059 1712 XXXI.

437 1773 762 1844 Ἐρώτησις
815 1773 1291 1845 Ὠριτενιαστοῦ,
1342 1771 1493 1842 πρὸς
1543 1771 1786 1825 πιστόν.

2069 1771 2234 1845 415
2271 1772 2511 1840 Quaestio
2539 1793 2697 1847 quam
2731 1778 3033 1848 Origenista
3063 1779 3214 1850 ﬁdeli
3241 1785 3536 1852 proposuit,

1596 1878 1920 1931 Genebrardo
1944 1878 2241 1947 interprete.

659 1970 1044 2040 Ἀϐουκαρᾶς.
1081 1966 1550 2039 Ὠριγενιαστής.

2474 1969 2746 2027 Abucara.
2787 1970 3110 2045 Origenista.

401 2062 865 2135 Ὠριγσνιαστής.
905 2061 1046 2117 Ποία
1090 2059 1433 2130 δικαιοσύνη,
1479 2054 1632 2122 δέκα,
1681 2056 1715 2127 ἢ
1770 2047 1946 2109 ’κεν-1

2074 2055 2406 2127 Origenista.
2440 2059 2581 2126 Quid
2607 2062 2752 2130 juris
2782 2062 2887 2119 hoc
2918 2066 3038 2120 est?
3065 2074 3126 2120 ut
3155 2067 3246 2137 qui
3280 2069 3440 2125 annis
3474 2073 3570 2127 dc-

317 2159 555 2228 τήκοντα
616 2154 841 2225 χρόνους
900 2152 1319 2225 ἅμαρτήσαντός
1378 2166 1550 2214 τινος,
1589 2146 1861 2219 μυριάδας

2026 2165 2134 2216 em,
2160 2153 2245 2208 vel
2275 2153 2672 2225 quinquaginta
2701 2160 3041 2227 peccaverit,
3072 2159 3124 2216 is
3158 2162 3343 2217 decies
3395 2165 3571 2218 mille-

322 2247 523 2316 μᾶλλον
578 2246 637 2300 δὲ
687 2246 1077 2317 ἀτελευτήτους
1140 2243 1343 2304 αἰῶνας
1387 2236 1528 2325 εἶναι
1582 2237 1680 2311 τὴν
1722 2236 1867 2292 κόλα-

1812 2253 1885 2290 .α-
1993 2241 2106 2309 nis,
2139 2241 2251 2298 imo
2280 2245 2442 2300 etiam
2473 2244 2705 2303 inﬁnitis
2732 2249 2953 2306 sarculis
2981 2244 3357 2320 pmnas’luat?

319 2351 407 2390 σιν
426 2351 441 2401 ;

392 2425 782 2493 Ἀϐουκαρᾶς.
835 2426 947 2482 Kal.
1002 2425 1057 2479 τί
1105 2425 1262 2483 ἐστιν
1295 2423 1328 2493 ἡ
1365 2419 1684 2493 δικαιοσύνη
1736 2420 1890 2493 παρὰ

2066 2420 2337 2476 Abucara.
2370 2421 2514 2490 Quid
2543 2438 2671 2480 vero
2695 2423 2909 2494 justitia
2937 2426 3037 2483 tibi
3068 2443 3193 2485 esse
3225 2429 3469 2486 videtur?

325 2515 442 2581 col;

391 2604 570 2676 Ὥριτ.
609 2606 682 2660 Τὸ
737 2606 877 2661 κατὰ
927 2607 1219 2677 ἀναλογίαν
1265 2607 1366 2679 τῆς
1419 2608 1695 2680 ἁμαρτίας
1750 2595 1891 2660 εἶναι

2070 2597 2221 2666 Orig.
2255 2597 2328 2654 Ut
2361 2614 2459 2671 pro
2494 2600 2708 2657 ratione
2737 2602 2920 2657 delicti
2954 2618 3116 2678 pmna
3150 2603 3448 2675 inlligatur.
3482 2606 3552 2662 Ut

320 2698 415 2750 καὶ
449 2696 548 2766 τὴν
576 2698 819 2763 κόλασιν,
852 2698 999 2753 τοῦτ’
1036 2698 1204 2763 ἔστιν,
1230 2700 1389 2764 εἴτις
1414 2701 1630 2772 ἥμαρτε
1663 2697 1865 2771 χρόνου

2025 2691 2153 2746 'erbi
2186 2692 2385 2762 gratia,
2410 2692 2455 2747 si
2488 2693 2613 2763 quis
2651 2707 2922 2749 annorum
2954 2695 3356 2765 quinquaginta
3392 2702 3570 2770 spatio

316 2789 682 2859 πεντήκοντα,
736 2788 926 2843 τοῦτον
988 2790 1325 2861 κολασθῆναι
1379 2791 1670 2854 τοσούτους
1690 2789 1857 2859 πεντή

1699 2789 1890 2859 πεντή-
1998 2784 2330 2855 peccaverit,
2362 2783 2410 2839 is
2435 2785 2597 2841 annis
2616 2784 2842 2844 totidem
2870 2795 2925 2841 et
2950 2787 3244 2859 plectatur.

317 2894 503 2931 κοντα.

388 2964 621 3020 ’A6’owc.
670 2966 764 3019 Ἐκ
800 2967 982 3021 πόσων
1010 2968 1231 3039 τρόπων
1259 2967 1356 3038 τὴν
1378 2969 1726 3039 δικαιοσύνην
1758 2985 1891 3039 μαν-

2068 2959 2239 3013 Almc.
2301 2959 2574 3025 Quolnam
2635 2962 2813 3017 modis
2860 2961 3135 3032 justitiam
3182 2964 3461 3021 dicimus?
3495 2973 3575 3025 et.

314 3058 591 3129 θάνομεν;
628 3058 721 3111 καὶ
750 3058 917 3112 πόθεν
948 3060 1013 3113 σὺ
1033 3058 1241 3130 ταύτην
1272 3059 1505 3130 ἕμαθες;
1832 3103 1840 3107 .

1293 3060 1505 3130 εμοιθεςἱ
1832 3103 1840 3107 _
1999 3050 2275 3104 undenam
2312 3059 2369 3105 tu
2406 3066 2527 3107 eam
2555 3050 2838 3108 didicisti?

388 3150 568 3217 Ὦριγ.
608 3148 744 3202 Εἰπὲ
776 3149 866 3213 σὺ,
901 3149 968 3202 ὲκ
999 3148 1218 3216 πόσων;

2072 3135 2222 3205 Orig.
2258 3138 2337 3191 Tn
2367 3154 2497 3194 vero
2524 3141 2638 3210 ipse
2666 3141 2852 3207 dicito,
2885 3155 3143 3211 quotnam
3176 3148 3401 3205 modis?

387 3241 624 3296 Ἀϐουκ.
666 3241 853 3294 Πᾶσαν
881 3240 1251 3311 δικαιοσύνην.
1294 3238 1428 3313 ἢ,ὲκ
1454 3239 1550 3294 τοῦ
1594 3240 1759 3309 νόμου
1797 3239 1893 3293 τοῦ

2072 3224 2237 3280 Almo.
2288 3226 2514 3284 Omnem
2544 3231 2840 3299 justitiam,
2876 3236 2962 3289 vel
2989 3252 3052 3290 ex
3083 3239 3173 3292 Dci
3208 3242 3344 3311 lege,
3385 3242 3468 3296 vel
3506 3257 3574 3297 ex

314 3329 530 3399 Θεοῦ,ἢ
563 3330 628 3383 ὲκ
660 3329 768 3384 τῶν
797 3327 1102 3399 ἀνθρώπων
1132 3328 1399 3382 τεθέντων
1419 3329 1620 3399 νόμων,
1648 3329 1681 3399 ἢ
1707 3329 1772 3381 ὲκ
1794 3328 1859 3399 τῆ

2029 3316 2235 3386 egibus,
2266 3332 2404 3387 quas
2434 3319 2685 3377 homines
2712 3324 3036 3390 sancierint,
3070 3329 3157 3382 vel
3182 3345 3246 3383 ex
3280 3333 3444 3387 rebus
3477 3349 3574 3387 na-

316 3392 534 3488 φύσεως
550 3418 658 3472 τῶν
680 3392 1021 3490 πραγμάτων
1036 3414 1403 3488 γινώσκομεν.
1420 3392 1743 3488 Ούδεμίαύὲ
1770 3392 1861 3471 τού

2032 3405 2275 3462 uralihus
2308 3409 2719 3478 cognoscimus.
2750 3410 2955 3467 Harum
2987 3423 3168 3471 autem
3197 3417 3430 3488 justitiae
3453 3435 3577 3490 spe-

320 3528 433 3565 των
463 3508 776 3581 δικαιοσύνη
813 3509 1084 3580 χρονικῶς
1116 3509 1216 3580 τὴν
1257 3508 1481 3564 κόλασιν
1531 3511 1692 3562 ποιεῖ.
1742 3503 1865 3564 υἷον

2031 3494 2203 3550 ierum
2246 3495 2399 3552 nulla
2448 3500 2807 3569 temporalem
2862 3516 3081 3572 poenam
3128 3505 3356 3578 irrogat.
3401 3508 3574 3565 Pront

320 3598 578 3671 πορνεύει
610 3616 718 3663 τις,
759 3598 792 3670 ἧ
827 3598 1072 3663 κλέπτει,
1103 3598 1137 3671 ἦ
1188 3596 1425 3668 φονεύει,
1463 3598 1593 3669 μίαν
1626 3598 1797 3671 ῥ’)ραν.
1837 3598 1865 3652 ’ί

2029 3585 2306 3640 ornicatur
2339 3586 2639 3658 quispiam,
2666 3591 2751 3646 vel
2780 3588 3021 3657 iuratur,
3051 3594 3133 3649 vel
3165 3597 3390 3660 occidit,
3410 3600 3574 3655 unius

313 3691 376 3745 δὲ
424 3691 589 3761 νόμος
615 3689 710 3744 τοῦ
759 3689 917 3758 Θεοῦ,
971 3690 1070 3744 καὶ
1112 3692 1162 3745 οἱ
1210 3690 1321 3745 τῶν
1376 3689 1684 3759 ἀνθρώπων
1740 3691 1858 3762 νόμι

2033 3691 2146 3732 orae
2175 3677 2375 3747 spatio.
2403 3682 2472 3734 At
2501 3680 2586 3736 lex
2624 3682 2735 3745 Dei,
2770 3683 3170 3758 hominumque
3219 3689 3366 3760 leges
3396 3692 3576 3749 homi-

320 3783 642 3853 φονεύοντες
687 3782 779 3836 τὸν
832 3781 1028 3852 φονέα,
1068 3782 1165 3836 καὶ
1213 3780 1536 3845 κολάζοντες
1586 3781 1679 3836 τὸν
1712 3782 1864 3854 παρά

2031 3766 2200 3836 idam,
2264 3769 2464 3839 capitis
2496 3771 2846 3843 damnantes,
2893 3785 3254 3851 extremoque
3301 3786 3573 3856 supplicio

316 3892 506 3946 νομον,
568 3874 689 3944 οὐχὶ
745 3872 874 3944 μίαν
926 3873 1075 3944 ὥραν
1131 3870 1459 3937 κολάζουσιν
1506 3873 1705 3935 αὐτὸν,
1755 3873 1855 3926 ἀλλ

2025 3861 2370 3917 acinorosum
2403 3864 2640 3935 aliquem
2668 3865 2994 3933 allicientes,
3029 3886 3140 3926 non
3168 3873 3331 3931 unius
3357 3877 3411 3931 in
3447 3894 3570 3935 eum

316 3966 638 4035 φονεύοντες
671 3965 772 4036 μὲν
799 3966 965 4020 αὑτὸν
987 3967 1068 4029 είς
1088 3964 1181 4019 τὸν
1205 3966 1379 4018 αἰῶνα
1406 3964 1570 4019 αὐτὸν
1600 3963 1861 4018 ἐκόλασαν

2026 3966 2145 4008 lora:
2174 3953 2351 4023 spatio
2388 3955 2873 4025 animadvertunt;
2913 3959 3008 4015 sed
3043 3960 3090 4016 si
3133 3974 3313 4021 morte
3350 3970 3571 4038 quidem

314 4059 352 4128 ἦ
386 4057 697 4122 τύπτοντες,
723 4058 891 4112 πολὺν
916 4058 1106 4129 χρόνον
1131 4058 1321 4127 ἀλγεῖν
1346 4058 1410 4111 εκ
1430 4057 1540 4113 τῶν
1558 4059 1891 4130 τραυμάτων
1993 4045 2257 4115 plectant,
2312 4053 2524 4103 aeterno
2576 4063 2701 4105 eum
2755 4051 3030 4122 supplicio
3092 4054 3354 4127 alliciunt,
3405 4064 3487 4118 vel
3522 4065 3573 4122 si

317 4148 862 4220 παρασκευάζουσιν.
1506 4196 1532 4215 ,

2023 4136 2316 4204 'erberent,
2345 4139 2672 4195 diuturnum
2702 4141 2751 4197 ei
2803 4143 3048 4199 dolorem
3088 4160 3159 4201 ex
3193 4150 3358 4207 rebus
3415 4154 3568 4227 [Ῑονι.

1994 4225 2341 4299 vulneribus]
2379 4227 2642 4284 inferunt.

391 4322 502 4376 Καὶ
529 4321 593 4376 σὺ
638 4322 716 4388 δὲ,
750 4323 799 4376 εί
848 4322 1172 4403 μοιχεύοντα
1225 4340 1347 4378 τινα
1380 4325 1461 4387 είς
1518 4324 1617 4395 τὴν
1664 4322 1761 4395 σὴν
1790 4342 1891 4393 γυ-

2065 4316 2208 4384 Quin
2258 4326 2315 4373 tu
2359 4335 2580 4390 quoque
2631 4322 2678 4378 si
2726 4323 3032 4384 adulterum
3079 4334 3390 4403 quempiam
3443 4352 3566 4392 cum

315 4417 502 4481 ναῖκι,
534 4413 567 4487 ἢ
598 4413 873 4484 θυγατέρα
894 4402 1214 4480 κατέλαϐες,
1244 4415 1366 4485 οὐχ).
1402 4415 1531 4485 μίαν
1566 4415 1716 4487 ὥραν
1742 4417 1860 4487 ἐκρι

2125 4427 2184 4478 'e,
2206 4411 2383 4468 ﬁliave
2412 4412 2871 4485 deprehenderes,
2906 4436 3015 4477 non
3050 4425 3214 4480 unius
3237 4425 3390 4480 illum
3424 4410 3570 4485 boias
3662 4428 3670 4439 “

314 4523 414 4568 νας
443 4503 509 4557 ἂν
554 4505 906 4572 κολασθῆναι.
944 4504 1082 4559 ἀλλὰ
1111 4504 1258 4574 φόνῳ
1300 4506 1713 4578 παραδοθῆναι;
1755 4509 1853 4562 ὄπε

2019 4502 2174 4573 .patio
2223 4505 2581 4574 puniendum,
2646 4509 2745 4564 sed
2797 4512 3183 4570 trucidandum
3253 4533 3512 4578 censeres
3554 4545 3564 4579 :

315 4597 471 4651 ἐστὶν
522 4596 716 4651 αίωνία
773 4596 1013 4661 κόλασις.
1076 4596 1238 4651 Ἀλλὰ
1280 4598 1374 4652 καὶ
1428 4601 1485 4652 αἱ
1543 4600 1737 4670 φύσεις
1785 4602 1860 4656 τῶ

2018 4595 2141 4664 [und
2172 4595 2395 4665 quidem
2439 4608 2705 4655 aeternum
2748 4613 2833 4658 est
2877 4604 3160 4663 hominum
3211 4613 3563 4680 supplicium.

314 4691 664 4760 πραγμάτων
727 4688 1009 4752 ὡσαύτως.
1066 4690 1532 4791 Ἀποτρεπόμενοι
1600 4693 1710 4765 γὰρ
1757 4694 1859 4764 φέρ

2016 4682 2105 4739 Sed
2137 4685 2269 4755 ipsae
2296 4700 2515 4756 quoque
2544 4704 2726 4745 rerum
2754 4685 2962 4750 natura;
2989 4698 3216 4765 perinde
3246 4716 3305 4757 se
3341 4701 3561 4759 habent.

313 4782 514 4841 εἰπεῖν,
559 4779 767 4849 ψυχρὸν
817 4778 962 4850 ὕδωρ
1010 4782 1177 4845 πιεῖν,
1231 4781 1441 4851 ἧτινος
1487 4772 1731 4852 ἅψασθαι
1785 4785 1858 4837 τῶ

2021 4776 2130 4831 lum
2151 4778 2297 4833 enim
2323 4778 2481 4835 nobis
2512 4795 2580 4834 ne
2611 4781 2887 4852 frigidam,
2909 4786 3060 4842 verbi
3085 4789 3282 4859 gratia,
3314 4791 3566 4851 bibamus

315 4866 691 4938 βλαπτόντων,
714 4867 812 4922 καὶ
840 4867 1274 4938 παραϐαίνοντες
1301 4869 1648 4945 πολυχρονίῳ
1676 4871 1860 4926 κολὰσε

2016 4882 2217 4938 nquam,
2250 4884 2386 4926 neve
2430 4886 2649 4942 quoque
2695 4874 2862 4928 noxio
2916 4876 3023 4932 cibi
3067 4894 3265 4949 genere
3318 4894 3561 4952 utamur,

314 4958 745 5031 περιπίπτομεν.
780 4958 876 5012 Ἐκ
906 4959 1014 5029 γὰρ
1039 4958 1420 5031 ψυχροποσίας
1446 4962 1730 5028 πολλάκις,
1760 4963 1792 5034 ἥ
1831 4966 1856 5017 ὲ

2020 4960 2346 5014 nterdictum
2384 4961 2476 5027 sit,
2508 4962 2561 5017 in
2594 4966 2821 5022 vetitum
2875 4974 3060 5024 tamen
3108 4971 3375 5039 nitamur,
3434 4976 3565 5030 din-

313 5051 413 5105 τοῦ
468 5049 713 5119 ἅψασθαι
765 5051 1028 5122 πυρδς,ἢ
1082 5051 1195 5118 δξει
1238 5053 1568 5124 χρήσασθαι,
1630 5054 1858 5127 διηνεκῶ

2022 5064 2186 5104 urnas
2209 5050 2470 5108 nimirum
2498 5068 2690 5124 poenas
2718 5054 2938 5112 damus.
2972 5057 3164 5131 Itaque
3189 5078 3565 5134 saepenumero

316 5141 697 5212 ὲκολάσθημεν
730 5142 891 5214 νόσῳ’
937 5144 971 5214 ἡ
1017 5141 1262 5212 φύσις¹δὲ
1297 5147 1615 5219 δικαιοτάτη
1647 5148 1787 5200 ἐστί.
1818 5149 1857 5201 Σ

2018 5141 2076 5204 it,
2108 5152 2165 5197 ut
2198 5157 2265 5198 ex
2298 5141 2508 5216 frigidae
2540 5156 2695 5217 potu,
2725 5147 2937 5220 ignisve
2983 5160 3271 5217 contactu,
3305 5156 3390 5209 vel
3423 5158 3563 5212 aceti

314 5234 375 5286 δὲ
431 5234 596 5289 πόθεν
630 5234 794 5305 ἔχεις,
844 5233 877 5306 ἢ
931 5227 1089 5305 εὗρες
1122 5236 1220 5305 τὴν
1267 5236 1617 5312 δικαιοσύνην
1660 5239 1859 5311 ταύτην

2019 5250 2100 5288 Isu
2123 5236 2444 5290 continuum
2473 5240 2722 5295 morbum
2754 5242 3125 5301 incurramus.
3166 5245 3332 5314 Atqui
3368 5257 3564 5305 natura

318 5329 463 5383 εἰπέ,
1996 5326 2298 5394 justissima
2327 5335 2432 5384 est.
2460 5328 2540 5384 Tu
2581 5347 2712 5388 vero
2747 5334 3019 5406 justitiam
3057 5336 3334 5393 undenam
3369 5338 3561 5411 habes,

2004 5428 2097 5474 aut
2139 5420 2393 5477 invenisti
2419 5424 2442 5477 ?
