3912 6202
358 285 503 353 1583

1544 294 1939 355 THEODORI
1982 285 2352 356 ABUCARJB

1899 410 2109 471 XXXII.

872 496 935 553 D.
976 490 1234 555 Theodori
1261 499 1540 566 Abucara',
1571 504 1796 573 episcopi
1824 505 2043 573 Carum,
2074 521 2261 564 contra
2288 511 2583 566 Saracenos
2614 511 3023 581 Tlieopaschitas
3046 509 3183 584 (61).

1627 612 1909 675 Interprete
1932 615 2262 670 Genebrardo.

431 695 556 750 Alio
592 695 648 749 in
679 705 954 750 conventu
981 694 1313 761 Saracenus,
1344 710 1410 749 cx
1445 695 1762 750 illustribus
1797 695 1929 759 illis,
1961 708 2008 763 Α
2038 701 2328 771 utriusque
2362 702 2537 772 partis
2567 705 3151 773 sutecompositionem
3194 708 3320 759 cum
3352 703 3520 760 Patre
3563 720 3617 759 et

364 787 679 857 episcopum
734 788 1082 856 interrogans
1112 803 1124 839 :
1157 787 1265 856 Age
1297 802 1445 852 vero,
1480 787 1679 854 inquit,
1713 787 1933 855 cpisco-

365 890 468 945 pe,
531 876 674 932 Deus
730 877 823 932 ille
888 887 1014 932 tuus
1067 878 1118 930 in
1147 891 1311 932 cruce
1366 878 1633 948 pendens,
1695 878 1935 933 animam

364 964 704 1035 exspiravit?

437 1052 671 1107 Maxime
725 1068 875 1118 vero,
926 1055 1207 1123 respondit
1267 1052 1584 1122 episcopus.
1630 1052 1934 1108 Saraccnus

365 1151 547 1197 autem
584 1144 637 1198 in
669 1145 840 1198 risum
896 1146 1174 1214 profusus,
1227 1154 1281 1198 et
1312 1158 1432 1206 eos,
1482 1144 1574 1213 qui
1617 1150 1747 1196 tunc
1803 1145 1930 1197 ade-

365 1245 510 1300 rant,
527 1234 1272 1301 Saracenos,etChristianos
1287 1234 1526 1288 ludibrio
1547 1234 1690 1288 velut
1705 1233 1930 1297 habens,

364 1335 594 1382 extensa
626 1328 790 1398 416
836 1342 1000 1382 manu
1049 1327 1378 1383 exclamavit
1412 1345 1425 1382 :
1461 1323 1592 1380 Sine
1651 1326 1931 1396 hypostasi

364 1420 549 1477 factus
596 1430 681 1475 est
718 1421 1157 1476 Christianorum
1201 1421 1364 1477 Deus.

434 1508 604 1564 Almo.
653 1509 724 1563 At
779 1512 1050 1564 undenam
1095 1512 1215 1565 sine
1260 1511 1543 1581 hypostasi
1574 1509 1742 1566 Deum
1774 1507 1932 1561 Chri-

365 1604 675 1657 stianorum
704 1602 879 1658 fuisse
905 1603 1122 1673 colligis
1151 1603 1174 1655 ?

437 1693 632 1751 Sarac.
663 1693 783 1750 Meo
812 1694 988 1764 ipsius
1025 1695 1295 1766 exemplo.

444 1778 613 1841 Abuc.
649 1784 940 1852 Quonam?

435 1877 629 1935 Sarac.
690 1879 804 1949 Ego
841 1878 1123 1949 quondam
1167 1894 1276 1933 non
1324 1894 1493 1943 eram,
1543 1876 1723 1948 quoad
1756 1889 1932 1945 usque

365 1971 488 2025 dure
522 1971 626 2024 mei
661 1977 845 2041 partes
877 1971 933 2024 in
973 1979 1165 2025 ventre
1194 1970 1384 2025 matris
1416 1985 1549 2024 mea:
1582 1968 1928 2031 coaluerunt,

2037 791 2246 860 Spiritu
2276 801 2467 849 sancto
2496 806 2617 850 erat
2649 815 2663 850 :
2694 798 2810 851 imo
2842 811 2993 863 vero,
3018 806 3145 851 ante
3168 798 3362 851 omnia
3386 799 3612 863 saecula,

2033 895 2209 951 eoque
2240 884 2382 952 ipso,
2426 886 2573 955 quod
2599 889 2940 956 compositus
2966 894 3028 942 ex
3057 885 3284 957 Virgine
3316 894 3613 957 processit,

2033 972 2171 1025 nihil
2204 975 2502 1045 quidquam
2539 993 2604 1032 ex
2636 978 2872 1046 partium
2919 994 3140 1033 suarum
3175 979 3613 1047 proprietatibus

2034 1064 2240 1117 amisit.
2284 1064 2575 1121 Perfectus
2613 1067 2763 1120 enim
2798 1067 2941 1122 Deus
2982 1067 3205 1130 mansit,
3244 1078 3307 1120 ut
3346 1074 3401 1120 et
3449 1065 3614 1119 Pater

2032 1153 2307 1223 perfectus
2349 1164 2433 1211 est
2471 1173 2485 1209 :
2514 1156 2695 1212 factus
2743 1167 2922 1211 autem
2975 1167 3061 1212 est
3091 1158 3279 1220 homo,
3315 1167 3374 1209 ut
3408 1166 3461 1211 et
3496 1172 3613 1209 ma-

2033 1252 2148 1312 ter;
2180 1247 2622 1316 quandoquidem
2656 1248 2860 1303 Christi
2900 1257 3088 1317 partes
3124 1248 3206 1303 hac
3235 1256 3361 1302 sunt
3383 1288 3399 1312 ,
3457 1249 3611 1301 divi-

2031 1335 2199 1402 nitas,
2234 1348 2288 1391 et
2322 1339 2658 1394 hmnanitas.
2714 1340 2805 1402 At,
2843 1341 2963 1410 ipso
3014 1340 3280 1409 passionis
3328 1348 3603 1407 tempore,

2031 1441 2154 1480 cum
2186 1443 2215 1480 a
2257 1443 2489 1497 corpore
2523 1439 2777 1500 separata
2806 1438 2891 1486 est
2918 1432 3125 1495 anima,
3152 1432 3261 1500 ipse
3279 1430 3342 1483 ah
3363 1438 3608 1496 utraque

2031 1522 2188 1583 parte
2217 1516 2605 1587 inseparabilis
2634 1520 2859 1586 mansit,
2890 1520 3168 1575 indivulsa
3213 1519 3601 1588 conjunctione

2030 1608 2343 1677 colligatus,
2375 1626 2595 1681 unaque
2623 1611 2709 1666 sui
2736 1612 2915 1681 ipsius
2946 1611 3257 1666 divinitatis
3276 1622 3328 1665 et
3346 1608 3598 1663 humani~

2031 1699 2160 1753 tatis
2197 1699 2510 1771 hypostasis
2544 1703 2837 1758 exsistens.

2105 1788 2296 1844 Sarac.
2336 1788 2572 1845 Ubinam
2597 1807 2731 1861 ergo
2760 1793 2946 1847 anima
2967 1792 3115 1848 erat?

2107 1880 2267 1938 Abuc.
2302 1882 2518 1954 Corpus
2547 1883 2766 1954 quidem
2804 1885 2861 1939 in
2891 1886 3180 1956 sepulcro;
3204 1883 3392 1937 anima
3428 1891 3611 1936 autem

2033 1974 2090 2028 in
2126 1974 2370 2030 inferno.

365 2073 589 2131 corpus,
622 2061 872 2130 inquam,
905 2067 958 2116 et
980 2063 1197 2129 anima;
1237 2061 1381 2116 unde
1414 2062 1636 2115 tertium
1670 2058 1931 2129 quiddam
1967 2033 2010 2087 Β
2106 2059 2204 2116 llis
2238 2061 2403 2117 dictis
2435 2061 2748 2118 Saracenus
2781 2079 2978 2135 magna
3009 2078 3130 2119 cum
3157 2061 3567 2117 exclamatione
3592 2079 3609 2111 -.

365 2165 587 2209 enatum
619 2160 724 2218 est,
773 2152 866 2222 qui
892 2167 992 2223 ego
1029 2168 1094 2207 ex
1138 2153 1432 2221 utriusque
1457 2150 1631 2221 partis
1660 2164 1933 2202 concursu

362 2255 424 2299 et
457 2245 880 2314 compositione,
908 2244 1217 2315 hypostasis
1249 2244 1408 2297 unica
1438 2240 1740 2311 composita
1762 2239 1934 2295 evasi.

363 2337 503 2391 Cum
540 2351 670 2405 ergo
701 2337 756 2390 in
797 2338 916 2406 ipso
946 2337 1139 2390 mortis
1162 2336 1394 2389 articulo
1417 2340 1680 2404 separatae
1711 2331 1932 2395 fuerint,

330 2432 336 2439 '
366 2445 437 2482 an
490 2443 597 2483 non
651 2427 1006 2499 hypostaseos
1038 2442 1168 2484 mea:
1203 2426 1423 2482 nullitas
1456 2434 1587 2481 tunc
1623 2423 1933 2479 necessaria

366 2520 471 2576 erit
494 2521 517 2574 ?

437 2614 606 2668 Abuc.
664 2612 748 2667 An
806 2618 937 2666 vero
993 2609 1411 2681 compositionis
1464 2607 1542 2663 tui
1601 2607 1931 2678 exemplum,

367 2704 508 2758 idem
537 2720 660 2759 esse
694 2718 819 2759 cum
851 2701 1057 2757 Christi
1088 2701 1491 2772 compositione
1513 2698 1749 2755 censes?

438 2792 625 2846 Sarac.
660 2793 861 2859 Quidni
898 2792 1197 2847 censeam?

440 2882 608 2937 Abuc.
648 2882 962 2952 Antequam
995 2882 1115 2936 dua:
1148 2882 1227 2935 tui
1263 2889 1446 2951 partes
1484 2881 1586 2933 illa:
1633 2893 1933 2933 concurre-

365 2983 510 3040 rent,
560 2982 622 3028 ut
661 2975 779 3043 ipse
809 2973 1101 3028 confessus
1129 2988 1210 3035 es,
1241 2987 1348 3026 non
1375 2987 1501 3025 eras
1534 2990 1547 3024 :
1584 2979 1934 3040 posteaquam

364 3081 495 3121 vero
521 3072 683 3120 natus
711 3079 792 3129 es,
825 3064 1108 3132 utriusque
1149 3065 1318 3132 partis
1349 3065 1588 3133 integras
1627 3062 1933 3133 proprieta-

368 3165 451 3209 tes
475 3167 810 3208 conservare
838 3167 943 3206 non
972 3153 1198 3222 potuisti
1229 3170 1240 3205 :
1266 3153 1707 3222 quandoquidem
1740 3154 1935 3206 animae

364 3244 858 3304 immortalitatem,
878 3245 1239 3313 corporisque
1260 3241 1632 3297 hrntalitatem
1652 3241 1883 3297 amisisti
1917 3260 1929 3295 :

2034 2157 2105 2207 At
2161 2155 2456 2223 quomodo,
2502 2156 2713 2225 inquit,
2751 2155 2990 2210 Verbum
3040 2156 3094 2208 in
3131 2155 3393 2224 utrisque
3458 2160 3614 2207 tanto
3698 2180 3701 2181 ν

2035 2244 2249 2299 dissitis
2297 2245 2609 2312 intervallo,
2642 2246 2999 2318 coniunctum
3030 2254 3133 2313 est,
3158 2260 3288 2300 cum
3336 2259 3367 2297 a
3417 2256 3612 2298 neutro

2034 2333 2369 2390 indivulsum
2397 2336 2697 2390 manserit?

2105 2427 2430 2482 Theodorus
2490 2436 2671 2481 autem
2701 2426 2886 2480 ridens
2916 2445 2929 2477 :
2963 2424 3249 2495 Superest,
3309 2422 3511 2491 inquit.
3539 2436 3604 2474 ex

2035 2518 2137 2573 hac
2163 2527 2253 2571 tua
2279 2518 2572 2583 sententia,
2605 2524 2665 2571 ut
2697 2516 2841 2572 Deus
2869 2517 2961 2571 ille
2986 2526 3133 2579 tuus,
3166 2515 3225 2568 in
3255 2511 3523 2575 Makensi,
3551 2519 3609 2564 et

2035 2614 2352 2683 Magadensi
2384 2614 2669 2684 Mesquitis
2700 2614 2935 2667 inveniri
2964 2627 3072 2666 non
3096 2611 3291 2681 possit.

2108 2703 2299 2759 Sarac.
2329 2703 2410 2757 An
2447 2718 2580 2758 vero
2609 2703 2730 2757 dum
2758 2702 2864 2756 illae
2910 2710 3130 2770 partes,
3188 2697 3486 2769 quamlibet
3516 2708 3612 2751 se-

2035 2805 2259 2866 paratae,
2293 2793 2591 2864 participes
2613 2788 2922 2847 divinitatis
2946 2791 3139 2845 erant?

2108 2885 2279 2939 Abuc.
2306 2882 2419 2937 Non
2460 2884 2664 2951 minus,
2706 2897 2870 2953 quam
2896 2896 3006 2952 quo
3039 2889 3274 2951 tempore
3296 2877 3609 2948 conjunge-

2035 2972 2262 3027 bantur.
3658 2976 3661 2981 ’

2108 3065 2303 3119 Sat-ac.
2330 3063 2437 3130 Qui
2473 3078 2602 3130 vero
2625 3062 2931 3118 divinitatis
2955 3061 3235 3133 particeps
3254 3074 3453 3131 corpus
3472 3074 3612 3114 exa-

2035 3152 2183 3206 nime
2214 3152 2267 3206 in
2297 3152 2551 3221 sepulcro
2575 3152 2767 3222 jacens
2799 3166 2912 3205 non
2941 3148 3308 3205 movebatur?

2105 3243 2275 3295 Abuc.
2301 3241 2442 3307 Quia
2471 3241 2711 3297 Verbum
2742 3242 2796 3295 in
2831 3243 2950 3310 ipso
2983 3248 3117 3294 tunc
3138 3238 3615 3306 incorruptionem

366 3344 418 3389 et
491 3336 712 3390 tertium
778 3334 1061 3404 quiddam,
1121 3342 1179 3387 ut
1230 3333 1473 3397 dicebas,
1526 3334 1746 3387 evasisti
1780 3352 1793 3387 :
1838 3349 1933 3388 nec
1962 3362 2005 3419 ο
2039 3349 2199 3391 sacro
2238 3335 2314 3388 illi
2345 3334 2598 3389 cadaveri
2618 3333 3035 3387 convenientem
3068 3329 3345 3385 servabat.

356 3427 570 3492 anima,
616 3441 714 3482 nec
743 3440 967 3496 corpus,
1001 3425 1096 3479 sed
1131 3424 1295 3478 homo
1330 3423 1527 3478 iactus.
1560 3423 1627 3477 At
1660 3424 1932 3479 Christia-

354 3532 565 3574 Lnorum
611 3519 773 3583 Deus,
838 3524 897 3571 ut
954 3516 1221 3572 cavillans
1274 3514 1596 3584 objicicbas,
1652 3515 1741 3569 vel
1805 3524 1933 3571 ante

2110 3426 2267 3481 Tunc
2305 3425 2617 3483 Saracenus
2651 3434 2906 3494 tanquam
2936 3422 3036 3476 reti
3073 3421 3333 3490 quopiam
3363 3420 3617 3488 implica-

2043 3529 2154 3584 tus,
2182 3527 2236 3571 et
2268 3516 2528 3590 elinguis,
2556 3530 2667 3586 prae
2699 3522 2926 3584 stupore
2956 3512 3252 3568 obmutuit.

1877 3628 2119 3686 XXXIII.

469 3737 734 3794 {Theodori
761 3738 1020 3794 Abucara:
1054 3737 1313 3808 Dialogus
1344 3752 1462 3790 cum
1486 3734 1832 3791 Nestoriano.

2051 3744 2278 3808 Ἀλλος
2311 3742 2590 3814 διάλογος
2630 3743 2779 3812 πρὸς
2814 3738 3222 3809 Νεστοριανὸν
3248 3738 3352 3791 τοῦ
3394 3737 3617 3793 αὑτοῦ.

1664 3849 1948 3913 Interprele
1978 3854 2314 3905 Gencbrardo.

439 3964 608 4016 Abuc.
666 3959 762 4014 Die
803 3960 975 4023 mihi,
1012 3958 1115 4012 hoc
1173 3938 1370 4011 nomen
1422 3956 1701 4021 Christus,
1762 3965 1938 4012 utram

368 4065 621 4111 naturam
657 4050 887 4115 indicat,
920 4048 1251 4105 divinitatis.
1282 4062 1348 4100 an
1385 4046 1781 4100 immanitatis?

442 4146 658 4203 Nestor.
694 4142 813 4198 Non
842 4156 1003 4197 unam
1036 4142 1090 4197 in
1123 4148 1298 4211 parte,
1320 4139 1415 4193 sed
1449 4148 1742 4207 utramque
1772 4139 1941 4209 hypo-

301 4308 309 4323 ν
368 4237 563 4301 stasin,
602 4236 719 4292 sive
752 4234 868 4298 Dei,
901 4240 955 4288 et
984 4231 1227 4287 hominis
1258 4231 1441 4285 simul.

438 4332 603 4384 Abuc.
642 4327 810 4382 Recte
833 4340 1045 4380 censes.
1084 4321 1202 4376 Jam
1241 4324 1343 4377 hoc
1389 4323 1525 4377 mihi
1557 4321 1825 4377 edissere.
1861 4327 1940 4377 An

369 4420 624 4474 Christus
648 4435 711 4473 ex
743 4416 968 4486 Virgine
1004 4415 1198 4469 natus?

441 4510 657 4565 Nestor.
692 4508 947 4562 Maxime.

442 4606 607 4659 Abuc.
635 4605 777 4674 Ergo
804 4603 949 4658 Deus
989 4600 1249 4666 Verbum,
1281 4609 1333 4655 et
1369 4600 1535 4655 homo
1569 4609 1734 4655 natus
1764 4608 1848 4655 est
1878 4611 1941 4653 ex

2110 3964 2337 4019 Ἀϐουκ.
2376 3964 2513 4017 Εἰπέ
2565 3981 2677 4033 μοι,
2711 3963 2771 4015 τὸ
2817 3960 3055 4031 Χριστός
3101 3960 3272 4029 ὄνομα
3322 3958 3485 4020 ποίας
3514 3958 3625 4027 φύ-

2043 4056 2178 4117 σεώς
2203 4057 2315 4108 ἐστι
2341 4056 2638 4125 δηλωτικόν
2660 4073 2674 4121 ;
2692 4057 2791 4126 τῆς
2809 4053 3083 4124 θεότητος,
3099 4052 3133 4120 ἢ
3153 4050 3622 4121 ἁνθρωπότητοςς

2124 4148 2184 4198 '0
2215 4149 2466 4213 Νεστορ.
2516 4147 2590 4200 Ub
2646 4146 2775 4215 μιᾶς
2830 4146 2931 4197 ἀνὰ
2976 4144 3161 4213 μέρος,
3206 4141 3343 4194 ἀλὶὰ
3382 4142 3493 4193 τῶν
3522 4141 3626 4193 δύο

2042 4237 2413 4299 ὑποστάσεως),
2431 4240 2598 4309 ἤγουν
2619 4236 2710 4289 τοῦ
2733 4235 2891 4299 Θεοῦ,
2910 4237 3009 4289 καὶ
3030 4234 3122 4287 τοῦ
3146 4233 3439 4303 ἀνθρώπου
3456 4232 3622 4302 ὁμοῦ.

2116 4332 2352 4384 Ἀὄουκ.
2390 4330 2604 4394 Καλῶς.
2647 4328 2781 4382 Εἰπέ
2826 4344 2940 4398 μοι,
2974 4330 3001 4381 6
3037 4324 3130 4379 οὖν
3176 4325 3416 4395 Χριστὸς
3468 4327 3627 4391 ἐγεν-

2044 4421 2183 4492 νήθη
2211 4424 2274 4474 ὲκ
2300 4421 2558 4489 γυναικός
2581 4404 2616 4483 ;Δ

2131 4513 2192 4564 '0
2233 4515 2486 4578 Νεστορ.
2529 4510 2658 4564 Ναί.
2887 4566 2893 4573 ,

2115 4604 2340 4658 Ἀϐουκ.
2373 4585 2582 4655 Οὐκοῦν
2612 4603 2640 4654 6
2690 4600 2823 4663 Θεὸς
2865 4601 3058 4668 Λόγος,
3109 4599 3202 4650 καὶ
3258 4598 3288 4648 6
3335 4596 3626 4665 ἄνθρωπος

371 4697 620 4768 Virgine.
652 4694 1087 4751 Christus-enim
1109 4736 1123 4758 ,
1166 4703 1225 4748 nt
1258 4694 1551 4749 confessus
1596 4709 1677 4760 es,
1714 4693 1860 4747 Deus
1888 4703 1934 4747 et

2067 4695 2309 4765 ,γεννήϐη
2350 4697 2414 4746 ἐκ
2443 4693 2723 4761 γυναικός.
2768 4691 2826 4744 Ὀ
2875 4690 3111 4761 Χριστὸς
3138 4689 3271 4757 γὰρ,
3307 4688 3383 4749 ὡς
3414 4687 3625 4756 ὡμολό-

372 4789 535 4842 homo
588 4796 693 4842 est.
748 4785 863 4840 Hoc
904 4786 1130 4854 insuper
1187 4800 1215 4838 a
1254 4794 1309 4840 te
1364 4794 1492 4855 pcto
1528 4801 1539 4837 :
1577 4799 1644 4838 an
1681 4784 1940 4840 Christus

371 4883 624 4932 mortuus
655 4876 778 4929 est?

442 4966 661 5020 Nestor.
692 4964 948 5019 Maxime.

442 5061 608 5115 Abuc.
634 5058 779 5129 Ergo
826 5055 989 5121 Deus,
1016 5064 1067 5111 et
1098 5056 1260 5110 homo
1280 5065 1530 5111 mortuus
1560 5066 1665 5112 est.
1690 5056 1944 5110 Christus

370 5154 541 5220 enim,
580 5163 640 5209 ut
672 5152 776 5221 vis,
811 5151 954 5205 Deus
981 5157 1037 5205 et
1061 5150 1224 5203 homo
1255 5158 1338 5205 est
1361 5150 1497 5222 (62).
1533 5149 1782 5217 Quanam
1812 5162 1942 5203 vero

371 5243 439 5300 de
467 5259 637 5301 causa
663 5243 918 5301 Christus
942 5241 1142 5298 dicitur
1169 5240 1192 5293 ?

442 5449 491 5482 "
522 5446 648 5503 llrec
672 5447 832 5503 aliter
859 5445 1268 5502 Genehrardus.

2044 4801 2244 4859 χησας,
2277 4787 2304 4837 6
2339 4786 2471 4846 Θεός
2504 4787 2619 4836 ἐστι
2669 4782 2765 4835 καὶ
2810 4785 2838 4834 6
2888 4782 3196 4852 ἄνθρωπος.
3227 4780 3272 4810 ⁷⁵
3311 4780 3422 4831 Καὶ
3464 4780 3624 4831 πάλιν

2030 4877 2234 4945 »ἐρωτῶ
2272 4892 2354 4939 σε,
2389 4878 2416 4928 6
2444 4875 2682 4947 Χριστὸς
2706 4873 3016 4936 ἁπέθανενς

2130 4968 2192 5020 Ὀ
2222 4969 2473 5034 Νεστορ.
2510 4966 2639 5019 Ναί.

2123 5060 2361 5114 Ἀὄουκ.
2392 5056 2614 5112 Οὐκοῦν
2639 5058 2666 5109 6
2698 5055 2850 5118 Θεὸς,
2899 5053 2992 5106 καὶ
3025 5054 3055 5105 6
3095 5051 3388 5121 ἄνθρωπος
3424 5052 3626 5105 ἀπέθα-

2047 5170 2141 5205 νεν
2166 5169 2178 5181 ·
2215 5152 2358 5206 κατὰ
2381 5168 2442 5204 σε
2476 5151 2585 5220 γὰρ
2607 5152 2634 5202 6
2661 5147 2895 5219 Χριστὸς
2918 5149 2946 5200 ὁ
2969 5144 3123 5211 Θεὸς,
3153 5146 3253 5199 καὶ
3286 5146 3316 5197 6
3341 5144 3626 5216 ἄνθρωπός

2045 5247 2212 5299 ἐστιν.

1662 5376 1895 5432 VARI/13‘.
1939 5375 2340 5455 LECTIONES.

1896 5526 2130 5582 NOTAE.

445 5631 570 5712 (GI).
594 5630 755 5712 lianc
775 5628 1209 5712 disputatimtcm'
1231 5643 1339 5712 non
1366 5630 1550 5712 reperi.
1646 5624 1944 5712 codicibus

376 5697 683 5755 Bavaricis.
720 5697 906 5769 Itaque
940 5702 1155 5755 nonnisi
1192 5699 1436 5754 Latinam
1465 5697 1810 5751 exhibemus.

2137 5624 2251 5697 (69.)
2285 5626 2584 5696 Sequentia
2618 5629 2814 5684 desunt
2846 5630 2899 5684 in
2925 5628 3115 5684 Graeco
3144 5627 3278 5682 Bav.
3308 5624 3520 5683 codice.
