3912 6202
338 353 475 415 1585
550 396 554 403 -

403 463 617 519 Nestor.
655 464 794 532 Quia
818 467 971 521 unxit
996 483 1116 521 cum
1158 468 1301 525 Dens
1340 468 1549 539 Spiritu
1578 480 1792 526 sancto.

1704 320 1709 327 ’
1748 357 2162 419 OPUSCULA.
2268 368 2275 373 ·

3454 352 3593 419 1588

1933 482 1975 537 Α
2007 482 2207 531 unctus
2235 481 2339 542 est,
2371 475 2629 530 Christus
2645 481 2750 540 est,
2773 480 2826 528 et
2858 473 3022 528 homo
3052 472 3097 527 is
3131 481 3233 537 est,
3259 472 3351 542 qui
3384 483 3591 530 unctus

400 557 565 611 Abuc.
600 555 732 612 Uter
760 558 925 629 igitur
954 569 1151 616 unctus
1201 569 1310 630 est,
1357 561 1499 619 Deus
1536 561 1793 624 Verbum,
1828 579 1899 619 an
1999 575 2106 629 est,
2135 568 2281 622 alius
2306 567 2547 637 denique
2579 566 2725 622 Deus
2748 564 3014 629 Verbum,
3042 570 3095 618 ct
3120 563 3263 620 alius
3296 564 3461 620 homo
3482 573 3586 623 est.

329 649 530 704 homo?

2002 664 2061 712 ut
2093 659 2280 725 vultis,
2312 658 2695 728 consequitur,
2748 664 2808 710 ut
2870 656 3037 710 homo
3091 654 3165 708 sit
3222 652 3476 709 Christus
3532 654 3587 708 in

404 742 623 798 Nestor.
674 745 833 801 Absit
883 753 943 801 ut
979 746 1147 801 Deum
1173 746 1408 802 Verbum
1456 756 1677 803 unctum
1730 747 1901 806 fuisse
1999 758 2173 818 parte.
2201 749 2344 816 Quid
2384 764 2514 820 ergo
2544 748 2700 802 vobis
2736 748 2911 817 ipsis,
2962 755 3017 801 et
3065 745 3189 800 aliis
3244 745 3590 815 imponentcs

327 836 600 902 dicamus,
634 839 728 893 sed
760 838 1062 895 hominem.

395 927 560 987 Abuc.
597 929 850 987 Christus
883 931 1053 1003 igitur
1081 939 1165 987 est
1195 932 1378 988 homo.
1408 930 1467 987 Si
1494 933 1640 989 enim
1703 932 1751 988 is
1802 934 1900 1002 qui

2000 839 2283 895 Christum
2318 839 2513 905 Deum,
2534 848 2587 895 et
2612 840 2891 895 hominem
2927 853 3050 895 esse
3080 837 3308 894 dicitis?

1746 1068 1910 1140 417
1950 1064 2187 1121 χχχιι.

334 1179 443 1236 Τοῦ
490 1182 777 1253 θεολόγον
827 1180 962 1249 περὶ
1017 1182 1258 1260 κρόκου,
1310 1181 1416 1237 τοῦ
1459 1180 1647 1237 αὐτοῦ
1694 1182 1900 1237 Ἀϐου·

1021 1268 1197 1319 καρα.

2256 1180 2333 1236 De
2361 1189 2592 1248 tempore
2625 1178 2762 1251 (63),
2791 1178 3029 1248 ejusdem
3059 1177 3337 1231 Abucaraz.

1557 1366 1739 1416 Jacobo
1759 1364 1993 1415 Gretsero
2019 1362 2316 1423 interprete.

395 1487 595 1557 Ἐρώτ.
641 1489 699 1542 ὐ
728 1490 920 1561 χρόνος
951 1490 1009 1543 ἐν
1040 1491 1237 1563 χρόνῳ,
1262 1493 1295 1563 ἢ
1328 1494 1430 1546 οὐκ
1459 1494 1516 1546 ἐν
1539 1494 1756 1564 χρόνῳ;

411 1580 607 1632 Ἅπόκ.
646 1581 818 1651 Διχῶς
865 1581 982 1634 ἔστι
1033 1584 1171 1654 πρὸς
1218 1582 1377 1638 τοῦτο
1423 1584 1901 1654 ἀπολογήσασθαιο

326 1670 447 1740 ἦτοι
473 1672 582 1742 γὰρ
616 1672 1000 1736 διαλεκτικῶς,
1027 1676 1122 1728 καὶ
1160 1674 1410 1743 ἐνδόξως,
1439 1676 1534 1735 καὶ
1569 1676 1834 1739 πιθανῶς,
1870 1676 1903 1747 ἦ

328 1760 745 1827 ἀποδεικτικῶς,
780 1763 874 1815 καὶ
912 1764 1246 1833 ἀναγκαίως,
1275 1765 1372 1819 καὶ
1400 1765 1615 1837 ἀληθῶς
1636 1782 1648 1795 ·
1677 1767 1737 1820 οὐ
1775 1767 1907 1838 μένον

328 1868 409 1904 τοι
450 1851 674 1917 ἀδόξως.
1658 1880 1671 1899 ι
1875 1858 1880 1863 ’

401 1942 603 2011 Ἐρώτ.
656 1944 783 2008 Πῶς
837 1939 931 1998 οὗν
971 1944 1152 2015 βούλει
1202 1945 1520 2021 προϐαίνειν
1551 1950 1645 2001 τὸν
1703 1948 1901 2017 λόγονς

327 2035 710 2100 διαλεκτικῶς,
742 2035 774 2106 ἢ
807 2037 1243 2105 ἀποδεικτικῶς;

401 2125 610 2181 Ἀπόκ.
662 2127 1048 2191 Διαλεκτικῶς.
1098 2130 1299 2198 Ἐρώτ.
1332 2132 1379 2164 ⁷⁸
1422 2132 1480 2185 '0
1526 2132 1720 2206 χρόνος
1777 2131 1905 2185 οὔτε

330 2218 388 2269 ὲν
418 2218 594 2288 χρόνῳ
619 2220 788 2283 ἐστὶν,
817 2218 942 2273 οὔτε
972 2222 1074 2274 οὐκ
1104 2223 1162 2276 ὲν
1192 2223 1394 2295 χρόνῳ.
1435 2226 1501 2278 Et
1538 2225 1638 2293 μὲν
1664 2224 1774 2296 γὰρ
1804 2226 1906 2279 οὐκ

332 2309 391 2360 ὲν
435 2309 631 2379 χρόνῳ,
679 2313 1016 2383 κεχώρισται
1064 2313 1260 2367 ἑαυτοῦ
1286 2331 1297 2344 ·
1331 2316 1471 2386 ὅπερ
1515 2316 1803 2371 ἀδύνατον.
1837 2317 1901 2369 Et

333 2395 390 2448 δὲ
419 2398 476 2449 ὲν
504 2399 702 2468 χρόνῳ,
749 2402 806 2453 ὲν
842 2401 1022 2471 ἑαυτῷ
1058 2400 1244 2455 ἔσται·
1277 2403 1339 2457 τδ
1370 2404 1429 2457 δὲ
1472 2404 1529 2458 ἐν
1572 2423 1700 2471 τινι,
1744 2423 1909 2477 περι-

336 2488 520 2558 έχεται
558 2490 649 2543 ὑπ’
680 2491 867 2546 αὐτοῦ.
914 2491 1076 2545 Ἀλλὰ
1112 2495 1241 2563 μὴν,
1281 2495 1468 2565 ἓτερόν
1503 2498 1618 2549 ἐστι
1658 2495 1717 2549 τό
1750 2513 1910 2566 περι-

337 2579 598 2648 εχόμενον
642 2581 796 2652 παρὰ
849 2582 912 2635 τὸ
953 2584 1225 2654 περιέχον.
1272 2584 1503 2657 Ἕτερον
1546 2586 1655 2656 ἄρα
1714 2587 1908 2641 ἑαυτοῦ

336 2668 486 2728 ἐστιν
518 2672 546 2724 6
575 2672 786 2742 χρόνος,
815 2675 955 2746 ὅπερ
982 2676 1266 2732 ἀδύνατον.
1304 2679 1368 2731 Et
1397 2673 1513 2743 οὖν,
1553 2679 1629 2743 ὡς
1668 2679 1906 2751 ἐδείχθη,

2082 1489 2346 1560 Interrog.
2391 1488 2532 1543 Num
2572 1497 2788 1559 tempus
2821 1500 2906 1544 est
2940 1490 2996 1543 in
3036 1496 3302 1557 tempore,
3342 1503 3410 1541 an
3440 1486 3591 1543 non?

2080 1580 2233 1649 Resp.
2264 1580 2565 1648 Dupliciter
2611 1580 2677 1633 ad
2715 1581 2818 1633 hoc
2864 1577 3186 1648 responderi
3221 1583 3420 1646 potest,
3470 1576 3591 1630 dia-

2008 1672 2204 1727 lectice
2261 1671 2519 1726 videlicet
2569 1678 2625 1725 et
2678 1670 3045 1740 probabiliter
3083 1677 3138 1723 et
3171 1668 3587 1727 verisimiliter;

2007 1763 2093 1818 vel
2119 1763 2574 1825 demonstrative,
2617 1761 2963 1824 necessario,
2995 1770 3049 1815 et
3079 1774 3236 1824 vere;
3268 1773 3376 1812 non
3405 1766 3589 1812 tamen

2009 1838 2474 1925 improbabiliter.

2082 1946 2347 2016 Interrog.
2392 1946 2696 2013 Quomodo
2741 1945 2910 2015 igitur
2962 1944 3392 2012 disputationem
3432 1942 3591 1997 insti-

2010 2046 2164 2094 tuere
2189 2038 2386 2107 cupis?
2410 2038 2720 2102 dialectice,
2750 2052 2820 2091 an
2855 2035 3321 2103 demonstrative?

2079 2129 2237 2198 Resp.
2267 2130 2582 2186 Dialectice.
2616 2129 2856 2199 Tempus
2895 2142 3074 2197 neque
3098 2127 3152 2179 in
3184 2133 3438 2194 tempore
3465 2130 3587 2187 cst;

2009 2239 2188 2293 neque
2237 2238 2346 2277 non
2383 2236 2467 2278 est
2514 2223 2570 2276 in
2604 2230 2873 2291 tempore.
2911 2217 2968 2273 Si
3006 2218 3152 2272 enim
3196 2231 3303 2270 non
3346 2225 3492 2271 esset
3535 2215 3591 2269 in

2010 2320 2275 2383 tempore,
2295 2328 2322 2365 a
2340 2328 2398 2367 se
2426 2311 2546 2382 ipso
2563 2318 2877 2380 separatum
2890 2314 3057 2370 esset,
3077 2306 3222 2376 quod
3248 2305 3361 2359 fieri
3380 2304 3588 2373 nequit.

2014 2405 2071 2460 Si
2104 2422 2233 2460 vero
2249 2406 2322 2460 sit
2360 2404 2416 2458 in
2448 2412 2717 2473 tempore,
2757 2402 2811 2454 in
2845 2415 2906 2457 se
2952 2400 3072 2468 ipso
3095 2398 3201 2453 erit
3234 2415 3249 2452 :
3281 2396 3430 2467 quod
3463 2411 3593 2452 vero

2013 2496 2069 2550 in
2100 2497 2285 2565 aliquo
2316 2496 2483 2559 inest,
2540 2492 2859 2547 continetur
2903 2490 2971 2544 ab
3016 2490 3130 2543 illo.
3159 2488 3323 2557 Atqui
3364 2486 3416 2542 id
3446 2487 3592 2555 quod

2013 2590 2274 2652 continet,
2328 2598 2381 2642 et
2410 2587 2555 2657 quod
2603 2584 2934 2649 continetur,
2965 2582 3225 2637 distincta
3277 2587 3423 2636 sunt.
3470 2578 3591 2634 Dis-

2012 2680 2245 2734 tinctum
2277 2679 2442 2750 igitur
2471 2694 2501 2732 a
2535 2694 2593 2733 se
2639 2678 2758 2747 ipso
2785 2685 2871 2733 est
2904 2684 3119 2745 tempus
3154 2691 3169 2728 :
3205 2672 3349 2743 quod
3372 2681 3459 2727 est
3489 2672 3592 2725 im-

336 2765 604 2821 ἀδύνατόν
655 2770 771 2823 ἐστι
820 2769 881 2822 r6
926 2769 1019 2823 τὸν
1057 2771 1250 2841 χρόνον
1299 2771 1498 2825 ἑαυτοῦ
1551 2772 1907 2842 κεχωρίσθαι,

2022 2772 2301 2841 possibile.
2335 2772 2390 2826 Si
2447 2771 2637 2841 igitur,
2677 2778 2737 2825 ut
2774 2779 3080 2833 ostensmn,
3115 2764 3453 2836 impossibile
3506 2771 3595 2817 est

334 2855 742 2928 ἀδυνατώτερον
767 2860 823 2912 δὲ
854 2860 949 2912 καὶ
990 2861 1052 2912 τὸ
1078 2860 1275 2914 ἑαυτοῦ
1311 2862 1502 2931 ἕτερον
1528 2859 1688 2917 εἷναι.
1724 2862 1912 2918 Ταῦτα

335 2947 392 3002 δὲ
423 2946 621 3017 συνέϐη
657 2949 699 2980 ⁷⁷
739 2951 803 3001 ἐκ
842 2948 939 3002 τοῦ
995 2950 1345 3005 ὑποτίθεσθαι
1394 2953 1485 3005 τὸν
1529 2954 1741 3022 χρόνον,
1791 2955 1911 3025 ἦτοι

336 3040 438 3093 οὐκ
471 3040 529 3092 ὲν
557 3040 755 3110 χρόνῳ,
785 3042 966 3112 δῆλον,
999 3043 1085 3096 ὅτι
1110 3041 1399 3107 ἀδύνατον,
1424 3043 1517 3096 τὸν
1545 3044 1740 3115 χρόνον
1768 3040 1910 3098 εἶναι

337 3131 395 3180 ὲν
454 3129 652 3201 χρόνῳ,
684 3132 717 3200 ἢ
771 3134 872 3185 οὐκ
913 3135 973 3185 ὲν
1020 3133 1219 3204 χρόνῳ.
1258 3135 1419 3187 Πᾶσα
1489 3134 1599 3204 γὰρ
1655 3135 1911 3199 ὑπόθεσις

336 3219 630 3289 ἀπάγουσα
685 3224 766 3285 εἰς
801 3223 1085 3288 ἀδύνατον,
1140 3226 1233 3277 καὶ⁴
1288 3224 1429 3294 αὐτὴ
1467 3223 1730 3289 ἀδύνατός
1766 3228 1909 3292 ἐστι,

339 3309 434 3363 καὶ
472 3310 644 3364 ταῦτα
672 3311 1029 3376 διαλεκτικῶς
1059 3312 1309 3385 εἴρηται,
1330 3314 1425 3366 καὶ
1464 3312 1716 3380 ἐνδόξως.

411 3581 473 3635 Et
505 3581 563 3635 δὲ
614 3580 791 3645 θέλεις
840 3581 937 3635 καὶ
982 3581 1045 3635 τὸ
1102 3580 1503 3645 ἀποδεικτικῶς
1551 3581 1758 3650 λέγειν,
1810 3582 1912 3643 οὐκ

341 3672 581 3743 ὀκνήσω.
626 3673 685 3727 '0
710 3673 898 3744 χρόνος
931 3674 1033 3726 οὐκ
1066 3675 1125 3727 ὲν
1168 3674 1347 3745 χρόνῳ
1372 3673 1554 3727 ἐστίν·
1596 3673 1712 3727 ἑστι
1749 3673 1807 3728 δὲ
1851 3675 1916 3728 ἐκ

294 3822 309 3828 _
342 3762 450 3817 τῶν
482 3764 685 3834 ὁμοίων
730 3766 857 3832 περὶ
887 3764 1077 3819 τούτου
1111 3764 1512 3819 πιστώσασθαι.
1550 3765 1766 3836 Ὥσπερ
1802 3764 1913 3835 γὰρ

343 3856 372 3907 6
398 3854 564 3919 τόπος
592 3856 690 3909 οὐκ
724 3856 871 3912 ἔστιν
922 3858 981 3911 ἐν
1012 3858 1163 3929 τόπῳ
1185 3874 1199 3887 ·
1253 3859 1362 3911 πᾶν
1401 3858 1511 3929 γὰρ
1543 3858 1605 3911 τὸ
1643 3858 1702 3910 ὲν
1736 3857 1913 3928 τόπῳ,

344 3944 505 4015 σῶμα
525 3964 538 3977 ·
564 3948 593 4000 6
628 3947 685 4000 δὲ
714 3950 881 4011 τόπος
913 3948 973 4002 οὐ
997 3949 1157 4019 σῶμά
1187 3950 1331 4005 ἐστι·
1368 3951 1517 4019 καὶὴ
1550 3948 1700 4019 ψυχὴ
1729 3948 1830 4001 οὐκ
1856 3948 1914 4001 ἐν

340 4038 484 4110 ψυχῇ
518 4040 684 4105 ἐστιν,
710 4041 828 4094 ἀλλ’
860 4042 919 4095 ἐν
948 4041 1026 4113 τῷ
1068 4044 1282 4114 σώματι
1306 4060 1321 4075 ο
1356 4044 1451 4097 καὶ
1472 4045 1506 4113 ἡ
1557 4042 1777 4113 κίνησις
1810 4042 1911 4096 οὐκ

2014 2869 2290 2932 tempusa
2351 2876 2411 2917 se
2475 2862 2595 2929 ipso
2643 2871 2960 2929 separatum
2992 2872 3153 2923 esse;
3205 2855 3378 2908 multo
3411 2852 3594 2906 minus

2013 2951 2129 3006 ﬁeri
2162 2960 2364 3020 potest,
2395 2960 2454 3005 ut
2493 2966 2524 3004 a
2553 2966 2612 3006 se
2636 2952 2756 3021 ipso
2796 2952 3075 3005 diversum
3112 2952 3205 3005 sit.
3231 2948 3287 3003 Si
3319 2962 3449 3003 vero
3477 2946 3595 3001 hare

2011 3052 2428 3117 consequuntur
2482 3058 2549 3099 ex
2580 3043 2875 3113 hypothesi
2903 3044 2999 3097 illa
3039 3062 3052 3098 :
3087 3042 3331 3113 Tempus
3361 3041 3445 3096 vel
3483 3056 3595 3094 non

2012 3151 2133 3190 esse
2162 3136 2519 3201 in/tempore,
2548 3137 2631 3189 vel
2661 3150 2787 3190 esse
2834 3136 2889 3189 in
2944 3143 3227 3206 tempore;
3276 3134 3497 3203 planum
3537 3132 3597 3184 tit

2013 3222 2131 3277 ﬁeri
2167 3237 2276 3276 non
2313 3239 2494 3292 posse,
2519 3232 2579 3277 ut
2611 3233 2830 3293 tempus
2863 3225 2936 3277 sit
2968 3225 3021 3277 in
3056 3235 3324 3294 tempore,
3360 3222 3445 3277 vel
3485 3237 3594 3275 non

2014 3310 2085 3365 sit
2119 3312 2173 3365 in
2205 3318 2470 3381 tempore.
2520 3312 2714 3367 Omnis
2762 3315 2909 3368 enim
2959 3316 3305 3386 hypothesis,
3360 3328 3481 3382 quae
3528 3314 3596 3366 ad

2016 3399 2361 3469 impossibile
2408 3398 2591 3462 ducit,
2660 3401 2781 3469 ipsa
2836 3401 3001 3455 etiam
3062 3402 3425 3471 impossibilis
3485 3412 3592 3456 est.

2018 3493 2084 3547 Et
2119 3492 2233 3547 haec
2256 3492 2542 3551 dialectice
2570 3501 2625 3547 et
2658 3492 3016 3560 probabiliter
3047 3493 3195 3549 dicta
3227 3494 3359 3547 sint.

2040 3636 2051 3643 ,
2090 3580 2150 3639 Si
2186 3596 2318 3638 vero
2364 3581 2501 3636 velis
2563 3589 2622 3635 ut
2648 3590 2704 3637 ct
2733 3583 3172 3638 demonstrative
3206 3581 3276 3635 de
3303 3581 3388 3636 his
3419 3580 3629 3645 disse,»

2016 3691 2159 3740 ram,
2185 3676 2425 3731 libenter
2453 3675 2679 3745 parebo.
2707 3673 2948 3743 Tempus
2978 3689 3083 3729 non
3115 3679 3201 3730 est
3236 3673 3289 3727 in
3319 3682 3595 3742 tempere;
3631 3694 3638 3700 ·

2016 3769 2164 3841 quod
2192 3784 2257 3824 ex
2291 3769 2567 3825 similibus
2591 3767 2920 3823 conﬁrmare
2940 3767 3089 3822 licet.
3121 3764 3593 3832 Quemadmodum

2016 3862 2163 3917 enim
2196 3862 2351 3916 locus
2377 3875 2488 3914 non
2525 3868 2611 3915 est
2664 3860 2719 3913 in
2769 3860 2924 3925 loco;
2960 3873 3085 3913 nam
3141 3872 3322 3919 omne,
3364 3856 3510 3927 quod
3540 3857 3617 3911 in.

2016 3952 2261 4016 locoest,
2318 3964 2521 4020 corpus
2578 3957 2710 4014 cst;
2752 3957 2809 4002 at
2865 3948 3021 4003 locus
3058 3963 3172 4002 non
3236 3961 3475 4016 corpus,
3541 3955 3599 4007 et

2019 4043 2200 4097 anima
2226 4056 2332 4096 non
2380 4049 2466 4097 est
2529 4043 2583 4095 in
2617 4041 2820 4103 anima,
2855 4039 2951 4095 sed
2982 4039 3040 4094 in
3070 4053 3345 4113 corpore;
3386 4049 3440 4093 et
3478 4052 3597 4099 mo:

342 4128 399 4179 ἐν
432 4129 668 4200 κινήσει,
697 4130 813 4182 ἀλλ’
836 4133 892 4184 ὲν
926 4132 1231 4203 κινουμένῳ
1249 4149 1263 4162 ·
1294 4134 1391 4186 καὶ
1422 4133 1492 4185 τὰ
1514 4131 1782 4202 χρώματα
1812 4132 1909 4185 οὐκ

2022 4142 2107 4190 tus
2138 4149 2244 4188 non
2288 4143 2372 4189 est
2400 4135 2456 4187 in
2489 4142 2664 4197 motu,
2697 4132 2791 4189 sed
2824 4132 2878 4186 in
2910 4131 3135 4199 mobili;
3168 4141 3221 4185 et
3242 4131 3460 4186 colores
3484 4145 3596 4185 non

342 4220 401 4271 ἐν
432 4219 739 4291 χρώμασιν,
765 4222 883 4275 ἀλλ’
911 4224 969 4276 ὲν
998 4225 1408 4295 κεχρωσμένοις
1427 4223 1676 4294 σώμασιν
1697 4239 1711 4253 ⁸
1738 4222 1915 4287 οὕτως

343 4313 439 4364 καὶ
471 4313 499 4363 6
523 4313 713 4383 χρόνος
747 4314 848 4367 οὐκ
882 4316 940 4368 ὲν
966 4315 1143 4387 χρόνῳ
1186 4316 1355 4381 ἐστὶν,
1388 4315 1502 4368 ἀλλ’
1560 4318 1617 4368 ὲν
1649 4315 1910 4387 χρονίοις.

342 4402 529 4456 Ταῦτα
558 4404 615 4457 δέ
663 4406 779 4457 ἐστι
818 4405 889 4457 τὰ
938 4407 1253 4475 κινούμενα.
1299 4405 1557 4477 Ἀριθμὸς
1607 4406 1715 4476 γὰρ
1760 4407 1917 4476 κινή-

346 4494 487 4558 σεώς
520 4499 667 4548 ἐστιν
687 4497 715 4549 6
748 4499 959 4568 χρόνος.
988 4499 1151 4550 Ὥστε
1174 4497 1320 4551 κατὰ
1351 4499 1451 4569 μὲν
1483 4498 1699 4569 πρῶτον
1734 4498 1915 4566 λόγον,

344 4587 402 4637 ὲν
433 4588 646 4657 κινήσει
684 4589 833 4647 ἐστὶν
876 4590 904 4641 6
934 4588 1122 4659 χρόνος
1142 4603 1157 4618 °
1190 4589 1377 4660 ἐπειδὴ
1406 4590 1502 4643 1ιαῖ¹
1554 4591 1588 4659 ἡ
1620 4589 1834 4660 κίνησις
1860 4591 1927 4641 ἐν,

343 4675 420 4746 τῷ
452 4680 758 4749 κινουμένῳ
792 4680 930 4743 ἐστὶ,
964 4680 1057 4733 καὶ
1095 4679 1123 4731 6
1165 4679 1357 4749 χρόνος
1396 4680 1504 4750 ἄρα
1543 4682 1601 4733 ἐν
1629 4679 1706 4750 τῷ
1732 4697 1918 4734 κινου-

348 4767 494 4838 μένῳ
523 4770 640 4821 ἐστὶ
678 4769 765 4823 διὰ
818 4769 986 4840 μέσου
1016 4770 1116 4837 τῆς
1149 4773 1438 4840 κινήσεως,
1487 4770 1626 4823 ὥστε
1662 4770 1757 4823 καὶ
1788 4769 1918 4839 ἀλη-

345 4855 454 4919 θῶς
482 4856 632 4918 ἔστιν
664 4861 862 4927 εἰπεῖν,
897 4862 978 4913 ὅτι
1012 4863 1040 4915 6
1066 4862 1259 4932 χρόνος
1286 4863 1389 4921 οὐκ
1432 4864 1489 4923 ἐν
1508 4861 1685 4933 χρόνῳ
1724 4861 1907 4925 ἐστὶν,

348 4948 460 4999 ἀλλ’
491 4950 549 5011 ἐν
591 4952 828 5021 κινήσει,
860 4951 892 5022 ἢ
937 4955 994 5005 ὲν
1026 4954 1353 5026 κινουμένῳ,
1398 4954 1533 5006 ἀλλὰ
1567 4953 1782 5023 πρῶτος
1815 4952 1915 5020 μὲν

350 5041 411 5092 ἐν
458 5046 692 5113 κινήσει,
736 5042 985 5116 δεύτερος
1025 5045 1084 5099 δὲ
1140 5047 1198 5106 ἐν
1252 5046 1579 5116 κινουμένῳ,
1633 5044 1705 5108 ὡς
1760 5044 1915 5113 εἴρη-

349 5146 458 5185 ται.

2016 4235 2148 4282 sunt
2184 4227 2236 4279 in
2272 4226 2576 4289 coloribus,
2608 4224 2700 4279 sed
2754 4225 2809 4278 in
2838 4224 3163 4293 corporibus
3186 4223 3484 4290 coloratis;
3514 4222 3598 4277 sic

2015 4325 2069 4374 et
2101 4327 2315 4387 tempus
2347 4331 2455 4370 non
2488 4325 2573 4370 est
2611 4316 2949 4384 intempore,
2968 4314 3064 4371 sed
3095 4314 3148 4366 in
3179 4314 3343 4368 rebus
3366 4314 3595 4382 tempori

2016 4406 2318 4477 subjectis;
2350 4419 2472 4474 qua
2519 4402 2627 4458 alia
2652 4417 2762 4457 non
2800 4408 2954 4463 sunt,
2988 4414 3151 4469 quam
3181 4399 3428 4458 mobilia.
3458 4396 3596 4461 Nam

2017 4506 2233 4568 tempus
2268 4505 2355 4551 est
2388 4503 2882 4553 numerusmotus.
2914 4492 3103 4561 Itaque
3142 4490 3445 4546 secundum
3478 4493 3588 4561 pri:

2017 4607 2161 4647 mam
2194 4591 2457 4644 rationem
2488 4595 2707 4657 tempus
2727 4594 2809 4641 est
2840 4588 2895 4638 in
2929 4592 3117 4648 motu;
3145 4597 3383 4648 cumque
3416 4590 3595 4635 motus

2016 4685 2087 4739 sit
2116 4683 2171 4736 in
2206 4681 2414 4745 mobili,
2437 4678 2600 4735 etiam
2633 4677 2915 4747 tempusin
2937 4676 3128 4731 mobili
3151 4676 3257 4730 erit
3280 4676 3589 4729 interventu

2015 4783 2219 4830 motus.
2245 4773 2590 4842 Quapropter
2638 4785 2764 4825 vere
2794 4768 3001 4824 dicitur
3034 4786 3049 4822 :
3085 4775 3305 4836 tempus
3343 4782 3450 4821 non
3476 4784 3601 4823 esse

2016 4867 2068 4920 in
2102 4876 2368 4935 tempore,
2394 4862 2489 4918 sed
2522 4863 2576 4917 in
2611 4869 2785 4928 motu,
2834 4860 2919 4915 vel
2946 4860 2999 4915 in
3027 4858 3239 4925 mobili,
3265 4858 3359 4914 sed
3396 4858 3596 4929 prima,

2020 4964 2102 5013 rio
2147 4958 2365 5027 quidem
2419 4956 2480 5025 in_
2525 4962 2714 5022 motu;
2748 4952 3083 5021 secundario
3138 4960 3324 5017 autem
3373 4953 3454 5019 im
3481 4966 3598 5018 uno,

2019 5050 2137 5109 bili.

1643 5269 1876 5326 VAllIIE
1919 5268 2324 5326 LECTIONES.

418 5405 462 5437 ⁷⁶
498 5403 727 5461 Videtur
751 5406 868 5462 haec
895 5423 997 5463 vox
1031 5407 1334 5465 omittenda
1364 5406 1468 5463 hoc
1493 5407 1633 5463 loco.
1711 5408 1757 5439 "
1793 5406 1925 5465 fort.
1953 5409 2063 5479 leg.
2101 5406 2230 5460 εἰδὲ
2263 5407 2436 5460 ταῦτα
2472 5406 2695 5475 συνέϐη.

1848 5548 2086 5606 NOTAE.

423 5637 531 5706 (63)
566 5640 731 5694 Natat
784 5641 844 5695 R.
898 5640 956 5697 P.
1013 5643 1284 5699 Antoninus
1325 5643 1654 5699 Possevinns
1701 5647 1753 5699 in
1810 5661 1913 5702 suo

348 5708 625 5776 Apparuit:
656 5730 831 5775 smro,
867 5723 1080 5769 exstare
1119 5717 1171 5768 in
1218 5716 1550 5770 bibliuzhsca
1607 5715 1908 5771 Viennensi

2021 5645 2359 5714 Opnscnlnm
2395 5644 2659 5716 Abucarnc
2691 5644 2755 5699 de
2791 5652 3034 5716 tempore
3058 5661 3071 5711 ;
3094 5646 3200 5715 hoc
3235 5643 3380 5702 istud
3418 5644 3619 5709 ipsum.

2020 5733 2163 5774 esse.
2190 5716 2377 5770 nullus
2404 5715 2619 5770 dubito.
2909 5715 2920 5716 ί
3476 5716 3479 5721 “
