3912 6202
340 401 471 467 1591

1512 417 1904 481 THEODORI
1929 416 2300 485 ABUCARLE

3457 428 3596 496 1592

401 512 565 569 Barb.
598 511 737 569 Num
766 529 889 572 eum
914 560 928 585 ,
956 501 1053 589 qui
1093 518 1431 581 voluntatem
1468 521 1562 580 Dei
1605 525 1770 592 facit,
1810 529 1898 584 bo-

2082 535 2260 604 Βάρϐ.
2294 536 2397 590 Τὸν
2443 539 2701 595 ποιοῦντα
2728 543 2787 596 τὸ
2837 543 3054 615 θέλημα
3099 545 3194 599 τοῦ
3252 545 3396 599 Θεοῦ
3431 546 3598 600 καλὸν

327 619 461 659 num
500 619 568 659 an
607 605 812 659 malum
851 608 1034 665 dicis?
1062 610 1130 664 Et
1172 613 1443 683 siquidem
1488 615 1691 671 bonum
1725 619 1899 687 dicis,

328 697 498 765 proba
528 707 583 752 et
608 695 847 764 Judaaos,
880 711 1135 789 tanquam
1171 707 1263 776 qui
1303 707 1637 773 voluntatem
1672 709 1901 779 Christi,

326 781 423 839 Dei
459 785 560 849 tui,
594 795 652 840 ut
683 788 788 854 ais,
822 781 1069 847 fec'erint.

397 871 600 930 Christ.
658 875 739 930 Tu
797 880 1017 949 quidem
1070 885 1314 953 appellas
1371 887 1729 953 voluntatem.
1789 890 1902 961 Ego

326 977 458 1017 vero
487 966 806 1034 patientiam
836 979 889 1023 et
922 971 1387 1040 longanimitatcm
1419 980 1659 1033 nomino.
1688 980 1802 1046 Qua
1835 982 1902 1037 de

324 1065 515 1117 causa,
549 1057 698 1109 audi.
733 1057 868 1111 Cum
908 1059 1049 1115 Deus
1078 1062 1278 1116 dixerit
1312 1082 1326 1117 :
1367 1084 1385 1116 ‹
1433 1066 1548 1120 Non
1593 1067 1898 1125 furaberis:

321 1142 443 1199 Non
478 1145 876 1204 fornicaberis:
914 1150 1029 1205 Non
1061 1155 1278 1209 occides
1302 1165 1326 1192 ²
1352 1173 1367 1221 ;
1393 1175 1411 1208 ι
1458 1174 1585 1212 num
1618 1160 1807 1228 jussit,
1843 1172 1901 1218 ut

324 1237 590 1301 furemur,
644 1250 968 1310 scortemur,
1016 1246 1286 1301 adulteria
1314 1258 1368 1304 et
1418 1249 1714 1307 homicidia
1747 1268 1899 1309 com-

324 1328 650 1385 mittamus?

392 1418 558 1476 Baro.
591 1420 984 1493 Nequaquam;
1017 1427 1061 1481 si
1095 1430 1245 1484 enim
1269 1432 1557 1503 voluisset,
1583 1449 1691 1490 non
1726 1437 1899 1493 inter-

322 1508 572 1566 dixisset.
1555 1506 1560 1510 ’
1734 1596 1737 1599 _

394 1600 594 1659 Christ.
626 1603 792 1661 Recte
845 1610 1043 1665 statuis
1075 1610 1243 1666 Deum
1274 1614 1438 1680 nolle,
1472 1623 1531 1670 ut
1570 1616 1816 1675 furemur
1844 1629 1899 1677 et

320 1692 681 1749 fornicemur.
711 1696 765 1751 Si
796 1699 962 1769 igitur
998 1717 1142 1757 nunc
1173 1704 1361 1759 abeam
1396 1707 1651 1778 furtoque
1684 1720 1740 1764 et
1784 1713 1899 1766 for-

319 1782 597 1840 nicatione
624 1802 708 1842 me
734 1789 1073 1862 obstringam
1101 1810 1115 1861 ;
1174 1811 1303 1849 num
1326 1796 1522 1852 factum
1557 1801 1688 1853 illud
1718 1818 1896 1858 meum

2009 623 2208 692 λέγεις,
2244 626 2277 697 ἦ
2303 628 2503 695 κακόν;
2526 629 2639 683 Καὶ
2668 633 2717 684 εἱ
2758 633 2854 701 μὲν
2883 634 3075 701 καλὸν,
3107 635 3379 704 ἀποδέχου
3406 636 3599 689 λοιπὸν

2010 718 2257 783 καὶτοὺς
2307 720 2632 786 Ἰουδαίους,
2667 723 2742 788 ὡς
2796 725 2856 778 τὸ
2885 726 3098 799 θέλημα
3147 728 3245 780 τοῦ
3298 727 3436 780 Θεοῦ
3496 745 3593 781 σου

2007 806 2102 862 τοῦ
2133 809 2394 880 Χριστοῦ,
2420 811 2497 874 ὡς
2536 812 2739 880 λέγεις,
2767 817 3117 884 ποιήσαντας.

2079 898 2283 964 Χριστ.
2319 899 2392 951 Σὺ
2417 900 2517 969 μὲν
2548 899 2752 966 λέγεις,
2779 902 2985 975 θέλημα
3013 902 3158 959 εἶναι
3184 919 3199 934 ⁸
3234 906 3348 973 ἐγὼ
3365 907 3422 958 δὲ
3449 906 3597 973 λέγω

2009 987 2207 1058 ἀνοχὴν
2262 990 2357 1044 καὶ
2414 993 2821 1063 μακροθυμίαν.
2880 999 2988 1049 Καὶ
3043 998 3185 1059 πῶς,
3255 998 3445 1051 ἄκουε.
3479 998 3594 1052 Τοῦ

2008 1076 2143 1130 Θεοῦ
2174 1079 2452 1144 εἰπόντος’
2490 1101 2510 1134 ‹
2547 1083 2638 1150 Μὴ
2666 1084 2895 1155 κλέψῃς,
2925 1085 3001 1156 μὴ
3031 1088 3363 1160 πορνεύσῃς,
3389 1090 3463 1158 μὴ
3494 1107 3597 1159 φο-

2007 1169 2204 1242 νεύσῃς
2232 1170 2300 1234 ⁸²,
2330 1173 2494 1242 ἡμεῖς
2541 1173 2987 1244 ἴνατίκλὲψωμεν,
3024 1180 3121 1231 καὶ
3176 1180 3591 1251 πορνεύσωμεν,

2007 1258 2103 1312 καὶ
2140 1260 2545 1333 μοιχεύσωμεν,
2574 1264 2669 1316 καὶ
2701 1265 3091 1336 φονεῦσωμεν;

2079 1445 2259 1513 Βάρϐ.
2289 1445 2421 1516 Οὐχί
2441 1462 2454 1475 ·
2492 1446 2543 1499 εἰ
2573 1446 2683 1517 γὰρ
2709 1447 2923 1519 ἤθελεν,
2954 1448 3057 1502 οὐκ
3078 1448 3215 1502 αὑτὰ
3236 1448 3527 1520 ἀπέτρεψε.

2075 1621 2280 1688 Χριστ.
2330 1620 2526 1686 Καλῶς
2579 1621 2688 1676 ἱᾶοὺ
2742 1622 2969 1677 συνέθου
3016 1639 3129 1692 μοι,
3163 1622 3330 1676 ὄτιοῦ
3368 1623 3509 1675 θέλει
3550 1624 3585 1676 ὁ

2004 1710 2157 1776 Θεὸς,
2185 1711 2274 1765 ἵνα
2307 1713 2650 1783 κλέπτωμεν,
2694 1715 2788 1768 καὶ
2845 1715 3252 1785 πορνεύσωμεν.
3304 1714 3430 1767 Ἐὰν
3461 1714 3593 1783 ἄρτι

2005 1801 2245 1863 ἀναστὰς
2283 1801 2503 1855 ἀπέλθω
2533 1804 2626 1856 καὶ
2665 1804 2870 1872 κλέψω,
2913 1803 3232 1874 ἦφονεΰσω,
3267 1803 3326 1855 τε
3356 1802 3521 1854 αὐτὸν
3543 1801 3597 1836 ⁸³

319 1875 631 1932 nominabis
662 1880 999 1939 voluntatem
1027 1883 1163 1940 Dei?
1184 1903 1253 1941 an
1282 1890 1600 1960 patientiam
1626 1899 1679 1948 et
1703 1894 1893 1966 longa-

2026 1893 2177 1963 éyeu;
2207 1893 2421 1966 Θέλημα
2454 1894 2625 1960 Θεοῦ;
2661 1893 2695 1966 ἢ
2723 1895 2923 1966 ἀνοχὴν
2950 1894 3044 1948 καὶ
3096 1892 3527 1965 μακροθυμίανς

318 1965 621 2026 nimitatem
644 1970 668 2024 ?

389 2056 553 2114 Barb.
594 2058 923 2119 Patientiam
952 2074 1006 2121 et
1040 2067 1543 2140 longanimitatem.

387 2147 588 2207 Christ.
622 2151 715 2209 Sic
752 2170 875 2212 cum
921 2156 1062 2216 Deus
1106 2154 1382 2230 potuisset
1432 2165 1499 2218 ab
1540 2164 1651 2222 illis
1702 2182 1896 2236 poenas

317 2249 588 2311 repetere,
622 2246 926 2304 clementer
976 2249 1202 2320 ignovit.
1237 2252 1294 2310 Si
1360 2257 1505 2311 enim
1538 2259 1753 2313 tandem
1788 2275 1895 2314 non

316 2346 473 2403 agam
521 2339 819 2409 perfectam
852 2345 1230 2413 paenitentiam
1255 2386 1270 2411 ,
1319 2347 1558 2405 debitam
1588 2353 1895 2408 mercedem

317 2425 532 2482 reddet.

386 2513 551 2571 Barb.
593 2517 765 2584 Quem
798 2522 943 2581 dicis
980 2540 1106 2582 esse
1135 2525 1459 2584 Christum?

386 2601 587 2661 Christ.
614 2607 853 2665 Verbum
892 2612 1005 2677 Dei,
1037 2616 1361 2686 sapientiam
1396 2618 1510 2685 Dei,
1542 2619 1738 2677 Filium
1773 2623 1892 2691 Dei,

318 2691 607 2752 brachium
658 2698 775 2768 Dei,
802 2703 1060 2761 virtutem
1094 2716 1148 2762 et
1179 2708 1285 2762 alia
1308 2708 1631 2771 innumera.»
1659 2713 1741 2769 Tu
1768 2731 1896 2772 vero

316 2786 448 2855 quid
473 2789 611 2851 dicis
642 2808 766 2850 esse
798 2797 1127 2856 Christum?

317 2965 360 3020 υ
389 2876 559 2935 Barb.
612 2880 895 2943 Christum
929 2892 1053 2949 dico
1104 2912 1228 2954 esse
1259 2897 1525 2969 Spiritum
1566 2905 1621 2953 et
1656 2897 1893 2954 Verbum

364 2968 437 3020 ei.

364 2984 437 3025 8|.

388 3061 590 3120 Christ.
622 3066 760 3122 Num
788 3070 926 3136 haec,
975 3071 1210 3143 Spiritus
1263 3087 1317 3133 et
1351 3077 1618 3143 Verbum,
1649 3079 1895 3137 increata

316 3165 448 3214 sunt
480 3174 548 3214 an
570 3163 801 3224 creata?

386 3248 556 3306 Barb.
588 3252 805 3310 Creata.

389 3340 591 3403 Christ.
627 3345 690 3399 Et
720 3348 845 3417 quis
876 3351 1085 3407 crearit
1108 3352 1344 3410 Verbum
1384 3355 1475 3412 Dei
1504 3364 1559 3411 et
1588 3356 1897 3428 Spiritum?

316 3430 386 3489 Et
412 3443 708 3506 antequam
742 3439 855 3495 hate
885 3440 1030 3497 Deus
1063 3453 1299 3506 crearet,
1328 3447 1604 3515 quomodo
1634 3463 1693 3503 se
1724 3448 1894 3502 habe-

317 3523 414 3580 ltat
444 3524 590 3584 Deus
616 3528 640 3581 ?
677 3529 815 3584 Num
847 3532 1056 3602 Spiritu
1096 3543 1149 3591 et
1175 3534 1355 3591 Verbo
1379 3539 1646 3594 carebat?
1678 3538 1740 3592 Et
1773 3538 1896 3606 quis
1926 3521 1933 3524 ν

318 3618 491 3678 Deum
522 3620 702 3678 Verbo
729 3631 781 3680 et
811 3624 1019 3694 Spiritu
1048 3637 1322 3684 carentem
1344 3637 1586 3686 statuere
1605 3630 1789 3689 ausit?
1814 3628 1894 3683 Ad

318 3709 437 3768 haec
474 3711 750 3775 barbarus
777 3716 1068 3779 conticuit.

2066 2074 2245 2145 Βὰρό.
2277 2074 2504 2146 ’Λνοχὴν
2535 2074 2631 2128 καὶ
2668 2074 3069 2145 μακροθυμίαν.

2066 2169 2269 2234 Χριστ.
2295 2165 2453 2219 Οὕτω
2479 2166 2572 2218 τοῦ
2597 2164 2732 2219 Θεοῦ
2756 2167 3055 2235 δυναμένου
3087 2163 3343 2229 πατάξαι
3373 2161 3591 2224 αὖτοὺς,

1998 2256 2398 2327 συνεχώρησεν.
2440 2258 2610 2310 Ὅταν
2637 2257 2745 2328 γὰρ
2776 2257 2950 2320 θέλεις
2971 2256 3017 2288 ⁸⁵
3057 2255 3122 2309 ἂν
3143 2255 3208 2309 οὐ
3244 2253 3591 2325 μετανοήσει».

1995 2346 2286 2400 ἀποδίδωσί
2323 2363 2434 2417 μοι.

2066 2530 2242 2598 Βάρϐ.
2267 2529 2332 2582 Ti
2358 2529 2541 2597 λέγεις
2562 2524 2701 2583 εἶναι
2738 2528 2830 2582 τδν
2851 2529 3087 2600 Χριστόν
3108 2572 3123 2593 ,

2062 2624 2265 2689 Χριστ.
2300 2620 2470 2688 Λόγον
2495 2619 2654 2682 Θεοῦ,
2686 2619 2879 2688 σοφίαν
2912 2620 3073 2684 Θεοῦ,
3094 2618 3227 2672 Υἱδν
3255 2617 3421 2682 Θεοῦ,
3459 2618 3589 2689 βρο-

1994 2711 2148 2784 χίονα
2177 2710 2335 2775 Θεοῦ,
2364 2710 2615 2780 δύναμιν,
2650 2711 2748 2764 καὶ
2776 2709 2912 2763 ἄλλα
2964 2709 3162 2781 μυρία.
3210 2710 3284 2763 Σὺ
3315 2709 3370 2762 δὲ
3400 2709 3454 2762 τί
3496 2706 3589 2762 λέ-

1996 2820 2115 2873 γεις
2143 2799 2280 2856 εἶναι
2315 2802 2401 2853 τὸν
2424 2802 2691 2872 Χριστόνς

2065 2899 2245 2967 Βάρϐ.
2281 2898 2507 2970 Πνεῦμα
2559 2898 2654 2951 καὶ
2696 2898 2868 2967 Λόγον
2922 2896 3062 2951 Θεοῦ
3108 2914 3250 2967 φημι
3290 2897 3377 2949 τὸν
3435 2896 3581 2966 Χρι-

1997 2990 2143 3048 στόν.

2060 3085 2266 3151 Χριστ.
2290 3082 2476 3136 Ταῦτα
2504 3082 2583 3148 δὲ,
2613 3082 2675 3134 τὸ
2705 3081 2933 3152 Πνεῦμα
2963 3082 3062 3135 καὶ
3086 3083 3115 3134 6
3144 3080 3316 3150 Λόγος
3349 3077 3583 3133 imm-ti

1997 3174 2157 3235 εἰσιν,
2187 3173 2219 3245 ἣ
2251 3173 2473 3237 κτιστάς

1922 3240 1969 3302 C
2069 3240 2250 3332 deo’.
2285 3262 2517 3317 Κτιστά.

2068 3360 2270 3424 Χριστ.
2306 3356 2418 3410 Καὶ
2449 3354 2533 3419 τίς
2566 3354 2748 3408 ἔκτισε
2770 3355 2862 3407 τὸν
2898 3354 3073 3423 Λόγον
3102 3352 3199 3407 τοῦ
3233 3351 3373 3406 Θεοῦ
3412 3351 3509 3405 καὶ
3530 3350 3592 3403 rb

1993 3430 2263 3517 Πνεῦμα;
2299 3447 2408 3516 πρὸ
2441 3446 2550 3518 γὰρ
2581 3447 2676 3499 τοῦ
2700 3448 2886 3501 κτίσαι
2908 3446 3049 3503 αὐτὰ
3080 3447 3170 3498 τὸν
3199 3444 3354 3507 Θεὸν,
3381 3444 3500 3505 πῶς
3520 3439 3593 3510 ἦν

1994 3537 2158 3598 αὐτὸς
2202 3537 2229 3588 6
2261 3534 2428 3599 Θεός;
2476 3530 2624 3606 Ἀρα
2651 3538 2821 3608 χωρὶς
2849 3538 3024 3605 Λόγου
3083 3535 3180 3588 καὶ
3227 3531 3588 3602 Πνεῦματοςς

1993 3629 2108 3682 Καὶ
2127 3628 2210 3691 τίς
2262 3627 2392 3698 εἴπῃ
2443 3628 2534 3681 τὸν
2567 3629 2699 3681 Θεὸν
2755 3628 2950 3698 ἄλογον
2976 3671 2991 3695 ,
3027 3629 3061 3700 ἢ
3109 3629 3238 3701 δῖχα
3265 3625 3594 3694 Πνεῦματος

1998 3719 2191 3788 ἁγίου;
2223 3747 2289 3759 -
2328 3718 2616 3791 Βάρὸαρος
2650 3718 3014 3790 σεσιώπηται.

1836 3850 2074 3907 XXXVI.

781 3963 902 4021 Alia
940 3964 1435 4026 dissertatiuncula.

2524 3966 2723 4034 Ἑτέρα
2749 3964 3054 4034 ἐρώτησις.

1550 4082 1733 4133 Jacobo
1757 4082 1991 4132 GreLsero
2020 4080 2318 4143 interprete.

391 4174 622 4247 Eloquia
654 4175 750 4232 Dei
795 4193 927 4232 num
961 4187 1147 4234 creata
1171 4180 1321 4247 sunt,
1350 4196 1418 4237 an
1456 4183 1740 4239 increata?
1783 4185 1893 4238 Hoc

2063 4184 2145 4236 Τὰ
2175 4182 2333 4249 λόγια
2366 4180 2573 4252 Κυρίου
2610 4181 2808 4235 κτιστά
2834 4182 2993 4245 εἰσιν,
3030 4181 3064 4252 ἢ
3099 4179 3364 4285 ἂκτιστα
3411 4178 3595 4285 Τοῦτο

318 4268 503 4325 autem
552 4268 904 4325 adversarius
952 4278 1231 4342 proponit,
1265 4282 1321 4328 ιιι
1349 4274 1604 4330 ostendat
1654 4275 1893 4332 Verbum

2026 4274 2473 4346 ὲπρούὄάλλετο,
2508 4274 2678 4328 θέλων
2716 4273 2996 4339 ἀποδεῖξαι
3042 4271 3263 4325 κτιστὺν
3310 4268 3453 4323 εἶναι
3494 4271 3591 4322 τὸν

320 4359 417 4417 Dei
449 4376 572 4417 esse
609 4369 878 4426 creatum,
911 4364 1058 4433 quod
1091 4365 1236 4419 dictu
1269 4365 1444 4420 nefas.
1480 4367 1533 4419 Si
1568 4368 1711 4422 enim
1744 4367 1898 4423 dixe-

2026 4365 2166 4432 λόγον
2199 4364 2293 4417 τοῦ
2320 4363 2478 4429 Θεοῦ,
2513 4364 2652 4432 ὅπερ
2685 4364 2786 4417 οὐκ
2816 4364 2984 4420 ἔστιν.
3025 4363 3086 4416 Ei
3123 4363 3222 4431 μὲν
3263 4362 3374 4429 γὰρ
3403 4362 3588 4431 εἴπῃς,

320 4453 401 4508 ris
426 4469 550 4509 esse
577 4463 779 4518 creata,
835 4469 962 4509 mox
987 4454 1130 4509 dicet
1162 4455 1256 4509 tibi
1294 4475 1306 4511 :
1345 4455 1539 4511 Creata
1571 4474 1678 4512 non
1721 4459 1897 4512 norni-

2026 4456 2209 4508 ἱτιστά
2235 4456 2395 4521 εἰσιν,
2425 4456 2555 4526 εἴπῃ
2591 4471 2696 4512 σοι.
2726 4454 2808 4507 Τὰ
2830 4453 3027 4507 κτιστὰ
3066 4452 3180 4505 Θεοὶ
3208 4453 3269 4504 οὗ
3308 4452 3587 4518 λέγονται.

322 4552 531 4603 nantur
569 4544 666 4599 dii.
701 4543 756 4599 Si
807 4561 936 4600 vero
962 4546 1168 4601 dixeris
1197 4588 1212 4612 ,
1246 4547 1491 4603 increata
1530 4568 1542 4603 :
1590 4549 1749 4623 421
1784 4559 1898 4605 sta-

2026 4545 2061 4597 Ii
2094 4545 2148 4597 δὲ
2177 4545 2362 4616 εἴπῃς,
2390 4545 2677 4607 ’Λκτιστα,
2695 4546 2813 4614 ἐρεῖ
2835 4562 2938 4605 σοι,
2954 4546 3036 4597 ὃτι
3053 4543 3185 4597 Ἰδοὺ
3207 4543 3382 4594 ταῦτα
3405 4543 3590 4592 πάντα

323 4637 421 4688 tim
448 4646 700 4691 occurret
734 4653 748 4690 :
782 4637 921 4691 Ecce
950 4637 1133 4693 omnia
1177 4638 1292 4693 hmc
1335 4641 1550 4710 eloquia
1583 4639 1672 4694 Dei
1720 4651 1898 4694 creata

2030 4634 2153 4701 όγια
2190 4634 2329 4686 Θεοῦ
2360 4633 2918 4703 ὑπάρχοντα,κτιστὰ
2965 4633 3064 4703 μέν
3095 4634 3221 4694 εἰσι,
3262 4632 3378 4687 0εοὶ
3404 4630 3588 4738 δὲιοῦκ

324 4737 477 4793 sunt,
507 4727 580 4782 dii
626 4742 754 4782 vero
793 4743 900 4780 non
948 4737 1099 4783 sunt.
1160 4728 1372 4784 Fateris
1406 4747 1536 4801 ergo
1587 4732 1889 4794 Christum,

2033 4727 2127 4787 ἰσὶ,
2159 4724 2253 4777 καὶ
2286 4725 2394 4777 ξδοὺ
2435 4727 2500 4779 σὺ
2534 4726 2836 4795 ὁμολογεῖς,
2863 4727 2944 4778 ὅτι
2974 4726 3003 4776 6
3041 4724 3276 4793 Χριστὸς
3313 4722 3389 4775 ὢν
3412 4722 3592 4828 Λόῖος

325 4819 423 4887 qui
474 4826 557 4874 est
603 4818 698 4875 Dei
752 4819 992 4875 Verbum
1026 4821 1159 4888 (seu
1216 4821 1503 4891 Eloquium
1530 4824 1568 4893 ),
1634 4839 1740 4878 nou
1777 4839 1898 4879 esse

2026 4816 2094 4868 τοῦ
2114 4815 2269 4877 Θεοῦ,
2301 4816 2401 4867 οὐκ
2428 4814 2543 4867 ἐστι
2567 4817 2720 4879 Θεός.
2739 4817 2830 4872 Διὸ
2854 4817 2990 4885 μήτε
3018 4814 3211 4867 κτιστὰ
3243 4813 3423 4911 siuna,
3446 4810 3591 4911 μήτξ

328 4909 523 4962 Deum.
562 4907 907 4977 QuaprOpter
934 4924 1131 4981 .neque
1179 4919 1383 4974 creata,
1436 4928 1615 4980 neque
1655 4913 1898 4967 increata

2026 4908 2255 4971 ἱκτιστα,
2293 4906 2408 4959 ἀλλ’
2437 4906 2558 4959 εἰπέ
2582 4923 2597 4938 ·
2639 4906 2781 4974 Ἐγὼ
2811 4907 2905 4959 ἕνα
2933 4907 3095 4977 μόνον
3127 4904 3298 4969 Λόγον
3319 4901 3411 4954 τοῦ
3445 4900 3589 4953 Θεοῦ

326 5002 500 5064 dicas,
534 4999 630 5056 sed
662 5000 832 5055 dicito
866 5018 879 5054 :
926 4999 1040 5067 Ego
1076 5001 1298 5054 unicum
1353 5002 1446 5056 Dei
1492 5001 1725 5059 Verbum
1766 5019 1898 5058 con-

2026 4998 2271 5068 ιμο).ογῶ,
2307 4997 2690 5063 ἐνυπόστατον,
2716 4999 2971 5052 ἇκτιστον
3000 4997 3129 5050 ὅντα
3148 5012 3162 5026 ο
3191 4994 3290 5065 τὴν
3319 4993 3375 5047 ὁὶ
3408 4993 3589 5045 πᾶσαν

326 5095 508 5156 fueor,
543 5090 911 5162 inltypostasi
948 5088 1278 5155 subsistens,
1329 5091 1659 5147 increatum.
1703 5092 1898 5148 Totam

2026 5090 2229 5163 ῗραφήν
2262 5107 2364 5161 μου
2397 5091 2458 5142 οὐ
2503 5091 2646 5156 λέγω
2671 5089 2847 5157 λόγια,
2875 5089 3009 5145 ἀλλὰ
3040 5090 3281 5159 ῥήματα.

326 5200 462 5239 γει-ο
492 5183 829 5254 Scripturam
875 5196 1090 5237 sacram
1123 5196 1231 5235 non
1261 5196 1395 5236 voco
1425 5182 1582 5251 λόγια
1614 5225 1629 5248 ,
1665 5186 1759 5244 sed
1801 5186 1901 5255 ρήο

333 5294 501 5347 ματα.
708 5271 718 5279 ’
2291 5368 2388 5373 Α,
2504 5367 2529 5373 _
2602 5367 2659 5373 __
2810 5368 2821 5373 ,
2875 5367 2919 5373 __
3045 5364 3057 5373 ,
3316 5357 3484 5373 ...υ

295 5422 302 5431 ,
405 5366 566 5422 Barb.
600 5367 665 5420 Et
690 5367 965 5435 quomodo
987 5367 1122 5423 dicit
1142 5367 1415 5438 Propheta
1443 5388 1456 5425 :
1500 5387 1518 5421 ι
1544 5370 1772 5441 Eloquia
1800 5371 1898 5427 θος

2082 5369 2260 5437 Βάρϐ.
2291 5368 2402 5425 Καὶ
2453 5367 2569 5432 πῶς
2602 5367 2749 5437 λέγει
2800 5368 2827 5422 ὁ
2875 5364 3169 5438 Προφήτης
3199 5376 3213 5389 ·
3259 5380 3278 5414 ι
3316 5357 3395 5414 Τὰ
3422 5357 3584 5428 λόγια

439 5543 461 5574 ³
493 5538 667 5596 Exod.
697 5553 789 5602 xx,
818 5538 1010 5595 i5-l5.

1634 5690 1864 5746 VARIAE
1905 5689 2311 5746 LEC'flONES.

439 5803 481 5836 ιι
522 5799 747 5853 Videtur
769 5799 822 5854 in
855 5804 1006 5854 textu
1043 5800 1249 5872 aliquid
1282 5803 1498 5859 deesse.
1577 5804 1622 5834 ⁸³
1658 5805 1808 5858 αὐτὸ.
1884 5802 1898 5832 ⁸

2026 5821 2106 5875 rgo
2132 5802 2370 5867 τελείως.
