3912 6202
296 310 470 419 (1593

1739 362 2154 426 OPUSCULA.

3439 364 3578 437 1594

320 465 551 537 Κυρίου,
580 466 737 536 λόγια
758 467 897 537 ἁγνὰ
917 510 931 534 ,
966 486 984 519 ι
1022 469 1116 522 καὶ
1146 470 1287 540 οὐχὶ,
1314 471 1382 525 τὰ
1415 473 1635 545 ῥήματα
1690 477 1896 547 Κυρίου

2024 478 2154 537 niui,
2186 476 2400 548 eloquia
2447 483 2597 533 casta
2629 478 2692 534 αἶ’
2727 498 2746 531 ι
2779 476 2971 534 Nonne
3000 479 3166 535 verba
3195 476 3412 533 Domini
3448 490 3578 534 sunt

321 559 478 624 λόγια
510 559 685 627 ἁγνάς

392 650 598 715 Χριστ.
645 649 703 703 '0
735 650 1021 723 προφήτης
1065 652 1475 723 τροπολογικῶς
1517 654 1766 727 ἑλάλησε,
1805 658 1900 711 καὶ

320 738 379 790 οἱ
417 741 833 809 κυριολογικῶς.
1232 755 1239 761 ’

384 828 561 896 Βάρὸ.
593 833 701 884 Καὶ
728 818 921 885 τίὲστι
943 832 1294 904 τροπολογῑα,
1331 835 1425 890 καὶ
1467 837 1811 908 κυριολογὶα;

391 1010 593 1075 Χριστ.
649 1011 999 1082 Κυριολογέα,
1040 1013 1141 1084 μέν
1201 1015 1318 1067 ἐστι
1364 1014 1558 1084 βεϐαία
1623 1017 1900 1087 ἀπόδειξις

319 1100 674 1168 πράγματος·
704 1103 1034 1172 τροπολογία
1070 1104 1409 1178 δεὰϐἑϐαιος
1443 1108 1738 1172 ἀπόδειξις.

387 1189 567 1257 Βάρϐ.
599 1194 710 1245 Οὐκ
750 1194 1025 1264 ἐνδέχεται
1061 1196 1355 1268 Προςρήτης
1414 1200 1589 1251 εἰπεῖν
1634 1198 1898 1258 ἀϐέϐαιον

312 1278 610 1347 ἀπόδειξιν.

384 1371 589 1437 Χριστ.
639 1373 728 1425 Ἐν
762 1376 874 1437 τοῖς
904 1377 1212 1445 προφήταις
1255 1377 1377 1441 ἔθος
1424 1380 1565 1447 ἐστὶ,
1604 1382 1669 1436 τὰ
1714 1384 1899 1455 ἄψυχα

314 1465 770 1531 προσωποποιεῖν,
786 1465 880 1515 καὶ
909 1465 1127 1517 σκοπῶν
1147 1465 1316 1537 Θεάσῃ
1345 1469 1541 1533 αὐτοὺς
1563 1472 1894 1544 ὀφθαλμοὺς,

313 1551 407 1601 καὶ
432 1549 655 1619 ὄμματα
708 1554 957 1618 τιθέντας
1001 1556 1183 1621 αὐτοῖς
1205 1575 1219 1589 ο
1271 1559 1346 1622 ὡς
1376 1560 1436 1613 τό
1459 1576 1474 1591 ·
1511 1581 1529 1612 ‹
1552 1563 1616 1615 Ἠ
1651 1564 1897 1620 θάλασσα

312 1635 442 1700 εἶδε,
474 1642 569 1693 καὶ
606 1640 827 1711 ἔφυγεν.
874 1663 894 1697 ι
960 1645 1091 1700 Ἰδοὺ
1119 1649 1150 1717 ἡ
1182 1649 1427 1703 θάλασσα
1459 1652 1775 1725 ὀφθαλμοὺς
1797 1658 1897 1712 οὐκ

310 1729 447 1799 ἔχει,
468 1731 530 1785 οὐ
554 1734 661 1804 γάρ
691 1736 840 1787 ἐστιν
868 1735 1131 1807 ἔμψυχος.
1153 1740 1263 1793 Καὶ
1287 1741 1447 1795 πάλιν
1474 1758 1519 1794 ἰ
1555 1745 1621 1797 Τί
1655 1746 1736 1798 σοί
1755 1731 1916 1813 seu:

2006 569 2223 637 eloquia
2255 571 2451 624 casta?
2730 635 2732 638 ,
2942 618 2955 633 .

2077 660 2279 715 Christ.
2318 660 2588 733 Propheta
2642 663 2978 733 tropologice
3026 662 3246 717 loculus
3302 672 3406 723 est,
3467 675 3575 713 non

2005 754 2250 823 proprie.

2076 844 2245 898 Barb.
2282 846 2345 900 Et
2374 846 2506 916 quid
2547 854 2635 901 est
2673 845 3037 917 tropologica,
3078 856 3131 901 et
3169 844 3300 916 quid
3351 843 3575 915 propria

2004 934 2248 989 locutio?
2652 916 2667 927 ⁴

2071 1024 2273 1078 Christ.
2315 1023 2549 1093 Propria
2596 1026 2803 1079 locutio
2866 1032 2954 1079 est
3014 1024 3167 1077 ﬁrma
3217 1022 3296 1077 rei
3354 1020 3578 1073 demon-

2005 1117 2219 1170 stratio.
2250 1113 2585 1186 Trapologia
2617 1124 2805 1170 autem
2846 1114 3060 1168 inﬁrma
3084 1112 3502 1167 demonstratio.

2068 1204 2416 1257 Barb.llaud
2476 1220 2722 1259 asserere
2772 1205 2900 1259 licet
2949 1204 3271 1273 prophetam
3325 1201 3579 1255 attulisse

2004 1294 2277 1347 infirmam
2318 1294 2886 1349 demonstrationem.

2071 1385 2274 1440 Christ.
2306 1386 2422 1441 Mos
2466 1386 2607 1456 apud
2637 1386 2938 1455 prophetas
2977 1392 3232 1452 receptus
3277 1389 3362 1436 est
3410 1380 3574 1435 etiam

1996 1463 2323 1533 inanimatis
2357 1477 2523 1532 rebus
2565 1491 2859 1547 personam
2894 1476 3173 1541 tribuere;
3230 1474 3358 1528 hinc
3390 1471 3577 1525 videas

2002 1567 2112 1622 illis
2143 1568 2334 1622 oculos
2365 1579 2762 1636 aspectumque
2793 1566 3065 1635 assignari
3106 1582 3119 1616 :
3171 1581 3189 1613 ι
3233 1561 3380 1615 Mare
3415 1560 3575 1622 vidit,

2003 1668 2055 1714 et
2092 1659 2225 1729 fugit
2256 1659 2307 1715 b.
2349 1677 2368 1710 ι
2406 1658 2555 1713 Mare
2584 1657 2840 1728 profecto
2872 1656 3065 1711 oculos
3108 1669 3218 1708 non
3254 1652 3439 1706 habet.
3477 1649 3579 1705 Est

2001 1750 2146 1804 enim
2190 1750 2458 1805 inanime.
2504 1750 2770 1804 Rursus:
2831 1767 2850 1799 ‹
2897 1746 3039 1813 Quid
3089 1756 3172 1800 est
3224 1744 3342 1808 tibi,
3398 1755 3573 1805 mare,

312 1821 577 1889 Θάλασσα,
623 1827 704 1879 ὅτι
735 1826 965 1898 ἔφυγεςς
1004 1848 1022 1881 ι
1052 1831 1236 1884 καὶτὰ
1264 1832 1409 1903 ἑξῆς.
1450 1835 1580 1888 Καίο
1623 1855 1641 1889 ι
1693 1837 1754 1890 Ἦ
1788 1840 1897 1910 μά-

2024 1842 2142 1912 ["0d
2184 1840 2374 1912 ἶυὲίειῖ
2414 1842 2473 1895 °?
2512 1860 2529 1891 ι
2583 1840 2646 1895 Ει
2676 1856 2799 1910 qum
2847 1846 3184 1909 sequuntur.
3233 1835 3348 1889 Et:
3389 1851 3406 1883 ‹
3445 1831 3577 1885 Gla-

313 1915 481 1985 χαιρά
504 1933 605 1985 μου
637 1917 871 1986 φάγεται
902 1921 1060 1991 κρέα.
1099 1940 1117 1973 ι
1150 1923 1222 1975 Τὸ
1241 1923 1296 1976 δὲ
1324 1928 1519 1993 φαγεῖν
1568 1929 1661 1981 ἐπὶ
1696 1931 1899 2000 στόμα-

313 2004 403 2067 τός
456 2006 572 2077 ὲκστι
618 2008 924 2076 τρώγοντας
989 2012 1084 2064 καὶ
1137 2012 1491 2087 πίνοντοςσή
1539 2016 1595 2069 δὲ
1656 2020 1904 2092 μάχαιρα

320 2093 501 2161 τέμνει
531 2094 653 2163 μὲν,
695 2098 756 2148 οὐ
785 2098 1078 2153 καταπίνει
1133 2100 1212 2154 δέ.
1261 2101 1427 2156 Ἀλλὰ
1468 2107 1561 2157 καὶ
1622 2112 1909 2178 ποταμοὺς

312 2183 644 2253 κροτοῦντας
674 2188 864 2257 χερσὶν
895 2190 1177 2258 εἰσάγουσι
1202 2231 1217 2255 ,
1244 2193 1341 2245 καὶ
1398 2192 1622 2262 βουνοὺς
1669 2199 1904 2271 ἁλλομέ-

313 2289 460 2336 νους,
496 2276 594 2328 καὶ
622 2277 725 2348 ὅρη
750 2280 1077 2350 σκιρτῶντα.
1114 2282 1273 2337 Οὖτω
1299 2286 1394 2339 καὶ
1431 2286 1501 2338 τὰ
1533 2288 1753 2359 ῥήματα
1778 2309 1903 2361 τρο.

318 2363 643 2431 πολογήσας,
664 2368 891 2423 ἐκάλεσε
923 2369 1098 2440 λόγια,
1134 2372 1279 2446 ἅπερ
1310 2376 1411 2430 οὐκ
1436 2378 1545 2430 εἰσὶ
1570 2380 1746 2451 λόγια,
1765 2383 1901 2438 ἀλλὰ

322 2453 560 2526 ῥήματα.

1992 1934 2118 1989 dius
2158 1948 2314 1989 meus
2359 1935 2611 1988 comedet
2658 1947 2853 1987 carnes
2885 1929 2936 1986 ἀ.
2975 1948 2993 1981 ι
3040 1930 3107 1981 At
3143 1926 3431 1982 comedere
3462 1923 3578 1977 oris

1991 2031 2078 2078 est
2107 2025 2500 2079 manducantis
2527 2036 2584 2079 et
2610 2022 2876 2079 bibentis.
2913 2020 3088 2074 Porro
3112 2017 3330 2089 gladius
3367 2013 3579 2070 scindit

1992 2116 2241 2185 quidem,
2290 2116 2389 2173 sed
2458 2133 2566 2170 nun
2619 2116 2780 2170 bibit.
2850 2113 2997 2180 Quin
3034 2120 3090 2167 et
3142 2109 3342 2164 ﬂuvios
3398 2107 3579 2160 mani-

1995 2202 2102 2259 bus
2129 2205 2455 2273 plaudentes
2501 2205 2794 2267 inducunt,
2854 2211 2908 2259 et
2961 2203 3135 2257 colles
3186 2200 3481 2259 saltantes,
3524 2202 3580 2249 et

1994 2306 2211 2353 montes
2238 2299 2579 2353 exsilientes.
2615 2298 2708 2353 Sic
2736 2305 2792 2353 et
2828 2297 3050 2368 ῥήματα
3072 2308 3163 2365 per
3202 2287 3576 2361 tropologiam

1993 2388 2298 2440 nominavit
2325 2388 2505 2458 λόγια,
2554 2404 2678 2460 quae
2751 2403 2863 2444 non
2920 2396 3049 2444 sunt
3102 2384 3282 2453 λόγια,
3340 2380 3437 2437 sed
3474 2378 3575 2450 ῥή-

2007 2496 2151 2549 ματα
2177 2480 2310 2550 (68}.

1828 2590 2096 2650 XXXVII.

841 2698 1043 2769 Ἑτέρα
1073 2703 1125 2770 ἑδι
1139 2703 1382 2773 ώτησις.

2574 2717 2699 2772 Alia
2747 2716 2995 2788 quwstio.

1551 2818 1733 2869 Jacobo
1760 2820 2000 2874 Gretsero
2026 2819 2329 2889 interprete.

386 2911 579 2982 ded.‘
603 2915 706 2969 Ἦν
736 2914 921 2983 λέγετε
954 2919 1236 2986 θεοτόκον,
1279 2922 1574 2988 ἀπέθανεν,
1617 2925 1648 2995 ἢ
1683 2924 1789 2996 (ﬁ;

387 3097 592 3163 Χριστ.
629 3098 744 3150 Οὐκ
778 3098 1039 3161 ἀπέθανε,
1075 3101 1351 3154 καὶτοῦτο
1388 3104 1532 3169 λέγω
1562 3106 1784 3176 θαρῤῶν
1831 3113 1898 3181 τῇ

320 3190 576 3260 Γραφικῇ
602 3190 900 3254 ἀποδείξει.
948 3191 1035 3255 Ὠς
1086 3192 1197 3262 γὰρ
1235 3194 1369 3264 φέρε
1401 3197 1596 3261 εἰπεῖν,
1634 3199 1661 3249 ὁ
1686 3198 1902 3266 πρῶτος

2071 2912 2233 2968 Barb.
2284 2915 2457 2980 Quam
2491 2915 2781 2986 appellatis
2832 2915 3146 2982 Deiparam,
3195 2924 3325 2963 num
3358 2914 3577 2961 mortua

1998 3015 2104 3066 est,
2137 3021 2206 3060 an
2241 3007 2419 3061 Vivit?

2070 3096 2271 3151 Christ.
2310 3095 2427 3149 Non
2461 3106 2546 3152 est
2582 3105 2823 3151 mortua.
2868 3097 2937 3152 Et
2982 3094 3091 3149 hoc
3121 3107 3316 3149 assero
3353 3090 3576 3144 demon-

1998 3187 2269 3241 stratione
2300 3201 2583 3239 sacrarum
2616 3188 2949 3243 Litterarum
2985 3187 3182 3240 fretus.
3217 3180 3582 3250 Quemadmo-

315 3280 604 3351 ἄνθρωπος
640 3279 882 3345 ὕπνωσε,
908 3284 1007 3345 ,καὶ
1050 3283 1150 3353 τὴν
1181 3284 1424 3355 πλευρὰν
1450 3286 1728 3356 ἀφῃρέθη,
1757 3286 1901 3341 οὕτω

2024 3278 2127 3329 lum
2158 3275 2329 3337 enim,
2369 3276 2605 3344 exempli
2634 3290 2836 3335 causa,
2872 3275 3084 3343 primus
3106 3275 3271 3326 homo
3294 3271 3579 3331 dormiens

316 3372 412 3425 καὶ
444 3371 584 3441 αὕτη
609 3371 709 3442 τὴν
740 3372 918 3443 ψυχὴν
965 3374 1064 3445 τὴν
1115 3375 1393 3443 παναγίαν
1424 3376 1502 3447 τῷ
1540 3376 1681 3447 Θεῷ,
1736 3377 1809 3440 ὡς
1843 3376 1901 3432 ἒν

2024 3380 2155 3422 :osta
2183 3369 2452 3438 spoliatus
2483 3377 2567 3422 est
2587 3406 2604 3432 ,
2640 3369 2719 3421 sic
2763 3375 2817 3421 et
2846 3365 3072 3430 Deipara
3105 3363 3267 3432 quasi
3296 3362 3350 3414 in
3382 3376 3580 3415 somno

318 3463 471 3533 ὕπνῳ
499 3464 791 3535 παρέθετο.

386 3554 564 3621 Βάρϐ.
603 3555 733 3609 Ἰδοὺ
758 3555 1081 3627 πέπληγμαι
1115 3556 1173 3610 ἕν
1204 3575 1312 3611 τινι
1362 3560 1513 3629 τόπῳ
1551 3561 1652 3631 τῆς
1700 3563 1902 3634 σαρκός

321 3665 445 3716 μου,
474 3649 568 3702 καὶ
597 3651 631 3719 ἠ
661 3648 798 3720 σὰρξ
823 3650 1092 3720 πληγεῖσα
1138 3650 1385 3722 μώλωπα
1436 3654 1756 3717 ἀπετέλεσε,
1805 3656 1902 3708 καὶ

318 3741 377 3792 δν
403 3737 483 3810 τῷ
532 3738 760 3809 μώλωπι
815 3740 1037 3809 ἐγένετο
1097 3739 1333 3811 σκώληξ.
1382 3743 1475 3806 Τίς
1522 3744 1686 3798 αὑτὸν
1733 3745 1902 3800 ἔπλα-

321 3847 414 3884 σεν
436 3849 451 3897 ;

389 3925 593 3991 Χριστ.
623 3923 883 3993 Εἴπομεν,
934 3924 1014 3977 ὅτι
1050 3925 1187 3994 μετά
1218 3924 1317 3994 τὴν
1371 3925 1599 3998 πρώτην
1632 3927 1903 3997 ἑϐδομάδα

318 4013 420 4081 τῆς
448 4016 830 4083 κοσμοποιίας.
861 4015 1110 4085 οὐδαμῶς
1139 4016 1471 4087 εὑρίσκομεν
1496 4018 1585 4071 τὸν
1611 4019 1744 4073 Θεὸν
1767 4021 1903 4074 πλά-

321 4107 491 4161 σαντά
509 4122 595 4160 τι·
645 4106 781 4161 ἀλλὰ
806 4107 984 4161 πάντα
1010 4107 1078 4160 τὰ
1125 4106 1256 4160 ὄντα
1311 4108 1605 4181 ἑξαημέρῳ
1644 4111 1898 4181 ποιήσας,

317 4196 380 4261 ἐξ
397 4196 577 4250 αὐτῶν
609 4196 715 4250 τῶν
736 4197 925 4259 ὄντων,
945 4196 1110 4267 ἕτερα
1141 4184 1402 4266 γενέσθαι
1432 4200 1737 4271 ηὐδόκησεν
1756 4201 1902 4272 μόνῳ

321 4288 591 4357 θελήματι
621 4286 808 4342 αὐτοῦ·
836 4287 977 4358 μετὰ
1004 4287 1112 4358 γὰρ
1136 4288 1234 4359 τὴν
1254 4290 1568 4354 παράϐασιν
1600 4292 1901 4363 κατεκρίθη

319 4380 445 4451 ήγῆ
468 4380 710 4443 ἀκάνθας
754 4380 848 4432 καὶ
912 4380 1194 4450 τριϐόλους
1245 4383 1574 4438 ἀνατέλλειν.
1631 4384 1764 4437 Τότε
1809 4380 1901 4438 οὖν

324 4474 419 4525 καὶ
442 4472 631 4553 ᾐοαρξ
652 4474 809 4545 ἡμῶν
835 4474 1246 4541 κατακριοεῖναι
1274 4475 1339 4539 ⁸⁵,
1369 4475 1595 4547 φθεῖρας
1640 4478 1733 4531 καὶ
1761 4475 1903 4531 σκώ-

322 4564 494 4635 ληκας
522 4566 821 4623 ἀνατέλλει.

2004 3458 2413 3516 sanctiSsimam
2459 3459 2698 3512 animam
2737 3457 2848 3512 Deo
2882 3454 3127 3508 tradidit.

2077 3547 2240 3604 Barb.
2286 3548 2343 3602 In
2387 3563 2554 3603 carne
2612 3562 2732 3601 mea
2771 3546 3090 3599 vulneratus
3142 3555 3286 3596 sum.
3330 3538 3395 3591 Et
3441 3551 3579 3591 caro

2004 3641 2192 3697 saucia
2218 3641 2450 3695 vibicem
2493 3640 2735 3709 accepit.
2767 3639 2835 3692 Et
2867 3638 2922 3691 in
2955 3635 3134 3691 vibice
3173 3633 3376 3687 vermis
3404 3629 3579 3685 exsti-

2004 3733 2089 3788 tit.
2125 3732 2261 3798 Quis
2306 3747 2430 3787 eum
2468 3729 2764 3785 formavit?

2072 3913 2273 3970 Christ.
2318 3911 2734 3982 Respondemus
2788 3922 3061 3980 nusquam
3126 3904 3405 3977 proditum
3445 3915 3573 3956 esse

2005 4006 2176 4061 Deum
2205 4005 2343 4075 (69),
2382 4014 2506 4073 post
2547 4003 2781 4071 primam
2820 4001 2993 4063 illam,
3025 4014 3132 4069 qua
3181 3996 3417 4050 mundus
3448 4007 3582 4048 con-

2002 4100 2152 4155 ditus
2191 4107 2297 4161 est,
2351 4095 2773 4157 hebdomadem.
2823 4092 2987 4164 422
3040 4088 3249 4160 aliquid
3303 4088 3578 4151 formare;

2002 4194 2131 4262 quia
2162 4206 2288 4246 cum
2336 4191 2525 4245 omnia
2556 4204 2651 4244 sex
2689 4188 2802 4242 illis
2834 4186 3033 4240 diebus
3084 4181 3451 4243 condidisset.
3481 4191 3579 4233 vo-

2004 4285 2105 4340 luit
2164 4283 2310 4338 utde
2335 4288 2534 4335 caetero
2587 4279 2695 4331 alia
2732 4291 2802 4331 ex
2835 4275 2975 4343 jaliis
3034 4280 3411 4327 nascerentur
3461 4268 3580 4323 sola

2002 4376 2286 4431 voluntate
2333 4386 2455 4426 sua.
2489 4368 2620 4423 Post
2664 4364 3166 4435 transgressionem
3218 4360 3363 4413 enim
3413 4356 3574 4411 dam-

2004 4476 2133 4524 nata
2186 4474 2272 4522 est
2328 4473 2500 4528 terra,
2554 4471 2613 4515 ut
2661 4459 2851 4530 spinas
2891 4465 2946 4510 et
3010 4453 3249 4508 tribulos
3310 4447 3577 4520 proferat.

2005 4560 2164 4613 Tunc
2195 4556 2362 4611 etiam
2394 4568 2525 4607 caro
2574 4558 2768 4605 nostra
2826 4546 3205 4603 danmationis
3249 4540 3579 4599 sententiam

2008 4651 2232 4708 subiens
2259 4645 2542 4718 pediculos
2572 4649 2627 4697 et
2671 4655 2887 4696 vermes
2920 4637 3223 4710 progignit.

1801 4761 2086 4823 XXXVIII.

847 4887 1050 4957 Ἑτέρα
1080 4886 1386 4955 ἐρώτησις.

1934 4863 1982 4917 Ι)

2576 4868 2700 4923 Alia
2769 4866 3012 4937 quwstia.

1552 4995 1732 5045 Iacobo
1757 4995 1993 5046 Gretsero
2024 4992 2323 5051 interprete.

396 5105 612 5168 Σηρακ.
638 5099 729 5163 Τίς
754 5100 869 5152 ἐστι
902 5098 1053 5169 παρᾶ
1080 5101 1160 5152 σοί
1195 5099 1418 5170 μείζων,
1447 5101 1475 5152 ὁ
1510 5098 1775 5167 ἁγιάζων,
1815 5099 1848 5170 ἦ
1872 5100 1901 5150 ὁ

434 5244 458 5271 ιι
497 5230 642 5286 Psai.
677 5247 751 5296 xu,
778 5232 831 5285 7.
908 5229 938 5269 ι)
980 5228 1123 5283 Psal.
1157 5246 1313 5292 exul,
1346 5231 1400 5284 3.
1479 5240 1500 5268 ο
1534 5229 1670 5283 ibid.
1707 5230 1762 5281 5.

2078 5096 2267 5150 Sarac.
2297 5092 2433 5160 Quis
2465 5092 2609 5163 apud
2646 5101 2697 5147 te
2736 5090 2913 5161 major
2938 5089 3059 5145 est?
3102 5081 3481 5147 sanctificans,
3508 5095 3579 5137 an

1841 5229 1867 5269 ἀ
1912 5230 2067 5287 Deut.
2098 5247 2267 5287 nam.
2294 5229 2383 5283 49..

1599 5320 1830 5376 VARle
1872 5321 2274 5379 LECTIONES.

397 5414 443 5448 ⁸³
475 5412 884 5484 κατακριθεῖσα.

1824 5506 2061 5564 ΝΟΤᾸΣ.

400 5598 514 5669 (68)
550 5597 698 5669 Haec
754 5604 879 5666 apte
925 5613 1043 5669 non,
1091 5605 1326 5666 possunt
1378 5598 1643 5669 exprimi”
1675 5598 1890 5654 Latine.

330 5668 593 5740 Quamvis
622 5668 700 5722 nil
730 5683 868 5737 opus
890 5668 1348 5740 est-dIStinctione
1368 5668 1533 5740 quam
1566 5668 1724 5722 aﬂ'ert
1752 5671 1895 5723 inter

332 5739 489 5809 λόγια
532 5746 585 5794 et
635 5740 877 5809 ῥήματα.
938 5738 1043 5792 Itcs
1099 5739 1259 5793 aliter
1288 5738 1537 5809 expediri
1589 5745 1784 5807 potest,
1836 5747 1894 5792 ut

2001 5601 2083 5656 vel
2122 5599 2306 5665 pueris
2340 5607 2553 5653 uotum.
2637 5634 2639 5636 -

2078 5661 2190 5743 (69)
2234 5669 2371 5726 Vide
2402 5685 2523 5741 qua:
2559 5675 2747 5723 notata
2774 5666 2995 5723 dissert.
3024 5661 3116 5718 35.

3604 4846 3629 4949 ί,
