3912 6202
367 352 503 416 1509
1567 349 1959 411 THEODORI
1988 353 2362 413 ABUCARE
3492 358 3643 422 Et!)

366 474 567 520 nostra:
601 462 873 516 occiditur
930 460 1156 526 Quoties
1198 460 1345 513 enim
1389 458 1635 511 intuetur
1667 457 1940 512 Christia—

2053 478 2200 524 ςεωτ.
2246 465 2469 527 Ὁσάκις
2500 465 2610 535 γὰρ
2639 465 2722 535 ἴδῃ
2755 465 3087 535 Χριστιανὸν
3121 466 3299 518 ἑλπίδι
3340 468 3443 537 τῆς
3472 470 3638 537 ἡμῶν

369 572 497 608 nutu
560 574 620 615 nl
664 569 757 611 res
803 552 1098 606 rrectionis
1143 559 1341 604 nostra:
1376 548 1553 609 mori,
1591 558 1939 619 mortemque

2053 553 2389 618 ὶναστάσεως
2411 554 2842 626 ἀποθνήσκοντα,
2874 555 2967 607 καὶ
2995 553 3261 625 κοίμησιν
3293 554 3357 606 τὸ
3394 558 3634 625 πρᾶγμα

368 660 466 713 pro
500 660 694 697 Smttnn
737 644 957 701 dueere.
994 643 1239 707 corruit;
1278 650 1333 696 et
1365 657 1392 693 a
1423 640 1689 693 validiore
1736 655 1940 709 percu-

366 738 522 788 titttr.
562 736 655 787 Est
699 743 880 788 autem
927 734 1262 787 resurrectio
1302 732 1537 785 validior
1567 741 1763 787 morte.
1808 733 1938 786 Neci

365 823 537 893 igitur
584 826 702 876 data
743 832 828 877 est
876 838 1025 878 mors
1059 840 1153 892 per
1191 822 1392 877 Christi
1443 822 1935 876 resurrectionem.

368 913 431 967 Et
466 915 631 979 hujus
663 917 834 983 gratia
877 931 973 983 ..ρο
1005 914 1430 969 resurrectionis
1479 912 1600 967 t‘reti
1629 914 1943 968 moriuntur

365 1006 684 1060 Christiani.
735 1005 965 1073 Semper
1016 1005 1183 1075 igitur
1238 1008 1336 1058 hac
1409 1020 1506 1071 spe
1557 1020 1708 1058 nzors
1757 1021 1951 1059 tortu-

366 1096 571 1163 ptionis
605 1096 1250 1163 ministerparticulatim
1287 1098 1619 1165 perimitur;
1651 1095 1942 1165 atquando

366 1200 557 1239 omnes
593 1194 900 1255 rcsurgent,
943 1186 1212 1254 primitias
1253 1186 1535 1240 Christum
1585 1187 1781 1248 secuti,
1824 1187 1940 1251 ipsa

367 1276 528 1328 etiam
565 1292 710 1330 mors
739 1275 977 1344 perfecte
1006 1278 1388 1342 evacuahitur,
1428 1286 1568 1331 teste
1595 1277 1863 1345 Apostolo
1894 1276 1938 1341 ἲ,

368 1383 475 1420 non
512 1367 715 1422 habens
742 1369 999 1438 amplius,
1035 1369 1125 1423 cui
1155 1384 1378 1438 operam
1405 1385 1559 1424 suam
1594 1370 1757 1424 locet.

2041 643 2441 713 ὀνομαζόμενον
2496 646 2711 702 πίπτει.
2747 647 2841 698 καὶ
2873 645 3129 715 βάλλεται
3155 644 3233 714 τῷ
3265 648 3633 718 ἰσχυροτέρῳ.

2054 734 2424 806 ’ἰσχυρότερον
2456 735 2512 789 δὲ
2542 735 2637 788 τοῦ
2671 735 2905 789 θανάτου
2933 737 2967 804 ἠ
3012 734 3337 798 ἀνάστασις.
3387 737 3635 790 Τεθανά-

2041 842 2206 878 τωται
2236 827 2346 895 ἄρα
2377 830 2443 896 τῇ
2471 827 2565 879 τοῦ
2597 826 2843 897 Χριστοῦ
2863 827 3158 879 ἀναστάσει
3179 827 3210 878 6
3237 826 3491 890 θάνατος.
3516 828 3632 882 Καὶ

2040 912 2136 965 τοῦ
2166 917 2209 946 ⁸³
2242 917 2329 967 ἐπ’
2353 914 2526 967 ἐλπίδι
2556 914 2909 977 ἀναστάσεως
2925 914 3345 985 ἀποθνήσκουσι
3365 917 3625 985 Χριστιαο

2040 1007 2151 1067 νοῖς
2178 1007 2245 1060 ⁵³.
2281 1007 2345 1057 Ἀ
2358 1023 2423 1075 ρα
2455 1007 2542 1059 ἀεὶ
2581 1009 2647 1076 τῇ
2678 1005 2905 1077 τοιαύτῃ
2941 1006 3195 1076 ύπουρῶς
3227 1007 3277 1037 ’⁸
3298 1006 3631 1061 θανατοῦται

2038 1096 2065 1148 6
2099 1096 2333 1157 θάνατος
2364 1096 2610 1166 μερικῶς
2631 1113 2646 1127 ⁸
2678 1098 2812 1150 ὅταν
2841 1096 2901 1149 δὲ
2930 1096 2991 1148 τὸ
3021 1098 3130 1149 πᾶν
3163 1097 3373 1167 ἀναστῇ
3423 1098 3633 1167 ἑπόμε-

2038 1204 2125 1241 νον
2154 1191 2218 1257 τῇ
2252 1190 2497 1258 ἀπαρχῇ,
2529 1189 2625 1241 καὶ
2646 1188 2833 1251 αὐτὸς,
2855 1188 2997 1240 κατά
3023 1188 3116 1241 τὸν
3150 1188 3498 1253 ’Δπὸστολον,
3546 1189 3630 1260 μὴ

2037 1280 2199 1351 ἔχων,
2229 1273 2273 1348 ᾧ
2304 1280 2646 1351 ύπουργὴσει
2671 1318 2685 1344 ,
2714 1281 3078 1351 καταργεῖται
3104 1278 3373 1345 ὁλοτελῶς.

1906 1480 2067 1536 XLII.

367 1591 549 1648 Brevis
574 1596 839 1677 “doctrina
882 1599 944 1677 (ie
979 1600 1193 1677 .divinis
1218 1672 1228 1677 _
1257 1602 1563 1655 nominibus
1588 1643 1601 1664 ,
1646 1612 1754 1655 tam
1785 1618 1930 1677 cont-
1983 1650 2007 1677 κ

438 1665 681 1744 munibus
741 1670 1093 1723 sanctissima:
1137 1672 1450 1735 Trinitatis,
1501 1690 1660 1742 quam
1700 1672 1926 1739 propriis

435 1749 694 1805 enjusque
720 1753 981 1805 persouw.

2042 1595 2351 1662 Σύντομος
2382 1592 2750 1648 διδασκαλία
2772 1593 2905 1660 περὶ
2934 1594 3105 1647 θείων
3129 1593 3457 1662 ὀνομάτων,
3492 1591 3618 1646 τῶν

2106 1681 2169 1716 τε
2195 1663 2415 1716 κοινῶν
2458 1662 2697 1731 Τριὰδος
2722 1699 2739 1726 ,
2795 1664 2896 1716 καὶ
2948 1663 3067 1715 τῶν
3102 1662 3309 1715 idae-ir
3358 1661 3621 1717 ἑκάστου

2110 1732 2221 1801 τῆς
2248 1731 2509 1801 Τριάδος.

1602 1854 1786 1902 Jacobo
1809 1854 2047 1903 Gretsero
2085 1845 2383 1907 interprete.

440 1951 579 2008 Sunt
637 1953 885 2021 quaedam
948 1971 1171 2009 nomina
1240 1966 1609 2011 sacrosancta:
1679 1944 2013 2012 'I‘rinitatiB

366 2045 704 2108 communia,
742 2056 793 2100 et
826 2046 893 2100 de
936 2047 1123 2100 divina
1179 2050 1414 2102 essentia
1452 2066 1546 2103 seu
1599 2060 1792 2103 natura
1832 2050 1938 2105 dici

367 2148 668 2204 consueta;
704 2146 763 2190 ut
801 2137 975 2203 Deus,
1016 2139 1303 2202 Dominus,
1350 2144 1561 2205 honus,
1592 2142 1809 2207 jnsuts.
1852 2157 1943 2194 sa-

369 2235 547 2298 piens.
580 2237 795 2297 potens,
827 2228 961 2292 Rex,
1006 2228 1288 2293 Dominus,
1334 2230 1585 2296 Creator,
1622 2231 1939 2301 providens,

370 2316 645 2382 Salvator,
676 2328 921 2382 sanctus,
958 2329 1013 2373 et
1041 2321 1146 2372 alia
1176 2320 1341 2389 hujus
1372 2322 1608 2391 generis,
1642 2338 1764 2391 qua:
1794 2337 1943 2376 eom-

368 2414 609 2469 munitcr
635 2413 912 2467 denatnra
940 2412 1122 2466 divina
1151 2413 1545 2480 enuntientur;
1578 2429 1754 2484 neque.
1781 2413 1941 2470 unius

368 2522 617 2576 pet-sonte
645 2508 863 2576 propria
899 2515 1049 2561 sunt.

437 2599 599 2670 425
619 2599 757 2653 Sttnt
788 2615 917 2654 vero
948 2600 1113 2654 etiam
1147 2603 1372 2655 nomina
1405 2602 1621 2672 propria
1643 2617 1737 2657 seu
1767 2601 1944 2673 hypo—

368 2692 594 2756 stativa;
620 2701 679 2745 ut
708 2691 889 2752 Pater,
915 2689 1112 2755 Filius,
1141 2693 1387 2761 Spiritus
1418 2703 1662 2748 sanctus.
1690 2694 1764 2747 Ex
1788 2709 1942 2748 eom-

368 2781 631 2834 munibus
662 2783 999 2845 nomiuibns,
1031 2799 1153 2851 qua:
1188 2783 1256 2837 de
1293 2792 1487 2836 natura
1538 2785 1939 2853 praedicantur,

367 2868 472 2922 hoc
502 2870 743 2937 quidem,
790 2870 949 2934 Deus,
984 2871 1130 2925 Patri
1185 2873 1539 2936 attribuitur,
1586 2874 1748 2942 eique
1803 2891 1943 2943 quo-

368 2956 659 3010 dammodo
702 2960 980 3026 peculiare
1029 2961 1248 3025 evasit;
1301 2962 1429 3028 quia
1481 2969 1565 3015 est
1610 2963 1938 3031 principium

367 3043 488 3099 F.lii
516 3053 570 3099 ct
596 3046 848 3115 Spiritus
874 3048 1076 3113 sancti,
1108 3056 1163 3101 et
1206 3048 1273 3101 ad
1309 3049 1461 3102 illum
1509 3051 1843 3106 referuntur.
1874 3054 1943 3105 At

372 3138 648 3200 Dominus,
694 3136 830 3193 Filio
868 3138 1126 3194 similiter
1170 3142 1515 3204 attribuitur,
1571 3154 1791 3198 sanctus
1820 3143 1942 3214 Spi-

2117 1952 2306 2004 Ἔστιν
2344 1952 2587 2021 ὀνόματα
2619 1950 2773 2004 κοινά
2806 1950 2897 2004 διὰ
2928 1952 3027 2020 τῆς
3053 1950 3218 2018 ἁγίας
3248 1950 3489 2021 Τριάδος
3548 1952 3631 2006 διο

2042 2044 2269 2115 ἠκοντα,
2300 2042 2376 2106 ὡς
2406 2044 2500 2095 ἐπὶ
2525 2043 2625 2111 τῆς
2655 2042 2843 2111 θεῖκῆς
2872 2042 3056 2105 οὐσίας
3088 2041 3404 2112 λεγόμενα·
3425 2036 3542 2095 οἷον
3571 2045 3649 2097 τὸ’

2041 2135 2197 2196 Θεὸς,
2227 2134 2286 2186 τὸ
2321 2133 2545 2204 Κύριος,
2598 2133 2822 2201 ἀγαθὸς,
2854 2133 3092 2201 δίκαιος,
3128 2133 3296 2202 σοφὸς
3325 2173 3344 2197 ,
3383 2134 3625 2199 δυνατὸς,

2042 2208 2327 2288 Βασιλεὺς,
2363 2225 2666 2294 Δεσπότης,
2713 2226 3089 2295 Δημιουργὸς,
3134 2226 3478 2295 προνοητὴς,
3514 2226 3626 2277 Σω-

2040 2317 2167 2386 τὴρ,
2197 2316 2371 2382 ἅγιος,
2407 2317 2502 2368 καὶ
2529 2316 2631 2368 ὅσα
2664 2315 2894 2369 τοιαῦτα
2941 2316 3135 2379 κοινῶς
3178 2317 3281 2369 ἐπὶ
3323 2317 3426 2386 τῆς
3478 2318 3626 2381 θείας

2044 2407 2259 2475 φύσεως
2289 2407 2569 2478 τιθέμενα,
2599 2408 2695 2461 καὶ
2724 2409 2823 2460 οὐκ
2848 2407 2962 2460 ἔστι
3000 2409 3127 2478 μιᾶς
3151 2406 3472 2472 ἰδιαζόντως
3498 2410 3626 2461 ὑπο-

2046 2502 2310 2563 στάσεως.

2118 2597 2275 2649 Ἔστι
2304 2595 2361 2648 δὲ
2394 2596 2489 2649 καὶ
2525 2594 2689 2659 ἰδικὰ,
2717 2597 2885 2665 ἤγουν
2916 2594 3291 2648 ῦποστατικάο
3324 2587 3442 2646 οἷον
3466 2595 3496 2646 6
3515 2595 3627 2647 Πα-

2042 2688 2169 2757 τὴρ,
2197 2688 2345 2751 Υἱὸς,
2375 2689 2531 2756 ἆγιον
2557 2687 2803 2758 Πνεῦμα.
2839 2686 3058 2740 Τούτων
3086 2686 3256 2739 όντων
3283 2684 3483 2738 κοινῶν
3512 2687 3629 2737 ὀνο-

2048 2778 2252 2847 μάτων,
2282 2777 2392 2828 τῶν
2439 2777 2533 2829 ἐπὶ
2563 2776 2664 2844 τῆς
2709 2775 2897 2837 οὐσίας
2945 2774 3259 2844 λεγομένων
3308 2774 3508 2842 ὲλής-θη
3558 2773 3622 2826 τὸ

2048 2870 2167 2937 μὲν,
2199 2869 2364 2932 Θεός,
2388 2868 2480 2920 ἐπὶ
2508 2867 2603 2921 τοῦ
2635 2867 2869 2937 Πατρὸς,
2893 2866 2988 2918 καὶ
3017 2866 3236 2930 ἐγένετο
3263 2865 3407 2934 αὐτῷ
3427 2864 3623 2933 ὥσπερ

2045 2958 2321 3029 ἐξαίρετον
2345 2976 2358 2991 ο
2392 2959 2527 3012 διότι
2554 2958 2724 3021 αἴτιος
2766 2957 2929 3020 Υίοῦ,
2986 2960 3081 3011 καὶ
3132 2956 3444 3029 Πνεύματος
3467 2995 3483 3018 ,
3520 2955 3625 3009 καὶ

2044 3050 2121 3110 εἰς
2154 3049 2318 3102 αὑτὸν
2350 3050 2735 3119 ἀναφέρονται.
2760 3048 2833 3102 Τὸ
2857 3049 2935 3113 δὲ,
2972 3050 3211 3116 Κύριος,
3243 3048 3335 3101 ἐπὶ
3364 3046 3458 3100 τοῦ
3485 3046 3623 3100 Υἱοῦ

2045 3139 2309 3204 ὡσαύτως
2333 3158 2346 3171 ο
2376 3142 2438 3192 τὸ
2460 3140 2538 3204 δὲ,
2561 3141 2734 3209 ἅγιον
2752 3140 3017 3208 Πνεῦμα,
3049 3140 3142 3192 ἐπὶ
3162 3139 3257 3192 τοῦ
3284 3138 3623 3206 Πνεύματος.

368 3230 525 3292 ritus,
574 3230 827 3299 Spiritui.
864 3232 1006 3285 Hinc
1043 3234 1301 3302 apostoli,
1351 3241 1406 3289 et
1443 3236 1701 3290 universa
1747 3252 1943 3308 prope-

2053 3230 2212 3283 Ὅθεν
2241 3232 2291 3283 οί
2321 3232 2610 3285 ἀπόστολοι
2637 3271 2651 3296 ,
2680 3231 2775 3283 καὶ
2810 3233 2963 3283 πᾶσα
2992 3229 3177 3299 σχεδὸν
3203 3230 3237 3299 ἡ
3263 3228 3383 3281 θεία
3407 3228 3625 3296 Γραφὴ,

368 3320 588 3374 modum
614 3321 918 3393 Scriptura,
941 3324 1160 3392 quando
1193 3326 1554 3394 pronuntiant
1586 3342 1770 3381 vocem
1799 3328 1941 3384 Deus

368 3413 595 3482 praecise
630 3422 684 3469 et
706 3416 940 3482 inﬁnite,
965 3423 1018 3469 et
1040 3425 1099 3468 ut
1129 3416 1425 3484 plurimum
1454 3431 1577 3470 cum
1606 3418 1860 3479 articulo,
1891 3431 1943 3474 et

366 3505 574 3573 absque
604 3508 878 3575 pcrsonali
922 3506 1252 3576 proprietate
1280 3548 1295 3573 ,
1342 3505 1556 3562 Patrem
1610 3509 1939 3578 signiﬁcant.

367 3593 613 3664 Exempli
640 3598 814 3666 gratia
845 3614 859 3651 :

442 3704 461 3736 ι
501 3685 702 3740 Paulus
730 3704 925 3742 servus
950 3688 1080 3743 Jesu
1116 3688 1347 3753 Christi,
1382 3698 1609 3745 vocatus
1638 3694 1940 3760 apostolus,

367 3789 682 3846 segregatus
705 3780 756 3832 in
792 3780 1142 3850 Evangelium
1168 3781 1257 3835 Dei
1288 3790 1337 3843 Β,
1371 3800 1389 3832 ι
1436 3764 1571 3837 sive.
1592 3782 1792 3839 Patris.
1842 3787 1944 3841 lte-

366 3883 487 3921 rum
518 3884 530 3920 :
573 3888 590 3920 ι
621 3868 972 3925 Multifariam
1005 3873 1302 3942 multisque
1338 3873 1515 3928 modis
1547 3874 1783 3943 loquens
1813 3877 1942 3929 olim

367 3960 613 4027 patribus
638 3959 864 4028 Deusta»
890 3964 1107 4026 hocest,
1134 3963 1313 4017 Patcr.
1342 3963 1408 4015 Et
1434 3964 1756 4034 Symbolum
1778 3966 1899 4020 fidei
1927 3984 1939 4018 :

373 4068 392 4101 t
423 4050 600 4105 Credo
632 4052 685 4106 in
720 4069 887 4106 ttnnm
922 4054 1114 4119 Deum,
1141 4074 1160 4107 ι
1197 4056 1302 4109 hoc
1324 4063 1428 4120 est,
1464 4056 1709 4120 Patrem,
1745 4076 1763 4108 ι
1800 4068 1853 4112 et
1888 4060 1942 4113 in

369 4157 535 4196 ttnum
568 4141 877 4208 Dominum,
908 4164 927 4198 ι
970 4145 1071 4201 hoc
1096 4154 1202 4209 est,
1243 4145 1459 4202 Filium.
1504 4148 1565 4201 Et
1595 4150 1887 4217 Apostolus
1925 4169 1940 4206 :

374 4253 392 4283 ¢
424 4222 532 4288 Etsi
558 4237 797 4305 suntqui
819 4238 1072 4292 dicantur
1091 4237 1196 4300 dii,
1221 4238 1574 4294 nobistamen
1601 4256 1746 4295 unus
1774 4240 1939 4306 Deus,

368 4327 527 4382 Pater
559 4329 601 4383 ί.
633 4348 651 4380 ι
690 4328 757 4383 Et
785 4347 798 4384 :
829 4349 846 4382 ι
881 4331 1142 4398 Quamvis
1202 4332 1355 4385 multi
1394 4331 1631 4399 Domini,
1674 4334 1834 4389 nobis
1863 4343 1966 4387 ta-.

368 4435 491 4473 men
517 4437 659 4477 tmtts
683 4431 768 4477 est
802 4420 1101 4485 Dominus,
1135 4422 1327 4476 Filius.
1366 4442 1383 4473 ι
1436 4422 1578 4477 Deus
1608 4440 1737 4479 vero
1776 4440 1945 4493 pecu-

370 4511 487 4564 liari
514 4512 725 4567 ratione
742 4515 1045 4583 appellatur
1061 4514 1255 4582 Pater;
1276 4530 1399 4570 cum
1425 4515 1541 4583 ipse
1563 4513 1855 4569 Trinitatis
1874 4516 1945 4568 sit

2049 3324 2126 3377 ὅτ’
2153 3322 2219 3376 ἂν
2250 3323 2380 3392 εἴπῃ
2413 3326 2445 3375 ὀ
2485 3323 2649 3388 Θεὸς,
2691 3321 2867 3383 οὕτως
2904 3320 3218 3384 άπολύτως,
3246 3323 3345 3373 καὶ
3367 3321 3629 3389 ἀπροσδι-

2049 3414 2301 3483 ορίστως,
2333 3415 2426 3465 καὶ
2446 3412 2521 3476 ὡς
2544 3414 2750 3466 ἐπίπαν
2779 3413 2877 3465 σὺν
2907 3413 3116 3483 ἄρθρῳ,
3153 3412 3250 3464 καὶ
3272 3413 3444 3482 χωρὶς
3484 3411 3631 3464 ἰδιώσ-

2053 3519 2221 3574 ματος
2254 3502 2635 3567 ὑποστατικοῦ,
2662 3501 2755 3553 τὸν
2783 3501 3002 3572 Πατέρα
3031 3501 3201 3572 δηλοῖ.
3235 3496 3381 3553 υἶον’

2127 3698 2146 3730 r
2183 3678 2392 3741 Παῦλος
2433 3677 2617 3741 δοῦλος
2657 3676 2832 3747 Ἰησοῦ
2860 3674 3121 3746 Χριστοῦ,
3160 3674 3357 3746 κλητὸς
3388 3677 3631 3728 ἀπόστο-

2050 3773 2162 3836 λος,
2198 3770 2579 3842 ἀφωρισμένος
2625 3772 2706 3832 εἰς
2749 3768 3079 3836 Εὑαγγέλιον
3118 3767 3277 3829 Θεοῦ,
3329 3787 3348 3820 ι
3380 3768 3504 3837 ἢτοι
3528 3766 3632 3819 τοῦ

2051 3864 2285 3933 Πατρός.
2318 3863 2427 3917 Καὶ
2460 3861 2623 3915 πάλιν
2650 3876 2663 3890 ⁸
2702 3879 2720 3910 ι
2757 3858 3112 3929 Πολυμερῶς,
3144 3858 3239 3910 καὶ
3268 3858 3635 3928 πολυτρόπως

2052 3955 2221 4008 πάλαι
2256 3954 2284 4007 6
2316 3954 2449 4015 Θεὸς
2476 3952 2715 4022 λαλήσας
2745 3953 2857 4013 τοῖς
2886 3949 3179 4019 πατράσιν,
3216 3968 3235 3999 ι
3267 3950 3438 4019 ἤγουν
3466 3950 3495 4001 6
3517 3950 3634 4001 Πα-

2050 4048 2177 4117 τήρ.
2194 4046 2379 4112 Καιτὸ
2392 4044 2455 4097 σύ
2465 4044 2662 4114 μὸολον
2682 4043 2782 4112 τῆς
2804 4043 3040 4104 πίστεως
3066 4058 3084 4090 ι
3107 4038 3409 4111 [Πιστεύω]
3435 4041 3519 4101 είς
3534 4039 3636 4091 ινα

2052 4139 2204 4203 Θεὸν,
2227 4157 2244 4189 ο
2267 4139 2386 4208 ἦτοι
2402 4138 2491 4190 τὸν
2506 4134 2775 4204 Πατέρα,‹
2802 4134 2897 4186 καὶ
2911 4135 2990 4195 εἰς
3011 4132 3109 4184 ἕνα
3124 4131 3381 4202 Κύριον,ι
3400 4133 3521 4202 ἦτοι
3541 4131 3634 4183 τὸν

2053 4230 2201 4284 Υἱόν.
2234 4229 2342 4283 Καὶ
2370 4229 2398 4281 6
2440 4226 2759 4287 Ἀπόστολος
2795 4239 2809 4253 ⁸
2853 4241 2873 4275 ι
2913 4224 3091 4292 Εἴπερ
3117 4224 3226 4293 γάρ
3282 4222 3393 4275 εἱσι
3445 4222 3637 4275 πολλοὶ

2053 4322 2164 4375 θεοὶ
2184 4319 2382 4386 ⁹⁸,άλλ⁹
2412 4320 2546 4389 ἡμῖν
2585 4312 2666 4377 εἷς
2706 4314 2838 4377 Θεὸς
2861 4316 2888 4367 6
2919 4315 3131 4383 Πατήρ.
3169 4331 3187 4363 ι
3220 4312 3330 4366 Καί
3353 4329 3366 4341 ’
3405 4330 3424 4363 t
3460 4312 3635 4382 Εἴπερ

2053 4415 2159 4468 εἰσὶ
2181 4412 2360 4482 κύριοι
2390 4410 2596 4471 πολλοὶ,
2639 4407 2753 4461 ἀλλ’
2787 4408 2919 4476 ἡμῖν
2962 4399 3046 4468 εἷς
3095 4405 3299 4475 Κύριος
3355 4406 3385 4457 6
3416 4404 3567 4466 Υἱός.
3606 4422 3628 4453 ι

2052 4510 2184 4571 Θεὸς
2214 4508 2271 4562 δὲ
2300 4506 2594 4577 ἐξαιρέτως
2647 4502 2905 4569 λέγεταιο
2966 4498 3153 4569 ἐπειδὴ
3191 4501 3224 4568 ὴ
3255 4499 3472 4560 ἒνωσις,
3511 4498 3634 4567 ἦτοι

368 4602 541 4656 unitio
581 4604 699 4659 sive
749 4606 1047 4674 explicatio
1103 4616 1155 4660 et
1196 4609 1356 4675 quasi
1404 4622 1637 4668 summa,
1697 4615 1756 4660 ttt
1808 4606 1943 4659 dixit

2053 4598 2368 4663 άνάπτυξις,
2400 4597 2494 4650 καὶ
2527 4591 3013 4660 ἀνακεφαλαίωσις
3047 4591 3144 4659 τῆς
3172 4589 3425 4659 Τριάδος,
3457 4589 3489 4639 6
3520 4589 3636 4640 Πα-

370 4693 682 4765 Theologus
713 4714 726 4750 :
761 4713 779 4747 ι
806 4697 978 4753 Nohis
1021 4713 1151 4751 vero
1183 4714 1328 4753 ttnus
1384 4696 1527 4751 Deus
1574 4696 1757 4759 Pater,
1814 4697 1946 4765 quia

369 4800 478 4839 una
529 4787 787 4843 divinitas
837 4789 885 4843 ι.
917 4807 936 4840 ι
990 4788 1247 4844 Rursus:
1298 4807 1315 4840 ι
1364 4787 1517 4842 Unus
1552 4787 1694 4843 Deus
1745 4789 1950 4841 retine~

369 4876 539 4940 bitur,
574 4877 620 4930 si
659 4877 727 4931 ad
763 4893 928 4932 unum
967 4881 1302 4951 principium
1343 4878 1679 4942 referamus,
1709 4894 1817 4934 non
1850 4896 1950 4933 au-

371 4976 478 5020 tem
510 4982 905 5037 componamus
954 4980 1048 5024 aut
1083 4974 1546 5028 commisceamus
1573 4971 1622 5025 ι.
1659 4991 1677 5023 ι
1706 4970 1944 5027 lterum:

381 5074 400 5108 ι
437 5055 599 5112 Pater
630 5059 807 5112 unitio
839 5067 944 5117 est.
976 5074 1044 5113 ex
1068 5075 1178 5129 quo
1212 5068 1265 5113 et
1300 5058 1365 5113 ad
1412 5074 1573 5128 quem
1605 5057 1943 5123 referuntur,

377 5148 468 5217 qui
496 5164 562 5204 ex
603 5151 721 5221 ipso
754 5161 903 5214 sunt,
931 5150 1105 5206 Filius
1135 5161 1190 5206 et
1210 5151 1446 5221 Spiritus
1471 5138 1699 5206 sanctus
1720 5148 1761 5204 ι.
1804 5168 1822 5201 ι
1855 5150 1937 5203 Fi-

381 5238 488 5295 lius
517 5256 752 5314 namque
780 5252 833 5299 et
855 5241 1097 5313 Spiritus
1134 5244 1390 5297 dicuntttr
1421 5242 1617 5305 Patris,
1649 5258 1753 5295 non
1783 5240 1948 5295 Pater

496 5418 554 5472 τι
584 5418 710 5472 Cor.
738 5436 851 5477 χιιι.
889 5420 969 5473 10.

385 5488 765 5559 episcoporum.
840 5489 865 5527 ι
896 5490 1027 5544 ibitl.

1070 5422 1094 5460 Β
1124 5419 1280 5471 lium.
1320 5434 1364 5481 ῐ,
1404 5419 1451 5471 Ι.

1115 5489 1125 5527 ¹
1163 5488 1293 5543 ἰΙιΞιῘ.
1376 5515 1381 5521 ’

1529 5420 1556 5456 ι·
1597 5416 1764 5469 Hebr.
1795 5432 1834 5478 ι,
1876 5416 1919 5467 l.

2048 4692 2153 4760 τήρ
2184 4691 2353 4751 ἐστιν,
2379 4687 2455 4749 ὡς
2487 4681 2641 4738 εἶπεν
2665 4686 2692 4737 6
2725 4682 2989 4749 Θεολόγος
3009 4696 3025 4711 ο
3059 4699 3081 4730 ‹
3119 4680 3284 4747 Ἡμῖν
3317 4679 3375 4732 δὲ
3394 4675 3477 4742 εἷς
3498 4679 3635 4739 Θεὸς

2048 4780 2309 4850 όΠατὴρ,
2342 4779 2425 4831 ὅτι
2482 4776 2578 4846 μία
2632 4774 2845 4842 θεότης.
2889 4791 2908 4824 ι
2957 4772 3069 4825 Καὶ
3117 4770 3317 4826 πάλιν·
3375 4788 3397 4821 ι
3442 4770 3539 4831 Εἰς
3574 4768 3637 4821 ἓν

2050 4873 2224 4927 αἴτιον
2249 4870 2344 4924 τοῦ
2380 4869 2535 4932 Υἱοῦ,
2576 4868 2671 4920 καὶ
2706 4863 3025 4935 Πνεύματος
3069 4862 3521 4932 ἀναφερομένων,
3567 4860 3632 4911 οὐ

2051 4962 2473 5033 συντιθεμένων,
2499 4957 2621 5012 οὐδὲ
2671 4954 3171 5024 συναλειφομένων.
3210 4971 3230 5004 ι
3271 4951 3381 5003 Καὶ
3428 4949 3631 5002 πάλιν

2057 5030 2081 5109 i
2111 5030 2343 5119 Ἔνωσις
2372 5055 2401 5106 6
2428 5050 2639 5119 Πατὴρ,
2669 5048 2728 5115 ἐξ
2754 5043 2815 5103 οὗ
2851 5048 2988 5117 πρὸς
3028 5047 3089 5099 ὃν
3114 5044 3448 5114 ἀναφέρεται
3476 5042 3546 5093 τὰ
3572 5040 3633 5104 ἐξ

2053 5148 2249 5201 αὑτοῦ·
2292 5164 2308 5197 t
2346 5144 2534 5214 ἐπειδὴ
2567 5144 2595 5196 6
2625 5142 2772 5205 Υἱὸς,
2809 5141 2903 5192 καὶ
2929 5139 2988 5191 τὸ
3024 5136 3251 5206 Πνεῦμα
3280 5134 3375 5187 τοῦ
3420 5134 3632 5202 lla-:96;

2054 5239 2323 5306 λέγονται,
2380 5236 2500 5305 οὐχὶ
2530 5236 2557 5286 6
2585 5230 2773 5302 Πατὴρ
2823 5228 3030 5283 αὑτῶν.
3072 5222 3219 5280 Οἷονο
3262 5226 3320 5278 Ὀ
3362 5225 3489 5287 116;
3534 5222 3631 5275 τοῦ

2004 5416 2015 5454 i
2053 5413 2068 5465 Ι
2123 5412 2252 5467 Cor.
2298 5428 2413 5474 vtu,
2443 5411 2497 5473 5,
2538 5410 2591 5461 6.
2672 5407 2685 5458 i
2727 5408 2783 5463 S.
2823 5406 2984 5477 Grcg.
3022 5403 3160 5460 Naz.
3198 5402 3356 5458 Orat.
3389 5398 3453 5455 de
3489 5408 3630 5453 statu

1655 5624 1741 5687 γλ
1754 5620 1891 5675 RLE
1931 5620 2332 5675 LECTIONICS.

451 5720 497 5752 ⁶¹
520 5719 561 5775 Ι.
591 5718 779 5773 τούτου
810 5718 987 5787 χάριν.
1069 5720 1112 5749 9³
1147 5720 1477 5790 Χριστιανόῐ.
1564 5722 1607 5750 τη
1641 5719 1931 5789 ύποιιργός.

2040 5717 2085 5751 ’³
2117 5717 2425 5788 λεγόμενοι.
