3912 6202
304 292 435 362 1601

298 496 459 561 Θεοῦ,
513 494 754 566 βραχίων
784 490 883 543 τοῦ
913 488 1071 552 Θεοῦ,
1100 486 1251 550 δεξιὰ
1304 485 1400 538 τοῦ
1451 484 1610 538 Θεοῦ.
1666 486 1778 538 Καὶ
1819 485 1881 537 τὸ

302 590 530 660 Πνεῦμα
563 584 823 646 ὡσαύτως
845 600 856 611 ·
887 580 1112 649 Πνεῦμα
1142 578 1236 631 τοῦ
1278 578 1437 639 Θεοῦ,
1482 577 1744 640 δάκτυλος
1783 579 1878 631 τοῦ

300 679 460 732 Θεοῦ.
489 679 581 740 Εἰς
620 674 784 730 αὐτὸν
825 667 917 725 οὖν
963 671 1056 723 τὸν
1087 670 1309 738 Πατέρα
1346 666 1730 739 ἀναφέρονται,
1758 668 1880 738 οὐχὶ

300 770 330 820 ὁ
358 767 549 838 Πατὴρ
579 769 659 829 εἰς
709 764 867 817 αὐτά.
905 763 968 815 Εἰ
1014 761 1070 813 δὲ
1129 760 1224 813 καὶ
1254 758 1424 830 εὕρῃς
1446 760 1507 812 τὸ
1535 761 1678 826 Θεὸς
1712 759 1882 829 ὄνομα

302 858 398 912 ἐπὶ
428 856 522 909 τοῦ
555 856 708 915 Υἱοῦ,
735 854 829 905 καὶ
852 850 914 904 τὸ
940 850 1156 916 Κύριος
1179 849 1271 923 ἐπεὶ
1295 848 1387 900 τοῦ
1412 848 1643 920 Πατρὸς,
1672 848 1768 901 καὶ
1786 848 1892 923 τοῦ.

302 947 645 1017 Πνεύματος,
679 945 771 998 καὶ
823 943 884 996 τὸ
930 941 1145 1011 Ἄγιος,
1179 920 1273 992 καὶ
1302 939 1363 992 τὸ
1395 939 1636 1009 Πνεῦμα
1667 939 1758 993 ἐπὶ
1786 939 1881 993 τοῦ

302 1040 555 1109 Πατρός’
589 1037 666 1099 ὼς
694 1035 785 1089 τό⁶
828 1053 846 1084 ί
889 1034 1079 1100 Ἀγιος
1111 1034 1138 1085 ὁ
1166 1030 1320 1093 Θεὸς,
1359 1050 1377 1082 ι
1405 1031 1565 1097 δῆλον
1593 1034 1620 1084 ὁ
1655 1032 1878 1103 Πατήρ·

302 1132 396 1183 καὶ
423 1131 480 1184 τὸ
515 1149 533 1181 ι
580 1127 806 1197 Πνεῦμα
839 1127 866 1178 ὁ
895 1125 1056 1188 Θεός’
1097 1142 1115 1175 ι
1161 1124 1333 1177 ταῦτα
1369 1125 1608 1194 ὀνόματα
1639 1124 1738 1195 τῆς
1781 1125 1883 1192 φύ-

304 1239 445 1286 σεως
497 1221 625 1276 ὅντα
668 1216 1104 1291 κατηγοροῦνταί
1156 1232 1288 1268 ποτε
1354 1215 1446 1267 καὶ
1488 1216 1597 1269 τῶν
1641 1216 1882 1269 ὑποστά-

305 1331 467 1370 σεων.

372 1474 775 1566 Κατηγορικῶς
806 1484 900 1545 οῦν
927 1489 991 1543 ὲκ
1011 1489 1111 1558 τῆς
1143 1488 1359 1559 φύσεως
1388 1488 1606 1557 λέγεται
1637 1489 1731 1542 καὶ
1755 1489 1885 1554 Υἱὸς

301 1584 332 1637 ὁ
363 1585 542 1649 Cede,"
582 1583 676 1636 καὶ
707 1581 781 1644 ὡς
812 1579 909 1633 ἐπὶ
954 1578 1016 1630 τὸ
1064 1577 1338 1640 πλεῖστον,
1365 1579 1533 1648 χωρὶς
1564 1578 1793 1649 ἄρθρου,
1835 1580 1883 1632 εἰ

306 1679 475 1747 μήπω
503 1674 793 1744 πρόκειται
817 1670 946 1741 περὶ
970 1668 1134 1722 αὑτοῦ
1157 1670 1185 1721 ὁ
1202 1669 1359 1738 λόγος
1387 1669 1570 1737 εὶγοῦν
1594 1672 1626 1741 ἡ
1660 1671 1880 1741 φράσις.

1571 287 1665 345 DE
1709 285 2303 347 INCARN'ATIONE.

298 406 464 471 Θεοῦ,
500 400 669 473 Σοφία
698 400 792 455 τοῦ
814 398 972 459 Θεοῦ,
1000 397 1169 463 Λόγος
1199 394 1294 447 τοῦ
1324 392 1484 459 Θεοῦ,
1520 394 1756 464 Δύναμις
1781 393 1874 446 τοῦ

1987 394 2224 449 illorum.
2272 393 2432 448 Verbi
2466 396 2642 465 gratia
2685 414 2695 449 2

3437 289 3574 356 1002

2748 396 2923 452 Filius
2961 397 3078 462 Dei,
3123 398 3409 469 Sapientia
3454 404 3566 472 Dei,

1988 484 2230 540 Verbum
2266 487 2384 549 Dei,
2415 485 2603 541 Virtus
2626 487 2742 553 Del,
2768 491 3056 544 brachium
3086 489 3202 556 Dei,
3231 492 3428 550 dextra
3455 497 3571 554 Dei.

1983 577 2249 634 Similiter
2287 590 2339 635 et
2389 580 2630 652 Spiritus
2668 599 2682 636 :
2724 582 2968 653 Spiritus
3013 585 3141 652 Dei,
3202 587 3411 661 digitus
3449 591 3568 648 Dei.

1983 671 2064 725 Ad
2098 673 2317 726 Patrem
2385 673 2553 742 igitur
2611 675 2926 729 referuntur
2965 676 3106 746 (72);
3151 693 3259 733 non
3311 679 3472 751 Pater
3502 684 3572 738 ad

1985 763 2130 820 illos.
2174 764 2333 831 Quod
2401 766 2447 820 si
2502 781 2700 822 nomen
2743 767 2839 821 Dei
2894 769 3056 823 etiam
3115 769 3255 824 Filio
3299 773 3569 829 tributmu

1984 848 2267 917 reperias,
2321 856 2376 902 et
2426 862 2624 901 nomen
2687 848 2898 902 Domini
2960 849 3110 904 Patri
3166 862 3219 906 et
3293 854 3569 922 Spiritui,

1985 939 2114 993 item
2164 954 2363 993 nomen
2401 940 2587 994 Sancti
2622 949 2677 993 et
2710 939 2963 1008 Spiritus,
3004 941 3188 1010 Patri;
3232 953 3292 997 ut
3327 946 3380 999 in
3433 948 3567 1003 illo:

1990 1047 2008 1077 ι
2041 1029 2278 1089 Sanctus
2325 1032 2565 1094 Deusm,
2629 1050 2647 1080 ι
2697 1033 2790 1085 ubi
2845 1032 3192 1088 manifestum
3232 1047 3346 1101 est,
3394 1040 3570 1107 s'gni-
3656 1023 3661 1027 ’

1987 1119 2137 1173 ﬁcari
2189 1120 2424 1184 Patrem,
2479 1130 2535 1173 et
2569 1122 2621 1173 in
2661 1122 2755 1175 illo
2798 1137 2812 1173 :
2853 1141 2870 1171 ι
2909 1123 3151 1193 Spiritus
3176 1136 3259 1179 est
3290 1126 3434 1182 Deus
3465 1137 3513 1189 ιι,
3545 1148 3564 1180 ι

1985 1211 2207 1265 noveris
2255 1211 2369 1265 [NEC
2411 1219 2464 1266 et
2500 1210 2553 1265 id
2608 1228 2783 1281 genus
2840 1214 2947 1266 alia
2986 1217 3204 1270 nomina
3255 1219 3324 1272 de
3370 1229 3569 1273 natura

1985 1302 2258 1355 enuntiari
2308 1302 2503 1366 solita,
2563 1303 2837 1357 enuntiari
2898 1306 3231 1377 quandoque
3273 1309 3442 1363 etiam
3502 1310 3571 1366 de

1986 1392 2398 1462 hypostasihus.

2058 1484 2397 1559 Simpliciter
2437 1486 2608 1554 igitur
2656 1488 2729 1543 ob
2787 1501 3038 1543 naturam
3093 1490 3303 1545 dicitur
3359 1491 3567 1558 Filius,

1986 1573 2129 1628 Deus
2157 1615 2171 1638 ,
2202 1584 2254 1628 et
2279 1577 2605 1645 plerumque
2626 1578 2746 1632 sine
2783 1581 3014 1634 articulo
3041 1597 3055 1645 ;
3085 1582 3193 1635 nisi
3219 1584 3419 1647 oratio,
3447 1565 3586 1653 quae.

1986 1666 2293 1734 praecessit,
2331 1668 2404 1722 sit
2448 1667 2515 1721 de
2560 1668 2681 1737 ipso
2730 1666 2888 1721 Filio.
2933 1670 3090 1726 Tunc
3137 1676 3279 1725 enim
3329 1674 3571 1731 refertur

301 1762 414 1820 Καὶ
446 1764 749 1836 τηνικαῦτα
780 1759 1112 1831 ἀναφορικδν
1134 1760 1361 1831 γένηται
1384 1764 1460 1825 εἱς
1496 1762 1675 1825 αὐτὸν,
1704 1762 1778 1827 ὡς
1802 1764 1879 1826 εἰς

1987 1756 2256 1810 articulus
2287 1758 2354 1810 ad
2382 1755 2607 1822 Filium,
2649 1764 2910 1825 tanquam
2947 1761 3012 1812 ad
3045 1760 3154 1828 iam
3191 1763 3345 1830 prius
3374 1766 3571 1833 cogni-

302 1857 756 1930 προεγνωσμένον
786 1854 1097 1926 πρόσωπον,
1147 1852 1208 1905 τὸ
1271 1852 1493 1924 ἄρθρον,
1547 1855 1621 1918 ὼς
1651 1853 1761 1925 ἔχει
1796 1854 1875 1920 τὸ,

308 1967 328 2000 ι
379 1946 469 2012 Ἐξ
496 1941 568 2000 (Iv
594 1948 622 1998 6
652 1942 886 2015 Χριστὸς
917 1940 977 1994 τὸ
1004 1941 1147 1993 κατὰ
1178 1941 1375 2012 σάρκα,
1419 1961 1437 1994 ι
1474 1941 1565 1994 καί
1593 1959 1606 1972 ·
1653 1959 1672 1991 ι
1717 1940 1775 1993 '0
1805 1940 1880 1993 ὢν

303 2039 398 2092 ἐπὶ
429 2041 646 2092 πάντων
679 2035 832 2097 Θεός.
872 2054 885 2086 ι
920 2036 1030 2090 Kal.
1053 2034 1212 2088 τοῦτο
1235 2033 1289 2085 δὲ
1318 2033 1423 2104 χρὴ
1447 2033 1757 2102 γινώσκειν,
1797 2034 1879 2086 ὅτι

234 2132 241 2139 ’
302 2131 454 2184 οἰδὲν
476 2130 584 2182 τῶν
621 2130 904 2199 ὀνομάτων
930 2128 1031 2198 τῆς
1063 2126 1255 2189 οὐσίας
1292 2125 1386 2178 τοῦ
1415 2125 1550 2179 Θεοῦ
1584 2125 1879 2196 δηλωτικόν

302 2224 478 2275 ἐστιν’
506 2221 694 2290 ὥσπερ
723 2220 819 2273 καὶ
844 2219 952 2273 τῶν
984 2218 1187 2272 λοιπῶν
1217 2217 1580 2288 πραγμάτων.
1620 2216 1747 2269 Ἐὰν
1772 2216 1880 2288 γὰρ

303 2313 551 2383 εἴπωμεν
576 2311 746 2376 λίθον,
784 2311 817 2383 ἢ
849 2311 1071 2383 χρυσὸν,
1107 2311 1140 2382 ἢ
1179 2308 1305 2380 βοῦν
1329 2348 1345 2376 ,
1375 2308 1409 2378 ἢ
1437 2308 1744 2377 ἄνθρωπον,
1783 2308 1881 2379 τὴν

304 2401 490 2452 οὐσίαν
520 2401 752 2452 ἑκάστου
781 2400 870 2454 διὰ
896 2399 992 2452 τοῦ
1023 2400 1286 2470 ὀνόματος
1332 2396 1619 2469 δηλοῦμεν.
1670 2396 1795 2449 Ἐὰν
1825 2398 1880 2450 δὲ

306 2492 548 2557 εἴπωμεν
581 2490 734 2558 Θεὸν,
766 2491 799 2560 ἢ
851 2491 945 2544 καὶ
971 2490 1193 2561 Κύριον,
1233 2490 1267 2560 ἢ
1296 2488 1550 2551 Βασιλέα,
1580 2488 1613 2558 ἢ
1638 2488 1877 2558 Πατέρα,

305 2580 340 2651 ἢ
386 2582 587 2652 Nomii
630 2580 1012 2651 οἱονδηποτοῦν
1049 2581 1222 2650 ὄνομα
1259 2581 1351 2634 ἐπὶ
1380 2580 1538 2643 Θεοῦ,
1580 2580 1878 2651 ἐνέργειαν,

306 2673 564 2742 ἧσχέσιν
631 2671 1000 2742 σημαίνομεν.
1053 2672 1186 2735 Θεὸς
1247 2671 1344 2742 μὲν
1400 2671 1575 2741 γὰρῆ
1624 2673 1880 2741 ποιητὴς,

304 2761 589 2831 ἐνεργείας
614 2778 629 2793 ο
665 2763 932 2827 Βασιλεὺς
960 2763 1036 2827 δὲ,
1071 2765 1102 2834 ἢ
1140 2762 1440 2832 Δεσπότης.
1466 2763 1498 2833 ἢ
1525 2762 1734 2834 Πατὴρ,
1760 2762 1883 2832 σχέ-

307 2863 445 2910 σεως
478 2849 545 2904 ⁵⁸.

379 2973 416 3001 ³³⁸
454 2965 604 3020 Psal.
682 2978 869 3025 xcvut,
913 2964 944 3019 9
980 2973 1031 3017 et
1069 2965 1221 3016 alibi.
1297 2964 1507 3020 "Joan.
1536 2983 1610 3032 tv,
1647 2966 1739 3021 24.

1843 2977 1868 3002 ’³
1896 2966 2059 3022 Rom.
2096 2985 2174 3032 Ix,
2208 2969 2264 3023 5.

1981 1856 2090 1902 tam
2133 1862 2423 1915 personam
2455 1864 2469 1913 ;
2531 1858 2589 1903 ut
2632 1850 2685 1903 in
2720 1850 2815 1903 illo
2849 1868 2863 1902 :
2901 1868 2919 1901 ι
2968 1850 3045 1904 Ex
3082 1853 3286 1921 quibus
3313 1853 3570 1910 Christus

1979 1939 2281 1993 secundum
2309 1953 2528 1993 carnem
2554 1947 2600 1994 ο.
2653 1959 2671 1992 ι
2709 1939 2775 1993 Et
2810 1959 2822 1993 :
2861 1958 2880 1992 ι
2927 1940 3030 2007 Qui
3071 1953 3156 1996 est
3189 1958 3355 2014 super
3383 1947 3568 1999 omnia

1982 2036 2124 2092 Deus
2166 2037 2490 2092 benedictus
2508 2046 2555 2090 Ρ.
2583 2056 2602 2089 ›
2639 2036 2828 2110 Neque
2872 2036 2974 2092 hoc
3028 2037 3289 2106 ignorare
3329 2049 3566 2110 oportet,

1982 2129 2194 2183 nullum
2232 2143 2431 2183 nomen
2478 2129 2724 2184 divinam
2776 2128 3078 2184 essentiam
3120 2131 3431 2200 exprimere
3459 2173 3474 2198 ,
3510 2142 3568 2187 ut

1983 2216 2100 2270 ficri
2148 2217 2287 2272 solet
2324 2216 2378 2270 in
2433 2217 2668 2271 aliarum
2717 2216 2902 2272 rerum
2945 2217 3288 2273 nominibus.
3322 2215 3378 2272 Si
3419 2222 3567 2273 enim

1980 2307 2333 2362 nominemus
2385 2307 2644 2377 lapidem,
2705 2322 2925 2373 aurum,
2982 2308 3209 2374 bovem,
3262 2308 3563 2375 hominem,

1987 2398 2349 2452 substantiam
2376 2397 2813 2469 uniuscujusque
2836 2399 3169 2455 indicamus.
3204 2400 3331 2453 Atsi
3361 2401 3428 2456 de
3459 2400 3568 2456 Deo

1991 2490 2245 2546 dicamus
2279 2508 2293 2545 :
2331 2490 2495 2557 Deus,
2526 2490 2813 2556 Dominus,
2847 2490 2987 2556 Rex,
3029 2490 3213 2554 Pater,
3249 2490 3441 2557 Filius,
3475 2503 3568 2548 aut

1987 2583 2132 2637 aliud
2156 2553 2458 2653 quidpiam,
2482 2553 2769 2639 actionem
2800 2553 2887 2639 rei
2937 2553 3313 2637 habitudinem
3356 2553 3568 2653 signiti—

1987 2685 2199 2725 camus.
2238 2670 2381 2726 Dens
2426 2672 2572 2726 enim
2617 2673 2698 2726 vel
2759 2682 3010 2738 creator,
3048 2671 3268 2725 nomina
3312 2681 3440 2726 sunt
3472 2689 3568 2726 ορ·-

1988 2762 2190 2826 tionis;
2229 2761 2342 2817 Rex
2384 2775 2586 2828 autem,
2633 2762 2924 2829 Dominus,
2971 2764 3055 2818 vel
3107 2762 3304 2827 Pater,
3350 2762 3569 2818 habitu-

1990 2852 2152 2908 diuis.

2341 2978 2369 3017 ιι
2403 2968 2535 3023 ibid.

1599 3083 1830 3139 VARUE
1861 3084 2262 3143 LECTIONES.

404 3174 452 3205 ³⁸
484 3174 620 3227 alter
651 3171 720 3226 Μ.
759 3170 817 3225 S.
845 3171 1107 3239 σχέσεων.

1926 3264 2062 3319 ΤΛΕ.

1926 3264 1968 3319 Τ
2017 3280 2062 3319 ε.

393 3358 499 3429 (7‘2)
540 3359 656 3414 Nisi
700 3376 807 3432 qua
863 3359 1152 3423 relativum
1184 3353 1419 3411 refertur
1446 3353 1514 3409 ad
1553 3264 2305 3429 terminunﬁgtﬁincipium
2333 3359 2399 3413 ad
2431 3359 2507 3425 id,
2538 3361 2684 3430 quod
2714 3377 2780 3416 ex
2810 3364 2955 3432 ipso.

321 3553 3565 3598 Μ

1096 3698 1904 3859 THEODORI

2001 3723 2795 3857 ABUCARAE

765 3982 931 4072 DE
1046 3911 1602 4072 Ui‘iIONE
1706 3979 1869 4069 ET
1979 3917 3126 4081 INCARNATIONE.

1194 4149 1491 4223 (Cumae.
1541 4150 1649 4207 Vel.
1685 4148 1910 4206 Patrum
1934 4134 2191 4208 Bibliotli.
2218 4160 2262 4209 ι.
2282 4151 2426 4222 xm,
2453 4169 2508 4225 ι).
2543 4156 2694 4229 286.)

1888 4326 1959 4346 ..ἃ

319 4460 459 4539 Περὶ
501 4458 783 4539 ῥνώσεωςχ
834 4458 934 4515 καὶ
972 4456 1389 4539 ,σαρκῴςεωςχ
1434 4460 1533 4513 καὶ
1574 4459 1663 4539 (in
1780 4458 1901 4539 Δμὲν
1926 4466 1971 4523 C
2006 4462 2086 4517 De
2129 4462 2323 4539 unione
2369 4472 2420 4539 et
2470 4464 2885 4539 incarnatione:
2916 4469 3157 4537 quodque
3194 4485 3421 4539 persona
3462 4476 3570 4530 sive

392 4532 732 4596 ὑπόστασις
760 4527 1093 4597 ἐσαρκώθη,
1128 4531 1165 4595 ἡ
1199 4527 1262 4581 δὲ
1312 4529 1497 4595 φύσις
1545 4528 1655 4595 τῆς
1689 4534 1895 4596 θεότη-

390 4618 494 4666 τος
519 4600 718 4668 ἡνώθη
746 4600 821 4668 τῇ
852 4601 1202 4668 ἀνθρωπίνῃ
1229 4598 1411 4668 φύσει
1444 4598 1512 4652 ἐν
1546 4598 1887 4654 ὑποστάσει

387 4672 496 4725 τοῦ
528 4671 675 4726 Θεοῦ
705 4673 921 4741 Λόγου.
1724 4680 1739 4691 ⁵

401 4780 467 4834 Ἦ
504 4780 600 4850 μὲν
633 4780 910 4851 σάρκωσίς
937 4780 1083 4833 ἐστιν
1109 4778 1541 4849 ἑνανθρὼπησις,
1564 4778 1658 4832 καὶ
1684 4781 1716 4850 ἡ
1744 4781 1894 4833 ἐναν-

321 4869 606 4942 θρὼπησίς
659 4873 775 4925 ἐστι
827 4872 888 4925 τὸ
940 4872 1033 4925 τὸν
1078 4872 1577 4943 ἐνανΘρωπήσαντα
1612 4870 1895 4941 ἄνθρωπον

320 4962 768 5031 ἀπεργάσασθαι·
794 4965 855 5017 τὸ
876 4965 931 5017 δὲ
963 4966 1266 5034 ποιήσαντα
1287 4963 1377 5017 τὸν
1397 4963 1895 5035 ὲνανθρωπήσαντα

322 5050 629 5121 ἄνθρωπον,
658 5054 753 5106 ἐπὶ
785 5053 864 5124 τῷ
897 5056 1318 5125 κατηγορεῖσθαι
1349 5055 1440 5109 τὸν
1479 5055 1765 5125 ἄνθρωπον
1801 5051 1895 5107 τοῦ

324 5143 645 5214 ὲνανορωπή
658 5161 864 5211 σαντος,
898 5148 993 5199 καὶ
1013 5146 1268 5217 δέχεσθαι
1288 5149 1380 5202 τὸν
1406 5149 1901 5220 ὲνανθρωπήσαντα

324 5232 387 5285 τό
419 5249 479 5285 τε
511 5233 607 5287 τοῦ
638 5234 928 5305 ἀνθρώπου
961 5236 1131 5306 ὄνομα
1170 5239 1267 5292 καὶ
1298 5239 1391 5293 τὸν
1433 5240 1678 5311 ὁρισμὸν,
1713 5240 1903 5307 ὥσπερ

324 5323 435 5376 τῶν
457 5322 762 5394 ἀνθρώπων
792 5326 1043 5390 ἕκαστος.
1088 5329 1147 5381 Ὀ
1192 5329 1248 5381 δὲ
1286 5330 1572 5399 ἄνθρωπος
1598 5332 1625 5383 ὁ
1668 5348 1908 5401 κατηγο·

330 5415 594 5485 ρούμενος
617 5416 836 5486 φύσεως
869 5418 1104 5489 ὑπάρχει
1133 5419 1304 5489 ὄνομα
1323 5462 1337 5485 ,
1371 5422 1464 5475 καὶ
1496 5424 1528 5492 ὴ
1564 5422 1727 5490 φύσις
1758 5421 1907 5475 ἐστὶν

329 5510 362 5578 ἡ
394 5509 850 5580 κατηγορουμένη
902 5511 1002 5581 τῆς
1050 5511 1423 5575 ὑποστάσεως,
1484 5513 1609 5582 οὐχὶ
1659 5513 1715 5564 δὲ
1747 5512 1947 5583 φύσις,

329 5600 473 5653 κατὰ
496 5600 729 5669 φύσεως,
755 5599 819 5653 Ei
839 5600 997 5654 τοῦτο
1020 5605 1202 5656 τοίνυν
1231 5601 1619 5672 ὁμολογοῦμεν,
1647 5604 1909 5668 ὡσαύτως

334 5691 447 5763 ἔχει
475 5692 717 5764 δηλονότι
748 5695 780 5765 ἡ
806 5693 1102 5758 ὑπόστασις
1130 5695 1162 5766 ἡ
1185 5694 1677 5765 ἐνανθρωπήσασα,
1704 5697 1736 5768 ἢ
1766 5697 1793 5748 ὁ
1823 5698 1909 5750 53i-

2076 4534 2424 4588 subsistentia
2459 4535 2618 4603 fuerit
2670 4534 2994 4602 incuruata;
3032 4534 3213 4593 divitta
3257 4551 3432 4597 autem
3473 4562 3570 4600 na-

2069 4614 2188 4659 tura
2214 4602 2460 4658 Itumame
2499 4606 2674 4671 unita,
2704 4609 2758 4661 in
2789 4622 3014 4676 persona
3051 4608 3148 4664 Dei
3178 4612 3394 4682 Λόγου.

2070 4779 2387 4834 lncarnatio
2438 4788 2524 4835 est
2576 4795 2864 4856 assumere
2917 4782 3352 4848 humanitatem,
3408 4795 3573 4857 atque

2000 4871 2113 4924 iure
2146 4873 2455 4941 assumptio
2492 4873 2856 4930 humanitatis
2886 4890 3011 4929 eum
3060 4875 3209 4930 sistit
3251 4876 3364 4946 jam
3397 4879 3575 4934 homi-

2000 4978 2146 5026 nem,
2177 4964 2273 5032 qui
2300 4965 2697 5019 humanitatem
2730 4968 3055 5037 assumpsit.
3095 4968 3287 5023 lstltzec
3318 4985 3449 5024 vero
3486 4986 3572 5025 res

2000 5057 2256 5111 consiStit
2286 5058 2340 5111 in
2381 5072 2468 5122 co,
2537 5066 2597 5112 ut
2636 5059 2731 5113 ille
2771 5060 2861 5130 qui
2915 5060 3312 5116 humanitatem
3356 5078 3575 5117 assum-

2003 5149 2132 5219 psit,
2182 5162 2346 5219 atque
2377 5151 2540 5206 homo
2571 5151 2753 5207 factus
2798 5163 2903 5219 est,
2940 5164 3199 5223 praeterea
3230 5155 3373 5222 quod
3413 5155 3575 5209 homo

2002 5241 2331 5309 praedicetur
2366 5243 2435 5296 de
2468 5260 2557 5308 eo,
2590 5245 2683 5310 qui
2717 5245 3109 5298 immanitatem
3138 5244 3189 5296 in
3220 5259 3278 5299 se
3308 5247 3574 5314 suscepit,

2006 5333 2144 5388 ferat
2168 5349 2385 5403 quoque
2423 5335 2664 5390 hominis
2705 5351 2903 5389 nomen
2934 5344 2985 5388 et
3011 5335 3408 5395 definitionem,
3453 5352 3576 5406 per-

2006 5426 2132 5479 inde
2164 5440 2224 5480 ac
2250 5426 2480 5494 quilibet
2520 5427 2755 5479 aliormn
2792 5427 3076 5504 hominum
3111 5442 3125 5479 :
3173 5427 3265 5495 qui
3312 5428 3579 5496 pradica-

2008 5528 2095 5572 tnr
2128 5517 2308 5578 homo,
2343 5525 2555 5570 naturze
2584 5525 2669 5570 est
2703 5518 2989 5582 terminus,
3022 5526 3332 5585 naturaque
3379 5519 3581 5587 praedi-

2008 5615 2167 5663 catur
2197 5607 2263 5660 de
2294 5607 2686 5671 subsistentia,
2733 5623 3079 5678 nequaquam
3139 5616 3319 5665 autem
3376 5622 3575 5666 natura

2016 5699 2084 5756 de
2111 5707 2326 5755 natura.
2362 5699 2551 5771 Igitur,
2609 5701 2654 5756 si
2705 5701 3003 5774 largiamur
3036 5700 3202 5770 istud,
3248 5702 3364 5775 pari
3416 5705 3579 5760 modo
