3912 6202
335 255 475 324 1603

1538 251 1934 314 TIiEODORI
1978 248 2352 311 ABUCARIE

3468 247 3603 313 ιωι

335 383 396 424 se
424 367 586 421 habet
614 363 999 429 subsistentia,
1029 362 1146 418 sive
1196 375 1450 432 persona,
1500 377 1620 432 qua:
1656 361 1909 415 humani-

2024 364 2121 426 itog
2147 362 2294 424 Υἱός.
2338 360 2398 413 Ὀ
2428 359 2538 430 γὰρ
2562 359 2729 423 ἀΐδιος
2755 358 2903 424 Υἱὸς,
2929 358 3056 425 Θεδς
3078 360 3288 425 τέλειος
3316 361 3604 435 ὑπάρχων,

338 465 502 510 tatem
559 456 884 524 assumpsit,
945 461 1041 506 aut
1080 451 1252 506 Filius
1307 461 1568 507 maternus.
1629 451 1728 506 llic
1762 454 1908 506 enim

338 544 610 614 perfectus
638 544 913 598 exsiswns
941 541 1112 607 Deus,
1137 542 1301 595 homo
1328 540 1509 596 factus
1534 549 1618 596 est
1658 542 1775 595 sine
1805 540 1913 594 ulla

296 679 309 694 ,
339 635 665 697 imitatione,
716 634 882 703 inque
914 648 978 688 eo
1014 634 1133 703 ipso
1186 645 1272 689 est
1323 631 1605 703 perfectus
1660 631 1805 687 Deus
1857 639 1914 686 et

338 726 610 794 perfectus
634 726 818 788 homo,
849 723 1055 793 Deique
1086 738 1283 778 nomen
1318 724 1385 777 de
1426 724 1521 777 illo
1553 723 1909 794 praedicatur,

336 815 795 885 quemadmodum
828 817 1155 884 praedicatur
1174 816 1241 870 de
1267 816 1430 870 Patre
1468 824 1521 870 et
1547 815 1754 885 Spiritu
1787 831 1915 870 san-

339 916 428 959 cto
456 923 471 961 :
505 906 578 959 ita
607 906 770 960 etiam
806 906 1047 961 hominis
1077 921 1274 960 nomen
1329 907 1396 961 de
1428 907 1548 975 ipso
1579 907 1824 971 ell‘ertur,
1858 916 1919 960 ut

358 997 599 1050 sulemus
639 995 833 1051 eﬂerre
872 997 939 1050 de
979 1012 1309 1065 quocunque
1337 998 1556 1051 tandem
1609 998 1914 1052 hominum.

340 1090 488 1141 Idem
518 1098 603 1143 est
635 1088 837 1153 Filius,
870 1096 1036 1159 atque
1070 1088 1212 1142 idem
1259 1089 1352 1143 ille
1397 1089 1750 1156 incarnatus;
1791 1089 1917 1143 ideo

341 1186 523 1233 tamen
559 1194 668 1233 non
696 1178 931 1234 dicimus
962 1181 1208 1234 divinam
1246 1188 1505 1234 naturam
1553 1182 1919 1249 assumpsisse

340 1284 598 1334 carnem;
635 1269 1079 1339 quandoquidem
1113 1286 1224 1325 non
1250 1272 1377 1327 licet
1402 1272 1468 1327 de
1518 1273 1636 1343 ipsa
1669 1274 1831 1328 homo
1860 1282 1920 1328 ut

342 1359 670 1428 praedicetur
698 1359 815 1413 sive
860 1361 1021 1414 etiam
1078 1360 1315 1415 humana
1366 1373 1587 1429 natura,
1621 1371 1681 1418 ut
1712 1363 1919 1434 praefati

341 1465 554 1511 sumus,
597 1450 842 1504 dicentes
893 1451 1038 1519 quod
1088 1463 1280 1505 natura
1328 1453 1395 1507 de
1463 1462 1658 1508 natura
1694 1456 1919 1512 omnino

343 1555 448 1594 non
486 1540 835 1608 praedicatur,
870 1556 1203 1612 quocunque
1232 1542 1468 1614 denique
1505 1553 1786 1614 respectu.

415 1674 507 1728 Sic
536 1673 724 1744 itaque
746 1683 1122 1744 comparatum
1175 1685 1261 1732 est
1292 1691 1416 1732 cum
1458 1692 1694 1748 persona
1725 1676 1917 1731 aeterni

345 1765 491 1828 Filii,
525 1773 583 1818 ut
610 1765 860 1835 exemplo
885 1780 999 1819 rem
1020 1766 1399 1833 ostendamus,
1432 1766 1590 1836 quasi
1614 1780 1736 1821 cum
1759 1780 1920 1820 amne

344 1857 595 1921 torrenti,
627 1856 719 1926 qui
767 1855 990 1910 ﬂumina
1024 1856 1133 1911 duo
1179 1858 1405 1929 accipit,
1442 1857 1768 1927 .diciturque
1802 1864 1919 1911 tor-

344 1965 473 2004 rens
531 1949 744 2017 cepisse
802 1948 892 2002 illa
922 1948 1032 2003 duo
1078 1947 1330 2017 ﬂumina,
1389 1959 1585 2004 neutro
1633 1948 1918 2002 ﬂuminum

343 2039 544 2094 ﬂuuien
586 2039 942 2094 absorbente.
975 2039 1057 2093 Ad
1089 2039 1235 2093 hunc
1273 2040 1493 2094 modum
1546 2047 1784 2094 internus
1828 2037 1919 2093 Fi-

346 2132 452 2183 lius
481 2130 574 2182 Dei
611 2144 808 2184 nomen
845 2135 1026 2199 portat
1056 2140 1110 2184 et
1138 2130 1549 2192 delininionem,
1587 2130 1695 2184 Deo
1719 2146 1921 2200 nequa-

343 2235 509 2290 quam
546 2220 598 2273 iu
630 2235 688 2274 se
718 2220 1017 2290 recipiente
1055 2236 1253 2277 nomen
1286 2221 1372 2276 vel
1403 2222 1778 2276 deﬁnitionem
1819 2222 1914 2275 ho-

346 2312 533 2377 minis,
567 2311 644 2365 uti
688 2326 790 2365 nec
834 2313 999 2366 homo
1036 2313 1184 2379 capit
1235 2320 1329 2365 aut
1361 2326 1560 2366 nomen
1584 2321 1678 2365 aut
1723 2310 1919 2365 delini-

345 2406 552 2456 téouem
592 2402 711 2457 Dei.
743 2400 942 2457 Verum
972 2417 1206 2472 persona
1256 2404 1444 2457 aaterni
1485 2402 1634 2466 Filii,
1684 2401 1917 2456 duarum

346 2504 695 2561 naturarum,
726 2493 947 2560 divinae,
977 2496 1226 2564 inquam,
1275 2504 1330 2548 et
1366 2494 1642 2559 humanae,
1685 2492 1922 2563 perfecte

347 2587 616 2655 planeque
668 2584 866 2655 recipit
919 2600 1115 2639 nomen
1161 2594 1215 2638 et
1266 2584 1635 2640 definitionem
1669 2603 1683 2638 :
1716 2594 1919 2656 itaque,

328 2678 473 2738 ,lieet
505 2676 755 2731 dicamus
805 2676 953 2745 quod
990 2676 1152 2731 homo
1182 2675 1329 2731 Deus
1357 2678 1426 2731 sit
1468 2676 1665 2740 factus,
1698 2690 1807 2730 non
1840 2675 1924 2731 di-

348 2769 525 2821 cimus
563 2768 765 2822 factum
800 2783 925 2823 esse
973 2770 1163 2831 Deum,
1212 2769 1371 2839 quasi
1419 2767 1582 2823 homo
1626 2783 1824 2822 nomen
1870 2776 1925 2823 et

347 2856 720 2911 deﬁnitionem
785 2857 881 2911 Dei
942 2858 1269 2927 susceperit.
1326 2859 1383 2914 Si
1444 2858 1588 2913 enim
1641 2859 1715 2911 ita
1761 2856 1920 2925 foret,

346 2946 594 3008 ejusdem
656 2947 979 3001 substantiae
1030 2954 1177 3001 esset
1220 2962 1343 3001 eum
1399 2947 1563 3003 Patre
1607 2955 1663 3002 et
1713 2949 1921 3017 Spiritu

2011 451 2239 518 γέγονεν
2273 450 2562 521 ἄνθρωπος
2590 454 2794 520 τως
2817 449 2999 513 ἐκτὸς,
3033 452 3129 503 καὶ
3157 451 3310 504 ἐστιν
3343 454 3401 504 ἐν
3425 454 3608 522 ταυτῷ

2012 540 2145 604 Θεὸς
2166 541 2377 605 τέλειος
2404 542 2500 594 καὶ
2532 541 2814 612 ἄνθρωπος
2850 543 3081 605 τέλειος,
3130 544 3229 595 καὶ
3274 547 3609 614 κατηγορεῖο

2012 648 2102 683 ται
2130 629 2298 684 αὑτοῦ
2322 632 2383 683 τὸ
2415 631 2560 696 θεός
2583 630 2779 699 ὄνομα,
2808 629 2991 696 καθὼς
3021 632 3120 684 καὶ
3143 630 3241 685 τοῦ
3275 632 3494 701 Πατρὶς
3514 634 3610 687 καὶ

2013 722 2106 775 τοῦ
2139 721 2487 792 Πνεὺματος,
2533 722 2632 776 καὶ
2669 721 2731 775 τὸ
2755 722 3041 793 ἄνθρωπος
3079 723 3245 777 πάλιν
3274 725 3462 793 καθὼς
3481 727 3611 779 bui-

2016 829 2144 866 στου
2175 813 2285 866 τῶν
2316 812 2522 867 λοιπῶν
2555 813 2885 887 ἀνθρώπιον.
2915 816 3020 870 Καὶ
3041 815 3195 871 ἐστιν
3225 819 3255 870 ό
3282 817 3452 881 αὑτὸς
3483 819 3610 887 Υἱὸς

2016 903 2112 956 καὶ
2141 902 2562 974 σεσαρκωμένος
2580 919 2594 933 °
2628 906 2659 973 ἠ
2685 904 2742 957 δέ
2767 904 2889 957 θεία
2917 903 3072 974 φύσις
3103 906 3196 959 διὰ
3212 905 3377 959 τοῦτο
3406 925 3597 979 σεσαρ-

2017 994 2231 1048 κῶσθαι
2265 996 2327 1047 οὑ
2354 995 2574 1060 λέγεται
2595 1035 2612 1060 ,
2656 995 2851 1066 ἐπειδὴ
2893 997 2994 1048 οὑκ
3022 996 3306 1067 ἐνδέχεται
3364 1015 3608 1066 κατηγο-

2020 1085 2234 1154 ρεῖσθαι
2270 1085 2441 1155 αὑτῆς
2468 1086 2559 1137 τὸν
2584 1084 2899 1155 ἄνθρωπον,
2934 1085 3035 1141 εἰτ’
3078 1080 3175 1143 οὖν
3205 1089 3304 1157 τὴν
3328 1088 3609 1158 ἀνθρωπί-

2017 1191 2117 1245 νην
2141 1173 2325 1243 φὺσιν,
2349 1174 2425 1238 ὡς
2450 1175 2719 1243 ἐφθημεν,
2753 1177 3059 1247 εἰρηκότες,
3093 1176 3170 1230 ὅτι
3191 1177 3417 1244 φύσεως
3442 1178 3606 1247 φύσις

2017 1267 2079 1319 οὑ
2118 1268 2509 1337 κατηγορεῖται
2544 1266 2824 1332 παντελῶς
2849 1306 2865 1332 ,
2916 1267 3041 1322 οὑδὲ
3097 1268 3214 1321 καθ’
3237 1265 3346 1322 οἷον
3391 1270 3607 1347 δήποτε

2018 1364 2241 1434 τρόπον.

2090 1671 2320 1740 Γέγονεν
2349 1665 2466 1739 οὖν,
2490 1672 2566 1737 ὡς
2595 1673 2654 1725 ἐν
2685 1670 3048 1743 ὑποδείγματι
3070 1672 3256 1742 φάναι,
3294 1673 3330 1743 η
3364 1672 3599 1727 ὑπόστα-

2023 1781 2107 1829 σις
2135 1763 2230 1818 τοῦ
2258 1763 2430 1817 ἀϊδίου
2488 1763 2643 1830 Υίυῦ,
2694 1764 2948 1836 καθάπερ
2997 1778 3080 1828 τις
3118 1766 3467 1836 χειμάρρους
3513 1765 3608 1819 δὺο

2019 1857 2171 1920 τινάς
2204 1855 2484 1926 ποταμοὺς
2514 1855 2823 1927 δεχόμενος,
2853 1856 2951 1910 καὶ
2972 1855 3188 1924 λέγεται
3217 1856 3476 1919 δεκτικὸς
3498 1856 3609 1909 τῶν

2017 1947 2112 2001 δύο
2138 1947 2398 2018 ποταμῶν
2441 1942 2581 2002 εἶναι
2617 1950 2646 2001 6
2668 1950 3025 2022 χειμάρρους,
3058 1949 3328 2018 ἐκατέρου
3358 1946 3612 2018 ποταμοῦ

2023 2040 2098 2109 μὴ
2126 2038 2514 2109 ἐπιδεχομένου
2545 2037 2636 2091 τὸν
2666 2038 2876 2109 ἕτερον.
2903 2037 3102 2091 Τοῦτον
3130 2038 3199 2110 δὴ
3227 2037 3328 2094 τὸν
3357 2038 3563 2109 τρόπον
3584 2038 3613 2090 6

2019 2133 2190 2197 ἀίδιος
2241 2132 2371 2195 Υἱὸς
2422 2133 2639 2205 δέχεται
2689 2132 2751 2187 τὸ
2777 2133 2872 2187 τοῦ
2920 2133 3056 2188 Θεοῦ
3095 2133 3274 2202 δνομά
3303 2148 3371 2184 τε
3400 2131 3611 2184 καὶτὸν

2019 2227 2167 2295 ὅρον,
2190 2224 2284 2279 τοῦ
2304 2224 2440 2278 Θεοῦ
2471 2225 2739 2297 μηδαμῶς
2761 2225 3138 2297 ἐπιδεχομένου
3164 2225 3229 2279 τὸ
3254 2224 3495 2295 δνομαῆ
3522 2224 3608 2278 τὶν

2019 2318 2143 2388 ὅρον
2171 2317 2264 2371 τοῦ
2299 2315 2609 2387 ἀνθρώπου,
2645 2318 2770 2389 μηδ’
2801 2318 2869 2372 ἂν
2902 2317 2996 2371 τοῦ
3025 2314 3326 2387 ἀνθρώπου
3347 2317 3411 2370 τὸ
3438 2317 3602 2386 ὄνομα

2020 2412 2053 2481 ἢ
2095 2411 2186 2465 τὸν
2213 2412 2339 2481 ὅρον
2366 2408 2459 2463 τοῦ
2487 2409 2622 2463 Θεοῦ
2650 2411 3054 2481 ἐπιδεχομένου.
3096 2410 3242 2464 Ἀλλ’
3284 2413 3321 2484 ἠ
3368 2410 3593 2464 ὑπόστα-

2024 2522 2109 2569 σις
2136 2504 2229 2556 τοῦ
2256 2503 2430 2558 ἀϊδίου
2467 2503 2597 2557 Υίοῦ
2626 2503 2936 2572 ἐπιδέχεται
2967 2501 3077 2556 τῶν
3101 2501 3197 2556 δὺο
3222 2501 3465 2570 φύσεων,
3486 2500 3599 2553 θεό-

2022 2594 2186 2663 τητός
2216 2594 2276 2646 τέ
2325 2611 2468 2664 φημι
2513 2593 2608 2648 καὶ⁵
2652 2592 3430 2664 ἀνθρωπότητος,ἀνελλιπῶς
3466 2593 3529 2647 τό
3547 2609 3603 2645 τε

2022 2682 2191 2753 ὄνομα
2221 2683 2314 2736 κα)⁸
2338 2683 2429 2736 τὸν
2462 2685 2591 2755 ὅρον
2609 2698 2625 2715 θ
2655 2683 2750 2749 ὡς,
2777 2685 2828 2736 εί
2869 2684 2966 2737 καὶ
3002 2684 3225 2752 λέγεται
3261 2686 3291 2737 ό
3319 2684 3609 2752 ἄνθρωπος

2022 2774 2342 2842 τεθεῶσοαι,
2387 2776 2487 2845 οὑχ
2513 2776 2589 2840 ὡς
2616 2776 2711 2831 τοῦ
2742 2776 3033 2847 ἀνθρώπου
3075 2778 3139 2831 τὸ
3179 2777 3347 2848 ὄνομα
3388 2778 3479 2831 καὶ
3508 2778 3601 2830 τὸν

2022 2867 2249 2939 όρισμον
2272 2866 2367 2920 τοῦ
2397 2866 2535 2920 Θεοῦ
2565 2866 2956 2939 ἐπιδεξαμένου
3014 2867 3233 2938 λέγεται
3274 2868 3598 2925 τεοεῶσθαι.

2023 2957 2087 3009 Ei
2117 2957 2226 3027 γὰρ
2266 2953 2333 3032 ἦν
2379 2957 2574 3022 οὕτως,
2617 2959 2904 3029 όμοοὺσιος
2952 2960 3022 3014 ἂν
3068 2961 3281 3031 ὑπῆρχε
3315 2961 3393 3029 τῷ
3424 2961 3601 3029 Harp!

349 3046 566 3102 saneto,
601 3052 710 3092 non
753 3050 915 3092 secus
954 3045 1118 3105 atque
1168 3045 1406 3093 aeternus
1438 3037 1632 3104 Filius,
1663 3041 1757 3109 qui
1792 3054 1921 3094 caro

2025 3053 2119 3105 καὶ
2171 3052 2252 3122 τῷ
2288 3052 2594 3124 Πνεύματι,
2631 3052 2816 3116 καθὼς
2847 3054 2877 3109 6
2914 3052 3086 3117 ἀΐδιος
3133 3054 3263 3118 Υίὸς
3302 3053 3599 3125 σαρκωθεῖς

350 3132 529 3185 factus
568 3136 671 3191 est,
729 3126 978 3195 ejusdem
1038 3139 1164 3181 cum
1224 3128 1385 3183 nobis
1435 3138 1517 3184 est
1580 3133 1920 3186 substantiae.

350 3219 540 3287 Λιιμιὶ,
573 3232 643 3272 ne
666 3218 950 3273 commode
978 3218 1203 3288 quidem
1248 3227 1432 3289 potest
1463 3222 1613 3290 tingi,
1648 3222 1922 3276 hominem

348 3310 551 3369 habere
587 3308 832 3363 eamdem
866 3309 1250 3376 substantiam,
1305 3326 1468 3380 quam
1522 3312 1721 3366 hahcut
1765 3312 1928 3368 Pater

351 3410 406 3453 et
435 3397 678 3468 Spiritus
728 3409 1000 3455 sanctus:
1051 3403 1391 3471 ca‘tcroquiu
1452 3403 1553 3457 hoc
1603 3414 1763 3473 pacto
1813 3406 1927 3472 ipse

345 3496 515 3549 homo
560 3499 706 3546 esset
750 3506 1008 3560 persona,
1063 3506 1128 3545 ac
1171 3492 1357 3547 divina
1408 3506 1601 3547 natura
1637 3498 1685 3550 ei
1721 3496 1926 3551 inesset

351 3596 448 3655 pro
478 3581 861 3645 subsistentia,
917 3590 973 3634 et
1006 3583 1274 3637 exhausta
1304 3582 1371 3635 ab
1410 3584 1555 3653 ipso,
1590 3592 1646 3639 et
1686 3597 1927 3641 moveret

351 3675 513 3726 homo
545 3671 827 3725 deitatem.
862 3671 1419 3728 Animadvertendum
1453 3674 1618 3728 etiam
1643 3674 1787 3731 istud
1820 3686 1923 3743 οδι,

349 3761 496 3832 quod
539 3761 675 3815 nihil
718 3761 970 3816 absolute
1025 3763 1354 3833 praedicetur
1385 3764 1453 3819 de
1486 3764 1673 3819 divina
1704 3777 1922 3834 natura,

349 3853 494 3922 quod
533 3868 640 3908 non
686 3854 976 3923 aequaliter
1025 3854 1284 3910 efferatur
1330 3855 1399 3910 de
1446 3854 1627 3924 Patre,
1678 3856 1839 3922 Filio,
1875 3870 1928 3914 et

349 3943 559 4013 Spiritu
614 3952 805 3997 sam-to
852 3960 867 3999 :
915 3945 1151 4014 exempli
1200 3958 1390 4009 causa,
1443 3946 1576 4013 vita,
1640 3947 1755 4011 lux,
1798 3950 1927 4031 .sine

350 4037 643 4107 principio,
681 4035 1066 4101 immutabilis,
1115 4037 1311 4106 hisque
1360 4040 1584 4102 similia,
1643 4041 1710 4095 de
1742 4039 1923 4108 Patre,

350 4126 512 4191 Filio,
535 4134 589 4179 et
621 4122 829 4195 Spiritu
858 4133 1052 4181 saneto
1082 4126 1478 4196 praedicantur.
1520 4127 1574 4182 Si
1608 4129 1723 4198 jam
1745 4130 1814 4185 de
1844 4131 1926 4186 di-

350 4219 478 4272 vina
546 4226 745 4272 natura
793 4218 1189 4288 praedicaretur
1240 4221 1582 4290 incarnatio,
1640 4222 1706 4278 de
1767 4222 1927 4281 Patre

349 4324 569 4381 quoque
592 4320 647 4365 ct
680 4309 890 4380 Spiritu
925 4320 1139 4377 sancto,
1181 4327 1335 4381 teque
1374 4328 1437 4367 ac
1469 4313 1581 4378 illa,
1613 4331 1735 4384 qua:
1763 4319 1925 4370 modo

348 4400 704 4466 adduximus,
756 4394 1209 4470 prmdicarent’ur.
1244 4403 1445 4458 Verum
1501 4405 1647 4460 istud
1702 4407 1921 4475 quidem
1953 4402 2000 4459 ι)

347 4495 431 4545 est
462 4488 882 4556 perabsurdum,
909 4497 963 4543 et
1003 4490 1185 4545 tenuis
1227 4491 1541 4545 mortalium
1574 4494 1786 4562 species
1824 4497 1925 4550 ali-

348 4592 456 4646 qua
489 4578 685 4634 mentis
717 4589 772 4633 et
801 4581 928 4633 caeci
962 4582 1222 4650 pectoris.
1259 4598 1545 4654 nunquam
1579 4601 1642 4640 ex
1682 4602 1777 4641 ore
1802 4603 1927 4658 pro-

352 4668 574 4725 i’ereuda
602 4686 616 4723 :
649 4669 752 4723 hoc
778 4678 880 4734 est,
912 4687 1075 4727 nemo
1093 4672 1312 4742 dixerit,
1344 4676 1561 4732 Patrem
1584 4685 1638 4732 et
1660 4677 1923 4749 Spiritum

352 4769 607 4817 sanetum
638 4760 811 4817 fuisse
843 4764 1178 4821 incarnatos.

428 4914 528 4968 Ubi
559 4930 687 4969 vero
738 4916 952 4985 inquiat
988 4934 1099 4972 non
1130 4935 1310 4985 nemo.
1339 4922 1487 4993 quod
1540 4923 1722 4978 omnia
1759 4924 1928 4980 abso-

353 5010 465 5063 lute
496 5017 550 5063 et
577 5009 843 5078 primario
867 5008 936 5064 de
962 5025 1196 5080 persona
1239 5016 1556 5085 prmdicata,
1614 5016 1927 5073 referantur

353 5101 685 5156 secundario
743 5101 909 5155 etiam
958 5102 1026 5157 ad
1069 5110 1322 5160 naturam
1359 5124 1374 5163 :
1411 5107 1493 5162 sic
1536 5117 1832 5177 postquam
1860 5113 1927 5163 de

352 5200 562 5248 aeterno
597 5192 759 5260 Filio,
784 5193 876 5265 qui
908 5209 1142 5266 persona
1170 5204 1256 5253 est
1286 5188 1651 5253 sanctissima:
1687 5197 1923 5254 Trinita-

352 5288 444 5347 tis,
479 5285 807 5357 praedicetur
859 5288 1184 5354 incarnatio,
1229 5290 1476 5359 proxime
1523 5306 1742 5361 quoque
1774 5293 1923 5347 refe-

351 5380 577 5433 rendam
595 5395 723 5434 esse
748 5381 1179 5437 incarnationem
1201 5384 1264 5437 de
1282 5398 1516 5452 persona
1541 5385 1606 5438 ad
1632 5394 1885 5439 naturam
1908 5400 1922 5435 :

353 5473 478 5526 talis
536 5468 700 5525 homo
765 5471 1059 5544 intelligat,
1113 5474 1259 5546 quod
1295 5489 1380 5538 ea,
1438 5490 1560 5545 qua:
1612 5475 1928 5530 inferuntur

348 5561 683 5619 secundario
723 5577 753 5615 a
785 5577 1020 5632 persona
1045 5567 1110 5621 ad
1166 5578 1439 5629 naturam,
1493 5570 1666 5624 multo
1722 5569 1924 5622 autciu

351 5659 549 5708 initura
598 5652 928 5709 autiterunt
985 5656 1252 5722 potenzia,
1297 5658 1495 5714 deinde
1526 5674 1763 5730 persona
1799 5670 1922 5712 actu

2024 3143 2249 3212 γέγονεν
2278 3145 2414 3214 ἡμῖν
2438 3146 2743 3214 όμοοὺσιος.
2767 3144 2878 3197 Καὶ
2906 3144 3067 3198 τοῦτο
3119 3146 3242 3201 οὑδέ
3272 3146 3479 3200 πλάσαι
3508 3147 3601 3217 ρᾴ-

2023 3237 2155 3303 διον,
2194 3237 2255 3289 τὸ
2283 3235 2465 3305 λέγειν
2490 3236 2571 3289 ὅτι
2602 3235 2894 3306 ὁμοοὺσιος
2925 3235 3004 3305 τῷ
3026 3237 3206 3308 Πατρὶ
3236 3238 3333 3292 καὶ
3353 3238 3432 3308 τῷ
3449 3237 3609 3291 Πνεύο

2029 3346 2158 3398 ματι
2184 3328 2212 3380 6
2240 3328 2557 3399 ἄνθρωπος·
2603 3327 2780 3391 ἄλλως
2807 3344 2890 3391 τε,
2933 3327 2985 3382 ει
3024 3323 3095 3401 ἦν
3117 3329 3316 3394 οὕτως,
3346 3331 3509 3392 αὑτὸς
3542 3330 3607 3383 ἂν
3648 3326 3661 3335 ’

2026 3420 2054 3469 6
2077 3417 2363 3486 ἄνθρωπος
2392 3416 2691 3486 ὑπῆρχενη
2727 3416 3043 3481 ὑπόστασις,
3066 3418 3163 3473 καὶ
3191 3413 3261 3488 ἦν
3290 3420 3325 3491 ἡ
3354 3420 3474 3473 Θεία
3504 3421 3608 3489 φὺ-

2028 3526 2112 3573 σις
2143 3508 2505 3572 ἐνυπόστατος
2532 3507 2682 3578 αὑτῷ
2713 3508 2810 3562 καὶ
2835 3509 3139 3581 κινουμένη
3162 3511 3258 3568 ὑπ’
3292 3512 3480 3574 αὑτοῦ.
3514 3513 3611 3567 καὶ.

2024 3596 2095 3671 ἦν
2122 3602 2150 3653 6
2184 3599 2469 3669 ἄνθρωπος
2489 3599 2517 3651 ὁ
2544 3599 2713 3652 κινῶν
2747 3599 2846 3670 τὴν
2880 3599 3130 3671 θεότητα.
3175 3602 3371 3659 ’ἰστέον
3406 3602 3466 3656 δὲ
3508 3605 3607 3657 καὶ

2023 3691 2201 3756 τοῦτο,
2231 3691 2307 3754 ὡς
2331 3692 2431 3745 οὑκ
2457 3691 2574 3744 ἐστι
2598 3692 2697 3763 τῆς
2735 3692 2885 3755 θείας
2909 3693 3197 3759 ἀπολῦτως
3218 3695 3341 3766 (sic)
3368 3713 3606 3766 κατηγοο

2028 3783 2227 3855 ροῦσαν
2262 3787 2498 3852 φύσεως,
2528 3783 2557 3837 δ
2593 3783 2669 3854 μὴ
2704 3785 2800 3839 τοῦ
2833 3786 3048 3857 Πατρός
3084 3788 3181 3841 καὶ⁵
3218 3788 3314 3842 τοῦ
3352 3788 3479 3842 Υἱοῦ
3508 3790 3607 3843 καὶ

2023 3875 2117 3930 τοῦ
2160 3876 2321 3945 ἁγίου
2381 3874 2699 3946 Πνεὺματος
2757 3878 2955 3950 ἐπίσης
3006 3883 3444 3953 κατηγορεῖται·
3494 3876 3608 3935 οἷον

2026 3971 2159 4042 φέρε
2191 3973 2387 4039 εἰπεῖν,
2414 3973 2550 4044 ζωὴ,
2602 3975 2698 4031 καὶ¹
2733 3975 2869 4043 φῶς,
2906 3976 3001 4030 καὶ
3034 3976 3294 4050 ἄναρχος,
3321 3979 3418 4032 καὶ
3438 3979 3610 4032 ἀναλ-

2024 4063 2266 4129 λοίωτος,
2299 4065 2392 4119 καὶ
2427 4066 2494 4120 τὰ
2534 4065 2745 4131 τούτοις
2786 4067 3062 4139 συγγενῆ,
3104 4067 3201 4121 τοῦ
3244 4070 3461 4141 Πατρός
3511 4072 3610 4124 καὶ

2023 4156 2116 4208 τοῦ
2148 4156 2273 4209 Υὶοῦ
2304 4157 2399 4210 καὶ
2416 4158 2510 4211 τοῦ
2549 4157 2706 4226 ἁγίου
2734 4157 3054 4228 Πνεῦματος
3098 4165 3510 4232 κατηγορεῖται.
3543 4163 3610 4216 Et

1969 4285 1983 4296 .
2023 4243 2117 4300 οὖν
2140 4247 2172 4316 ἡ
2197 4247 2476 4318 σάρκωσις
2500 4247 2601 4318 τῆς
2629 4247 2778 4311 θείας
2811 4247 3031 4316 φύσεως
3079 4252 3473 4320 κατηγορεῖτο,
3510 4252 3610 4305 καὶ

2024 4337 2119 4390 τοῦ
2161 4339 2373 4407 Πατρὸς
2401 4338 2497 4391 καὶ
2526 4337 2620 4391 τοῦ
2657 4338 2786 4391 Υίοῦ
2835 4339 2931 4392 καὶ
2962 4339 3059 4394 τοῦ
3093 4342 3252 4410 ἁγίου
3285 4343 3606 4415 Πνεῦματος

2025 4432 2403 4501 κατηγορεῖτο,
2422 4428 2607 4493 καθὼς
2629 4433 2723 4485 καὶ
2746 4431 2816 4484 τὰ
2832 4434 3231 4506 προειρημένα.
3266 4436 3426 4489 Ἀ).λά
3446 4436 3607 4491 τοῦτο

2025 4520 2206 4591 πάσης
2240 4520 2468 4585 ἀτοπίας
2510 4522 2815 4592 ἀνάμεστον
2859 4524 2954 4577 xui.
3009 4527 3168 4595 μόνον
3192 4526 3607 4598 φανταζόμενον

2025 4613 2168 4666 κατὰ
2195 4612 2359 4683 ψιὶὴν
2399 4612 2668 4677 ἐπίνοιαν,
2708 4614 2782 4685 μὴ
2800 4615 2896 4668 ’ὅτι
2943 4617 3040 4669 καὶ
3085 4615 3409 4686 λεγόμενον,
3442 4608 3602 4672 τουτ-

2025 4701 2164 4765 ἐστι,
2217 4702 2278 4754 τὸ
2333 4702 2512 4770 λέγειν
2570 4702 2955 4774 σεσαρκῶσϐαι
3004 4705 3095 4758 τὸν
3142 4706 3369 4777 Πατέρα
3416 4707 3514 4762 καὶ
3542 4709 3603 4760 τδ

2027 4793 2250 4863 Πνεῦμα
2280 4791 2341 4846 τὸ
2367 4792 2540 4862 ἅγιον.

2097 4927 2159 4981 Εἰ
2183 4927 2238 4980 δέ
2266 4944 2348 4992 τις
2382 4928 2540 4998 φαίη,
2571 4929 2654 4982 ὅτι
2686 4931 2863 4986 πάντα
2883 4930 2953 4985 τὰ
2981 4933 3440 5005 κατηγορούμενα
3470 4937 3605 4989 ἀπο-

2025 5019 2200 5083 λύτως
2239 5021 2272 5089 ἢ
2305 5020 2507 5090 κυρίως
2548 5021 2648 5091 τῆς
2677 5008 3046 5088 ὑποστάσεως,
3094 5026 3433 5096 ἀναφέρεται
3462 5026 3601 5080 κατὰ

2024 5109 2276 5182 δεύτερον
2322 5111 2479 5179 λόγον
2514 5113 2605 5165 καὶ
2643 5114 2737 5166 ἐπὶ
2780 5114 2878 5185 τὴν
2916 5116 3098 5184 φύσιν,
3161 5119 3257 5171 καὶ
3293 5119 3484 5188 ἐπειδὴ
3508 5118 3601 5173 τοῦ

2027 5203 2197 5256 ἀϊδίου
2246 5202 2395 5266 Υἱοῦ,
2440 5203 2786 5267 ὑποστίσεως
2827 5206 2976 5269 ὄντος
3027 5210 3092 5261 ἐκ
3132 5207 3233 5279 τῆς
3290 5210 3599 5263 πανσέπτου

2028 5292 2273 5363 Τριάδος,
2345 5295 2735 5363 κατηγορεῖται
2794 5294 2826 5364 ἡ
2891 5294 3189 5363 σάρκωσις,
3249 5296 3603 5367 ἀναφερέσϐω

2026 5383 2133 5435 ἀπὸ
2174 5382 2274 5451 τῆς
2315 5382 2670 5447 ὑποστάσεως
2720 5384 2811 5438 ἐπὶ
2842 5383 2942 5455 τὴν
2972 5382 3134 5455 φύσιν
3160 5387 3303 5441 κατὰ
3348 5387 3601 5443 δεύτερον

2026 5475 2182 5542 λόγον
2211 5490 2225 5503 ο
2266 5474 2399 5527 ἴστω
2426 5475 2453 5525 6
2503 5474 2764 5537 τοιοῦτος,
2810 5476 2891 5528 ὅτι
2934 5478 3001 5530 τὰ
3050 5477 3433 5546 ἀναφερόμενα
3465 5483 3601 5530 κατὰ

2026 5567 2275 5635 εεᾶεερον
2305 5565 2465 5633 λόγον
2493 5566 2601 5619 ἀπὸ
2631 5566 2728 5634 τῆς
2775 5566 3127 5631 ὑποστάσεως
3157 5568 3251 5621 ἐπὶ
3278 5568 3379 5639 τὴν
3411 5568 3596 5637 φᾴσιν,

2029 5655 2197 5708 ταῦτα
2241 5654 2375 5711 πολὺ
2408 5655 2672 5723 πρότερον
2703 5658 2758 5708 ἐν
2790 5658 2854 5726 τῇ
2888 5655 3048 5725 φύσει
3076 5656 3303 5729 δυνάμει
3331 5657 3596 5732 ﬁni-pler,
