  <div class='ocr_page' id='page_1' title='image "/cluster/home/n/w/nwhite01/storage/ocr_20150623/97/hvd.32044073502130/902.png"; bbox 0 0 3912 6202; ppageno 0'>
   <div class='ocr_carea' id='block_1_1' title="bbox 258 222 391 288">
    <p class='ocr_par' dir='ltr' id='par_1_1' title="bbox 258 222 391 288">
     <span class='ocr_line' id='line_1_1' title="bbox 258 222 391 288; baseline -0.023 0"><span class='ocrx_word' id='word_1_1' title='bbox 258 222 391 288; x_wconf 71' lang='lat'><strong>1505</strong></span> 
     </span>
    </p>
   </div>
   <div class='ocr_carea' id='block_1_2' title="bbox 1468 194 2205 264">
    <p class='ocr_par' dir='ltr' id='par_1_2' title="bbox 1468 194 2205 264">
     <span class='ocr_line' id='line_1_2' title="bbox 1468 194 2205 264; baseline -0.011 0"><span class='ocrx_word' id='word_1_2' title='bbox 1468 202 1567 264; x_wconf 86' lang='lat' dir='ltr'><strong>DE</strong></span> <span class='ocrx_word' id='word_1_3' title='bbox 1609 194 2205 261; x_wconf 58' lang='lat' dir='ltr'><strong>INCARNATIONE.</strong></span> 
     </span>
    </p>
   </div>
   <div class='ocr_carea' id='block_1_3' title="bbox 3369 183 3505 249">
    <p class='ocr_par' dir='ltr' id='par_1_3' title="bbox 3369 183 3505 249">
     <span class='ocr_line' id='line_1_3' title="bbox 3369 183 3505 249; baseline 0 -2"><span class='ocrx_word' id='word_1_4' title='bbox 3369 183 3389 247; x_wconf 85' lang='grc'>1</span> <span class='ocrx_word' id='word_1_5' title='bbox 3401 185 3505 249; x_wconf 76' lang='lat'><strong>606</strong></span> 
     </span>
    </p>
   </div>
   <div class='ocr_carea' id='block_1_4' title="bbox 250 296 1848 403">
    <p class='ocr_par' dir='ltr' id='par_1_4' title="bbox 250 314 1837 403">
     <span class='ocr_line' id='line_1_4' title="bbox 250 314 1837 403; baseline -0.014 -18"><span class='ocrx_word' id='word_1_6' title='bbox 250 334 311 396; x_wconf 67' lang='grc' dir='ltr'><strong>ἐξ</strong></span> <span class='ocrx_word' id='word_1_7' title='bbox 340 324 407 403; x_wconf 76' lang='grc' dir='ltr'>ἧς</span> <span class='ocrx_word' id='word_1_8' title='bbox 438 328 481 361; x_wconf 76' lang='grc'><strong>’⁷</strong></span> <span class='ocrx_word' id='word_1_9' title='bbox 532 327 567 394; x_wconf 81' lang='grc' dir='ltr'><strong>ἡ</strong></span> <span class='ocrx_word' id='word_1_10' title='bbox 613 321 913 384; x_wconf 77' lang='grc' dir='ltr'><strong>ὑπόστασις</strong></span> <span class='ocrx_word' id='word_1_11' title='bbox 970 314 1253 389; x_wconf 71' lang='grc' dir='ltr'><strong>ἐνεργείας</strong></span> <span class='ocrx_word' id='word_1_12' title='bbox 1302 314 1783 386; x_wconf 72' lang='grc' dir='ltr'><strong>κεκληρονόμηκεν</strong></span> <span class='ocrx_word' id='word_1_13' title='bbox 1823 327 1837 342; x_wconf 78' lang='grc' dir='ltr'><strong>ο</strong></span> 
     </span>
    </p>
   </div>
   <div class='ocr_carea' id='block_1_5' title="bbox 1950 296 3507 403">
    <p class='ocr_par' dir='ltr' id='par_1_5' title="bbox 1950 296 3507 374">
     <span class='ocr_line' id='line_1_5' title="bbox 1950 296 3507 374; baseline -0.008 -9"><span class='ocrx_word' id='word_1_14' title='bbox 1950 318 2026 365; x_wconf 81' lang='lat' dir='ltr'><strong>est</strong></span> <span class='ocrx_word' id='word_1_15' title='bbox 2057 315 2391 363; x_wconf 76' lang='lat' dir='ltr'><strong>consecuta:</strong></span> <span class='ocrx_word' id='word_1_16' title='bbox 2420 303 2572 368; x_wconf 90' lang='lat' dir='ltr'><strong>hinc,</strong></span> <span class='ocrx_word' id='word_1_17' title='bbox 2634 316 2755 374; x_wconf 66' lang='lat' dir='ltr'><strong>quae</strong></span> <span class='ocrx_word' id='word_1_18' title='bbox 2810 296 2962 371; x_wconf 84' lang='lat' dir='ltr'><strong>prius</strong></span> <span class='ocrx_word' id='word_1_19' title='bbox 2993 299 3236 372; x_wconf 84' lang='lat' dir='ltr'><strong>potentia</strong></span> <span class='ocrx_word' id='word_1_20' title='bbox 3282 298 3507 355; x_wconf 87' lang='lat' dir='ltr'><strong>fuerunt</strong></span> 
     </span>
    </p>
   </div>
   <div class='ocr_carea' id='block_1_6' title="bbox 249 403 1830 485">
    <p class='ocr_par' dir='ltr' id='par_1_6' title="bbox 249 403 1830 485">
     <span class='ocr_line' id='line_1_6' title="bbox 249 403 1830 485; baseline -0.014 -9"><span class='ocrx_word' id='word_1_21' title='bbox 249 424 373 478; x_wconf 73' lang='grc' dir='ltr'>ὅθεν</span> <span class='ocrx_word' id='word_1_22' title='bbox 423 417 661 485; x_wconf 84' lang='grc' dir='ltr'>εὑλόγως</span> <span class='ocrx_word' id='word_1_23' title='bbox 709 413 821 467; x_wconf 72' lang='grc' dir='ltr'><strong>ἀπὸ</strong></span> <span class='ocrx_word' id='word_1_24' title='bbox 859 411 959 481; x_wconf 78' lang='grc' dir='ltr'><strong>τῆς</strong></span> <span class='ocrx_word' id='word_1_25' title='bbox 1003 409 1355 471; x_wconf 79' lang='grc' dir='ltr'><strong>ὑποστάσεως</strong></span> <span class='ocrx_word' id='word_1_26' title='bbox 1404 406 1496 459; x_wconf 74' lang='grc' dir='ltr'>ἐπὶ</span> <span class='ocrx_word' id='word_1_27' title='bbox 1533 405 1630 474; x_wconf 73' lang='grc' dir='ltr'><strong>τὴν</strong></span> <span class='ocrx_word' id='word_1_28' title='bbox 1670 403 1830 472; x_wconf 79' lang='grc' dir='ltr'>φύσιν</span> 
     </span>
    </p>
   </div>
   <div class='ocr_carea' id='block_1_7' title="bbox 249 492 1827 580">
    <p class='ocr_par' dir='ltr' id='par_1_7' title="bbox 249 492 1827 580">
     <span class='ocr_line' id='line_1_7' title="bbox 249 492 1827 580; baseline -0.017 -11"><span class='ocrx_word' id='word_1_29' title='bbox 249 509 604 580; x_wconf 82' lang='grc' dir='ltr'>ἀναφέρεται,</span> <span class='ocrx_word' id='word_1_30' title='bbox 637 505 732 560; x_wconf 59' lang='lat' dir='ltr'><strong>ac:</strong></span> <span class='ocrx_word' id='word_1_31' title='bbox 776 502 1013 574; x_wconf 87' lang='grc' dir='ltr'>προόντα</span> <span class='ocrx_word' id='word_1_32' title='bbox 1055 499 1153 570; x_wconf 79' lang='grc' dir='ltr'><strong>μὲν</strong></span> <span class='ocrx_word' id='word_1_33' title='bbox 1190 498 1417 566; x_wconf 77' lang='grc' dir='ltr'><strong>δυνάμει</strong></span> <span class='ocrx_word' id='word_1_34' title='bbox 1448 498 1505 549; x_wconf 81' lang='grc' dir='ltr'>ὲν</span> <span class='ocrx_word' id='word_1_35' title='bbox 1546 496 1612 566; x_wconf 79' lang='grc' dir='ltr'>τῇ</span> <span class='ocrx_word' id='word_1_36' title='bbox 1647 492 1827 563; x_wconf 83' lang='grc' dir='ltr'>φύσει,</span> 
     </span>
    </p>
   </div>
   <div class='ocr_carea' id='block_1_8' title="bbox 251 586 1832 669">
    <p class='ocr_par' dir='ltr' id='par_1_8' title="bbox 251 586 1832 669">
     <span class='ocr_line' id='line_1_8' title="bbox 251 586 1832 669; baseline -0.013 -14"><span class='ocrx_word' id='word_1_37' title='bbox 251 600 503 669; x_wconf 62' lang='grc' dir='ltr'>ἐνεργείᾳ</span> <span class='ocrx_word' id='word_1_38' title='bbox 528 597 583 652; x_wconf 83' lang='grc' dir='ltr'>δὲ</span> <span class='ocrx_word' id='word_1_39' title='bbox 616 598 676 650; x_wconf 80' lang='grc' dir='ltr'><strong>ὲν</strong></span> <span class='ocrx_word' id='word_1_40' title='bbox 718 596 783 665; x_wconf 83' lang='grc' dir='ltr'>τῇ</span> <span class='ocrx_word' id='word_1_41' title='bbox 820 592 1115 646; x_wconf 81' lang='grc' dir='ltr'><strong>ὑποστάσει</strong></span> <span class='ocrx_word' id='word_1_42' title='bbox 1180 588 1567 659; x_wconf 86' lang='grc' dir='ltr'>εὑρισκόμενα.</span> <span class='ocrx_word' id='word_1_43' title='bbox 1622 586 1832 654; x_wconf 79' lang='grc' dir='ltr'>Ὥσπερ</span> 
     </span>
    </p>
   </div>
   <div class='ocr_carea' id='block_1_9' title="bbox 251 675 1832 761">
    <p class='ocr_par' dir='ltr' id='par_1_9' title="bbox 251 675 1832 761">
     <span class='ocr_line' id='line_1_9' title="bbox 251 675 1832 761; baseline -0.011 -17"><span class='ocrx_word' id='word_1_44' title='bbox 251 696 283 761; x_wconf 74' lang='grc' dir='ltr'>ἡ</span> <span class='ocrx_word' id='word_1_45' title='bbox 323 689 588 759; x_wconf 79' lang='grc' dir='ltr'>διαίρεσις</span> <span class='ocrx_word' id='word_1_46' title='bbox 617 686 728 738; x_wconf 87' lang='grc' dir='ltr'>τῶν</span> <span class='ocrx_word' id='word_1_47' title='bbox 772 681 929 736; x_wconf 81' lang='grc' dir='ltr'>εἰδῶν</span> <span class='ocrx_word' id='word_1_48' title='bbox 954 681 1181 749; x_wconf 82' lang='grc' dir='ltr'><strong>δυνάμει</strong></span> <span class='ocrx_word' id='word_1_49' title='bbox 1208 675 1341 733; x_wconf 81' lang='grc' dir='ltr'>οὖσα</span> <span class='ocrx_word' id='word_1_50' title='bbox 1363 681 1420 732; x_wconf 86' lang='grc' dir='ltr'><strong>ὲν</strong></span> <span class='ocrx_word' id='word_1_51' title='bbox 1454 677 1532 747; x_wconf 78' lang='grc' dir='ltr'><strong>τῷ</strong></span> <span class='ocrx_word' id='word_1_52' title='bbox 1558 675 1728 744; x_wconf 84' lang='grc' dir='ltr'><strong>γένει,</strong></span> <span class='ocrx_word' id='word_1_53' title='bbox 1774 677 1832 727; x_wconf 85' lang='grc' dir='ltr'>ὲν</span> 
     </span>
    </p>
   </div>
   <div class='ocr_carea' id='block_1_10' title="bbox 250 765 1834 845">
    <p class='ocr_par' dir='ltr' id='par_1_10' title="bbox 250 765 1834 845">
     <span class='ocr_line' id='line_1_10' title="bbox 250 765 1834 845; baseline -0.011 -11"><span class='ocrx_word' id='word_1_54' title='bbox 250 781 307 841; x_wconf 75' lang='grc' dir='ltr'>δὲ</span> <span class='ocrx_word' id='word_1_55' title='bbox 340 782 451 842; x_wconf 79' lang='grc' dir='ltr'>τοῖς</span> <span class='ocrx_word' id='word_1_56' title='bbox 480 777 674 835; x_wconf 75' lang='grc' dir='ltr'>εἴδεσιν</span> <span class='ocrx_word' id='word_1_57' title='bbox 704 771 977 845; x_wconf 62' lang='grc' dir='ltr'>ἐνεργείᾳ,</span> <span class='ocrx_word' id='word_1_58' title='bbox 1013 771 1254 838; x_wconf 79' lang='grc' dir='ltr'><strong>εὐλόγως</strong></span> <span class='ocrx_word' id='word_1_59' title='bbox 1283 767 1392 821; x_wconf 80' lang='grc' dir='ltr'>ἀπὸ</span> <span class='ocrx_word' id='word_1_60' title='bbox 1412 767 1520 820; x_wconf 83' lang='grc' dir='ltr'>τῶν</span> <span class='ocrx_word' id='word_1_61' title='bbox 1549 765 1707 818; x_wconf 84' lang='grc' dir='ltr'>εἰδῶν</span> <span class='ocrx_word' id='word_1_62' title='bbox 1740 781 1834 817; x_wconf 80' lang='grc' dir='ltr'>καο</span> 
     </span>
    </p>
   </div>
   <div class='ocr_carea' id='block_1_11' title="bbox 250 854 1860 939">
    <p class='ocr_par' dir='ltr' id='par_1_11' title="bbox 250 854 1860 939">
     <span class='ocr_line' id='line_1_11' title="bbox 250 854 1860 939; baseline -0.01 -15"><span class='ocrx_word' id='word_1_63' title='bbox 250 872 320 924; x_wconf 72' lang='grc' dir='ltr'><strong>τά</strong></span> <span class='ocrx_word' id='word_1_64' title='bbox 351 870 601 939; x_wconf 85' lang='grc' dir='ltr'>δεύτερον</span> <span class='ocrx_word' id='word_1_65' title='bbox 625 864 782 934; x_wconf 77' lang='grc' dir='ltr'>λόγον</span> <span class='ocrx_word' id='word_1_66' title='bbox 809 864 902 916; x_wconf 71' lang='grc' dir='ltr'><strong>ἐπὶ</strong></span> <span class='ocrx_word' id='word_1_67' title='bbox 925 864 986 915; x_wconf 83' lang='grc' dir='ltr'><strong>τὸ</strong></span> <span class='ocrx_word' id='word_1_68' title='bbox 1019 862 1174 931; x_wconf 79' lang='grc' dir='ltr'>γένος</span> <span class='ocrx_word' id='word_1_69' title='bbox 1205 859 1560 929; x_wconf 81' lang='grc' dir='ltr'>ἀναφέρεται.</span> <span class='ocrx_word' id='word_1_70' title='bbox 1591 854 1736 919; x_wconf 75' lang='grc' dir='ltr'>υἷον,</span> <span class='ocrx_word' id='word_1_71' title='bbox 1774 855 1860 909; x_wconf 75' lang='grc' dir='ltr'><strong>τδ-</strong></span> 
     </span>
    </p>
   </div>
   <div class='ocr_carea' id='block_1_12' title="bbox 254 946 1836 1028">
    <p class='ocr_par' dir='ltr' id='par_1_12' title="bbox 254 946 1836 1028">
     <span class='ocr_line' id='line_1_12' title="bbox 254 946 1836 1028; baseline -0.01 -14"><span class='ocrx_word' id='word_1_72' title='bbox 254 960 472 1028; x_wconf 78' lang='grc' dir='ltr'>λογικόν</span> <span class='ocrx_word' id='word_1_73' title='bbox 496 960 642 1010; x_wconf 73' lang='grc' dir='ltr'>ἐστιν</span> <span class='ocrx_word' id='word_1_74' title='bbox 664 958 722 1008; x_wconf 75' lang='grc' dir='ltr'><strong>ἐν</strong></span> <span class='ocrx_word' id='word_1_75' title='bbox 754 952 830 1024; x_wconf 83' lang='grc' dir='ltr'>τῷ</span> <span class='ocrx_word' id='word_1_76' title='bbox 856 951 982 1022; x_wconf 77' lang='grc' dir='ltr'><strong>ζώῳ</strong></span> <span class='ocrx_word' id='word_1_77' title='bbox 1007 951 1259 1020; x_wconf 79' lang='grc' dir='ltr'><strong>δυνάμει,</strong></span> <span class='ocrx_word' id='word_1_78' title='bbox 1292 952 1348 1003; x_wconf 80' lang='grc' dir='ltr'>ὲν</span> <span class='ocrx_word' id='word_1_79' title='bbox 1375 949 1432 1001; x_wconf 80' lang='grc' dir='ltr'>δὲ</span> <span class='ocrx_word' id='word_1_80' title='bbox 1459 947 1538 1019; x_wconf 82' lang='grc' dir='ltr'>τῷ</span> <span class='ocrx_word' id='word_1_81' title='bbox 1565 946 1836 1018; x_wconf 83' lang='grc' dir='ltr'><strong>ἀνθρώπῳ</strong></span> 
     </span>
    </p>
   </div>
   <div class='ocr_carea' id='block_1_13' title="bbox 256 1035 1835 1123">
    <p class='ocr_par' dir='ltr' id='par_1_13' title="bbox 256 1035 1835 1123">
     <span class='ocr_line' id='line_1_13' title="bbox 256 1035 1835 1123; baseline -0.011 -17"><span class='ocrx_word' id='word_1_82' title='bbox 256 1051 536 1123; x_wconf 66' lang='grc' dir='ltr'>ἐνεργείας</span> <span class='ocrx_word' id='word_1_83' title='bbox 566 1049 612 1081; x_wconf 74' lang='grc'><strong>⁸⁸</strong></span> <span class='ocrx_word' id='word_1_84' title='bbox 641 1063 656 1077; x_wconf 78' lang='grc' dir='ltr'><strong>ο</strong></span> <span class='ocrx_word' id='word_1_85' title='bbox 689 1047 785 1099; x_wconf 65' lang='grc' dir='ltr'><strong>καὶ</strong></span> <span class='ocrx_word' id='word_1_86' title='bbox 805 1044 1027 1112; x_wconf 80' lang='grc' dir='ltr'>λέγεται</span> <span class='ocrx_word' id='word_1_87' title='bbox 1054 1042 1115 1094; x_wconf 82' lang='grc' dir='ltr'><strong>τὸ</strong></span> <span class='ocrx_word' id='word_1_88' title='bbox 1144 1042 1281 1106; x_wconf 78' lang='grc' dir='ltr'>ζῶον</span> <span class='ocrx_word' id='word_1_89' title='bbox 1311 1038 1528 1109; x_wconf 80' lang='grc' dir='ltr'>λογικὸν</span> <span class='ocrx_word' id='word_1_90' title='bbox 1555 1037 1694 1091; x_wconf 82' lang='grc' dir='ltr'>κατὰ</span> <span class='ocrx_word' id='word_1_91' title='bbox 1714 1035 1835 1089; x_wconf 90' lang='grc' dir='ltr'>δεύ-</span> 
     </span>
    </p>
   </div>
   <div class='ocr_carea' id='block_1_14' title="bbox 255 1127 1833 1214">
    <p class='ocr_par' dir='ltr' id='par_1_14' title="bbox 255 1127 1833 1214">
     <span class='ocr_line' id='line_1_14' title="bbox 255 1127 1833 1214; baseline -0.008 -18"><span class='ocrx_word' id='word_1_92' title='bbox 255 1159 417 1214; x_wconf 85' lang='grc' dir='ltr'>τερον</span> <span class='ocrx_word' id='word_1_93' title='bbox 470 1141 646 1209; x_wconf 81' lang='grc' dir='ltr'>λόγον,</span> <span class='ocrx_word' id='word_1_94' title='bbox 697 1136 788 1191; x_wconf 84' lang='grc' dir='ltr'>διὰ</span> <span class='ocrx_word' id='word_1_95' title='bbox 834 1135 897 1189; x_wconf 80' lang='grc' dir='ltr'>τὺ</span> <span class='ocrx_word' id='word_1_96' title='bbox 941 1134 1035 1188; x_wconf 80' lang='grc' dir='ltr'>τὸν</span> <span class='ocrx_word' id='word_1_97' title='bbox 1080 1133 1367 1205; x_wconf 78' lang='grc' dir='ltr'>ἄνθρωπον</span> <span class='ocrx_word' id='word_1_98' title='bbox 1409 1127 1551 1184; x_wconf 74' lang='grc' dir='ltr'>εἶναι</span> <span class='ocrx_word' id='word_1_99' title='bbox 1596 1130 1833 1198; x_wconf 78' lang='grc' dir='ltr'>λογικόν.</span> 
     </span>
    </p>
   </div>
   <div class='ocr_carea' id='block_1_15' title="bbox 256 1216 1838 1299">
    <p class='ocr_par' dir='ltr' id='par_1_15' title="bbox 256 1216 1838 1299">
     <span class='ocr_line' id='line_1_15' title="bbox 256 1216 1838 1299; baseline -0.011 -10"><span class='ocrx_word' id='word_1_100' title='bbox 256 1224 370 1289; x_wconf 69' lang='grc' dir='ltr'>Καὶ</span> <span class='ocrx_word' id='word_1_101' title='bbox 396 1232 583 1299; x_wconf 82' lang='grc' dir='ltr'>ὥσπερ</span> <span class='ocrx_word' id='word_1_102' title='bbox 621 1230 680 1284; x_wconf 81' lang='grc' dir='ltr'><strong>αἱ</strong></span> <span class='ocrx_word' id='word_1_103' title='bbox 730 1216 877 1291; x_wconf 82' lang='grc' dir='ltr'>ίδίως</span> <span class='ocrx_word' id='word_1_104' title='bbox 914 1226 1170 1297; x_wconf 70' lang='grc' dir='ltr'>διαφοραὶ</span> <span class='ocrx_word' id='word_1_105' title='bbox 1214 1223 1708 1295; x_wconf 71' lang='grc' dir='ltr'>χαρακτηριστικαὶ</span> <span class='ocrx_word' id='word_1_106' title='bbox 1736 1220 1838 1290; x_wconf 82' lang='grc' dir='ltr'><strong>τῆς</strong></span> 
     </span>
    </p>
   </div>
   <div class='ocr_carea' id='block_1_16' title="bbox 260 1311 1840 1392">
    <p class='ocr_par' dir='ltr' id='par_1_16' title="bbox 260 1311 1840 1392">
     <span class='ocr_line' id='line_1_16' title="bbox 260 1311 1840 1392; baseline -0.006 -16"><span class='ocrx_word' id='word_1_107' title='bbox 260 1327 493 1379; x_wconf 77' lang='grc' dir='ltr'>ἑκάστου</span> <span class='ocrx_word' id='word_1_108' title='bbox 539 1323 648 1375; x_wconf 71' lang='grc' dir='ltr'><strong>τῶν</strong></span> <span class='ocrx_word' id='word_1_109' title='bbox 678 1317 983 1392; x_wconf 84' lang='grc' dir='ltr'>ἀνθρώπων</span> <span class='ocrx_word' id='word_1_110' title='bbox 1029 1317 1380 1379; x_wconf 80' lang='grc' dir='ltr'><strong>ὑποστάσεως</strong></span> <span class='ocrx_word' id='word_1_111' title='bbox 1408 1311 1585 1376; x_wconf 83' lang='grc' dir='ltr'>οὖσαι,</span> <span class='ocrx_word' id='word_1_112' title='bbox 1611 1314 1840 1384; x_wconf 80' lang='grc' dir='ltr'>δυνάμει</span> 
     </span>
    </p>
   </div>
   <div class='ocr_carea' id='block_1_17' title="bbox 266 1405 1840 1489">
    <p class='ocr_par' dir='ltr' id='par_1_17' title="bbox 266 1405 1840 1489">
     <span class='ocr_line' id='line_1_17' title="bbox 266 1405 1840 1489; baseline -0.005 -20"><span class='ocrx_word' id='word_1_113' title='bbox 266 1418 365 1489; x_wconf 79' lang='grc' dir='ltr'><strong>μὲν</strong></span> <span class='ocrx_word' id='word_1_114' title='bbox 394 1418 451 1469; x_wconf 74' lang='grc' dir='ltr'>ὲν</span> <span class='ocrx_word' id='word_1_115' title='bbox 479 1413 555 1484; x_wconf 79' lang='grc' dir='ltr'>τῷ</span> <span class='ocrx_word' id='word_1_116' title='bbox 579 1410 855 1483; x_wconf 77' lang='grc' dir='ltr'>ἀνθρώπῳ</span> <span class='ocrx_word' id='word_1_117' title='bbox 884 1407 1240 1482; x_wconf 83' lang='grc' dir='ltr'><strong>θεωροῦνται,</strong></span> <span class='ocrx_word' id='word_1_118' title='bbox 1284 1409 1341 1459; x_wconf 83' lang='grc' dir='ltr'><strong>ὲν</strong></span> <span class='ocrx_word' id='word_1_119' title='bbox 1369 1407 1425 1460; x_wconf 79' lang='grc' dir='ltr'>δὲ</span> <span class='ocrx_word' id='word_1_120' title='bbox 1452 1405 1531 1476; x_wconf 81' lang='grc' dir='ltr'>τῷ</span> <span class='ocrx_word' id='word_1_121' title='bbox 1560 1405 1840 1474; x_wconf 74' lang='grc' dir='ltr'><strong>Σωκράτει</strong></span> 
     </span>
    </p>
   </div>
   <div class='ocr_carea' id='block_1_18' title="bbox 264 1495 1841 1573">
    <p class='ocr_par' dir='ltr' id='par_1_18' title="bbox 264 1495 1841 1573">
     <span class='ocr_line' id='line_1_18' title="bbox 264 1495 1841 1573; baseline -0.006 -15"><span class='ocrx_word' id='word_1_122' title='bbox 264 1510 359 1558; x_wconf 72' lang='grc' dir='ltr'><strong>καὶ</strong></span> <span class='ocrx_word' id='word_1_123' title='bbox 415 1506 663 1557; x_wconf 72' lang='grc' dir='ltr'>Πλάτωνι</span> <span class='ocrx_word' id='word_1_124' title='bbox 715 1502 966 1573; x_wconf 77' lang='grc' dir='ltr'><strong>ἐνεργείᾳ</strong></span> <span class='ocrx_word' id='word_1_125' title='bbox 1014 1499 1330 1568; x_wconf 77' lang='grc' dir='ltr'>πεφύκασι·</span> <span class='ocrx_word' id='word_1_126' title='bbox 1383 1495 1679 1551; x_wconf 78' lang='grc' dir='ltr'>κάντεῦθεν</span> <span class='ocrx_word' id='word_1_127' title='bbox 1732 1495 1841 1549; x_wconf 81' lang='grc' dir='ltr'><strong>άπὸ</strong></span> 
     </span>
    </p>
   </div>
   <div class='ocr_carea' id='block_1_19' title="bbox 263 1586 1841 1667">
    <p class='ocr_par' dir='ltr' id='par_1_19' title="bbox 263 1586 1841 1667">
     <span class='ocr_line' id='line_1_19' title="bbox 263 1586 1841 1667; baseline -0.01 -14"><span class='ocrx_word' id='word_1_128' title='bbox 263 1600 365 1667; x_wconf 71' lang='grc' dir='ltr'>τῆς</span> <span class='ocrx_word' id='word_1_129' title='bbox 395 1596 746 1656; x_wconf 80' lang='grc' dir='ltr'>ὑποστάσεως</span> <span class='ocrx_word' id='word_1_130' title='bbox 776 1594 870 1646; x_wconf 74' lang='grc' dir='ltr'>ἐπὶ</span> <span class='ocrx_word' id='word_1_131' title='bbox 905 1592 1002 1662; x_wconf 76' lang='grc' dir='ltr'><strong>τὴν</strong></span> <span class='ocrx_word' id='word_1_132' title='bbox 1039 1591 1236 1660; x_wconf 87' lang='grc' dir='ltr'>φύσιν,</span> <span class='ocrx_word' id='word_1_133' title='bbox 1266 1590 1300 1660; x_wconf 78' lang='grc' dir='ltr'>ἢ</span> <span class='ocrx_word' id='word_1_134' title='bbox 1335 1589 1442 1642; x_wconf 80' lang='grc' dir='ltr'>άπδ</span> <span class='ocrx_word' id='word_1_135' title='bbox 1482 1586 1578 1640; x_wconf 76' lang='grc' dir='ltr'>τοῦ</span> <span class='ocrx_word' id='word_1_136' title='bbox 1617 1586 1841 1656; x_wconf 83' lang='grc' dir='ltr'>Σωκρά-</span> 
     </span>
    </p>
   </div>
   <div class='ocr_carea' id='block_1_20' title="bbox 264 1671 1918 1751">
    <p class='ocr_par' dir='ltr' id='par_1_20' title="bbox 264 1671 1918 1751">
     <span class='ocr_line' id='line_1_20' title="bbox 264 1671 1918 1751; baseline -0.009 -9"><span class='ocrx_word' id='word_1_137' title='bbox 264 1706 391 1749; x_wconf 86' lang='grc' dir='ltr'>τους</span> <span class='ocrx_word' id='word_1_138' title='bbox 424 1689 516 1739; x_wconf 73' lang='grc' dir='ltr'><strong>ἐπὶ</strong></span> <span class='ocrx_word' id='word_1_139' title='bbox 555 1686 644 1743; x_wconf 81' lang='grc' dir='ltr'><strong>τὸν</strong></span> <span class='ocrx_word' id='word_1_140' title='bbox 673 1684 963 1751; x_wconf 77' lang='grc' dir='ltr'>ἄνθρωπον</span> <span class='ocrx_word' id='word_1_141' title='bbox 1002 1681 1387 1751; x_wconf 80' lang='grc' dir='ltr'>ἀναφέρονται.</span> <span class='ocrx_word' id='word_1_142' title='bbox 1424 1673 1569 1743; x_wconf 73' lang='grc' dir='ltr'>ϐίον,</span> <span class='ocrx_word' id='word_1_143' title='bbox 1614 1677 1705 1730; x_wconf 80' lang='grc' dir='ltr'><strong>τὸν</strong></span> <span class='ocrx_word' id='word_1_144' title='bbox 1732 1677 1845 1730; x_wconf 83' lang='grc' dir='ltr'>Σω-</span> <span class='ocrx_word' id='word_1_145' title='bbox 1874 1671 1918 1727; x_wconf 85' lang='grc' dir='ltr'><strong>Β</strong></span> 
     </span>
    </p>
   </div>
   <div class='ocr_carea' id='block_1_21' title="bbox 267 1767 1847 1851">
    <p class='ocr_par' dir='ltr' id='par_1_21' title="bbox 267 1767 1847 1851">
     <span class='ocr_line' id='line_1_21' title="bbox 267 1767 1847 1851; baseline -0.009 -18"><span class='ocrx_word' id='word_1_146' title='bbox 267 1779 479 1851; x_wconf 82' lang='grc' dir='ltr'>κράτην</span> <span class='ocrx_word' id='word_1_147' title='bbox 498 1777 707 1849; x_wconf 71' lang='grc' dir='ltr'>γρυπὸν</span> <span class='ocrx_word' id='word_1_148' title='bbox 741 1772 882 1829; x_wconf 78' lang='grc' dir='ltr'>εἷναί</span> <span class='ocrx_word' id='word_1_149' title='bbox 914 1790 1118 1843; x_wconf 87' lang='grc' dir='ltr'>φαμεν,</span> <span class='ocrx_word' id='word_1_150' title='bbox 1163 1772 1196 1844; x_wconf 78' lang='grc' dir='ltr'>ἢ</span> <span class='ocrx_word' id='word_1_151' title='bbox 1227 1771 1523 1842; x_wconf 80' lang='grc' dir='ltr'>φαλακρὸν,</span> <span class='ocrx_word' id='word_1_152' title='bbox 1554 1767 1697 1822; x_wconf 86' lang='grc' dir='ltr'>κατὰ</span> <span class='ocrx_word' id='word_1_153' title='bbox 1725 1767 1847 1821; x_wconf 87' lang='grc' dir='ltr'>δεύ-</span> 
     </span>
    </p>
   </div>
   <div class='ocr_carea' id='block_1_22' title="bbox 266 1856 1847 1941">
    <p class='ocr_par' dir='ltr' id='par_1_22' title="bbox 266 1856 1847 1941">
     <span class='ocr_line' id='line_1_22' title="bbox 266 1856 1847 1941; baseline -0.008 -18"><span class='ocrx_word' id='word_1_154' title='bbox 266 1887 427 1941; x_wconf 79' lang='grc' dir='ltr'>τερον</span> <span class='ocrx_word' id='word_1_155' title='bbox 462 1870 518 1923; x_wconf 72' lang='grc' dir='ltr'>δὲ</span> <span class='ocrx_word' id='word_1_156' title='bbox 568 1870 723 1936; x_wconf 87' lang='grc' dir='ltr'>λόγον</span> <span class='ocrx_word' id='word_1_157' title='bbox 763 1867 862 1921; x_wconf 81' lang='grc' dir='ltr'>καὶ</span> <span class='ocrx_word' id='word_1_158' title='bbox 899 1866 990 1920; x_wconf 78' lang='grc' dir='ltr'>τδν</span> <span class='ocrx_word' id='word_1_159' title='bbox 1053 1863 1340 1936; x_wconf 83' lang='grc' dir='ltr'>ἄνθρωπον</span> <span class='ocrx_word' id='word_1_160' title='bbox 1394 1861 1606 1932; x_wconf 80' lang='grc' dir='ltr'>γρυπὸν</span> <span class='ocrx_word' id='word_1_161' title='bbox 1660 1856 1847 1911; x_wconf 86' lang='grc' dir='ltr'>ὡσαύ-</span> 
     </span>
    </p>
   </div>
   <div class='ocr_carea' id='block_1_23' title="bbox 266 1948 1849 2027">
    <p class='ocr_par' dir='ltr' id='par_1_23' title="bbox 266 1948 1849 2027">
     <span class='ocr_line' id='line_1_23' title="bbox 266 1948 1849 2027; baseline -0.007 -16"><span class='ocrx_word' id='word_1_162' title='bbox 266 1977 378 2022; x_wconf 84' lang='grc' dir='ltr'><strong>τως</strong></span> <span class='ocrx_word' id='word_1_163' title='bbox 402 1959 497 2011; x_wconf 75' lang='grc' dir='ltr'><strong>καὶ</strong></span> <span class='ocrx_word' id='word_1_164' title='bbox 521 1958 808 2027; x_wconf 84' lang='grc' dir='ltr'>ὑπάρχειν,</span> <span class='ocrx_word' id='word_1_165' title='bbox 835 1955 869 2026; x_wconf 81' lang='grc' dir='ltr'>ἢ</span> <span class='ocrx_word' id='word_1_166' title='bbox 900 1953 1181 2025; x_wconf 79' lang='grc' dir='ltr'>φαλακρὸν</span> <span class='ocrx_word' id='word_1_167' title='bbox 1212 1953 1465 2022; x_wconf 84' lang='grc' dir='ltr'>λέγομεν,</span> <span class='ocrx_word' id='word_1_168' title='bbox 1496 1949 1586 2004; x_wconf 81' lang='grc' dir='ltr'>διὰ</span> <span class='ocrx_word' id='word_1_169' title='bbox 1615 1948 1707 2001; x_wconf 82' lang='grc' dir='ltr'><strong>τὸν</strong></span> <span class='ocrx_word' id='word_1_170' title='bbox 1735 1948 1849 2001; x_wconf 89' lang='grc' dir='ltr'>Σω-</span> 
     </span>
    </p>
   </div>
   <div class='ocr_carea' id='block_1_24' title="bbox 271 2041 1848 2121">
    <p class='ocr_par' dir='ltr' id='par_1_24' title="bbox 271 2041 1848 2121">
     <span class='ocr_line' id='line_1_24' title="bbox 271 2041 1848 2121; baseline -0.01 -14"><span class='ocrx_word' id='word_1_171' title='bbox 271 2052 479 2121; x_wconf 81' lang='grc' dir='ltr'>κράτην</span> <span class='ocrx_word' id='word_1_172' title='bbox 499 2065 513 2080; x_wconf 91' lang='grc'><strong>·</strong></span> <span class='ocrx_word' id='word_1_173' title='bbox 547 2049 739 2121; x_wconf 83' lang='grc' dir='ltr'>ὥσπερ</span> <span class='ocrx_word' id='word_1_174' title='bbox 772 2047 998 2117; x_wconf 82' lang='grc' dir='ltr'>εἴπομεν</span> <span class='ocrx_word' id='word_1_175' title='bbox 1028 2048 1092 2100; x_wconf 80' lang='grc' dir='ltr'>ὲκ</span> <span class='ocrx_word' id='word_1_176' title='bbox 1114 2044 1207 2101; x_wconf 82' lang='grc' dir='ltr'>τοῦ</span> <span class='ocrx_word' id='word_1_177' title='bbox 1260 2043 1548 2114; x_wconf 79' lang='grc' dir='ltr'><strong>ἀνθρώπου</strong></span> <span class='ocrx_word' id='word_1_178' title='bbox 1580 2041 1848 2111; x_wconf 81' lang='grc' dir='ltr'>κεκληρο-</span> 
     </span>
    </p>
   </div>
   <div class='ocr_carea' id='block_1_25' title="bbox 272 2131 1847 2212">
    <p class='ocr_par' dir='ltr' id='par_1_25' title="bbox 272 2131 1847 2212">
     <span class='ocr_line' id='line_1_25' title="bbox 272 2131 1847 2212; baseline -0.01 -13"><span class='ocrx_word' id='word_1_179' title='bbox 272 2142 571 2212; x_wconf 79' lang='grc' dir='ltr'>νομηκέναι</span> <span class='ocrx_word' id='word_1_180' title='bbox 626 2141 725 2212; x_wconf 81' lang='grc' dir='ltr'><strong>τὴν</strong></span> <span class='ocrx_word' id='word_1_181' title='bbox 782 2138 1103 2210; x_wconf 81' lang='grc' dir='ltr'>γρυπότητα</span> <span class='ocrx_word' id='word_1_182' title='bbox 1152 2138 1251 2191; x_wconf 77' lang='grc' dir='ltr'>καὶ</span> <span class='ocrx_word' id='word_1_183' title='bbox 1303 2135 1404 2207; x_wconf 83' lang='grc' dir='ltr'><strong>τὴν</strong></span> <span class='ocrx_word' id='word_1_184' title='bbox 1439 2131 1847 2205; x_wconf 75' lang='grc' dir='ltr'><strong>φαλακρότητα.</strong></span> 
     </span>
    </p>
   </div>
   <div class='ocr_carea' id='block_1_26' title="bbox 272 2221 1850 2303">
    <p class='ocr_par' dir='ltr' id='par_1_26' title="bbox 272 2221 1850 2303">
     <span class='ocr_line' id='line_1_26' title="bbox 272 2221 1850 2303; baseline -0.006 -17"><span class='ocrx_word' id='word_1_185' title='bbox 272 2234 394 2286; x_wconf 79' lang='grc' dir='ltr'><strong>Τῶν</strong></span> <span class='ocrx_word' id='word_1_186' title='bbox 421 2232 603 2285; x_wconf 85' lang='grc' dir='ltr'>τοίνυν</span> <span class='ocrx_word' id='word_1_187' title='bbox 649 2232 748 2303; x_wconf 78' lang='grc' dir='ltr'>τὴν</span> <span class='ocrx_word' id='word_1_188' title='bbox 788 2230 883 2284; x_wconf 79' lang='grc' dir='ltr'>τοῦ</span> <span class='ocrx_word' id='word_1_189' title='bbox 914 2230 1048 2283; x_wconf 86' lang='grc' dir='ltr'>Θεοῦ</span> <span class='ocrx_word' id='word_1_190' title='bbox 1076 2230 1252 2297; x_wconf 81' lang='grc' dir='ltr'>Λόγου</span> <span class='ocrx_word' id='word_1_191' title='bbox 1293 2228 1594 2281; x_wconf 77' lang='grc' dir='ltr'>ὑπόστασιν</span> <span class='ocrx_word' id='word_1_192' title='bbox 1623 2223 1730 2278; x_wconf 84' lang='grc' dir='ltr'>ἀπὸ</span> <span class='ocrx_word' id='word_1_193' title='bbox 1755 2221 1850 2276; x_wconf 78' lang='grc' dir='ltr'>τοῦ</span> 
     </span>
    </p>
   </div>
   <div class='ocr_carea' id='block_1_27' title="bbox 273 2313 1853 2392">
    <p class='ocr_par' dir='ltr' id='par_1_27' title="bbox 273 2313 1853 2392">
     <span class='ocr_line' id='line_1_27' title="bbox 273 2313 1853 2392; baseline -0.006 -18"><span class='ocrx_word' id='word_1_194' title='bbox 273 2321 611 2392; x_wconf 82' lang='grc' dir='ltr'><strong>ἀνθρωπείου</strong></span> <span class='ocrx_word' id='word_1_195' title='bbox 644 2320 989 2392; x_wconf 80' lang='grc' dir='ltr'>φυράματος,</span> <span class='ocrx_word' id='word_1_196' title='bbox 1023 2319 1112 2373; x_wconf 81' lang='grc' dir='ltr'><strong>διὰ</strong></span> <span class='ocrx_word' id='word_1_197' title='bbox 1133 2320 1232 2390; x_wconf 76' lang='grc' dir='ltr'>τὴν</span> <span class='ocrx_word' id='word_1_198' title='bbox 1261 2317 1380 2370; x_wconf 86' lang='grc' dir='ltr'>καθ’</span> <span class='ocrx_word' id='word_1_199' title='bbox 1406 2316 1702 2372; x_wconf 80' lang='grc' dir='ltr'>ὑπόστασιν</span> <span class='ocrx_word' id='word_1_200' title='bbox 1720 2313 1853 2365; x_wconf 73' lang='grc' dir='ltr'>ἕνω-</span> 
     </span>
    </p>
   </div>
   <div class='ocr_carea' id='block_1_28' title="bbox 276 2405 1852 2481">
    <p class='ocr_par' dir='ltr' id='par_1_28' title="bbox 276 2405 1852 2481">
     <span class='ocr_line' id='line_1_28' title="bbox 276 2405 1852 2481; baseline -0.005 -16"><span class='ocrx_word' id='word_1_201' title='bbox 276 2428 362 2465; x_wconf 84' lang='grc' dir='ltr'>σιν</span> <span class='ocrx_word' id='word_1_202' title='bbox 396 2409 837 2481; x_wconf 82' lang='grc' dir='ltr'>δεδραμηκότων,</span> <span class='ocrx_word' id='word_1_203' title='bbox 903 2409 1059 2464; x_wconf 69' lang='grc' dir='ltr'>οὐδὲν</span> <span class='ocrx_word' id='word_1_204' title='bbox 1096 2410 1404 2464; x_wconf 87' lang='grc' dir='ltr'>παντάπασι</span> <span class='ocrx_word' id='word_1_205' title='bbox 1447 2407 1572 2460; x_wconf 72' lang='grc' dir='ltr'>οὗτε</span> <span class='ocrx_word' id='word_1_206' title='bbox 1601 2405 1852 2474; x_wconf 87' lang='grc' dir='ltr'>δυνάμει,</span> 
     </span>
    </p>
   </div>
   <div class='ocr_carea' id='block_1_29' title="bbox 275 2498 1854 2575">
    <p class='ocr_par' dir='ltr' id='par_1_29' title="bbox 275 2498 1854 2575">
     <span class='ocr_line' id='line_1_29' title="bbox 275 2498 1854 2575; baseline -0.003 -19"><span class='ocrx_word' id='word_1_207' title='bbox 275 2501 401 2556; x_wconf 81' lang='grc' dir='ltr'>οὑτε</span> <span class='ocrx_word' id='word_1_208' title='bbox 433 2503 684 2575; x_wconf 75' lang='grc' dir='ltr'>ἐνεργείᾳ</span> <span class='ocrx_word' id='word_1_209' title='bbox 708 2504 765 2555; x_wconf 76' lang='grc' dir='ltr'><strong>ἑν</strong></span> <span class='ocrx_word' id='word_1_210' title='bbox 786 2505 853 2573; x_wconf 80' lang='grc' dir='ltr'>τῇ</span> <span class='ocrx_word' id='word_1_211' title='bbox 881 2501 1124 2573; x_wconf 84' lang='grc' dir='ltr'>άκτίστῳ</span> <span class='ocrx_word' id='word_1_212' title='bbox 1154 2501 1250 2555; x_wconf 73' lang='grc' dir='ltr'>καὶ</span> <span class='ocrx_word' id='word_1_213' title='bbox 1284 2500 1562 2570; x_wconf 80' lang='grc' dir='ltr'>ἀσωμάτῳ</span> <span class='ocrx_word' id='word_1_214' title='bbox 1593 2498 1685 2552; x_wconf 78' lang='grc' dir='ltr'>καὶ</span> <span class='ocrx_word' id='word_1_215' title='bbox 1709 2499 1854 2551; x_wconf 83' lang='grc' dir='ltr'>ἀπα-</span> 
     </span>
    </p>
   </div>
   <div class='ocr_carea' id='block_1_30' title="bbox 278 2587 1855 2666">
    <p class='ocr_par' dir='ltr' id='par_1_30' title="bbox 278 2587 1855 2666">
     <span class='ocr_line' id='line_1_30' title="bbox 278 2587 1855 2666; baseline -0.004 -21"><span class='ocrx_word' id='word_1_216' title='bbox 278 2592 364 2646; x_wconf 82' lang='grc' dir='ltr'>θεῖ</span> <span class='ocrx_word' id='word_1_217' title='bbox 397 2592 516 2663; x_wconf 68' lang='grc' dir='ltr'>θείᾳ</span> <span class='ocrx_word' id='word_1_218' title='bbox 554 2592 713 2661; x_wconf 82' lang='grc' dir='ltr'>φύσει</span> <span class='ocrx_word' id='word_1_219' title='bbox 754 2587 843 2666; x_wconf 77' lang='grc' dir='ltr'><strong>ἦν.</strong></span> <span class='ocrx_word' id='word_1_220' title='bbox 879 2592 1086 2646; x_wconf 86' lang='grc' dir='ltr'>Τούτου</span> <span class='ocrx_word' id='word_1_221' title='bbox 1134 2592 1190 2646; x_wconf 81' lang='grc' dir='ltr'>δὲ</span> <span class='ocrx_word' id='word_1_222' title='bbox 1233 2592 1439 2647; x_wconf 81' lang='grc' dir='ltr'>εἵνεκεν</span> <span class='ocrx_word' id='word_1_223' title='bbox 1481 2592 1510 2644; x_wconf 87' lang='grc' dir='ltr'><strong>ὁ</strong></span> <span class='ocrx_word' id='word_1_224' title='bbox 1556 2590 1653 2660; x_wconf 83' lang='grc' dir='ltr'><strong>μὲν</strong></span> <span class='ocrx_word' id='word_1_225' title='bbox 1687 2587 1855 2650; x_wconf 80' lang='grc' dir='ltr'>ἀΐδιος</span> 
     </span>
    </p>
   </div>
   <div class='ocr_carea' id='block_1_31' title="bbox 280 2672 1855 2754">
    <p class='ocr_par' dir='ltr' id='par_1_31' title="bbox 280 2672 1855 2754">
     <span class='ocr_line' id='line_1_31' title="bbox 280 2672 1855 2754; baseline -0.006 -18"><span class='ocrx_word' id='word_1_226' title='bbox 280 2672 661 2752; x_wconf 76' lang='grc' dir='ltr'>σεσαρκῶσθᾶί</span> <span class='ocrx_word' id='word_1_227' title='bbox 700 2700 760 2741; x_wconf 88' lang='grc' dir='ltr'>τε</span> <span class='ocrx_word' id='word_1_228' title='bbox 800 2682 897 2737; x_wconf 74' lang='grc' dir='ltr'>καὶ</span> <span class='ocrx_word' id='word_1_229' title='bbox 934 2681 1312 2754; x_wconf 76' lang='grc' dir='ltr'>ἐσταυρῶσθαι</span> <span class='ocrx_word' id='word_1_230' title='bbox 1344 2678 1441 2733; x_wconf 68' lang='grc' dir='ltr'><strong>καὶ</strong></span> <span class='ocrx_word' id='word_1_231' title='bbox 1484 2676 1735 2731; x_wconf 80' lang='grc' dir='ltr'>τεθνάναι</span> <span class='ocrx_word' id='word_1_232' title='bbox 1765 2674 1855 2727; x_wconf 78' lang='grc' dir='ltr'><strong>λέ-</strong></span> 
     </span>
    </p>
   </div>
   <div class='ocr_carea' id='block_1_32' title="bbox 276 2764 1857 2843">
    <p class='ocr_par' dir='ltr' id='par_1_32' title="bbox 276 2764 1857 2843">
     <span class='ocr_line' id='line_1_32' title="bbox 276 2764 1857 2843; baseline 0.003 -21"><span class='ocrx_word' id='word_1_233' title='bbox 276 2788 456 2840; x_wconf 86' lang='grc' dir='ltr'>γεται.</span> <span class='ocrx_word' id='word_1_234' title='bbox 504 2773 566 2825; x_wconf 81' lang='grc' dir='ltr'><em>Ἦ</em></span> <span class='ocrx_word' id='word_1_235' title='bbox 595 2764 651 2825; x_wconf 78' lang='grc' dir='ltr'>δὲ</span> <span class='ocrx_word' id='word_1_236' title='bbox 693 2772 812 2826; x_wconf 86' lang='grc' dir='ltr'>θεία</span> <span class='ocrx_word' id='word_1_237' title='bbox 844 2774 1005 2842; x_wconf 90' lang='grc' dir='ltr'>φύσις</span> <span class='ocrx_word' id='word_1_238' title='bbox 1038 2773 1311 2843; x_wconf 77' lang='grc' dir='ltr'>οὐδαμῶς,</span> <span class='ocrx_word' id='word_1_239' title='bbox 1349 2773 1397 2827; x_wconf 81' lang='grc' dir='ltr'>εί</span> <span class='ocrx_word' id='word_1_240' title='bbox 1430 2769 1526 2823; x_wconf 84' lang='grc' dir='ltr'>καὶ</span> <span class='ocrx_word' id='word_1_241' title='bbox 1556 2768 1857 2828; x_wconf 79' lang='grc' dir='ltr'>ὑπόστασις</span> 
     </span>
    </p>
   </div>
   <div class='ocr_carea' id='block_1_33' title="bbox 276 2860 1004 2930">
    <p class='ocr_par' dir='ltr' id='par_1_33' title="bbox 276 2860 1004 2930">
     <span class='ocr_line' id='line_1_33' title="bbox 276 2860 1004 2930; baseline -0.003 -13"><span class='ocrx_word' id='word_1_242' title='bbox 276 2861 450 2930; x_wconf 78' lang='grc' dir='ltr'>αὐτῆς</span> <span class='ocrx_word' id='word_1_243' title='bbox 475 2860 817 2930; x_wconf 83' lang='grc' dir='ltr'>καθέστηκεν</span> <span class='ocrx_word' id='word_1_244' title='bbox 849 2860 908 2915; x_wconf 89' lang='grc' dir='ltr'>οὗ</span> <span class='ocrx_word' id='word_1_245' title='bbox 917 2878 1004 2915; x_wconf 83' lang='grc' dir='ltr'>σα.</span> 
     </span>
    </p>
   </div>
   <div class='ocr_carea' id='block_1_34' title="bbox 349 2951 1854 3026">
    <p class='ocr_par' dir='ltr' id='par_1_34' title="bbox 349 2951 1854 3026">
     <span class='ocr_line' id='line_1_34' title="bbox 349 2951 1854 3026; baseline 0.001 -21"><span class='ocrx_word' id='word_1_246' title='bbox 349 2954 408 3005; x_wconf 75' lang='grc' dir='ltr'><strong>Εἰ</strong></span> <span class='ocrx_word' id='word_1_247' title='bbox 434 2953 491 3006; x_wconf 84' lang='grc' dir='ltr'><em>δέ</em></span> <span class='ocrx_word' id='word_1_248' title='bbox 514 2970 594 3014; x_wconf 79' lang='grc' dir='ltr'><strong>τις</strong></span> <span class='ocrx_word' id='word_1_249' title='bbox 621 2951 813 3005; x_wconf 79' lang='grc' dir='ltr'>ἑαυτὸν</span> <span class='ocrx_word' id='word_1_250' title='bbox 846 2951 1004 3022; x_wconf 85' lang='grc' dir='ltr'>αίτιῷ</span> <span class='ocrx_word' id='word_1_251' title='bbox 1027 2951 1091 3005; x_wconf 80' lang='grc' dir='ltr'>τὸ</span> <span class='ocrx_word' id='word_1_252' title='bbox 1118 2953 1163 2985; x_wconf 81' lang='grc'><strong>⁹⁹</strong></span> <span class='ocrx_word' id='word_1_253' title='bbox 1199 2951 1366 3023; x_wconf 86' lang='grc' dir='ltr'>βραδὺ</span> <span class='ocrx_word' id='word_1_254' title='bbox 1414 2954 1495 3017; x_wconf 85' lang='grc' dir='ltr'>είς</span> <span class='ocrx_word' id='word_1_255' title='bbox 1528 2955 1854 3026; x_wconf 76' lang='grc' dir='ltr'>κατανόησιν</span> 
     </span>
    </p>
   </div>
   <div class='ocr_carea' id='block_1_35' title="bbox 275 3040 1855 3115">
    <p class='ocr_par' dir='ltr' id='par_1_35' title="bbox 275 3040 1855 3115">
     <span class='ocr_line' id='line_1_35' title="bbox 275 3040 1855 3115; baseline 0 -19"><span class='ocrx_word' id='word_1_256' title='bbox 275 3040 546 3097; x_wconf 72' lang='grc' dir='ltr'>εἶναιτῶν</span> <span class='ocrx_word' id='word_1_257' title='bbox 584 3041 916 3112; x_wconf 76' lang='grc' dir='ltr'>εἰρημένων,</span> <span class='ocrx_word' id='word_1_258' title='bbox 948 3043 1152 3094; x_wconf 75' lang='grc' dir='ltr'>καὶτὸν</span> <span class='ocrx_word' id='word_1_259' title='bbox 1190 3043 1421 3095; x_wconf 80' lang='grc' dir='ltr'>ἑκάστου</span> <span class='ocrx_word' id='word_1_260' title='bbox 1446 3043 1571 3097; x_wconf 77' lang='grc' dir='ltr'>νοῦν</span> <span class='ocrx_word' id='word_1_261' title='bbox 1602 3044 1749 3112; x_wconf 76' lang='grc' dir='ltr'>λέγοι</span> <span class='ocrx_word' id='word_1_262' title='bbox 1780 3043 1855 3115; x_wconf 77' lang='grc' dir='ltr'><strong>μὴ</strong></span> 
     </span>
    </p>
   </div>
   <div class='ocr_carea' id='block_1_36' title="bbox 276 3126 1853 3204">
    <p class='ocr_par' dir='ltr' id='par_1_36' title="bbox 276 3126 1853 3204">
     <span class='ocr_line' id='line_1_36' title="bbox 276 3126 1853 3204; baseline -0.003 -17"><span class='ocrx_word' id='word_1_263' title='bbox 276 3131 707 3204; x_wconf 80' lang='grc' dir='ltr'>παραδέχεσθαι,</span> <span class='ocrx_word' id='word_1_264' title='bbox 757 3132 916 3200; x_wconf 76' lang='grc' dir='ltr'>ὅπερ,</span> <span class='ocrx_word' id='word_1_265' title='bbox 948 3133 984 3201; x_wconf 80' lang='grc' dir='ltr'>ἠ</span> <span class='ocrx_word' id='word_1_266' title='bbox 1025 3130 1146 3183; x_wconf 88' lang='grc' dir='ltr'>θεία</span> <span class='ocrx_word' id='word_1_267' title='bbox 1188 3129 1349 3198; x_wconf 78' lang='grc' dir='ltr'>φύσις</span> <span class='ocrx_word' id='word_1_268' title='bbox 1373 3126 1508 3184; x_wconf 76' lang='grc' dir='ltr'>οὖσα</span> <span class='ocrx_word' id='word_1_269' title='bbox 1535 3134 1592 3183; x_wconf 82' lang='grc' dir='ltr'><strong>ὲν</strong></span> <span class='ocrx_word' id='word_1_270' title='bbox 1619 3135 1685 3203; x_wconf 80' lang='grc' dir='ltr'>τῇ</span> <span class='ocrx_word' id='word_1_271' title='bbox 1718 3134 1853 3187; x_wconf 85' lang='grc' dir='ltr'>ὑπο-</span> 
     </span>
    </p>
   </div>
   <div class='ocr_carea' id='block_1_37' title="bbox 277 3220 1855 3292">
    <p class='ocr_par' dir='ltr' id='par_1_37' title="bbox 277 3220 1855 3292">
     <span class='ocr_line' id='line_1_37' title="bbox 277 3220 1855 3292; baseline -0.004 -13"><span class='ocrx_word' id='word_1_272' title='bbox 277 3228 467 3280; x_wconf 79' lang='grc' dir='ltr'>στάσει</span> <span class='ocrx_word' id='word_1_273' title='bbox 513 3223 607 3277; x_wconf 81' lang='grc' dir='ltr'>τοῦ</span> <span class='ocrx_word' id='word_1_274' title='bbox 641 3220 772 3274; x_wconf 84' lang='grc' dir='ltr'><strong>Υἱοῦ</strong></span> <span class='ocrx_word' id='word_1_275' title='bbox 804 3220 1202 3291; x_wconf 79' lang='grc' dir='ltr'>ἀμετακίνητός</span> <span class='ocrx_word' id='word_1_276' title='bbox 1234 3237 1295 3272; x_wconf 89' lang='grc' dir='ltr'>τε</span> <span class='ocrx_word' id='word_1_277' title='bbox 1326 3223 1423 3273; x_wconf 65' lang='grc' dir='ltr'><strong>καὶ</strong></span> <span class='ocrx_word' id='word_1_278' title='bbox 1456 3220 1760 3292; x_wconf 82' lang='grc' dir='ltr'>άχώρητος,</span> <span class='ocrx_word' id='word_1_279' title='bbox 1792 3222 1855 3273; x_wconf 90' lang='grc' dir='ltr'>οὑ</span> 
     </span>
    </p>
   </div>
   <div class='ocr_carea' id='block_1_38' title="bbox 278 3312 1856 3386">
    <p class='ocr_par' dir='ltr' id='par_1_38' title="bbox 278 3312 1856 3386">
     <span class='ocr_line' id='line_1_38' title="bbox 278 3312 1856 3386; baseline -0.004 -15"><span class='ocrx_word' id='word_1_280' title='bbox 278 3317 615 3386; x_wconf 83' lang='grc' dir='ltr'>συμπάσχων</span> <span class='ocrx_word' id='word_1_281' title='bbox 666 3314 803 3384; x_wconf 78' lang='grc' dir='ltr'>αὑτῇ</span> <span class='ocrx_word' id='word_1_282' title='bbox 836 3312 1121 3385; x_wconf 78' lang='grc' dir='ltr'>πασχούσῃ</span> <span class='ocrx_word' id='word_1_283' title='bbox 1156 3312 1248 3365; x_wconf 74' lang='grc' dir='ltr'><strong>καὶ</strong></span> <span class='ocrx_word' id='word_1_284' title='bbox 1280 3312 1680 3381; x_wconf 81' lang='grc' dir='ltr'>άπογινομένου</span> <span class='ocrx_word' id='word_1_285' title='bbox 1712 3312 1856 3376; x_wconf 81' lang='grc' dir='ltr'>τινὸς</span> 
     </span>
    </p>
   </div>
   <div class='ocr_carea' id='block_1_39' title="bbox 276 3402 1856 3476">
    <p class='ocr_par' dir='ltr' id='par_1_39' title="bbox 276 3402 1856 3476">
     <span class='ocr_line' id='line_1_39' title="bbox 276 3402 1856 3476; baseline -0.003 -17"><span class='ocrx_word' id='word_1_286' title='bbox 276 3410 337 3459; x_wconf 80' lang='grc' dir='ltr'><strong>ὲν</strong></span> <span class='ocrx_word' id='word_1_287' title='bbox 378 3410 442 3476; x_wconf 81' lang='grc' dir='ltr'>τῇ</span> <span class='ocrx_word' id='word_1_288' title='bbox 474 3404 789 3466; x_wconf 83' lang='grc' dir='ltr'>ὑποστάσει,</span> <span class='ocrx_word' id='word_1_289' title='bbox 824 3403 887 3455; x_wconf 87' lang='grc' dir='ltr'><strong>οὑ</strong></span> <span class='ocrx_word' id='word_1_290' title='bbox 922 3402 1140 3473; x_wconf 76' lang='grc' dir='ltr'>λέγεται</span> <span class='ocrx_word' id='word_1_291' title='bbox 1190 3402 1351 3456; x_wconf 80' lang='grc' dir='ltr'>τοῦτο</span> <span class='ocrx_word' id='word_1_292' title='bbox 1388 3403 1481 3456; x_wconf 79' lang='grc' dir='ltr'>καὶ</span> <span class='ocrx_word' id='word_1_293' title='bbox 1515 3405 1571 3456; x_wconf 86' lang='grc' dir='ltr'><strong>ὲν</strong></span> <span class='ocrx_word' id='word_1_294' title='bbox 1596 3404 1662 3473; x_wconf 78' lang='grc' dir='ltr'>τῇ</span> <span class='ocrx_word' id='word_1_295' title='bbox 1696 3402 1856 3472; x_wconf 81' lang='grc' dir='ltr'>φύσει</span> 
     </span>
    </p>
   </div>
   <div class='ocr_carea' id='block_1_40' title="bbox 277 3493 1855 3567">
    <p class='ocr_par' dir='ltr' id='par_1_40' title="bbox 277 3493 1855 3567">
     <span class='ocr_line' id='line_1_40' title="bbox 277 3493 1855 3567; baseline -0.003 -16"><span class='ocrx_word' id='word_1_296' title='bbox 277 3500 583 3567; x_wconf 79' lang='grc' dir='ltr'>γεγονέναι,</span> <span class='ocrx_word' id='word_1_297' title='bbox 627 3498 693 3566; x_wconf 75' lang='grc' dir='ltr'>τῇ</span> <span class='ocrx_word' id='word_1_298' title='bbox 748 3495 822 3566; x_wconf 78' lang='grc' dir='ltr'>μὴ</span> <span class='ocrx_word' id='word_1_299' title='bbox 866 3493 1187 3566; x_wconf 84' lang='grc' dir='ltr'>διισταμένῃ</span> <span class='ocrx_word' id='word_1_300' title='bbox 1235 3496 1333 3564; x_wconf 85' lang='grc' dir='ltr'>τῆς</span> <span class='ocrx_word' id='word_1_301' title='bbox 1361 3493 1716 3557; x_wconf 84' lang='grc' dir='ltr'>ὑποστάσεως</span> <span class='ocrx_word' id='word_1_302' title='bbox 1761 3493 1855 3547; x_wconf 82' lang='grc' dir='ltr'>τοῦ</span> 
     </span>
    </p>
   </div>
   <div class='ocr_carea' id='block_1_41' title="bbox 276 3582 1859 3655">
    <p class='ocr_par' dir='ltr' id='par_1_41' title="bbox 276 3582 1859 3655">
     <span class='ocr_line' id='line_1_41' title="bbox 276 3582 1859 3655; baseline -0.002 -14"><span class='ocrx_word' id='word_1_303' title='bbox 276 3590 448 3642; x_wconf 79' lang='grc' dir='ltr'>ἀϊδίου</span> <span class='ocrx_word' id='word_1_304' title='bbox 502 3586 654 3639; x_wconf 80' lang='grc' dir='ltr'><strong>Υίοῦ·</strong></span> <span class='ocrx_word' id='word_1_305' title='bbox 701 3586 863 3655; x_wconf 74' lang='grc' dir='ltr'>ἡμεῖς</span> <span class='ocrx_word' id='word_1_306' title='bbox 916 3583 978 3637; x_wconf 80' lang='grc' dir='ltr'><strong>τὸ</strong></span> <span class='ocrx_word' id='word_1_307' title='bbox 1021 3584 1225 3654; x_wconf 81' lang='grc' dir='ltr'>ἄπορον</span> <span class='ocrx_word' id='word_1_308' title='bbox 1271 3582 1660 3649; x_wconf 74' lang='grc' dir='ltr'>ἐπιλύσαντες,</span> <span class='ocrx_word' id='word_1_309' title='bbox 1704 3582 1859 3654; x_wconf 80' lang='grc' dir='ltr'>ταχί-</span> 
     </span>
    </p>
   </div>
   <div class='ocr_carea' id='block_1_42' title="bbox 282 3673 1853 3749">
    <p class='ocr_par' dir='ltr' id='par_1_42' title="bbox 282 3673 1853 3749">
     <span class='ocr_line' id='line_1_42' title="bbox 282 3673 1853 3749; baseline -0.004 -16"><span class='ocrx_word' id='word_1_310' title='bbox 282 3696 414 3749; x_wconf 80' lang='grc' dir='ltr'>στην</span> <span class='ocrx_word' id='word_1_311' title='bbox 457 3675 606 3747; x_wconf 84' lang='grc' dir='ltr'>αὑτῷ</span> <span class='ocrx_word' id='word_1_312' title='bbox 648 3677 747 3746; x_wconf 85' lang='grc' dir='ltr'><strong>τὴν</strong></span> <span class='ocrx_word' id='word_1_313' title='bbox 786 3674 1088 3745; x_wconf 82' lang='grc' dir='ltr'>θεραπείαν</span> <span class='ocrx_word' id='word_1_314' title='bbox 1127 3673 1422 3741; x_wconf 70' lang='grc' dir='ltr'>ἐπάξομεν,</span> <span class='ocrx_word' id='word_1_315' title='bbox 1468 3675 1533 3726; x_wconf 77' lang='grc' dir='ltr'>ἐκ</span> <span class='ocrx_word' id='word_1_316' title='bbox 1572 3673 1680 3726; x_wconf 81' lang='grc' dir='ltr'>τῶν</span> <span class='ocrx_word' id='word_1_317' title='bbox 1728 3690 1853 3729; x_wconf 82' lang='grc' dir='ltr'>συν-</span> 
     </span>
    </p>
   </div>
   <div class='ocr_carea' id='block_1_43' title="bbox 278 3764 1854 3842">
    <p class='ocr_par' dir='ltr' id='par_1_43' title="bbox 278 3764 1854 3842">
     <span class='ocr_line' id='line_1_43' title="bbox 278 3764 1854 3842; baseline -0.004 -18"><span class='ocrx_word' id='word_1_318' title='bbox 278 3772 494 3842; x_wconf 81' lang='grc' dir='ltr'>τρόφων</span> <span class='ocrx_word' id='word_1_319' title='bbox 540 3768 633 3824; x_wconf 75' lang='grc' dir='ltr'>καὶ</span> <span class='ocrx_word' id='word_1_320' title='bbox 685 3767 793 3821; x_wconf 82' lang='grc' dir='ltr'><strong>τῶν</strong></span> <span class='ocrx_word' id='word_1_321' title='bbox 822 3767 880 3819; x_wconf 83' lang='grc' dir='ltr'><strong>ὲν</strong></span> <span class='ocrx_word' id='word_1_322' title='bbox 909 3766 1099 3837; x_wconf 81' lang='grc' dir='ltr'>χερσὶν</span> <span class='ocrx_word' id='word_1_323' title='bbox 1140 3765 1435 3836; x_wconf 81' lang='grc' dir='ltr'>ὁρωμένων</span> <span class='ocrx_word' id='word_1_324' title='bbox 1459 3764 1557 3836; x_wconf 71' lang='grc' dir='ltr'><strong>τὴν</strong></span> <span class='ocrx_word' id='word_1_325' title='bbox 1581 3764 1854 3829; x_wconf 80' lang='grc' dir='ltr'>ἀπόδειξιν</span> 
     </span>
    </p>
   </div>
   <div class='ocr_carea' id='block_1_44' title="bbox 278 3848 1854 3927">
    <p class='ocr_par' dir='ltr' id='par_1_44' title="bbox 278 3848 1854 3927">
     <span class='ocr_line' id='line_1_44' title="bbox 278 3848 1854 3927; baseline -0.003 -13"><span class='ocrx_word' id='word_1_326' title='bbox 278 3861 615 3927; x_wconf 76' lang='grc' dir='ltr'>ποιούμενοι.</span> <span class='ocrx_word' id='word_1_327' title='bbox 637 3853 810 3910; x_wconf 79' lang='grc' dir='ltr'>Οἶσθα</span> <span class='ocrx_word' id='word_1_328' title='bbox 835 3857 1074 3921; x_wconf 84' lang='grc' dir='ltr'>πάντως,</span> <span class='ocrx_word' id='word_1_329' title='bbox 1113 3848 1158 3908; x_wconf 83' lang='grc' dir='ltr'><strong>ὦ</strong></span> <span class='ocrx_word' id='word_1_330' title='bbox 1183 3848 1361 3922; x_wconf 81' lang='grc' dir='ltr'>οὗτος,</span> <span class='ocrx_word' id='word_1_331' title='bbox 1381 3855 1457 3919; x_wconf 82' lang='grc' dir='ltr'><strong>ὡς</strong></span> <span class='ocrx_word' id='word_1_332' title='bbox 1486 3855 1718 3918; x_wconf 74' lang='grc' dir='ltr'>ἕκαστος</span> <span class='ocrx_word' id='word_1_333' title='bbox 1744 3856 1854 3909; x_wconf 83' lang='grc' dir='ltr'>τῶν</span> 
     </span>
    </p>
   </div>
   <div class='ocr_carea' id='block_1_45' title="bbox 278 3944 1852 4020">
    <p class='ocr_par' dir='ltr' id='par_1_45' title="bbox 278 3944 1852 4020">
     <span class='ocr_line' id='line_1_45' title="bbox 278 3944 1852 4020; baseline -0.002 -17"><span class='ocrx_word' id='word_1_334' title='bbox 278 3950 585 4020; x_wconf 78' lang='grc' dir='ltr'><strong>ἀνθρώπων</strong></span> <span class='ocrx_word' id='word_1_335' title='bbox 641 3949 707 4001; x_wconf 82' lang='grc' dir='ltr'>ὲκ</span> <span class='ocrx_word' id='word_1_336' title='bbox 754 3946 935 4018; x_wconf 79' lang='grc' dir='ltr'>ψυχῆς</span> <span class='ocrx_word' id='word_1_337' title='bbox 985 3946 1152 4000; x_wconf 83' lang='grc' dir='ltr'>άΰλου</span> <span class='ocrx_word' id='word_1_338' title='bbox 1219 3946 1315 3999; x_wconf 76' lang='grc' dir='ltr'><strong>καὶ</strong></span> <span class='ocrx_word' id='word_1_339' title='bbox 1368 3946 1616 4016; x_wconf 83' lang='grc' dir='ltr'>σώματος</span> <span class='ocrx_word' id='word_1_340' title='bbox 1666 3944 1852 4000; x_wconf 85' lang='grc' dir='ltr'>ὑλικοῦ</span> 
     </span>
    </p>
   </div>
   <div class='ocr_carea' id='block_1_46' title="bbox 281 4038 1854 4110">
    <p class='ocr_par' dir='ltr' id='par_1_46' title="bbox 281 4038 1854 4110">
     <span class='ocr_line' id='line_1_46' title="bbox 281 4038 1854 4110; baseline -0.002 -16"><span class='ocrx_word' id='word_1_341' title='bbox 281 4042 589 4109; x_wconf 85' lang='grc' dir='ltr'>σύγκειται,</span> <span class='ocrx_word' id='word_1_342' title='bbox 624 4039 924 4110; x_wconf 84' lang='grc' dir='ltr'>Σωκράτης</span> <span class='ocrx_word' id='word_1_343' title='bbox 951 4076 967 4102; x_wconf 92' lang='grc'><strong>,</strong></span> <span class='ocrx_word' id='word_1_344' title='bbox 994 4039 1125 4109; x_wconf 85' lang='grc' dir='ltr'>φέρε</span> <span class='ocrx_word' id='word_1_345' title='bbox 1158 4040 1355 4102; x_wconf 77' lang='grc' dir='ltr'>εἰπεῖν,</span> <span class='ocrx_word' id='word_1_346' title='bbox 1386 4039 1419 4109; x_wconf 80' lang='grc' dir='ltr'>ἦ</span> <span class='ocrx_word' id='word_1_347' title='bbox 1453 4039 1678 4093; x_wconf 85' lang='grc' dir='ltr'>Πλάτων</span> <span class='ocrx_word' id='word_1_348' title='bbox 1708 4055 1722 4070; x_wconf 74' lang='grc' dir='ltr'><strong>ο</strong></span> <span class='ocrx_word' id='word_1_349' title='bbox 1757 4038 1854 4092; x_wconf 70' lang='grc' dir='ltr'><strong>καὶ</strong></span> 
     </span>
    </p>
   </div>
   <div class='ocr_carea' id='block_1_47' title="bbox 279 4128 1850 4201">
    <p class='ocr_par' dir='ltr' id='par_1_47' title="bbox 279 4128 1850 4201">
     <span class='ocr_line' id='line_1_47' title="bbox 279 4128 1850 4201; baseline -0.001 -16"><span class='ocrx_word' id='word_1_350' title='bbox 279 4132 355 4194; x_wconf 84' lang='grc' dir='ltr'>ὠς</span> <span class='ocrx_word' id='word_1_351' title='bbox 381 4132 587 4184; x_wconf 74' lang='grc' dir='ltr'>ἔνεστιν</span> <span class='ocrx_word' id='word_1_352' title='bbox 620 4130 768 4199; x_wconf 79' lang='grc' dir='ltr'>αὐτῷ</span> <span class='ocrx_word' id='word_1_353' title='bbox 810 4130 842 4199; x_wconf 86' lang='grc' dir='ltr'><strong>ή</strong></span> <span class='ocrx_word' id='word_1_354' title='bbox 871 4128 1140 4200; x_wconf 79' lang='grc' dir='ltr'><strong>ψυχὴ·τοῢ</strong></span> <span class='ocrx_word' id='word_1_355' title='bbox 1169 4131 1515 4201; x_wconf 85' lang='grc' dir='ltr'>Σωκράτους,</span> <span class='ocrx_word' id='word_1_356' title='bbox 1560 4132 1658 4185; x_wconf 79' lang='grc' dir='ltr'><strong>ἀπ’</strong></span> <span class='ocrx_word' id='word_1_357' title='bbox 1684 4131 1850 4186; x_wconf 76' lang='grc' dir='ltr'>αὑτοῦ</span> 
     </span>
    </p>
   </div>
   <div class='ocr_carea' id='block_1_48' title="bbox 280 4220 1853 4294">
    <p class='ocr_par' dir='ltr' id='par_1_48' title="bbox 280 4220 1853 4294">
     <span class='ocr_line' id='line_1_48' title="bbox 280 4220 1853 4294; baseline -0.003 -18"><span class='ocrx_word' id='word_1_358' title='bbox 280 4223 629 4294; x_wconf 85' lang='grc' dir='ltr'>χωρισθεῖσα,</span> <span class='ocrx_word' id='word_1_359' title='bbox 679 4220 770 4274; x_wconf 81' lang='grc' dir='ltr'>τὸν</span> <span class='ocrx_word' id='word_1_360' title='bbox 809 4221 1107 4291; x_wconf 80' lang='grc' dir='ltr'>Σωκράτην</span> <span class='ocrx_word' id='word_1_361' title='bbox 1141 4221 1320 4290; x_wconf 82' lang='grc' dir='ltr'>μένειν</span> <span class='ocrx_word' id='word_1_362' title='bbox 1364 4221 1648 4275; x_wconf 87' lang='grc' dir='ltr'>ἀδύνατον.</span> <span class='ocrx_word' id='word_1_363' title='bbox 1686 4222 1853 4290; x_wconf 82' lang='grc' dir='ltr'><strong>Λέγε-</strong></span> 
     </span>
    </p>
   </div>
   <div class='ocr_carea' id='block_1_49' title="bbox 1938 392 3510 468">
    <p class='ocr_par' dir='ltr' id='par_1_49' title="bbox 1938 392 3510 468">
     <span class='ocr_line' id='line_1_49' title="bbox 1938 392 3510 468; baseline -0.004 -14"><span class='ocrx_word' id='word_1_364' title='bbox 1938 402 2232 463; x_wconf 88' lang='lat' dir='ltr'><strong>innatura,</strong></span> <span class='ocrx_word' id='word_1_365' title='bbox 2289 398 2455 468; x_wconf 88' lang='lat' dir='ltr'><strong>inque</strong></span> <span class='ocrx_word' id='word_1_366' title='bbox 2486 409 2723 467; x_wconf 84' lang='lat' dir='ltr'><strong>persona</strong></span> <span class='ocrx_word' id='word_1_367' title='bbox 2782 402 2909 448; x_wconf 86' lang='lat' dir='ltr'><strong>actu</strong></span> <span class='ocrx_word' id='word_1_368' title='bbox 2944 392 3311 463; x_wconf 85' lang='lat' dir='ltr'><strong>deprehensa,</strong></span> <span class='ocrx_word' id='word_1_369' title='bbox 3357 401 3510 449; x_wconf 83' lang='lat' dir='ltr'><strong>recte</strong></span> 
     </span>
    </p>
   </div>
   <div class='ocr_carea' id='block_1_50' title="bbox 1938 484 3509 562">
    <p class='ocr_par' dir='ltr' id='par_1_50' title="bbox 1938 484 3509 562">
     <span class='ocr_line' id='line_1_50' title="bbox 1938 484 3509 562; baseline -0.005 -16"><span class='ocrx_word' id='word_1_370' title='bbox 1938 508 1967 546; x_wconf 90' lang='lat' dir='ltr'><strong>a</strong></span> <span class='ocrx_word' id='word_1_371' title='bbox 1995 506 2227 562; x_wconf 80' lang='lat' dir='ltr'><strong>persona</strong></span> <span class='ocrx_word' id='word_1_372' title='bbox 2259 490 2323 544; x_wconf 91' lang='lat' dir='ltr'><strong>ad</strong></span> <span class='ocrx_word' id='word_1_373' title='bbox 2351 499 2605 555; x_wconf 83' lang='lat' dir='ltr'><strong>naturam</strong></span> <span class='ocrx_word' id='word_1_374' title='bbox 2656 485 2995 541; x_wconf 89' lang='lat' dir='ltr'><strong>inferuntur.</strong></span> <span class='ocrx_word' id='word_1_375' title='bbox 3039 484 3193 538; x_wconf 84' lang='lat' dir='ltr'><strong>Haud</strong></span> <span class='ocrx_word' id='word_1_376' title='bbox 3219 484 3509 540; x_wconf 84' lang='lat' dir='ltr'><strong>dissimili-</strong></span> 
     </span>
    </p>
   </div>
   <div class='ocr_carea' id='block_1_51' title="bbox 1938 577 3510 650">
    <p class='ocr_par' dir='ltr' id='par_1_51' title="bbox 1938 577 3510 650">
     <span class='ocr_line' id='line_1_51' title="bbox 1938 577 3510 650; baseline -0.006 -12"><span class='ocrx_word' id='word_1_377' title='bbox 1938 593 2041 650; x_wconf 92' lang='lat' dir='ltr'><strong>ter,</strong></span> <span class='ocrx_word' id='word_1_378' title='bbox 2100 598 2223 637; x_wconf 91' lang='lat' dir='ltr'><strong>cum</strong></span> <span class='ocrx_word' id='word_1_379' title='bbox 2251 581 2453 636; x_wconf 85' lang='lat' dir='ltr'><strong>divisio</strong></span> <span class='ocrx_word' id='word_1_380' title='bbox 2484 580 2792 650; x_wconf 83' lang='lat' dir='ltr'><strong>specierum</strong></span> <span class='ocrx_word' id='word_1_381' title='bbox 2834 578 2888 631; x_wconf 90' lang='lat' dir='ltr'><strong>in</strong></span> <span class='ocrx_word' id='word_1_382' title='bbox 2912 592 3109 647; x_wconf 81' lang='lat' dir='ltr'><strong>genere</strong></span> <span class='ocrx_word' id='word_1_383' title='bbox 3143 577 3214 630; x_wconf 91' lang='lat' dir='ltr'><strong>sit</strong></span> <span class='ocrx_word' id='word_1_384' title='bbox 3242 578 3510 646; x_wconf 85' lang='lat' dir='ltr'><strong>potentia,</strong></span> 
     </span>
    </p>
   </div>
   <div class='ocr_carea' id='block_1_52' title="bbox 1939 668 3513 745">
    <p class='ocr_par' dir='ltr' id='par_1_52' title="bbox 1939 668 3513 745">
     <span class='ocr_line' id='line_1_52' title="bbox 1939 668 3513 745; baseline -0.006 -14"><span class='ocrx_word' id='word_1_385' title='bbox 1939 677 1995 731; x_wconf 92' lang='lat' dir='ltr'><strong>in</strong></span> <span class='ocrx_word' id='word_1_386' title='bbox 2039 675 2334 745; x_wconf 82' lang='lat' dir='ltr'><strong>speciebus</strong></span> <span class='ocrx_word' id='word_1_387' title='bbox 2380 673 2665 742; x_wconf 74' lang='lat' dir='ltr'><strong>verojam</strong></span> <span class='ocrx_word' id='word_1_388' title='bbox 2720 681 2843 725; x_wconf 88' lang='lat' dir='ltr'><strong>actu</strong></span> <span class='ocrx_word' id='word_1_389' title='bbox 2895 673 3038 741; x_wconf 89' lang='lat' dir='ltr'><strong>ipso,</strong></span> <span class='ocrx_word' id='word_1_390' title='bbox 3096 670 3311 722; x_wconf 78' lang='lat' dir='ltr'><strong>ratione</strong></span> <span class='ocrx_word' id='word_1_391' title='bbox 3367 668 3423 721; x_wconf 86' lang='lat' dir='ltr'><strong>fit</strong></span> <span class='ocrx_word' id='word_1_392' title='bbox 3453 677 3513 721; x_wconf 92' lang='lat' dir='ltr'><strong>ut</strong></span> 
     </span>
    </p>
   </div>
   <div class='ocr_carea' id='block_1_53' title="bbox 1939 761 3511 837">
    <p class='ocr_par' dir='ltr' id='par_1_53' title="bbox 1939 761 3511 837">
     <span class='ocr_line' id='line_1_53' title="bbox 1939 761 3511 837; baseline -0.008 -15"><span class='ocrx_word' id='word_1_393' title='bbox 1939 782 1968 822; x_wconf 86' lang='lat' dir='ltr'><strong>a</strong></span> <span class='ocrx_word' id='word_1_394' title='bbox 2002 767 2290 837; x_wconf 87' lang='lat' dir='ltr'><strong>speciebus</strong></span> <span class='ocrx_word' id='word_1_395' title='bbox 2324 764 2391 818; x_wconf 91' lang='lat' dir='ltr'><strong>ad</strong></span> <span class='ocrx_word' id='word_1_396' title='bbox 2433 780 2608 834; x_wconf 79' lang='lat' dir='ltr'><strong>genus</strong></span> <span class='ocrx_word' id='word_1_397' title='bbox 2662 761 2957 817; x_wconf 87' lang='lat' dir='ltr'><strong>inferatur.</strong></span> <span class='ocrx_word' id='word_1_398' title='bbox 2992 761 3111 826; x_wconf 86' lang='lat' dir='ltr'><strong>Quo</strong></span> <span class='ocrx_word' id='word_1_399' title='bbox 3163 762 3345 821; x_wconf 85' lang='lat' dir='ltr'><strong>modo,</strong></span> <span class='ocrx_word' id='word_1_400' title='bbox 3388 773 3511 812; x_wconf 76' lang='lat' dir='ltr'><strong>rum</strong></span> 
     </span>
    </p>
   </div>
   <div class='ocr_carea' id='block_1_54' title="bbox 1937 852 3515 925">
    <p class='ocr_par' dir='ltr' id='par_1_54' title="bbox 1937 852 3515 925">
     <span class='ocr_line' id='line_1_54' title="bbox 1937 852 3515 925; baseline -0.006 -12"><span class='ocrx_word' id='word_1_401' title='bbox 1937 859 2001 913; x_wconf 73' lang='grc' dir='ltr'>τὸ</span> <span class='ocrx_word' id='word_1_402' title='bbox 2050 858 2320 913; x_wconf 87' lang='lat' dir='ltr'><strong>rationale</strong></span> <span class='ocrx_word' id='word_1_403' title='bbox 2385 856 2460 912; x_wconf 85' lang='lat' dir='ltr'><strong>sit</strong></span> <span class='ocrx_word' id='word_1_404' title='bbox 2500 857 2557 909; x_wconf 93' lang='lat' dir='ltr'><strong>in</strong></span> <span class='ocrx_word' id='word_1_405' title='bbox 2607 856 2831 909; x_wconf 88' lang='lat' dir='ltr'><strong>animali</strong></span> <span class='ocrx_word' id='word_1_406' title='bbox 2877 853 3140 925; x_wconf 89' lang='lat' dir='ltr'><strong>potentia,</strong></span> <span class='ocrx_word' id='word_1_407' title='bbox 3182 853 3236 905; x_wconf 92' lang='lat' dir='ltr'><strong>in</strong></span> <span class='ocrx_word' id='word_1_408' title='bbox 3295 852 3515 904; x_wconf 79' lang='lat' dir='ltr'><strong>homine</strong></span> 
     </span>
    </p>
   </div>
   <div class='ocr_carea' id='block_1_55' title="bbox 1941 941 3514 1016">
    <p class='ocr_par' dir='ltr' id='par_1_55' title="bbox 1941 941 3514 1016">
     <span class='ocr_line' id='line_1_55' title="bbox 1941 941 3514 1016; baseline -0.006 -12"><span class='ocrx_word' id='word_1_409' title='bbox 1941 965 2070 1005; x_wconf 79' lang='lat' dir='ltr'><strong>vero</strong></span> <span class='ocrx_word' id='word_1_410' title='bbox 2133 958 2293 1016; x_wconf 87' lang='lat' dir='ltr'><strong>actu;</strong></span> <span class='ocrx_word' id='word_1_411' title='bbox 2332 947 2570 1002; x_wconf 84' lang='lat' dir='ltr'><strong>dicimus</strong></span> <span class='ocrx_word' id='word_1_412' title='bbox 2611 945 2812 999; x_wconf 78' lang='lat' dir='ltr'><strong>animal</strong></span> <span class='ocrx_word' id='word_1_413' title='bbox 2842 942 3111 998; x_wconf 72' lang='lat' dir='ltr'><strong>rationale</strong></span> <span class='ocrx_word' id='word_1_414' title='bbox 3162 941 3514 1000; x_wconf 85' lang='lat' dir='ltr'><strong>secundario.</strong></span> 
     </span>
    </p>
   </div>
   <div class='ocr_carea' id='block_1_56' title="bbox 1941 1034 3506 1113">
    <p class='ocr_par' dir='ltr' id='par_1_56' title="bbox 1941 1034 3506 1113">
     <span class='ocr_line' id='line_1_56' title="bbox 1941 1034 3506 1113; baseline -0.006 -20"><span class='ocrx_word' id='word_1_415' title='bbox 1941 1044 2085 1113; x_wconf 84' lang='lat' dir='ltr'><strong>quod</strong></span> <span class='ocrx_word' id='word_1_416' title='bbox 2120 1043 2279 1095; x_wconf 91' lang='lat' dir='ltr'><strong>homo</strong></span> <span class='ocrx_word' id='word_1_417' title='bbox 2307 1042 2379 1095; x_wconf 88' lang='lat' dir='ltr'><strong>sit</strong></span> <span class='ocrx_word' id='word_1_418' title='bbox 2398 1039 2701 1094; x_wconf 84' lang='lat' dir='ltr'><strong>rationalis.</strong></span> <span class='ocrx_word' id='word_1_419' title='bbox 2737 1038 2813 1090; x_wconf 78' lang='lat' dir='ltr'><strong>Ad</strong></span> <span class='ocrx_word' id='word_1_420' title='bbox 2855 1039 2988 1099; x_wconf 52' lang='lat' dir='ltr'><strong>haec,</strong></span> <span class='ocrx_word' id='word_1_421' title='bbox 3043 1034 3506 1104; x_wconf 81' lang='lat' dir='ltr'><strong>quemadmodum</strong></span> 
     </span>
    </p>
   </div>
   <div class='ocr_carea' id='block_1_57' title="bbox 1943 1125 3515 1199">
    <p class='ocr_par' dir='ltr' id='par_1_57' title="bbox 1943 1125 3515 1199">
     <span class='ocr_line' id='line_1_57' title="bbox 1943 1125 3515 1199; baseline -0.006 -13"><span class='ocrx_word' id='word_1_422' title='bbox 1943 1132 2260 1186; x_wconf 74' lang='lat' dir='ltr'><strong>differentia:</strong></span> <span class='ocrx_word' id='word_1_423' title='bbox 2298 1129 2515 1199; x_wconf 89' lang='lat' dir='ltr'><strong>proprie</strong></span> <span class='ocrx_word' id='word_1_424' title='bbox 2542 1127 3030 1191; x_wconf 70' lang='lat' dir='ltr'><strong>characteristicaa,</strong></span> <span class='ocrx_word' id='word_1_425' title='bbox 3056 1140 3189 1193; x_wconf 70' lang='lat' dir='ltr'><strong>qua:</strong></span> <span class='ocrx_word' id='word_1_426' title='bbox 3243 1125 3515 1194; x_wconf 70' lang='lat' dir='ltr'><strong>cujusilue</strong></span> 
     </span>
    </p>
   </div>
   <div class='ocr_carea' id='block_1_58' title="bbox 1946 1215 3516 1289">
    <p class='ocr_par' dir='ltr' id='par_1_58' title="bbox 1946 1215 3516 1289">
     <span class='ocr_line' id='line_1_58' title="bbox 1946 1215 3516 1289; baseline -0.006 -14"><span class='ocrx_word' id='word_1_427' title='bbox 1946 1221 2227 1275; x_wconf 86' lang='lat' dir='ltr'><strong>hominum</strong></span> <span class='ocrx_word' id='word_1_428' title='bbox 2274 1229 2400 1275; x_wconf 89' lang='lat' dir='ltr'><strong>sunt</strong></span> <span class='ocrx_word' id='word_1_429' title='bbox 2430 1233 2698 1289; x_wconf 66' lang='lat' dir='ltr'><strong>personae,</strong></span> <span class='ocrx_word' id='word_1_430' title='bbox 2730 1217 2977 1287; x_wconf 88' lang='lat' dir='ltr'><strong>potentia</strong></span> <span class='ocrx_word' id='word_1_431' title='bbox 3024 1215 3245 1286; x_wconf 87' lang='lat' dir='ltr'><strong>quidem</strong></span> <span class='ocrx_word' id='word_1_432' title='bbox 3277 1231 3516 1270; x_wconf 85' lang='lat' dir='ltr'><strong>cernun-</strong></span> 
     </span>
    </p>
   </div>
   <div class='ocr_carea' id='block_1_59' title="bbox 1945 1307 3516 1375">
    <p class='ocr_par' dir='ltr' id='par_1_59' title="bbox 1945 1307 3516 1375">
     <span class='ocr_line' id='line_1_59' title="bbox 1945 1307 3516 1375; baseline -0.006 -7"><span class='ocrx_word' id='word_1_433' title='bbox 1945 1322 2033 1368; x_wconf 92' lang='lat' dir='ltr'><strong>tur</strong></span> <span class='ocrx_word' id='word_1_434' title='bbox 2076 1315 2132 1368; x_wconf 94' lang='lat' dir='ltr'><strong>in</strong></span> <span class='ocrx_word' id='word_1_435' title='bbox 2187 1314 2439 1375; x_wconf 85' lang='lat' dir='ltr'><strong>homine,</strong></span> <span class='ocrx_word' id='word_1_436' title='bbox 2471 1312 2524 1365; x_wconf 92' lang='lat' dir='ltr'><strong>in</strong></span> <span class='ocrx_word' id='word_1_437' title='bbox 2557 1310 2784 1365; x_wconf 84' lang='lat' dir='ltr'><strong>Socrate</strong></span> <span class='ocrx_word' id='word_1_438' title='bbox 2832 1324 2963 1363; x_wconf 82' lang='lat' dir='ltr'><strong>vero</strong></span> <span class='ocrx_word' id='word_1_439' title='bbox 3010 1316 3066 1363; x_wconf 89' lang='lat' dir='ltr'><strong>et</strong></span> <span class='ocrx_word' id='word_1_440' title='bbox 3113 1307 3343 1361; x_wconf 80' lang='lat' dir='ltr'><strong>Platone</strong></span> <span class='ocrx_word' id='word_1_441' title='bbox 3397 1307 3516 1360; x_wconf 83' lang='lat' dir='ltr'><strong>fue-</strong></span> 
     </span>
    </p>
   </div>
   <div class='ocr_carea' id='block_1_60' title="bbox 1945 1400 3513 1474">
    <p class='ocr_par' dir='ltr' id='par_1_60' title="bbox 1945 1400 3513 1474">
     <span class='ocr_line' id='line_1_60' title="bbox 1945 1400 3513 1474; baseline -0.008 -9"><span class='ocrx_word' id='word_1_442' title='bbox 1945 1415 2075 1465; x_wconf 82' lang='lat' dir='ltr'><strong>runt</strong></span> <span class='ocrx_word' id='word_1_443' title='bbox 2106 1417 2270 1471; x_wconf 74' lang='lat' dir='ltr'><strong>artu;</strong></span> <span class='ocrx_word' id='word_1_444' title='bbox 2324 1419 2457 1460; x_wconf 90' lang='lat' dir='ltr'><strong>tunc</strong></span> <span class='ocrx_word' id='word_1_445' title='bbox 2504 1418 2722 1474; x_wconf 86' lang='lat' dir='ltr'><strong>quoque</strong></span> <span class='ocrx_word' id='word_1_446' title='bbox 2755 1416 3035 1472; x_wconf 75' lang='lat' dir='ltr'><strong>apersona</strong></span> <span class='ocrx_word' id='word_1_447' title='bbox 3065 1401 3179 1455; x_wconf 86' lang='lat' dir='ltr'><strong>sive</strong></span> <span class='ocrx_word' id='word_1_448' title='bbox 3211 1400 3513 1462; x_wconf 77' lang='lat' dir='ltr'><strong>individuo,</strong></span> 
     </span>
    </p>
   </div>
   <div class='ocr_carea' id='block_1_61' title="bbox 1947 1491 3510 1556">
    <p class='ocr_par' dir='ltr' id='par_1_61' title="bbox 1947 1491 3510 1556">
     <span class='ocr_line' id='line_1_61' title="bbox 1947 1491 3510 1556; baseline -0.006 -1"><span class='ocrx_word' id='word_1_449' title='bbox 1947 1507 2041 1556; x_wconf 91' lang='lat' dir='ltr'><strong>aut</strong></span> <span class='ocrx_word' id='word_1_450' title='bbox 2075 1515 2102 1553; x_wconf 89' lang='lat' dir='ltr'><strong>a</strong></span> <span class='ocrx_word' id='word_1_451' title='bbox 2135 1498 2362 1552; x_wconf 79' lang='lat' dir='ltr'><strong>Socrate</strong></span> <span class='ocrx_word' id='word_1_452' title='bbox 2391 1496 2457 1549; x_wconf 91' lang='lat' dir='ltr'><strong>ad</strong></span> <span class='ocrx_word' id='word_1_453' title='bbox 2491 1495 2765 1549; x_wconf 86' lang='lat' dir='ltr'><strong>hominem</strong></span> <span class='ocrx_word' id='word_1_454' title='bbox 2794 1493 3129 1548; x_wconf 90' lang='lat' dir='ltr'><strong>referuntur.</strong></span> <span class='ocrx_word' id='word_1_455' title='bbox 3197 1491 3287 1546; x_wconf 88' lang='lat' dir='ltr'><strong>Sic</strong></span> <span class='ocrx_word' id='word_1_456' title='bbox 3321 1492 3510 1546; x_wconf 84' lang='lat' dir='ltr'><strong>Sorra-</strong></span> 
     </span>
    </p>
   </div>
   <div class='ocr_carea' id='block_1_62' title="bbox 1948 1583 3516 1649">
    <p class='ocr_par' dir='ltr' id='par_1_62' title="bbox 1948 1583 3516 1649">
     <span class='ocr_line' id='line_1_62' title="bbox 1948 1583 3516 1649; baseline -0.005 -5"><span class='ocrx_word' id='word_1_457' title='bbox 1948 1599 2054 1645; x_wconf 86' lang='lat' dir='ltr'><strong>tem</strong></span> <span class='ocrx_word' id='word_1_458' title='bbox 2092 1590 2330 1645; x_wconf 87' lang='lat' dir='ltr'><strong>dicimus</strong></span> <span class='ocrx_word' id='word_1_459' title='bbox 2376 1587 2579 1641; x_wconf 91' lang='lat' dir='ltr'><strong>habere</strong></span> <span class='ocrx_word' id='word_1_460' title='bbox 2613 1599 2808 1638; x_wconf 87' lang='lat' dir='ltr'><strong>nasum</strong></span> <span class='ocrx_word' id='word_1_461' title='bbox 2846 1583 3276 1649; x_wconf 69' lang='lat' dir='ltr'><strong>aduncum,&#39;aut</strong></span> <span class='ocrx_word' id='word_1_462' title='bbox 3302 1584 3516 1636; x_wconf 77' lang='lat' dir='ltr'><strong>calvum</strong></span> 
     </span>
    </p>
   </div>
   <div class='ocr_carea' id='block_1_63' title="bbox 1947 1676 3516 1751">
    <p class='ocr_par' dir='ltr' id='par_1_63' title="bbox 1947 1676 3516 1751">
     <span class='ocr_line' id='line_1_63' title="bbox 1947 1676 3516 1751; baseline -0.006 -11"><span class='ocrx_word' id='word_1_463' title='bbox 1947 1700 2106 1751; x_wconf 86' lang='lat' dir='ltr'><strong>esse;</strong></span> <span class='ocrx_word' id='word_1_464' title='bbox 2133 1680 2463 1739; x_wconf 86' lang='lat' dir='ltr'><strong>secundario</strong></span> <span class='ocrx_word' id='word_1_465' title='bbox 2501 1687 2707 1744; x_wconf 91' lang='lat' dir='ltr'><strong>autem,</strong></span> <span class='ocrx_word' id='word_1_466' title='bbox 2738 1690 2960 1749; x_wconf 85' lang='lat' dir='ltr'><strong>propter</strong></span> <span class='ocrx_word' id='word_1_467' title='bbox 2993 1676 3304 1740; x_wconf 84' lang='lat' dir='ltr'><strong>Socratem,</strong></span> <span class='ocrx_word' id='word_1_468' title='bbox 3336 1677 3516 1747; x_wconf 91' lang='lat' dir='ltr'><strong>ipsum</strong></span> 
     </span>
    </p>
   </div>
   <div class='ocr_carea' id='block_1_64' title="bbox 1948 1770 3516 1840">
    <p class='ocr_par' dir='ltr' id='par_1_64' title="bbox 1948 1770 3516 1840">
     <span class='ocr_line' id='line_1_64' title="bbox 1948 1770 3516 1840; baseline -0.006 -9"><span class='ocrx_word' id='word_1_469' title='bbox 1948 1777 2226 1831; x_wconf 87' lang='lat' dir='ltr'><strong>hominem</strong></span> <span class='ocrx_word' id='word_1_470' title='bbox 2260 1789 2384 1829; x_wconf 85' lang='lat' dir='ltr'><strong>esse</strong></span> <span class='ocrx_word' id='word_1_471' title='bbox 2409 1772 2528 1831; x_wconf 85' lang='lat' dir='ltr'><strong>nasi</strong></span> <span class='ocrx_word' id='word_1_472' title='bbox 2561 1772 2759 1826; x_wconf 88' lang='lat' dir='ltr'><strong>adunci</strong></span> <span class='ocrx_word' id='word_1_473' title='bbox 2781 1782 2872 1825; x_wconf 86' lang='lat' dir='ltr'><strong>aut</strong></span> <span class='ocrx_word' id='word_1_474' title='bbox 2898 1771 3112 1826; x_wconf 87' lang='lat' dir='ltr'><strong>calvum</strong></span> <span class='ocrx_word' id='word_1_475' title='bbox 3142 1770 3516 1840; x_wconf 82' lang='lat' dir='ltr'><strong>perhibemus,</strong></span> 
     </span>
    </p>
   </div>
   <div class='ocr_carea' id='block_1_65' title="bbox 1950 1854 3519 1938">
    <p class='ocr_par' dir='ltr' id='par_1_65' title="bbox 1950 1854 3519 1938">
     <span class='ocr_line' id='line_1_65' title="bbox 1950 1854 3519 1938; baseline -0.005 -17"><span class='ocrx_word' id='word_1_476' title='bbox 1950 1876 2108 1938; x_wconf 84' lang='lat' dir='ltr'><strong>prout</strong></span> <span class='ocrx_word' id='word_1_477' title='bbox 2137 1869 2203 1921; x_wconf 87' lang='lat' dir='ltr'><strong>ab</strong></span> <span class='ocrx_word' id='word_1_478' title='bbox 2227 1854 2446 1920; x_wconf 81' lang='lat' dir='ltr'><strong>homine</strong></span> <span class='ocrx_word' id='word_1_479' title='bbox 2467 1864 2878 1919; x_wconf 77' lang='lat' dir='ltr'><strong>enuntiarimus</strong></span> <span class='ocrx_word' id='word_1_480' title='bbox 2908 1863 3188 1933; x_wconf 86' lang='lat' dir='ltr'><strong>accepisse</strong></span> <span class='ocrx_word' id='word_1_481' title='bbox 3223 1862 3368 1915; x_wconf 89' lang='lat' dir='ltr'><strong>illam</strong></span> <span class='ocrx_word' id='word_1_482' title='bbox 3405 1861 3519 1913; x_wconf 59' lang='lat' dir='ltr'><strong>nasi</strong></span> 
     </span>
    </p>
   </div>
   <div class='ocr_carea' id='block_1_66' title="bbox 1950 1951 3519 2021">
    <p class='ocr_par' dir='ltr' id='par_1_66' title="bbox 1950 1951 3519 2021">
     <span class='ocr_line' id='line_1_66' title="bbox 1950 1951 3519 2021; baseline -0.005 -8"><span class='ocrx_word' id='word_1_483' title='bbox 1950 1958 2363 2021; x_wconf 87' lang='lat' dir='ltr'><strong>aduncitatem,</strong></span> <span class='ocrx_word' id='word_1_484' title='bbox 2419 1956 2505 2010; x_wconf 79' lang='lat' dir='ltr'><strong>vel</strong></span> <span class='ocrx_word' id='word_1_485' title='bbox 2555 1955 2703 2009; x_wconf 89' lang='lat' dir='ltr'><strong>illam</strong></span> <span class='ocrx_word' id='word_1_486' title='bbox 2769 1954 3069 2010; x_wconf 82' lang='lat' dir='ltr'><strong>calvitiem.</strong></span> <span class='ocrx_word' id='word_1_487' title='bbox 3127 1951 3519 2011; x_wconf 83' lang='lat' dir='ltr'><strong>Verumtamen</strong></span> 
     </span>
    </p>
   </div>
   <div class='ocr_carea' id='block_1_67' title="bbox 1950 2045 3524 2119">
    <p class='ocr_par' dir='ltr' id='par_1_67' title="bbox 1950 2045 3524 2119">
     <span class='ocr_line' id='line_1_67' title="bbox 1950 2045 3524 2119; baseline -0.008 -9"><span class='ocrx_word' id='word_1_488' title='bbox 1950 2053 2193 2110; x_wconf 90' lang='lat' dir='ltr'><strong>omnium</strong></span> <span class='ocrx_word' id='word_1_489' title='bbox 2222 2052 2440 2117; x_wconf 84' lang='lat' dir='ltr'><strong>horum,</strong></span> <span class='ocrx_word' id='word_1_490' title='bbox 2473 2063 2816 2119; x_wconf 66' lang='lat' dir='ltr'><strong>quaecunque</strong></span> <span class='ocrx_word' id='word_1_491' title='bbox 2850 2048 2946 2102; x_wconf 90' lang='lat' dir='ltr'><strong>Dei</strong></span> <span class='ocrx_word' id='word_1_492' title='bbox 2973 2047 3146 2115; x_wconf 87' lang='grc' dir='ltr'>Λόγου</span> <span class='ocrx_word' id='word_1_493' title='bbox 3177 2059 3423 2116; x_wconf 65' lang='lat' dir='ltr'><strong>persona!</strong></span> <span class='ocrx_word' id='word_1_494' title='bbox 3456 2045 3524 2101; x_wconf 79' lang='lat' dir='ltr'><strong>ab</strong></span> 
     </span>
    </p>
   </div>
   <div class='ocr_carea' id='block_1_68' title="bbox 1952 2139 3525 2212">
    <p class='ocr_par' dir='ltr' id='par_1_68' title="bbox 1952 2139 3525 2212">
     <span class='ocr_line' id='line_1_68' title="bbox 1952 2139 3525 2212; baseline -0.007 -11"><span class='ocrx_word' id='word_1_495' title='bbox 1952 2148 2192 2201; x_wconf 88' lang='lat' dir='ltr'><strong>humana</strong></span> <span class='ocrx_word' id='word_1_496' title='bbox 2227 2159 2428 2207; x_wconf 83' lang='lat' dir='ltr'><strong>massa,</strong></span> <span class='ocrx_word' id='word_1_497' title='bbox 2461 2150 2686 2212; x_wconf 83' lang='lat' dir='ltr'><strong>propter</strong></span> <span class='ocrx_word' id='word_1_498' title='bbox 2735 2142 2989 2195; x_wconf 88' lang='lat' dir='ltr'><strong>unionem</strong></span> <span class='ocrx_word' id='word_1_499' title='bbox 3041 2139 3407 2210; x_wconf 89' lang='lat' dir='ltr'><strong>personalem,</strong></span> <span class='ocrx_word' id='word_1_500' title='bbox 3434 2153 3525 2192; x_wconf 85' lang='lat' dir='ltr'><strong>ac-</strong></span> 
     </span>
    </p>
   </div>
   <div class='ocr_carea' id='block_1_69' title="bbox 1952 2214 3524 2303">
    <p class='ocr_par' dir='ltr' id='par_1_69' title="bbox 1952 2214 3524 2303">
     <span class='ocr_line' id='line_1_69' title="bbox 1952 2214 3524 2303; baseline -0.008 -9"><span class='ocrx_word' id='word_1_501' title='bbox 1952 2246 2271 2294; x_wconf 88' lang='lat' dir='ltr'><strong>cesssernnt</strong></span> <span class='ocrx_word' id='word_1_502' title='bbox 2291 2274 2306 2296; x_wconf 84' lang='lat'><strong>,</strong></span> <span class='ocrx_word' id='word_1_503' title='bbox 2336 2235 2473 2289; x_wconf 90' lang='lat' dir='ltr'><strong>nihil</strong></span> <span class='ocrx_word' id='word_1_504' title='bbox 2503 2248 2742 2303; x_wconf 85' lang='lat' dir='ltr'><strong>unquam</strong></span> <span class='ocrx_word' id='word_1_505' title='bbox 2776 2232 3096 2303; x_wconf 83' lang='lat' dir='ltr'><strong>quidquam,</strong></span> <span class='ocrx_word' id='word_1_506' title='bbox 3121 2214 3524 2302; x_wconf 49' lang='lat' dir='ltr'><strong>neque-poten—</strong></span> 
     </span>
    </p>
   </div>
   <div class='ocr_carea' id='block_1_70' title="bbox 1954 2326 3524 2397">
    <p class='ocr_par' dir='ltr' id='par_1_70' title="bbox 1954 2326 3524 2397">
     <span class='ocr_line' id='line_1_70' title="bbox 1954 2326 3524 2397; baseline -0.007 -14"><span class='ocrx_word' id='word_1_507' title='bbox 1954 2331 2054 2397; x_wconf 87' lang='lat' dir='ltr'><strong>tia,</strong></span> <span class='ocrx_word' id='word_1_508' title='bbox 2110 2343 2285 2395; x_wconf 85' lang='lat' dir='ltr'><strong>neque</strong></span> <span class='ocrx_word' id='word_1_509' title='bbox 2344 2336 2491 2387; x_wconf 83' lang='lat' dir='ltr'><strong>actu.</strong></span> <span class='ocrx_word' id='word_1_510' title='bbox 2570 2326 2621 2377; x_wconf 91' lang='lat' dir='ltr'><strong>in</strong></span> <span class='ocrx_word' id='word_1_511' title='bbox 2684 2340 2789 2378; x_wconf 90' lang='lat' dir='ltr'><strong>non</strong></span> <span class='ocrx_word' id='word_1_512' title='bbox 2825 2333 3031 2386; x_wconf 86' lang='lat' dir='ltr'><strong>creata,</strong></span> <span class='ocrx_word' id='word_1_513' title='bbox 3097 2338 3203 2377; x_wconf 87' lang='lat' dir='ltr'><strong>non</strong></span> <span class='ocrx_word' id='word_1_514' title='bbox 3240 2335 3524 2389; x_wconf 85' lang='lat' dir='ltr'><strong>corporea,</strong></span> 
     </span>
    </p>
   </div>
   <div class='ocr_carea' id='block_1_71' title="bbox 1956 2412 3527 2489">
    <p class='ocr_par' dir='ltr' id='par_1_71' title="bbox 1956 2412 3527 2489">
     <span class='ocr_line' id='line_1_71' title="bbox 1956 2412 3527 2489; baseline -0.004 -15"><span class='ocrx_word' id='word_1_515' title='bbox 1956 2436 2062 2474; x_wconf 91' lang='lat' dir='ltr'><strong>non</strong></span> <span class='ocrx_word' id='word_1_516' title='bbox 2105 2418 2311 2489; x_wconf 87' lang='lat' dir='ltr'><strong>patibili</strong></span> <span class='ocrx_word' id='word_1_517' title='bbox 2373 2424 2491 2470; x_wconf 87' lang='lat' dir='ltr'><strong>erat</strong></span> <span class='ocrx_word' id='word_1_518' title='bbox 2535 2416 2721 2471; x_wconf 82' lang='lat' dir='ltr'><strong>divina</strong></span> <span class='ocrx_word' id='word_1_519' title='bbox 2775 2424 2991 2469; x_wconf 87' lang='lat' dir='ltr'><strong>natura.</strong></span> <span class='ocrx_word' id='word_1_520' title='bbox 3017 2412 3192 2483; x_wconf 85' lang='lat' dir='ltr'><strong>Hujus</strong></span> <span class='ocrx_word' id='word_1_521' title='bbox 3226 2415 3302 2468; x_wconf 93' lang='lat' dir='ltr'><strong>rei</strong></span> <span class='ocrx_word' id='word_1_522' title='bbox 3351 2414 3527 2484; x_wconf 75' lang='lat' dir='ltr'><strong>gratia</strong></span> 
     </span>
    </p>
   </div>
   <div class='ocr_carea' id='block_1_72' title="bbox 1955 2507 3526 2576">
    <p class='ocr_par' dir='ltr' id='par_1_72' title="bbox 1955 2507 3526 2576">
     <span class='ocr_line' id='line_1_72' title="bbox 1955 2507 3526 2576; baseline -0.005 -12"><span class='ocrx_word' id='word_1_523' title='bbox 1955 2521 2215 2565; x_wconf 79' lang='lat' dir='ltr'><strong>a-ternum</strong></span> <span class='ocrx_word' id='word_1_524' title='bbox 2237 2524 2368 2564; x_wconf 90' lang='lat' dir='ltr'><strong>sane</strong></span> <span class='ocrx_word' id='word_1_525' title='bbox 2390 2507 2589 2561; x_wconf 88' lang='lat' dir='ltr'><strong>Filium</strong></span> <span class='ocrx_word' id='word_1_526' title='bbox 2619 2508 2853 2563; x_wconf 88' lang='lat' dir='ltr'><strong>dicimus</strong></span> <span class='ocrx_word' id='word_1_527' title='bbox 2883 2521 3103 2562; x_wconf 87' lang='lat' dir='ltr'><strong>carnem</strong></span> <span class='ocrx_word' id='word_1_528' title='bbox 3135 2507 3526 2576; x_wconf 75' lang='lat' dir='ltr'><strong>assumpsisse,</strong></span> 
     </span>
    </p>
   </div>
   <div class='ocr_carea' id='block_1_73' title="bbox 1957 2598 3529 2664">
    <p class='ocr_par' dir='ltr' id='par_1_73' title="bbox 1957 2598 3529 2664">
     <span class='ocr_line' id='line_1_73' title="bbox 1957 2598 3529 2664; baseline -0.009 -7"><span class='ocrx_word' id='word_1_529' title='bbox 1957 2603 2282 2657; x_wconf 83' lang='lat' dir='ltr'><strong>crucifixum</strong></span> <span class='ocrx_word' id='word_1_530' title='bbox 2310 2607 2364 2656; x_wconf 90' lang='lat' dir='ltr'><strong>et</strong></span> <span class='ocrx_word' id='word_1_531' title='bbox 2403 2607 2679 2653; x_wconf 85' lang='lat' dir='ltr'><strong>mortuum</strong></span> <span class='ocrx_word' id='word_1_532' title='bbox 2724 2614 2878 2664; x_wconf 85' lang='lat' dir='ltr'><strong>esse;</strong></span> <span class='ocrx_word' id='word_1_533' title='bbox 2914 2598 3140 2652; x_wconf 85' lang='lat' dir='ltr'><strong>minime</strong></span> <span class='ocrx_word' id='word_1_534' title='bbox 3191 2611 3340 2662; x_wconf 84' lang='lat' dir='ltr'><strong>vero,</strong></span> <span class='ocrx_word' id='word_1_535' title='bbox 3368 2606 3529 2650; x_wconf 63' lang='lat' dir='ltr'><strong>natu.</strong></span> 
     </span>
    </p>
   </div>
   <div class='ocr_carea' id='block_1_74' title="bbox 1956 2686 3529 2759">
    <p class='ocr_par' dir='ltr' id='par_1_74' title="bbox 1956 2686 3529 2759">
     <span class='ocr_line' id='line_1_74' title="bbox 1956 2686 3529 2759; baseline -0.003 -14"><span class='ocrx_word' id='word_1_536' title='bbox 1956 2708 2072 2745; x_wconf 90' lang='lat' dir='ltr'><strong>ram</strong></span> <span class='ocrx_word' id='word_1_537' title='bbox 2123 2690 2386 2755; x_wconf 75' lang='lat' dir='ltr'><strong>divinam,</strong></span> <span class='ocrx_word' id='word_1_538' title='bbox 2421 2688 2673 2759; x_wconf 75' lang='lat' dir='ltr'><strong>quamvis</strong></span> <span class='ocrx_word' id='word_1_539' title='bbox 2729 2688 2856 2741; x_wconf 89' lang='lat' dir='ltr'><strong>talia</strong></span> <span class='ocrx_word' id='word_1_540' title='bbox 2894 2701 3145 2758; x_wconf 66' lang='lat' dir='ltr'><strong>persona</strong></span> <span class='ocrx_word' id='word_1_541' title='bbox 3174 2687 3293 2756; x_wconf 86' lang='lat' dir='ltr'><strong>ejus</strong></span> <span class='ocrx_word' id='word_1_542' title='bbox 3322 2686 3529 2757; x_wconf 78' lang='lat' dir='ltr'><strong>obtige-</strong></span> 
     </span>
    </p>
   </div>
   <div class='ocr_carea' id='block_1_75' title="bbox 1955 2783 2091 2837">
    <p class='ocr_par' dir='ltr' id='par_1_75' title="bbox 1955 2783 2091 2837">
     <span class='ocr_line' id='line_1_75' title="bbox 1955 2783 2091 2837; baseline 0.007 -2"><span class='ocrx_word' id='word_1_543' title='bbox 1955 2783 2091 2837; x_wconf 89' lang='lat' dir='ltr'><strong>rint.</strong></span> 
     </span>
    </p>
   </div>
   <div class='ocr_carea' id='block_1_76' title="bbox 1881 2951 3527 3055">
    <p class='ocr_par' dir='ltr' id='par_1_76' title="bbox 1881 2951 3527 3055">
     <span class='ocr_line' id='line_1_76' title="bbox 1881 2951 3527 3055; baseline -0.007 -43"><span class='ocrx_word' id='word_1_544' title='bbox 1881 2992 1926 3055; x_wconf 66' lang='grc' dir='ltr'>Ο</span> <span class='ocrx_word' id='word_1_545' title='bbox 2028 2954 2183 3021; x_wconf 80' lang='lat' dir='ltr'><strong>Quod</strong></span> <span class='ocrx_word' id='word_1_546' title='bbox 2215 2954 2258 3008; x_wconf 88' lang='lat' dir='ltr'><strong>si</strong></span> <span class='ocrx_word' id='word_1_547' title='bbox 2284 2953 2522 3024; x_wconf 88' lang='lat' dir='ltr'><strong>seipsum</strong></span> <span class='ocrx_word' id='word_1_548' title='bbox 2577 2952 2775 3022; x_wconf 85' lang='lat' dir='ltr'><strong>aliquis</strong></span> <span class='ocrx_word' id='word_1_549' title='bbox 2820 2958 3046 3023; x_wconf 80' lang='lat' dir='ltr'><strong>arguat,</strong></span> <span class='ocrx_word' id='word_1_550' title='bbox 3081 2966 3141 3007; x_wconf 89' lang='lat' dir='ltr'><strong>se</strong></span> <span class='ocrx_word' id='word_1_551' title='bbox 3175 2967 3204 3005; x_wconf 68' lang='grc' dir='ltr'>ε</span> <span class='ocrx_word' id='word_1_552' title='bbox 3236 2951 3393 3005; x_wconf 78' lang='lat' dir='ltr'><strong>nobis</strong></span> <span class='ocrx_word' id='word_1_553' title='bbox 3443 2951 3527 3004; x_wconf 62' lang='lat' dir='ltr'><strong>di.</strong></span> 
     </span>
    </p>
   </div>
   <div class='ocr_carea' id='block_1_77' title="bbox 1956 3043 3529 3114">
    <p class='ocr_par' dir='ltr' id='par_1_77' title="bbox 1956 3043 3529 3114">
     <span class='ocr_line' id='line_1_77' title="bbox 1956 3043 3529 3114; baseline -0.004 -14"><span class='ocrx_word' id='word_1_554' title='bbox 1956 3054 2042 3100; x_wconf 92' lang='lat' dir='ltr'><strong>cta</strong></span> <span class='ocrx_word' id='word_1_555' title='bbox 2068 3046 2279 3099; x_wconf 87' lang='lat' dir='ltr'><strong>tardius</strong></span> <span class='ocrx_word' id='word_1_556' title='bbox 2313 3043 2555 3114; x_wconf 87' lang='lat' dir='ltr'><strong>assequi,</strong></span> <span class='ocrx_word' id='word_1_557' title='bbox 2595 3053 2761 3113; x_wconf 86' lang='lat' dir='ltr'><strong>atque</strong></span> <span class='ocrx_word' id='word_1_558' title='bbox 2789 3044 2991 3111; x_wconf 90' lang='lat' dir='ltr'><strong>objici;</strong></span> <span class='ocrx_word' id='word_1_559' title='bbox 3025 3058 3089 3097; x_wconf 90' lang='lat' dir='ltr'><strong>ac</strong></span> <span class='ocrx_word' id='word_1_560' title='bbox 3106 3059 3210 3097; x_wconf 90' lang='lat' dir='ltr'><strong>non</strong></span> <span class='ocrx_word' id='word_1_561' title='bbox 3242 3044 3402 3098; x_wconf 81' lang='lat' dir='ltr'><strong>facile</strong></span> <span class='ocrx_word' id='word_1_562' title='bbox 3432 3060 3529 3097; x_wconf 82' lang='lat' dir='ltr'><strong>en-</strong></span> 
     </span>
    </p>
   </div>
   <div class='ocr_carea' id='block_1_78' title="bbox 1951 3136 3527 3206">
    <p class='ocr_par' dir='ltr' id='par_1_78' title="bbox 1951 3136 3527 3206">
     <span class='ocr_line' id='line_1_78' title="bbox 1951 3136 3527 3206; baseline 0.001 -19"><span class='ocrx_word' id='word_1_563' title='bbox 1951 3138 2263 3206; x_wconf 84' lang='lat' dir='ltr'><strong>juscunque</strong></span> <span class='ocrx_word' id='word_1_564' title='bbox 2310 3136 2528 3189; x_wconf 89' lang='lat' dir='ltr'><strong>tandem</strong></span> <span class='ocrx_word' id='word_1_565' title='bbox 2592 3150 2791 3204; x_wconf 84' lang='lat' dir='ltr'><strong>capere</strong></span> <span class='ocrx_word' id='word_1_566' title='bbox 2839 3146 3098 3197; x_wconf 83' lang='lat' dir='ltr'><strong>mentem,</strong></span> <span class='ocrx_word' id='word_1_567' title='bbox 3139 3151 3310 3204; x_wconf 87' lang='lat' dir='ltr'><strong>quare</strong></span> <span class='ocrx_word' id='word_1_568' title='bbox 3341 3137 3527 3189; x_wconf 82' lang='lat' dir='ltr'><strong>divina</strong></span> 
     </span>
    </p>
   </div>
   <div class='ocr_carea' id='block_1_79' title="bbox 1959 3223 3530 3292">
    <p class='ocr_par' dir='ltr' id='par_1_79' title="bbox 1959 3223 3530 3292">
     <span class='ocr_line' id='line_1_79' title="bbox 1959 3223 3530 3292; baseline -0.001 -13"><span class='ocrx_word' id='word_1_569' title='bbox 1959 3235 2174 3291; x_wconf 89' lang='lat' dir='ltr'><strong>natura,</strong></span> <span class='ocrx_word' id='word_1_570' title='bbox 2230 3240 2353 3278; x_wconf 89' lang='lat' dir='ltr'><strong>eum</strong></span> <span class='ocrx_word' id='word_1_571' title='bbox 2409 3225 2464 3277; x_wconf 93' lang='lat' dir='ltr'><strong>in</strong></span> <span class='ocrx_word' id='word_1_572' title='bbox 2523 3239 2760 3292; x_wconf 85' lang='lat' dir='ltr'><strong>persona</strong></span> <span class='ocrx_word' id='word_1_573' title='bbox 2820 3223 2942 3282; x_wconf 84' lang='lat' dir='ltr'><strong>Filii</strong></span> <span class='ocrx_word' id='word_1_574' title='bbox 2999 3225 3161 3277; x_wconf 82' lang='lat' dir='ltr'><strong>fuerit</strong></span> <span class='ocrx_word' id='word_1_575' title='bbox 3200 3227 3421 3278; x_wconf 83' lang='lat' dir='ltr'><strong>immota</strong></span> <span class='ocrx_word' id='word_1_576' title='bbox 3475 3235 3530 3287; x_wconf 72' lang='grc' dir='ltr'>ιι</span> 
     </span>
    </p>
   </div>
   <div class='ocr_carea' id='block_1_80' title="bbox 1958 3311 3529 3384">
    <p class='ocr_par' dir='ltr' id='par_1_80' title="bbox 1958 3311 3529 3384">
     <span class='ocr_line' id='line_1_80' title="bbox 1958 3311 3529 3384; baseline -0.001 -13"><span class='ocrx_word' id='word_1_577' title='bbox 1958 3332 2066 3371; x_wconf 90' lang='lat' dir='ltr'><strong>non</strong></span> <span class='ocrx_word' id='word_1_578' title='bbox 2102 3321 2353 3384; x_wconf 88' lang='lat' dir='ltr'><strong>separata</strong></span> <span class='ocrx_word' id='word_1_579' title='bbox 2375 3355 2390 3377; x_wconf 88' lang='lat'><strong>,</strong></span> <span class='ocrx_word' id='word_1_580' title='bbox 2441 3328 2547 3367; x_wconf 87' lang='lat' dir='ltr'><strong>non</strong></span> <span class='ocrx_word' id='word_1_581' title='bbox 2612 3328 2771 3383; x_wconf 89' lang='lat' dir='ltr'><strong>passa</strong></span> <span class='ocrx_word' id='word_1_582' title='bbox 2808 3311 2992 3378; x_wconf 90' lang='lat' dir='ltr'><strong>fuerit,</strong></span> <span class='ocrx_word' id='word_1_583' title='bbox 3024 3328 3146 3367; x_wconf 88' lang='lat' dir='ltr'><strong>cum</strong></span> <span class='ocrx_word' id='word_1_584' title='bbox 3174 3316 3279 3368; x_wconf 89' lang='lat' dir='ltr'><strong>ista</strong></span> <span class='ocrx_word' id='word_1_585' title='bbox 3311 3324 3529 3384; x_wconf 71' lang='lat' dir='ltr'><strong>patere-</strong></span> 
     </span>
    </p>
   </div>
   <div class='ocr_carea' id='block_1_81' title="bbox 1956 3403 3526 3474">
    <p class='ocr_par' dir='ltr' id='par_1_81' title="bbox 1956 3403 3526 3474">
     <span class='ocr_line' id='line_1_81' title="bbox 1956 3403 3526 3474; baseline 0 -14"><span class='ocrx_word' id='word_1_586' title='bbox 1956 3416 2078 3472; x_wconf 89' lang='lat' dir='ltr'><strong>tur;</strong></span> <span class='ocrx_word' id='word_1_587' title='bbox 2112 3420 2236 3459; x_wconf 89' lang='lat' dir='ltr'><strong>cum</strong></span> <span class='ocrx_word' id='word_1_588' title='bbox 2306 3403 2509 3473; x_wconf 91' lang='lat' dir='ltr'><strong>aliquid</strong></span> <span class='ocrx_word' id='word_1_589' title='bbox 2544 3404 2598 3458; x_wconf 91' lang='lat' dir='ltr'><strong>in</strong></span> <span class='ocrx_word' id='word_1_590' title='bbox 2633 3418 2869 3473; x_wconf 90' lang='lat' dir='ltr'><strong>persona</strong></span> <span class='ocrx_word' id='word_1_591' title='bbox 2927 3414 3335 3474; x_wconf 82' lang='lat' dir='ltr'><strong>corrumpatur.</strong></span> <span class='ocrx_word' id='word_1_592' title='bbox 3384 3406 3526 3461; x_wconf 73' lang='lat' dir='ltr'><strong>item</strong></span> 
     </span>
    </p>
   </div>
   <div class='ocr_carea' id='block_1_82' title="bbox 1950 3495 3530 3567">
    <p class='ocr_par' dir='ltr' id='par_1_82' title="bbox 1950 3495 3530 3567">
     <span class='ocr_line' id='line_1_82' title="bbox 1950 3495 3530 3567; baseline -0.004 -11"><span class='ocrx_word' id='word_1_593' title='bbox 1950 3508 2135 3556; x_wconf 75' lang='lat' dir='ltr'><strong>tamen</strong></span> <span class='ocrx_word' id='word_1_594' title='bbox 2167 3499 2329 3552; x_wconf 89' lang='lat' dir='ltr'><strong>etiam</strong></span> <span class='ocrx_word' id='word_1_595' title='bbox 2370 3511 2478 3551; x_wconf 88' lang='lat' dir='ltr'><strong>non</strong></span> <span class='ocrx_word' id='word_1_596' title='bbox 2535 3495 2752 3551; x_wconf 87' lang='lat' dir='ltr'><strong>dicatur</strong></span> <span class='ocrx_word' id='word_1_597' title='bbox 2793 3495 3046 3550; x_wconf 78' lang='lat' dir='ltr'><strong>evenisse</strong></span> <span class='ocrx_word' id='word_1_598' title='bbox 3073 3497 3127 3550; x_wconf 91' lang='lat' dir='ltr'><strong>in</strong></span> <span class='ocrx_word' id='word_1_599' title='bbox 3159 3504 3374 3562; x_wconf 89' lang='lat' dir='ltr'><strong>natura,</strong></span> <span class='ocrx_word' id='word_1_600' title='bbox 3406 3514 3530 3567; x_wconf 70' lang='lat' dir='ltr'><strong>qua:</strong></span> 
     </span>
    </p>
   </div>
   <div class='ocr_carea' id='block_1_83' title="bbox 1956 3585 3525 3655">
    <p class='ocr_par' dir='ltr' id='par_1_83' title="bbox 1956 3585 3525 3655">
     <span class='ocr_line' id='line_1_83' title="bbox 1956 3585 3525 3655; baseline -0.002 -11"><span class='ocrx_word' id='word_1_601' title='bbox 1956 3589 2088 3644; x_wconf 89' lang='lat' dir='ltr'><strong>nihil</strong></span> <span class='ocrx_word' id='word_1_602' title='bbox 2129 3586 2397 3643; x_wconf 75' lang='lat' dir='ltr'><strong>dili&#39;erata</strong></span> <span class='ocrx_word' id='word_1_603' title='bbox 2428 3601 2664 3655; x_wconf 90' lang='lat' dir='ltr'><strong>persona</strong></span> <span class='ocrx_word' id='word_1_604' title='bbox 2707 3587 2897 3640; x_wconf 68' lang='lat' dir='ltr'><strong>aeterni</strong></span> <span class='ocrx_word' id='word_1_605' title='bbox 2950 3585 3093 3643; x_wconf 80' lang='lat' dir='ltr'><strong>Filii.</strong></span> <span class='ocrx_word' id='word_1_606' title='bbox 3139 3587 3252 3643; x_wconf 85' lang='lat' dir='ltr'><strong>Nos</strong></span> <span class='ocrx_word' id='word_1_607' title='bbox 3299 3588 3525 3641; x_wconf 86' lang='lat' dir='ltr'><strong>dubium</strong></span> 
     </span>
    </p>
   </div>
   <div class='ocr_carea' id='block_1_84' title="bbox 1955 3676 3525 3750">
    <p class='ocr_par' dir='ltr' id='par_1_84' title="bbox 1955 3676 3525 3750">
     <span class='ocr_line' id='line_1_84' title="bbox 1955 3676 3525 3750; baseline -0.002 -15"><span class='ocrx_word' id='word_1_608' title='bbox 1955 3678 2301 3750; x_wconf 84' lang='lat' dir='ltr'><strong>explicaturi,</strong></span> <span class='ocrx_word' id='word_1_609' title='bbox 2330 3677 2620 3731; x_wconf 81' lang='lat' dir='ltr'><strong>confestim</strong></span> <span class='ocrx_word' id='word_1_610' title='bbox 2650 3676 2727 3730; x_wconf 91' lang='lat' dir='ltr'><strong>illi</strong></span> <span class='ocrx_word' id='word_1_611' title='bbox 2762 3677 3058 3731; x_wconf 86' lang='lat' dir='ltr'><strong>remedium</strong></span> <span class='ocrx_word' id='word_1_612' title='bbox 3118 3679 3525 3745; x_wconf 80' lang='lat' dir='ltr'><strong>adhibebimus,</strong></span> 
     </span>
    </p>
   </div>
   <div class='ocr_carea' id='block_1_85' title="bbox 1956 3764 3529 3835">
    <p class='ocr_par' dir='ltr' id='par_1_85' title="bbox 1956 3764 3529 3835">
     <span class='ocr_line' id='line_1_85' title="bbox 1956 3764 3529 3835; baseline -0.006 -10"><span class='ocrx_word' id='word_1_613' title='bbox 1956 3786 2069 3825; x_wconf 88' lang='lat' dir='ltr'><strong>rem</strong></span> <span class='ocrx_word' id='word_1_614' title='bbox 2127 3764 2554 3823; x_wconf 89' lang='lat' dir='ltr'><strong>demonstraturi</strong></span> <span class='ocrx_word' id='word_1_615' title='bbox 2597 3779 2694 3834; x_wconf 87' lang='lat' dir='ltr'><strong>per</strong></span> <span class='ocrx_word' id='word_1_616' title='bbox 2741 3764 3051 3828; x_wconf 78' lang='lat' dir='ltr'><strong>familiaria,</strong></span> <span class='ocrx_word' id='word_1_617' title='bbox 3116 3780 3345 3835; x_wconf 69' lang='lat' dir='ltr'><strong>quaeque</strong></span> <span class='ocrx_word' id='word_1_618' title='bbox 3401 3776 3529 3821; x_wconf 72' lang='lat' dir='ltr'><strong>ante</strong></span> 
     </span>
    </p>
   </div>
   <div class='ocr_carea' id='block_1_86' title="bbox 1955 3855 3529 3927">
    <p class='ocr_par' dir='ltr' id='par_1_86' title="bbox 1955 3855 3529 3927">
     <span class='ocr_line' id='line_1_86' title="bbox 1955 3855 3529 3927; baseline -0.007 -10"><span class='ocrx_word' id='word_1_619' title='bbox 1955 3860 2142 3917; x_wconf 87' lang='lat' dir='ltr'><strong>oculos</strong></span> <span class='ocrx_word' id='word_1_620' title='bbox 2201 3872 2505 3927; x_wconf 87' lang='lat' dir='ltr'><strong>manusque</strong></span> <span class='ocrx_word' id='word_1_621' title='bbox 2538 3855 2819 3911; x_wconf 89' lang='lat' dir='ltr'><strong>cernimus</strong></span> <span class='ocrx_word' id='word_1_622' title='bbox 2849 3856 3116 3926; x_wconf 88' lang='lat' dir='ltr'><strong>quotidie.</strong></span> <span class='ocrx_word' id='word_1_623' title='bbox 3179 3858 3404 3910; x_wconf 80' lang='lat' dir='ltr'><strong>Abunde</strong></span> <span class='ocrx_word' id='word_1_624' title='bbox 3428 3873 3529 3911; x_wconf 62' lang='lat' dir='ltr'><strong>no.</strong></span> 
     </span>
    </p>
   </div>
   <div class='ocr_carea' id='block_1_87' title="bbox 1955 3947 3526 4021">
    <p class='ocr_par' dir='ltr' id='par_1_87' title="bbox 1955 3947 3526 4021">
     <span class='ocr_line' id='line_1_87' title="bbox 1955 3947 3526 4021; baseline -0.007 -14"><span class='ocrx_word' id='word_1_625' title='bbox 1955 3952 2051 4015; x_wconf 90' lang='lat' dir='ltr'><strong>sti,</strong></span> <span class='ocrx_word' id='word_1_626' title='bbox 2076 3951 2325 4021; x_wconf 88' lang='lat' dir='ltr'><strong>quisquis</strong></span> <span class='ocrx_word' id='word_1_627' title='bbox 2361 3964 2443 4013; x_wconf 87' lang='lat' dir='ltr'><strong>es,</strong></span> <span class='ocrx_word' id='word_1_628' title='bbox 2477 3947 2726 4002; x_wconf 81' lang='lat' dir='ltr'><strong>homines</strong></span> <span class='ocrx_word' id='word_1_629' title='bbox 2769 3961 2960 4002; x_wconf 88' lang='lat' dir='ltr'><strong>omnes</strong></span> <span class='ocrx_word' id='word_1_630' title='bbox 2991 3963 3057 4002; x_wconf 82' lang='lat' dir='ltr'><strong>ex</strong></span> <span class='ocrx_word' id='word_1_631' title='bbox 3094 3948 3271 4001; x_wconf 85' lang='lat' dir='ltr'><strong>anima</strong></span> <span class='ocrx_word' id='word_1_632' title='bbox 3331 3950 3526 4002; x_wconf 71' lang='lat' dir='ltr'><strong>intuta.</strong></span> 
     </span>
    </p>
   </div>
   <div class='ocr_carea' id='block_1_88' title="bbox 1954 4039 3624 4112">
    <p class='ocr_par' dir='ltr' id='par_1_88' title="bbox 1954 4039 3624 4112">
     <span class='ocr_line' id='line_1_88' title="bbox 1954 4039 3624 4112; baseline -0.005 -12"><span class='ocrx_word' id='word_1_633' title='bbox 1954 4045 2156 4109; x_wconf 87' lang='lat' dir='ltr'><strong>teriali,</strong></span> <span class='ocrx_word' id='word_1_634' title='bbox 2188 4050 2242 4098; x_wconf 87' lang='lat' dir='ltr'><strong>et</strong></span> <span class='ocrx_word' id='word_1_635' title='bbox 2277 4056 2508 4112; x_wconf 88' lang='lat' dir='ltr'><strong>corpore</strong></span> <span class='ocrx_word' id='word_1_636' title='bbox 2552 4039 2820 4094; x_wconf 82' lang='lat' dir='ltr'><strong>materiali</strong></span> <span class='ocrx_word' id='word_1_637' title='bbox 2865 4040 3159 4110; x_wconf 89' lang='lat' dir='ltr'><strong>componi:</strong></span> <span class='ocrx_word' id='word_1_638' title='bbox 3194 4041 3345 4095; x_wconf 75' lang='lat' dir='ltr'><strong>Verbi</strong></span> <span class='ocrx_word' id='word_1_639' title='bbox 3408 4056 3529 4110; x_wconf 53' lang='lat' dir='ltr'><strong>grav</strong></span> <span class='ocrx_word' id='word_1_640' title='bbox 3616 4086 3624 4091; x_wconf 86' lang='lat'><strong>.</strong></span> 
     </span>
    </p>
   </div>
   <div class='ocr_carea' id='block_1_89' title="bbox 1955 4129 3526 4199">
    <p class='ocr_par' dir='ltr' id='par_1_89' title="bbox 1955 4129 3526 4199">
     <span class='ocr_line' id='line_1_89' title="bbox 1955 4129 3526 4199; baseline -0.004 -8"><span class='ocrx_word' id='word_1_641' title='bbox 1955 4139 2027 4191; x_wconf 84' lang='lat' dir='ltr'><strong>tia</strong></span> <span class='ocrx_word' id='word_1_642' title='bbox 2081 4133 2391 4194; x_wconf 88' lang='lat' dir='ltr'><strong>Socratem,</strong></span> <span class='ocrx_word' id='word_1_643' title='bbox 2446 4138 2544 4185; x_wconf 87' lang='lat' dir='ltr'><strong>aut</strong></span> <span class='ocrx_word' id='word_1_644' title='bbox 2599 4129 2878 4184; x_wconf 87' lang='lat' dir='ltr'><strong>Platonem</strong></span> <span class='ocrx_word' id='word_1_645' title='bbox 2913 4139 3043 4197; x_wconf 90' lang='lat' dir='ltr'><strong>;et,</strong></span> <span class='ocrx_word' id='word_1_646' title='bbox 3070 4132 3526 4199; x_wconf 70' lang='lat' dir='ltr'><strong>quemadmodum</strong></span> 
     </span>
    </p>
   </div>
   <div class='ocr_carea' id='block_1_90' title="bbox 1955 4221 3528 4291">
    <p class='ocr_par' dir='ltr' id='par_1_90' title="bbox 1955 4221 3528 4291">
     <span class='ocr_line' id='line_1_90' title="bbox 1955 4221 3528 4291; baseline -0.006 -9"><span class='ocrx_word' id='word_1_647' title='bbox 1955 4229 2032 4283; x_wconf 90' lang='lat' dir='ltr'><strong>illi</strong></span> <span class='ocrx_word' id='word_1_648' title='bbox 2096 4228 2237 4281; x_wconf 88' lang='lat' dir='ltr'><strong>inest</strong></span> <span class='ocrx_word' id='word_1_649' title='bbox 2282 4224 2463 4278; x_wconf 89' lang='lat' dir='ltr'><strong>anima</strong></span> <span class='ocrx_word' id='word_1_650' title='bbox 2527 4221 2789 4283; x_wconf 86' lang='lat' dir='ltr'><strong>Socratis,</strong></span> <span class='ocrx_word' id='word_1_651' title='bbox 2821 4223 2864 4276; x_wconf 88' lang='lat' dir='ltr'><strong>si</strong></span> <span class='ocrx_word' id='word_1_652' title='bbox 2891 4230 3178 4291; x_wconf 79' lang='lat' dir='ltr'><strong>separetur</strong></span> <span class='ocrx_word' id='word_1_653' title='bbox 3210 4224 3277 4276; x_wconf 89' lang='lat' dir='ltr'><strong>ab</strong></span> <span class='ocrx_word' id='word_1_654' title='bbox 3309 4238 3395 4286; x_wconf 84' lang='lat' dir='ltr'><strong>eo,</strong></span> <span class='ocrx_word' id='word_1_655' title='bbox 3430 4226 3528 4276; x_wconf 63' lang='lat' dir='ltr'><strong>So.</strong></span> 
     </span>
    </p>
   </div>
   <div class='ocr_carea' id='block_1_91' title="bbox 278 4308 1848 4382">
    <p class='ocr_par' dir='ltr' id='par_1_91' title="bbox 278 4311 1848 4382">
     <span class='ocr_line' id='line_1_91' title="bbox 278 4311 1848 4382; baseline -0.001 -16"><span class='ocrx_word' id='word_1_656' title='bbox 278 4330 369 4373; x_wconf 78' lang='grc' dir='ltr'><strong>ται</strong></span> <span class='ocrx_word' id='word_1_657' title='bbox 396 4314 453 4365; x_wconf 81' lang='grc' dir='ltr'>δὲ</span> <span class='ocrx_word' id='word_1_658' title='bbox 482 4312 775 4382; x_wconf 79' lang='grc' dir='ltr'>Σωκράτης</span> <span class='ocrx_word' id='word_1_659' title='bbox 830 4311 1158 4375; x_wconf 75' lang='grc' dir='ltr'>αὐξάνεσθαί</span> <span class='ocrx_word' id='word_1_660' title='bbox 1190 4328 1249 4364; x_wconf 88' lang='grc' dir='ltr'>τε</span> <span class='ocrx_word' id='word_1_661' title='bbox 1272 4313 1289 4343; x_wconf 72' lang='grc' dir='ltr'><strong>ι</strong></span> <span class='ocrx_word' id='word_1_662' title='bbox 1335 4312 1401 4369; x_wconf 78' lang='grc' dir='ltr'>ὲκ</span> <span class='ocrx_word' id='word_1_663' title='bbox 1435 4311 1634 4382; x_wconf 79' lang='grc' dir='ltr'>μικροῦ</span> <span class='ocrx_word' id='word_1_664' title='bbox 1684 4311 1848 4380; x_wconf 83' lang='grc' dir='ltr'>μέγας</span> 
     </span>
    </p>
   </div>
   <div class='ocr_carea' id='block_1_92' title="bbox 1950 4308 3527 4382">
    <p class='ocr_par' dir='ltr' id='par_1_92' title="bbox 1960 4308 3527 4380">
     <span class='ocr_line' id='line_1_92' title="bbox 1960 4308 3527 4380; baseline -0.001 -9"><span class='ocrx_word' id='word_1_665' title='bbox 1960 4323 2165 4371; x_wconf 85' lang='lat' dir='ltr'><strong>cratem</strong></span> <span class='ocrx_word' id='word_1_666' title='bbox 2216 4326 2438 4365; x_wconf 79' lang='lat' dir='ltr'><strong>manere</strong></span> <span class='ocrx_word' id='word_1_667' title='bbox 2490 4310 2831 4380; x_wconf 88' lang='lat' dir='ltr'><strong>impossibile</strong></span> <span class='ocrx_word' id='word_1_668' title='bbox 2862 4320 2965 4364; x_wconf 88' lang='lat' dir='ltr'><strong>est.</strong></span> <span class='ocrx_word' id='word_1_669' title='bbox 3000 4308 3197 4364; x_wconf 83' lang='lat' dir='ltr'><strong>Dicunt</strong></span> <span class='ocrx_word' id='word_1_670' title='bbox 3245 4313 3527 4370; x_wconf 85' lang='lat' dir='ltr'><strong>nihilomi-</strong></span> 
     </span>
    </p>
   </div>
   <div class='ocr_carea' id='block_1_93' title="bbox 279 4392 1857 4473">
    <p class='ocr_par' dir='ltr' id='par_1_93' title="bbox 279 4392 1857 4473">
     <span class='ocr_line' id='line_1_93' title="bbox 279 4392 1857 4473; baseline -0.001 -16"><span class='ocrx_word' id='word_1_671' title='bbox 279 4404 590 4473; x_wconf 84' lang='grc' dir='ltr'>γίγνεσθαι,</span> <span class='ocrx_word' id='word_1_672' title='bbox 638 4392 935 4472; x_wconf 78' lang='grc' dir='ltr'>τέμνεσθαι</span> <span class='ocrx_word' id='word_1_673' title='bbox 968 4401 1001 4472; x_wconf 80' lang='grc' dir='ltr'>ἢ</span> <span class='ocrx_word' id='word_1_674' title='bbox 1032 4402 1304 4463; x_wconf 85' lang='grc' dir='ltr'>καίεσθαι,</span> <span class='ocrx_word' id='word_1_675' title='bbox 1336 4403 1435 4472; x_wconf 81' lang='grc' dir='ltr'><strong>τῆς</strong></span> <span class='ocrx_word' id='word_1_676' title='bbox 1475 4402 1649 4472; x_wconf 82' lang='grc' dir='ltr'>αὑτῆς</span> <span class='ocrx_word' id='word_1_677' title='bbox 1676 4403 1857 4473; x_wconf 76' lang='grc' dir='ltr'>ψυχῆς</span> 
     </span>
    </p>
   </div>
   <div class='ocr_carea' id='block_1_94' title="bbox 278 4492 1856 4568">
    <p class='ocr_par' dir='ltr' id='par_1_94' title="bbox 278 4492 1856 4568">
     <span class='ocr_line' id='line_1_94' title="bbox 278 4492 1856 4568; baseline -0.001 -19"><span class='ocrx_word' id='word_1_678' title='bbox 278 4496 448 4568; x_wconf 85' lang='grc' dir='ltr'>μηδὲν</span> <span class='ocrx_word' id='word_1_679' title='bbox 473 4494 676 4548; x_wconf 79' lang='grc' dir='ltr'>τούτων</span> <span class='ocrx_word' id='word_1_680' title='bbox 701 4494 1097 4565; x_wconf 80' lang='grc' dir='ltr'>ὑφισταμένης,</span> <span class='ocrx_word' id='word_1_681' title='bbox 1129 4494 1206 4558; x_wconf 84' lang='grc' dir='ltr'>ὡς</span> <span class='ocrx_word' id='word_1_682' title='bbox 1241 4496 1404 4548; x_wconf 80' lang='grc' dir='ltr'>πᾶσιν</span> <span class='ocrx_word' id='word_1_683' title='bbox 1449 4492 1693 4564; x_wconf 77' lang='grc' dir='ltr'><strong>εὔδηλον.</strong></span> <span class='ocrx_word' id='word_1_684' title='bbox 1721 4496 1856 4548; x_wconf 82' lang='grc' dir='ltr'><strong>Τοῦ-</strong></span> 
     </span>
    </p>
   </div>
   <div class='ocr_carea' id='block_1_95' title="bbox 264 4584 1855 4658">
    <p class='ocr_par' dir='ltr' id='par_1_95' title="bbox 264 4584 1855 4658">
     <span class='ocr_line' id='line_1_95' title="bbox 264 4584 1855 4658; baseline -0.004 -11"><span class='ocrx_word' id='word_1_685' title='bbox 264 4606 371 4647; x_wconf 82' lang='grc' dir='ltr'><strong>τον</strong></span> <span class='ocrx_word' id='word_1_686' title='bbox 410 4584 505 4642; x_wconf 84' lang='grc' dir='ltr'>οὖν</span> <span class='ocrx_word' id='word_1_687' title='bbox 548 4586 640 4639; x_wconf 80' lang='grc' dir='ltr'>τὸν</span> <span class='ocrx_word' id='word_1_688' title='bbox 688 4586 889 4658; x_wconf 86' lang='grc' dir='ltr'>τρόπον</span> <span class='ocrx_word' id='word_1_689' title='bbox 921 4587 1256 4655; x_wconf 84' lang='grc' dir='ltr'>κατηγορεί¹</span> <span class='ocrx_word' id='word_1_690' title='bbox 1287 4585 1380 4640; x_wconf 82' lang='grc' dir='ltr'>τοῦ</span> <span class='ocrx_word' id='word_1_691' title='bbox 1430 4586 1604 4640; x_wconf 83' lang='grc' dir='ltr'>ἀϊδίου</span> <span class='ocrx_word' id='word_1_692' title='bbox 1632 4586 1764 4640; x_wconf 87' lang='grc' dir='ltr'><strong>Υἱοὺ</strong></span> <span class='ocrx_word' id='word_1_693' title='bbox 1794 4587 1855 4641; x_wconf 80' lang='grc' dir='ltr'><strong>τὸ</strong></span> 
     </span>
    </p>
   </div>
   <div class='ocr_carea' id='block_1_96' title="bbox 266 4676 1855 4752">
    <p class='ocr_par' dir='ltr' id='par_1_96' title="bbox 266 4676 1855 4752">
     <span class='ocr_line' id='line_1_96' title="bbox 266 4676 1855 4752; baseline -0.002 -20"><span class='ocrx_word' id='word_1_694' title='bbox 266 4679 611 4752; x_wconf 82' lang='grc' dir='ltr'>προκόπτειν</span> <span class='ocrx_word' id='word_1_695' title='bbox 666 4679 830 4747; x_wconf 76' lang='grc' dir='ltr'>σαρκὶ</span> <span class='ocrx_word' id='word_1_696' title='bbox 863 4676 960 4730; x_wconf 81' lang='grc' dir='ltr'>καὶ</span> <span class='ocrx_word' id='word_1_697' title='bbox 1009 4676 1357 4741; x_wconf 81' lang='grc' dir='ltr'>αὐξάνεσθαι,</span> <span class='ocrx_word' id='word_1_698' title='bbox 1411 4679 1502 4730; x_wconf 75' lang='grc' dir='ltr'>καὶ</span> <span class='ocrx_word' id='word_1_699' title='bbox 1552 4676 1693 4730; x_wconf 81' lang='grc' dir='ltr'>εἴτι</span> <span class='ocrx_word' id='word_1_700' title='bbox 1725 4676 1855 4730; x_wconf 83' lang='grc' dir='ltr'><strong>ἄλλο</strong></span> 
     </span>
    </p>
   </div>
   <div class='ocr_carea' id='block_1_97' title="bbox 263 4767 1854 4840">
    <p class='ocr_par' dir='ltr' id='par_1_97' title="bbox 263 4767 1854 4840">
     <span class='ocr_line' id='line_1_97' title="bbox 263 4767 1854 4840; baseline -0.004 -14"><span class='ocrx_word' id='word_1_701' title='bbox 263 4770 520 4827; x_wconf 81' lang='grc' dir='ltr'>τοιοῦτον</span> <span class='ocrx_word' id='word_1_702' title='bbox 550 4768 912 4840; x_wconf 83' lang='grc' dir='ltr'>ἀνθρώπειον,</span> <span class='ocrx_word' id='word_1_703' title='bbox 943 4767 1170 4838; x_wconf 79' lang='grc' dir='ltr'>μηδενὸς</span> <span class='ocrx_word' id='word_1_704' title='bbox 1194 4768 1400 4821; x_wconf 91' lang='grc' dir='ltr'>τούτων</span> <span class='ocrx_word' id='word_1_705' title='bbox 1442 4770 1510 4838; x_wconf 81' lang='grc' dir='ltr'>τῇ</span> <span class='ocrx_word' id='word_1_706' title='bbox 1550 4768 1704 4839; x_wconf 83' lang='grc' dir='ltr'>θεῖκῇ</span> <span class='ocrx_word' id='word_1_707' title='bbox 1752 4769 1854 4837; x_wconf 77' lang='grc' dir='ltr'>φύο</span> 
     </span>
    </p>
   </div>
   <div class='ocr_carea' id='block_1_98' title="bbox 267 4858 1847 4931">
    <p class='ocr_par' dir='ltr' id='par_1_98' title="bbox 267 4858 1847 4931">
     <span class='ocr_line' id='line_1_98' title="bbox 267 4858 1847 4931; baseline -0.003 -14"><span class='ocrx_word' id='word_1_708' title='bbox 267 4880 363 4917; x_wconf 82' lang='grc' dir='ltr'><strong>σει</strong></span> <span class='ocrx_word' id='word_1_709' title='bbox 410 4859 897 4931; x_wconf 82' lang='grc' dir='ltr'>προσαπτομένου,</span> <span class='ocrx_word' id='word_1_710' title='bbox 943 4858 1132 4929; x_wconf 85' lang='grc' dir='ltr'>ὥσπερ</span> <span class='ocrx_word' id='word_1_711' title='bbox 1176 4859 1295 4912; x_wconf 78' lang='grc' dir='ltr'>οὑδὲ</span> <span class='ocrx_word' id='word_1_712' title='bbox 1346 4858 1441 4912; x_wconf 80' lang='grc' dir='ltr'>τοῦ</span> <span class='ocrx_word' id='word_1_713' title='bbox 1505 4860 1847 4930; x_wconf 85' lang='grc' dir='ltr'>Σωκράτους.</span> 
     </span>
    </p>
   </div>
   <div class='ocr_carea' id='block_1_99' title="bbox 266 4947 1853 5020">
    <p class='ocr_par' dir='ltr' id='par_1_99' title="bbox 266 4947 1853 5020">
     <span class='ocr_line' id='line_1_99' title="bbox 266 4947 1853 5020; baseline -0.005 -14"><span class='ocrx_word' id='word_1_714' title='bbox 266 4948 466 5019; x_wconf 65' lang='grc' dir='ltr'>Ποὶλῷ</span> <span class='ocrx_word' id='word_1_715' title='bbox 491 4949 691 5020; x_wconf 82' lang='grc' dir='ltr'>μᾶλλον</span> <span class='ocrx_word' id='word_1_716' title='bbox 716 4947 887 5011; x_wconf 79' lang='grc' dir='ltr'>οὑτως</span> <span class='ocrx_word' id='word_1_717' title='bbox 901 4948 1024 5003; x_wconf 82' lang='grc' dir='ltr'>οὐδὲ</span> <span class='ocrx_word' id='word_1_718' title='bbox 1048 4949 1146 5019; x_wconf 81' lang='grc' dir='ltr'><strong>τῆς</strong></span> <span class='ocrx_word' id='word_1_719' title='bbox 1176 4948 1453 5020; x_wconf 84' lang='grc' dir='ltr'>ἀκηράτου</span> <span class='ocrx_word' id='word_1_720' title='bbox 1479 4947 1692 5015; x_wconf 85' lang='grc' dir='ltr'>φύσεως</span> <span class='ocrx_word' id='word_1_721' title='bbox 1718 4963 1853 5000; x_wconf 85' lang='grc' dir='ltr'>κατ-</span> 
     </span>
    </p>
   </div>
   <div class='ocr_carea' id='block_1_100' title="bbox 263 5037 1850 5112">
    <p class='ocr_par' dir='ltr' id='par_1_100' title="bbox 263 5037 1850 5112">
     <span class='ocr_line' id='line_1_100' title="bbox 263 5037 1850 5112; baseline -0.004 -18"><span class='ocrx_word' id='word_1_722' title='bbox 263 5039 688 5112; x_wconf 85' lang='grc' dir='ltr'>ηγορηθήσεται</span> <span class='ocrx_word' id='word_1_723' title='bbox 763 5039 832 5093; x_wconf 87' lang='grc' dir='ltr'>τά</span> <span class='ocrx_word' id='word_1_724' title='bbox 880 5040 981 5093; x_wconf 82' lang='grc' dir='ltr'>ὅσα</span> <span class='ocrx_word' id='word_1_725' title='bbox 1029 5040 1309 5110; x_wconf 83' lang='grc' dir='ltr'>σαρκικῶς</span> <span class='ocrx_word' id='word_1_726' title='bbox 1349 5037 1443 5092; x_wconf 81' lang='grc' dir='ltr'><strong>τοῦ</strong></span> <span class='ocrx_word' id='word_1_727' title='bbox 1494 5038 1667 5090; x_wconf 80' lang='grc' dir='ltr'>ἀϊδίου</span> <span class='ocrx_word' id='word_1_728' title='bbox 1720 5037 1850 5089; x_wconf 85' lang='grc' dir='ltr'>Υἱοῦ</span> 
     </span>
    </p>
   </div>
   <div class='ocr_carea' id='block_1_101' title="bbox 264 5128 1848 5205">
    <p class='ocr_par' dir='ltr' id='par_1_101' title="bbox 264 5128 1848 5205">
     <span class='ocr_line' id='line_1_101' title="bbox 264 5128 1848 5205; baseline -0.004 -16"><span class='ocrx_word' id='word_1_729' title='bbox 264 5134 367 5189; x_wconf 82' lang='grc' dir='ltr'>διὰ</span> <span class='ocrx_word' id='word_1_730' title='bbox 394 5132 492 5205; x_wconf 83' lang='grc' dir='ltr'><strong>τὴν</strong></span> <span class='ocrx_word' id='word_1_731' title='bbox 524 5131 828 5204; x_wconf 75' lang='grc' dir='ltr'>πρόσληψιν</span> <span class='ocrx_word' id='word_1_732' title='bbox 862 5133 1009 5184; x_wconf 77' lang='grc' dir='ltr'>ἐστιν</span> <span class='ocrx_word' id='word_1_733' title='bbox 1039 5130 1512 5200; x_wconf 82' lang='grc' dir='ltr'>κατηγορούμενα.</span> <span class='ocrx_word' id='word_1_734' title='bbox 1555 5130 1767 5200; x_wconf 77' lang='grc' dir='ltr'>Ὠσπερ</span> <span class='ocrx_word' id='word_1_735' title='bbox 1789 5128 1848 5183; x_wconf 84' lang='grc' dir='ltr'>δὲ</span> 
     </span>
    </p>
   </div>
   <div class='ocr_carea' id='block_1_102' title="bbox 268 5219 1846 5294">
    <p class='ocr_par' dir='ltr' id='par_1_102' title="bbox 268 5219 1846 5294">
     <span class='ocr_line' id='line_1_102' title="bbox 268 5219 1846 5294; baseline -0.003 -17"><span class='ocrx_word' id='word_1_736' title='bbox 268 5223 546 5290; x_wconf 74' lang='grc' dir='ltr'>λεγόντων</span> <span class='ocrx_word' id='word_1_737' title='bbox 575 5221 732 5294; x_wconf 82' lang='grc' dir='ltr'>ἡμῶν</span> <span class='ocrx_word' id='word_1_738' title='bbox 759 5219 1064 5291; x_wconf 81' lang='grc' dir='ltr'>τετμῆσθαι</span> <span class='ocrx_word' id='word_1_739' title='bbox 1097 5222 1416 5293; x_wconf 86' lang='grc' dir='ltr'>Σωκράτην,</span> <span class='ocrx_word' id='word_1_740' title='bbox 1440 5223 1541 5274; x_wconf 88' lang='grc' dir='ltr'><strong>οὑκ</strong></span> <span class='ocrx_word' id='word_1_741' title='bbox 1560 5220 1729 5291; x_wconf 76' lang='grc' dir='ltr'>αὑτὴν</span> <span class='ocrx_word' id='word_1_742' title='bbox 1751 5219 1846 5273; x_wconf 80' lang='grc' dir='ltr'><strong>τοῦ</strong></span> 
     </span>
    </p>
   </div>
   <div class='ocr_carea' id='block_1_103' title="bbox 270 5308 1848 5384">
    <p class='ocr_par' dir='ltr' id='par_1_103' title="bbox 270 5308 1848 5384">
     <span class='ocr_line' id='line_1_103' title="bbox 270 5308 1848 5384; baseline -0.003 -14"><span class='ocrx_word' id='word_1_743' title='bbox 270 5315 603 5384; x_wconf 82' lang='grc' dir='ltr'>Σωκράτους</span> <span class='ocrx_word' id='word_1_744' title='bbox 639 5311 835 5383; x_wconf 76' lang='grc' dir='ltr'>ψυχὴν,</span> <span class='ocrx_word' id='word_1_745' title='bbox 864 5312 999 5365; x_wconf 69' lang='grc' dir='ltr'><strong>ά).λά</strong></span> <span class='ocrx_word' id='word_1_746' title='bbox 1025 5312 1086 5366; x_wconf 86' lang='grc' dir='ltr'>τδ</span> <span class='ocrx_word' id='word_1_747' title='bbox 1119 5313 1277 5383; x_wconf 84' lang='grc' dir='ltr'>σῶμα</span> <span class='ocrx_word' id='word_1_748' title='bbox 1318 5313 1662 5384; x_wconf 82' lang='grc' dir='ltr'>τετμημένον</span> <span class='ocrx_word' id='word_1_749' title='bbox 1707 5308 1848 5366; x_wconf 77' lang='grc' dir='ltr'>εἶναι</span> 
     </span>
    </p>
   </div>
   <div class='ocr_carea' id='block_1_104' title="bbox 1955 4401 3526 4474">
    <p class='ocr_par' dir='ltr' id='par_1_104' title="bbox 1955 4401 3526 4474">
     <span class='ocr_line' id='line_1_104' title="bbox 1955 4401 3526 4474; baseline -0.003 -14"><span class='ocrx_word' id='word_1_750' title='bbox 1955 4422 2057 4461; x_wconf 89' lang='lat' dir='ltr'><strong>nus</strong></span> <span class='ocrx_word' id='word_1_751' title='bbox 2117 4403 2395 4458; x_wconf 88' lang='lat' dir='ltr'><strong>Socratem</strong></span> <span class='ocrx_word' id='word_1_752' title='bbox 2448 4416 2721 4464; x_wconf 70' lang='lat' dir='ltr'><strong>crescere,</strong></span> <span class='ocrx_word' id='word_1_753' title='bbox 2752 4415 2815 4454; x_wconf 77' lang='lat' dir='ltr'><strong>ex</strong></span> <span class='ocrx_word' id='word_1_754' title='bbox 2850 4415 3014 4469; x_wconf 82' lang='lat' dir='ltr'><strong>parvo</strong></span> <span class='ocrx_word' id='word_1_755' title='bbox 3068 4401 3184 4456; x_wconf 78' lang='lat' dir='ltr'><strong>fieri</strong></span> <span class='ocrx_word' id='word_1_756' title='bbox 3244 4419 3526 4474; x_wconf 70' lang='lat' dir='ltr'><strong>magmtm,</strong></span> 
     </span>
    </p>
   </div>
   <div class='ocr_carea' id='block_1_105' title="bbox 1953 4497 3523 4566">
    <p class='ocr_par' dir='ltr' id='par_1_105' title="bbox 1953 4497 3523 4566">
     <span class='ocr_line' id='line_1_105' title="bbox 1953 4497 3523 4566; baseline -0.002 -9"><span class='ocrx_word' id='word_1_757' title='bbox 1953 4502 2152 4564; x_wconf 86' lang='lat' dir='ltr'><strong>secari,</strong></span> <span class='ocrx_word' id='word_1_758' title='bbox 2184 4499 2300 4566; x_wconf 90' lang='lat' dir='ltr'><strong>uri;</strong></span> <span class='ocrx_word' id='word_1_759' title='bbox 2340 4498 2523 4551; x_wconf 91' lang='lat' dir='ltr'><strong>anima</strong></span> <span class='ocrx_word' id='word_1_760' title='bbox 2559 4498 2675 4566; x_wconf 90' lang='lat' dir='ltr'><strong>ipsa</strong></span> <span class='ocrx_word' id='word_1_761' title='bbox 2732 4497 3166 4566; x_wconf 83' lang='lat' dir='ltr'><strong>nihilejusmodi</strong></span> <span class='ocrx_word' id='word_1_762' title='bbox 3203 4500 3523 4565; x_wconf 69' lang='lat' dir='ltr'><strong>sumrente,</strong></span> 
     </span>
    </p>
   </div>
   <div class='ocr_carea' id='block_1_106' title="bbox 1953 4589 3526 4659">
    <p class='ocr_par' dir='ltr' id='par_1_106' title="bbox 1953 4589 3526 4659">
     <span class='ocr_line' id='line_1_106' title="bbox 1953 4589 3526 4659; baseline 0.003 -12"><span class='ocrx_word' id='word_1_763' title='bbox 1953 4604 2010 4647; x_wconf 90' lang='lat' dir='ltr'><strong>ut</strong></span> <span class='ocrx_word' id='word_1_764' title='bbox 2041 4589 2243 4646; x_wconf 88' lang='lat' dir='ltr'><strong>nemini</strong></span> <span class='ocrx_word' id='word_1_765' title='bbox 2296 4589 2593 4643; x_wconf 88' lang='lat' dir='ltr'><strong>obscurum</strong></span> <span class='ocrx_word' id='word_1_766' title='bbox 2632 4596 2736 4653; x_wconf 91' lang='lat' dir='ltr'><strong>est,</strong></span> <span class='ocrx_word' id='word_1_767' title='bbox 2767 4604 2946 4659; x_wconf 89' lang='lat' dir='ltr'><strong>neque</strong></span> <span class='ocrx_word' id='word_1_768' title='bbox 2975 4591 3383 4646; x_wconf 86' lang='lat' dir='ltr'><strong>absconditum.</strong></span> <span class='ocrx_word' id='word_1_769' title='bbox 3415 4593 3526 4651; x_wconf 86' lang='lat' dir='ltr'><strong>Ilao</strong></span> 
     </span>
    </p>
   </div>
   <div class='ocr_carea' id='block_1_107' title="bbox 1953 4666 3525 4757">
    <p class='ocr_par' dir='ltr' id='par_1_107' title="bbox 1953 4666 3525 4757">
     <span class='ocr_line' id='line_1_107' title="bbox 1953 4666 3525 4757; baseline 0.003 -19"><span class='ocrx_word' id='word_1_770' title='bbox 1953 4686 2165 4739; x_wconf 88' lang='lat' dir='ltr'><strong>ratione</strong></span> <span class='ocrx_word' id='word_1_771' title='bbox 2224 4682 2390 4753; x_wconf 83' lang='lat' dir='ltr'><strong>igitur</strong></span> <span class='ocrx_word' id='word_1_772' title='bbox 2412 4685 2479 4736; x_wconf 92' lang='lat' dir='ltr'><strong>de</strong></span> <span class='ocrx_word' id='word_1_773' title='bbox 2512 4690 2716 4735; x_wconf 66' lang='lat' dir='ltr'><strong>aeterno</strong></span> <span class='ocrx_word' id='word_1_774' title='bbox 2783 4679 2923 4737; x_wconf 84' lang='lat' dir='ltr'><strong>Filio</strong></span> <span class='ocrx_word' id='word_1_775' title='bbox 2971 4666 3320 4753; x_wconf 58' lang='lat' dir='ltr'><strong>praedicatur,</strong></span> <span class='ocrx_word' id='word_1_776' title='bbox 3378 4689 3525 4757; x_wconf 89' lang='lat' dir='ltr'><strong>quod</strong></span> 
     </span>
    </p>
   </div>
   <div class='ocr_carea' id='block_1_108' title="bbox 1952 4769 3522 4846">
    <p class='ocr_par' dir='ltr' id='par_1_108' title="bbox 1952 4769 3522 4846">
     <span class='ocr_line' id='line_1_108' title="bbox 1952 4769 3522 4846; baseline 0.006 -23"><span class='ocrx_word' id='word_1_777' title='bbox 1952 4772 2230 4840; x_wconf 83' lang='lat' dir='ltr'><strong>proficiat,</strong></span> <span class='ocrx_word' id='word_1_778' title='bbox 2279 4769 2425 4841; x_wconf 90' lang='lat' dir='ltr'><strong>quod</strong></span> <span class='ocrx_word' id='word_1_779' title='bbox 2481 4784 2711 4839; x_wconf 87' lang='lat' dir='ltr'><strong>corpore</strong></span> <span class='ocrx_word' id='word_1_780' title='bbox 2762 4771 3161 4829; x_wconf 88' lang='lat' dir='ltr'><strong>incrementum</strong></span> <span class='ocrx_word' id='word_1_781' title='bbox 3210 4776 3414 4846; x_wconf 80' lang='lat' dir='ltr'><strong>capiat,</strong></span> <span class='ocrx_word' id='word_1_782' title='bbox 3466 4792 3522 4833; x_wconf 87' lang='lat' dir='ltr'><strong>et</strong></span> 
     </span>
    </p>
   </div>
   <div class='ocr_carea' id='block_1_109' title="bbox 1950 4863 3523 4931">
    <p class='ocr_par' dir='ltr' id='par_1_109' title="bbox 1950 4863 3523 4931">
     <span class='ocr_line' id='line_1_109' title="bbox 1950 4863 3523 4931; baseline 0.007 -16"><span class='ocrx_word' id='word_1_783' title='bbox 1950 4865 1994 4915; x_wconf 88' lang='lat' dir='ltr'><strong>si</strong></span> <span class='ocrx_word' id='word_1_784' title='bbox 2022 4863 2151 4931; x_wconf 85' lang='lat' dir='ltr'><strong>quid</strong></span> <span class='ocrx_word' id='word_1_785' title='bbox 2182 4863 2330 4917; x_wconf 88' lang='lat' dir='ltr'><strong>aliud</strong></span> <span class='ocrx_word' id='word_1_786' title='bbox 2383 4863 2678 4917; x_wconf 88' lang='lat' dir='ltr'><strong>humanmn</strong></span> <span class='ocrx_word' id='word_1_787' title='bbox 2714 4873 2834 4931; x_wconf 88' lang='lat' dir='ltr'><strong>est;</strong></span> <span class='ocrx_word' id='word_1_788' title='bbox 2871 4875 2930 4920; x_wconf 92' lang='lat' dir='ltr'><strong>ut</strong></span> <span class='ocrx_word' id='word_1_789' title='bbox 2953 4866 3087 4921; x_wconf 88' lang='lat' dir='ltr'><strong>nihil</strong></span> <span class='ocrx_word' id='word_1_790' title='bbox 3124 4883 3302 4922; x_wconf 89' lang='lat' dir='ltr'><strong>rermn</strong></span> <span class='ocrx_word' id='word_1_791' title='bbox 3336 4871 3523 4926; x_wconf 76' lang='lat' dir='ltr'><strong>talium</strong></span> 
     </span>
    </p>
   </div>
   <div class='ocr_carea' id='block_1_110' title="bbox 1951 4953 3521 5031">
    <p class='ocr_par' dir='ltr' id='par_1_110' title="bbox 1951 4953 3521 5031">
     <span class='ocr_line' id='line_1_110' title="bbox 1951 4953 3521 5031; baseline 0.006 -26"><span class='ocrx_word' id='word_1_792' title='bbox 1951 4955 2227 5008; x_wconf 82' lang='lat' dir='ltr'><strong>adhaereat</strong></span> <span class='ocrx_word' id='word_1_793' title='bbox 2272 4953 2723 5023; x_wconf 61' lang='lat' dir='ltr'><strong>«liviizaenaturaa,</strong></span> <span class='ocrx_word' id='word_1_794' title='bbox 2758 4958 2920 5012; x_wconf 77' lang='lat' dir='ltr'><strong>veluti</strong></span> <span class='ocrx_word' id='word_1_795' title='bbox 2951 4974 3019 5014; x_wconf 90' lang='lat' dir='ltr'><strong>ne</strong></span> <span class='ocrx_word' id='word_1_796' title='bbox 3053 4966 3259 5016; x_wconf 66' lang='lat' dir='ltr'><strong>natura:</strong></span> <span class='ocrx_word' id='word_1_797' title='bbox 3302 4963 3521 5031; x_wconf 82' lang='lat' dir='ltr'><strong>quidem</strong></span> 
     </span>
    </p>
   </div>
   <div class='ocr_carea' id='block_1_111' title="bbox 1950 5043 3523 5114">
    <p class='ocr_par' dir='ltr' id='par_1_111' title="bbox 1950 5043 3523 5114">
     <span class='ocr_line' id='line_1_111' title="bbox 1950 5043 3523 5114; baseline 0.005 -19"><span class='ocrx_word' id='word_1_798' title='bbox 1950 5043 2216 5097; x_wconf 74' lang='lat' dir='ltr'><strong>Socratis.</strong></span> <span class='ocrx_word' id='word_1_799' title='bbox 2274 5043 2415 5110; x_wconf 89' lang='lat' dir='ltr'><strong>Quin</strong></span> <span class='ocrx_word' id='word_1_800' title='bbox 2451 5047 2634 5114; x_wconf 86' lang='lat' dir='ltr'><strong>potius</strong></span> <span class='ocrx_word' id='word_1_801' title='bbox 2657 5046 2730 5100; x_wconf 89' lang='lat' dir='ltr'><strong>ita</strong></span> <span class='ocrx_word' id='word_1_802' title='bbox 2755 5048 2823 5103; x_wconf 91' lang='lat' dir='ltr'><strong>de</strong></span> <span class='ocrx_word' id='word_1_803' title='bbox 2847 5048 3140 5103; x_wconf 90' lang='lat' dir='ltr'><strong>immortali</strong></span> <span class='ocrx_word' id='word_1_804' title='bbox 3197 5062 3392 5104; x_wconf 88' lang='lat' dir='ltr'><strong>natura</strong></span> <span class='ocrx_word' id='word_1_805' title='bbox 3421 5055 3523 5103; x_wconf 84' lang='lat' dir='ltr'><strong>mi-</strong></span> 
     </span>
    </p>
   </div>
   <div class='ocr_carea' id='block_1_112' title="bbox 1952 5133 3523 5207">
    <p class='ocr_par' dir='ltr' id='par_1_112' title="bbox 1952 5133 3523 5207">
     <span class='ocr_line' id='line_1_112' title="bbox 1952 5133 3523 5207; baseline 0.006 -23"><span class='ocrx_word' id='word_1_806' title='bbox 1952 5133 2101 5187; x_wconf 87' lang='lat' dir='ltr'><strong>nime</strong></span> <span class='ocrx_word' id='word_1_807' title='bbox 2133 5133 2297 5187; x_wconf 82' lang='lat' dir='ltr'><strong>etiam</strong></span> <span class='ocrx_word' id='word_1_808' title='bbox 2332 5135 2797 5204; x_wconf 55' lang='lat' dir='ltr'><strong>pra’tlicabuntur,</strong></span> <span class='ocrx_word' id='word_1_809' title='bbox 2826 5153 3170 5207; x_wconf 66' lang='lat' dir='ltr'><strong>quaecunque</strong></span> <span class='ocrx_word' id='word_1_810' title='bbox 3227 5142 3523 5193; x_wconf 81' lang='lat' dir='ltr'><strong>carnaliter</strong></span> 
     </span>
    </p>
   </div>
   <div class='ocr_carea' id='block_1_113' title="bbox 1952 5220 3521 5298">
    <p class='ocr_par' dir='ltr' id='par_1_113' title="bbox 1952 5220 3521 5298">
     <span class='ocr_line' id='line_1_113' title="bbox 1952 5220 3521 5298; baseline 0.006 -24"><span class='ocrx_word' id='word_1_811' title='bbox 1952 5220 2021 5274; x_wconf 90' lang='lat' dir='ltr'><strong>de</strong></span> <span class='ocrx_word' id='word_1_812' title='bbox 2050 5228 2254 5276; x_wconf 61' lang='lat' dir='ltr'><strong>aeterno</strong></span> <span class='ocrx_word' id='word_1_813' title='bbox 2282 5222 2441 5290; x_wconf 84' lang='lat' dir='ltr'><strong>Filio,</strong></span> <span class='ocrx_word' id='word_1_814' title='bbox 2463 5234 2683 5295; x_wconf 81' lang='lat' dir='ltr'><strong>propter</strong></span> <span class='ocrx_word' id='word_1_815' title='bbox 2710 5228 3139 5297; x_wconf 78' lang='lat' dir='ltr'><strong>assunqitioncm</strong></span> <span class='ocrx_word' id='word_1_816' title='bbox 3171 5229 3352 5284; x_wconf 90' lang='lat' dir='ltr'><strong>carnis</strong></span> <span class='ocrx_word' id='word_1_817' title='bbox 3383 5244 3521 5298; x_wconf 58' lang='lat' dir='ltr'><strong>prro</strong></span> 
     </span>
    </p>
   </div>
   <div class='ocr_carea' id='block_1_114' title="bbox 1953 5312 3526 5385">
    <p class='ocr_par' dir='ltr' id='par_1_114' title="bbox 1953 5312 3526 5385">
     <span class='ocr_line' id='line_1_114' title="bbox 1953 5312 3526 5385; baseline 0.004 -18"><span class='ocrx_word' id='word_1_818' title='bbox 1953 5312 2229 5368; x_wconf 85' lang='lat' dir='ltr'><strong>dieantur.</strong></span> <span class='ocrx_word' id='word_1_819' title='bbox 2281 5314 2454 5380; x_wconf 88' lang='lat' dir='ltr'><strong>Sicut,</strong></span> <span class='ocrx_word' id='word_1_820' title='bbox 2486 5317 2707 5385; x_wconf 87' lang='lat' dir='ltr'><strong>quando</strong></span> <span class='ocrx_word' id='word_1_821' title='bbox 2738 5316 2903 5370; x_wconf 75' lang='lat' dir='ltr'><strong>verba</strong></span> <span class='ocrx_word' id='word_1_822' title='bbox 2936 5317 3169 5374; x_wconf 85' lang='lat' dir='ltr'><strong>facimus</strong></span> <span class='ocrx_word' id='word_1_823' title='bbox 3200 5318 3267 5374; x_wconf 77' lang='lat' dir='ltr'><strong>de</strong></span> <span class='ocrx_word' id='word_1_824' title='bbox 3296 5317 3385 5374; x_wconf 72' lang='lat' dir='ltr'><strong>Sat</strong></span> <span class='ocrx_word' id='word_1_825' title='bbox 3408 5329 3526 5374; x_wconf 81' lang='lat' dir='ltr'><strong>rato</strong></span> 
     </span>
    </p>
   </div>
   <div class='ocr_carea' id='block_1_115' title="bbox 1539 5467 2222 5526">
    <p class='ocr_par' dir='ltr' id='par_1_115' title="bbox 1539 5467 2222 5526">
     <span class='ocr_line' id='line_1_115' title="bbox 1539 5467 2222 5526; baseline 0.007 -7"><span class='ocrx_word' id='word_1_826' title='bbox 1539 5467 1774 5523; x_wconf 63' lang='lat' dir='ltr'><strong>VARUS</strong></span> <span class='ocrx_word' id='word_1_827' title='bbox 1820 5469 2222 5526; x_wconf 73' lang='lat' dir='ltr'><strong>LECTIONES.</strong></span> 
     </span>
    </p>
   </div>
   <div class='ocr_carea' id='block_1_116' title="bbox 345 5584 1734 5665">
    <p class='ocr_par' dir='ltr' id='par_1_116' title="bbox 345 5584 1734 5665">
     <span class='ocr_line' id='line_1_116' title="bbox 345 5584 1734 5665; baseline -0.014 -10"><span class='ocrx_word' id='word_1_828' title='bbox 345 5586 388 5617; x_wconf 80' lang='grc'><strong>’⁷</strong></span> <span class='ocrx_word' id='word_1_829' title='bbox 418 5584 577 5639; x_wconf 66' lang='lat' dir='ltr'><strong>FONC</strong></span> <span class='ocrx_word' id='word_1_830' title='bbox 606 5585 752 5654; x_wconf 70' lang='grc' dir='ltr'><strong>ἑξῆς.</strong></span> <span class='ocrx_word' id='word_1_831' title='bbox 813 5586 858 5618; x_wconf 81' lang='grc'><strong>⁸⁸</strong></span> <span class='ocrx_word' id='word_1_832' title='bbox 891 5586 1052 5642; x_wconf 76' lang='lat' dir='ltr'><strong>Forte</strong></span> <span class='ocrx_word' id='word_1_833' title='bbox 1085 5585 1354 5656; x_wconf 64' lang='grc' dir='ltr'>ἐνεργείᾳ.</span> <span class='ocrx_word' id='word_1_834' title='bbox 1414 5587 1459 5619; x_wconf 74' lang='grc'><strong>⁹⁹</strong></span> <span class='ocrx_word' id='word_1_835' title='bbox 1495 5588 1734 5665; x_wconf 66' lang='grc' dir='ltr'>αἰτιῷτο»,</span> 
     </span>
    </p>
   </div>
   <div class='ocr_carea' id='block_1_117' title="bbox 1816 5591 2908 5665">
    <p class='ocr_par' dir='ltr' id='par_1_117' title="bbox 1816 5591 2908 5665">
     <span class='ocr_line' id='line_1_117' title="bbox 1816 5591 2908 5665; baseline 0.003 -22"><span class='ocrx_word' id='word_1_836' title='bbox 1816 5591 1830 5620; x_wconf 88' lang='grc'>¹</span> <span class='ocrx_word' id='word_1_837' title='bbox 1868 5591 1999 5661; x_wconf 78' lang='lat' dir='ltr'><strong>Leg.</strong></span> <span class='ocrx_word' id='word_1_838' title='bbox 2031 5608 2087 5643; x_wconf 87' lang='grc' dir='ltr'>τε</span> <span class='ocrx_word' id='word_1_839' title='bbox 2124 5591 2235 5644; x_wconf 77' lang='grc' dir='ltr'>καί.</span> <span class='ocrx_word' id='word_1_840' title='bbox 2295 5595 2312 5623; x_wconf 81' lang='grc'>²</span> <span class='ocrx_word' id='word_1_841' title='bbox 2349 5593 2469 5663; x_wconf 48' lang='grc' dir='ltr'><strong>[με</strong></span> <span class='ocrx_word' id='word_1_842' title='bbox 2503 5597 2908 5665; x_wconf 52' lang='grc' dir='ltr'>κατηγορεῖται.</span> 
     </span>
    </p>
   </div>
  </div>
