3912 6202
416 246 556 310 ίῡθτ

1638 236 1739 294 ΤΠ
1751 232 2031 293 EODOI‘tl
2073 235 2112 292 .-'\
2126 234 2311 294 BUCA
2325 232 2442 294 [LE

3548 234 3706 300 1605

416 357 626 422 saucio,
667 369 776 409 non
808 352 1070 411 animam,
1106 349 1201 404 sed
1227 364 1431 418 corpus
1457 348 1579 417 ejus
1608 349 1820 417 plagam
1876 364 1997 401 sus-

2127 348 2489 418 ἰνὼσκομινο
2544 344 2716 410 οὕτως
2787 346 3113 416 φασκόντων
3169 345 3326 416 ἡμῶν
3376 346 3470 400 τὸν
3522 349 3709 401 ἀΐδιον

415 448 652 504 tinnisse
684 444 1056 497 arbitramur:
1083 443 1154 494 ira
1183 456 1422 509 quoque,
1455 441 1581 493 dnttt
1614 451 1877 493 arternnm
1909 437 2000 491 Fi-

417 541 552 594 ltutn
586 538 774 591 lancea
802 532 1136 603 perforatum
1170 531 1339 586 fuisse
1368 530 1629 592 divinius,
1673 546 1781 583 non
1813 531 1876 582 ad
1901 546 2001 583 na-

418 638 598 684 tnrant
627 628 748 695 ejus
770 626 1035 688 divinam,
1071 623 1576 691 incorruptibilent,
1606 622 1851 676 interitui
1894 639 2001 675 non

420 720 712 776 obnoxiam
783 722 1107 784 penetrasse
1158 714 1415 776 vulnus;
1477 710 1572 765 sed
1643 711 1695 763 in
1750 726 1999 774 carnem,

422 828 543 881 qua:
575 810 822 867 lacerari,
862 821 984 879 quae
1031 806 1256 856 vulnera
1313 804 1596 871 suscipere
1654 803 1854 871 potuit,
1885 816 2006 870 per-

424 897 741 951 suadentur.
798 891 950 944 Novo
989 902 1318 959 argumento
1358 891 1792 944 controversiam
1849 890 2007 943 solvi-

426 1004 564 1041 tnus.
593 988 743 1039 Mens
798 994 985 1037 nostra
1039 998 1146 1036 una
1182 992 1266 1034 est
1310 983 1630 1050 eademque,
1662 996 1724 1033 ac
1767 996 1862 1051 per
1908 981 2007 1034 bos

424 1079 644 1150 quidem
672 1077 862 1130 Oculos
897 1074 1134 1128 visibilia
1166 1073 1394 1141 recipit;
1430 1072 1594 1148 liabet
1628 1080 1807 1125 tamen
1846 1073 2005 1124 aliam

426 1172 606 1223 adhuc
631 1169 894 1221 visionem
933 1167 1034 1220 sibi
1107 1164 1381 1233 pmpriatn
1425 1164 1646 1233 (praeter
1695 1163 1838 1216 illam
1889 1178 2009 1232 qua:

427 1262 487 1317 lit
545 1276 638 1329 per
693 1258 935 1310 membra
988 1254 1354 1319 oculorum),
1412 1268 1693 1322 quantque
1738 1254 2009 1306 tlieoriatn

428 1351 789 1421 appellamus.
835 1345 890 1398 Si
954 1347 1237 1414 contingat
1305 1344 1426 1396 laedi
1488 1343 1742 1414 corporis
1786 1342 2011 1397 videndi

429 1441 783 1502 facultatem,
837 1437 1151 1504 neutiquam
1202 1432 1585 1488 concludimus
1653 1448 1761 1487 non
1819 1434 2014 1488 videre

431 1542 687 1594 mentem,
742 1530 868 1582 dtttn
913 1528 1014 1595 ipsi
1079 1527 1228 1579 salva
1291 1534 1375 1579 est
1416 1533 1469 1579 et
1504 1525 1716 1595 integra
1747 1526 2013 1580 naturalis

2104 439 2232 490 Υἱὸν
2284 436 2593 506 τετρῶσθαι
2641 439 2707 507 τῇ
2759 437 2951 510 λόγχῃ,
3004 437 3107 489 οὐκ
3153 438 3234 499 εἱς
3285 437 3478 507 θεῖκὴν
3524 438 3712 491 αὑτοῦ

2104 530 2340 602 [eti-rw],
2389 529 2489 599 τὴν
2520 529 2796 599 ἄφθαρτον
2823 532 2915 581 καὶ
2959 526 3272 597 ἀνόλεθρον,
3306 531 3712 599 κεχωρηκέναι

2102 619 2200 690 τὴν
2245 618 2470 689 τρῶσιν,
2528 620 2643 671 ἀλλ’
2682 620 2762 681 είς
2809 618 2907 689 τὴν
2953 617 3121 671 αὑτοῦ
3166 620 3369 689 σάρκα,
3400 620 3511 689 τὴν
3544 619 3716 673 δυνα-

2109 710 2275 779 μένην
2333 708 2739 780 τιτρώσκεσθαί
2788 727 2849 762 τε
2908 711 3001 762 καὶ
3065 711 3387 779 τέμνεσθαι,
3440 711 3710 781 νοοῦμεν.

2107 801 2216 853 Καὶ
2243 800 2465 855 ἄλλοθέν
2505 818 2587 855 σοι
2627 800 2938 870 παρέξομεν
2975 801 3069 869 τῆς
3101 802 3342 872 ἀπορίας
3404 801 3711 857 ἀπόλυσιν.

2118 893 2178 944 ὐ
2210 893 2476 963 ἡμέτερος
2505 892 2629 955 νοῦς
2669 893 2833 955 αὐτὸς
2871 893 2965 951 ὢν,
3000 895 3027 944 ὁ
3071 892 3159 945 διὰ
3196 893 3312 945 τῶν
3366 894 3718 963 σωματικῶν

2108 981 2399 1051 ὀφθαλμῶν
2440 983 2550 1034 τῶν
2593 980 2848 1051 ὁρώντων
2870 981 3435 1051 ἀντιλαμϐανόμενος,
3474 988 3581 1035 καὶ
3618 984 3712 1036 ﬁl-

2109 1074 2207 1143 λην
2245 1075 2434 1141 ὅρασιν
2463 1075 2775 1139 ἰδιάζουσαν
2802 1074 2935 1144 ἔχει,
2983 1076 3131 1144 παρὰ
3165 1073 3265 1143 τὴν
3291 1073 3365 1127 δι’
3404 1076 3712 1146 ὀφθαλμῶν

2109 1166 2494 1237 διαρθροῦσαν,
2562 1168 2628 1237 ἢν
2686 1169 2779 1219 καὶ
2843 1165 3078 1235 θεωρίαν
3129 1166 3428 1235 καλοῦμεν.
3491 1167 3557 1219 Εἰ
3617 1167 3708 1220 οῦν

2113 1256 2355 1327 συμϐαίη
2391 1257 2757 1329 πεπηρῶσθαι
2801 1258 2899 1326 τὴν
2924 1255 3017 1308 τοῦ
3051 1256 3303 1324 σώματος
3350 1258 3595 1309 ὀπτικὴν
3626 1259 3703 1312 δύο

2112 1367 2297 1419 ναμιν,
2345 1349 2406 1403 ού
2441 1348 2621 1419 φαμὲν
2662 1348 2757 1401 τὸν
2809 1346 2937 1401 νοῦν
2977 1347 3055 1416 μὴ
3092 1347 3337 1416 βλέπειν,
3388 1347 3702 1419 σωζομένης

2115 1440 2265 1510 αὑτῷ
2326 1440 2758 1511 ἀπαρατρέπτου
2818 1441 2915 1492 καὶ
2972 1438 3241 1502 εύλαϐοῦς
3277 1440 3299 1471 ³
3332 1440 3422 1507 τῆς
3454 1442 3699 1512 φυσικῆς

2114 1530 2307 1599 νοερᾶς
2337 1527 2636 1598 βλεπτικῆς
2663 1528 3005 1590 διοπτασίας.
3032 1527 3223 1591 Οὕτως
3248 1528 3309 1598 δὴ
3338 1530 3420 1580 καὶ
3452 1532 3480 1581 ὁ
3511 1531 3691 1593 ἀΐδιος

430 1640 496 1679 ac
522 1620 909 1678 intellectualis
961 1618 1175 1672 videndi
1212 1614 1473 1671 facultas.
1502 1614 1559 1669 ln
1594 1616 1740 1671 hunc
1793 1616 2013 1671 modum

2127 1617 2247 1682 Υἱὸς
2275 1618 2496 1687 λέγεται
2523 1618 2853 1672 πεπονθέναι
2883 1619 2950 1688 τῇ
2986 1617 3180 1687 σαρκὶ,
3224 1618 3322 1687 τῆς
3352 1616 3497 1681 θείας
3522 1619 3680 1672 αὑτοῦ

429 1726 668 1769 atteruus
702 1711 871 1766 Filius
907 1710 1085 1764 fertur
1129 1725 1329 1778 passus
1379 1723 1507 1764 esse
1551 1708 1860 1764 secundum
1887 1722 2013 1762 car-

2127 1707 2330 1778 ρύσεως
2359 1709 2609 1772 ἀπαθοῦς
2640 1708 2995 1779 διαρκούσης.

434 1822 577 1867 nem.
601 1806 784 1859 divina
816 1803 936 1872 ejus
960 1813 1154 1856 natura
1188 1817 1297 1856 non
1326 1802 1588 1871 patiente.

504 1896 703 1951 Verum
760 1897 890 1966 quid
942 1895 1031 1948 bit:
1075 1895 1159 1948 vel
1218 1894 1373 1948 dictu
1408 1892 1490 1947 vel
1543 1892 1691 1946 factu
1732 1906 1868 1960 opus
1909 1899 2017 1954 est,

436 1989 526 2045 ubi
560 1989 643 2043 vel
668 1989 723 2041 in
763 2002 1017 2056 corpore,
1060 1986 1324 2055 qualitate
1354 1994 1409 2039 et
1438 1983 1699 2038 crassitie
1757 1979 1903 2035 istud
1932 1980 2023 2033 de-

436 2080 937 2156 prcltenditttr?.~\n
966 2086 1051 2133 est
1102 2080 1393 2147 quisquam
1439 2076 1532 2145 qui
1584 2076 1815 2144 ignoret,
1874 2072 2021 2142 quod

436 2188 592 2229 mens
621 2173 763 2226 videt
791 2171 988 2233 oculis,
1023 2170 1368 2239 auribusque
1391 2167 1581 2231 audit;
1616 2165 2019 2234 insidetautem

437 2263 666 2318 cerebro
701 2260 919 2316 videndi
944 2270 993 2314 et
1024 2260 1281 2314 audiendi
1314 2257 1574 2320 facultas,
1602 2257 1868 2310 alterutra
1894 2252 2024 2307 sub-

440 2356 672 2411 sistente
729 2354 850 2407 sine
906 2353 1100 2414 altera,
1137 2352 1471 2422 quibuscum
1507 2348 1672 2403 etiam
1709 2347 1827 2416 ipsa
1869 2360 2025 2399 mens

440 2455 834 2502 commoratur.
894 2444 1017 2499 llzec
1053 2459 1179 2497 cum
1231 2445 1306 2497 ita
1338 2441 1749 2511 conjungantur
1775 2447 1830 2493 et
1858 2437 2028 2492 colta-

441 2539 618 2595 bitent
663 2538 717 2591 in
748 2537 939 2592 eodem
998 2536 1270 2602 subjecto,
1328 2547 1475 2602 sa‘pe
1520 2532 1740 2585 evenire
1793 2529 1932 2585 solet
1969 2538 2028 2583 ut

442 2629 643 2684 visioni
701 2626 984 2688 exteriori,
1043 2627 1124 2679 vel
1182 2623 1430 2684 auditui,
1492 2622 1574 2676 vel
1626 2621 1733 2692 ipsi
1787 2620 2027 2691 denique

444 2722 614 2775 menti
673 2719 879 2787 aliquid
918 2716 1249 2772 incommodi
1286 2715 1543 2777 accidat;
1575 2721 1818 2768 attamen
1859 2713 2027 2767 unius

445 2820 836 2863 noeumentum
882 2823 990 2861 non
1041 2806 1187 2860 laedit
1228 2807 1462 2875 reliqua,
1513 2805 1642 2858 dum
1677 2804 1897 2857 illarum
1939 2816 2032 2856 na-

446 2901 644 2956 turalis
694 2901 952 2970 potentia:
975 2909 1150 2954 status
1186 2907 1368 2950 manet
1407 2896 1723 2949 incolumis.
1760 2895 1894 2949 Post
1925 2895 2030 2950 hoc

2201 1890 2366 1945 Ἀλλά
2396 1890 2451 1944 τί
2477 1891 2540 1959 δὴ
2564 1890 2587 1923 ⁸
2613 1889 2709 1943 ἐπὶ
2735 1888 2948 1951 τούτοις
2975 1888 3223 1957 ἄγεσθαι,
3254 1888 3398 1942 ὅπου
3427 1905 3497 1957 γε
3525 1891 3577 1941 ἒν
3600 1890 3687 1941 σὼ-

2123 1997 2253 2049 ματι
2312 1981 2407 2033 καὶ
2453 1978 2781 2049 πηλικότητι
2831 1977 2927 2031 καὶ
2971 1976 3239 2047 παχύτητι
3285 1977 3459 2029 τοῦτο
3494 1978 3699 2047 θεωρεῖ-

2118 2088 2211 2124 ται
2235 2089 2249 2139 ;
2297 2072 2487 2141 Ἴσμεν
2521 2069 2630 2140 γὰρ
2661 2071 2921 2133 ἅπαντες,
2950 2067 3027 2131 ὡς
3054 2070 3083 2121 ὁ
3109 2067 3233 2131 νοῦς
3256 2068 3353 2120 διὰ
3380 2068 3496 2120 τῶν
3521 2069 3706 2137 ὀφθαλ-

2127 2162 2243 2233 μῶν
2277 2164 2379 2234 ὁρᾷ
2404 2163 2496 2215 καὶ
2524 2160 2616 2214 διά
2637 2160 2746 2213 τῶν
2776 2159 2931 2214 ὢτων
2968 2158 3151 2214 ἀκούει
3175 2174 3189 2187 ·
3233 2160 3531 2230 ἐνίδρυται
3559 2160 3611 2212 δὲ
3638 2159 3705 2229 τῷ

2122 2253 2415 2324 ἐγκεφάλῳ
2464 2254 2499 2324 ἥ
2541 2269 2600 2305 τε
2647 2250 2883 2322 ὁρατικὴ
2938 2251 3034 2305 καὶ
3075 2251 3389 2320 ἀκουστικὴ
3446 2251 3702 2321 αἴσθησις,

2124 2345 2362 2414 ἑκατέρα
2408 2344 2562 2415 παρά
2609 2344 2708 2413 τὴν
2734 2344 2931 2413 ἑτέραν
2963 2342 3311 2410 ὑπάρχουσα,
3357 2342 3491 2411 μεθ’
3522 2338 3596 2396 ὦν
3624 2340 3704 2395 καὶ

2123 2438 2153 2489 ὁ
2183 2436 2308 2490 νοῦς
2349 2434 2654 2500 αὐλίζεται.
2691 2434 2911 2488 Τούτων
2934 2428 3027 2486 οὖν
3059 2432 3321 2502 ἀλλήλοις
3368 2435 3431 2485 ὲν
3464 2434 3551 2485 ἑνὶ
3592 2450 3696 2485 συν-

2126 2528 2396 2597 ημμένων
2457 2528 2552 2581 καὶ
2603 2524 2974 2596 διαιτωμένων
3018 2523 3097 2593 τῷ
3129 2523 3535 2594 ὑποκειμένῳ,
3582 2541 3704 2593 σημ-

2128 2619 2304 2673 ϐαίνει
2373 2618 2656 2684 πολλάκις,
2721 2619 2821 2689 τὴν
2890 2616 3210 2686 σωματικὴν
3265 2617 3463 2687 ὅρασιν
3530 2617 3562 2687 ἦ
3619 2617 3709 2685 τὴν

2127 2714 2320 2781 ἀκοὴν,
2353 2713 2387 2780 ἢ
2436 2712 2525 2765 τὸν
2554 2711 2678 2765 νοῦν
2717 2711 2881 2766 αὑτὸν
2919 2710 3182 2781 βλαϐῆναι
3215 2728 3230 2742 ·
3270 2712 3368 2764 καὶ
3398 2714 3430 2777 ή
3461 2712 3555 2763 τοῦ
3593 2712 3709 2775 ἑνὸς

2133 2805 2302 2877 βλάϐη
2336 2804 2399 2857 ού
2432 2804 2756 2874 λυμαίνεται
2798 2803 2864 2856 τά
2897 2803 3223 2872 λειπόμενα,
3256 2806 3356 2872 τῆς
3390 2802 3565 2855 αὐτῶν
3598 2820 3703 2869 φυ-

2133 2896 2294 2966 σικῆς
2349 2895 2630 2965 δυνάμεως
2675 2893 2951 2955 ἀϐλαϐοῦς
2991 2894 3361 2964 τηρουμένης.’
3386 2893 3476 2960 Μὴ
3514 2892 3696 2945 τοίνυν

447 3008 623 3061 usque
654 2991 792 3044 adeo
823 2990 1023 3043 mirum
1052 3004 1159 3041 non
1194 2996 1301 3048 est,
1340 2987 1385 3039 si
1418 3000 1651 3054 corpore
1681 2986 1875 3039 aeterni
1900 2984 2022 3039 Filii

2134 2985 2548 3055 καταπληκτέον
2573 2984 2734 3052 ἄγαν,
2766 2985 2814 3035 εἰ
2844 2982 2936 3035 τοῦ
2973 2983 3231 3053 σώματος
3254 2980 3340 3034 τοῦ
3374 2980 3532 3033 ἀὶδίου
3563 2981 3694 3034 Υίοῦ

447 3085 710 3153 patiente,
730 3080 1087 3134 nihilominus
1104 3085 1299 3131 natura
1321 3077 1441 3145 ejus
1467 3091 1574 3130 non
1606 3075 1874 3130 dissoluta
1903 3090 2029 3145 pas-

448 3174 603 3228 sione
666 3170 867 3234 caruit,
922 3168 1265 3237 perstititque
1317 3168 1510 3229 illmsa,
1561 3181 1683 3236 quae
1743 3182 1909 3235 super
1940 3180 2030 3221 res

447 3277 640 3315 omnes
703 3259 1015 3329 longissime
1064 3260 1206 3313 elata
1242 3258 1487 3327 undique
1538 3258 1876 3321 dominatur,
1927 3271 2031 3313 nec

449 3352 738 3423 passiones
783 3352 893 3404 ullo
923 3349 1082 3403 modo
1113 3350 1387 3416 sustinet;
1413 3350 1466 3402 in
1506 3363 1635 3417 qua,
1665 3350 1821 3417 juxta
1875 3347 2030 3418 prin-

450 3444 627 3512 cipem
661 3442 1054 3510 apostolorum,
1107 3455 1215 3492 non
1246 3448 1331 3493 est
1373 3440 1648 3500 alteratio,
1680 3454 1858 3506 neque
1920 3454 2033 3490 ntu-

452 3533 676 3587 tationis
728 3530 946 3600 quidem
996 3530 1364 3582 adumbratio.
1420 3528 1581 3581 Aliud
1614 3529 1714 3581 tibi
1750 3527 2027 3597 proferant

452 3625 792 3691 exemplum,
848 3637 942 3690 per
984 3620 1152 3688 quod,
1210 3629 1472 3688 tanquam
1537 3620 1592 3672 itt
1653 3618 1898 3687 speculo,
1950 3616 2030 3670 vi-

454 3715 584 3769 deas
637 3728 746 3782 quo
778 3727 958 3781 paeto,
984 3713 1030 3764 si
1060 3712 1141 3764 vel
1187 3712 1369 3779 passio
1412 3710 1493 3764 vel
1565 3709 1850 3777 corruptio
1881 3708 2028 3761 acci-

454 3806 636 3860 derint
690 3805 854 3857 alicui
922 3803 1322 3866 subsistentiw,
1352 3802 1417 3854 ad
1452 3810 1701 3854 naturam
1760 3817 1866 3854 non
1906 3816 2032 3869 per-

457 3898 694 3967 tingant,
742 3897 1097 3966 quantumvis
1163 3895 1371 3949 nullam
1401 3896 1561 3947 aliain
1598 3893 1859 3947 habuerit
1901 3894 2033 3947 sub-

456 3989 788 4052 sistentiatn,
840 3988 946 4041 nisi
989 3989 1205 4040 unicam
1261 4002 1417 4040 suam
1452 3984 1729 4039 naturain.
1792 3983 1922 4048 Fac,
1960 3987 2033 4040 nti

456 4081 675 4145 dilecte,
699 4094 763 4132 ex
788 4093 923 4131 auro
957 4078 1041 4130 vel
1067 4093 1177 4130 tere
1214 4076 1539 4130 forntaveris
1575 4085 1817 4129 statuam
1870 4083 2036 4145 atque

458 4168 844 4227 elaboraveris.
874 4167 918 4221 si
948 4165 1147 4220 deinde
1197 4182 1390 4220 rursus
1448 4165 1722 4232 conﬂasti,
1755 4165 1852 4219 viri
1909 4166 2037 4219 ima-

459 4276 547 4331 go,
578 4275 701 4329 quae
748 4258 884 4311 nihil
912 4265 1018 4321 est,
1062 4258 1238 4326 perit;
1272 4272 1469 4310 aurum
1532 4268 1717 4311 autem
1780 4258 1895 4310 sive
1931 4273 2030 4319 aes,

2134 3077 2454 3146 πάσχοντος.
2490 3074 2643 3128 οὐδὲν
2671 3070 2836 3146 ἦττον
2858 3075 2892 3145 ἡ
2935 3074 3309 3137 ἀδιάσπαστος
3346 3072 3502 3125 αὑτοῦ
3533 3072 3695 3125 me-

2127 3170 2253 3220 λεσε
2287 3167 2448 3237 φύσις
2474 3166 2689 3237 ἀπαθής
2725 3183 2783 3218 τε
2824 3168 2922 3218 καί⁹
2943 3166 3291 3236 ἀπήμαντος,
3328 3165 3364 3234 ἡ
3411 3166 3579 3231 πάσης
3605 3164 3692 3217 ούο

2133 3259 2254 3321 σίας
2283 3259 2665 3329 ὑπερηρμένη,
2700 3258 2796 3311 καὶ
2833 3258 3055 3311 πάντων
3085 3256 3449 3323 δεσπόζουσα,
3494 3256 3588 3309 ul.
3605 3271 3698 3308 πα·

2132 3347 2242 3401 θῶν
2264 3348 2550 3410 παντελῶς
2587 3348 2938 3410 άνεπίδεκτος
2966 3363 2980 3375 ·
3020 3349 3149 3416 παρ’
3174 3342 3229 3419 ᾖ,
3256 3347 3403 3399 κατά
3440 3348 3533 3398 τὸν
3555 3363 3710 3415 κορυ-

2133 3441 2422 3511 φαιότατον
2451 3440 2769 3504 ἀπόστολον,
2813 3442 2915 3493 οὑκ
2944 3438 3092 3491 ἐστιν
3118 3439 3412 3501 ἀλλοίωσις
3433 3440 3467 3508 ἣ
3506 3440 3714 3507 τροπῆς

2133 3532 2507 3602 ἀποσκίασμα.
2548 3531 2847 3600 Τετέξομαι
2872 3530 2998 3600 (sic)
3034 3530 3092 3583 δέ
3129 3547 3211 3582 σοι
3244 3531 3339 3583 καὶ
3368 3531 3560 3600 ἕτερον
3583 3531 3717 3583 ὑπό-

2132 3624 2350 3693 δειγμα,
2380 3624 2447 3676 δι’
2476 3619 2539 3678 οὗ
2574 3622 3031 3694 κατοπτρίσεσθαι
3065 3622 3292 3693 δυνήσῃ,
3321 3622 3437 3684 πῶς
3483 3623 3515 3690 ἢ
3542 3624 3564 3654 ⁸
3618 3622 3722 3676 πά-

2134 3713 2226 3774 θος
2256 3716 2288 3786 ἢ
2316 3714 2491 3785 φθορά
2518 3715 2700 3783 συμϐῇ
2731 3730 2839 3765 τινι
2863 3711 3183 3775 ὑποστάσει,
3217 3716 3312 3764 ἐπὶ
3338 3712 3435 3782 τὴν
3468 3712 3639 3780 φύσιν
3661 3716 3721 3767 οὗ

2132 3805 2422 3868 διαϐαίνει,
2467 3805 2571 3858 κᾶν
2602 3806 2743 3875 λάχῃ
2788 3806 2863 3875 μὴ
2908 3805 3107 3874 ἐχούση
3151 3804 3279 3873 (sic)
3314 3806 3643 3869 ὑπόστασιν,
3675 3807 3726 3859 εξ

2137 3898 2212 3968 μὴ
2249 3898 2378 3967 μίαν
2436 3896 2620 3965 φύσιν.
2664 3896 2799 3949 Ἀπὸ
2827 3895 3032 3967 χρυσοῦ
3076 3896 3265 3965 τυχὸν,
3301 3889 3349 3948 ὦ
3399 3897 3653 3966 φιλότης,
3692 3898 3725 3967 ἦ

2134 3987 2335 4057 χαλκοῦ
2367 3987 2801 4058 μορφωσάμενος
2824 3987 3118 4057 ἀνδριάντα
3154 3987 3247 4039 καὶ
3275 3989 3727 4051 κατασκευάσας,

2135 4082 2183 4132 εἰ
2212 4079 2373 4132 πάλιν
2406 4078 2575 4133 αὐτὸν
2604 4077 3013 4148 ἁναχωνεύσῃς,
3048 4077 3109 4130 τὸ
3143 4078 3334 4148 μηδὲν,
3373 4078 3733 4149 ἀνδρείκελον

2136 4171 2434 4239 ἀπόλλυται
2475 4171 2749 4241 μόρφωμα
2774 4185 2788 4200 ⁸
2823 4169 2926 4221 ὁδὲ
2963 4169 3161 4239 χρυσὸς
3192 4170 3225 4241 ἢ
3258 4172 3287 4222 ὁ
3319 4169 3545 4240 χαλκὸς,
3572 4171 3733 4236 ὅστις

2135 4264 2213 4334 τῷ
2243 4264 2518 4334 ἀνδριάντι
2549 4262 2710 4331 φύσις
2760 4261 3028 4331 ὑπῆρχεν,
3064 4261 3306 4332 ἀϐλαϐής
3338 4278 3399 4314 τε
3442 4262 3602 4332 μένει
3633 4265 3739 4318 καὶ

459 4357 605 4425 quod
637 4362 830 4408 stature
898 4352 1133 4420 praebuit
1162 4360 1441 4413 naturam,
1495 4349 1711 4402 salvum
1756 4357 1943 4403 manet
1978 4357 2025 4402 el

2137 4352 2397 4424 ἄφθορος.
2444 4353 2604 4406 Ἀλλά
2624 4368 2715 4422 μοι
2740 4353 2761 4382 ⁸
2783 4351 2904 4404 λίαν
2930 4355 3042 4414 τοῖς
3075 4352 3437 4421 ὑποδείγμασι
3462 4354 3734 4422 πρόσεχε,

456 4447 756 4517 integrum.
791 4443 865 4498 De
896 4444 1106 4511 reliquo
1146 4456 1278 4495 cave
1302 4440 1533 4495 secteris
1570 4440 1803 4493 nimium
1844 4455 2035 4495 exem-

462 4538 571 4608 pla,
604 4547 770 4606 atque
829 4534 1128 4605 prudenter
1182 4531 1579 4595 animadverte,
1630 4546 1738 4585 non
1795 4546 2037 4596 omnem,

461 4644 584 4698 qua:
640 4628 768 4683 inde
798 4626 895 4681 tibi
926 4627 1157 4689 oriatur,
1216 4622 1395 4677 ideam
1448 4621 1725 4677 deducere
1755 4622 1821 4674 ad
1856 4622 2038 4675 divina

463 4722 740 4791 dogmata,
779 4719 873 4775 sed
904 4718 1066 4773 rudes
1098 4732 1222 4773 esse
1273 4715 1725 4769 atlnmbratiooes
1776 4714 2040 4783 quasdam

466 4823 520 4868 et
549 4813 709 4881 quasi
740 4813 942 4867 ductus
962 4810 1200 4879 aliquos,
1235 4808 1410 4862 solius
1446 4806 1676 4861 tlteoriaa
1701 4820 1889 4868 causa,
1916 4821 2044 4874 pro-

467 4911 767 4973 pterquam
789 4901 987 4955 tradita
1020 4899 1339 4969 recipimus,
1364 4897 1457 4951 sed
1493 4896 1776 4965 analogice
1805 4903 2039 4950 tantum.

467 4996 607 5060 Quin
651 4995 762 5046 imo
812 4993 1071 5062 perlonge
1137 4991 1400 5045 submove
1430 4989 1500 5042 ab
1548 4986 1867 5041 hominibus
1912 4987 2046 5057 piis,

468 5094 522 5140 et
557 5083 649 5154 qui
690 5082 795 5137 sibi
843 5081 1014 5153 probe
1071 5088 1366 5145 constant,
1398 5078 1765 5148 quodcunque
1812 5075 2049 5131 alienum

466 5186 521 5231 et
567 5176 889 5246 discrepans
934 5174 1205 5227 videatur.
1260 5171 1520 5225 Disrerne
1558 5183 1775 5238 semper
1818 5171 2053 5229 sitnilea

2133 4446 2400 4515 νουνεχῶς
2450 4445 2544 4497 καὶ
2593 4444 2885 4512 φυλάττου,
2933 4443 3008 4513 μὴ
3059 4444 3238 4495 πᾶσαν
3280 4444 3379 4511 τὴν
3425 4441 3487 4506 ἐξ
3539 4445 3737 4497 αὑτῶν

2137 4536 2537 4590 άνατέλλουσάν
2568 4554 2650 4589 σοι
2687 4538 2861 4589 οἰκεῖα
2882 4536 2899 4565 ⁷
2938 4534 3195 4603 μετάγειν
3220 4533 3314 4583 ἐπὶ
3351 4534 3418 4584 τὰ
3446 4533 3571 4585 θεῖα
3596 4534 3738 4602 δόγ-

2142 4643 2309 4696 ματα,
2335 4625 2471 4679 ἀλλά
2498 4625 2804 4694 παχήματά
2835 4642 2960 4677 τινα
2989 4626 3085 4677 καὶ
3111 4623 3397 4693 ἐμφάσεις,
3441 4623 3733 4692 ὁρμαζοά-

2143 4735 2238 4780 σας
2262 4717 2282 4747 ⁸
2322 4719 2402 4779 εἰς
2433 4716 2689 4787 θεωρίαν,
2730 4711 2797 4787 ἦς
2825 4716 3037 4769 εἵνεκεν
3074 4714 3585 4785 παραλαμϐάνονται
3619 4716 3736 4781 μό-

2141 4827 2232 4863 νον
2282 4800 2578 4874 ἀναλόγως.
2646 4807 2762 4871 na;
2809 4809 3230 4876 ἀπεπεμφαῖνον
3257 4809 3278 4837 ⁹
3325 4806 3412 4857 καὶ
3456 4806 3724 4867 ἀπεοικὸς

2144 4899 2612 4967 ἀποπεμπόμενος
2655 4897 2731 4960 ὡς
2785 4897 3043 4950 ἀποτάτω
3099 4898 3290 4967 φρεσὶν
3335 4893 3577 4967 εὐσεϐέσι
3621 4895 3733 4948 κα).

2149 4989 2435 5060 σταθεραίς
2460 5028 2475 5053 ,
2521 4987 2813 5058 διακρίνων
2847 4988 2933 5040 ἀεὶ
2992 4987 3086 5041 τοῦ
3134 4989 3323 5058 ὁμοίου
3347 4987 3410 5040 τὸ
3448 4986 3734 5055 ἀνόμοιον,

2149 5074 2237 5133 οἷά
2260 5097 2341 5142 τις
2371 5080 2664 5149 λικμήτωρ
2696 5079 3091 5148 ἀκριϐέστατος
3118 5079 3214 5132 τοῦ
3244 5078 3397 5131 σίτου
3423 5079 3482 5131 τὸ
3513 5078 3744 5148 ἀχυρῶ-

2150 5171 2236 5233 δες
2271 5169 2707 5240 ἔκλικμώμενος.

468 5266 745 5333 dissimili,
778 5267 843 5322 ad
888 5266 1195 5338 exemplum
1258 5264 1604 5319 ventilatoris
1662 5264 1901 5318 maxime
1964 5263 2241 5328 industrii,
2275 5264 2368 5333 qui
2406 5271 2628 5334 separat
2675 5278 2702 5314 a
2756 5262 3050 5325 frumento,
3105 5259 3369 5330 quidquid
3417 5260 3505 5314 vel
3565 5259 3751 5330 palea

468 5362 702 5432 Speciem
734 5360 919 5415 refert;

1756 5533 1992 5587 VABIAZ
2040 5531 2444 5586 LECTlONES.

532 5631 553 5662 ³
593 5628 882 5693 ἀϐλαϐοῦς.
961 5630 982 5661 ⁸
1012 5630 1110 5685 δεῖ.
1185 5633 1204 5663 ³
1238 5632 1340 5702 leg.
1373 5633 1440 5684 εί.
1514 5637 1534 5668 ⁸
1568 5629 1696 5682 ἀλλὰ
1733 5630 1828 5701 μή.
1908 5632 1925 5660 ⁷
1958 5629 2119 5681 .δὲαν.
2196 5630 2216 5659 ⁸
2244 5630 2349 5697 leg.
2382 5626 2755 5697 ἁρμοζούσας.

2860 5629 2879 5659 ⁹
2922 5623 3407 5695 ἀποπεμπόμενον.
