3846 6218
159 266 258 323 309

721 269 949 327 CODEX
986 269 1510 328 DIPLOMATICUS.
1538 298 1610 310 -
1635 268 1951 326 CAPITUL.
2002 271 2092 326 All
2124 271 2240 327 AN:

1364 269 1510 327 CUS.
1538 298 1610 310 -
1635 268 1951 326 CAPITUL.
2002 271 2092 326 ΑΒ
2124 271 2464 339 ANSEGISU
2502 273 2883 332 COLLECTA.

3354 275 3466 337 510

156 378 356 445 neatis;
411 392 691 452 quatenus
715 391 776 436 ut
811 383 827 414 ¹
853 391 909 437 et
932 391 1110 438 vestra
1145 382 1366 438 solertia
1391 391 1447 437 et
1475 381 1745 437 subiecto-
1773 383 1822 443 Α
1850 380 2078 453 Explieit
2114 381 2135 415 ³
2183 382 2444 454 praefatio
2506 385 2687 440 «(omni
2727 385 2749 417 ⁸
2779 381 2985 458 ΔΚιιινοιὶ
3041 383 3458 458 praeclarisslrnt

159 484 270 522 rum
297 471 318 500 '
345 472 667 528 obedientia
717 481 936 528 aeterna
975 471 1236 528 felicitate
1281 473 1353 529 ab
1392 472 1762 543 omnipotente

158 560 259 615 Deo
283 571 698 618 remuneretur.

2482 447 2834 546 imperatoris.

1402 631 1792 690 VARIANTES
1829 627 2212 688 LECTIONES
2225 672 2240 686 .

222 721 237 751 '
261 721 499 795 deestl‘.
522 723 576 795 3:
599 720 658 795 ι.
675 719 743 777 G.
770 731 1080 795 ut-g-vestra
1107 724 1246 795 deest
1276 723 1346 778 Β.
1389 724 1410 754 ⁸
1433 724 1771 784 subditorum
1798 723 1852 778 3.
1890 721 1912 752 ³
1941 720 2132 792 incipit
2172 738 2312 777 corr.
2336 722 2560 795 explicit
2583 721 2652 780 ϐ.
2690 722 2714 756 ⁸
2743 723 2799 779 d.
2822 722 2877 779 ι.
2900 740 2956 795 p.
3012 764 3028 778 .
3055 725 3254 783 desunt
3283 727 3338 784 l.
3376 727 3452 782 l‘.

153 790 336 844 Totum
359 791 512 846 deest
537 793 592 848 3.
617 791 682 846 Β.
706 793 908 862 praecl.
937 795 1078 849 deest
1114 791 1169 849 5.

798 976 1138 1035 lNClPlUN'I‘
1162 977 1504 1043 CAPITULA
1533 973 2056 1036 SUPRISCRIPTA
2093 973 2183 1030 ET
2211 975 2450 1032 EORUM
2487 975 2730 1034 TEXTU
2749 976 2808 1032 S.

215 1107 267 1162 I.
309 1119 337 1148 ³
369 1107 458 1164 De
492 1109 573 1164 Itis
624 1111 714 1180 qui
737 1109 803 1164 ab
844 1111 1082 1182 episcopo
1135 1113 1344 1182 proprio
1391 1109 1750 1167 eicommuni—

145 1208 356 1254 cantur.
391 1197 535 1255 Sunt
561 1201 710 1256 enim
755 1200 922 1271 aliqui
971 1201 1019 1267 ',
1049 1201 1140 1271 qui
1187 1201 1362 1261 culois
1405 1202 1749 1273 exigentibus

145 1289 211 1343 ab
233 1288 503 1358 episcopo
523 1290 746 1360 proprio
791 1290 1348 1356 excommunicantur,
1405 1299 1463 1347 et
1511 1292 1580 1347 ab
1625 1291 1749 1346 aliis

144 1375 542 1432 ecclesiasticis
594 1377 678 1434 vel
709 1378 862 1435 laicis
889 1361 1317 1450 praesumptiose
1341 1381 1362 1410 '
1405 1379 1462 1435 in
1505 1395 1749 1436 commu-

146 1467 363 1522 nionem
420 1469 779 1539 accipiuntur.
825 1469 979 1538 Quod
1027 1472 1248 1528 omnino
1281 1471 1305 1503 ³
1357 1479 1604 1527 sanctum
1655 1471 1750 1527 Ni-

145 1575 375 1618 caenum
419 1563 441 1594 ⁸
491 1562 817 1629 concilium,
876 1562 1040 1619 simul
1087 1572 1144 1618 et
1193 1563 1632 1621 Chalcedonense
1682 1564 1704 1596 '
1726 1604 1744 1630 ,

144 1665 357 1707 necnon
406 1661 462 1708 et
509 1653 554 1686 "
599 1652 998 1710 Antiochenum
1043 1661 1208 1725 atque
1244 1653 1589 1722 Sardiecnse,
1628 1653 1746 1709 ﬁeri

143 1744 440 1814 prohibent
465 1744 507 1799 ‘.

207 1853 263 1907 2.
308 1853 394 1909 De
419 1855 500 1910 Itis
546 1855 640 1927 qui
692 1854 762 1910 ad
798 1855 1152 1930 ordinandum
1197 1857 1430 1912 veniunt.
1469 1857 1546 1912 Ita
1595 1857 1741 1913 enim

187 1942 424 2019 habetur
443 1945 496 2000 in
522 1945 714 2001 eodem
753 1944 1000 2010 concilio,
1027 1952 1089 2000 ut
1135 1960 1347 2012 eorum,
1380 1945 1472 2017 qui
1498 1947 1566 2002 ad
1595 1946 1743 2002 ordi-

147 2033 388 2091 nandum
418 2037 664 2106 veniunt,
694 2038 831 2095 ﬁdes
859 2047 914 2094 et
941 2040 1050 2096 vita
1070 2039 1222 2112 prius
1253 2041 1324 2096 ab
1358 2041 1615 2113 episcopo
1659 2041 1744 2097 di-

147 2125 377 2196 ligenter
401 2127 724 2187 discutiatur
749 2129 772 2160 "
801 2138 858 2185 et
883 2137 1069 2201 postea
1092 2130 1440 2187 ordinentur.

209 2236 266 2293 3.
306 2236 389 2294 De
405 2238 608 2296 clericis
661 2241 894 2312 fugitivis
914 2251 964 2297 et
986 2243 1295 2314 peregrinis.
1316 2243 1449 2300 Item
1470 2244 1523 2298 in
1545 2243 1735 2300 eodem

147 2327 407 2394 concilio,-
420 2343 632 2386 necnon
658 2337 715 2386 et
766 2331 822 2386 in
849 2329 872 2362 '
913 2329 1250 2388 Antiocheno
1276 2333 1342 2401 ¹⁸,
1397 2335 1558 2390 simul
1587 2335 1627 2366 "
1679 2343 1736 2390 et

150 2418 202 2472 in
239 2415 692 2486 Chalcedonensi,
721 2429 780 2477 ut
829 2420 1038 2494 fugitivi
1065 2423 1246 2482 clerici
1294 2433 1350 2480 et
1400 2425 1670 2498 peregrini

151 2510 291 2566 nullo
319 2513 648 2583 recipiantur
672 2529 772 2570 nec
797 2514 1114 2574 ordinentur
1133 2517 1176 2547 “
1193 2516 1310 2572 sine
1339 2517 1735 2573 commendati-

151 2603 235 2659 tiis
256 2603 449 2660 litteris
474 2614 528 2661 et
558 2606 602 2638 “
624 2606 710 2662 sui
734 2607 974 2678 episcopi
996 2607 1081 2664 vel
1105 2609 1320 2665 abbatis
1347 2609 1588 2665 licentia.

214 2713 267 2768 ι.
310 2715 383 2769 De
405 2716 737 2788 presbyteris,
760 2716 1089 2784 diaconibus,
1117 2717 1195 2774 vel
1234 2719 1317 2774 his
1358 2720 1449 2792 qui
1490 2720 1546 2774 in
1593 2719 1734 2776 clero

153 2815 284 2860 sunt.
309 2807 438 2862 Item
463 2807 516 2862 in
544 2808 735 2864 eadem
756 2808 1005 2864 “sinodo
1029 2809 1376 2866 interdictum
1401 2819 1487 2867 est
1511 2813 1737 2882 presby-

156 2897 275 2952 teris
297 2907 351 2953 et
391 2899 704 2956 diaconibus
752 2900 836 2956 vel
878 2890 1129 2958 omnibus
1170 2904 1262 2973 qui
1303 2905 1358 2959 in
1393 2904 1541 2959 clero
1586 2913 1733 2972 sunt,

157 2987 424 3064 mulierem
450 3004 556 3044 non
590 2990 635 3020 "
664 2991 864 3048 habere
893 2991 947 3046 in
972 2990 1134 3048 domo
1157 3008 1274 3060 sua,
1305 3003 1527 3065 propter
1552 2995 1744 3066 suspi-‘

156 3079 372 3146 cionezn,
397 3080 499 3135 nisi
527 3089 757 3138 matrem
799 3090 892 3138 aut
939 3098 1204 3149 sororem,
1258 3085 1342 3140 vel
1381 3101 1476 3141 eas
1525 3092 1734 3142 tantum

157 3187 395 3242 personas
420 3190 556 3245 quae
583 3177 921 3248 suspiciones
941 3176 1226 3249 cﬂ'ugiunt.

216 3286 269 3341 5.
306 3286 380 3341 De
400 3288 574 3345 usuris
608 3287 670 3370 ‘f.
715 3288 844 3342 Item
866 3287 920 3342 in
941 3287 1131 3344 eodem
1163 3289 1393 3345 concilio
1420 3303 1514 3344 seu
1560 3289 1614 3344 in
1642 3289 1735 3345 de-

157 3380 306 3436 cretis
329 3397 490 3451 papae
527 3381 744 3444 Leonis,
779 3396 986 3436 necnon
1016 3388 1071 3437 et
1099 3381 1152 3436 in
1180 3383 1484 3439 canonibus
1523 3383 1616 3454 qui
1645 3381 1730 3438 di-

158 3484 337 3528 cuntur
358 3473 745 3544 apostolorum,
774 3474 916 3530 sicut
939 3482 996 3530 et
1034 3475 1089 3530 in
1139 3475 1257 3547 lege
1295 3476 1559 3533 Dominus
1609 3477 1726 3548 ipse

148 3565 424 3635 praecepit,
479 3565 702 3622 omnino
757 3566 1008 3623 omnibus
1039 3566 1080 3600 "
1127 3565 1473 3624 interdictum
1526 3577 1612 3626 est
1654 3569 1724 3625 ad

160 3671 355 3712 usuram
385 3659 428 3689 "'
450 3659 657 3730 aliquid
681 3659 832 3715 dare.

217 3748 266 3804 6.
305 3750 707 3823 Depresbyteris
725 3751 936 3824 quando
973 3753 1188 3808 missoin
1221 3752 1502 3810 celebrant.
1553 3751 1725 3810 Audi-

1850 1123 1974 1165 cere
1999 1119 2144 1164 recte
2170 1108 2216 1140 "
2237 1117 2434 1178 potest,
2457 1109 2502 1164 si
2524 1124 2632 1165 non
2654 1109 3139 1166 communieaverit
3159 1110 3205 1144 “
3235 1127 3252 1168 :
3281 1113 3452 1174 ειη.-

1847 1200 2067 1268 psimus,
2095 1196 2337 1262 Domine,
2360 1208 2692 1252 sacramenta
2707 1198 2734 1252 2
2958 1200 2962 1204 ’

1919 1285 1974 1340 7.
2013 1285 2092 1341 De
2139 1285 2222 1341 his
2244 1286 2334 1356 qui
2359 1302 2392 1339 α
2414 1284 2602 1340 sinodo
2632 1285 2708 1340 vel
2728 1303 2762 1340 α
2799 1302 2895 1342 suo
2915 1287 3156 1360 episcopo
3195 1288 3451 1347 damnen-

1819 1385 1955 1436 ‘tur.
1985 1376 2131 1433 llaec
2156 1391 2288 1432 vero
2309 1392 2407 1448 per
2425 1365 2646 1448 singula
2700 1377 2932 1449 capitula
2985 1379 3041 1434 in
3093 1381 3315 1438 statutis
3356 1363 3482 1439 Ni:

1847 1467 2003 1523 caeni
2032 1466 2247 1524 concilii
2277 1467 2458 1538 legere
2480 1467 2730 1539 potestis,
2764 1481 2862 1523 seu
2901 1468 2955 1524 in
2984 1469 3108 1527 aliis
3135 1480 3448 1530 sanctorum

1844 1565 2060 1628 patrum
2090 1556 2424 1614 sinodalibus
2448 1557 2662 1623 edictis,
2692 1565 2747 1611 et
2777 1559 2823 1590 ⁸³
2851 1557 2907 1616 in
2930 1557 3278 1618 Antiocheno
3318 1577 3446 1618 con-

1845 1647 1992 1714 cilio,
2014 1646 2158 1720 quod
2181 1647 2267 1703 his
2285 1647 2332 1680 ⁸³
2365 1647 2460 1718 qui
2485 1647 2727 1702 damnati
2766 1656 2895 1703 sunt
2943 1663 2976 1703 a
3024 1650 3236 1722 synodo
3277 1652 3364 1714 vel
3414 1636 3444 1710 a

1843 1753 1946 1794 suo
1967 1738 2222 1811 episcopo
2245 1746 2302 1794 et
2320 1747 2508 1810 postea
2536 1739 2850 1794 ministrare
2875 1751 3250 1810 praesumunt,
3279 1758 3444 1816 prae-

1842 1815 2060 1901 cipitur,
2089 1839 2150 1886 ut
2169 1830 2351 1886 nullus
2377 1830 2576 1886 audeat
2600 1831 2682 1886 eis
2709 1832 2755 1862 “
2777 1834 3206 1890 communicare.
3232 1815 3291 1891 Si
3317 1837 3442 1907 quis

1843 1934 1974 1975 vero
2002 1920 2388 1986 communicat,
2410 1920 2577 1977 simili
2601 1921 2873 1978 sententia
2899 1921 2946 1954 "
2975 1923 3274 1992 subiaceat,
3303 1926 3446 1984 sicut

1840 2016 1897 2065 et
1923 2008 2249 2081 dampnatus
2277 2009 2348 2065 ".

1907 2102 1962 2158 8.
2003 2099 2081 2158 De
2105 2102 2460 2174 ulragonets
2489 2101 2766 2173 episcopis.
2791 2101 2925 2158 Item
2969 2101 3026 2166 in
3075 2103 3268 2161 eodem
3314 2121 3445 2162 con-

1838 2193 1987 2259 cilio,
2014 2202 2075 2248 ut
2117 2194 2187 2249 ad
2228 2192 2704 2264 metropolitanum
2749 2193 3062 2265 episcopum
3110 2194 3439 2267 sull‘raganei

1838 2284 2146 2355 reSpiciant,
2175 2293 2230 2340 et
2249 2284 2382 2339 nihil
2409 2284 2534 2339 novi
2562 2284 2797 2340 audeant
2848 2284 3028 2341 facere
3057 2284 3112 2340 in
3148 2287 3262 2342 suis
3314 2303 3442 2360 par-

1700 2373 1736 2481 ;
1765 2405 1810 2466 Β
1835 2375 2037 2431 rochiis
2062 2376 2106 2407 ³⁷
2127 2374 2256 2431 sine
2283 2375 2615 2453 conscientia
2643 2382 2700 2431 et
2728 2373 2956 2431 consilio
2979 2375 3028 2408 “
3052 2376 3138 2432 sui
3163 2375 3209 2409 ⁸⁸
3234 2387 3440 2434 metro-

1837 2468 2086 2540 politani,
2117 2483 2217 2524 nec
2244 2467 2694 2538 metropolitanus
2721 2467 2843 2528 sine
2865 2483 3054 2524 eorum
3082 2468 3331 2524 consilio.

1905 2560 1960 2615 9.
2000 2560 2077 2614 De
2101 2559 2447 2631 corepiscopis
2473 2559 2542 2613 “.
2566 2559 2700 2614 Item
2748 2557 2804 2613 in
2831 2557 3025 2614 eodem
3071 2559 3324 2626 concilio,
3365 2560 3442 2616 si-

1835 2649 1948 2705 mul
1976 2658 2033 2706 et
2073 2651 2128 2706 in
2158 2649 2555 2722 Ancyronensi,
2609 2657 2669 2705 ut
2716 2650 3053 2721 corepiscopi
3103 2661 3440 2722 cognoscant

1835 2742 2056 2797 modum
2094 2757 2269 2806 suum,
2332 2749 2389 2796 et
2431 2740 2564 2796 nihil
2613 2739 2813 2796 faciant
2863 2741 3071 2812 absque
3115 2741 3162 2775 ³³
3217 2739 3439 2799 licentia

1835 2833 2076 2906 episcopi
2100 2834 2154 2889 in
2189 2834 2348 2890 cuius
2369 2833 2658 2905 parrochia
2681 2833 2948 2891 habitant.
3047 2868 3052 2872 -

1913 2924 1997 2978 10.
2040 2923 2118 2979 De
2138 2925 2394 2997 episcopis
2417 2923 2496 2978 vel
2520 2922 2831 2998 quibuslibet
2853 2940 2920 2980 ea:
2947 2923 3088 2979 clero
3111 2924 3179 2979 ⁸³.
3218 2925 3353 2981 Item
3381 2926 3436 2981 in

1835 3019 2026 3075 eodem
2055 3017 2308 3084 concilio,
2350 3025 2412 3072 ut
2434 3017 2720 3088 episcopus
2767 3016 2854 3072 vel
2888 3016 3117 3088 quiliict
3167 3031 3235 3072 ex
3290 3017 3437 3073 clem

1835 3108 1955 3166 sine
1981 3109 2211 3165 consilio
2251 3108 2336 3164 vel
2372 3107 2570 3163 litteris
2618 3107 2994 3179 episcoporum
3041 3105 3126 3163 vel
3163 3115 3437 3179 metropo-

1835 3201 1992 3258 litani
2020 3217 2128 3257 non
2149 3199 2384 3256 audeant
2411 3199 2458 3233 ⁸³
2484 3198 2721 3271 regalem
2751 3199 3069 3271 dignitatem
3099 3196 3145 3229 "
3171 3213 3273 3270 pro
3318 3198 3436 3254 suis

1834 3292 2016 3350 causis
2039 3291 2293 3357 clamare,
2323 3289 2421 3346 sed
2449 3291 2504 3346 in
2551 3290 2829 3346 communi
2871 3289 3250 3361 episcoporum
3301 3305 3434 3346 con-

1832 3384 1960 3442 cilio
1985 3397 2150 3438 causa
2179 3381 2226 3414 ⁸⁸
2253 3381 2618 3437 examinetur.

1903 3477 1990 3532 Il.
2033 3475 2112 3530 De
2155 3473 2577 3529 ordinationibus
2623 3471 2702 3528 vel
2723 3470 3060 3545 quibuslibet
3106 3472 3327 3544 negotiis
3359 3471 3428 3528 ³⁸.

1828 3565 1961 3622 Item
2007 3565 2062 3622 in
2082 3565 2273 3621 eodem
2299 3564 2552 3631 concilio,
2597 3563 2758 3620 simul
2797 3573 2853 3619 et
2907 3563 2963 3618 in
3007 3561 3316 3619 Sardiecnsi
3359 3563 3426 3631 ",

1827 3672 2038 3714 necnon
2057 3665 2114 3712 et
2149 3657 2204 3712 in
2231 3656 2465 3712 decretis
2478 3655 2775 3712 Innocentii
2804 3670 2995 3726 papae,
3019 3662 3080 3710 ut
3106 3655 3288 3712 nullus
3319 3657 3430 3728 epi-

1827 3766 2025 3821 scopus
2054 3750 2110 3806 in
2137 3749 2362 3805 alterius
2383 3749 2672 3820 parrochia
2701 3747 3071 3805 ordinationes
3095 3746 3306 3819 aliquas
3328 3762 3434 3802 au-

159 3845 257 3894 tum
279 3850 378 3908 est,
405 3843 618 3913 aliquos
649 3842 692 3874 ’⁷
715 3844 1059 3914 presbyteros
1088 3845 1312 3900 missam
1341 3845 1622 3903 celebrare
1664 3853 1721 3900 et
1747 3838 1795 3901 C
1823 3842 1951 3898 deat
1972 3841 2174 3907 facere,
2201 3841 2287 3896 vel
2310 3841 2528 3913 negotia
2573 3853 2832 3912 peragere
2857 3840 3000 3910 quae
3028 3836 3096 3892 ad
3140 3851 3268 3892 eum
3316 3851 3424 3892 non

160 3945 252 3986 non
278 3935 695 3990 communicare.
743 3933 897 4002 Quod
923 3935 1146 3992 omnino
1174 3937 1228 3990 in
1257 3936 1559 3993 canonibus
1587 3951 1719 4008 apo-

159 4022 392 4081 Ilolomm
417 4027 764 4083 interdictum
791 4041 910 4084 esse
932 4027 1148 4098 legitur.
1197 4029 1290 4085 Vel
1335 4030 1606 4101 quomodo
1631 4029 1715 4085 di-

1822 3942 2234 4083 gium
2257 4027 2620 4098 episcoporum
2646 4024 2715 4080 ⁸⁸.
2763 4024 2899 4081 Item
2947 4023 3004 4081 in
3051 4024 3242 4080 eodem
3293 4037 3429 4080 con.

1356 4144 1746 4201 VARIAN'I‘ES
1783 4141 2186 4200 LECTIONES.

221 4234 365 4308 "haec
387 4236 492 4290 tria
513 4236 700 4291 desunt
721 4239 776 4293 3.
851 4238 874 4269 ⁸
893 4237 1262 4308 presumtione
1280 4239 1334 4292 3.
1363 4307 1373 4308 ί
1411 4237 1433 4268 ³
1453 4238 1593 4308 deest
1614 4239 1668 4293 5.
1745 4238 1766 4270 δ
1790 4238 2080 4294 nichenum
2100 4236 2155 4291 5.
2178 4235 2230 4291 6.
2248 4307 2273 4308 η
2309 4236 2743 4308 ’ίωιοθόοηβηδε
2759 4236 2813 4308 5.
2839 4233 3123 4308 chalclied.
3144 4246 3312 4308 const.
3340 4236 3418 4308 1".

162 4303 339 4360 "deest
361 4308 414 4362 '5.

162 4376 192 4404 "
211 4376 359 4431 deest.
386 4379 434 4431 l.
483 4378 524 4408 ¹²
547 4376 601 4432 Il.
627 4394 680 4433 ο.
701 4378 862 4433 deest.
885 4381 940 4435 3.
985 4379 1027 4410 "
1039 4379 1179 4432 deest
1195 4380 1250 4434 3.”
1311 4379 1354 4410 ”

161 4446 394 4500 n.desunt
425 4447 496 4512 l‘,

165 4513 262 4569 Bal.
333 4518 379 4548 ³⁸
406 4520 690 4574 sententia:
712 4513 766 4573 5.
799 4519 850 4573 6.
882 4519 1004 4574 Bal.

164 4583 276 4659 ritu.
300 4586 459 4659 Sang.
489 4588 620 4659 Reg.

1081 4519 1127 4550 ³⁸
1154 4521 1295 4576 sicut
1319 4530 1376 4575 et
1399 4519 1454 4574 d.
1481 4519 1670 4573 desunt
1697 4519 1751 4574 6.

696 4589 740 4620 ”
766 4591 903 4644 deest
928 4589 984 4644 3.
1059 4589 1105 4620 '°
1132 4592 1230 4661 hoc
1257 4607 1305 4659 ι’.
1336 4598 1453 4659 post
1477 4606 1694 4661 sequens
1715 4589 1917 4644 exhibet
1963 4589 2031 4645 G.

492 4308 514 4338 ⁸
543 4308 818 4364 Droliibuit
839 4305 912 4363 4f
964 4310 984 4340 ⁷
1013 4309 1140 4362 Item
1166 4307 1314 4362 Rem.
1346 4307 1586 4364 Sanaall.
1612 4308 1742 4363 Par.
1805 4309 1827 4340 ⁸
1850 4308 2211 4364 discutiantur
2237 4307 2302 4362 Β.
2327 4307 2448 4362 Bal.
2549 4307 2573 4338 ’
2593 4306 2736 4361 deest
2768 4306 2818 4360 l'
2848 4305 2914 4360 B.
2997 4307 3040 4338 “
3066 4307 3322 4362 anticeno
3347 4305 3414 4361 Β.

543 4323 818 4377 promouit
839 4323 890 4363 4.
969 4323 980 4340 ⁸
1013 4323 1140 4362 Item
1166 4323 1314 4362 rtem.
1346 4323 1457 4363 nan
1493 4323 1586 4361 au.
1612 4323 1742 4363 Par.
1805 4323 1827 4340 ο
1850 4323 2211 4364 discutiantur
2237 4323 2302 4362 ιι.
2327 4323 2448 4362 mu.
2552 4323 2573 4338 '
2593 4323 2736 4361 aeesr
2768 4323 2816 4360 ι’
2848 4323 2914 4360 15.
2998 4323 3040 4338 π
3066 4323 3322 4362 anuceno
3347 4323 3411 4361 υ.

547 4395 601 4432 n.
627 4394 680 4433 ο.
701 4378 862 4433 deest.
885 4381 940 4434 3.
985 4379 1179 4432 "deest
1195 4380 1250 4434 3.’
1311 4379 1354 4410 “
1379 4325 1568 4433 eodem
1595 4379 1650 4434 3.
1678 4378 1732 4433 5.
1800 4379 1844 4411 ³⁸
1867 4378 2008 4434 deest
2027 4376 2271 4434 Sanaall.
2304 4377 2472 4433 ΗΜ).
2552 4378 2595 4409 ¹⁶
2617 4377 2775 4432 furtis
2797 4375 2852 4431 5.
2931 4377 2972 4408 "
2986 4378 3129 4430 deest
3159 4377 3214 4432 3.
3295 4377 3339 4408 ³⁸
3358 4391 3411 4430 a.

565 4448 608 4480 "
634 4448 918 4518 aliquando
947 4448 1014 4504 C.
1075 4449 1121 4480 ”
1139 4449 1281 4504 deest
1304 4450 1357 4504 5.
1384 4448 1436 4503 6.
1501 4449 1546 4480 ’⁸
1577 4450 2117 4512 communicaverint.

2186 4488 2200 4502 .
2235 4449 2295 4502 Β.
2355 4449 2401 4480 ³⁸
2428 4449 2570 4503 deest
2601 4448 2652 4502 Γ
2682 4447 2748 4501 Β.
2829 4447 2875 4478 ’⁸
2899 4447 2952 4502 hi
2976 4447 3044 4502 Β.
3119 4447 3166 4479 ³⁸
3185 4447 3328 4502 deest
3357 4448 3414 4501 6.

1829 4520 1872 4551 ³⁷
1903 4519 2212 4590 paroechiis
2234 4519 2300 4573 Β.
2328 4521 2575 4590 saepius.
2639 4519 2686 4582 ⁸⁷
2709 4526 2764 4573 et
2793 4533 2956 4590 cons.
2978 4517 3121 4590 deest
3149 4515 3236 4590 G._
3258 4516 3412 4590 Colb.

2108 4589 2149 4620 ³⁷
2182 4590 2301 4645 sine
2333 4589 2386 4642 4.
2422 4587 2501 4642 6.-
2559 4588 2606 4620 “
2657 4588 2890 4659 negotiis
2918 4588 2984 4659 Β.
3057 4587 3106 4659 ⁷⁸
3133 4587 3330 4643 audeat
3362 4589 3413 4659 ξ’

163 4653 198 4683 ³⁵
220 4658 370 4726 regali
391 4653 636 4731 dignitati
666 4661 720 4714 5.
795 4661 843 4692 ³⁸
870 4674 1010 4714 com.
1043 4660 1271 4715 consilio
1291 4653 1381 4730 ep.
1414 4653 1577 4714 causa
1603 4661 1656 4714 3.
1690 4659 2058 4718 communioni
2094 4659 2160 4714 B.
2193 4675 2243 4716 c.
2273 4660 2392 4716 eius
2413 4675 2507 4715 ex.
2541 4659 2593 4714 4.
2670 4658 2717 4691 ⁸⁸
2731 4653 2809 4713 Ἠ.
2843 4658 2999 4712 habet
3035 4657 3115 4726 de,
3136 4673 3267 4713 cura
3297 4655 3419 4724 epi-
3527 4693 3531 4697 η

163 4748 440 4805 scaporum.
514 4738 558 4770 ⁸⁷
587 4739 892 4796 sardinensi
920 4738 975 4794 4.
1051 4739 1096 4772 ³⁸
1125 4741 1194 4795 de
1213 4739 1560 4810 provincialis
1586 4733 1722 4810 epis.
1757 4739 1822 4792 Β.

1655 4843 1887 4901 ΝΟΤᾹΞ.

220 4949 243 4978 ι
278 4936 412 5010 Ante
435 4939 541 4994 hoc
569 4947 726 5010 caput
754 4938 978 5010 Codices
1009 4940 1199 4996 Rlicm.
1234 4939 1294 4993 Il.
1322 4939 1463 4994 4628
1490 4938 1532 4991 Α
1559 4937 1709 5010 ετςιιί-
1756 4930 1762 4936 ’

164 5007 269 5081 bent
291 5007 670 5081 (Nooell.l%3,
703 5009 789 5081 l7)
819 5025 832 5064 :
878 5029 897 5062 ι
931 5013 947 5032 ⁸
983 5011 1039 5066 Si
1065 5026 1252 5081 servus
1301 5011 1538 5081 clericus
1593 5009 1705 5081 ﬁat.

165 5078 210 5132 Si
246 5078 423 5134 servus
459 5080 667 5135 sciente
709 5078 777 5136 et
812 5097 918 5135 non
958 5080 1360 5135 contradicente
1398 5079 1618 5134 domino
1653 5079 1708 5132 in

165 5147 514 5220 glerosortitus
526 5150 619 5213 sit,
645 5166 710 5204 ex
738 5151 839 5206 hoc
865 5151 982 5220 ipso
1005 5154 1042 5171 “
1075 5151 1212 5206 liber
1230 5159 1284 5204 et
1305 5150 1566 5220 ingenuus
1595 5149 1706 5220 liat.

165 5216 211 5290 Si
231 5219 364 5290 enim
390 5219 674 5290 ignorante
705 5216 920 5275 domino
971 5221 1306 5276 consecratio
1335 5216 1567 5290 facta',“
1600 5217 1711 5273 fue-

165 5287 236 5352 rit,
261 5287 653 5344 liceat'domino
680 5291 816 5345 intra
845 5306 1042 5345 annum
1083 5299 1292 5344 tantum
1342 5289 1706 5345 conditionem

165 5357 383 5430 probare,
407 5367 461 5430 et
485 5361 763 5429 proprium
792 5375 1008 5416 servum
1035 5362 1292 5430 recipere.
1326 5359 1384 5415 Si
1415 5370 1594 5414 autem

165 5426 340 5480 sciente
366 5429 447 5482 vel
475 5426 757 5498 ignorante
781 5431 999 5485 domino
1019 5426 1312 5485 secundum
1340 5447 1404 5486 ea
1423 5445 1543 5500 qua:
1570 5431 1710 5484 dixi-

162 5511 370 5559 mus,ex
396 5499 510 5567 ipso
553 5501 756 5554 honore
803 5500 1086 5555 clericatus
1110 5501 1413 5555 libertatem
1452 5499 1708 5561 meritus,

165 5576 324 5633 postea
368 5569 794 5624 ecclesiasticum
840 5570 1196 5626 ministerium
1238 5571 1517 5641 reliquerit
1560 5569 1711 5628 et.ad

219 5694 360 5765 flint:
381 5701 548 5763 verba,
571 5698 634 5752 Si
647 5714 808 5754 servus
823 5701 1028 5752 clericus
1049 5702 1153 5765 ﬁat,
1179 5705 1358 5756 desunt
1379 5703 1499 5755 $628
1521 5703 1583 5755 Δ.

221 5758 252 5777 ’⁸
273 5757 377 5812 hac
391 5775 476 5814 νυι·
509 5757 555 5814 ι’.
586 5765 725 5814 Liber
741 5772 803 5816 ct.
831 5769 1011 5815 desunt
1034 5757 1155 5816 £618
1175 5768 1236 5818 Α.
1479 5779 1483 5782 ’

1817 4937 2077 4992 laicorum
2107 4937 2272 4992 vitam
2321 4943 2620 5005 translerit,
2674 4936 2897 4993 domino
2942 4952 3042 4993 suo
3084 4939 3139 4994 in
3183 4941 3413 4998 servitio

1817 5009 2080 5062 tradatur.
2120 5027 2140 5060 ι
2589 5061 2599 5069 ,

1886 5078 1983 5133 Cui
2009 5079 2202 5133 Rhem.
2235 5079 2606 5148 przcmittitzc
2657 5077 2715 5133 Si
2759 5078 2882 5147 quis
2931 5077 2999 5134 de
3048 5082 3406 5140 conventione

1813 5149 1920 5219 ulla
1949 5150 2180 5218 aliquem
2208 5149 2651 5219 interpellaverit,
2681 5164 2786 5203 non
2817 5164 2914 5218 per
2956 5159 3264 5219 postremas
3311 5161 3404 5206 aut
3456 5198 3463 5205 .

1813 5217 2259 5291 adjacentes,_sed
2281 5217 2380 5290 per
2401 5221 2689 5291 primarias
2712 5217 2971 5291 ratiuncs,
2989 5218 3144 5288 juxta
3171 5222 3314 5291 quod
3348 5223 3403 5278 in

1853 5290 2003 5357 rimis
2031 5304 2119 5344 res
2147 5289 2368 5345 facta’sc
2397 5289 2582 5344 habuit
2614 5298 2893 5345 tractetur.
2945 5290 3098 5357 Quod
3147 5289 3204 5345 si
3238 5301 3402 5348 testes

1837 5356 2039 5430 egitimi
2090 5358 2376 5414 adfuerunt
2422 5361 2787 5424 conventioni,
2826 5356 2984 5429 juxta
3031 5361 3398 5416 testimonium

1814 5445 2002 5486 eorum
2029 5431 2280 5502 maxime,
2315 5447 2419 5502 non
2446 5431 2568 5484 aliis
2601 5431 2841 5502 posteris,
2869 5432 3246 5486 occasionibus
3279 5449 3400 5502 qua:

1811 5515 1914 5625 se;
1933 5501 2163 5583 primani
2194 5500 2614 5571 stipulatiouem’
2635 5501 2778 5572 quod
2820 5501 3020 5557 factum
3048 5512 3153 5569 est,
3184 5517 3246 5572 σι’
3264 5500 3396 5560 artct

1847 5587 1878 5625 e
1920 5587 2042 5625 nm.

1847 5587 2042 5626 CIIIIII'I.

1966 5704 2044 5763 Β..
2071 5703 2244 5764 fuerat.
2465 5728 2472 5735 -

1873 5765 1962 5790 “"
1986 5766 2108 5819 4838
2129 5766 2172 5817 Δ
2193 5766 2322 5819 addit
2347 5779 2529 5819 serius.
