3874 6212
426 475 594 544 quam,
615 474 893 530 ordinatus
917 481 1020 526 est.

497 566 585 619 15.
615 551 694 617 De
733 560 1137 633 provincialibus
1158 561 1410 630 episcopis
1464 561 1506 613 ³.
1557 557 1690 614 Item
1722 557 1784 611 in
1817 557 2005 610 eodem

423 653 674 714 concilio,
700 665 908 705 necnon
938 657 994 704 et
1055 649 1109 702 in
1156 648 1643 711 Cbalchcdonensi,
1686 655 1748 700 ut
1791 645 2006 716 provin-

342 766 347 771 -
423 728 590 798 ciales
609 739 848 812 episcopi
873 756 997 796 eum
1024 756 1124 804 suo
1160 740 1579 809 metropolitano
1627 739 1714 794 bis
1753 738 1806 794 in
1865 751 2006 792 anno

423 840 645 902 propter
668 849 863 887 causas
886 831 1147 887 ecclesiae
1168 831 1395 887 concilia
1431 833 1708 888 celebrent
1733 831 1776 884 '.

492 920 578 974 14.
604 920 682 974 De
716 921 986 984 monachis
1029 930 1079 975 et
1123 920 1349 975 clericis.
1395 922 1472 976 .In
1525 921 1757 976 concilio
1813 918 2007 976 Laodi-

421 1010 568 1064 ecusi
594 1009 634 1075 ⁸,
665 1026 874 1065 necnon
898 1019 954 1066 et
983 1011 1036 1065 in
1069 1009 1364 1078 All'ricano,
1393 1012 1738 1083 praecipitur,
1791 1018 1849 1064 ut
1889 1023 2006 1063 mo-

419 1101 579 1156 nachi
620 1099 676 1157 et
702 1103 725 1135 δ
753 1103 937 1158 clerici
951 1138 961 1149 -.
976 1104 1238 1160 tabernas
1265 1119 1373 1159 non
1401 1104 1772 1176 ingrediantur
1811 1103 2004 1158 edendi

415 1189 498 1255 rel
528 1191 747 1247 bibendi
779 1207 965 1248 causa.

440 1320 443 1321 ν
489 1276 576 1332 15.
610 1277 687 1333 De
706 1279 793 1334 die
812 1279 1098 1348 dominica,
1121 1281 1349 1352 qualiter
1369 1281 1690 1337 observanda
1730 1291 1826 1336 est.
1869 1280 2002 1336 Item

417 1369 473 1422 in
496 1369 712 1442 \eodem
749 1372 979 1426 concilio
1024 1365 1383 1444 praecipitur;
1417 1383 1534 1428 uta
1561 1388 1786 1445 vespera
1833 1389 2004 1446 usque

415 1461 482 1516 ad
513 1477 792 1532 vesperam
817 1464 1226 1523 diesdominica
1248 1475 1496 1523 servetur
1527 1468 1570 1522 '.

410 1553 411 1558 “
486 1552 575 1608 16.
610 1553 688 1608 De
708 1554 898 1626 ignotis
920 1556 1226 1627 angelorum
1250 1560 1565 1615 nominibus.
1583 1560 1716 1616 Item
1739 1561 1792 1616 in
1809 1560 2000 1617 eodem

405 1646 646 1714 'coneilio
674 1647 1026 1719 praecipitur,
1060 1658 1121 1704 ut
1154 1650 1336 1722 ignota
1365 1653 1684 1724 angelorum
1709 1654 1732 1687 ⁸
1779 1657 1996 1712 nomina

413 1753 515 1792 nec
543 1736 812 1808 ﬁngantur
837 1753 938 1794 nec
963 1727 1328 1811 nominentur,
1357 1744 1462 1799 nisi
1488 1745 1702 1801 illorum
1721 1762 1859 1816 «pios
1897 1748 1997 1802 ba-

343 1864 350 1881 .
409 1829 602 1884 bemus
630 1829 685 1884 in
714 1832 1054 1890 auctoritate.
1079 1834 1157 1891 IIi'
1177 1845 1306 1892 sunt
1329 1835 1596 1904 Michael,
1624 1837 1864 1907 Gabriel,
1887 1841 2000 1913 ,Ra-

414 1919 574 1989 phttel
599 1921 620 1950 ⁷
648 1959 664 1974 .
924 1984 929 1988 ι

484 2008 574 2063 17.
613 2009 692 2065 De
733 2012 1056 2078 mulieribus,
1101 2016 1148 2070 si
1185 2015 1207 2048 "
1243 2015 1314 2069 ad
1358 2014 1526 2070 altare
1554 2004 1833 2072 accedant.
1864 1998 1997 2072 Item

414 2094 472 2150 in
495 2098 727 2155 concilio
759 2102 970 2169 eodem,
992 2105 1137 2175 quod
1165 2103 1188 2136 ’
1218 2121 1328 2160 non
1374 2112 1624 2176 oporteat
1654 2105 1696 2138 ¹⁶
1743 2107 1999 2163 mulieres

415 2185 484 2242 ad
515 2187 688 2247 altare
711 2191 941 2263 ingredi.
1883 2243 1892 2251 .

481 2281 570 2338 18.
610 2282 690 2339 De
710 2287 984 2361 episcopis,
1013 2288 1102 2342 ubi
1140 2305 1244 2344 non
1267 2299 1502 2359 oporteat
1545 2306 1633 2344 eos
1654 2289 1993 2345 constitui“.

407 2366 542 2423 Item
571 2370 628 2427 in
654 2374 844 2430 eodem
867 2375 1120 2442 concilio,
1161 2390 1373 2432 necnon
1414 2386 1471 2432 et
1512 2377 1568 2432 in
1591 2376 1900 2434 Sardicensi
1930 2379 1994 2444 ",

408 2458 553 2526 quod
570 2476 678 2517 non
700 2472 947 2533 oporteat
968 2466 1025 2521 in
1045 2465 1244 2524 rillulis
1273 2467 1358 2524 vel
1381 2467 1434 2522 ."
1469 2468 1525 2522 in
1547 2468 1692 2540 agris
1717 2467 1998 2541 episcopos

409 2552 742 2610 constituam
759 2554 824 2610 ’⁸.

481 2639 570 2698 I9.
607 2643 689 2700 De
708 2646 858 2703 libris
887 2650 1151 2721 canonicis
1183 2650 1246 2705 ⁸⁸.
1275 2649 1406 2707 Item
1434 2652 1487 2706 in
1527 2652 1715 2707 eodem
1743 2652 1994 2721 concilio,

407 2739 468 2789 ut
493 2737 740 2796 canonici
775 2738 902 2798 libri
928 2748 1138 2798 tantum
1169 2743 1418 2816 legantur
1444 2745 1499 2802 in
1525 2745 1778 2802 ecclesia.

477 2823 570 2880 20.
607 2827 689 2884 De
707 2831 960 2904 episcopis
985 2833 1295 2891 ordinandis
1317 2834 1393 2891 uel
1415 2837 1724 2909 quibuslibet
1745 2855 1812 2894 ea:
1831 2837 1996 2893 clero.

406 2911 542 2972 Item
577 2917 634 2974 in
667 2922 897 2979 concilio
926 2922 1378 2994 Cbalcedoncnsi,
1401 2929 1546 2998 quod
1597 2929 1641 2961 “
1695 2946 1802 2986 non
1835 2945 1997 3002 opor-

409 3013 520 3062 teat
547 3009 920 3082 episeoporum
959 3023 1054 3070 aut
1085 3018 1380 3087 quemlibet
1404 3033 1472 3074 ex
1508 3019 1657 3075 clero
1707 3034 1806 3089 per
1829 3035 1994 3091 pecu-

405 3097 527 3154 nias
547 3100 808 3184 ordinari.
850 3102 986 3172 Quia
1015 3106 1056 3138 "
1083 3109 1298 3179 utrique
1326 3107 1626 3178 deponendi
1647 3119 1794 3177 sunt,
1817 3119 1872 3165 et
1897 3100 1992 3181 qui

405 3189 624 3245 ordinat
656 3191 700 3224 "
722 3200 778 3248 et
804 3194 896 3265 qui
929 3197 1232 3263 ordinatur,
1259 3212 1470 3254 necnon
1514 3199 1692 3269 etqni
1726 3202 1994 3258 mediator

407 3286 494 3333 est
526 3279 668 3335 inter
695 3295 810 3337 eos.
834 3284 965 3340 Item
991 3283 1060 3340 de
1081 3287 1268 3342 eadem
1303 3303 1364 3344 re
1390 3289 1444 3344 in
1489 3290 1789 3346 canonibus
1836 3306 1994 3362 apos-

328 3384 331 3386 ·
408 3369 642 3426 telorum
683 3387 699 3427 :
747 3372 809 3430 Si
838 3387 865 3416 ι
889 3391 1007 3449 quis
1045 3379 1317 3448 episcopus
1353 3390 1446 3434 aut
1469 3380 1736 3454 presbyter
1759 3391 1851 3436 aut
1873 3382 1995 3438 dia-

407 3477 568 3520 conus
589 3480 683 3534 per
699 3467 948 3536 pecunias
974 3469 1109 3523 Itane
1129 3470 1408 3528 obtinuerit
1429 3472 1756 3544 dignitatem,
1801 3473 1996 3528 deicia-

408 3561 496 3607 tur
530 3564 579 3609 et
599 3555 710 3628 ipse
731 3567 780 3613 et
802 3560 1079 3616 ordinatur
1097 3561 1229 3629 eius,
1253 3572 1302 3617 et
1333 3563 1380 3595 "
1417 3581 1451 3619 a
1475 3565 1837 3620 communione
1877 3565 1998 3620 abs-

408 3643 652 3701 ridentur
685 3647 754 3702 '°.
1560 3658 1579 3668 ”

473 3737 564 3793 2i.
602 3739 683 3796 De
701 3740 957 3813 maleﬁcis
975 3743 1052 3798 uel
1075 3745 1513 3823 incantatoribus.
1561 3747 1691 3802 Item
1721 3748 1776 3804 in
1804 3747 1994 3804 eodem

409 3828 659 3897 concilio,
693 3838 752 3885 ut
778 3833 1031 3890 eoelearii
1067 3835 1133 3900 “,
1161 3835 1412 3903 maleﬁci,
1439 3837 1806 3894 incantatores
1833 3846 1889 3893 et
1916 3839 1998 3893 in-

409 3917 732 3975 cantatrices
766 3919 882 3978 lieri
913 3938 1022 3978 non
1053 3925 1304 3981 sinuntur
1338 3940 1354 3980 :
1384 3942 1522 3999 quos
1575 3927 1620 3958 ”
1655 3928 1711 3983 iu
1775 3927 1998 3984 Simone

410 4023 566 4081 mago
595 4011 912 4092 terribiliter
938 4015 1200 4072 Dominus
1221 4018 1268 4049 ”
1295 4018 1612 4090 dampnavit
1639 4019 1710 4074 “.

477 4101 569 4157 22.
612 4103 688 4158 De
718 4107 1243 4172 monachis,‘clericis
1288 4119 1336 4165 et
1389 4111 1722 4182 presbyteris.
1757 4107 1890 4165 Item
1941 4109 1996 4166 in

410 4195 598 4248 eodem
621 4195 852 4252 concilio
875 4196 1016 4252 inl'ra
1040 4199 1147 4254 duo
1167 4200 1420 4272 capitula,
1456 4214 1666 4256 necnon
1693 4207 1751 4255 et
1793 4199 1848 4253 in
1903 4197 1998 4254 de-

410 4283 574 4367 cretis
601 4284 800 4342 Leonis
819 4301 1010 4357 papae,
1046 4297 1107 4344 ut
1137 4305 1239 4347 nec
1275 4291 1526 4347 monachi
1558 4287 1662 4347 nec
1685 4289 1868 4347 clerici
1894 4304 1996 4346 nec

411 4378 714 4450 presbyteri
751 4373 817 4437 in
829 4381 1094 4439 secularia
1123 4385 1342 4456 negotia
1369 4392 1667 4441 transeant.

1241 263 1303 318 B.
1329 261 1582 320 CAROIJ
1619 261 1833 317 MAGNI
1870 260 2021 327 OIII’.
2062 261 2242 318 ΡΛηὸ
2279 263 2319 318 I.
2361 260 2603 319 SEC'IIO
2641 259 2874 318 PRIIIA.

301 385 303 387 ’
333 400 336 402 ⁷
427 384 574 451 cllio,
603 391 663 440 ut
690 380 975 454 episcopus
1001 382 1120 437 eius
1170 379 1433 436 ecclesiae
1456 393 1644 452 curam
1674 378 1886 443 haheat,
1935 377 2003 431 ad
2031 382 2076 438 Α
2178 376 2270 434 ες.
2308 359 2385 434 De
2406 379 2566 434 servis
2608 378 2845 433 alterius.
2892 376 3022 432 Item
3051 377 3098 409 ³⁸
3139 377 3194 432 in
3240 375 3435 432 eodem
3470 371 3721 429 concilia

2022 3067 2072 3132 C

3596 255 3719 313 5ιέ

2110 467 2436 536 praecipitur
2462 468 2528 532 ".
2559 476 2618 521 ut
2652 480 2868 522 servum
2891 466 3115 521 alterius
3139 464 3321 520 nullus
3351 462 3616 519 sollicitet
3640 461 3715 514 ad

2107 559 2408 614 clericalcm
2434 558 2517 613 vel
2547 557 2920 612 monachicum
2947 557 2991 590 "
3028 556 3275 612 ordinem
3330 554 3454 609 sine
3509 551 3691 606 volun

2107 656 2214 703 tate
2247 658 2304 703 et
2341 649 2556 704 licentia
2581 649 2779 703 domini
2804 648 2848 678 ³⁸
2888 649 2993 702 sui.

2175 739 2210 792 Ξ.
2221 740 2263 792 ι.
2283 739 2358 793 De
2371 739 2657 794 stabilitate
2669 741 3026 811 episcoporum
3049 738 3126 794 rel
3143 738 3456 793 clericorum
3476 735 3548 788 ²⁹.
3568 734 3717 790 Item

2105 828 2158 883 in
2193 830 2380 885 eodem
2402 829 2630 885 concilio
2662 829 2729 894 ⁸⁸.
2759 844 2966 885 necnon
2995 829 3126 884 etin
3155 827 3487 890 Sardieensi,
3519 834 3582 880 ut
3603 839 3716 879 nec

2103 923 2384 991 epseopus
2431 925 2542 977 nee'
2576 914 3196 992 clericitransmigrent
3254 921 3324 977 de
3373 920 3601 976 civitate
3650 917 3711 970 in

2101 1009 2396 1067 civitatem.

2172 1097 2263 1152 25.
2310 1097 2383 1152 De
2405 1099 2715 1170 presbyteris
2738 1115 2840 1153 non
2861 1097 3095 1154 absolute
3119 1097 3454 1152 ordinandis.
3482 1097 3617 1151 Item
3645 1095 3710 1149 in

2100 1189 2290 1244 eodem
2314 1189 2358 1221 ³¹
2393 1190 2606 1256 sinodo,
2641 1197 2701 1244 ut
2725 1190 2904 1245 nullus
2939 1189 3187 1244 absolute
3235 1187 3524 1243 ordinetur
3571 1194 3629 1240 et
3655 1184 3712 1217 “

2102 1284 2219 1340 sine
2245 1285 2687 1355 pronuntiatione
2713 1283 2758 1316 ³³
2785 1283 3100 1339 stabilitatis
3141 1281 3246 1338 loci
3276 1280 3342 1335 ad
3361 1294 3523 1352 quem
3551 1276 3710 1334 ordi-

2102 1369 2264 1430 natur
2295 1375 2363 1429 “.
2677 1383 2699 1409 ‘
3430 1436 3432 1438 τ

2171 1466 2261 1520 26.
2299 1465 2378 1519 De
2397 1465 2663 1536 proposito
2684 1456 3059 1518 monachorum
3082 1459 3158 1516 rel
3204 1459 3538 1516 clericorum.
3564 1455 3708 1512 Item

2096 1560 2153 1615 in
2179 1559 2366 1616 eodem
2395 1558 2646 1623 concilio,
2678 1565 2738 1612 ut
2761 1555 2943 1611 clerici
2985 1563 3041 1608 et
3088 1551 3339 1607 monachi
3395 1551 3443 1583 ³⁸
3494 1550 3550 1604 in
3597 1563 3717 1603 suo

2097 1649 2374 1721 proposito
2404 1657 2460 1702 et
2483 1647 2529 1680 “
2557 1657 2702 1712 voto,
2733 1647 2876 1716 quod
2905 1645 3014 1700 Deo
3039 1643 3426 1714 promiserunt,
3480 1654 3708 1712 peruia;

2030 1723 2071 1781 Β
2101 1747 2284 1794 ncant.

2163 1829 2257 1884 27.
2299 1828 2376 1884 De
2397 1829 2687 1894 monachis,
2718 1826 2807 1897 qui
2852 1825 2921 1878 ad
2964 1822 3264 1878 clericatum
3315 1821 3708 1892 provehantur.

2096 1921 2227 1976 Item
2250 1921 2305 1981 in
2331 1919 2562 1976 decretis
2590 1916 2883 1974 Innocentii
2923 1929 3095 1985 papae
3127 1913 3194 1968 de
3215 1913 3404 1970 eadem
3447 1926 3509 1966 re
3535 1912 3607 1975 η,
3637 1921 3702 1965 ut

2097 2012 2414 2075 monachus,
2439 2010 2484 2066 si
2513 2011 2580 2065 a‘d
2606 2009 2919 2065 clericatum
2965 2004 3310 2076 provehatur,
3352 2002 3701 2072 propositum

2096 2102 2447 2157 monachicae
2471 2101 2823 2172 professionis
2849 2115 2957 2153 non
2977 2097 3192 2151 amittat
3229 2095 3297 2148 ³⁸.

2165 2191 2257 2246 28.
2299 2190 2376 2245 De
2391 2191 2596 2261 negotio
2617 2188 2924 2244 clericorum
2948 2188 3082 2241 inter
3101 2203 3156 2240 se
3177 2185 3244 2241 ³’.
3267 2185 3399 2238 Item
3422 2185 3476 2239 in
3499 2183 3698 2239 eodem

2095 2284 2348 2349 concilio,
2384 2292 2444 2338 ut
2483 2283 2529 2339 si
2560 2282 2742 2339 clerici
2785 2283 2830 2313 "°
2861 2283 2999 2335 inter
3043 2295 3101 2335 se
3150 2279 3423 2348 negotium
3472 2278 3700 2347 aliquod

2097 2376 2404 2440 habuerint,
2429 2389 2460 2428 a
2481 2390 2580 2431 suo
2617 2374 2868 2444 episeopo
2895 2371 3278 2436 diiudiceutur,
3323 2385 3430 2425 non
3457 2383 3492 2424 ιι
3537 2383 3700 2424 secu-

2097 2467 2327 2522 laribus.

2061 2563 2067 2570 ’
2165 2561 2256 2616 29.
2297 2560 2374 2615 De
2396 2559 2782 2632 conspiratione
2812 2555 3120 2612 clericorum
3165 2550 3242 2609 rel
3285 2551 3691 2607 monachorum.

2095 2651 2231 2710 Item
2259 2650 2314 2706 in
2339 2650 2526 2709 eodem
2552 2648 2803 2712 concilio,
2836 2655 2896 2700 ut
2923 2659 3022 2700 nee
3046 2643 3231 2700 clerici
3281 2657 3382 2698 nec
3437 2656 3615 2696 mena:
3641 2640 3700 2696 lii

2097 2743 2552 2813 conspirationem
2595 2739 2680 2795 vel
2725 2737 2950 2794 insidias
2995 2743 3184 2790 contra
3220 2741 3491 2806 pastorem
3531 2746 3703 2785 suum

2098 2833 2319 2890 faciant.

2170 2924 2262 2982 50.
2302 2923 2379 2978 De
2402 2922 2736 2979 accusatione
2752 2919 3012 2974 [uicorum
3028 2925 3212 2986 contra
3237 2929 3522 2986 episcopos.
3554 2912 3697 2966 Item

2098 3019 2153 3074 in
2177 2997 2365 3074 eodem
2385 3014 2632 3078 concilio,
2666 3020 2726 3066 ut
2745 3010 2868 3066 laici
2893 3009 3178 3081 episcopos
3207 3015 3301 3060 aut
3327 3004 3555 3061 clericos
3581 3019 3697 3057 non

2100 3117 2378 3180 accusent,
2404 3107 2508 3163 nisi
2544 3106 2696 3178 prius
2735 3119 2923 3160 eorum
2974 3099 3300 3157 discutiatur
3341 3097 3697 3153 existimatio-

2100 3200 2188 3257 nis
2206 3199 2415 3269 opinio.

2171 3294 2263 3350 51.
2303 3293 2380 3347 De
2401 3290 2732 3346 monasteriis
2759 3289 2864 3343 Deo
2887 3287 3098 3342 dicatis.
3129 3285 3265 3340 Item
3307 3284 3361 3338 in
3395 3282 3608 3343 eodem,
3632 3287 3696 3334 ut

2102 3385 2239 3449 loca,
2296 3398 2435 3454 quae
2479 3381 2646 3438 semel
2686 3379 2797 3435 Deo
2841 3377 3089 3434 dedicata
3146 3383 3274 3431 sunt
3325 3383 3385 3427 ut
3421 3375 3468 3405 ⁸⁸
3505 3387 3696 3427 ιιιοιιει-

2101 3477 2264 3533 steria
2291 3475 2422 3541 sint,
2445 3482 2702 3530 maneant
2723 3480 2981 3543 perpetuo
3011 3467 3337 3525 monasteria
3365 3466 3433 3530 δ’,
3453 3480 3552 3519 nec
3574 3479 3696 3534 pos-

2097 3569 2208 3626 sint
2230 3568 2370 3622 ultra
2398 3566 2512 3620 ﬁeri
2541 3563 2805 3620 sccularia
2834 3560 3161 3617 habitacula.

2169 3661 2260 3717 32.
2303 3660 2378 3714 De
2406 3659 2512 3730 [ide
2535 3667 2747 3713 sanctae
2790 3654 3064 3710 Trinitatis
3107 3649 3486 3724 praedicanda.
3536 3647 3599 3703 In
3646 3648 3695 3679 ”

2099 3754 2331 3810 concilio
2354 3749 2789 3821 Carthagincnsi.
2830 3748 3012 3803 Primo
3037 3746 3280 3802 omnium
3322 3755 3542 3798 necesse
3590 3751 3694 3806 est,

2097 3853 2160 3898 ut
2182 3842 2315 3898 lides
2336 3849 2554 3898 sanctae
2587 3837 2888 3903 Trinitatis,
2942 3844 2998 3891 et
3034 3833 3424 3892 incarnationis
3466 3831 3697 3893 Christi,

2099 3931 2390 4004 passionis,
2412 3928 2826 3985 resurrectionis
2854 3935 2909 3982 et
2935 3925 3271 3982 ascensionis
3310 3925 3364 3978 in
3407 3924 3594 3981 coelos
3623 3923 3698 3978 di-

2098 4027 2329 4094 ligenter
2346 4022 2598 4079 omnibus
2623 4016 2983 4092 praedicetur.

2167 4112 2256 4170 55.
2293 4112 2380 4166 -De
2401 4112 2645 4165 araritia.
2675 4110 2808 4164 Item
2831 4109 2886 4162 in
2908 4109 3094 4164 eodem
3121 4107 3187 4162 de
3209 4105 3542 4176 prohibenda
3563 4119 3698 4157 ara-

2096 4203 2243 4268 ritia,
2270 4211 2332 4257 ut
2360 4201 2538 4256 nullus
2564 4200 2768 4255 alienos
2790 4199 2923 4255 lines
2953 4206 3176 4268 usurpet
3200 4197 3285 4254 vel
3313 4197 3578 4252 terminos
3599 4210 3699 4264 pa-

2097 4300 2242 4348 trum
2277 4289 2644 4346 transcendat.

2027 4378 2078 4438 D
2171 4381 2266 4438 54.
2303 4380 2380 4435 De
2409 4381 2601 4452 bisqui
2642 4397 2697 4436 se
2738 4387 3040 4436 concertant
3092 4377 3170 4449 ad
3215 4377 3407 4434 Deum.
3449 4375 3584 4432 Item
3635 4373 3695 4431 in

1624 4515 2018 4574 VARIAN'I‘ES
2053 4515 2456 4572 LECTIO‘NES.

485 4650 502 4680 ⁸
526 4657 640 4722 post
668 4665 884 4722 sequens
920 4652 1196 4722 caput/ioc
1223 4653 1363 4722 ponit
1391 4653 1480 4708 sed
1508 4669 1613 4706 non
1638 4654 1695 4707 in
1731 4652 1904 4706 indice
1924 4652 1978 4705 5.
2011 4650 2075 4704 B.
2107 4652 2196 4722 qui
2223 4650 2277 4705 id
2310 4668 2429 4722 cum
2458 4649 2506 4704 Χ
2524 4649 2557 4702 ν
2587 4653 2874 4720 coniungit.
2953 4653 2973 4682 ¹
2993 4651 3269 4706 celebrant
3310 4649 3374 4722 Β.
3453 4650 3473 4722 ἒ
3509 4651 3692 4706 laudi-

412 4719 560 4775 censi
584 4719 635 4772 1.
660 4719 743 4773 1⁶.⁷
765 4719 832 4774 Β.

501 4788 567 4842 Β.
617 4787 683 4862 ϐ.
746 4790 780 4862 _'
798 4805 876 4862 pe
901 4791 1024 4845 Bal.
1098 4791 1120 4822 ’
1149 4793 1447 4862 precipitnr
1474 4790 1616 4862 quod
1642 4793 1694 4848 5.

905 4722 935 4792 ξ
959 4723 1040 4792 vel
1067 4721 1120 4792 4.
1197 4721 1545 4778 “celebretur
1571 4723 1625 4792 5.
1701 4723 1722 4754 ⁶
1750 4723 2029 4792 anglorum
2056 4721 2221 4776 const.
2261 4723 2314 4777 5.
2356 4721 2421 4775 Β.
2482 4723 2500 4753 ⁷
2533 4723 2832 4792 niicbahel,
2884 4722 3124 4789 galirihcl
3152 4761 3166 4783 ,
3218 4721 3472 4790 rapliahel
3524 4722 3594 4776 I‘.
3630 4723 3688 4776 4.

1790 4791 1843 4823 W
1877 4799 2090 4860 oportet
2114 4792 2168 4846 3.
2248 4791 2652 4846 “nrdinareB.
2691 4791 2808 4844 Bal.
2890 4792 3386 4860 "s.dicitnrq.5.
3466 4792 3589 4846 "et
3631 4792 3688 4847 4.

416 4859 461 4932 ξδ
504 4859 770 4932 constitui
793 4859 867 4932 B._
887 4862 1046 4932 (corr.
1074 4859 1574 4932 ex'cstituere)B_al.
1645 4863 1690 4895 “
1710 4863 1807 4916 hoc
1840 4879 1886 4915 c.
1916 4859 2055 4917 deest
2079 4861 2133 4915 6.
2162 4863 2217 4916 in
2248 4864 2418 4920 indice
2441 4879 2589 4932 capp.
2613 4863 2725 4932 eius
2761 4863 2974 4916 rubrum
3009 4863 3251 4932 sequenti
3267 4859 3598 4932 isostpouunt.
3634 4864 3687 4917 1.

415 4929 467 5002 2,
500 4929 536 5002 2
563 4929 700 5002 ns.
731 4929 796 4983 Β.
826 4929 1132 5002 optineo
1154 4933 1296 5002 ponit
1323 4929 1444 4993 Bal.
1527 4932 1570 4964 ι·
1597 4942 1657 4987 ιιι
1688 4934 1739 4987 ι.

418 5139 605 5213 mago)
626 5138 760 5194 ultio
783 5139 965 5194 ditina
1000 5143 1314 5213 terribiliter
1339 5143 1651 5213 dampnavit
1681 5138 1756 5197 1’⁶.

1818 4933 1856 5002 ίῖ
1886 4933 1977 5002 qni
2001 4942 2205 5002 praeter
2234 4934 2281 4985 Ἰ.
2313 4935 2366 4987 5.
2397 4931 2572 4986 omnes
2606 4941 2652 4987 et
2682 4931 2802 4986 Bal.
2881 4933 2923 4962 ¹⁸
2947 4933 3200 5002 ordinant
3226 4931 3290 4986 ll.
3371 4931 3412 4962 "
3448 4933 3585 4986 deest
3629 4933 3688 4988 4.

416 5000 462 5075 ff
487 5000 796 5075 abscidatur
826 5000 884 5075 1‘
923 5001 978 5054 4.
1022 5001 1073 5055 6.
1258 5005 1302 5075 ’ἦ
1327 5001 1582 5075 euclcarii
1624 5004 1675 5066 I,
1713 5000 2184 5075 cocclcarii'4.__ct
2215 5004 2329 5075 (ltro
2355 5002 2454 5075 ut)
2499 5002 2682 5075 clerici
2731 5002 2806 5075 If.

417 5069 464 5100 ⁸⁵
487 5069 628 5144 deest
657 5069 951 5144 l._4._Ii._t.
983 5072 1242 5144 accelesia
1277 5074 1330 5128 (Ι.
1358 5075 1416 5144 5.
1493 5073 1539 5104 ³⁸
1574 5075 2046 5144 dampnatumcst.
2080 5071 2144 5124 Il.
2177 5069 2503 5144 qucum".
2549 5070 2622 5144 ea:
2663 5072 2794 5142 quo)
2836 5069 3098 5126 Simonem
3136 5069 3350 5144 magum

2884 5004 2927 5033 ss
2968 5019 3021 5071 (ι,
3067 5001 3256 5056 Petrus
3297 5003 3373 5072 (in
3402 5007 3594 5072 marg.)
3631 5003 3686 5058 1.

3405 5074 3564 5140 (corr.
3617 5091 3685 5127 ea

1834 5145 1880 5174 ³⁸
1913 5142 2054 5196 deest
2079 5143 2130 5195 5.
2169 5141 2222 5195 4.
2301 5141 2511 5196 "deest
2547 5143 2599 5195 5.
2677 5144 2721 5174 ’⁷
2751 5141 3106 5198 monasticam
3142 5143 3225 5195 I“.
3302 5143 3348 5172 ν’
3378 5142 3604 5196 senioris
3624 5146 3678 5195 5.

490 5209 557 5262 (ἐ.
586 5211 683 5283 hoc
705 5221 858 5283 caput
881 5228 984 5264 non
1007 5212 1180 5277 habet,
1207 5214 1297 5267 sed
1323 5215 1434 5268 eius
1467 5209 1675 5267 titulum
1707 5213 1938 5283 sequenti
1962 5212 2225 5283 prae/irit.
2301 5213 2359 5265 ³⁸,
2381 5229 2412 5267 c
2463 5213 2600 5266 iulia
2629 5213 2735 5266 duo
2769 5213 2999 5282 capitula
3035 5211 3154 5266 Bal.
3232 5212 3272 5242 ³⁸
3298 5211 3486 5267 eadem
3519 5213 3578 5266 Il.
3612 5213 3682 5269 (ἶ.

419 5280 464 5350 ν
498 5296 598 5334 nec
631 5280 697 5334 (ὲ.
774 5281 820 5312 ³³
847 5283 1315 5350 praenuntiatione
1342 5283 1407 5338 C.
1485 5284 1530 5314 “
1559 5280 1840 5339 ordinetur
1869 5284 1922 5337 5.

1999 5282 2046 5313 ³⁸
2071 5298 2217 5335 mon.
2273 5292 2327 5337 et
2374 5283 2442 5337 cl.
2478 5285 2531 5337 5.

420 5349 465 5424 ’f
491 5350 742 5424 admittat
766 5349 860 5404 Il.’
907 5351 952 5382 ”
980 5354 1093 5424 ltoci
1107 5365 1260 5424 caput
1283 5364 1402 5408 ante
1431 5355 1732 5407 antecedens
1760 5354 1900 5422 ponit
1927 5354 1980 5406 5.
2009 5352 2098 5405 sed
2128 5370 2228 5405 non
2257 5354 2308 5406 in
2342 5353 2528 5424 indice.
2579 5353 2650 5384 ·⁸⁰
2687 5371 2736 5407 c.
2774 5363 2829 5408 ct
2867 5354 3114 5409 monachi
3154 5353 3220 5409 (ἶ.

2610 5283 2654 5313 ³⁸
2689 5285 2827 5337 deest
2857 5284 2910 5338 5.
2989 5284 3030 5316 ³⁷
3077 5285 3143 5337 de
3189 5299 3239 5336 e.
3294 5299 3353 5336 re
3406 5283 3589 5337 desum
3623 5285 3683 5336 5.

3295 5353 3338 5384 ⁵³
3364 5363 3423 5408 ιιι
3449 5370 3586 5408 corr.
3616 5354 3689 5410 de

423 5422 492 5475 I‘.
522 5422 565 5476 si
593 5419 646 5474 .l.
678 5431 771 5475 aut
794 5437 868 5475 ιιι.
901 5431 1026 5477 sunt
1055 5423 1120 5478 6.
1169 5419 1241 5454 ’δ’
1275 5439 1419 5478 man.
1449 5440 1503 5495 p.
1534 5440 1679 5508 mpn.
1709 5419 1890 5479 desum
1922 5424 1974 5477 5.
2011 5431 2268 5491 perpetua
2290 5423 2382 5479 Vl'.
2457 5422 2505 5453 ’⁸³
2532 5425 2658 5478 item
2681 5424 2733 5479 in
2757 5424 2832 5501 l’.

1933 5550 2164 5606 NOTA‘J.

491 5691 512 5716 ο
553 5673 672 5727 ΙΙιι-ι·
704 5677 973 5729 ιέιτδιιιιιυιέι
1011 5685 1128 5729 sunt
1165 5691 1225 5727 ex
1257 5691 1460 5727 «ratione
1496 5673 1630 5742 ipso,
1657 5688 1758 5726 non
1783 5687 1846 5727 ex
1871 5686 1986 5739 cap.
2031 5669 2154 5722 anni
2184 5669 2305 5723 789.
