3846 6218
194 325 278 380 515
703 318 930 376 CODEX
971 318 1500 377 DIPLOMATICUS.
1541 350 1615 362 —-
1647 319 1967 378 CAPITUL.
2004 321 2095 378 ΑΒ
2130 320 2472 382 ANSEGISO
2509 325 2892 383 COILECTA.

3319 337 3428 395 5η

185 438 351 497 eodem
377 435 392 466 ⁸
419 431 485 488 de
522 431 629 496 his,
659 433 751 501 qui
794 432 851 487 in
894 429 1134 501 periculo
1189 434 1472 489 constituti
1523 442 1650 488 sunt
1680 441 1735 487 et
1764 440 1808 495 Α
1839 435 1940 502 Qui
1971 435 2013 468 ¹⁷
2037 436 2174 492 dura
2201 446 2257 494 et
2290 438 2537 496 districta
2569 442 2903 512 poenitentia
2945 449 3233 504 coercendi
3277 462 3427 520 sunt.

187 521 470 584 convertunt
495 536 556 578 se
575 522 645 577 ad
673 522 862 588 Deum,
889 525 950 576 ut
975 522 1235 579 canonice
1281 524 1626 594 inquiruntur
1670 524 1738 579 de

193 610 606 677 reconciliatione,
631 622 690 667 et
707 612 970 693 canonice
995 613 1432 670 reconcilientur.

250 708 328 765 55.
358 705 430 759 De
448 705 527 759 bis
547 703 638 774 qui
659 721 762 758 no»
784 713 907 758 sunt
955 703 1122 759 bonae
1147 705 1573 760 conversationis.
1603 704 1740 762 Item

191 799 239 850 in
277 795 445 852 eodem
467 795 510 858 ',
537 803 596 847 ιιι
626 792 704 847 illi
732 793 825 863 qui
853 806 962 853 non
1004 800 1130 848 sunt
1159 793 1334 850 bonae
1375 794 1745 850 conversatio-

192 888 267 942 nis
287 893 531 940 eteorum
568 884 682 937 vita
707 889 793 938 est
823 882 1164 946 accusabilis,
1205 897 1314 938 non
1359 884 1594 938 audeant
1635 883 1745 954 epi-

188 991 357 1048 scopos
374 975 450 1030 vel
477 974 707 1031 maiores
733 982 866 1030 natu
889 987 1169 1030 accusare.

250 1067 328 1124 56.
363 1067 434 1120 De
477 1065 556 1119 his
603 1065 694 1137 qui
729 1064 1178 1119 excommunicato
1222 1064 1740 1119 cornmunicavennt.

186 1161 307 1216 Item
335 1159 389 1213 in
427 1158 632 1222 eodem,
657 1165 720 1212 ιιι
763 1158 858 1228 qui
898 1160 1367 1215 exeommunicato
1428 1175 1744 1230 praesump-

182 1251 309 1306 tiose
328 1249 348 1281 ³
394 1249 870 1306 communicaret-it
895 1250 939 1317 ⁸,
970 1242 1480 1318 excommunieetur
1507 1258 1563 1306 et
1606 1251 1740 1322 ipse.

211 1339 330 1396 -57.
364 1338 436 1392 De
458 1337 774 1394 subiectione
799 1341 1239 1412 presbyterorum.
1272 1339 1406 1395 Item
1459 1339 1513 1394 in
1552 1340 1741 1396 eodem

185 1429 390 1486 concilio
409 1427 542 1482 infra
562 1426 671 1485 duo
694 1430 948 1500 capitula,
965 1439 1027 1484 ut
1048 1431 1229 1486 nullus
1249 1432 1534 1501 presbyter
1554 1439 1742 1510 contra
1770 1445 1776 1455 ‘

185 1535 326 1576 suum
351 1520 648 1590 episcopum
670 1522 952 1591 superbire
969 1525 1190 1578 audeat.

243 1613 325 1667 58.
362 1612 432 1666 De
449 1609 647 1666 clericis
667 1611 1011 1668 ecclesiastici
1032 1614 1251 1669 ordinis.
1272 1613 1406 1670 Item
1430 1615 1486 1669 in
1531 1616 1741 1682 eodem,

183 1710 236 1755 ut
257 1701 422 1756 clerici
447 1701 800 1757 ecclesiastici
830 1702 1038 1759 ordinis
1066 1703 1109 1770 ⁸,
1146 1703 1193 1758 si
1242 1703 1457 1774 culpam
1503 1703 1746 1761 incurre-

1842 523 2178 597 Quapropier
2200 528 2441 601 episcopi
2461 539 2517 586 et
2542 533 2867 604 presbyteri,
2892 549 2922 588 a
2944 536 3141 606 quibus
3169 538 3431 599 iudicium

1839 618 2204 699 poenitentiae
2251 620 2572 694 iniungitur,
2633 633 2900 680 conentur
2953 628 3282 687 omnimodis
3327 632 3434 689 hoc

1843 709 2044 766 malum
2097 726 2132 766 a
2164 715 2557 771 consuetudine
2581 717 2874 786 prohibere
2899 718 2982 774 vel
3003 720 3304 778 abscidere.

1911 800 2001 857 ‘9.
2027 801 2104 856 De
2122 804 2457 874 presbyteris,
2479 822 2584 878 quo
2607 817 2838 876 tempore
2861 809 3191 864 ordinentur.
3215 812 3275 868 In
3304 829 3436 870 con-

1842 893 1969 950 cilio
2003 893 2450 952 Neocaesariensi
2488 897 2556 957 ¹⁹¹.
2603 906 2672 953 ιιι·
2725 899 3034 956 nullatenus
3071 889 3437 976 "presbyter

1840 983 2121 1040 ordinetur
2143 992 2270 1041 ante
2292 987 2627 1058 trigesimum
2655 990 2852 1046 aetatis
2876 985 3007 1046 suae
3028 1007 3231 1048 annum
3258 1009 3274 1058 ;
3306 995 3435 1064 quia

1842 1072 2093 1131 dominus
2128 1076 2280 1132 Iesus
2317 1071 2570 1135 Christus
2626 1096 2736 1136 non
2764 1083 3096 1152 praedicavit
3153 1093 3282 1149 ante
3339 1087 3438 1152 tri-

1843 1168 2107 1236 gesimum
2148 1185 2371 1226 annum.
3388 1197 3394 1202 θ

1913 1256 2002 1314 50.
2044 1259 2121 1314 De
2143 1277 2274 1332 pace
2293 1255 2496 1318 danda.
2534 1263 2593 1319 In
2616 1259 2980 1322 decretalibus
3004 1261 3307 1326 Innocentii
3349 1285 3438 1342 pa—

1839 1361 1960 1419 pae,
1988 1356 2048 1404 ut
2066 1366 2170 1421 pax
2198 1351 2357 1408 detur
2388 1353 2458 1410 ab
2483 1354 2756 1424 omnibus,
2769 1355 3034 1413 conlectis
3047 1359 3094 1390 ”
3121 1358 3324 1418 Christi
3346 1378 3439 1418 sa-

1846 1435 2162 1496 cramentis.
2800 1432 2806 1438 ’

1913 1530 2003 1585 51.
2042 1530 2122 1586 De
2140 1549 2332 1603 sponsa
2353 1531 2593 1590 alterius.
2619 1534 2678 1590 In
2695 1535 3058 1594 decretalibus
3080 1538 3258 1612 Syrici
3278 1543 3322 1573 “
3345 1558 3440 1613 pa-

1841 1632 1963 1691 pae,
1986 1628 2048 1675 ut
2064 1621 2309 1710 alterius
2333 1638 2586 1693 sponsam
2614 1641 2776 1683 nemo
2787 1627 3050 1722 "accipiat.

1917 1710 2023 1788 52η
2047 1711 2125 1769 De
2151 1714 2448 1784 nominibus
2489 1717 2792 1788 recitandis.
2831 1710 2964 1774 [tein
3011 1719 3256 1777 eiusdem
3282 1722 3352 1788 “,
3380 1731 3441 1778 ut

185 1795 297 1860 rint,
317 1793 446 1864 apud
470 1793 869 1884 ecclesiasticos
893 1795 1226 1852 iudicentur.
1253 1814 1360 1852 non
1392 1797 1533 1868 apud
1579 1813 1740 1881 δρψ-
1773 1786 1819 1848 Β
1848 1807 2067 1862 nomina
2097 1807 2312 1878 publice
2336 1824 2446 1864 non
2476 1786 2774 1867 recitentur
2815 1819 2942 1867 ante
2973 1827 3167 1884 preces
3188 1786 3442 1872 sacerdo-

185 1885 326 1940 lares.

244 1974 324 2030 59.
362 1973 436 2028 De
461 1975 747 2046 virginibus
773 1967 882 2031 Déo
916 1976 1126 2032 dicatis.
1160 1973 1221 2032 in
1249 1977 1270 2007 ⁸
1298 1978 1529 2033 concilio
1578 1976 1744 2032 Aﬁ'ri-

182 2081 304 2120 eano
325 2067 660 2137 praecipitur,
705 2075 764 2124 ιιι
791 2068 1030 2138 virgines
1057 2069 1169 2124 Deo
1191 2055 1539 2125 consecratae
1555 2086 1590 2125 a
1616 2084 1743 2140 gra-

184 2157 394 2213 vioribus
423 2161 669 2228 personis
692 2161 936 2231 diligenti
965 2163 1213 2218 custodia
1239 2169 1548 2219 serventur.

241 2247 322 2302 40.
359 2249 432 2304 De
469 2252 750 2324 principali
797 2255 1051 2310 cathedra
1098 2256 1482 2328 episcoporum.
1519 2255 1657 2311 Item
1688 2254 1743 2309 in

177 2341 365 2407 eodem,
388 2351 446 2397 ut
470 2359 576 2398 non
595 2344 756 2401 liceat
779 2347 1034 2417 episcopo
1049 2347 1402 2418 principalem
1429 2346 1743 2403 cathedram

185 2449 297 2489 suae
315 2438 625 2506 parrochiae
663 2440 948 2512 neglegere
979 2441 1020 2506 ',
1070 2449 1126 2497 et
1173 2441 1411 2514 aliquam
1459 2440 1742 2497 ecclesiam

179 2526 336 2584 insua
371 2530 568 2587 diocesi
598 2534 771 2603 magis
806 2533 1172 2606 frequentare.
1284 2526 1287 2529 Ὗ

244 2619 322 2672 bl.
349 2620 418 2674 De
439 2620 589 2692 falsis
614 2624 909 2679 nominibus
933 2635 1256 2682 sanctorum.
1285 2626 1419 2682 Item
1445 2624 1500 2679 in
1529 2624 1739 2688 eodem,

183 2714 236 2760 ιιι
261 2706 378 2763 falsa
407 2711 623 2767 nomina
673 2722 974 2785 martyrum
996 2715 1018 2743 ³
1041 2722 1098 2770 et
1144 2713 1384 2770 incertae
1431 2722 1744 2770 sanctorum

188 2801 447 2856 memoriae
472 2817 578 2857 non
623 2814 967 2860 venerentur.

244 2891 322 2947 42.
361 2894 434 2949 De
463 2913 628 2950 uxore
648 2915 681 2951 a
705 2898 813 2952 viro
844 2898 1092 2954 dimissa.
1125 2899 1258 2955 Item
1288 2899 1346 2954 in
1395 2900 1585 2956 eodem
1606 2900 1656 2967 ‘,
1686 2909 1745 2956 ut

181 3002 272 3042 nec
289 3003 412 3043 uxor
435 3003 468 3043 a
483 2990 606 3046 viro
635 2991 857 3047 dimissa
882 2992 1047 3047 alium
1075 2993 1306 3062 accipiat
1326 2995 1502 3049 virum
1527 2995 1744 3051 vivente

183 3079 285 3135 viro
305 3096 411 3147 suo,
436 3097 537 3139 nec
551 3083 636 3137 vir
659 3083 822 3138 aliam
850 3085 1077 3155 accipiat
1103 3086 1314 3142 vivente
1341 3103 1511 3143 uxore
1537 3087 1742 3158 priore.

1775 1930 1780 1934 ι
1847 1897 2004 1952 tales.

1916 1987 2008 2043 55.
2042 1985 2119 2042 De
2137 2004 2400 2068 canonum
2441 1989 2700 2045 institutis
2738 2009 2772 2046 a
2814 1992 3129 2064 presbyteris
3153 1979 3262 2050 non
3291 1999 3442 2068 igno-

1847 2079 2048 2133 randis.
2087 2079 2218 2135 Item
2257 2079 2523 2167 eiusdem,
2578 2087 2637 2136 ut
2676 2076 2809 2137 nulli
2872 2083 3145 2140 sacerdoti
3181 2085 3227 2116 ”
3284 2086 3439 2143 liceat

1847 2171 2094 2244 ignorare
2122 2172 2168 2204 “
2188 2180 2499 2229 sanctorum
2531 2188 2796 2230 canonum
2820 2175 3089 2231 instituta.

1915 2259 2005 2314 54.
2046 2260 2123 2316 De
2148 2261 2352 2316 clericis
2381 2261 2600 2317 alterius
2614 2263 2870 2335 episcopi.
2905 2258 2971 2323 In
2987 2264 3227 2338 decretis
3247 2265 3444 2323 Leonis

1846 2367 2015 2422 papae
2036 2353 2306 2408 sancitum
2336 2362 2440 2419 est,
2469 2362 2526 2410 et
2548 2354 2606 2410 in
2635 2354 3222 2435 Sardicensiconcilio,
3251 2369 3312 2414 ut
3333 2359 3442 2430 epi-

1845 2459 2040 2512 scopus
2065 2437 2290 2500 alterius
2338 2445 2597 2502 clericum
2623 2447 2690 2502 ad
2713 2446 2762 2480 "
2781 2431 2844 2503 se
2873 2431 3081 2506 ²⁸⁶ἷιοιι
3103 2451 3152 2482 ’⁸
3186 2451 3443 2508 sollicitet

1846 2548 1947 2587 nec
1970 2535 2202 2610 ordinet.
2275 2600 2279 2604 Α

1917 2621 2006 2677 55.
2047 2623 2124 2678 De
2153 2626 2319 2680 sercis
2363 2612 2622 2684 alterius.
2659 2626 2795 2683 Item
2843 2628 3106 2693 eiusdem,
3154 2639 3218 2685 ut
3265 2633 3446 2688 nullus

1845 2714 2131 2783 episcopus
2146 2730 2364 2790 servum
2390 2715 2614 2773 alterius
2638 2718 2708 2772 ad
2755 2718 3044 2774 clericatus
3068 2717 3303 2775 cilicium
3330 2722 3445 2777 sine

1845 2805 2049 2861 domini
2077 2807 2160 2861 sui
2189 2806 2465 2863 voluntate
2487 2823 2809 2880 promovere
2829 2819 3161 2881 praesumat.
3190 2811 3258 2880 Et
3276 2811 3319 2843 "’
3345 2813 3446 2867 hoe

1845 2896 2157 2967 Gangrcnse
2180 2898 2227 2930 ³⁸
2251 2899 2542 2955 concilium
2563 2900 2837 2971 prohibet.

1915 2988 2004 3043 56.
2046 2988 2125 3048 De
2165 2990 2523 3045 sacerdotibus
2573 3000 2757 3047 contra
2813 2991 3100 3047 decretalia
3151 2992 3445 3064 agentibus.

1792 3145 1811 3165 ς
1843 3082 1975 3137 Item
2006 3080 2271 3148 eiusdem,
2299 3083 2422 3137 utsi
2453 3083 2576 3153 quis
2618 3083 2964 3139 sacerdotum
3002 3090 3197 3138 contra
3242 3083 3448 3140 consti-

245 3173 322 3231 ιδ.
357 3175 431 3230 De
459 3176 720 3232 iudicibus
743 3195 775 3231 a
798 3151 1196 3249 metropolitano
1229 3179 1482 3250 probatis.
1522 3151 1658 3235 ne...
1687 3181 1740 3235 in
1769 3151 1811 3212 C
1846 3179 1961 3226 tuta
1983 3171 2270 3226 decretalis
2283 3151 3167 3244 praesumptioseasat.etcorrisi
3189 3172 3447 3239 nolens".

180 3273 370 3336 eodem,
399 3277 458 3324 ut
482 3269 696 3338 probati
719 3283 751 3324 a
776 3268 1192 3339 metropolitano
1217 3270 1422 3327 iudices
1446 3287 1553 3327 non
1592 3286 1744 3342 sper-

182 3345 376 3416 naninr.

246 3453 324 3508 41.
363 3452 436 3507 De
481 3454 816 3507 accusatione
857 3453 1036 3508 cilium
1085 3470 1448 3524 personarum.
1500 3454 1637 3529 Item
1680 3453 1741 3508 in

187 3545 349 3600 eodem
370 3545 505 3598 infra
532 3543 639 3598 duo
661 3543 917 3613 capitula,
951 3552 1010 3598 ut
1036 3544 1168 3603 viles
1195 3559 1460 3613 personae
1490 3560 1600 3600 non
1639 3544 1742 3599 ha-

178 3633 322 3688 beant
347 3641 662 3703 potestatem
691 3632 999 3688 accusandi.
1031 3633 1099 3688 Et
1132 3633 1174 3664 “
1211 3633 1255 3688 si
1306 3634 1361 3688 in
1411 3634 1589 3704 primo
1634 3623 1742 3690 cri-

181 3722 309 3777 mine
334 3723 451 3778 victi
480 3730 615 3778 sunt
642 3721 837 3778 falsum
866 3723 1069 3791 dicere,
1118 3724 1172 3778 in
1201 3725 1438 3780 secundo
1492 3740 1600 3779 non
1649 3724 1743 3779 ha-

182 3811 320 3866 beant
350 3818 669 3883 potestatem
691 3813 926 3881 dicendi.
1385 3877 1398 3891 η

243 3900 318 3955 15.
355 3902 428 3956 De
449 3902 734 3974 rirginibus
773 3902 1024 3958 celandis.
1056 3903 1189 3960 Item
1239 3904 1295 3959 in
1339 3905 1546 3970 eodem,
1591 3912 1653 3960 ut
1696 3906 1740 3936 “

182 3993 392 4064 virgines
426 4011 533 4051 non
576 3995 826 4052 velentur
853 4004 979 4052 ante
1027 4011 1217 4063 annos,
1268 3990 1375 4053 nisi
1432 3997 1741 4054 rationabili

186 4089 477 4144 necessitate
500 4095 749 4157 cogente.

239 4177 300 4232 46
315 4179 372 4233 ι’.
396 4178 473 4234 De
485 4177 674 4234 oblatis
691 4191 1003 4252 pauperum.
1021 4180 1080 4235 In
1104 4180 1334 4237 conciiio
1356 4178 1654 4251 Gangrensi
1673 4180 1738 4247 ¹³,

185 4273 231 4317 ιιι
247 4266 364 4321 nulli
390 4267 550 4323 liceat
574 4267 756 4324 oblata
789 4274 928 4340 quae
956 4271 1023 4326 ad
1047 4285 1312 4342 pauperes
1353 4271 1633 4342 pertinent
1654 4287 1742 4326 ra-

182 4369 292 4423 pere
307 4359 383 4413 vel
410 4357 688 4415 traudare.

242 4443 320 4498 17.
351 4446 428 4502 De
454 4447 666 4502 ieiuniis
688 4466 719 4502 a
740 4448 1096 4505 sacerdotibus
1133 4453 1448 4517 constitutis.
1487 4447 1622 4506 Item
1681 4451 1734 4506 in

189 4535 364 4603 eodem,
383 4547 445 4598 ,ιιι
465 4539 831 4596 ecclesiastica
853 4557 884 4596 a
913 4543 1284 4599 sacerdotibus
1307 4544 1506 4600 ieiunia
1532 4545 1735 4599 consti-

187 4631 283 4681 tuta
304 4629 413 4686 sine
437 4633 481 4663 “
507 4632 836 4689 necessitate
863 4633 1169 4689 rationabili
1201 4651 1307 4690 non
1337 4636 1634 4691 solvantur.
1679 4646 1684 4651 ‘

243 4718 321 4774 ιε.
356 4721 429 4776 De
446 4721 529 4778 liis
549 4724 640 4795 qui
665 4733 848 4782 contra
871 4734 1116 4779 naturam
1148 4735 1384 4796 peccant.
1415 4726 1472 4780 In
1502 4727 1736 4782 concilio

191 4805 521 4880 Ancyronensi
547 4814 592 4846 "
623 4829 639 4870 :
665 4814 870 4870 Inventi
901 4823 1028 4869 sunt
1066 4816 1208 4870 inter
1255 4833 1351 4872 vos
1397 4817 1489 4887 qui
1547 4833 1670 4872 cum
1695 4818 1738 4848 ¹⁶

190 4900 586 4970 quadrupedibus
611 4905 694 4960 vel
723 4905 976 4962 masculis
1005 4917 1193 4962 contra
1217 4916 1463 4962 naturam
1489 4918 1736 4978 peccant.

1843 3264 1912 3319 ab
1944 3263 2121 3319 ollicio
2149 3280 2250 3319 suo
2271 3265 2678 3320 submoventur.

1913 3352 2002 3407 57.
2047 3352 2122 3408 De
2152 3354 2345 3420 viduis,
2380 3373 2412 3408 a
2437 3355 2627 3425 quibus
2666 3371 2770 3409 non
2807 3355 3058 3410 celentur.
3105 3355 3162 3410 In
3212 3354 3448 3411 decretis

1842 3441 2044 3498 Gelasii
2095 3458 2286 3515 papae,
2339 3452 2400 3498 ut
2463 3445 2644 3500 nullus
2691 3445 2982 3516 cpiscopus
3016 3445 3208 3502 viduas
3260 3445 3446 3500 velare

1838 3542 2172 3602 praesumat.
2219 3590 2228 3600 ,
2723 3528 2730 3535 ’

1915 3623 2005 3680 58.
2045 3621 2123 3679 De
2171 3625 2278 3695 fide
2336 3626 2596 3682 catholica
2643 3637 2692 3682 et
2739 3630 2910 3699 primo
2956 3638 3234 3701 praecepto
3295 3627 3441 3700 legis.

1842 3716 2031 3773 Primo
2055 3718 2298 3773 omnium
2329 3719 2704 3786 admonemus,
2759 3729 2818 3775 ut
2867 3720 3003 3776 ﬁdes
3051 3709 3320 3777 catholica
3375 3723 3447 3777 ab

1838 3808 2111 3878 episcopis
2134 3817 2190 3864 et
2209 3810 2549 3880 presbyteris
2571 3808 2862 3880 diligenter
2910 3810 3122 3882 legatur
3161 3812 3310 3866 omni
3354 3827 3447 3882 po-

1844 3897 1971 3968 pulo
1994 3899 2445 3970 praediceturque
2467 3899 2512 3931 ³⁹
2535 3900 2638 3956 hoc
2661 3900 2704 3932 ⁸⁸
2724 3902 2957 3972 primum
2978 3913 3324 3973 praeceptum
3351 3904 3449 3960 do-

1843 3990 1978 4044 mini
2002 3990 2098 4044 Dei
2120 3990 2508 4060 omnipotentis
2536 3991 2591 4046 in
2625 3991 2673 4022 ³⁸
2707 3991 2822 4062 lege
2846 4005 2866 4046 :
2892 3991 3051 4055 Audi,
3088 3990 3276 4056 Israel,
3319 3995 3446 4065 quia

1840 4081 2108 4146 dominus,
2139 4081 2280 4137 Deus
2309 4082 2610 4150 tuus,.deus
2633 4100 2772 4137 unus
2794 4093 2869 4138 est
2897 4100 2911 4136 :
2943 4090 3082 4137 etut
3110 4082 3202 4138 ille
3247 4083 3444 4156 diliga-

1844 4181 1934 4227 tur
1960 4187 2025 4227 ex
2061 4180 2174 4227 toto
2195 4172 2379 4238 corde,
2407 4181 2462 4227 et
2482 4187 2548 4229 ex
2569 4181 2682 4228 tota
2709 4163 2915 4232 mente.
2936 4181 2992 4229 et
3015 4187 3084 4228 ex
3108 4180 3219 4228 tota
3241 4174 3442 4241 anima,

1844 4272 1899 4320 et
1920 4279 1985 4320 ex
2016 4272 2129 4320 tota
2155 4265 2374 4320 virtute.

1916 4355 2004 4411 59.
2048 4354 2124 4409 De
2165 4372 2295 4426 pace
2332 4365 2381 4410 et
2427 4355 2712 4410 concordia
2736 4355 3014 4410 servanda.
3049 4356 3119 4412 Ut
3145 4357 3191 4389 ⁸³
3221 4373 3323 4429 pax
3371 4359 3445 4414 sit

1839 4457 1899 4503 et
1926 4448 2215 4504 concordia
2242 4455 2298 4504 et
2321 4449 2652 4502 unanimitas
2679 4463 2800 4502 cum
2852 4447 2998 4502 omni
3052 4449 3252 4519 populo
3299 4450 3444 4506 ebri-

1841 4541 2018 4598 stiano
2045 4542 2188 4596 inter
2214 4541 2519 4612 episcopos,
2571 4541 2814 4605 abhatcs,
2841 4540 3087 4604 comites,
3141 4541 3346 4597 iudices
3387 4551 3445 4598 et

1839 4649 2028 4690 omnes
2052 4634 2253 4704 ubique
2292 4649 2386 4689 seu
2417 4635 2653 4688 maiores
2681 4647 2775 4687 seu
2801 4629 3040 4688 minores
3065 4647 3328 4702 personas
3358 4635 3442 4690 1":
3547 4704 3550 4707 Ι

1839 4725 1968 4795 quia
1991 4725 2126 4780 nihil
2161 4725 2269 4780 Deo
2297 4725 2422 4779 sine
2439 4739 2572 4795 pace
2591 4725 2791 4794 placet,
2827 4739 2928 4780 nec
2970 4737 3170 4779 munus
3221 4735 3446 4782 sanctae

1842 4817 2135 4872 oblationis
2157 4816 2226 4871 ad
2254 4817 2447 4881 altare,
2475 4816 2618 4871 sicut
2648 4815 2702 4869 in
2733 4815 3018 4885 euangelio
3050 4815 3168 4884 ipso
3215 4815 3449 4873 Domino

1844 4908 2210 4979 praecipiente
2234 4908 2484 4980 legimus.
2509 4907 2577 4961 Et
2606 4914 2666 4961 ut
2691 4913 2778 4960 est
2804 4904 2934 4959 illud
2962 4903 3258 4967 secundum
3286 4920 3448 4961 man-

1380 5064 1680 5120 VARIANT
1685 5066 1770 5122 ES
1799 5065 2202 5126 LECTIONES.

283 5203 327 5245 ε.
354 5192 576 5266 concilio
606 5193 660 5247 5.
737 5194 759 5266 ε
793 5207 843 5248 e.
875 5195 1106 5266 concilio
1126 5197 1180 5249 5.
1205 5194 1257 5250 6.
1335 5197 1355 5227 ³
1376 5197 1514 5251 deest
1536 5200 1589 5252 5.
1667 5198 1689 5229 ⁸
1714 5199 2236 5266 cbunuunicaverint
2268 5199 2330 5254 Β.
2408 5200 2429 5231 ⁸
2455 5216 2490 5254 ιι
2520 5199 2842 5254 clericorum
2863 5198 3081 5253 ordines
3115 5201 3170 5254 5.

194 5256 234 5338 in
334 5262 390 5342 μ’
418 5263 813 5342 relinquere;
881 5265 903 5296 ⁸
944 5281 1017 5342 m.
1061 5274 1374 5342 sanctorum
1398 5269 1469 5342 '5._
1529 5268 1550 5298 ’
1574 5268 1640 5342 (ξ.
1670 5270 1852 5342 incipit
1874 5281 1893 5324 ':
1925 5261 2209 5342 Decretum
2239 5279 2340 5335 est,
2380 5279 2458 5325 ut.

3266 5199 3284 5231 ί
3312 5199 3441 5256 item

2559 5270 2600 5301 ³ο
2637 5279 2730 5323 aut
2770 5271 2821 5323 1.
2871 5271 2945 5323 1⁸.
2997 5269 3050 5323 4.
3100 5278 3160 5323 ut
3188 5269 3253 5323 Β.
3299 5281 3356 5325 ct
3383 5282 3444 5328 ut

193 5327 302 5383 siG.
411 5332 476 5404 (?)
709 5336 749 5365 “
772 5335 940 5422 'tlecst.
975 5340 1042 5389 ι’.
1122 5337 1162 5366 ¹²
1191 5337 1321 5420 Item
1363 5339 1415 5392 in
1439 5339 1491 5392 5.
1570 5340 1614 5422 ξς
1649 5327 1971 5422 ga‘ngarensi
1995 5327 2399 5422 4.;constanter.
2473 5339 2520 5422 ς
2545 5340 2648 5422 nisi
2678 5339 2756 5394 (ἶ.-
2827 5341 2868 5371 ¹⁸
2897 5339 3295 5422 aquilio-inque
3323 5327 3438 5422 (suf

195 5404 524 5474 urascriptum)
559 5404 575 5458 i
613 5405 688 5458 1’.
712 5466 729 5486 ,⁸
772 5406 813 5435 ¹⁸
841 5421 890 5460 c.
922 5408 1337 5489 consanguineis
1363 5418 1456 5462 aut
1485 5424 1538 5491 ᾳ..
1565 5404 1678 5491 βτί
1712 5412 1737 5440 ¹¹

195 5466 318 5548 lus}.
390 5473 438 5548 ’_'_
457 5483 764 5548 consecutis
789 5474 855 5548 (2ζ
920 5478 974 5548 ξ²¹
1007 5493 1188 5548 syricu
1212 5479 1284 5530 1·.
1314 5480 1367 5532 Il.
1396 5479 1459 5532 Β.
1485 5481 1737 5534 cuneus.

194 5552 231 5591 τ.
255 5539 330 5595 54.
397 5544 440 5574 ⁸³
458 5547 799 5600 sacerdotum
825 5546 959 5600 5.·4.
989 5539 1302 5603 sacerdoae
1328 5551 1391 5603 Β.
1469 5551 1515 5580 ⁸³
1543 5551 1555 5603 i

1561 5550 1777 5620 gnorari
1810 5552 1858 5606 l.

772 5406 890 5478 "Ac.
922 5408 1337 5478 consanguineis
1363 5418 1456 5462 aut
1485 5424 1538 5478 q.
1565 5409 1629 5464 G.
1654 5406 1675 5410 ⁷
1712 5406 1918 5466 ¹⁷ἀθεεὶ
1952 5413 2002 5465 1.
2032 5413 2104 5465 ι’.
2136 5413 2199 5466 Β.
2231 5412 2285 5466 1ιὶ
2316 5419 2442 5465 Sunt
2473 5412 2526 5465 5.
2607 5411 2649 5441 ¹⁸
2678 5406 3068 5466 necessariensi
3100 5411 3172 5464 l'.
3198 5406 3295 5442 ""
3321 5406 3442 5466 ιίιιιο

1103 5479 1188 5552 ici_i
1212 5479 1284 5530 1·.
1314 5480 1367 5552 II.
1396 5479 1459 5532 Β.
1485 5479 1737 5552 ciricii5.
1766 5550 1773 5552 _
1828 5483 1871 5512 "
1901 5482 1954 5536 in
1977 5485 2168 5539 eodem
2189 5485 2244 5537 5.
2267 5481 2669 5552 εεινιιιηοεθηιὶἰ
2695 5498 2744 5535 c.
2774 5482 2828 5536 2.
2855 5499 2901 5536 υ.
2930 5498 3088 5552 supra
3131 5481 3252 5536 789.
3287 5481 3438 5540 Eccl.

1961 5553 2008 5584 ’⁵
2027 5554 2166 5607 deest
2191 5554 2245 5608 5.
2322 5551 2368 5582 ¹⁶
2389 5552 2528 5605 deest
2558 5553 2618 5605 Β.
2700 5553 2740 5583 ’⁷
2769 5567 2820 5607 c.
2849 5555 2904 5608 h.
2930 5551 3001 5608 (ἶ.
3019 5569 3066 5606 c.
3091 5566 3144 5620 ι).
3168 5551 3355 5606 desunt
3380 5555 3436 5609 5.

195 5606 525 5693 :gmngeuse
546 5613 614 5669 ϐ.
676 5616 735 5693 *τ’
759 5631 924 5685 agens
948 5618 1143 5693 corrigi
1172 5619 1426 5693 noluerit.
1548 5606 1666 5693 ὕαι-
1748 5623 1792 5693 ἕο
1825 5606 2111 5693 correction
2132 5606 2475 5692 praedicetur
2496 5623 2638 5691 quod
2669 5623 2723 5676 h.
2747 5606 2964 5693 p.7p.tl.
2990 5625 3042 5678 (Ι.
3069 5606 3123 5676 (ἶ.
3155 5623 3191 5676 i.
3219 5622 3252 5676 Ι.
3275 5631 3360 5677 cst
3385 5606 3436 5677 1.

198 5675 229 5766 ξ]
248 5675 301 5766 [Ιξ
320 5675 536 5766 θίοκρ..
559 5675 890 5766 ριεξςιὶςβιῖινἱ
915 5691 1040 5766 quia
1073 5675 1174 5766 Ιῖξιρ
1199 5690 1253 5766 5.
1282 5689 1333 5744 6.
1363 5689 1429 5746 6.
1464 5675 1763 5766 (omnique)
1789 5675 1906 5746 Bal.
1940 5675 2051 5746 I156.
2081 5675 2268 5762 'pfinm
2295 5675 2585 5766 iudicetur,
2613 5675 2880 5761 ("inﬁmis
2903 5675 2961 5748 Ii.

3053 5695 3096 5724 ³³
3127 5693 3225 5747 test
3283 5694 3335 5749 in
3380 5696 3436 5750 5.

197 5745 238 5798 li.
263 5749 318 5804 Β.
347 5750 410 5807 G.
437 5745 577 5814 Kal:
629 5757 675 5788 ³³
709 5756 762 5811 et
787 5767 843 5812 ut
872 5745 948 5812 '1'.-
976 5745 1539 5829 Praccipimus,ut‘6.
1617 5745 1668 5793 “'
1711 5745 1759 5816 εί
1791 5745 1908 5817 λίέῂ
1942 5745 2334 5832 γρζίιιῖδιιιιιηῖι.
