3846 6218
401 270 508 325 615

1205 254 1265 308 ιι.
1306 220 1556 308 canon
1592 192 1806 302 mm
1842 242 1994 299 orn.
2034 237 2215 297 rans
2251 240 2292 293 I.
2334 236 2578 294 sccno
2611 233 2846 291 PRIMA.
2883 264 2894 272 μ

3566 228 3682 284 516

349 359 354 363 .
401 379 586 438 dam“!
601 375 658 430 in
673 369 795 443 lege
815 384 832 425 :
851 367 1045 438 Diliges
1063 365 1522 436 proximnmtuum
1542 359 1674 413 sicut
1698 367 1746 410 te
1760 356 1930 443 ipsum
1949 354 1989 403 ι.
2023 356 2068 413 Α
2095 349 2403 443 rationabili
2429 356 2779 443 aetateAsun‘t,
2806 363 2914 405 non
2941 350 3209 443 eugatttur
3237 347 3437 408 iurare.
3469 349 3541 406 Et
3578 349 3687 418 qui

399 465 534 523 Item
555 463 612 520 iu
635 441 954 532 euangelio:
985 445 1136 508 Beati
1179 449 1410 521 paciﬁci,
1455 447 1704 520 quoniam
1751 443 1857 513 [itii
1897 441 1991 497 Dei

401 555 742 612 vocabuntur.
773 545 844 602 Et
884 541 1080 603 iterum
1113 555 1130 596 :
1179 540 1247 596 In
1292 542 1392 594 hoc
1434 544 1744 610 cognoscent
1789 549 1984 596 omnes,

400 645 524 713 quia
552 640 651 694 mei
678 638 699 669 ¹
719 633 964 705 discipuli
982 632 1123 694 estis,
1150 631 1195 686 si
1215 628 1544 683 dilectionem
1565 625 1852 679 habueritis
1875 623 1944 676 ad
1966 622 2009 660 ³ι

662 725 723 781 In
749 725 852 780 hoc
893 722 1040 778 enim
1066 721 1088 752 ⁸
1135 727 1424 790 praecepto
1463 717 1846 773 discernuntur
1889 713 1985 768 lilii

401 799 496 876 Dei
515 828 571 875 et
598 817 694 872 lilii
718 813 935 878 diaboli,
961 812 1085 882 quia
1103 808 1421 864 ﬁliidiabdli
1446 821 1661 876 semper
1686 805 1982 861 dissensio-

399 925 498 968 nes
533 917 592 965 et
630 906 926 964 discordias
980 917 1196 959 movere
1222 909 1495 971 satagunt,
1534 898 1635 954 ﬁlii
1679 906 1860 954 autem
1887 899 1985 954 Dei

372 1021 373 1024 η
399 1013 616 1070 semper
641 998 760 1068 paci
785 1005 841 1064 et
889 979 1170 1050 dilectioni
1198 991 1438 1048 student.

470 1081 566 1145 6οξ
587 1089 665 1144 De
685 1087 964 1142 iudicibus.
1010 1084 1082 1141 Ut
1112 1085 1134 1116 '
1161 1083 1506 1153 quibusdata
1527 1090 1610 1138 est
1632 1090 1875 1154 potestas
1902 1081 1984 1136 iu-

398 1178 635 1245 dicandi,
655 1179 798 1235 iuste
822 1178 846 1208 '
874 1174 1136 1241 iudicent,
1160 1174 1302 1231 sicut
1335 1173 1358 1207 '
1392 1166 1653 1244 scriptum
1683 1181 1767 1229 est
1793 1185 1811 1228 :
1837 1171 1984 1228 Iuste

398 1260 647 1346 iudicate,
674 1269 776 1341 ﬁlii
802 1269 1099 1324 hominum.
1125 1266 1245 1324 Non
1272 1269 1336 1322 in'
1352 1266 1687 1333 muneribus,
1714 1267 1837 1337 quia
1869 1283 1984 1322 mu-

399 1378 532 1420 nera
584 1351 881 1418 excoec/ant
944 1359 1109 1414 corda
1166 1357 1514 1428 prudentium
1566 1365 1624 1446 et
1665 1359 1984 1414 subvertant
2041 1395 2052 1412 .

398 1452 562 1507 verba
585 1450 608 1484 ⁸
644 1451 932 1506 iustorum.
958 1449 1074 1505 Non
1111 1449 1166 1505 in
1208 1449 1514 1506 adolatione
1541 1449 1586 1517 ’,
1624 1466 1725 1507 nec
1753 1451 1810 1506 in
1855 1467 1985 1507 con-

398 1533 727 1616 sideratione
749 1555 1032 1612 personae,
1062 1541 1205 1616 sicut
1246 1540 1301 1597 in
1323 1539 1735 1598 deuteronomio
1777 1541 1982 1599 dictum

393 1622 482 1687 est
508 1646 524 1685 :
549 1629 704 1698 Quod
723 1631 919 1689 iustum
946 1640 1022 1685 est
1051 1615 1322 1699 iudicate;
1368 1632 1474 1686 sive
1499 1633 1624 1687 civis
1649 1634 1716 1688 sit
1745 1633 1851 1699 ille,
1878 1635 1984 1690 sive

397 1723 716 1795 peregrinus,
749 1721 896 1777 nulla
917 1723 986 1776 sit
1012 1722 1266 1777 distantia
1292 1739 1667 1794 personarum;
1716 1725 1843 1795 quia
1889 1725 1986 1779 Dei

399 1811 653 1865 iudicium
683 1820 780 1866 est.
817 1810 1003 1870 Primo
1041 1823 1066 1853 ι
1095 1825 1330 1882 namque
1375 1812 1429 1867 in
1471 1813 1671 1870 iudicio
1707 1815 1994 1886 diligenter

399 1901 746 1956 discernatur
771 1901 854 1957 lex
886 1917 927 1958 a
947 1902 1284 1973 sapientibus
1321 1904 1505 1974 populi
1553 1889 1877 1976 composita,
1926 1921 1994 1961 ne

399 2005 496 2062 per
521 1991 882 2062 ignorantiam
922 1979 1069 2048 avla
1113 1993 1361 2048 veritatis
1391 2002 1558 2049 erret.
1601 1994 1670 2050 Et
1698 1994 1851 2050 dum
1902 1995 1995 2051 ille

405 2081 614 2138 rectum
644 2083 908 2154 intellegit
937 2079 1216 2149 iudicium,
1234 2094 1439 2150 caveat,
1473 2101 1542 2141 ne
1570 2087 1612 2118 ¹⁰
1638 2079 1872 2142 declinet
1903 2097 1996 2145 aut

398 2185 497 2243 per
517 2172 882 2227 adulationem
910 2172 1239 2243 aliquorum,
1263 2183 1361 2229 aut
1389 2171 1486 2246 per
1507 2191 1748 2233 amorem
1773 2179 1996 2233 cuiusli-

401 2265 532 2320 librt
551 2263 736 2330 amici,
763 2269 858 2318 aut
883 2278 979 2334 per
997 2264 1250 2320 timorem
1279 2265 1508 2344 alicuius
1535 2269 1773 2338 potentis
1805 2269 1868 2335 “,
1901 2277 1994 2326 aut

399 2362 622 2426 propter
647 2355 972 2426 praemium,
1011 2369 1043 2411 a
1063 2363 1213 2412 recto
1249 2355 1472 2414 iudicio.
1501 2359 1729 2415 Rectum
1759 2360 1994 2416 b-autcm

399 2456 455 2502 et
477 2449 762 2504 honestum
791 2448 1029 2517 videtur,
1057 2459 1120 2507 ut
1144 2451 1352 2509 iudices
1367 2453 1535 2509 ieiuni
1556 2469 1750 2510 causas
1770 2455 1992 2510 audiant

401 2546 452 2594 et
478 2539 811 2598 discernant.

454 2619 562 2688 ‘GI.
591 2624 665 2688 De
685 2635 952 2705 periuriis.
992 2635 1268 2695 Habemus
1288 2637 1344 2696 in
1363 2637 1501 2710 lege,
1527 2637 1758 2695 Domino
1778 2635 1991 2710 praeci-

401 2725 585 2796 piente
611 2740 626 2778 :
656 2722 782 2779 Non
828 2726 1218 2802 periurabisin
1243 2729 1452 2784 nomine
1487 2745 1631 2794 meo,
1662 2745 1753 2784 nec
1791 2727 1993 2800 pollues
2025 2768 2027 2772 ι

402 2829 592 2904 nomen
622 2812 721 2868 Dei
765 2813 871 2879 tui,
901 2824 951 2870 et
979 2832 1045 2872 ne
1071 2817 1114 2894 ’ξ
1138 2833 1374 2874 assumes
1421 2836 1609 2874 nomen
1651 2817 1852 2873 domini
1895 2817 1994 2872 Dei

402 2905 482 2960 tui
505 2905 564 2959 in
580 2920 771 2958 unum
797 2904 862 2958 ι’.
888 2904 1013 2963 Ideo
1035 2909 1260 2968 omnino
1280 2910 1624 2994 ammonendi
1653 2919 1780 2966 sunt
1802 2925 1993 2966 omnes

402 2994 712 3068 diligenter,
740 3003 802 3051 ut
826 3006 1054 3053 caveant
1087 2999 1404 3068 periurium,
1453 3017 1562 3058 non
1588 3003 1760 3058 solum
1785 3003 1840 3058 in
1865 3019 1993 3058 san—
2024 3035 2071 3102 ο

2093 442 2259 498 semel
2279 443 2590 512 periuratus
2605 437 2787 502 fuerit.
2813 453 2917 496 nec
2943 439 3100 496 testis
3121 440 3192 494 sit
3234 451 3357 510 post
3393 442 3553 505 haec,
3577 453 3690 494 nec

2088 532 2157 587 ad
2178 539 2575 588 sacramentum
2601 529 2842 597 accedat,
2862 527 2964 585 bec
2989 529 3044 586 in
3071 544 3166 585 sua
3183 544 3345 585 causa
3370 527 3418 561 “
3439 528 3526 584 vel
3547 528 3690 583 alte-

2087 620 2203 676 rius
2229 617 2437 676 Iurator
2461 619 2681 676 existat.

2157 711 2246 766 62.
2281 711 2355 766 De
2376 713 2616 782 auguriis
2637 710 2712 767 vel
2732 710 2854 766 aliis
2874 709 3170 780 maleﬁciis.
3189 709 3464 766 Habemus
3487 710 3544 764 in
3566 708 3694 781 lege

2085 803 2297 858 Domini
2324 803 2638 857 mandatum
2665 820 2680 856 :
2711 801 2836 856 Non
2856 801 3211 872 auguriamint'
3235 802 3312 868 ⁸⁵;
3337 810 3392 857 et
3412 801 3471 856 in
3498 800 3691 856 deute-

2085 881 2333 951 ronomio
2379 912 2392 949 :
2424 893 2595 949 Nemo
2618 896 2687 974 sit
2729 895 2793 958 “,
2826 896 2915 972 qui
2948 894 3144 950 ariolos
3179 895 3480 949 sciscitetur
3501 895 3565 958 ",
3600 892 3690 948 vel

2083 985 2287 1038 somnia
2317 984 2566 1050 obseniet,
2591 983 2666 1041 vel
2695 985 2922 1056 auguria
2944 984 2991 1017 "'
3012 984 3269 1039 intendat.
3302 983 3437 1040 Item
3464 1002 3478 1038 :
3512 983 3689 1040 Nemo

2083 1075 2149 1129 sit
2195 1073 2484 1144 maleﬁcus,
2533 1092 2626 1130 nec
2649 1077 2962 1140 incantator,
3013 1092 3105 1129 nec
3147 1075 3377 1146 pltitbnis
3401 1075 3449 1106 ”
3473 1074 3692 1129 consul-

2083 1175 2168 1219 tor
2187 1165 2254 1218 ⁸⁸.
2269 1165 2392 1221 Ideo
2405 1166 2785 1238 praecipimus,
2805 1171 2867 1219 ut
2888 1179 2987 1221 nec
3007 1164 3380 1222 cauculatores
3394 1165 3442 1198 “
3459 1174 3518 1222 et
3531 1165 3574 1197 ³⁸
3597 1167 3692 1221 in-

2084 1244 2413 1320 cantatores,
2449 1270 2552 1312 nec
2589 1254 2925 1325 tempestarii
2948 1254 2995 1286 ³³
3037 1255 3124 1312 vel
3152 1255 3484 1326 obligatones
3509 1255 3690 1323 ﬁant;

2085 1351 2140 1398 et
2183 1344 2510 1414 ubicumque
2560 1353 2688 1400 sunt
2717 1345 2782 1409 ",
2816 1345 3172 1401 emendentur
3215 1346 3300 1402 vel
3333 1347 3687 1413 damnentur.

2083 1433 2218 1490 Item
2259 1435 2326 1490 de
2351 1435 2638 1492 arboribus
2660 1434 2742 1492 vel
2785 1437 2957 1507 petris
2980 1434 3067 1492 vel
3090 1436 3138 1468 "
3157 1435 3417 1503 fontibus,
3447 1438 3542 1494 ubi
3584 1438 3692 1492 ali-

2083 1526 2179 1597 qui
2217 1527 2370 1583 stulti
2392 1527 2680 1583 luminaria
2707 1527 2794 1583 vel
2819 1527 2955 1584 alias
2984 1527 3394 1584 observationes
3433 1528 3646 1585 faciunt
3667 1570 3688 1596 .

2086 1619 2308 1676 omnino
2346 1619 2683 1684 mandamus,
2731 1627 2793 1674 ut
2827 1618 2930 1674 iste
2966 1618 3242 1690 pessimus
3294 1635 3428 1675 usus
3470 1626 3526 1675 et
3570 1619 3692 1674 Deo

2021 1690 2065 1752 Β
2096 1710 2418 1781 execrabilis
2461 1710 2787 1780 ubicumque
2831 1711 3122 1776 invenitur,
3159 1710 3381 1768 tollatur
3402 1711 3449 1743 ³⁸
3491 1721 3547 1769 et
3587 1711 3694 1769 tle-

2098 1808 2342 1856 struatur

2169 1893 2257 1949 65.
2285 1892 2362 1947 De
2385 1893 2506 1948 odio
2550 1892 2626 1948 re!
2645 1893 2873 1959 inuidia.
2903 1893 3212 1952 Praedicarl
3233 1895 3277 1929 "’
3305 1911 3527 1954 necesse
3560 1906 3651 1954 est
3670 1939 3688 1961 ,

2099 1993 2358 2054 quantum
2387 1985 2588 2039 malum
2621 1985 2695 2041 sit
2719 1987 2903 2043 odium
2918 1987 3002 2042 vel
3028 1987 3249 2044 invidia.
3297 1988 3355 2044 In
3381 1987 3498 2060 lege
3536 1989 3688 2045 enim

2099 2076 2356 2145 scriptum
2373 2085 2487 2132 est:
2511 2075 2635 2132 Non
2657 2077 2703 2110 ⁸⁸
2723 2078 2893 2134 oderis
2911 2079 3128 2150 [mtrem
3150 2086 3298 2134 tuum
3318 2080 3374 2134 in
3395 2080 3551 2134 corde
3569 2090 3689 2144 tuo,

2096 2167 2189 2222 sed
2199 2167 2403 2238 publice
2423 2165 2586 2238 argue
2606 2185 2744 2223 eum.
2758 2169 2890 2224 Item
2911 2170 3175 2226 Iohannes
3197 2169 3560 2242 euangelista:
3577 2170 3689 2236 Qui

2098 2257 2208 2312 odit
2239 2244 2458 2328 fratrem
2499 2275 2675 2324 suum,
2697 2259 2961 2315 homicida
2981 2269 3078 2316 est.
3105 2261 3238 2316 Item
3275 2262 3330 2317 in
3354 2261 3641 2333 euangelio
3670 2279 3685 2314 :

2100 2350 2162 2404 Si
2183 2351 2465 2420 peccauerit
2487 2349 2542 2404 in
2571 2360 2621 2404 te
2641 2349 2808 2421 frater
2825 2360 2968 2416 tuus,
3001 2352 3129 2408 vade
3149 2362 3197 2407 et
3219 2353 3422 2423 corripe
3463 2369 3578 2407 eum
3600 2353 3688 2408 in-

2097 2451 2178 2498 ter
2196 2453 2246 2498 te
2265 2452 2315 2498 et
2336 2444 2506 2515 ipsum
2526 2444 2730 2510 solum;
2752 2453 2807 2499 et
2833 2445 3038 2515 reliqua
3077 2445 3122 2477 ⁸⁸
3224 2453 3228 2455 ’
3548 2455 3550 2457 >

2169 2531 2258 2588 64.
2284 2525 2419 2588 Hem
2456 2534 2522 2589 de
2550 2536 2774 2590 avaritia
2810 2545 2860 2591 et
2880 2538 3319 2608 concupiscentia.
3366 2538 3443 2595 De
3473 2540 3520 2573 “
3556 2555 3688 2596 ava-

2099 2627 2227 2684 ritia
2250 2637 2431 2683 autem
2457 2629 2760 2700 apostolum
2786 2629 3014 2700 legimus
3055 2630 3322 2689 dicentem
3367 2648 3384 2690 :
3427 2633 3684 2699 Avaritia,

2097 2735 2232 2791 quae
2288 2729 2364 2775 est
2400 2718 2664 2774 idolorum
2710 2721 2930 2776 servitus
2967 2721 3035 2788 “,
3077 2723 3329 2778 carenda.
3375 2724 3453 2781 De
3489 2720 3689 2780 concu-

2097 2809 2362 2879 piscentia
2382 2824 2514 2866 vero
2539 2808 2754 2880 legitur,
2796 2811 2942 2880 quod
2983 2811 3136 2867 radix
3175 2812 3252 2866 sit
3283 2814 3530 2870 omnium
3570 2830 3690 2869 ma-

2099 2892 2313 2967 lorum;
2339 2908 2394 2957 et
2420 2901 2475 2956 in
2502 2899 2618 2971 lege
2647 2919 2660 2956 :
2694 2899 2820 2956 Non
2838 2902 3169 2974 concupisces
3202 2919 3308 2958 rein
3326 2905 3554 2975 proximi
3583 2905 3708 2959 tui.

2170 2990 2260 3047 65.
2283 2991 2362 3047 De
2387 2992 2583 3047 honore
2602 3001 2898 3063 parentum.
2925 2979 3039 3049 Hoc
3060 2995 3106 3024 "
3129 3009 3476 3067 cummagna
3506 2997 3689 3054 studio

405 3094 494 3142 cto
513 3087 794 3158 euangelio
816 3087 902 3144 vel
940 3090 996 3143 in
1019 3089 1198 3153 altari,
1237 3105 1333 3148 seu
1359 3091 1403 3124 “
1441 3092 1496 3149 in
1518 3101 1830 3150 sanctorum
1873 3094 1996 3148 reli-
2024 3071 2071 3115 ι’
2101 3083 2523 3150 ammonendt'tm
2552 3092 2658 3150 est.
2697 3093 2758 3140 ut
2794 3083 2892 3142 lilii
2915 3071 3184 3142 honorent
3227 3095 3481 3157 parentes
3529 3103 3686 3152 suos;

405 3176 568 3247 quiis,
593 3177 767 3234 sedet
803 3178 850 3210 "
888 3176 946 3234 in
991 3180 1265 3236 communi
1293 3181 1698 3253 loquela.Quia
1720 3193 1849 3240 sunt
1889 3184 1994 3240 ali-

407 3267 500 3337 qui
537 3267 631 3338 qui
668 3282 769 3338 per
809 3268 1095 3326 caritatem
1151 3279 1208 3327 et
1242 3273 1526 3328 veritatem
1575 3273 1772 3338 iurant,
1801 3284 1859 3330 et
1900 3290 1993 3330 ca-

409 3365 536 3411 vent
559 3356 603 3388 “
626 3369 685 3412 se
703 3357 744 3390 "
764 3372 797 3412 a
818 3357 1126 3416 iuramento
1145 3361 1382 3416 nominis
1398 3362 1440 3393 “'
1458 3362 1574 3428 Dei,
1589 3373 1644 3418 et
1659 3356 1915 3421 nesciunt
1930 3364 1996 3430 ",

404 3445 552 3520 quod
579 3447 722 3502 idem
764 3458 849 3504 est
889 3449 1202 3523 Deusquod
1237 3459 1322 3507 est
1348 3454 1552 3510 caritas
1575 3456 1870 3521 etveritas,
1915 3456 2000 3511 di-

411 3545 568 3592 cente
589 3535 635 3568 ”
657 3536 892 3593 Iohanne
911 3540 1176 3612 apostolo,
1201 3542 1330 3614 quia
1351 3543 1496 3601 Dens
1517 3546 1714 3600 caritas
1739 3555 1836 3624 est.
1862 3547 1999 3603 Item

413 3625 529 3694 ipse
551 3625 810 3683 Dominus
833 3627 908 3684 In
936 3631 1220 3704 euangelio
1241 3647 1260 3688 :
1284 3632 1399 3706 Ego
1433 3651 1552 3691 sum
1574 3637 1657 3691 uia
1686 3645 1737 3691 et
1784 3630 1994 3694 oeritas'.

415 3717 537 3773 Ideo
560 3719 652 3787 qui
679 3720 732 3773 in
764 3721 994 3779 veritate
1019 3731 1076 3779 et
1117 3725 1344 3781 caritate
1385 3726 1550 3794 iurat,
1589 3727 1647 3782 in
1685 3729 1795 3783 Deo
1835 3715 1998 3783 iurat:

416 3810 545 3865 item
568 3812 866 3899 cavendum
891 3822 995 3880 est,
1039 3831 1109 3870 ne
1147 3817 1453 3888 phansaica
1483 3801 1868 3899 superstitione
1901 3821 1999 3876 ali-

419 3900 541 3968 quis
579 3898 702 3969 plus
735 3917 928 3956 aurum
959 3903 1208 3974 honoret,
1251 3921 1416 3976 quam
1455 3898 1645 3974 altare,
1668 3924 1738 3966 ne
1779 3909 1925 3965 dicat
1951 3909 2001 3965 ei

420 3991 678 4047 Dominus
710 4007 723 4044 :
752 3990 926 4046 Stulte
959 4002 1009 4047 et
1037 4009 1205 4060 coece,
1231 3996 1360 4066 quid
1394 4007 1470 4052 est
1496 3999 1540 4030 “
1585 4000 1776 4065 maius,
1809 4014 2000 4053 aurum

421 4100 487 4136 sn
519 4082 708 4149 altare,
725 4084 865 4154 quod
889 4084 1186 4154 sanctiﬁcat
1215 4089 1445 4143 aurum?
1483 4089 1595 4146 Sed
1630 4098 1687 4145 et
1728 4091 1885 4147 nobis
1908 4091 2007 4146 bo-

399 4182 636 4240 ,nestum
676 4175 908 4248 videtur,
957 4183 1018 4231 ut
1059 4177 1152 4246 qui
1184 4177 1240 4231 in
1287 4181 1490 4235 sanctis
1534 4180 1698 4236 habet
1723 4181 1770 4212 “
1801 4181 2002 4247 iurare,

423 4267 524 4320 hoc
571 4265 786 4322 ieiunus
829 4265 994 4322 Ibciat
1035 4281 1160 4322 cum
1196 4269 1345 4326 omni
1388 4270 1672 4327 honestate
1711 4280 1769 4327 et
1813 4265 2007 4329 timore

424 4356 538 4410 Dei.
569 4355 636 4412 Et
664 4356 709 4387 "
734 4357 872 4424 sciat
899 4345 976 4412 se
1019 4359 1286 4414 rationem
1317 4347 1652 4416 redditurum
1683 4361 1794 4417 Deo
1841 4378 2008 4418 unus-

423 4448 652 4515 quisque
690 4456 950 4513 vestrum,
975 4450 1301 4521 ubicumque
1351 4451 1442 4518 sit,
1483 4452 1598 4508 sive
1637 4453 1782 4508 intra
1831 4453 2006 4509 eccle»

424 4538 582 4603 siam,
611 4539 726 4593 sive
750 4546 904 4593 extra
925 4539 1232 4595 ecclesiam.
1263 4541 1332 4596 Et
1371 4552 1432 4597 ιιι
1471 4544 1701 4614 parvuli,
1751 4545 1844 4614 qui
1891 4544 2008 4601 sine

2099 3177 2227 3248 quia
2259 3178 2376 3250 ipse
2423 3177 2686 3233 Dominus
2722 3177 2854 3235 dicit
2886 3193 2902 3233 :
2933 3175 3153 3234 Honora
3194 3188 3396 3251 patrem
3451 3188 3598 3234 tuum
3640 3188 3690 3233 et

2097 3277 2319 3324 matrem
2340 3277 2508 3334 tuam,
2533 3278 2589 3323 ut
2610 3268 2684 3323 sis
2705 3266 2984 3340 longaevus
3005 3286 3163 3342 super
3181 3277 3398 3328 terram.
3416 3283 3576 3344 quam
3592 3269 3689 3325 do-

2097 3359 2272 3414 minus
2295 3358 2435 3414 Deus
2464 3367 2588 3414 tuus
2609 3359 2753 3414 dabit
2774 3359 2900 3415 tibi.

2173 3445 2262 3501 66.
2299 3445 2379 3502 De
2403 3446 2512 3516 ﬁde
2550 3447 2969 3519 presbyterorum
2994 3447 3060 3503 ab
3108 3449 3362 3520 episcopis
3408 3448 3692 3504 discutien-

2100 3535 2193 3590 da.
2219 3533 2291 3591 Ut
2315 3535 2554 3607 episcopi
2581 3537 2868 3608 diligenter
2892 3538 3184 3594 discutiant
3204 3553 3303 3608 per
3331 3554 3460 3594 suas
3502 3554 3690 3610 parro-

2102 3624 2258 3680 chias
2285 3626 2725 3696 presbyterorum
2766 3626 2943 3692 ﬁdem,
2967 3627 3232 3697 baptisma
3266 3629 3612 3694 catholicum,
3637 3637 3693 3683 et

2103 3715 2394 3770 missarum
2417 3715 2806 3772 celebrationes
2827 3717 2896 3782 ⁸³,
2932 3725 2991 3772 ιιι
3025 3698 3425 3774 ﬁdetnrectam
3453 3727 3688 3783 teneant,

2107 3809 2169 3866 et“
2183 3811 2450 3879 baptisma
2472 3801 2796 3866 catholicum
2821 3812 3128 3877 observent,
3157 3819 3212 3865 et
3252 3811 3540 3866 missarum
3567 3825 3693 3881 pre-

2107 3917 2198 3957 ces
2225 3901 2364 3956 bene
2390 3902 2727 3972 intellegant,
2767 3909 2821 3956 et
2845 3902 2890 3933 “
2912 3911 2972 3956 ιιι
2996 3901 3187 3973 psalmi
3209 3902 3369 3973 digne
3399 3903 3689 3958 secundum

2106 3991 2400 4047 divisiones
2450 4007 2704 4048 versuum
2757 3992 3119 4058 modulentur,
3165 4000 3221 4048 et
3270 3991 3319 4023 "
3369 3993 3692 4047 dominicam

2106 4086 2408 4140 orationem
2429 4086 2532 4156 ipsi
2555 4085 2867 4154 intellegant
2895 4095 2949 4140 et
2967 4086 3220 4141 omnibus
3259 4084 3572 4156 praedicent
3616 4085 3693 4139 in-

2109 4175 2482 4246 tellegendum,
2533 4183 2593 4228 ut
2637 4177 2865 4245 quisque
2890 4175 3027 4232 sciat
3056 4177 3202 4246 quid
3227 4183 3380 4248 petat
3404 4191 3436 4231 a
3463 4177 3596 4232 Deo.
3630 4176 3693 4229 Et

2109 4277 2171 4323 ut
2217 4266 2402 4322 Gloria
2444 4267 2600 4322 Patri
2625 4284 2749 4324 cum
2800 4268 2948 4326 omni
2979 4267 3024 4300 “
3063 4267 3270 4324 honore
3318 4269 3460 4338 apud
3505 4283 3692 4324 omnes

2111 4367 2390 4425 cantetur;
2419 4369 2474 4414 et
2499 4360 2615 4430 ipse
2641 4361 2892 4416 sacerdos
2913 4377 3035 4416 cum
3067 4362 3270 4418 sanctis
3306 4361 3509 4433 angelis
3526 4371 3584 4414 et
3603 4376 3694 4430 po-

2111 4452 2238 4522 pulo
2269 4451 2363 4507 Dei
2381 4451 2652 4506 communi
2677 4451 2720 4483 ⁸⁷
2760 4467 2892 4507 voce
2919 4449 3168 4518 Sanctus,
3197 4452 3444 4517 Sanctus,
3473 4451 3692 4508 Sanctus

2114 4541 2382 4596 decantet.
2409 4540 2478 4594 Et
2497 4541 2824 4597 omnimodis
2849 4541 3134 4599 dicendum
3159 4551 3242 4597 est
3287 4543 3617 4614 presbyteris
3641 4547 3691 4594 et

1657 4653 2038 4711 VARIANTES
2075 4652 2478 4710 LECTIONES.

505 4761 890 4836 ftemetipsum
947 4760 1172 4836 (adiecto
1219 4763 1353 4836 met)
1405 4765 1482 4821 ι·.

1554 4769 1577 4799 ³
1613 4767 1749 4825 meis
1785 4771 1916 4824 estis
1955 4769 2010 4824 ιι.
2053 4771 2106 4825 5.
2199 4766 2222 4799 ³
2261 4766 2316 4822 in
2355 4767 2409 4821 5.

2510 4768 2533 4798 ⁸
2557 4767 2700 4823 deest
2725 4767 2780 4822 4.
2857 4769 2880 4802 ⁸
2921 4770 3172 4826 Iubemus
3205 4781 3264 4826 ut
3289 4771 3356 4826 (ἶ.
3434 4773 3456 4805 ⁸
3481 4773 3617 4827 deest
3642 4769 3690 4824 4.

429 4834 450 4864 '
478 4829 751 4908 (ιδεμ-ιζ
779 4831 838 4908 μ’
867 4829 1028 4886 corda
1153 4849 1204 4908 χ.
1237 4829 1517 4908 vel'wrda
1552 4837 1590 4908 ἰ.
1627 4839 1680 4893 5.
1757 4839 1779 4870 ⁸
1805 4841 1885 4894 ita
1908 4840 1958 4894 l.
1988 4841 2045 4894 in
2079 4837 2671 4908 matgquulationem
2696 4839 2792 4905 B.;
2823 4841 3095 4897 oblatione
3126 4845 3174 4896 l.
3205 4844 3258 4897 5.
3284 4843 3338 4896 4.
3367 4842 3420 4897 6.
3450 4842 3515 4900 G.
3593 4843 3631 4874 ¹⁹
3657 4841 3688 4894 i.

434 4917 533 4957 nec
555 4901 607 4956 d.
643 4902 697 4954 5.
777 4903 816 4933 ¹¹
842 4903 1129 4971 potestatis
1151 4904 1204 4959 5.

1285 4906 1325 4936 η
1353 4921 1455 4962 nec
1479 4907 1532 4961 5.
1557 4907 1612 4961 4.
1636 4908 1885 4964 abrasit":
1909 4919 1982 4964 est
2003 4924 2054 4964 c.
2085 4910 2142 4963 in
2165 4906 2216 4960 ll
2297 4907 2340 4938 ⁸³
2366 4922 2595 4962 vacuum
2625 4908 2690 4963 G.
2773 4911 2814 4941 “
2835 4912 2919 4964 vel
2942 4911 2996 4964 5.

3077 4913 3271 4967 "deest
3299 4915 3346 4966 I.
3376 4913 3431 4966 4.
3454 4911 3520 4968 G.
3592 4912 3634 4944 ¹⁶
3660 4912 3691 4964 i.

437 4982 496 5026 ut
521 4980 745 5025 caveant
761 4988 791 5026 a
809 4972 880 5025 I‘.
905 4988 1012 5027 non
1038 4982 1268 5029 caveant
1291 4973 1360 5030 ϐ.
1437 4977 1477 5008 ¹⁷
1505 4977 1647 5032 deest
1671 4976 1726 5033 5.
1804 4979 1846 5010 “
1885 4980 2025 5033 deest
2047 4979 2114 5033 Β.
2192 4975 2234 5008 "
2261 4977 2345 5031 dei
2367 4978 2667 5033 nescientes
2691 4979 2744 5033 5.
2819 4981 2865 5012 ³⁸
2893 4980 3200 5036 dicente...
3223 4985 3423 5039 veritas
3445 4985 3622 5038 desunt
3642 4982 3690 5034 5.

436 5044 476 5072 ⁸³
506 5039 645 5094 deest
675 5042 744 5094 l'.
782 5042 927 5096 enim
953 5043 1007 5097 ι.
1057 5051 1128 5097 st.
1163 5057 1292 5100 ecce

1331 5045 1546 5114 quidem
1573 5064 1647 5102 m.
1685 5046 1752 5102 G.

437 5110 591 5164 rietis
617 5111 670 5164 5.
744 5113 790 5142 "
815 5129 861 5167 s.
893 5113 1055 5168 homo

1829 5049 1874 5080 "
1900 5050 2061 5102 audet
2101 5045 2216 5100 Vat.
2262 5047 2314 5100 I.
2359 5047 2484 5102 Met.
2515 5048 2698 5102 Camb.
2775 5051 2821 5081 ³³
2858 5058 2916 5104 ιιι
2961 5053 3014 5106 5.

1079 5129 1134 5183 q.
1157 5114 1212 5168 5.
1288 5116 1331 5146 ⁸⁷
1355 5116 1596 5171 sisitetur
1622 5118 1685 5170 Β.
1709 5120 1935 5172 suscitet
1955 5118 2021 5173 ϐ.
2045 5117 2284 5173 sciscitet
2309 5117 2381 5170 I‘.

3092 5053 3136 5084 “
3178 5054 3293 5123 lege
3330 5055 3384 5110 5.
3465 5054 3511 5086 "
3537 5068 3693 5121 angu-

2458 5119 2504 5192 _"
2533 5119 2602 5172 ad
2638 5135 2688 5192 a.
2724 5120 2775 5174 1.
2801 5120 2866 5174 Β.
2915 5119 3308 5192 A"inphitonis
3336 5126 3423 5192 Γ.
3445 5119 3690 5179 ῆιοιιὶέό.

440 5181 504 5234 Β.
533 5179 600 5233 G.
659 5181 902 5236 liitonum
927 5183 981 5235 4.
1059 5179 1112 5215 "
1129 5185 1440 5240 consulator
1463 5186 1518 5240 4.
1550 5186 1677 5257 Reg.
1707 5188 1855 5243 ’I'rec.
1888 5187 1988 5241 Til.
2019 5189 2152 5242 Thu.
2179 5185 2344 5256 Sang.
2421 5182 2465 5218 ³¹
2496 5204 2564 5242 au
2641 5191 2870 5245 riatores
2895 5189 2964 5247 ϐ.
2995 5179 3084 5246 Βέ
3108 5233 3121 5247 .
3149 5194 3294 5248 Trec.
3322 5187 3444 5250 Bal.
3515 5195 3556 5225 ”
3579 5207 3688 5246 nec.

440 5251 492 5294 ϐ-
522 5249 580 5294 ιι-
709 5249 822 5294 Ral-
899 5251 1356 5294 υ-ἰιιιρπιηραιςινίί
1393 5255 1435 5294 l2
1536 5258 1581 5288 ﬂ
1608 5262 1712 5294 cini
1766 5259 1786 5294 ι
1893 5258 1993 5294 η..
2043 5274 2076 5294 ι.
2127 5257 2312 5294 Anum
2351 5257 2445 5294 nn!
2540 5205 2899 5294 ιὲῗνιηιιαι...
2926 5261 2965 5294 n
3061 5210 3103 5294 ag
3141 5265 3421 5294 ..κα-ιιηη...
3461 5267 3490 5294 2
3521 5286 3523 5288 .
3560 5263 3580 5294 ι
3613 5259 3669 5294 .l:

438 5251 492 5304 6.
518 5249 582 5304 Β.
604 5249 669 5305 ε.
705 5249 823 5304 Bal.
899 5251 943 5283 ⁸³
966 5253 1132 5307 intem

1137 5256 1356 5323 pestarii
1536 5258 1581 5288 ”
1608 5255 1737 5311 sint.
1766 5259 1817 5312 I.
1893 5258 1940 5289 ³⁸
1959 5274 2013 5327 p,
2043 5274 2095 5309 v.
2127 5255 2312 5312 desunt
2346 5257 2464 5312 Bal.
2540 5255 2594 5321 ⁸(
2609 5261 2899 5314 extollatur
2921 5261 2983 5316 Β.

3084 5259 3102 5294 ⁷
3141 5265 3421 5332 predicare
3461 5267 3523 5319 5.
3553 5259 3688 5322 4.20-

441 5321 488 5400 ξξ
517 5335 583 5400 ne
714 5319 776 5400 5._
843 5321 888 5352 ³⁸
923 5335 972 5400 e.
1003 5341 1050 5378 r.
1075 5319 1261 5400 desunt
1289 5327 1342 5379 5.
1376 5325 1504 5380 Met.
1580 5328 1625 5400 ξ’
1653 5330 1783 5382 Item
1821 5329 1886 5382 de
1910 5319 1978 5400 ιζ
2039 5328 2081 5360 ⁸⁸
2103 5343 2148 5382 s.
2178 5333 2262 5400 est
2293 5328 2445 5400 valde
2474 5343 2524 5383 c.
2556 5319 2621 5383 ϐ.
2700 5331 2744 5400 'f'
2773 5332 2904 5386 haec
2929 5333 2994 5386 Β.
3069 5333 3115 5365 ⁸³
3133 5319 3432 5400 sollemnia,
3471 5336 3524 5390 si
3561 5333 3598 5387 ἴ.
3630 5320 3688 5400 5.

445 5391 552 5488 :‘ni.
578 5391 634 5475 si
664 5392 899 5488 psalmos
941 5394 994 5448 d.
1040 5402 1095 5448 et
1137 5410 1184 5449 s.
1227 5396 1280 5450 5.
1322 5403 1375 5450 ct
1421 5406 1549 5488 ut...
1588 5398 1908 5469 intellegant
1947 5399 2130 5453 desunt
2178 5394 2244 5450 (ἓ.
2321 5397 2368 5430 ⁸⁸
2394 5398 2439 5452 si
2475 5400 2530 5453 5.
2606 5401 2654 5431 ⁸⁸
2677 5399 2816 5455 deest
2850 5401 2896 5456 I.
2926 5401 2991 5458 G.
3069 5403 3112 5436 ⁸⁷
3140 5421 3263 5459 cum
3294 5391 3496 5460 una'l.
3550 5397 3673 5456 l'.4

444 5477 550 5514 una
577 5463 629 5513 5.
662 5462 724 5513 Β.

1968 5536 2198 5616 sum.

519 5636 542 5662 ει
572 5623 693 5678 11.εο
720 5625 967 5704 diﬂ'erunt
989 5642 1018 5681 a
1053 5643 1174 5701 cap.
1208 5628 1328 5693 789,
1359 5629 1516 5692 ραι,
1543 5647 1591 5685 c.
1622 5629 1711 5684 62.

2216 5635 2242 5674 b
2272 5628 2486 5697 Diversa
2514 5645 2545 5684 ιι
2571 5645 2690 5700 cap.
2721 5631 2842 5696 789,
2875 5631 2962 5685 62.
