3874 6212
218 263 330 319 Si?

805 253 1032 313 CODEX
1067 249 1668 310 υιΡιοιιΑτιουδ.-
1704 246 1806 305 CA1

1927 245 2023 302 UL.
2059 247 2150 302 AB
2183 242 2525 303 ANSEGISO
2559 242 2944 337 οοιιεεξῐιι.

202 374 564 438 diaconibus,
596 378 658 426 ut
693 383 844 425 arma
894 382 1004 423 non
1060 372 1298 437 portent,
1339 362 1435 419 sed
1473 362 1645 433 magis
1691 375 1817 417 con-
1847 359 1895 416 Α
1921 367 1982 412 ιιι
2004 358 2073 414 ad
2106 354 2436 413 monasteria
2462 357 2762 423 venientes,
2785 355 3084 412 secundum
3110 354 3418 427 regularem
3437 374 3521 415 or-

210 469 394 524 tidant
418 466 477 522 in
503 463 817 520 defensione
837 463 853 493 ⁸
881 459 975 533 Dei
1002 474 1165 529 quam
1199 457 1255 514 in
1281 456 1450 512 armis
1472 457 1514 509 ¹.

289 555 385 610 67.
415 554 493 609 De
517 555 715 608 honore
735 549 1002 606 ecclesiae.
1027 549 1237 604 Placuit
1282 548 1440 604 nobis
1484 558 1814 610 ammonere,

205 657 275 701 nt
300 646 678 716 unusquisque
697 643 983 714 episcopus
1031 624 1257 696 videat'
1291 653 1390 709 per
1433 651 1588 693 suam
1629 650 1820 708 parro-

207 739 423 802 chiam,
448 745 508 792 ut
529 735 760 793 ecclesia
787 733 883 789 Dei
910 748 1069 788 suum
1108 731 1304 787 habeat
1342 729 1622 792 honorem,
1649 726 1816 782 simul

205 838 266 883 ct
287 827 490 883 altaria
524 827 546 858 ⁸
571 825 867 880 secundum
919 836 1074 878 suam
1116 821 1433 891 dignitatem
1462 826 1813 882 venerentur,

206 928 267 974 et
290 935 405 973 non
435 919 458 950 '
481 917 554 975 sit
593 916 786 972 domus
809 913 906 970 Dei
944 924 1001 969 et
1042 895 1235 968 altaria
1260 920 1472 968 sacrata
1514 911 1702 982 pervia
1731 925 1817 965 ca-

208 1007 402 1066 nibus.
435 1005 504 1062 Et
550 1013 610 1060 ut
649 1019 779 1059 vasa
817 1010 1030 1058 sacrata
1067 1001 1179 1058 Deo
1224 1015 1420 1071 magna
1461 1000 1816 1057 veneratione

207 1097 546 1153 habeantur.
571 1093 639 1150 Et
686 1101 747 1150 ιιι
797 1091 1062 1150 sacriﬁcia
1099 1091 1436 1149 sanctiﬁcata
1481 1091 1504 1123 ⁶
1532 1107 1656 1147 cum
1696 1106 1814 1146 ma-

206 1183 628 1260 gna‘diligentia
657 1185 728 1241 ab
752 1185 834 1241 eis
866 1182 1194 1254 colligantur
1228 1183 1321 1254 qui
1360 1183 1508 1255 digni
1545 1192 1674 1240 sunt
1695 1224 1712 1251 ,
1757 1190 1815 1240 et

204 1295 340 1334 cum
379 1281 400 1312 '
446 1279 652 1335 honore
692 1275 932 1332 serviant
983 1275 1028 1328 ⁸.
1069 1273 1138 1329 Et
1179 1283 1239 1330 ut
1280 1273 1547 1331 secularia
1595 1275 1815 1346 negotia

207 1369 297 1424 vel
326 1367 636 1439 vaniloquia
663 1367 720 1422 in
755 1365 1003 1436 ecclesiis
1027 1381 1136 1421 non
1161 1373 1427 1437 agantur:
1455 1365 1581 1436 quia
1618 1365 1815 1439 domus
1845 1389 1856 1409 ρ

207 1460 310 1515 Dei
357 1438 554 1516 domus
591 1457 855 1515 orationis
892 1457 1054 1514 debet
1098 1471 1240 1522 esse,
1282 1472 1391 1513 non
1427 1438 1815 1538 speluncarlii-

205 1558 456 1606 tronum.
507 1549 578 1605 Et
615 1543 858 1604 intentos
898 1547 1136 1604 habeant
1178 1547 1390 1604 animos
1437 1547 1460 1579 '
1501 1547 1570 1603 ad
1613 1549 1808 1624 Deum,

1920 449 2103 506 dinem
2124 449 2304 520 primo
2324 450 2380 504 in
2404 449 2704 520 pulsatorio
2720 449 3043 519 probentur,
3070 455 3130 504 et
3153 447 3235 504 sic
3255 450 3526 522 accipian-

1921 550 2031 598 tur.
2057 542 2125 598 Et
2143 542 2236 612 qui
2258 557 2325 598 ex
2355 541 2587 598 seculari
2613 540 2803 617 habitu
2823 540 2881 595 in
2922 539 3254 601 monasteria
3279 543 3525 626 veniunt,

1920 649 2029 690 non
2053 635 2237 689 statim
2267 634 2414 690 foras
2434 636 2502 690 ad
2533 632 2837 689 ministeria
2863 631 3184 688 monasterii
3211 634 3521 700 mittantur,

1919 733 2210 794 antequam
2234 736 2380 780 intus
2411 725 2549 780 bene
2568 723 2892 780 erudiantur
2913 721 2980 775 ".
3011 723 3079 778 Et
3102 730 3163 778 nt
3184 726 3436 782 monachi
3459 727 3528 783 ad

1917 815 2180 870 secularia
2203 816 2398 884 placita
2425 830 2535 871 non
2557 816 2760 870 vadant
2781 815 2850 868 ³⁸.
2877 812 3149 870 Similiter
3187 817 3280 886 qui
3323 818 3392 874 ad
3417 818 3528 874 cle-

1918 905 2151 962 ricatum
2179 909 2463 972 accedunt,
2491 907 2639 977 quod
2689 921 2792 962 nos
2819 907 3171 962 nominamus
3201 910 3527 966 canonicam

1915 996 2106 1061 vitam,
2130 998 2378 1054 volumus
2398 997 2444 1030 ⁸⁸
2465 1007 2525 1053 ιιι
2539 997 2618 1053 illi
2637 997 2684 1030 ⁸⁸
2706 999 2972 1054 canonice
2988 999 3039 1030 ⁸⁸
3060 1001 3359 1057 secundum
3373 1017 3527 1069 suam

1916 1089 2159 1160 regulam
2203 1083 2532 1146 omnimodis
2560 1089 2766 1145 vivant.
2795 1090 2864 1145 Et
2908 1090 2956 1122 ”
3006 1091 3296 1164 episcopus
3337 1109 3526 1151 eorum

1915 1184 2067 1250 regat
2093 1181 2280 1245 vitam,
2305 1181 2450 1238 sicut
2475 1182 2617 1237 abba
2645 1183 3066 1240 monachorum.

1987 1271 2077 1327 70.
2102 1271 2180 1326 De
2201 1274 2525 1344 susceptione
2546 1273 2832 1344 hospitum.
2856 1274 3183 1332 Venerabile
3203 1275 3351 1332 enim
3372 1276 3420 1310 ³⁸
3441 1276 3525 1332 vi-

1915 1365 2096 1430 detur,
2128 1371 2190 1418 ιιι
2211 1365 2474 1434 hospites,
2500 1372 2555 1420 et
2575 1364 2870 1435 peregrini,
2896 1373 2954 1421 et
2974 1381 3246 1438 pauperes
3265 1366 3313 1399 “
3334 1381 3524 1424 susce-

1911 1465 2128 1533 ptiones
2150 1460 2428 1531 regulares
2449 1467 2505 1516 et
2524 1461 2773 1517 canonici
2799 1461 2845 1494 "
2873 1475 2974 1532 per
3011 1461 3132 1519 loca
3173 1463 3392 1521 diversa
3423 1464 3525 1518 ha-

1911 1552 2110 1622 beant;
2136 1554 2263 1624 quia
2287 1553 2404 1623 ipse
2424 1550 2688 1608 Dominus
2710 1553 2959 1610 dicturus
2985 1553 3033 1588 ⁸¹
3054 1555 3162 1611 erit
3180 1555 3240 1611 in
3275 1565 3525 1615 remanes
3572 1603 3576 1608 .

205 1640 430 1709 quando
466 1637 691 1694 venth
727 1638 796 1694 ad
833 1636 1122 1692 missarum
1154 1637 1467 1704 sollemnia,
1507 1645 1563 1694 et
1601 1623 1675 1694 ’ἶιι
1702 1655 1811 1695 non
1842 1708 1887 1719 _
1914 1643 2128 1699 ratione
2170 1643 2217 1675 "
2260 1637 2441 1712 magni
2487 1641 2597 1699 diei
2626 1655 2643 1698 :
2671 1641 2878 1716 Hospes
2919 1659 3083 1710 erasis,
3129 1655 3180 1702 et

204 1708 408 1785 exeant
445 1739 574 1786 ante
611 1728 1030 1801 completionem
1059 1729 1452 1814 benedictionis
1490 1730 1534 1763 ’⁸
1556 1731 1812 1788 sacerdo-
1842 1708 1892 1772 θ

207 1821 362 1877 talis.

277 1916 371 1973 68.
391 1916 470 1972 De
491 1917 748 1972 ministris
760 1915 967 1982 altaris,
983 1927 1035 1972 et
1055 1916 1121 1972 de
1139 1917 1303 1972 scola.
1323 1916 1431 1974 Sed
1452 1925 1507 1974 et
1530 1919 1634 1976 hoc
1655 1919 1693 1951 "
1717 1919 1814 1975 lla-

204 2007 446 2078 gitamns
470 2018 708 2065 vestram
731 2009 1030 2065 almitatem
1053 2009 1117 2077 “,
1145 2018 1204 2064 ut
1231 2009 1466 2068 ministri
1501 2011 1690 2068 altaris
1716 2013 1811 2068 Dei

202 2116 368 2156 suum
395 2100 760 2157 ministerium
801 2101 959 2158 bonis
989 2103 1231 2158 moribus
1263 2110 1476 2166 ornent,
1519 2118 1616 2158 seu
1647 2102 1688 2134 "
1717 2103 1809 2157 alii

203 2192 457 2248 canonici
487 2193 781 2248 observent
830 2208 1020 2250 eorum
1073 2195 1313 2260 ordines,
1356 2194 1439 2250 vel
1475 2195 1811 2264 “.monachi

204 2281 552 2354 propositum
575 2285 1023 2341 consecrationis.
1053 2283 1434 2352 Obsecramus,
1459 2295 1519 2341 ut
1535 2288 1732 2343 bonam
1753 2297 1811 2344 et

203 2372 544 2444 probabilem
575 2373 810 2430 habeant
840 2375 1330 2441 conversationem,
1373 2377 1515 2433 sicut
1544 2377 1658 2449 ipse
1704 2378 1810 2434 Do-

205 2463 387 2518 minus
409 2464 465 2519 in
506 2465 789 2536 euangelio
830 2467 1110 2538 praecepit
1145 2484 1158 2521 :
1191 2467 1284 2524 Sic
1306 2468 1476 2523 luceat
1517 2469 1610 2524 lux
1639 2481 1808 2526 ivestra

200 2571 384 2609 coram
411 2555 732 2624 horninibus,
754 2567 812 2612 ut
845 2557 890 2589 "
915 2557 1122 2614 uideant
1143 2575 1299 2631 opera
1329 2569 1496 2615 vestra
1526 2561 1663 2615 bona
1680 2561 1743 2629 “‘,
1757 2571 1808 2617 et

200 2642 502 2714 gloriﬁcent
521 2655 724 2718 patrem
753 2658 996 2712 vestrum,
1019 2651 1110 2721 qui
1131 2651 1186 2704 in
1209 2650 1366 2706 coelis
1390 2661 1466 2706 est
1492 2668 1512 2707 .°
1536 2661 1596 2706 ut
1615 2669 1806 2708 eorum

203 2735 344 2789 bona
369 2738 786 2794 conversatione
815 2738 970 2793 multi
1001 2740 1390 2809 protrahantur
1437 2742 1479 2774 ⁸⁷
1522 2744 1592 2798 ad
1638 2745 1808 2799 servi-

201 2824 342 2880 tium
375 2826 494 2882 Dei.
512 2827 581 2882 Et
609 2843 716 2883 non
755 2829 930 2884 solum
963 2830 1177 2885 servilis
1198 2832 1526 2888 conditionis
1548 2833 1802 2900 infantes,

200 2921 298 2977 sed
344 2922 512 2978 etiam
555 2923 914 3004 ingenuorum
955 2925 1098 2981 lilios
1134 2934 1431 2998 aggregent
1480 2927 1694 2998 sibique
1717 2944 1803 2984 so-

201 3013 372 3068 cient.
406 3013 473 3070 Et
498 3025 557 3070 ut
583 3017 764 3072 scolae
804 3015 1097 3087 legentium
1124 3033 1415 3087 puerorum
1463 3019 1630 3087 liant;
1669 3020 1806 3090 psal-

202 3117 342 3169 mos,
389 3114 568 3170 notas,
620 3097 1193 3178 cantus,compotum,
1247 3111 1657 3180 grammaticam
1708 3129 1807 3183 per

200 3198 417 3268 singula
445 3201 776 3256 monasteria
807 3202 850 3235 "
874 3203 957 3260 vel
993 3203 1296 3274 episcopias
1321 3203 1384 3269 ",
1410 3212 1464 3259 et
1503 3205 1671 3262 libros
1716 3223 1809 3262 ca-

204 3291 440 3348 tholicos
464 3293 602 3348 bene
627 3294 911 3368 emendate
943 3295 1021 3361 “⁶;
1054 3295 1180 3364 quia
1222 3310 1382 3364 saepe
1423 3294 1551 3350 dum
1594 3298 1635 3328 ²¹
1668 3299 1807 3354 bene

202 3382 414 3452 aliquid
439 3384 607 3440 Deum
637 3400 830 3455 rogare
854 3386 1096 3456 cupiunt,
1123 3385 1217 3442 sed
1244 3389 1290 3417 "
1313 3389 1805 3456 per-inemendatos

203 3473 372 3529 libros
416 3474 557 3530 male
595 3485 809 3545 rogant.
857 3477 924 3531 Et
974 3493 1174 3547 pueros
1211 3489 1422 3534 vestros
1478 3496 1585 3534 non
1642 3482 1805 3537 sinite

202 3562 368 3618 eos"
395 3563 479 3619 vel
527 3564 756 3636 legendo
795 3565 877 3620 vel
913 3566 1198 3622 scribendo
1241 3583 1609 3638 corrumpere.
1650 3570 1718 3625 Et
1756 3573 1803 3628 si

187 3657 340 3721 opus
361 3668 448 3708 εει
468 3655 805 3726 euangelium
828 3664 884 3712 et
914 3658 1233 3726 psalterium
1258 3666 1314 3713 et
1347 3660 1392 3690 “
1416 3660 1634 3717 missale
1671 3664 1806 3719 scri-

200 3741 353 3807 bere,
379 3743 653 3813 perfectae
690 3747 886 3802 aetatis
921 3748 1170 3804 homines
1223 3750 1464 3806 scribant
1489 3766 1612 3807 cum
1654 3755 1803 3809 omni

202 3833 509 3903 diligentia.
878 3839 880 3841 ’

273 3922 367 3978 69.
393 3923 471 3976 De
495 3933 610 3978 uoto
637 3927 1012 3980 monachorum
1053 3937 1102 3982 et
1140 3928 1206 3983 de
1248 3929 1518 3986 clericatu.
1550 3931 1724 3989 Simul
1747 3943 1803 3991 et

200 4013 308 4068 hoc
331 4029 523 4082 rogate
547 4017 878 4082 curavimus,
909 4025 968 4071 ut
1007 4035 1197 4074 omnes
1240 4021 1568 4092 ubicumque
1609 4027 1701 4095 qui
1743 4043 1804 4083 se

199 4110 330 4158 voto
367 4106 721 4161 monachicae
752 4107 896 4163 vitae
931 4109 1376 4166 constrinxerunt
1422 4112 1491 4178 ",
1519 4118 1804 4172 monachi-

196 4209 264 4248 ας
288 4194 338 4225 ⁸⁸
371 4203 428 4249 et
450 4195 492 4228 "
541 4198 864 4272 regulariter
899 4201 1226 4257 omnimodis
1272 4206 1569 4261 secundum
1617 4217 1802 4266 votum

196 4294 363 4339 suum
402 4286 607 4353 vivant,
664 4289 960 4345 secundum
989 4292 1133 4362 quod
1179 4294 1442 4364 scriptum
1466 4305 1552 4351 est
1596 4316 1610 4352 :
1671 4298 1802 4357 Vota

1833 3065 1882 3130 C

1914 1749 2018 1789 nte.
2064 1733 2132 1790 Et
2171 1733 2452 1805 apostOlus
2489 1732 2536 1766 “
2589 1732 3018 1804 hospitalitatem
3070 1735 3299 1792 laudans
3333 1735 3472 1794 dixit
3504 1755 3521 1794 :

1919 1823 2024 1880 Per
2042 1826 2179 1879 sm
2210 1824 2427 1896 quidam
2467 1808 2780 1894 placuerunt
2803 1823 2914 1879 Deo
2939 1824 3009 1892 δ’,
3055 1825 3258 1898 angelis
3295 1827 3523 1899 hospitio

1909 1916 2201 1988 susceptis.

1985 2005 2075 2059 71.
2108 2005 2187 2060 De
2207 2003 2485 2060 abbatissis
2523 2013 2710 2058 contra
2745 2021 2944 2059 morem
2990 2006 3242 2063 ecclesiae
3289 2007 3391 2064 Dei
3433 2010 3522 2080 fa-

1913 2098 2190 2152 cien:ibus.
2230 2095 2488 2151 Auditum
2540 2102 2656 2161 est,
2716 2097 2930 2166 aliquas
2971 2098 3282 2157 abbatissas
3329 2109 3520 2158 contra

1911 2201 2118 2242 morem
2151 2185 2198 2217 "
2227 2193 2450 2246 sanctae
2491 2185 2587 2240 Dei
2625 2185 2672 2217 “
2710 2185 2975 2242 ecclesiae
3021 2188 3429 2246 benedictiones
3465 2198 3520 2246 et

1911 2298 2106 2337 manus
2132 2282 2508 2352 impositiones
2528 2290 2584 2338 et
2604 2282 2880 2354 signacula
2902 2293 3124 2342 sanctae
3153 2287 3334 2344 crucis
3355 2303 3519 2360 super

1910 2375 2089 2444 capita
2111 2375 2350 2429 virorum
2389 2373 2542 2440 dare,
2566 2391 2780 2431 necnon
2823 2386 2880 2433 et
2903 2379 3085 2435 velare
3106 2379 3350 2452 virgines
3392 2399 3518 2439 cum

1909 2465 2287 2520 benedictione
2307 2466 2654 2522 sacerdotali.
2688 2467 2844 2535 Quod
2864 2471 3092 2527 omnino
3112 2487 3144 2526 a
3184 2474 3357 2538 vobis,
3387 2489 3518 2530 san-

1908 2557 2139 2614 ctissimi
2159 2567 2360 2628 patres,
2394 2558 2448 2612 in
2479 2559 2677 2615 vestris
2701 2563 3008 2630 parrochiis
3045 2563 3157 2619 illis
3179 2564 3517 2623 interdicen-

1908 2653 2038 2708 dum
2069 2668 2190 2707 esse
2211 2653 2433 2708 scitote.

1945 2740 2068 2816 ΕΞ.
2093 2740 2172 2796 De
2191 2741 2394 2796 clericis
2418 2741 2509 2812 qui
2532 2758 2589 2796 se
2633 2741 2842 2812 ﬁngunt
2871 2759 2983 2798 esse
3003 2745 3312 2801 monachos.
3340 2745 3412 2803 Ut
3439 2746 3515 2802 illi

1909 2831 2095 2886 clerici
2144 2833 2235 2902 qni
2262 2831 2556 2902 selingunt
2585 2833 2775 2888 habitu
2820 2834 2906 2889 vel
2952 2835 3174 2891 nomine
3219 2838 3516 2893 monachos

1906 2937 2048 2986 esse,
2078 2931 2133 2978 et
2158 2939 2266 2978 non
2309 2931 2454 2987 sunt,
2484 2923 2814 2980 omnimodis
2842 2926 3054 2994 videtur
3089 2927 3136 2958 “
3163 2930 3513 3000 corrigendos

1911 3021 2074 3082 atque
2113 3013 2482 3069 emendandos
2524 3028 2670 3080 esse,
2701 3023 2764 3069 ut
2787 3015 2873 3071 vel
2901 3015 2949 3048 “
2979 3017 3094 3072 veri
3122 3020 3376 3075 monachi
3403 3021 3514 3076 sint

1914 3105 1996 3160 vel
2023 3105 2136 3160 veri
2159 3105 2435 3160 canonici.

1956 3197 2045 3252 75.
2061 3198 2136 3252 De
2149 3199 2583 3269 pseudograpltiis
2595 3207 2644 3252 et
2659 3199 2832 3254 dubiis
2848 3201 3266 3257 unctionibus.
3285 3202 3514 3261 Pseudo-

1907 3288 2215 3358 graphiae“
2232 3296 2286 3343 et
2300 3287 2498 3344 dubiae
2511 3290 2876 3356 narrationes,
2890 3290 2977 3346 vel
2993 3305 3134 3360 quae
3149 3294 3376 3350 omnino
3388 3311 3513 3352 oon-

1908 3389 1990 3435 tra
2014 3380 2172 3436 iidem
2195 3381 2518 3436 catholicam
2541 3389 2690 3446 sunt,
2716 3390 2776 3436 ut
2813 3383 3042 3454 epistola
3070 3384 3311 3453 pessima
3333 3395 3389 3442 et
3415 3385 3514 3442 lal-

1905 3475 2143 3541 sissiina,
2168 3489 2332 3544 quam
2355 3483 2635 3531 transacto
2675 3491 2822 3532 anno
2853 3477 3109 3553 dicebant
3133 3479 3302 3550 aliqui
3325 3497 3513 3537 erran-

1907 3575 1989 3622 tes
2014 3564 2145 3620 et-in
2167 3581 2409 3622 errorem
2432 3566 2570 3622 alios
2587 3567 2868 3623 mittentes
2897 3567 3045 3637 quod
3085 3569 3155 3625 de
3195 3571 3347 3627 coelo
3369 3571 3514 3628 ceci-

1905 3656 2094 3722 disset,
2122 3670 2223 3712 nec
2245 3657 2292 3688 "
2331 3657 2623 3712 credantur
2647 3673 2749 3714 nec
2773 3658 3046 3732 lcgantur,
3072 3661 3168 3716 sed
3190 3664 3513 3720 comburan-

1904 3754 1999 3802 tur
2023 3746 2087 3809 “,
2120 3761 2191 3801 ne
2213 3746 2267 3800 in
2290 3761 2532 3803 errorem
2556 3763 2658 3819 pro
2695 3749 2790 3805 tali
2829 3750 3038 3821 scripto
3067 3752 3302 3822 populus
3332 3755 3513 3810 mitta-

1906 3846 2014 3891 tur.
2067 3836 2175 3893 Sed
2215 3837 2261 3869 δ’
2312 3837 2414 3893 soli
2453 3838 2700 3894 canonici
2726 3839 2874 3906 libri,
2913 3849 2969 3896 et
3013 3843 3271 3898 catholici
3313 3852 3512 3900 tracta-

1906 3936 2024 3996 tus,
2065 3938 2119 3984 et
2156 3937 2468 3986 sanctorum
2490 3930 2790 3986 auctoritas
2819 3931 2866 3962 ⁸⁸
2897 3940 2954 3987 et
2993 3932 3139 3988 dicta
3168 3933 3419 4006 legantur
3456 3945 3510 3991 et

1903 4026 2212 4081 tradantur.
2701 4080 2704 4082 γ
2898 4079 2906 4085 ,
3044 4034 3063 4042 “

1977 4117 2065 4171 74.
2098 4117 2354 4172 Decantu
2383 4115 2627 4172 Romano
2647 4134 2680 4171 α
2720 4118 2994 4172 monachis
3038 4119 3358 4190 peragenda.
3393 4118 3510 4176 Ilo-

1902 4208 2063 4264 nachi
2091 4216 2150 4263 ut
2171 4217 2395 4266 cantum
2442 4206 2748 4264 Romanum
2775 4209 3010 4280 pleniter
3047 4218 3103 4266 et
3130 4211 3512 4267 ordinabiliter

1902 4315 2000 4371 per
2019 4300 2339 4358 nocturnale
2359 4300 2443 4356 vel
2465 4300 2689 4371 gradale
2729 4301 2968 4357 udicium
2999 4312 3284 4374 peragant,
3317 4305 3512 4360 secun-

195 4387 370 4432 νεοίη
397 4379 597 4435 reddite
619 4381 834 4438 domino
875 4383 984 4439 Deo
1015 4395 1201 4440 vestro.
1226 4384 1294 4439 Et
1315 4387 1511 4442 iterum
1544 4407 1558 4444 :
1603 4389 1799 4448 Helius
1830 4439 1878 4468 η
1903 4394 2030 4448 dum
2055 4394 2200 4464 quod
2217 4393 2413 4450 beatae
2453 4393 2751 4449 memoriae
2779 4394 2822 4426 ⁸¹
2866 4396 3083 4466 genitor-
3115 4405 3304 4451 noster
3326 4395 3510 4468 Pippi-

194 4479 272 4524 est
319 4488 425 4549 non
477 4490 674 4540 uouere,
711 4494 870 4547 quam
918 4494 1098 4533 vovere
1153 4487 1200 4532 et
1237 4479 1283 4511 ³⁸
1318 4497 1423 4535 non
1455 4482 1690 4538 reddere.
1725 4487 1794 4540 Et
1829 4479 1877 4498 ¹’
1902 4503 2005 4543 nus
2045 4504 2140 4543 rex
2187 4487 2490 4544 decertavit
2517 4487 2562 4518 "
2593 4495 2653 4542 ut
2693 4486 2867 4553 lieret,
2905 4489 3122 4558 quando
3165 4488 3506 4547 Gallicanum

1378 4717 1387 4725 ἱ
1435 4631 1825 4696 VARIANTES
1860 4641 2264 4699 LECTIONES.

237 4751 260 4786 ⁸
321 4758 570 4848 oratione
608 4755 668 4848 6.
702 4756 824 4848 Bal:
871 4760 1222 4848 iamon
1252 4762 1340 4848 Β..
1411 4764 1434 4797 ⁸
1467 4770 1776 4848 praevideat
1803 4771 1870 4827 (ἶ.
1946 4770 1977 4848 ξ
1998 4770 2190 4848 altaria
2323 4771 2422 4848 Dei
2457 4774 2742 4848 etidesunt
2784 4776 2860 4832 l'.
2902 4785 2952 4832 et
2996 4787 3114 4848 post
3158 4791 3372 4838 sacrata
3407 4801 3505 4840 su-

192 4849 322 4904 prus

194 4904 248 4957 6.
282 4900 326 4957 6

193 4971 447 5029 tudinem
467 4969 522 5042 4.
552 4968 608 5024 6.
688 4969 731 5042 ’_'
754 4977 810 5042 e_t
831 4969 898 5025 G.
933 5040 943 5042 _
978 4971 1021 5042 “ﬁ
1059 4983 1222 5042 atque
1243 4975 1309 5028 ϐ.

194 5053 257 5098 ιιι
287 5040 591 5113 episcopigs
616 5047 671 5113 et
696 5038 826 5113 l._B.
890 5040 948 5113 ν¹⁹
975 5038 1206 5113 discant,
1231 5046 1325 5101 sed
1346 5055 1402 5099 et
1430 5045 1496 5104 ϐ.
1534 5050 1657 5106 Bal.

196 5117 240 5146 ﬂ
275 5109 496 5184 quidam
524 5111 580 5166 '5.
655 5111 701 5142 ”
717 5111 856 5184 deest
884 5111 958 5184 li.
989 5112 1042 5184 4:
1071 5113 1137 5167 B.
1179 5115 1299 5169 Bal.
1376 5116 1421 5147 ¹³
1448 5119 1588 5174 deest
1613 5123 1666 5177 5.

198 5181 414 5238 nastice
439 5183 493 5237 ὅ.
521 5181 771 5237 monachi
810 5181 884 5236 l'.
913 5182 966 5236 4.
999 5181 1065 5236 G.
1138 5186 1180 5215 ³⁷

208 5323 354 5396 Pitlt.
385 5321 564 5396 Paris.
639 5321 684 5396 ξ’
714 5324 1004 5396 canonicas
1022 5325 1077 5396 ξ’).
1113 5323 1285 5396 Capit.
1319 5329 1443 5385 789.

204 5411 303 5465 νοτ
326 5394 489 5458 hanc»
513 5392 709 5465 ίιιςιιιίιν
747 5393 887 5465 Phor

206 5461 370 5536 atque
391 5461 830 5536 emendentur—Al.
865 5461 1087 5536 Cilica.
1120 5465 1254 5536 Ilcll.
1283 5466 1432 5522 (Imb.
1481 5461 1630 5527 Tre'E.
1660 5473 1735 5530 Sa

771 5491 930 5604 az,"
957 5491 1087 5587 ἳξὲέ
1120 5491 1254 5589 ’Ἑῖῖὶ
1283 5491 1432 5571 “tr
1654 5491 1829 5596 f‘va

728 5573 742 5587 .
853 5551 866 5569 ⁸
903 5573 919 5586 ο
1089 5575 1103 5589 ο
1259 5577 1272 5591 ο
1421 5562 1436 5592 1
1591 5562 1602 5576 '
1691 5584 1706 5598 ι

208 5603 518 5674 interposuit
543 5621 592 5659 c.
625 5603 713 5662 75‘.
751 5603 1254 5674 postpersolvatur.
1333 5609 1379 5642 '°
1404 5615 1759 5672 auctoritates
1804 5616 1869 5671 Β.
1896 5631 1947 5671 a.
1975 5616 2157 5673 edicta
2189 5617 2264 5672 l'.

218 5675 339 5729 llet.

495 4846 551 4912 sn
592 4839 669 4912 est
717 4843 825 4912 non
865 4829 999 4912 sint.
1031 4902 1043 4912 -
1072 4832 1092 4863 '
1121 4848 1228 4912 non
1274 4835 1346 4912 si_t
1467 4829 1681 4912 sacrata
1730 4843 1915 4896 desunt
1946 4841 2000 4896 ϐ.
2077 4841 2334 4912 ’νεεοηιι
2379 4829 2479 4900 6(
2521 4847 2541 4877 ¹¹
2569 4829 2866 4904 οιιιιιίὸιιιιιί
2996 4829 3502 4912 “353.133.

447 4898 522 4988 al.
554 4899 616 4988 η’
649 4899 896 4988 homines
933 4899 1076 4988 Ρξμι.
1097 4901 1467 4988 _Rem.nParis.
1556 4911 1598 4941 ³⁸
1621 4911 2223 4988 ιιθηθᾴἰειίοιιιιιιιβᾳο.
2251 4898 2440 4988 deest)
2477 4915 2558 4988 ὅ.
2579 4898 2765 4988 virs:

1391 4977 1729 5052 "_ut...rest
1751 4984 1892 5038 deest
1919 4985 1974 5039 3.
2053 4977 2108 5013 κ’
2128 4983 2269 5038 deest
2293 4985 2344 5039 l.
2373 4977 2439 5040 Β.
2518 4987 2560 5018 ¹’
2585 4985 2944 5044 adtrahuntur
2965 4987 3031 5043 G.
3111 4991 3156 5023 "
3192 4977 3501 5052 monstrant

1747 5054 1794 5084 “
1828 5054 2144 5109 emendatos
2163 5055 2218 5110 3.
2247 5053 2300 5109 6.
2330 5055 2620 5112 emendent
2655 5057 2720 5111 Β.
2752 5059 3072 5116 emendatos
3109 5061 3348 5119 habeant
3371 5063 3496 5120 Bal.

1744 5123 1792 5154 "
1819 5125 1902 5178 vel
1937 5126 1992 5180 3.
2042 5125 2183 5179 deest
2224 5121 2288 5179 Β.
2365 5127 2414 5159 ⁸⁸
2433 5130 2865 5186 constrinxerint
2906 5131 2961 5184 3.
3010 5131 3078 5185 Β.
3108 5131 3230 5186 Bal.
3309 5135 3355 5167 "
3381 5152 3500 5192 mo-

845 5185 1065 5269 3.4.1}.
1094 5186 1180 5269 ﬂ"
1207 5195 1288 5269 nt
1325 5185 1495 5269 ι..
1568 5193 1612 5222 ³⁸
1626 5193 1774 5269 _dee_st
1801 5195 1899 5269 3.__
1932 5194 1979 5269 ’_’
2005 5196 2351 5269 enutriantur
2377 5196 2545 5269 Sang.
2571 5199 2624 5252 1.
2701 5199 2745 5232 ³⁸
2772 5201 2996 5256 veniant
3018 5201 3072 5255 4.
3115 5235 3129 5242 ρ
3149 5201 3193 5234 ³¹
3238 5185 3494 5262 deest—‘3.

199 5254 517 5342 ’ζέξαζδκ
579 5251 1054 5342 ’Ἀφιξεὶηίρὲίὲξι
1093 5253 1678 5342 ’ἱυιὲίοηῗάεεξξῖῖε
1707 5263 1773 5342 (ἱ-
1843 5264 1900 5342 _“
1957 5265 2270 5342 ιιοδρίιιιωρ

993 5333 1077 5404 ξῦ.
1113 5333 1285 5396 Capit.
1319 5333 1443 5385 789.
1548 5333 1594 5363 "
1627 5333 1804 5417 dicit;
1843 5335 2042 5405 hospes
2062 5333 2517 5463 '(rel.'desimtg3.
2592 5339 2639 5371 ”
2669 5333 3124 5398 memoratione
3158 5344 3235 5398 l'.
3335 5347 3416 5400 “:

993 5395 1147 5450 id.3.
1223 5397 1266 5428 ⁸³
1295 5397 1350 5452 d.
1401 5407 1457 5453 et
1504 5403 1712 5463 angclzs
1747 5419 1868 5460 eius
1917 5405 1970 5460 6.
2045 5406 2092 5437 δ’
2119 5421 2362 5462 amorem
2451 5447 2468 5463 .
2563 5409 2613 5442 “
2636 5410 2877 5463 Δαυλίς.
2953 5413 3000 5444 ⁸³
3045 5428 3102 5463 ο.
3150 5415 3416 5463 mrrimnl

915 5395 1065 5463 quid.
1091 5396 1147 5450 3.
1192 5395 1266 5428 ⁷⁸³
1295 5397 1350 5452 d.
1401 5407 1457 5453 et
1504 5403 1712 5474 angclzs
1747 5406 1868 5460 eius
1917 5395 1970 5460 6'.
2045 5395 2096 5437 ⁵⁸
2119 5421 2362 5462 amorem
2400 5395 2468 5463 Β.
2563 5409 2613 5442 ⁸⁸
2636 5395 2807 5466 deest.
2821 5395 3117 5469 3.7535
3150 5395 3424 5487 corrigam

915 5503 930 5519 .
959 5463 1087 5531 Reg.
1120 5465 1254 5520 Bell.
1283 5466 1432 5522 ϐοῶ.
1481 5471 1630 5527 Trec.
1660 5473 1826 5531 Sana.
1856 5474 2042 5531 σω.
2117 5473 2168 5509 ⁸⁸
2193 5477 2268 5531 illi
2297 5478 2350 5531 1.
2403 5479 2479 5531 1⁸.
2532 5479 2599 5531 Β.
2637 5489 2732 5531 aut
2778 5498 2831 5531 ν.
2882 5498 2958 5531 m.
2997 5493 3093 5531 am
3148 5499 3203 5531 ν.
3250 5501 3300 5531 α-
3344 5503 3390 5531 α-

1863 5545 2252 5602 comburentnr
2287 5548 2342 5602 ι.
2420 5548 2468 5581 δ’
2710 5561 3024 5609 sanctorum
3075 5553 3142 5610 G.
3186 5557 3270 5610 hic
3297 5559 3492 5612 omissa

2613 4917 2653 4947 “
2683 4933 2730 4972 s.
2771 4933 2823 4973 e.
2867 4920 2922 4974 h.
2948 4918 3138 4976 desunt
3163 4915 3233 4976 G.
3310 4926 3354 4955 ⁸³
3378 4923 3505 4980 alti-

2322 5269 2732 5395 pereg’rinorum
2762 5280 2819 5326 et
2854 5287 3153 5354 pauperum
3213 5275 3287 5328 l'.
3343 5275 3493 5332 Item.

2322 5339 2436 5395 unt)
2502 5378 2517 5394 .
2592 5339 2639 5371 ³⁹
2669 5351 3124 5395 rememoratrone
3158 5344 3235 5395 l'.
3335 5347 3493 5395 “nn-

2317 5339 2517 5421 ηιμ.
2565 5339 3124 5421 ⁸ξ’,τιειιι«εειπὶοι-εῇιὶοιισε
3158 5344 3235 5398 t'.
3279 5415 3292 5421 _
3335 5347 3382 5377 ⁸ο
3407 5364 3473 5421 np

2119 5435 2362 5462 ausurum
2400 5435 2468 5463 υ.
2565 5435 2613 5442 τ’
2636 5435 2798 5466 uec”.
2821 5435 2877 5466 ὓ.
2953 5435 3000 5444 ⁷⁷
3045 5435 3102 5469 ο.
3150 5435 3497 5487 corrigantur

2117 5473 2268 5532 “illi
2297 5478 2350 5532 1.
2403 5479 2479 5534 1⁸.
2532 5479 2599 5535 Β.
2637 5489 2732 5536 aut
2778 5498 2831 5536 v.
2882 5498 2958 5538 tn.
2997 5493 3093 5539 aut
3148 5499 3203 5539 v.
3250 5501 3301 5541 c.
3343 5503 3390 5542 s.
3437 5491 3492 5543 5.

2340 5619 2384 5652 ⁸⁸
2435 5619 2492 5676 b.
2521 5635 2596 5676 m.
2644 5622 2828 5678 desunt
2862 5625 2988 5679 Bal.
3066 5626 3111 5658 ⁵³
3154 5627 3393 5682 decrevit
3432 5628 3487 5683 ὅ.

3423 243 3528 307 518
3641 314 3648 322 .
