3846 6218
460 406 558 469 531

1261 397 1320 453 Β.
1359 397 1611 459 CAROLI
1649 397 1865 455 MAGNl
1902 396 2055 454 OPP.
2096 397 2276 454 PARS
2314 399 2353 454 l.
2396 398 2638 457 SECTIO
2673 399 2904 455 PRIMA.

3630 397 3719 455 53‘}

459 514 786 575 testimoniis
824 512 843 546 ⁸
886 512 1027 567 ﬁlios
1071 510 1333 566 habentes
1389 518 1446 566 et
1492 524 1688 567 uxores
1736 520 1792 565 et
1822 510 2043 565 omnino
2074 511 2124 573 Λ
2221 511 2343 566 144.
2370 512 2447 566 De
2478 510 2710 567 ecclesiis
2745 510 2821 565 vel
2852 508 3128 565 altaribus.
3181 508 3245 566 Ut
3270 508 3533 583 ecclesiae
3556 508 3707 565 velat

455 602 732 659 Christum
768 600 1160 673 praedicantes.
1190 598 1281 654 Sic
1320 598 1479 656 datur
1511 600 1533 631 ¹
1562 600 1791 672 mystica
1823 600 2040 655 veritas.

526 690 650 747 154.
679 689 758 745 De
788 688 1126 760 confugioad
1157 687 1452 744 ecclesiam.
1502 688 1563 745 Si
1604 690 1726 760 quis
1765 689 1834 745 ad
1874 687 2047 744 aecle-

456 782 590 839 siam
618 779 929 853 confugium
964 779 1173 847 iecerit,
1205 781 1262 835 in
1294 780 1436 837 atrio
1460 782 1631 852 ipsius
1652 780 1912 837 ecclesiae
1952 794 2046 850 pa-

454 889 572 930 cem
600 874 817 940 habeat,
866 888 969 930 nec
1003 873 1077 929 sit
1094 872 1145 931 el
1167 887 1387 930 necesse
1410 872 1695 931 ecclesiam
1719 873 1948 945 ingredi.
1979 872 2045 927 Et

456 964 633 1021 nullus
655 977 780 1021 etim
816 963 944 1020 inde
980 978 1080 1034 per
1100 963 1211 1019 vim
1230 963 1545 1020 abstrahere
1574 972 1902 1035 praesumat,
1950 964 2047 1020 sed

456 1056 613 1114 liceat
638 1058 689 1115 ei
716 1054 964 1114 conﬁteri
995 1057 1138 1127 quod
1165 1055 1320 1125 fecit.
1358 1063 1416 1113 et
1453 1056 1579 1113 inde
1602 1071 1699 1128 per
1732 1072 1924 1113 manus
1949 1057 2046 1113 bo-

404 1158 419 1167 ‘
457 1165 651 1207 norum
676 1149 956 1208 hominum
980 1150 1051 1206 ad
1077 1149 1467 1207 discussionem
1517 1149 1571 1205 in
1611 1150 1828 1221 publico
1848 1150 2046 1221 produ-

455 1252 630 1299 (⁸111111⁸.

532 1334 650 1391 155.
686 1334 765 1392 De
812 1336 894 1394 bis
924 1337 1013 1409 qui
1037 1336 1107 1391 ad
1122 1312 1331 1393 ."casarn
1364 1305 1463 1394 Dei
1507 1354 1590 1394 res
1622 1336 1834 1392 tradere
1873 1336 2046 1392 volue-
2068 1404 2093 1415 γ’

394 1428 399 1430 ⁷
456 1427 581 1482 rint.
611 1425 716 1495 Qui
748 1444 837 1485 res
870 1443 1001 1485 suae
1034 1443 1133 1501 pro
1160 1429 1341 1483 anima
1365 1434 1462 1485 Sua
1502 1428 1571 1485 ad
1593 1442 1777 1485 casam
1806 1426 1900 1483 Dei
1935 1434 2047 1482 tra-

456 1517 585 1575 dere
604 1518 838 1576 voluerit
859 1518 903 1587 ⁸,
933 1520 1076 1576 domi
1102 1519 1448 1576 traditionem
1473 1519 1636 1578 faciat
1684 1533 1868 1577 coram
1896 1518 2048 1574 testi-

462 1611 563 1669 bus
589 1601 862 1682 legitimis.
914 1611 982 1668 Et
1006 1625 1145 1682 quae
1173 1612 1226 1667 in
1248 1612 1407 1669 hoste
1448 1611 1624 1669 factae
1648 1619 1775 1668 sunt
1801 1609 2048 1667 traditio-

460 1717 575 1768 nes.
611 1702 679 1759 de
706 1702 901 1774 quibus
942 1702 1086 1760 nulla
1132 1711 1217 1761 est
1256 1704 1522 1774 quaestio,
1572 1703 1794 1760 stabiles
1834 1716 2049 1774 perma-

459 1800 643 1847 neant.
676 1790 734 1849 Si
765 1807 892 1850 vero
920 1792 1114 1863 aliquis
1158 1792 1246 1848 alii
1269 1794 1290 1825 ⁸
1314 1784 1402 1850 res
1435 1809 1563 1851 suas
1604 1792 1889 1849 tradiderit
1912 1800 1967 1848 et
1992 1791 2047 1847 in

461 1882 672 1938 hostem
692 1880 965 1953 prolectus
984 1883 1167 1951 luerit,
1194 1891 1251 1939 et
1275 1884 1364 1943 ille
1397 1884 1483 1939 cui
1515 1898 1601 1939 res
1644 1882 1875 1939 traditae
1920 1888 2047 1937 sunt
2078 1866 2122 1924 Β

460 1972 676 2029 interim
719 1983 961 2031 mortuus
988 1973 1169 2039 fuerit,
1202 1975 1293 2046 qui
1343 1991 1431 2032 res
1465 1974 1684 2030 tradidit
1722 1974 1764 2040 ',
1813 1988 1936 2029 cum
1964 1987 2051 2029 re-

461 2080 649 2124 versus
674 2066 855 2134 fuerit,
890 2069 1147 2134 adhibitis
1188 2069 1416 2126 testibus
1454 2086 1635 2126 coram
1659 2069 1854 2139 quibus
1888 2068 2053 2124 tradi-

463 2157 540 2214 tio
563 2155 706 2216 liscta
727 2167 845 2225 est,
887 2173 980 2216 res
1005 2175 1130 2215 suas
1176 2160 1402 2243 recipiat
1441 2159 1482 2214 °.
1533 2159 1591 2217 Si
1637 2168 1815 2217 autem
1841 2167 1898 2215 ct
1938 2160 2054 2230 ipse

465 2256 707 2305 mortuus
726 2248 907 2316 luerit,
932 2249 1157 2308 heredes
1172 2250 1290 2309 eius
1320 2250 1542 2323 legitimi
1571 2265 1659 2310 res
1679 2252 1699 2283 ⁷
1725 2250 1950 2307 traditas
1970 2264 2046 2307 re

464 2337 688 2417 cipiant.

539 2429 658 2488 156.
690 2431 771 2488 De
804 2434 1134 2492 ordinatione
1165 2436 1604 2507 presbyterorum.
1661 2434 1729 2493 Ut
1752 2434 2053 2507 presbyteri

464 2539 573 2580 non
607 2525 939 2593 ordinentur,
990 2529 1306 2599 priusquam
1350 2529 1747 2585 examinentur.
1792 2528 1861 2584 Et
1882 2536 2057 2585 utcx-

466 2618 982 2676 comtnunicationes
1009 2621 1212 2691 passim
1231 2627 1288 2677 et
1308 2620 1426 2678 sine
1452 2636 1615 2678 causa
1640 2635 1746 2677 non
1774 2619 1925 2676 ﬁant.

538 2709 659 2767 157.
686 2710 766 2766 De
799 2714 1129 2770 conuersione
1152 2714 1304 2770 liberi
1324 2716 1573 2770 hominis.
1621 2715 1691 2771 Ut
1712 2714 1850 2771 liber
1870 2715 2056 2782 homo,

464 2800 558 2872 qui
586 2800 640 2856 in
678 2803 1012 2871 monasterio
1040 2805 1275 2876 regulari
1310 2821 1523 2883 comam
1550 2806 1858 2877 deposuerit
1894 2814 1950 2863 et
1971 2820 2058 2862 res

464 2905 593 2963 suas
616 2892 814 2950 ibidem
835 2894 1180 2966 delegaverit,
1206 2898 1619 2971 promissionem
1638 2896 1839 2957 laetam
1865 2888 2067 2956 secun?

465 2984 593 3041 dum
620 2985 862 3058 regulam
890 2986 1116 3046 ﬁrmiter
1142 2998 1325 3047 teneat
1350 2991 1393 3045 ⁸.

542 3076 672 3133 158.
727 3076 805 3134 De
846 3095 950 3135 non
1002 3082 1229 3152 cogendo
1264 3081 1454 3139 bibere.
1498 3083 1570 3140 Ut
1599 3082 1798 3145 nemini
1828 3082 1852 3115 ⁹
1896 3083 2059 3141 liceat

467 3164 634 3224 alium
657 3182 849 3239 cogere
876 3170 945 3227 ad
965 3171 1256 3227 bibendum
1285 3172 1349 3225 ⁸⁸.
1420 3202 1429 3211 -
1462 3176 1463 3179 ‘

692 3256 772 3313 De
782 3268 1029 3348 intercute
1054 3260 1119 3315 “.
1148 3259 1218 3317 Ut
1239 3260 1567 3319 mercatus“
1590 3263 1676 3319 die
1696 3263 1977 3320 Dominico
2004 3265 2059 3319 in

470 3346 621 3404 nullo
643 3348 763 3405 Ideo
783 3346 1050 3406 habeatur
1074 3351 1170 3406 ¹³.“

545 3442 668 3499 140.
706 3442 783 3500 De
836 3447 1167 3518 presbyteris,
1218 3450 1448 3521 qualiter
1493 3436 1766 3508 introitum
1816 3453 2063 3519 ecclesiae

470 3545 874 3605 consequantur.
923 3536 992 3595 Ut
1022 3539 1199 3597 nullus
1234 3541 1522 3614 presbyter
1544 3542 1612 3598 ad
1657 3542 1937 3601 introitum
1978 3560 2067 3602 ee-

471 3622 672 3681 clesiac
691 3626 879 3681 exenia
909 3627 952 3658 ιδ
980 3628 1165 3684 donet.

546 3715 668 3772 141.
693 3715 771 3772 De
801 3718 1133 3789 presbyteris,
1175 3738 1210 3777 a
1240 3722 1427 3795 quibus
1456 3742 1550 3796 per
1592 3725 1837 3781 ecclesias
1869 3728 2065 3789 consti-

474 3816 712 3867 tuantur.
750 3806 823 3867 Ut
846 3809 1031 3873 nullus
1046 3810 1217 3869 laicus
1256 3815 1631 3895 presbyterum
1678 3815 1731 3871 in
1768 3816 1997 3899 ecclesia
2023 3817 2067 3849 ⁸⁸

477 3899 693 3966 mittere
726 3900 813 3958 vel
852 3902 1031 3961 eicere
1053 3902 1097 3951 ι’
1130 3914 1461 3977 praesumat,
1488 3908 1590 3963 nisi
1618 3923 1715 3980 per
1741 3924 2067 3975 consensum

548 4009 564 4047 t
700 4011 736 4050 t.

478 4007 697 4139 cpias?
701 4084 780 4141 De
806 4087 1004 4152 honore
1050 4106 1151 4160 pro
1191 4058 1423 4147 ecclesiis
1466 4094 1666 4149 danda.
1704 4093 1790 4151 'Ut
1831 4094 2071 4167 episcopi

476 4174 839 4246 praevideant,
854 4220 855 4223 η
868 4185 1029 4249 quem
1056 4174 1340 4238 honorem'
1359 4183 1664 4256 presbyteri
1689 4198 1789 4256 pro
1826 4185 2073 4244 ecclesiis
2089 4173 2103 4199 “

480 4265 785 4329 senioribus
808 4268 848 4301 ¹⁷
878 4269 1143 4339 tribuant.
1247 4327 1254 4333 ,

550 4356 674 4415 145.
705 4358 784 4416 De
811 4360 1025 4418 decimis
1066 4363 1453 4435 dispensandis.
1514 4367 1585 4423 Ut
1614 4367 1856 4443 decimae
1890 4369 1946 4423 in
1975 4384 2072 4441 po-

479 4455 938 4539 testate'cpiscopi
965 4456 1076 4513 sint
1109 4458 1177 4522 ⁸⁸,
1195 4457 1427 4529 qualiter
1452 4474 1481 4515 a
1502 4461 1836 4531 presbyteris
1859 4461 2071 4538 dispen-

480 4554 688 4604 seritur.

2084 3225 2132 3287 C

2147 598 2281 657 tario
2302 601 2492 658 melius
2523 609 2907 657 construantur
2931 600 2995 654 ".
3031 600 3097 655 Et
3121 600 3298 655 nullus
3322 601 3608 671 presbyter
3641 616 3728 655 arte

2146 706 2345 747 nonam
2382 691 2462 747 vel
2502 690 2721 747 foenum
2756 691 2810 745 in
2834 690 3061 746 ecclesia
3090 691 3135 722 '°
3161 691 3377 746 mittere
3406 701 3718 757 praesumat.

2215 783 2337 839 145.
2371 782 2449 838 De
2477 784 2707 839 ecclesiis
2738 782 2816 847 rel
2849 782 3113 845 altaribus
3151 783 3411 854 ambiguis
3452 782 3521 835 “.
3566 781 3632 840 Ut
3648 798 3733 855 et:
3802 782 3803 811 ‘

2144 873 2340 936 clesiae
2361 874 2444 930 vel
2465 873 2679 940 altaria,
2722 888 2865 946 quae
2890 873 3177 945 ambiguae
3215 873 3261 904 ”
3292 882 3420 929 sunt
3443 872 3512 929 de
3545 872 3591 904 ”
3614 889 3723 930 oon-
3802 898 3803 935 ἀ

2144 964 2466 1031 secratione,
2492 974 2903 1023 consecrentur.
2985 1031 2989 1035 ν
3750 968 3751 971 “

2216 1055 2339 1113 146.
2356 1058 2434 1114 De
2454 1059 2625 1114 linteis
2652 1057 3321 1132 altaribuspraeparandis.
3347 1057 3418 1115 Ut
3441 1057 3729 1130 presbyteri

2126 1147 2241 1221 'per
2260 1150 2574 1221 parrochias
2600 1153 2646 1213 ’Ῥ
2670 1168 2797 1208 suas
2830 1151 3046 1208 feminis
3075 1152 3390 1223 praedicent
3425 1152 3473 1184 "
3500 1191 3518 1219 ,
3560 1158 3621 1208 ut
3639 1150 3724 1207 lin-

2147 1246 2379 1301 teamina
2405 1245 2669 1302 altaribus
2693 1245 2738 1277 ⁸⁸
2764 1252 3108 1316 praeparent.

2218 1332 2340 1390 147.
2369 1334 2448 1391 De
2471 1336 2838 1408 parrocltianis
2863 1335 3092 1391 alterius
3106 1334 3392 1408 presbyteri
3419 1335 3489 1389 ”.
3534 1334 3603 1392 Ut
3626 1336 3726 1390 nul-

2146 1427 2231 1484 lus
2258 1429 2543 1500 presbyter
2564 1408 2787 1486 alterius
2810 1428 3225 1499 parrochianum
3245 1428 3314 1493 “,
3342 1426 3447 1482 nisi
3476 1426 3532 1482 in
3556 1426 3729 1483 itinere

2148 1518 2310 1576 fuerit
2334 1519 2420 1576 vel
2451 1519 2501 1551 ”
2538 1519 2800 1591 placitum
2830 1520 2905 1577 ibi
2934 1519 3211 1587 habuerit,
3236 1518 3305 1574 ad
3344 1516 3569 1583 missam
3611 1517 3727 1574 rcci-

2146 1612 2281 1683 piat.
2901 1660 2906 1666 .
3416 1644 3419 1647 »

2220 1704 2343 1763 148.
2394 1703 2473 1761 De
2519 1704 2801 1775 parrochia
2834 1702 3051 1758 alterius
3100 1698 3413 1773 presbyteri.
3459 1696 3534 1755 Ut
3571 1696 3731 1754 nullus

2148 1796 2433 1867 presbyter
2453 1797 2509 1851 in
2552 1794 2775 1851 alterius
2795 1793 3085 1864 parrochia
3106 1792 3329 1875 missam
3352 1796 3573 1846 contare
3593 1804 3729 1860 prac-

2152 1895 2353 1953 sumat,
2402 1886 2507 1942 nisi
2533 1888 2586 1941 in
2616 1886 2809 1946 itinere
2856 1883 3040 1951 fuerit,
3082 1897 3184 1943 nec
3225 1881 3496 1938 decimam
3524 1882 3588 1935 ad
3618 1880 3729 1936 alte-

2154 1992 2275 2036 rum
2295 1976 2341 2009 ³⁰
2364 1976 2726 2048 pertinentem
2750 1974 2947 2031 audeat
2968 1974 3228 2044 recipere.

2226 2068 2349 2127 149.
2384 2067 2464 2124 De
2497 2067 2720 2122 termino
2742 2064 3104 2143 ecclesiarum.
3144 2062 3215 2120 Ut
3242 2061 3534 2118 terminum
3558 2059 3731 2115 habent

2156 2177 2514 2234 unaquaeque
2536 2158 2819 2227 aecclesia,
2848 2160 2916 2216 de
2943 2157 3140 2229 quibus
3164 2155 3307 2212 villis
3331 2154 3570 2211 decimas
3595 2153 3634 2184 ⁸¹
3660 2168 3731 2208 rc-

2154 2254 2345 2311 ciniat.

2207 2269 2420 2401 tibi".
2457 2327 2537 2399 De
2583 2344 2735 2398 rebus
2787 2339 3225 2413 presbyterorum.
3272 2335 3347 2392 Ut
3389 2334 3735 2406 unusquisque

2156 2418 2441 2511 presbyter
2463 2422 2571 2503 res,
2612 2452 2751 2508 quas
2770 2442 2894 2506 post
2924 2433 3065 2489 dicm
3102 2429 3533 2487 consecrationis
3567 2426 3733 2498 adqui-

2155 2531 2311 2593 sierit
2331 2531 2579 2602 proprias
2602 2528 2669 2593 ³³,
2697 2525 2961 2585 ecclesiae
2982 2523 3254 2593 relinquat
3275 2520 3347 2577 ".

2230 2623 2361 2690 151.
2377 2622 2456 2679 De
2474 2620 2856 2696 paenitentibus
2882 2634 2991 2673 non
3015 2614 3279 2687 cogendis.
3316 2611 3391 2669 Ut
3416 2610 3592 2678 nullus
3609 2622 3735 2680 pres‘

2157 2723 2315 2795 byter
2347 2730 2441 2777 aut
2462 2720 2632 2777 laicus
2655 2717 3021 2789 poenitentem
3062 2710 3257 2767 invitet
3295 2709 3483 2774 vinum
3505 2707 3551 2741 "
3572 2706 3737 2763 bibere

2158 2822 2253 2870 aut
2285 2826 2505 2871 carnem
2540 2810 2895 2877 manducare,
2934 2804 3039 2863 nisi
3090 2802 3156 2858 ad
3197 2814 3463 2871 praesens
3506 2812 3603 2868 pro
3637 2797 3736 2865 ipso

2158 2922 2326 2963 unum
2348 2905 2395 2939 ³⁸
2420 2903 2508 2962 vel
2528 2904 2663 2961 duos
2680 2899 2726 2933 "
2753 2898 3026 2965 denarios,
3066 2895 3216 2962 iusta
3236 2889 3554 2965 qualitatem
3573 2886 3737 2961 poeni-

2159 3004 2385 3070 tentiae,
2409 3001 2647 3060 dederit.
2724 3014 2733 3025 '

2232 3094 2356 3151 152:
2381 3092 2461 3150 De
2478 3090 2813 3165 presbyteris,
2846 3106 2879 3144 a
2903 3087 3090 3160 quibus
3112 3102 3168 3141 se
3188 3088 3428 3139 caveant.
3481 3079 3551 3136 Ut
3582 3077 3737 3134 nullus

2160 3187 2445 3260 presbyter
2469 3192 2650 3242 certas
2675 3183 2724 3216 ³⁸
2762 3180 2995 3249 scribat,
3021 3193 3123 3237 nec
3166 3177 3465 3233 conductor
3490 3172 3538 3205 ³⁸
3564 3172 3737 3236 suise-

2164 3278 2336 3334 nioris
2362 3277 2565 3332 existat
2592 3275 2662 3329 “.

2238 3367 2361 3423 155.
2403 3366 2485 3422 De
2526 3363 2822 3436 sepultura,
2876 3363 2965 3417 ubi
2993 3377 3097 3416 non
3140 3359 3258 3429 ﬁat.
3298 3357 3371 3415 Ut
3396 3355 3571 3413 nullus
3608 3354 3740 3410 dein.

2165 3474 2295 3534 ceps
2320 3459 2375 3514 in
2395 3457 2630 3515 ecclesia
2658 3463 2931 3514 mortuum
2954 3451 3195 3523 sepeliat.

2240 3548 2364 3613 154.
2392 3546 2469 3603 De
2492 3546 2887 3619 praedicatione
2912 3542 2991 3601 uel
3036 3539 3279 3614 capitulis
3324 3538 3737 3612 presbyterorum.

2170 3641 2243 3699 Ut
2286 3640 2659 3710 unusquisque
2688 3637 2974 3709 presbyter
3001 3631 3233 3704 capitula
3262 3631 3461 3687 habeat
3508 3630 3573 3686 de
3594 3628 3745 3689 maio-

2165 3732 2319 3789 ribus
2346 3730 2434 3785 vel
2454 3729 2521 3786 de
2540 3729 2847 3791 minoribus
2870 3727 3017 3782 vitiis
3038 3726 3113 3791 “,
3159 3739 3258 3801 per
3279 3736 3417 3793 quae
3439 3734 3743 3791 cognoscere

2166 3821 2345 3877 valeat
2382 3810 2477 3876 vel
2498 3820 2812 3892 praedicare
2832 3819 2886 3858 “
2909 3817 3149 3880 subditis,
3166 3814 3301 3881 suis,
3344 3821 3408 3868 ut
3444 3818 3663 3870 caveant
3687 3809 3743 3870 ab

2124 3958 2127 3959 ν
2168 3913 2384 3983 insidiis
2403 3912 2454 3945 ”
2477 3912 2700 3969 diaboli.

2187 4064 2192 4070 .
2245 4007 2367 4065 155.
2400 4005 2478 4063 De
2505 4004 2844 4063 euchartstia.
2879 4000 2947 4065 Ut
2969 4001 3251 4078 prcsirytcr
3277 3993 3747 4083 semper“eucha-

2174 4100 2383 4157 ristiam
2416 4084 2613 4155 habeat
2640 4106 2903 4169 paratam,
2948 4106 3009 4153 ut
3044 4096 3259 4167 quando
3297 4096 3420 4166 quis
3458 4092 3742 4149 inﬁrmave-

2173 4192 2246 4247 rit
2274 4191 2344 4257 “,
2375 4197 2468 4247 aut
2491 4189 2749 4260 parvulus
2772 4190 3027 4247 inﬁrmus
3052 4187 3237 4253 fuerit,
3263 4186 3451 4243 statim
3470 4199 3594 4244 eum
3614 4198 3743 4241 corn-

2172 4281 2436 4347 munieet,
2464 4295 2533 4336 ne
2548 4278 2672 4339 sine
2705 4265 3084 4335 communione
3107 4275 3391 4334 moriatur.

2174 4386 2177 4389 '
2247 4370 2372 4427 156.
2402 4369 2481 4425 De
2508 4366 2756 4441 ampullis
2792 4367 2999 4423 duabus
3031 4366 3078 4399 “
3112 4367 3166 4421 in
3208 4382 3371 4436 coena
3413 4363 3622 4418 Domini
3665 4361 3747 4414 Ita-

2175 4462 2377 4523 bvndis.
2423 4460 2491 4517 Ut
2518 4444 2805 4531 presbyter
2828 4459 2883 4513 in
2916 4474 3083 4515 coena
3098 4457 3311 4514 Domini
3343 4457 3477 4512 duas
3490 4456 3533 4487 "
3559 4450 3747 4525 ampul-

2097 4535 2145 4595 θ
2171 4553 2251 4611 las
2284 4568 2473 4610 secum
2508 4550 2741 4619 delerat,
2768 4566 2943 4624 \unam
2975 4551 3043 4619 ad
3078 4549 3401 4626 chrismam,
3429 4546 3652 4611 alteram
3690 4543 3748 4610 ad

1717 4726 2109 4789 YARIANTES
2132 4724 2537 4798 LECTlONES‘

558 4859 577 4911 ί.
599 4878 833 4935 testibus
868 4876 923 4933 4.
1026 4878 1047 4909 '
1077 4877 1287 4935 dicatur
1329 4879 1383 4933 4.
1433 4880 1487 4936 6.
1526 4882 1668 4939 sicut
1711 4881 1842 4937 dicit
1865 4881 2027 4937 m.45.
2062 4881 2096 4937 5
2118 4882 2171 4937 b.
2248 4880 2270 4912 ⁸
2300 4878 2567 4935 voluerint
2592 4880 2641 4933 1.
2718 4880 2739 4911 ⁵
2767 4840 2924 4934 alicui
2949 4879 3015 4933 G.
3093 4878 3114 4909 '
3141 4876 3462 4941 tradiderint
3482 4878 3536 4932 5.
3565 4892 3611 4930 r.
3639 4890 3749 4930 suas

483 4949 631 5006 dedit
654 4951 728 5004 l'.
821 4948 1097 5019 “accipiat
1126 4948 1179 5003 4.
1277 4952 1298 4985 "
1330 4960 1441 5006 tres
1468 4952 1522 5008 4.

438 5054 445 5060 ο
485 5028 743 5089 quantum
771 5018 972 5076 sufﬁcit
990 5018 1113 5081 edd.
1143 5019 1245 5074 Tit.
1268 5032 1316 5075 et
1340 5020 1486 5076 Pith.

491 5161 531 5193 "
563 5177 613 5213 v.
644 5176 694 5217 e.
721 5160 905 5215 desunt
932 5161 997 5217 Β.
1111 5161 1151 5193 ⁸⁷
1182 5176 1233 5216 e.
1266 5163 1379 5219 suis
1403 5179 1449 5218 s.
1480 5164 1554 5218 l'.
1594 5167 1647 5217 5.

500 5230 615 5286 Vat.
649 5232 699 5286 1.
774 5232 820 5264 ’⁸
850 5232 1097 5287 eelesiam
1126 5230 1181 5285 4.
1212 5230 1278 5286 G.

1634 4953 1655 4981 ⁸
1675 4951 2042 5076 Ιποηιίεείοιιθ
2076 4951 2213 5007 facta
2246 4966 2292 5008 s.
2327 4967 2374 5005 r.
2408 4948 2447 5004 f.
2483 4958 2728 5006 teneatur
2760 4950 2880 5004 Bal.

1634 5024 1772 5076 l'toc
1801 5038 1918 5076 can.
1961 5038 2079 5075 cum
2108 5021 2431 5076 antecedenti
2450 5022 2506 5075 in
2543 5037 2705 5075 unum
2736 5037 2880 5074 contr

1604 5024 1643 5055 ¹¹
1662 5015 1772 5077 'Itoc
1801 5038 1918 5093 cap.
1961 5038 2079 5093 cum
2108 5021 2431 5093 antecedenti
2450 5022 2506 5075 in
2543 5037 2705 5093 unum
2736 5019 3005 5093 contraxit
3026 5019 3099 5072 1⁸.
3127 5027 3175 5093 et
3285 5032 3381 5093 p_ro
3409 5024 3469 5093 u_t
3492 5015 3659 5093 legens
3684 5024 3745 5093 e_t.

488 5093 530 5123 "
558 5099 853 5147 mercatura
898 5092 953 5147 5.
1032 5090 1073 5122 "
1096 5090 1191 5145 ﬁat
1209 5091 1262 5145 5.
1356 5091 1400 5124 ¹⁴
1427 5095 1619 5149 exenia
1665 5090 1923 5148 abroso'e
1966 5092 2038 5145 l'.

2182 5094 2255 5149 Lb.
2284 5092 2338 5147 5.
2373 5093 2595 5153 εινοειιὶιι
2619 5092 2683 5149 6..

1354 5234 1399 5264 ¹¹
1429 5235 1569 5289 deest
1594 5235 1646 5287 lt.
1673 5251 1719 5289 c.
1754 5230 1819 5288 (ἶ.
1896 5234 1942 5265 ’³
1970 5234 2185 5304 ambigu

2985 4950 3005 4979 ’
3042 4948 3310 5003 neminem
3342 4947 3415 5000 1”.
3517 4948 3559 4979 ⁸⁸
3584 4947 3637 5001 b.
3660 4945 3746 4999 nisi

2776 5090 2819 5121 ⁸³
2846 5090 3098 5144 eclesiam
3126 5090 3178 5143 5.
3212 5090 3266 5145 4.
3286 5084 3359 5142 ’6.
3388 5084 3669 5142 admittere
3689 5084 3726 5140 G

1749 5163 1795 5194 ⁸⁸
1830 5162 1970 5217 deest
1997 5162 2051 5217 5.
2150 5162 2192 5194 “
2228 5162 2627 5219 constituantur
2654 5162 2728 5215 l‘.
2754 5160 2945 5215 melius
2967 5156 3343 5229 apresbyteris
3382 5164 3749 5229 conserventur

2190 5248 2221 5287 a
2248 5233 2313 5288 Β.
2388 5232 2434 5263 ³⁸
2463 5232 2603 5286 deest
2642 5233 2696 5286 5.
2772 5230 2817 5261 ’⁵
2848 5224 3541 5351 ὺπιιοὶξὺὶἰείςοοπειαηιεν)
3564 5227 3672 5287 suis
3699 5224 3746 5280 5.

2190 5303 2432 5351 rrnchiae.
2465 5305 2519 5351 5-
2547 5301 2887 5351 narmchiam
2922 5300 2976 5351 4.
3064 5299 3110 5330 ¹⁹
3138 5315 3204 5351 ve
3249 5306 3297 5351 st
3322 5299 3588 5351 seatsentia
3609 5312 3746 5351 nsunt

487 5302 535 5334 "
561 5302 840 5373 predieant
872 5302 946 5369 5.,
1022 5303 1067 5373 ξ’
1093 5302 1150 5373 in
1196 5303 1389 5359 altaria
1434 5304 1562 5360 Met.
1640 5306 1683 5336 "
1732 5304 1871 5359 deest
1912 5304 1966 5359 5.
2044 5304 2089 5337 ’⁸
2115 5299 2432 5373 parrochiae
2465 5305 2519 5368 5,
2547 5301 2887 5373 parrochiam
2922 5300 2976 5354 4.
3017 5299 3223 5373 u"_vel
3249 5306 3297 5352 et
3322 5299 3588 5373 sequentia
3609 5312 3749 5373 usque

487 5366 688 5447 adjttec
718 5366 984 5447 decimam
1017 5372 1073 5426 in
1101 5371 1207 5447 ﬁne
1234 5385 1609 5447 sequentrcap.
1640 5374 1827 5447 omittit
1859 5374 1934 5447 1⁸.
1962 5391 1989 5428 c
2015 5366 2217 5428 duobus
2243 5374 2318 5427 ita
2342 5366 2730 5447 unumfaciens
2759 5382 2933 5447 caput.
2972 5442 2986 5447 _
3012 5370 3064 5447 '°_
3087 5370 3313 5447 alteram
3434 5366 3747 5447 ’δίδαξζᾶ

488 5441 533 5475 ³⁹
559 5444 697 5498 inter
718 5442 788 5499 K.
818 5441 894 5497 Μ.
926 5436 1158 5515 ιαηῃόὺ.
1199 5459 1247 5499 c.
1277 5436 1400 5515 157.
1435 5436 1580 5515 Μαί.
1668 5446 1724 5477 ’³³
1752 5444 2000 5515 proprias
2027 5442 2395 5515 superscr._vel
2418 5457 2467 5498 e.
2502 5436 2576 5497 l".
2601 5436 3227 5515 pmprme_ecelesiac_2._
3248 5438 3397 5515 5._B.
3428 5437 3557 5515 B_a_l._
3618 5436 3681 5515 _“
3706 5452 3749 5491 r.

530 5528 629 5585 uae
672 5528 908 5585 canones
942 5506 1230 5585 prohibeht
1292 5514 1393 5585 Vn.
1470 5514 1517 5549 ⁸⁸
1540 5516 1677 5571 deest
1702 5506 1824 5585 Bal.
1852 5506 1899 5547 ⁵⁸
1926 5530 2034 5569 uno
2062 5506 2117 5567 ἶ.
2194 5514 2236 5585 ⁸7
2274 5513 2328 5567 (1.
2361 5520 2455 5568 aut
2478 5506 2676 5568 tres'C.
2702 5506 2899 5585 'Camb.
2933 5512 3098 5585 Sang.
3125 5510 3247 5585 Pal.
3282 5508 3412 5585 Reg.
3446 5508 3591 5585 Pilia.
3617 5506 3748 5585 rer.

536 5581 610 5659 al.
685 5583 737 5659 ’ἦ
760 5581 982 5659 cartani.
999 5581 1061 5637 V.
1110 5581 1508 5659 Vp._M.‘(c_ap._
1526 5584 1616 5659 illi.
1642 5585 1715 5659 “li.
1743 5584 1923 5659 M.)__'5.
1972 5657 1981 5659 Α
2018 5585 2064 5617 ⁸⁸
2092 5584 2391 5659 conductor
2412 5585 2467 5639 id
2490 5588 2573 5639 est
2602 5583 2903 5659 masnerius
2945 5581 3319 5659 linieonditor
3342 5582 3404 5659 ἓν»ἒ

488 5654 602 5726 suis
624 5654 929 5713 senioribus
953 5652 1189 5726 Langbd.
1215 5654 1281 5726 G.
1312 5649 1613 5726 PaL-Colb.
1639 5649 1878 5726 Sqngall.
1904 5657 2016 5726 suis
2060 5654 2531 5726 seniorisﬂlllor‘m.
2599 5654 2673 5726 A“
2722 5654 2937 5726 vicis_l.
2962 5652 3015 5726 2.
3048 5652 3203 5726 vieiis
3219 5651 3348 5726 ‘2b.
3384 5649 3439 5713 5,.

710 5732 937 5782 caveant
976 5720 1163 5781 desunt
1198 5722 1253 5781 4.
1343 5725 1391 5759 ⁸³
1417 5727 1639 5783 servitio
1685 5720 1783 5782 25.
1824 5726 1878 5780 4.
1908 5725 1961 5780 6.

2182 5734 2277 5781 eest
2299 5725 2354 5780 5.
2380 5737 2387 5743 ’
2452 5724 2501 5758 ⁸⁸
2527 5724 2831 5780 inﬁrmatus
2856 5724 3017 5782 fuerit
3055 5723 3123 5777 (ἱ.
3153 5720 3460 5782 inﬁrmatur
3484 5735 3533 5774 a.

489 5725 667 5781 dic....

3490 5579 3547 5617 ‘°-
3575 5579 3748 5641 existat

3542 5649 3587 5680 δ’
3612 5663 3749 5719 prac-

3584 5735 3636 5790 p.
3674 5726 3750 5771 aut

489 5796 584 5871 uti.
622 5795 729 5851 2b.
806 5795 853 5826 “
878 5794 1051 5871 tribus
1076 5794 1142 5852 G.
1209 5800 1265 5832 ν’
1293 5807 1405 5856 tres
1444 5796 1559 5859 Vat.
1587 5798 1637 5855 1.
1665 5795 1793 5871 Rey.
1830 5796 1976 5855 Τίνες.
2005 5795 2151 5853 Colb.
2178 5796 2344 5869 Sang.
2376 5807 2426 5853 et
2457 5805 2567 5853 tres
2597 5813 2739 5852 corr.
2766 5813 2831 5852 ex
2868 5796 3002 5852 duos
3025 5794 3077 5848 4.
3107 5793 3257 5853 item.
3300 5788 3437 5851 Bell.
3464 5791 3516 5856 ιι.
3546 5788 3627 5845 vel
3660 5796 3750 5849 uva

488 5865 584 5921 21).
618 5880 779 5920 manu
815 5865 1061 5921 secunda.

3802 898 3805 967 ἲ
