3874 6212
482 341 587 400 539

1264 321 1335 384 ιι..
1365 299 1615 383 cauom
1653 317 1869 380 usust
1905 316 2057 374 ore.
2098 276 2279 373 rtus
2315 312 2354 372 ι.
2398 314 2641 374 SEC'I‘IO
2677 313 2932 376 rerum.

3679 305 3771 358 Sis

485 460 616 524 pace
638 461 766 505 ven)
794 444 850 502 in
895 437 1171 499 exercitali
1219 437 1414 494 itinere
1454 406 1723 490 servanda
1768 443 1957 500 usque
1993 429 2062 484 ad
2092 432 2142 492 Α
2166 427 2223 483 ιιι
2250 427 2353 481 illis
2378 441 2507 483 vero
2549 425 2703 492 locis,
2739 425 2830 481 ubi
2863 422 3021 479 modo
3047 421 3132 478 via
3155 417 3640 477 etmansionatlci
3671 418 3715 448 "
3742 435 3768 472 a

489 523 766 599 marcham
790 534 958 604 ‘,.hoe
979 533 1229 590 omnibus
1251 540 1439 587 notum
1469 529 1585 583 ﬁeri
1616 526 1883 591 volumus,
1915 523 2062 594 quod

487 636 811 710 quicumque
839 635 1116 684 auctorem
1136 625 1317 683 damni
1343 623 1444 679 sibi
1475 619 1774 690 praeterito
1796 634 1940 686 anno
1975 618 2062 671 in-

489 723 582 780 lati
604 719 923 779 nominatim
951 715 1291 789 cognoscit’,
1323 722 1384 768 ut
1406 711 1666 768 iustitiam
1685 710 1755 766 de
1781 709 1873 764 illo
1898 721 2063 778 quae-

486 825 579 876 rat,
596 822 653 869 et
673 811 921 884 accipiat.

499 895 502 898 ’
558 905 645 963 15.
686 904 764 959 De
789 900 1200 964 denuntiatione,
1247 907 1302 952 ut
1325 897 1346 930 ⁸
1371 898 1462 969 qui
1504 897 1560 952 in
1581 897 1778 951 hostem
1819 903 2063 969 pergunt,

485 985 628 1061 suos,
653 995 744 1066 qui
767 994 822 1048 in
849 1009 945 1046 suo
966 990 1208 1061 obsequio
1231 997 1372 1054 sunt,
1397 987 1748 1058 unusquisque
1763 993 2062 1056 cognoscat.
2099 1042 2109 1056 ο

486 1086 747 1156 Deinceps
795 1092 976 1138 tamen
1025 1080 1277 1138 omnibus
1323 1077 1642 1134 denuntiare
1695 1076 1964 1143 volumus,
2000 1083 2062 1130 ut

451 1189 455 1194 '
485 1181 775 1249 cognoscat
822 1171 1206 1242 unusquisque,
1228 1167 1430 1226 omnes.
1453 1167 1547 1239 qui
1575 1169 1628 1224 in
1660 1183 1758 1224 suo
1801 1168 2065 1238 obsequio

486 1269 542 1325 in
565 1267 659 1327 tali
678 1266 876 1322 itinere
887 1268 1140 1334 pergunt,
1157 1261 1270 1328 sive
1292 1260 1376 1315 sui
1395 1258 1521 1327 sint,
1546 1260 1659 1314 sive
1680 1259 1858 1323 alieni,
1888 1266 1946 1314 ut
1971 1259 2064 1315 ille

486 1361 554 1416 de
589 1373 777 1415 eorum
807 1357 964 1414 tactis
987 1357 1250 1412 mtiomm
1281 1369 1345 1411 se
1387 1355 1525 1411 sciat
1547 1353 1880 1410 redditurum
1910 1370 1925 1419 ;
1962 1361 2019 1407 et
2042 1355 2062 1385 ³

485 1449 739 1522 quicquid
767 1450 868 1520 ipsi
898 1449 954 1504 in
977 1462 1112 1519 paco
1134 1445 1383 1503 violanda
1427 1445 1771 1516 deliquerint,
1804 1445 1872 1500 ad
1899 1443 2065 1515 ipsius

486 1542 644 1598 debet
671 1541 907 1612 plevium
933 1539 956 1572 ⁸
981 1539 1290 1617 pertinere;
1321 1553 1392 1593 ca.
1415 1537 1624 1594 scilicet
1661 1537 1987 1600 conditione,
2009 1543 2069 1589 ut

486 1631 633 1702 pacis
662 1629 892 1684 violator
927 1629 1161 1698 primum
1187 1625 1209 1658 ‘
1251 1627 1403 1703 iuxta
1433 1624 1689 1682 facinoris
1726 1626 2064 1696 qualitatem.

485 1719 599 1776 sive
623 1733 823 1794 coram.
839 1713 1015 1785 nobis,
1030 1718 1144 1773 sive
1167 1717 1189 1748 '
1220 1731 1405 1774 coram
1442 1717 1610 1772 misso
1636 1726 1840 1782 nostro,
1873 1717 2066 1788 dignas

485 1824 687 1881 poenas
724 1809 1035 1880 persolvat;
1063 1817 1120 1865 et
1163 1808 1344 1865 senior
1374 1808 1466 1880 qui
1490 1824 1675 1864 secum
1701 1810 1723 1841 ⁸
1753 1809 1916 1864 talem
1959 1809 2062 1868 du-

449 1921 452 1924 ’
484 1904 643 1969 xerit,
671 1919 834 1981 quem
859 1910 954 1958 aut
989 1881 1361 1973 constringere
1403 1902 1578 1958 noluit
1616 1908 1709 1958 aut
1738 1917 1845 1956 non
1866 1901 2060 1972 potuit,

486 2003 545 2051 ut
576 2001 818 2052 nostram
841 1992 874 2026 ’θ
892 1993 1184 2051 iussionem
1214 1999 1454 2049 servaret
1500 2001 1554 2048 et
1581 1993 1801 2064 insuper
1824 1994 1881 2048 in
1899 2008 2065 2064 regno

486 2092 681 2141 nostro
700 2084 930 2156 praedas
950 2083 1129 2143 facere
1165 2099 1273 2158 non
1300 2084 1533 2152 timeret,
1561 2100 1661 2157 pro
1707 2085 2062 2156 illiusnegle-

484 2174 685 2246 gentia,
707 2174 754 2229 si
779 2183 906 2231 ante
925 2174 1118 2229 “eum
1139 2163 1206 2232 de
1225 2174 1310 2230 bis
1327 2191 1437 2231 non
1465 2175 1824 2242 admonuerit,
1847 2186 1902 2232 et
1922 2184 2065 2247 past-

485 2281 646 2338 quam
693 2266 1033 2343 neglegentia
1086 2267 1476 2337 contemptoris
1524 2266 1592 2325 ad
1646 2267 1764 2323 eius
1813 2258 2063 2323 notitiam

483 2357 806 2430 pervenerit,
829 2372 952 2412 eum
988 2358 1262 2429 corrigere
1280 2357 1420 2412 sicut
1447 2357 1601 2414 decet
1629 2358 1942 2428 neglexerit,
1966 2359 2064 2416 ho-

485 2463 618 2505 nore
652 2462 749 2506 suo
793 2449 1069 2519 privetur;
1107 2455 1167 2504 ut
1218 2447 1424 2505 scilicet
1454 2457 1644 2504 neuter
1679 2448 1913 2515 illorum
1945 2451 2063 2506 sine

487 2539 624 2597 iusta
647 2539 881 2596 vindicta
905 2548 1182 2596 remaneat
1223 2539 1290 2594 “.
1956 2550 1959 2552 ‘

557 2650 654 2707 16..
701 2650 777 2706 De
819 2650 1221 2709 inhonoratione
1266 2653 1401 2724 regis
1447 2661 1655 2725 propter
1687 2652 2061 2725 neglegentiam

483 2755 673 2796 eorum
706 2740 798 2816 qui
836 2733 1117 2813 legatioan
1143 2740 1281 2798 male
1326 2743 1599 2813 recipiunt.
1641 2744 1716 2798 De
1773 2743 2064 2800 inhonora-

486 2830 631 2886 tione
658 2845 874 2902 quoque
917 2832 1061 2905 regis
1079 2839 1136 2889 et
1165 2832 1335 2904 regni,
1371 2842 1426 2886 et
1461 2834 1501 2863 ¹²
1549 2833 1689 2887 mala
1724 2832 1866 2887 fatua
1893 2833 1947 2888 in
1969 2848 2063 2888 ex-

488 2931 632 2978 teras
654 2923 900 2978 nationes
919 2923 1181 2995 dispersa,
1213 2931 1434 2995 propter
1453 2923 1845 2995 neglegentiam
1874 2939 2063 2982 eorum

485 3014 577 3086 qui
598 3013 896 3087 legationes
919 3015 986 3071 ad
1020 3031 1120 3074 nos
1169 3016 1420 3084 directas.
1452 3016 1507 3070 in
1543 3017 2063 3087 suismansionibus

485 3111 577 3159 aut
605 3102 744 3159 male
781 3098 1068 3174 recipiunt,
1090 3113 1184 3158 aut
1223 3105 1573 3180 constitutam
1596 3121 1628 3161 a
1669 3107 1826 3162 nobis
1864 3119 2060 3177 expen-
2092 3127 2140 3194 ς

485 3206 601 3247 sam
643 3207 752 3248 non
793 3193 1055 3261 tribuunt,
1087 3202 1180 3249 aut
1203 3197 1529 3265 paravereda
1586 3195 1629 3227 ⁸³
1672 3197 1800 3253 dare
1847 3199 2059 3267 nolunt,

485 3293 579 3342 aut
598 3282 742 3357 furto
785 3284 830 3316 ιδ
852 3284 1055 3356 aliquid
1082 3287 1162 3342 cis
1189 3287 1514 3357 subripiunt,
1539 3295 1633 3344 aut
1670 3289 1811 3359 quod
1833 3305 2058 3360 perpes-

487 3372 683 3434 simum
720 3380 823 3440 est,
844 3381 1058 3443 apertas
1079 3371 1364 3430 violentias
1410 3391 1504 3431 eos
1551 3376 1824 3433 caedendo
1877 3385 1935 3433 et
1977 3393 2066 3436 res

492 3479 678 3522 eorum
729 3464 1031 3536 diripieudo
1065 3465 1121 3520 in
1158 3465 1290 3536 ipsis
1343 3481 1600 3523 exercere
1663 3483 1771 3524 non
1807 3470 2065 3538 pertime-

488 3567 665 3626 scunt,
693 3559 797 3615 hoc
834 3557 1086 3623 Omnibus
1112 3569 1299 3616 notum
1341 3575 1462 3618 esse
1482 3562 1748 3628 volumus,
1783 3563 1928 3633 quod
1948 3563 2069 3633 qui-

487 3664 718 3721 cumque
737 3665 804 3706 ex
829 3644 914 3706 his
939 3651 1031 3721 qui
1057 3651 1293 3708 honares
1317 3661 1530 3712 nostros
1551 3653 1752 3709 habent
1777 3654 1820 3685 "
1838 3694 1853 3721 ,
1871 3655 2072 3711 abhinc

490 3740 879 3813 neglegentiam
921 3742 1062 3801 hanc
1092 3741 1440 3798 “emendare
1465 3759 1571 3799 non
1593 3743 1881 3799 certaverit
1905 3744 1967 3810 ³⁷,
2014 3754 2070 3800 et

487 3845 616 3887 suos
645 3829 911 3897 homines,
937 3825 1030 3902 qui
1056 3833 1174 3888 eius
1196 3833 1314 3889 vice
1357 3832 1462 3889 hoc
1486 3847 1644 3905 agere
1678 3834 1892 3902 debent,
1924 3843 1985 3889 ut
2014 3835 2073 3891 id
2127 3864 2133 3869 ο

428 3974 431 3975 ν
490 3924 626 3979 bene
647 3923 930 3994 perﬁciant
960 3939 1066 3980 non
1097 3918 1431 3992 instruxerit,
1465 3935 1558 3987 aut
1581 3942 1688 3982 non
1719 3927 1762 3960 ¹⁸
1800 3928 2070 3984 constrin-

487 4013 630 4068 xerit
656 4021 713 4069 ut
739 4013 962 4070 ulterius
987 4014 1120 4072 illud
1148 4015 1429 4086 neglegere
1463 4031 1568 4071 non
1604 4025 1952 4087 praesumant
1980 4017 2024 4050 "
2051 4059 2067 4086 ,

488 4111 543 4162 et
569 4102 824 4158 honorem
864 4110 1110 4158 nostrum
1140 4111 1195 4159 et
1221 4119 1446 4176 regnum
1473 4107 1628 4162 nobis
1654 4107 1698 4138 ³ο
1724 4109 2069 4164 commissum

491 4191 758 4252 custodire
789 4193 1188 4264 contempserit,
1218 4209 1320 4251 nec
1343 4202 1589 4251 nostrum
1646 4211 1748 4253 nec
1777 4198 1926 4268 regni
1972 4213 2072 4253 no-

490 4285 588 4341 stri
614 4285 872 4340 honorem
897 4283 1125 4344 ulterius
1153 4285 1404 4342 nolumus
1430 4288 1474 4318 ²¹
1505 4299 1561 4342 ιιι
1585 4288 1813 4352 habeat;
1849 4289 1943 4343 sed
1971 4305 2071 4344 vo—

492 4379 686 4444 lumus,
716 4385 774 4435 ut
803 4379 1171 4453 unusquisque
1205 4379 1441 4439 ﬁdelium
1476 4390 1786 4440 nostrorum
1813 4398 2072 4454 procura-

2165 516 2407 588 genitore
2453 523 2640 570 nostro
2689 521 2744 570 et
2772 527 2804 567 a
2840 512 2996 568 nobis
3019 526 3119 582 per
3175 509 3479 581 capitulare
3523 507 3770 564 ordinati

2164 615 2310 672 sunt,
2347 607 2540 662 missos
2572 605 2639 662 ad
2671 606 2777 661 hoc
2801 604 3107 674 specialiter
3141 602 3490 668 constitutos,
3536 601 3648 671 qui
3677 600 3772 655 hoc

2166 698 2212 729 "
2253 696 2449 768 iugiter
2474 695 2841 766 praevideant,
2886 695 3140 761 habeant,
3176 701 3237 750 ut
3288 693 3476 748 omnia
3527 694 3771 764 quaead

2112 779 2381 873 "easdem
2434 787 2728 857 legationes
2783 785 3160 856 suscipiendas
3216 785 3515 856 pertinent,
3583 783 3774 840 ﬁdeles

2136 877 2336 935 ~nostri
2358 880 2427 936 ad
2450 880 2555 936 hoc
2580 879 2863 935 constituti
2901 879 2970 933 ad
3020 886 3231 948 tempus
3259 891 3606 948 praeparare
3657 885 3769 950 stu;

2164 972 2346 1038 deant,
2381 981 2568 1028 utnon
2595 982 2721 1027 tunc
2741 971 2814 1027 sit
2842 978 3066 1027 necesse
3084 969 3153 1026 'de
3185 969 3344 1041 longe
3375 984 3660 1042 quaerere
3696 972 3773 1024 vel

2163 1065 2447 1130 adducere,
2472 1064 2684 1136 quando
2707 1072 2918 1134 tempus
2940 1072 3025 1119 est
3044 1062 3142 1118 illa
3165 1062 3294 1118 dare
3316 1061 3400 1116 vel
3423 1060 3768 1131 persolvere.

2163 1154 2222 1210 In
2270 1155 2467 1211 ceteris
2495 1169 2624 1210 vero
2657 1153 2790 1209 locis
2819 1169 2918 1223 per
2967 1161 3139 1208 totum
3183 1150 3475 1220 imperium
3511 1157 3767 1207 nostrum

2165 1250 2531 1320 unusquisque
2574 1249 2810 1306 ﬁdelium
2861 1255 3197 1312 nostrorum,
3220 1252 3275 1300 et
3306 1259 3406 1316 per
3461 1256 3526 1299 se
3559 1251 3631 1298 ct
3679 1255 3768 1312 per

2164 1342 2444 1399 ministros
2471 1357 2620 1409 suos,
2656 1341 2798 1398 sicut
2841 1339 3097 1404 diximus,
3133 1335 3377 1393 sedulam
3419 1333 3769 1408 vigilantiam

2164 1433 2420 1493 adhibeat
2445 1433 2512 1486 ε’.
3580 1495 3591 1504 ⁸

2236 1526 2324 1583 18.
2362 1524 2442 1581 De
2481 1523 2836 1579 admonitione
2863 1521 3021 1578 unius
3060 1528 3294 1579 monetae
3339 1517 3407 1572 ³⁸.
3443 1517 3767 1573 Demoneta
3842 1517 3843 1583 ᾗ

2163 1629 2314 1682 vero,
2339 1615 2481 1673 unde
2505 1617 2614 1670 iam
2649 1628 2746 1686 per
2780 1622 2891 1670 tres
2915 1628 3091 1667 annos
3127 1618 3182 1666 et
3213 1609 3657 1667 admonitionem
3688 1606 3765 1662 fe-
3842 1633 3843 1642 ι

2166 1711 2358 1776 cimus,
2387 1711 2453 1766 ’et
2479 1717 2692 1781 tempus
2719 1706 2932 1779 quando
2955 1719 3061 1761 una
3085 1710 3363 1760 teneretur
3398 1709 3456 1757 et
3479 1700 3632 1756 aliae
3653 1716 3766 1757 οω-
3842 1739 3843 1766 χ

2167 1817 2264 1863 nes
2289 1808 2566 1859 cessarent
2587 1799 2987 1865 constituimus,
3009 1797 3115 1854 hoc
3137 1795 3391 1853 omnibus
3419 1803 3620 1853 notum
3649 1807 3768 1850 esse
3842 1789 3843 1800 ‘

2164 1893 2431 1958 volumus,
2463 1871 2717 1963 quodiam
2762 1897 2823 1945 ut
2856 1889 3059 1958 absque
3084 1887 3196 1947 ulla
3243 1885 3607 1943 excusatione
3660 1884 3766 1941 cito

2164 1984 2336 2056 possit
2367 1981 2664 2045 emendari,
2708 1979 2942 2050 spatium
2990 1971 3161 2048 usque
3194 1977 3262 2032 ad
3308 1976 3536 2032 missam
3585 1976 3766 2032 sancti

2166 2074 2382 2130 Martini
2415 2072 2546 2130 dare
2593 2070 2954 2134 decrevimus,
2983 2076 3044 2125 ut
3089 2067 3462 2138 unusquisque
3495 2068 3764 2123 comitum

2163 2169 2221 2224 in
2248 2168 2362 2224 suis
2391 2164 2706 2221 ministeriis
2725 2161 2793 2220 de
2825 2162 2929 2219 hoc
2950 2161 3242 2217 iussionem
3275 2169 3524 2215 nostram
3549 2158 3595 2190 ⁸⁹
3635 2167 3762 2214 tunc

2163 2259 2340 2331 possit
2368 2257 2571 2312 habere
2592 2252 2978 2324 adimpletum;
3013 2251 3271 2324 quatinus
3311 2250 3382 2306 ab
3407 2249 3504 2306 illa
3529 2248 3624 2306 die
3653 2265 3764 2305 non

2163 2353 2267 2407 alia
2281 2349 2454 2416 “,scd
2476 2347 2566 2403 illa
2585 2345 2697 2404 sola
2721 2360 2819 2416 per
2843 2351 3012 2400 totum
3037 2357 3260 2414 regnum
3281 2347 3529 2396 nostrum
3553 2341 3626 2396 ab
3646 2355 3758 2396 om-

2163 2442 2323 2498 nibus
2335 2440 2618 2505 habeatur,
2633 2438 2779 2493 iuxta
2794 2435 2940 2490 illam
2961 2433 3423 2499 constitutionem,
3437 2433 3581 2488 sicut
3595 2432 3654 2487 in
3667 2448 3756 2488 ca-

2160 2532 2364 2603 pitulis,
2379 2545 2518 2601 quae
2547 2530 2612 2585 de
2637 2528 2739 2584 hac
2759 2542 2818 2584 re
2839 2526 2949 2582 illis
2971 2525 3259 2582 comitibus
3283 2523 3528 2579 dedimus
3551 2523 3612 2580 in
3631 2538 3756 2593 quo-

2163 2641 2283 2682 rum
2311 2621 2629 2680 ministeriis
2649 2628 2863 2700 moneta
2889 2617 3207 2691 percutitur,
3235 2615 3598 2671 constitutum
3632 2621 3752 2669 est:

2163 2717 2288 2788 quia
2318 2725 2446 2772 tunc
2479 2714 2728 2772 volumus
2759 2711 2955 2767 missos
2997 2718 3213 2766 nostros
3247 2707 3418 2766 huius
3451 2707 3530 2762 rei
3582 2706 3754 2778 gratia

2163 2806 2396 2877 dirigere
2421 2819 2518 2875 per
2547 2802 2786 2886 singulos
2805 2801 3114 2866 comitatus,
3146 2798 3237 2887 qui
3261 2798 3547 2869 diligenter
3574 2797 3752 2867 inqui-

2163 2904 2302 2963 rant,
2341 2897 2575 2968 qualiter
2619 2895 2845 2971 comites
2879 2894 2933 2948 in
2961 2895 3063 2950 hoc
3107 2892 3403 2947 iussionem
3436 2899 3686 2946 nostram
3714 2889 3752 2919 ³³

2163 2987 2455 3059 adimplere
2489 2993 2834 3042 certaverint.
2875 2983 2943 3038 Et
2967 2983 3293 3054 quicumque
3315 2979 3609 3052 neglegens
3637 2979 3758 3034 inde

2168 3073 2422 3138 inventus
2455 3079 2636 3145 fuerit,
2672 3077 2921 3133 volumus
2954 3083 3015 3132 ut
3060 3083 3184 3130 ante
3225 3082 3466 3130 nostram
3500 3087 3756 3143 praescn—
3842 3099 3843 3116 γ

2172 3174 2301 3229 tiam
2332 3170 2653 3244 quantocius
2685 3169 2870 3226 venire
2892 3167 3159 3234 iubeatur,
3187 3173 3243 3223 et
3274 3164 3318 3196 ⁸¹
3354 3165 3624 3220 rationem
3648 3162 3760 3217 red-

2171 3265 2282 3329 dat,
2323 3270 2504 3320 utrum
2536 3262 2640 3318 hoc
2696 3261 2840 3330 quod
2874 3257 3129 3314 iussimus
3170 3254 3352 3311 facere
3379 3254 3621 3310 noluerit
3673 3261 3764 3306 aut
3842 3287 3843 3306 η

2170 3370 2275 3412 non
2303 3353 2576 3424 potiterit;
2613 3359 2705 3407 aut
2729 3351 2776 3408 si
2808 3349 2854 3382 ⁸³
2885 3349 3064 3418 aliqua
3099 3361 3159 3403 re
3189 3345 3570 3417 praepediente
3599 3343 3663 3399 id
3686 3342 3758 3397 la-

2171 3461 2294 3501 cere
2324 3459 2430 3500 non
2465 3443 2641 3514 potuit
2668 3441 2714 3473 ³⁸
2743 3473 2766 3509 ~,
2803 3455 2901 3496 cur
2930 3437 3087 3494 nobis
3124 3437 3294 3507 ipsam
3326 3435 3373 3467 "
3404 3432 3756 3504 impossibili-

2172 3543 2336 3591 tatem
2361 3535 2428 3590 ad
2455 3543 2665 3604 tempus
2684 3547 2792 3588 non
2817 3528 3191 3596 adnuntiavit;
3230 3526 3356 3598 quia
3382 3526 3427 3581 si
3455 3525 3570 3596 ipse
3592 3523 3647 3556 ⁸⁸
3673 3533 3758 3578 aut

2171 3646 2280 3686 non
2314 3628 2500 3693 voluit,
2533 3634 2628 3682 aut
2657 3640 2787 3682 suae
2835 3620 3210 3694 neglegentiae
3238 3633 3399 3674 causa
3431 3615 3756 3700 nonpotuit,

2172 3738 2271 3780 nos
2301 3721 2461 3776 talem
2512 3717 2754 3774 invenire
2781 3716 3047 3780 volumus,
3076 3712 3168 3783 qui
3206 3711 3310 3766 hoc
3340 3709 3484 3780 quod
3511 3708 3758 3763 iubemus

2171 3827 2388 3870 servare
2416 3811 2544 3868 velit
2573 3818 2626 3866 et
2653 3809 2842 3880 possit.
2886 3806 2957 3862 Ut
2989 3812 3169 3860 autem
3205 3802 3372 3858 iussio
3415 3801 3459 3833 ⁸⁷
3487 3809 3683 3856 nostra
3711 3799 3760 3853 in

2171 3905 2274 3962 hac
2303 3920 2363 3960 re
2391 3903 2553 3960 citius
2602 3900 2904 3972 impleatur,
2955 3896 3205 3952 volumus
3237 3899 3298 3948 ut
3331 3891 3666 3963 quicumque
3699 3888 3760 3945 ab

2171 3996 2262 4054 illa
2287 3997 2376 4052 die
2405 3995 2571 4051 alium
2594 3993 2875 4050 denarium
2911 3985 3221 4061 negotiandi
3250 3999 3413 4041 causa
3449 3981 3766 4054 protulerit,

2170 4102 2204 4145 ε
2228 4089 2425 4144 comite
2449 4095 2503 4143 et
2532 4083 2794 4141 ministris
2818 4083 2936 4137 eius
2965 4077 3243 4137 auferatur
3271 4077 3339 4133 ab
3372 4090 3459 4131 eo.

2246 4203 2334 4258 19.
2373 4201 2453 4255 De
2496 4199 2706 4254 iniustis
2729 4194 3001 4252 theloneis.
3043 4189 3312 4247 Similiter
3338 4199 3560 4258 quoque
3583 4185 3651 4240 de
3679 4185 3758 4240 in-

2174 4293 2334 4349 iustis
2366 4289 2652 4353 theloneis,
2678 4289 2743 4344 de
2775 4286 2973 4358 quibus
3013 4283 3245 4355 qualiter
3289 4276 3358 4336 ab
3380 4278 3634 4334 omnibus
3660 4278 3758 4333 ob-

2173 4383 2496 4439 servandum
2531 4387 2694 4444 esset,
2723 4386 2777 4433 et
2822 4375 3072 4446 capitulis
3105 4371 3506 4435 constituimus,
3555 4375 3613 4424 et
3639 4382 3758 4424 crc-

492 4479 642 4535 tores
671 4485 852 4527 rerum
894 4487 1115 4529 suarum
1157 4472 1226 4529 de
1252 4473 1338 4533 his
1370 4475 1677 4546 specialiter
1715 4477 1945 4530 instruat
2000 4477 2067 4542 ",
2103 4495 2152 4555 ι)
2174 4475 2440 4532 berrimas
2470 4472 2861 4529 admonitiones
2907 4467 3155 4543 fecimus,
3187 4462 3449 4537 praedicti
3484 4460 3640 4516 missi
3670 4475 3760 4517 no.-

494 4572 555 4629 ut
583 4564 1024 4641 quandocumque
1071 4575 1126 4620 ct
1149 4568 1518 4640 undecumque
1546 4567 1743 4640 legatio
1772 4568 2068 4636 advenerit,

496 4669 550 4721 et
582 4669 673 4716 aut
716 4660 924 4721 litteras
979 4669 1075 4717 aut
1119 4662 1340 4723 missum
1369 4663 1624 4728 viderint,
1651 4662 1945 4718 honoriﬁce
2007 4659 2072 4716 il-

496 4756 657 4810 lam"
673 4757 727 4812 in
750 4759 899 4815 omni
913 4759 1032 4814 loco
1054 4757 1268 4829 imperii
1286 4756 1476 4823 nostri,
1504 4764 1724 4826 propter
1746 4763 1992 4811 nostrum
2019 4764 2074 4810 et

498 4849 661 4906 tctius
687 4853 838 4924 regni
869 4852 1150 4914 honorem,
1182 4864 1369 4906 omnes
1397 4850 1672 4920 suscipere
1697 4849 1910 4904 valeant
1945 4848 2013 4902 ’³.

568 4945 654 5009 17.
693 4944 772 5000 De
802 4943 931 5016 locis
953 4945 1008 4999 in
1030 4943 1216 5017 quibus
1243 4941 1528 5013 legationes
1559 4941 1886 5014 recipiendae
1929 4949 2070 4997 sunt.

2171 4570 2271 4626 stri
2299 4569 2543 4625 volumus
2564 4574 2624 4623 ut
2645 4563 3046 4636 inquisitionem
3069 4559 3287 4624 faciant,
3303 4572 3335 4613 a
3357 4555 3553 4627 quibus
3577 4561 3768 4611 nostra.

2171 4663 2338 4718 iussio
2359 4662 2412 4717 in
2427 4661 2538 4715 hoc
2557 4656 2864 4728 adimplcta,
2882 4670 2913 4710 a
2935 4654 3130 4724 quibus
3149 4664 3364 4723 quoque
3389 4648 3460 4703 sit
3483 4644 3756 4716 neglecta;

2127 4781 2130 4784 ~
2173 4761 2228 4809 et
2251 4767 2373 4808 cum
2395 4750 2486 4820 qui
2509 4748 2730 4820 implere
2765 4745 2999 4817 neglexit
3026 4750 3118 4798 aut
3151 4740 3385 4806 distulit,
3420 4739 3488 4793 ad
3516 4743 3758 4792 nostram

2174 4845 2424 4901 volumus
2459 4849 2520 4899 ut
2548 4841 2728 4897 veniat
2757 4840 2935 4896 iussus
2988 4833 3372 4907 praesentiam,
3410 4839 3470 4886 ut
3519 4827 3638 4884 cito
3683 4843 3760 4880 ra-

2147 4939 2378 4997 'tionem
2407 4938 2475 4997 de
2496 4935 2603 5002 his,
2647 4935 2787 4992 sicut
2817 4930 3066 5007 superius
3091 4927 3344 4992 diximus,
3374 4921 3608 4988 reddat;
3637 4927 3695 4976 et
3720 4918 3757 4972 si

1731 5101 2123 5158 VARIANTES
2145 5097 2546 5157 LECTIONES.

575 5249 593 5280 ί
623 5261 861 5303 marcam
887 5241 973 5303 i“.
1028 5245 1052 5262 ‘
1071 5245 1092 5276 '
1117 5242 1485 5315 cognoscat}.

505 5405 622 5445 mus
644 5389 697 5443 5.
771 5386 793 5419 "
821 5382 956 5442 cfn.
986 5401 1032 5440 s.
1058 5385 1243 5439 desunt
1274 5382 1339 5438 ϐ.
1414 5384 1435 5414 ⁸
1457 5398 1580 5438 eum
1604 5382 1668 5435 B.

502 5458 667 5532 pitula
695 5457 863 5532 addit.
961 5456 1171 5532 ‘ﬁqdeest
1198 5457 1250 5510 5.

507 5525 594 5582 bet
615 5529 666 5582 5.
764 5527 808 5558 ³⁸
830 5527 966 5580 deest
994 5527 1074 5580 1’.
1101 5525 1153 5578 4.

1573 5242 1694 5319 {De
1716 5240 1769 5319 tl.
1797 5257 1849 5319 (ι.
1879 5237 1932 5293 in
1963 5239 2017 5294 h.
2044 5255 2099 5309 p.
2133 5236 2352 5319 (reliqua
2375 5232 2584 5319 desunt)
2609 5232 2676 5286 Β.

501 5322 554 5376 3.
587 5315 720 5373 Bell.
745 5315 846 5370 Til.
871 5305 1213 5394 pluuium‘B:
1227 5313 1367 5368 Pitlt.
1400 5312 1523 5366 Par.
1551 5313 1666 5367 Diu.
1693 5305 1934 5380 pluvium
1974 5305 2110 5364 corr.
2143 5305 2373 5380 'plivium
2400 5305 2547 5367 Rem,
2573 5319 2640 5373 pe

505 5405 618 5412 __-._a
644 5389 674 5412 ἰ
771 5386 793 5412 Ι
824 5402 850 5412 ι.
902 5402 932 5412 ..
986 5401 1010 5412 .-
1062 5385 1243 5412 Α--....ο
1274 5382 1315 5412 Ρ
1414 5384 1435 5412 8
1460 5398 1578 5412 num
1611 5382 1648 5412 Ι)
1763 5382 1782 5412 ο
1807 5389 2041 5412 vani-nam
2069 5378 2111 5412 ί]
2240 5379 2283 5410 io
2309 5385 2464 5412 onlan
2502 5376 2564 5412 ΑΨ

1457 5398 1580 5438 eum
1604 5382 1668 5435 B.
1695 5378 1712 5380 ’
1763 5382 1782 5412 ⁹
1807 5389 2042 5435 vestram
2069 5378 2164 5434 G.‘
2240 5379 2283 5410 ¹⁰
2308 5385 2467 5430 antea
2502 5378 2584 5427 l".
2665 5378 2703 5404 “
2735 5383 2984 5426 remanca

1448 5454 1490 5485 "
1511 5469 1675 5524 parva
1701 5451 1927 5524 reddare
1953 5468 2006 5504 n.
2044 5451 2126 5524 if.
2149 5463 2313 5518 parva
2340 5445 2496 5501 redos
2602 5441 2893 5524 parvarcda

1269 5503 1675 5580 1"Hcertavrcrintw
1694 5503 2189 5583 ξζῖνίήὲὶτὶιχετίηί,
2219 5559 2233 5573 .
2263 5557 2276 5570 .
2307 5503 2760 5571 ,οοιιειτίηιξεινὶιιι
2805 5509 2980 5583 atad.
3011 5510 3062 5563 6.
3093 5507 3158 5561 Β.

2784 5230 2808 5261 ⁸
2834 5237 2892 5282 ιιι
2912 5229 2963 5281 1.
2989 5225 3043 5280 4.
3121 5226 3142 5257 ⁸
3167 5222 3401 5296 plcuium
3424 5220 3510 5274 l“.
3533 5217 3757 5291 plinium

2734 5302 2842 5352 ium
2876 5291 2948 5352 Ν.
2976 5297 3271 5352 periculum
3301 5289 3508 5352 reliqui.
3609 5290 3634 5320 ⁸
3659 5290 3757 5352 pri-

2240 5297 2373 5361 vium
2400 5305 2547 5367 Rem.
2566 5297 2842 5373 'peculium
2876 5297 2948 5352 Ν.
2976 5297 3271 5368 periculum
3301 5297 3508 5362 reliqui.
3609 5297 3634 5320 '
3659 5297 3759 5359 pri-

2240 5379 2283 5410 ¹⁰
2308 5385 2467 5446 antea
2502 5376 2584 5427 ιιι.
2665 5374 2703 5404 “
2735 5375 3048 5446 remaneant
3151 5397 3221 5446 :—
3243 5361 3347 5446 lIic
3427 5373 3760 5446 qualitercu-

3082 5438 3124 5469 ¹¹⁵
3152 5434 3336 5489 furtim
3368 5433 3417 5484 1.
3439 5429 3516 5484 Β.
3597 5430 3646 5460 ’⁸
3674 5429 3758 5482 ha-

3095 5507 3158 5555 B.
3183 5503 3247 5555 G.
3349 5503 3392 5534 ¹⁸
3419 5500 3564 5555 deest
3593 5499 3685 5552 1⁸.
3709 5500 3756 5554 3.

510 5569 966 5665 ἱῗῖιῖςὶρευηιξίῐῖξ
996 5569 1017 5580 ’
1040 5569 1084 5627 ιδ
1108 5569 1258 5650 tam.
1276 5569 2480 5665 δ.””ὶῖ“ιὲὄὶιίἰῆυέ’ῖέ.ίὲῖὸῖῗῆἶὲίάωυὶᾑβ.
2546 5586 2591 5665 ff
2618 5581 2844 5665 iuuari.
2871 5580 2949 5663 ε’*
2977 5595 3083 5665 non
3109 5569 3600 5665 ηοξιςςειιιιξέχζζ
3603 5583 3759 5665 33139;

509 5663 766 5723 sititttitica
789 5666 873 5728 ,6.
971 5667 1016 5698 ³⁸
1041 5668 1092 5721 in
1137 5668 1240 5721 hoc
1264 5665 1328 5719 Β.
1440 5667 1482 5698 ⁸⁷
1517 5665 1806 5720 adhibeant
1830 5663 1884 5716 5.

1977 5663 2021 5693 ⁸⁸
2047 5663 2332 5716 admonete
2358 5658 2440 5711 1⁸.

2549 5657 2592 5687 ⁸⁸
2620 5636 2720 5709 hac
2757 5651 2992 5707 iussione
3026 5636 3210 5702 nostra
3247 5636 3297 5699 1ἶ
3408 5639 3678 5714 "aliqua
3704 5636 3758 5690 Β.
3842 5687 3843 5696 χ

509 5708 999 5792 ἶιιςς.
1264 5708 1356 5766 μί’
1382 5708 1884 5792 ut
1945 5732 1990 5765 ⁸³
2493 5726 2537 5760 ³⁸
2570 5708 2825 5797 potuerit.
2865 5729 2956 5776 aut
2979 5736 3026 5775 c.
3059 5715 3125 5773 ὓ.
3201 5715 3246 5747 ³⁸
3293 5713 3430 5768 deest
3469 5711 3554 5766 l“.
3588 5708 3600 5714 ⁷
3632 5708 3682 5742 ³⁸
3712 5723 3758 5778 q.
3842 5719 3843 5776 ζ

511 5813 698 5864 sub‘se
722 5828 771 5863 ιι.
797 5809 848 5863 ὖ.
931 5809 969 5842 "
1003 5818 1055 5864 et
1089 5809 1125 5864 i.
1155 5807 1198 5861 l.
1225 5807 1280 5864 4.
