3846 6218
414 278 523 359 815

1253 291 1319 353 Β.
1357 288 1608 350 canon
1645 256 1861 348 mest
1896 284 2049 347 ore.
2089 283 2270 344 rans
2307 282 2351 341 l.
2390 281 2635 343 smne
2670 285 2905 345 ιηιιιιΑ.
3586 288 3669 345 sn

418 414 537 465 nui
560 408 839 464 missorum
886 404 1194 478 pertinente.
1244 400 1722 469 Commemoratlo,
1779 399 1909 472 quid
1937 372 2081 462 adiA
2107 388 2310 464 scmus,
2337 412 2446 453 non
2480 395 2559 452 sic
2589 394 2749 454 nobis
2795 412 3115 470 responsum
3162 394 3265 467 est,
3290 406 3351 455 ut
3392 396 3449 455 in
3497 413 3560 456 eo
3600 416 3670 455 re-

417 498 815 570 praedictorum
829 496 1118 551 missorum
1139 482 1468 569 legationem.
1484 492 1773 565 pertineat.
1800 490 2004 565 Primo,

418 594 482 641 ut
532 592 855 643 conventum
882 584 899 616 ¹
932 574 989 639 in
1035 580 1247 639 duobus
1277 589 1370 636 aut
1393 574 1571 637 tribus
1612 579 1748 636 locis
1776 592 2005 651 congre-

416 662 573 750 gent,
602 677 703 735 ubi
722 692 914 734 omnes
938 674 1008 732 ad
1037 690 1226 735 eorum
1252 674 1273 705 '
1301 674 1625 745 legationem
1671 672 2006 745 pertinentes

413 769 707 825 convenire
760 768 1009 840 possint;
1046 776 1105 823 et
1120 767 1391 823 omnibus
1437 766 1765 839 generaliter
1815 774 2004 822 notum

418 859 639 927 iaciam.
673 859 850 930 qualis
875 857 1398 928 siteorumlegatio,
1431 856 1640 913 scilicet
1666 856 2006 914 adbocesse

414 949 1369 1019 seanobis'missoseoustitulos,
1402 958 1465 1005 ut
1494 949 1540 1004 si
1584 948 1857 1019 quilibet‘
1886 949 2006 1019 epi-

412 1056 612 1114 scopus
653 1050 749 1099 aut
778 1056 966 1111 coms
1009 1030 1371 1097 ministerium
1402 1054 1561 1097 suum
1605 1055 1703 1111 per
1731 1039 2008 1111 quodlibet

412 1135 861 1207 impeditae-tun
892 1133 1120 1209 implere
1151 1147 1262 1189 non
1294 1122 1495 1204 possit,
1536 1133 1607 1188 ad
1635 1132 1660 1166 ⁸
1692 1147 1790 1189 cos
1823 1146 2007 1189 recur-

413 1234 525 1294 rat,
550 1235 607 1283 et
646 1241 773 1291 eum
815 1240 1009 1282 eorum
1053 1222 1327 1303 adiutorio
1356 1223 1379 1257 '
1428 1222 1795 1290 ministerium
1843 1238 2003 1300 suum

410 1317 433 1354 '
452 1308 789 1388 adimpleat;
813 1324 872 1372 et
912 1314 1108 1371 si'talis
1134 1329 1299 1372 causa
1321 1313 1489 1369 luerit
1515 1327 1656 1385 quae
1683 1328 1780 1385 per
1812 1327 2003 1369 eorum

410 1408 838 1467 admonitionem
869 1406 1147 1465 emendari
1181 1405 1205 1439 ⁸
1258 1420 1367 1475 non
1407 1404 1604 1476 possit,
1650 1418 1749 1476 per
1790 1417 1887 1462 eos
1933 1404 2001 1460 ad

410 1508 651 1558 nostram
672 1497 920 1556 notitiam
947 1496 1243 1554 delentur.
1270 1496 1410 1554 Etsi
1442 1494 1583 1553 forte
1604 1497 1887 1568 episcopus
1908 1504 2005 1553 aut

408 1610 595 1653 carnes
643 1573 849 1667 aliquid
892 1590 1267 1665 neglegentius
1297 1590 1355 1647 in
1383 1605 1486 1648 suo
1514 1590 1821 1648 ministerio
1877 1604 2003 1662 ege-

408 1687 521 1744 rit‘
543 1727 562 1753 ,
586 1701 689 1759 per
722 1686 951 1743 istorum
972 1682 1403 1741 admonitionem
1442 1683 1769 1755 corrigatur.
1794 1683 1864 1739 Et
1882 1696 2004 1740 om-

2106 490 2306 561 sponso
2323 487 2574 545 suilicere
2591 488 2861 559 potuisset
2876 489 2945 547 ad
2961 491 3189 548 eandem
3200 492 3244 524 ’τ
3265 489 3670 561 dispositionem,

2106 595 2269 652 quam
2290 593 2472 638 rerum
2496 581 2793 639 necessitas
2817 583 2884 637 ad
2909 595 3247 639 communem
3270 582 3558 639 utilitatem
3578 598 3674 654 per-

2106 670 2396 727 tinentium
2421 685 2649 741 poscere
2678 671 2725 709 ³³
2752 660 3057 739 videbatur,
3108 672 3194 729 vel
3226 686 3369 743 quae
3409 672 3563 729 nobis
3596 674 3673 729 ali-

2105 763 2251 835 quod
2284 764 2595 820 securitatis
2639 763 2897 833 solatium
2945 762 3141 821 altene
3183 764 3473 835 potuisset.
3498 763 3564 819 Et
3588 766 3672 823 hoc

2104 853 2229 910 ideo
2256 852 2301 885 ’θ
2330 852 2579 910 evenisse
2624 852 3017 925 perspeximus,
3046 853 3173 924 quia
3209 868 3362 911 anno
3383 855 3670 926 praeterito,

2057 1004 2065 1017 ,
2103 946 2328 1015 quando
2362 944 2660 1015 capitulare
2687 944 2975 1016 legationis
2992 953 3210 1001 vestrae
3232 945 3391 1002 vobis
3435 944 3671 1011 dedimm,

2101 1046 2262 1096 caute
2290 1053 2390 1111 vos
2407 1037 2705 1095 observare
2730 1036 3013 1105 iussimus,
3037 1049 3107 1093 no
3130 1036 3250 1093 sine
3270 1030 3441 1092 eausa
3462 1034 3547 1091 bis
3561 1050 3673 1105 quos

2103 1129 2545 1187 bonorstosesss
2583 1128 2860 1196 volumus,
2882 1128 3073 1200 aliqua
3098 1126 3253 1184 ﬂeret
3292 1126 3513 1184 iniuria.
3548 1126 3672 1195 Qua-

2102 1228 2324 1291 propter
2366 1220 2619 1297 volumus
2662 1219 2819 1276 vobis
2842 1226 3029 1275 notum
3064 1216 3267 1284 facere,
3303 1216 3534 1288 qualiter
3554 1233 3674 1274 me

2101 1312 2216 1370 Deo
2240 1311 2286 1345 ³⁸
2307 1312 2601 1369 adiuvante
2622 1311 2848 1368 eandem
2876 1310 3179 1367 iussionem
3196 1316 3443 1367 nostram
3464 1309 3676 1368 debeatis

2101 1403 2418 1476 adimplere.
2457 1402 2742 1471 Volumus,
2792 1411 2854 1458 ut
2898 1403 3051 1460 missi
3104 1403 3300 1472 nostri,
3338 1416 3481 1474 quos
3504 1404 3567 1459 ad
3592 1402 3676 1461 boc

2098 1482 2427 1554 constitutos
2447 1495 2735 1562 habemus,
2759 1502 2822 1551 ut
2856 1509 3046 1576 curam
3071 1503 3129 1553 et
3166 1494 3579 1552 sollicitudinem
3596 1495 3676 1552 ba-

2100 1587 2269 1646 beant
2306 1587 2568 1661 quatinus
2588 1585 2634 1620 ⁸⁸
2665 1586 3039 1658 unusquisque
3063 1588 3159 1659 qui
3183 1588 3230 1620 ³⁸
3268 1596 3457 1645 rector
3490 1603 3521 1643 a
3543 1589 3677 1647 nobis

2099 1678 2286 1749 populi
2336 1676 2869 1736 nostriconstitutus
2906 1678 3678 1748 est”,lnsuoordineoﬂ-

405 1780 494 1836 Iis
531 1758 763 1851 populus
801 1768 958 1843 sciat,
982 1775 1052 1833 ad
1071 1775 1178 1832 bac
1199 1788 1297 1832 eos
1332 1773 1378 1827 ιο
1411 1788 1536 1832 esse
1568 1774 1922 1857 constitutos,
1941 1780 2003 1830 ut
2031 1758 2079 1823 Β
2104 1772 2250 1828 cium
2295 1769 2399 1828 sibi
2425 1770 2797 1829 commissum.
2824 1771 2968 1829 iuste
2990 1785 3057 1829 ac
3075 1770 3191 1830 Deo
3212 1770 3415 1843 placito
3440 1772 3508 1829 ad
3533 1773 3677 1831 bono-

407 1871 735 1943 qnicumque
754 1884 855 1942 per
877 1866 1279 1940 neglegentiam
1294 1866 1351 1897 ἠ
1374 1872 1472 1922 aut
1496 1864 1765 1921 incuriam
1787 1864 1875 1922 vel
1898 1865 2002 1921 im-

405 1960 822 2032 possibilitatem
863 1948 1165 2016 comitis.“
1190 1997 1205 2024 ,
1236 1956 1503 2013 iustitiam
1528 1954 1684 2013 suam
1712 1955 2004 2027 adquirere

408 2066 519 2109 non
546 2049 817 2123 potuerit,
841 2047 911 2106 ad
960 2038 1057 2105 eos
1105 2048 1340 2120 primum
1388 2048 1665 2119 querelam
1699 2063 1855 2107 suam
1882 2064 2005 2121 pos-

403 2146 480 2205 sit
506 2143 742 2213 deierve,
768 2150 849 2200 ειη
870 2156 972 2214 per
1002 2156 1192 2199 eorum
1216 2140 1482 2198 auxilium
1516 2140 1779 2198 iustitiam
1802 2142 2000 2214 adqui-

407 2251 568 2303 rere;
604 2244 662 2293 et
710 2234 926 2306 quando
976 2234 1178 2305 aliquis
1224 2234 1293 2292 ad
1338 2248 1439 2290 nos
1460 2234 1808 2291 necessitatis
1835 2246 2013 2291 eausa-

409 2328 784 2387 rcclamaverit
816 2328 862 2361 ¹³
886 2367 904 2397 ,
937 2328 1007 2384 ad
1029 2342 1124 2384 eos
1168 2326 1443 2399 possimus
1476 2327 1775 2385 relatorum
1802 2341 2001 2399 quere-

408 2421 489 2479 las
522 2421 593 2477 ad
636 2418 1006 2477 deliniendam
1047 2414 1362 2478 remittere.
1404 2416 1511 2488 ipsi
1536 2432 1669 2475 vero
1690 2417 1845 2474 missi
1892 2431 2002 2474 non

404 2511 526 2569 sine
562 2510 868 2568 certissima
914 2524 1077 2566 causa
1120 2508 1205 2566 vel
1242 2509 1569 2566 necessitate
1606 2509 1716 2566 buc
1767 2508 2003 2580 illucque

404 2604 753 2671 discurrant;
791 2601 897 2659 nisi
919 2585 1064 2658 forte
1094 2601 1313 2672 quando
1348 2600 1454 2659 tale
1480 2600 1684 2672 aliquid
1721 2600 1777 2657 in
1829 2602 2003 2674 cuius-

405 2695 537 2753 libet
561 2692 873 2752 ministerio.
888 2693 955 2749 ad
975 2693 1300 2766 legationem
1325 2708 1481 2749 suam
1504 2693 1813 2765 pertinente
1840 2693 1883 2725 “
1908 2709 2003 2751 or—

407 2794 524 2844 tum
570 2798 695 2841 csse
721 2784 1099 2859 cognoverint,
1132 2783 1278 2855 quod
1298 2798 1488 2839 eorum
1511 2782 1821 2855 praesentia
1861 2782 2005 2840 indi-

400 2883 546 2949 gent,
570 2882 626 2933 et
648 2874 767 2932 sine
788 2889 977 2932 eorum
1006 2874 1052 2907 "
1077 2873 1312 2931 consilio
1332 2872 1421 2930 vel
1439 2874 1711 2930 adiutorio
1725 2874 2003 2931 emendari

403 2981 513 3022 non
562 2966 753 3036 possit.
792 2963 923 3023 inde
964 2970 1146 3022 tamen
1183 2963 1386 3021 debent
1442 2978 1565 3022 esse
1610 2963 1847 3037 solliciti,
1872 2972 1935 3022 ut
1959 2964 2002 2998 ³⁸

406 3063 625 3126 propter
658 3054 876 3129 illorum
906 3052 1306 3127 neglegentiam
1343 3054 1477 3110 nihil
1504 3054 1559 3111 in
1586 3050 1684 3111 sua
1734 3055 2013 3129 legatione

405 3114 787 3214 incorrectum‘
810 3114 1131 3214 remaneat;
1172 3122 1283 3204 sed
1319 3146 1412 3202 ubi
1469 3136 1678 3220 certam
1714 3153 1769 3203 et
1785 3114 2001 3203 “veram
2028 3114 2075 3177 Ο

406 3238 785 3309 necessitatem
812 3239 1188 3311 cognoverint,
1216 3244 1460 3325 nostram
1508 3236 1805 3298 iussionem
1828 3237 2003 3298 adim-

402 3331 554 3407 plere
588 3346 697 3386 non
725 3330 1035 3402 neglegant.
1246 3391 1261 3407 ,
1939 3399 1943 3403 _

473 3420 565 3475 27.
605 3418 685 3474 De
706 3419 826 3486 hoc,
860 3417 1007 3490 quod
1027 3434 1122 3491 per
1141 3418 1329 3475 missos
1352 3418 1642 3477 dominicas
1664 3438 1728 3477 ca
1752 3437 1887 3494 quae
1908 3437 2007 3493 per

402 3504 637 3581 capitula
663 3498 1034 3593 statutasnntl,
1062 3506 1301 3563 omnibus
1337 3517 1464 3565 nata
1491 3508 1611 3579 ﬁeri
1630 3509 1871 3583 debeant.
1898 3510 2035 3583 Vo—_

403 3601 583 3661 lamus
627 3604 821 3671 etiam,
843 3611 905 3659 ut
924 3602 1179 3671 omnibus
1199 3612 1389 3663 notum
1436 3605 1526 3671 sit,
1559 3604 1687 3677 quia
1716 3606 1758 3639 ι’
1786 3607 1857 3664 ad
1896 3606 2001 3665 hoc

404 3680 689 3756 constituti
722 3702 869 3762 sunt,
920 3703 981 3754 ut
1007 3711 1072 3764 ea
1114 3710 1253 3766 quae
1280 3711 1381 3767 per
1416 3696 1649 3769 capitula
1681 3705 1869 3756 nostra
1901 3713 1999 3772 ge-

406 3784 665 3848 neraliter
685 3785 753 3842 dc
775 3785 1206 3857 quibuscumque
1226 3787 1407 3842 musis
1428 3789 1737 3855 statuimus,
1760 3804 1859 3861 per
1878 3790 2001 3846 illos

386 3877 452 3947 κί’
474 3885 602 3936 nota
624 3877 759 3941 ﬁant
783 3876 1060 3945 omnibus,
1088 3885 1146 3933 ct
1171 3878 1226 3933 in
1248 3892 1437 3934 eorum
1457 3882 1841 3950 procuratione
1869 3899 2001 3940 con-

404 3968 603 4027 sistant
629 3969 669 4001 "
696 4010 713 4036 ,
749 3977 810 4025 ut
835 3971 905 4025 ab
929 3970 1184 4027 omnibus
1207 3972 1621 4043 adimpleantur.
1655 3974 1724 4030 Et
1744 3976 1834 4031 ubi
1860 3975 2001 4033 forte

405 4060 587 4131 aliquo
629 4061 721 4117 tali
758 4048 1161 4133 impedimento,
1193 4065 1337 4134 quod
1378 4067 1557 4135 per'"
1607 4081 1702 4123 eos
1730 4068 1776 4100 ¹⁶
1815 4085 2000 4125 emen-

404 4153 523 4210 dari
558 4170 667 4209 non
699 4154 893 4225 possit,
930 4154 1134 4226 aliquid
1159 4156 1226 4213 dc
1263 4156 1349 4212 bis
1368 4172 1513 4226 quae
1540 4159 1583 4190 "
1620 4162 2000 4217 constituimus
2048 4158 2051 4161 ’

404 4259 471 4299 ac
524 4243 1137 4304 iussimns'rcmanserit
1182 4246 1580 4319 imperfectum,
1610 4264 1801 4307 eorum
1828 4253 1999 4309 relatu

409 4338 497 4397 nol
521 4338 567 4401 is
618 4337 687 4399 ad
719 4346 932 4417 tempus
982 4330 1273 4405 indicetur,
1300 4346 1360 4394 ut
1381 4354 1480 4414 per
1530 4356 1631 4398 nos
1674 4344 1996 4416 corrigatur,

408 4429 552 4499 quoi
574 4444 678 4499 per
697 4445 792 4486 eos
812 4430 1011 4503 corrigi
1040 4446 1149 4486 non
1176 4430 1354 4501 potuit
1378 4432 1449 4490 “.

479 4521 572 4584 28.
612 4521 692 4576 De
714 4522 1065 4581 admonitorio
1088 4522 1158 4578 ad
1179 4539 1267 4578 eos
1292 4525 1382 4603 qui
1406 4522 1664 4603 legatione
1685 4524 1998 4598 funguntur.

410 4610 582 4666 Nosse
602 4625 699 4665 vos
724 4611 1012 4676 credimus,
1038 4612 1227 4683 quanti
1254 4612 1325 4667 sit
1343 4612 1598 4682 ponderis
1618 4612 1817 4686 legatio
1839 4632 2001 4687 quam

411 4704 565 4759 vobis
590 4703 982 4769 commisimus,
1006 4713 1062 4760 et
1087 4721 1250 4776 quam
1275 4707 1346 4761 sit
1365 4707 1731 4776 periculosum
1754 4708 1800 4741 ⁸³
1824 4718 2005 4768 uotae

413 4796 491 4852 rei
521 4811 708 4852 curam
729 4796 1033 4869 neglegere,
1064 4807 1324 4869 quantam
1356 4814 1456 4855 vos
1480 4798 1526 4833 “
1548 4816 1649 4880 pro
1674 4810 1857 4883 nostra
1887 4819 2004 4859 om-

414 4889 563 4948 nium
601 4889 874 4965 communi
903 4890 1078 4954 salute
1098 4905 1166 4955 ex
1213 4892 1263 4925 ”
1293 4900 1478 4963 nostra
1508 4876 1838 4967 obligatione
1883 4912 2001 4955 susp

411 4982 621 5052 crpisse
652 4978 759 5040 non
789 4982 1070 5055 ignoratis.
1094 4984 1173 5041 De
1196 5000 1301 5055 qua
1326 4985 1375 5023 ἰ
1396 5001 1518 5042 cum
1542 5003 1639 5045 vos
1676 4988 2000 5062 interrogas-

2100 1878 2218 1920 rem
2242 1870 2491 1921 nostrum
2513 1876 2580 1919 ac
2600 1861 2787 1934 populi
2811 1864 2983 1920 nostri
2998 1861 3298 1945 utilitatem
3334 1863 3672 1935 administrat,

2102 1956 2158 2012 in
2182 1957 2329 2014 hunc
2365 1955 2587 2013 modum
2610 1955 2974 2028 cognoscendi
3020 1955 3361 2029 diligentiam
3390 1955 3671 2026 adhibeant,

2101 2048 2149 2109 si
2174 2063 2241 2105 ea
2267 2063 2409 2120 quae
2434 2048 2493 2107 in
2525 2049 2819 2122 capitulari
2843 2056 3054 2115 nostro,
3079 2050 3228 2122 quod
3260 2049 3344 2107 eis
3373 2065 3515 2107 anno
3537 2066 3671 2123 prae-

2104 2136 2266 2199 t'erito
2311 2142 2578 2209 dedimus,
2612 2142 2965 2201 continentur
2984 2142 3031 2177 ³³
3057 2184 3075 2212 ,
3100 2142 3398 2201 secundum
3434 2143 3480 2177 ⁸³
3506 2144 3673 2202 volun-

2103 2243 2271 2293 tatem
2296 2234 2393 2290 Dei
2416 2248 2484 2290 ac
2509 2234 2809 2291 iussionem
2828 2241 3074 2292 nostram
3096 2232 3230 2293 liant
3257 2234 3564 2307 adimpleta.
3582 2235 3672 2292 Ita-

2100 2341 2209 2400 que
2234 2326 2505 2393 volumus,
2530 2333 2593 2383 ut
2610 2327 2797 2400 tmedio
2835 2341 3024 2384 mense
3045 2326 3186 2383 Maio
3207 2326 3532 2384 conveniant
3550 2328 3671 2385 idem

2102 2419 2276 2487 missi,
2324 2417 2697 2490 unusquisque
2733 2418 2789 2474 in
2808 2424 2928 2475 'sua
2969 2417 3262 2491 legatione,
3299 2432 3423 2474 cum
3452 2418 3671 2475 omnibus

2100 2511 2397 2583 episcopis,
2428 2510 2738 2577 abbatibus,
2776 2510 3088 2577 comitibus,
3118 2524 3185 2566 ac
3208 2508 3385 2566 vassis
3410 2508 3456 2541 ⁸⁵
3478 2510 3670 2577 nostris,

2101 2603 2382 2661 advocatis
2421 2600 2695 2676 nostris,u
2718 2642 2736 2669 ,
2778 2617 2846 2658 ac
2889 2600 3245 2658 vicedo‘minis
3282 2599 3669 2667 abbatissam,

2103 2713 2315 2755 necnon
2349 2705 2403 2754 et
2430 2711 2622 2755 eorum
2668 2697 2765 2769 qui
2788 2705 3009 2770 propter
3052 2697 3291 2768 aliquam
3338 2696 3673 2753 inevitabilem

2103 2788 2487 2846 necessitatem
2541 2786 2647 2860 ipsi
2696 2786 2885 2844 venire
2938 2802 3049 2844 non
3094 2795 3343 2858 possunt,
3398 2787 3466 2843 ad
3514 2784 3669 2843 locum

2103 2896 2293 2950 unum.
2337 2881 2406 2936 Et.
2431 2880 2481 2938 si
2508 2868 2732 2956 necesse
2779 2877 2963 2945 fuerit,
3014 2887 3237 2951 propter
3280 2878 3669 2949 oportunitatem

2104 2970 2482 3037 conveniendi,
2520 2969 2579 3026 in
2601 2968 2816 3027 duobus
2836 2968 2922 3025 vel
2959 2969 3134 3026 tribus
3178 2968 3334 3035 locis,
3358 2968 3443 3025 vel
3467 2968 3671 3024 maxime

2104 3065 2329 3131 propter
2366 3074 2638 3132 pauperes
2665 3058 2713 3091 ⁸⁸
2733 3058 2937 3134 populi,
2970 3060 3115 3119 idem
3161 3067 3461 3117 conventus
3496 3059 3669 3115 italica-

2108 3159 2217 3218 tur,
2265 3153 2359 3225 qui
2408 3152 2725 3213 omnibus"
2756 3160 3042 3227 congruat.
3082 3154 3150 3210 Et
3170 3153 3370 3211 habeat
3414 3159 3671 3225 unusquis-

2102 3259 2208 3316 que
2240 3242 2684 3319 comesvicarins
2714 3252 2771 3301 et
2794 3243 3140 3301 centenarias
3184 3258 3315 3299 suos
3340 3258 3541 3309 secum,
3568 3258 3673 3299 ncc-

2100 3353 2212 3397 non
2222 3346 2278 3394 et
2292 3338 2358 3394 de
2374 3337 2569 3411 primis
2583 3336 2891 3403 scabinis”,
2904 3337 3019 3393 suis
3035 3345 3148 3393 tres
3159 3344 3537 3407 aut'quattuor.
3554 3337 3613 3393 Et
3629 3339 3672 3392 in

2101 3442 2169 3485 eo
2187 3436 2457 3489 conventu
2479 3424 2716 3499 primum
2736 3425 2782 3459 ’θ
2808 3426 3140 3484 cbristianae
3162 3425 3440 3499 religionis
3460 3435 3514 3484 et
3531 3426 3674 3483 eccle-

2102 3517 2306 3575 siastici
2341 3518 2549 3575 ordinis
2590 3515 2826 3574 conlatio
2849 3504 2981 3583 ll‘at;
3012 3514 3207 3572 deinde
3243 3514 3524 3588 inquirant
3544 3515 3674 3573 missi

2102 3610 2275 3669 nostri
2296 3611 2364 3667 ab
2388 3608 2677 3675 universis,
2700 3608 2937 3680 qualiter
2965 3608 3337 3679 unusquisque
3362 3602 3575 3664 illorum
3593 3606 3673 3679 qui

2102 3705 2172 3762 ad
2199 3704 2305 3760 hoc
2326 3718 2357 3758 a
2385 3702 2547 3760 nobis
2575 3701 2854 3759 constituti
2882 3709 3027 3773 sunt,
3059 3699 3301 3758 cilicium
3322 3701 3427 3758 sibi
3448 3691 3670 3759 commis-

2088 3812 2223 3853 .sum
2246 3794 2545 3852 secundum
2570 3794 2666 3850 Dei
2688 3794 3025 3850 voluntatem
3047 3809 3115 3851 ac
3136 3794 3432 3851 iussionem
3454 3803 3672 3851 nostram

2102 3886 2443 3942 administret
2470 3885 2525 3951 in
2556 3885 2772 3958 populo,
2799 3892 2894 3941 aut
2921 3884 2967 3917 “
3003 3899 3169 3956 quam
3207 3886 3504 3942 concordes
3531 3893 3673 3959 atque

2102 3976 2389 4033 unanimes
2414 3976 2459 4009 “
2488 3978 2559 4033 ad
2594 3977 2700 4033 hoc
2743 3976 2869 4043 sint,
2898 3975 2983 4032 vel
3022 3975 3258 4047 qualiter
3300 3976 3538 4034 vicissim
3583 3977 3670 4034 sibi

2090 4069 2364 4137 auxilium
2390 4068 2571 4126 ferant
2593 4068 2661 4123 ad
2685 4068 2985 4127 ministeria
3010 4084 3108 4123 sua
3134 4067 3467 4141 peragenda.
3494 4067 3558 4123 Et
3577 4073 3673 4122 tam

2101 4161 2388 4234 diligenter
2430 4176 2497 4217 ac
2537 4160 2779 4225 studiose
2804 4159 2947 4220 hanc
2974 4158 3446 4230 investigationem
3471 4157 3671 4221 iaciant,

2104 4262 2163 4307 ut
2189 4268 2408 4312 omnem
2452 4252 2533 4311 rei
2573 4251 2861 4310 veritatem
2889 4264 3101 4321 porcos
3146 4264 3487 4322 cognoscere
3514 4250 3673 4308 valea-

2105 4362 2246 4406 mus.
2285 4346 2355 4406 Et
2381 4347 2427 4405 si
2466 4346 2649 4418 aliqua
2676 4345 2802 4402 talis
2823 4362 2986 4402 causa
3008 4346 3077 4401 ad
3098 4357 3290 4401 eorum
3311 4346 3560 4407 notitiam
3574 4362 3673 4416 per-

2033 4474 2081 4535 D
2108 4439 2216 4495 lata
2254 4438 2420 4495 fuerit
2452 4454 2593 4509 quae
2627 4438 2844 4495 illorum
2871 4438 3070 4494 auxilio
3114 4438 3371 4510 indigeat,
3402 4439 3673 4496 secundum

2104 4531 2395 4602 qualitates
2440 4546 2727 4587 causarum
2770 4546 2912 4601 quae
2943 4530 2996 4587 in
3020 4540 3206 4588 nostro
3240 4531 3530 4603 capitulari
3558 4547 3672 4588 con-

2106 4624 2366 4689 tinentur,
2388 4630 2524 4683 ,tunc
2546 4623 2793 4679 volumus
2816 4632 2877 4678 ut
2902 4623 3030 4679 illuc
3052 4631 3301 4695 pergant,
3327 4632 3382 4681 et
3417 4639 3483 4679 ex
3508 4632 3672 4679 nostra

2106 4711 2431 4773 auctoritate
2455 4714 2587 4771 illud
2616 4714 2889 4785 corrigere
2918 4706 3215 4771 studeant.

2175 4806 2268 4875 29.
2306 4808 2387 4865 De
2417 4808 2571 4887 rebus
2607 4808 2678 4871 ad
2720 4806 3062 4863 venerabilem
3105 4808 3279 4864 locum
3320 4806 3673 4881 pertinentibus

2078 4906 2083 4909 '
2108 4916 2213 4957 non
2234 4899 2553 4959 alienandis.
2575 4897 2729 4954 Nulla
2769 4898 2869 4953 sub
2891 4897 3136 4959 Romana
3179 4897 3385 4961 ditione
3414 4897 3461 4930 “
3486 4896 3671 4953 consti-

2107 4999 2222 5048 tuta
2258 4989 2507 5055 ecclesia,
2549 4989 2634 5045 vel
2683 4988 3110 5049 cxcnodocbium
3152 4988 3225 5055 “,
3264 4988 3346 5045 vel
3387 4988 3657 5059 ptocbotto

1600 5142 1994 5201 VARIANTES
2028 5142 2432 5201 LECTIONES.

491 5281 508 5313 ¹
534 5278 587 5333 in
612 5286 879 5334 conventu
902 5274 955 5329 6.
1052 5276 1072 5306 '
1097 5290 1286 5330 eorum
1314 5274 1382 5330 ad
1407 5276 1457 5330 l.
1548 5276 1572 5310 ³
1604 5278 1715 5333 Deo
1740 5279 1807 5335 ϐ.

419 5353 503 5409 l“.
579 5351 598 5381 ⁷
640 5366 685 5404 s.
710 5362 808 5419 per
827 5348 1149 5419 quolibeta.
1181 5346 1249 5419 if.
1327 5346 1349 5377 '
1373 5346 1663 5419 emendare
1693 5350 1764 5403 l‘.

415 5423 469 5479 4.
551 5421 593 5453 ¹¹
616 5417 872 5476 comitum
902 5418 969 5471 l'.
1048 5418 1091 5448 “
1121 5417 1464 5472 reclinaverit
1484 5418 1536 5473 6.
1616 5420 1659 5451 "

413 5495 468 5549 5.
498 5493 550 5547 1.
581 5491 644 5545 Β.
725 5490 767 5522 ’⁸
794 5490 984 5543 missos
1008 5486 1127 5542 Bal.
1207 5488 1248 5519 "
1272 5488 1532 5543 consistat
1552 5489 1604 5543 4.
1636 5486 1701 5546 G.

413 5566 573 5619 deum
598 5563 655 5617 in
680 5577 846 5632 marg.
866 5558 1094 5632 additi.

424 5706 493 5759 ι.
570 5703 616 5733 ³⁸
642 5702 779 5756 deest
800 5700 852 5754 4.
931 5700 976 5734 ³³
1001 5700 1145 5755 vasis
1169 5702 1221 5755 ’5.
1249 5700 1312 5753 Β.

424 5760 465 5807 ia
495 5774 797 5844 pmin‘intn
822 5775 875 5828 5.
978 5773 1021 5804 ’⁸ο
1067 5781 1122 5826 ttt
1147 5789 1192 5825 ι’.
1225 5772 1287 5825 Β.
1328 5780 1381 5827 ct
1408 5772 1473 5829 ϐ.
1506 5775 1625 5829 Bal.

1725 5776 1767 5807 δ’
1812 5791 2037 5837 unamcs
2076 5777 2147 5832 1⁸.

1903 5284 1926 5313 ι
1953 5282 2207 5353 quislibet
2232 5280 2305 5335 l'.
2382 5280 2404 5313 ι
2453 5278 2523 5345 ad
2546 5294 2653 5334 non
2693 5277 2865 5346 possit
2911 5277 3185 5361 desuntG.
3260 5278 3283 5311 ο
3331 5259 3674 5336 admonitione

1840 5351 2185 5423 'egerintia
2262 5349 2526 5423 ._‘°deest
2558 5350 2609 5403 l.
2687 5345 3269 5423 ‘frp._admont_tionc_n_t
3311 5350 3674 5423 aut..iniuriam

1692 5419 2052 5489 pertinentem
2079 5424 2132 5477 5.
2160 5421 2225 5476 Β.
2252 5420 2319 5475 G.
2398 5422 2441 5453 "
2468 5420 2684 5477 illorum
2711 5420 2781 5473 l‘.
2807 5419 2873 5473 Β.

1744 5558 1745 5561 η
1780 5493 1823 5523 ’θ’
1845 5494 1985 5550 deest
2006 5492 2060 5547 4.
2083 5492 2137 5547 6.

1172 5557 1219 5589 ’³
1246 5575 1345 5614 nos
1371 5576 1509 5614 corr.
1533 5577 1631 5625 vos
1658 5558 1745 5615 1⁸.
1806 5564 1853 5595 ³³
1873 5565 2013 5619 deest
2040 5564 2112 5617 l'.

418 5636 610 5715 inisset
640 5628 825 5685 desunt
850 5628 918 5685 ϐ.
993 5630 1039 5662 ³⁸
1063 5639 1347 5717 suppetere
1372 5628 1427 5683 ιι.
1458 5647 1681 5702 parcere
1702 5632 1753 5690 6.
1780 5650 1976 5735 Parere
2002 5633 2067 5689 Β.
2144 5633 2199 5717 "'
2214 5634 2340 5688 item
2368 5633 2439 5687 l'.

424 5706 443 5762 1
482 5742 493 5755 .
570 5703 616 5733 ³⁸
642 5700 852 5756 deos”.
931 5700 976 5734 ”
1001 5718 1145 5755 vas'ts
1169 5720 1221 5755 o.
1249 5700 1312 5753 Β.
1391 5701 1437 5733 ³⁸
1462 5702 1601 5757 deest
1624 5704 1710 5762 5.,
1753 5705 1774 5737 ⁸
1829 5706 1967 5761 deest
1989 5704 2042 5762 ιι.
2122 5705 2165 5737 η
2188 5721 2241 5759 ιη
2262 5718 2408 5757 omn.
2434 5704 2467 5757 5

2262 5392 2267 5397 η
2319 5350 2360 5382 ¹⁰
2388 5349 2526 5409 deest
2558 5350 2609 5403 l.
2687 5345 2728 5382 η
2766 5364 2819 5419 p.
2847 5350 3269 5405 admonitionem
3311 5360 3407 5419 aut
3424 5350 3674 5408 iniuriam

2262 5420 2294 5454 T.‘
2398 5422 2441 5453 η
2468 5420 2680 5454 “lno-nm
2711 5420 2759 5454 Ι⁶
2815 5419 2853 5454 Ω
2973 5420 3015 5450 η
3039 5418 3176 5454 Anon
3210 5420 3260 5454 l’
3360 5421 3402 5454 £1
3429 5422 3517 5454 nni
3544 5422 3561 5454 Ι
3613 5420 3654 5454 Ι*

2252 5420 2319 5475 G.
2398 5422 2441 5453 "
2468 5420 2684 5477 illorum
2711 5418 2781 5473 1⁸.
2807 5419 2873 5473 Β.
2973 5420 3015 5450 ⁸⁸
3038 5418 3176 5473 deest
3210 5420 3281 5474 1⁶.
3312 5418 3315 5419 ⁷
3360 5421 3402 5454 ¹⁷
3428 5422 3519 5491 qui
3544 5422 3588 5476 l.
3613 5420 3672 5473 l'.

2234 5493 2277 5523 ’ί
2306 5491 2449 5563 quod
2474 5492 2544 5545 i‘.
2622 5491 2665 5521 "
2687 5490 2863 5614 ἕθεςῆ
2886 5489 2936 5544 1.
2961 5488 3013 5543 4.
3032 5490 3237 5614 poterit
3260 5488 3326 5546 ϐ.
3404 5492 3449 5523 ’³
3494 5506 3547 5562 p.
3570 5498 3676 5545 ante

2260 5579 2317 5614 re
2342 5563 2576 5614 inserunt
2603 5560 2654 5614 6.
2738 5600 2751 5614 .
2817 5561 2858 5591 ⁸⁷
2885 5576 3004 5614 eam
3066 5562 3104 5613 '.
3135 5562 3189 5614 5.
3219 5562 3274 5614 4.
3307 5560 3676 5614 ΒαΙΑό...ι›ο-

2190 5562 2233 5594 ⁸⁸
2260 5560 2576 5619 reinscrunt
2603 5560 2654 5615 6.
2687 5560 2751 5615 Β.
2817 5561 2858 5591 ⁸⁷
2885 5576 3004 5615 eam
3032 5560 3104 5614 i'.
3135 5562 3189 5617 5.
3219 5562 3274 5615 1.
3307 5560 3676 5630 Manium-

2518 5631 2560 5663 ”
2591 5631 2809 5687 domino
2830 5632 2883 5684 5.
2914 5630 2976 5684 Β.
3044 5631 3099 5701 7“
3124 5647 3181 5701 q.
3205 5642 3264 5687 ut
3287 5650 3342 5688 ιι.
3370 5633 3422 5686 1.
3497 5630 3677 5701 "deest

2562 5702 2607 5735 ³⁸
2640 5701 2895 5758 scabiniis
2924 5702 2995 5755 l'.
3022 5700 3087 5755 (ἶ.
3113 5697 3381 5759 scabineis
3401 5703 3459 5758 5.
3488 5702 3549 5757 Β.
3574 5697 3677 5755 Bal.

2243 5776 2287 5807 "
2328 5774 2569 5831 diccionc
2732 5773 2778 5805 ⁸³
2820 5773 3212 5830 xenodochium
3257 5784 3425 5829 const.
3474 5774 3507 5829 5
