3846 6218
106 314 216 370 ἓὶἶὲῖἶ

698 311 923 372 CODEX
967 309 1912 371 DlPLOM.\TlClZS.—CANTIJL.
1958 313 2046 368 ΑΒ
2084 310 2427 367 ANSECISO
2466 309 2845 368 COLIECTA.

3321 311 3430 368 5‘5!

108 429 211 483 l'bi
244 441 388 484 vero
411 426 539 482 nihil
563 426 684 481 mali
711 434 1074 496 perpetratum
1101 434 1206 488 est,
1225 427 1475 480 similiter
1501 424 1719 494 quidem
1750 431 1796 490 Α
1826 424 1910 478 nis
1942 424 2184 494 integris,
2215 421 2460 485 caballis,
2486 423 2663 477 bnbns
2685 422 2752 485 ",
2795 420 2974 476 vaccis
3004 419 3084 475 vel
3115 419 3220 476 alio
3264 437 3422 492 prcu-

103 523 255 573 inter
283 533 352 574 se
383 517 742 590 ﬂagellentur,
774 529 828 571 et
869 518 1094 588 capillos
1124 518 1224 573 sibi
1259 518 1496 572 vicissim
1526 519 1718 572 dcton-

101 610 241 664 dant
271 609 314 662 ⁸.
363 610 418 664 Si
460 623 590 663 vero
632 621 729 678 per
774 609 997 664 dextras
1042 609 1220 679 aliqua
1265 610 1600 679 conspiratio
1629 609 1718 663 fir-

105 709 256 753 mata
290 698 476 761 fuerit,
523 699 568 753 si
609 699 763 753 liberi
810 706 956 766 sunt,
992 706 1087 753 aut
1130 700 1309 754 iurent
1349 715 1470 754 enm
1513 699 1718 754 idoneis

103 792 456 846 iuratoribus
493 790 595 844 hoc
628 804 727 859 pro
756 789 898 845 malo
945 806 1052 844 non
1097 790 1118 820 ’
1164 789 1388 856 fecisse;
1436 800 1530 844 aut
1565 791 1611 845 si
1639 789 1718 844 fa-

102 896 234 937 cere
261 898 384 937 non
410 881 706 951 potuerint,
745 896 898 935 suam
927 880 1098 951 legem
1124 890 1469 952 componant.
1502 880 1559 937 Si
1587 897 1717 936 vero

103 980 254 1034 servi
285 987 438 1042 sunt,
467 965 825 1047 llagellentur.
863 975 932 1030 Et
964 985 1026 1030 ut
1048 975 1068 1007 ³
1095 975 1162 1031 de
1209 984 1428 1031 caetero
1463 976 1517 1029 in
1549 990 1716 1046 regno

106 1076 311 1122 nostro
365 1067 499 1122 nulla
539 1067 846 1122 huiusmodi
873 1067 1224 1137 conspiratio,
1253 1081 1355 1122 nec
1394 1081 1492 1138 per
1532 1083 1718 1124 saeta-

108 1170 390 1224 mentum,
418 1174 518 1215 nec
542 1160 660 1216 sine
691 1168 1034 1216 sacramento
1063 1149 1176 1215 (ian.

182 1276 278 1332 10.
327 1277 406 1333 De
445 1277 692 1348 periuriis
714 1277 756 1331 ".
790 1277 872 1332 De
900 1277 922 1309 '
949 1277 1238 1348 periuriis,
1282 1286 1344 1332 ut
1397 1285 1715 1342 caveantur,

107 1379 166 1424 et
196 1385 318 1425 non
349 1368 700 1427 admittantur
726 1379 892 1428 testes
911 1373 978 1427 ad
1005 1371 1388 1438 iuramentum,
1425 1380 1717 1442 antequam

108 1463 507 1519 discutiantur.
536 1462 606 1519 Et
648 1463 695 1519 si
730 1464 889 1518 aliter
923 1464 1120 1520 discuti
1161 1479 1267 1520 non
1306 1464 1588 1535 possint‘,
1626 1477 1716 1519 se-

109 1563 386 1626 parentur
416 1555 484 1612 ah
511 1555 744 1612 invicem
780 1564 846 1631 et,
861 1556 1212 1628 singulariter
1251 1557 1617 1630 inquirantur.
1649 1552 1718 1610 Et

111 1662 222 1702 non
261 1646 371 1701 soli
404 1646 706 1702 accusatori
749 1645 911 1702 liceat
936 1655 1106 1703 testes
1137 1648 1336 1720 eligere
1373 1649 1597 1703 absente
1620 1662 1720 1703 suo

109 1746 406 1796 causatore
429 1737 473 1791 ⁷.
502 1737 570 1792 Et
594 1737 816 1795 omnino
839 1739 1033 1822 luullus
1073 1740 1179 1796 nisi
1228 1740 1441 1796 ieiunus
1481 1742 1546 1796 ad
1576 1741 1722 1796 iura-

1824 513 1918 578 lio,
1952 522 2005 569 et
2027 527 2225 568 uxores
2255 512 2339 566 vel
2369 509 2606 567 infantes
2634 527 2740 565 non
2769 512 2811 542 "
2840 512 2972 565 fiant
3021 511 3294 582 dispoliati
3329 528 3432 583 pro

1824 607 1925 663 hac
1953 623 2030 674 re,
2062 608 2128 664 de
2148 623 2338 663 eorum
2368 607 2728 670 vestimentis,
2751 601 2985 676 accipiat
3003 606 3304 678 legitimum
3333 609 3432 664 ha-

1821 699 2132 775 ribannum,
2157 698 2212 753 id
2239 707 2324 754 est
2353 699 2523 754 libras
2573 706 2705 754 tres.
2735 696 2839 766 Qui
2869 704 2999 771 vero
3040 713 3151 755 non
3177 699 3429 756 habuerit

1819 790 2053 861 amplius
2078 791 2124 821 ³⁸
2148 791 2203 845 in
2233 790 2603 860 suprascripto
2630 791 2814 861 pretio
2859 790 3076 848 valente
3121 792 3228 848 nisi
3257 792 3433 852 libm

1820 891 1953 949 tres,
1986 883 2146 938 solidi
2201 883 2424 954 triginta
2478 883 2548 939 ab
2587 897 2656 938 eo
2677 883 2983 954 exigantur,
3014 883 3072 938 id
3097 892 3183 938 est
3202 882 3339 939 libra
3375 894 3432 940 et

1820 974 2042 1031 dimidia
2069 973 2137 1028 ⁸⁸.
2156 973 2259 1041 Qui
2280 982 2465 1030 autem
2482 990 2597 1030 non
2623 975 2877 1030 habuerit
2901 973 3139 1046 amplius
3163 974 3268 1030 nisi
3295 976 3430 1032 duas

1819 1066 2006 1132 libras,
2057 1065 2215 1123 solidi
2261 1067 2471 1122 decem.
2529 1065 2587 1122 Si
2617 1082 2748 1124 veno
2768 1081 2935 1122 unam
2970 1067 3238 1132 habuerit,
3268 1069 3430 1124 solidi

1821 1161 2082 1232 quinque,
2104 1161 2179 1216 ita
2218 1170 2280 1217 ut
2314 1161 2514 1216 iterum
2561 1176 2621 1236 se
2668 1160 2849 1218 valeat
2879 1175 3210 1232 praeparare
3234 1163 3302 1218 ad
3334 1161 3428 1217 Dei

1821 1256 2105 1312 servitium
2145 1264 2200 1312 et
2227 1257 2296 1313 ad
2329 1265 2579 1312 nostram
2627 1252 2940 1313 utilitatem.
2975 1256 3043 1312 Et
3060 1258 3238 1314 nostri
3272 1259 3427 1314 missi

1821 1357 2052 1404 caveant
2081 1357 2137 1404 et
2181 1346 2471 1422 diligenter
2505 1350 2813 1422 inquirant,
2842 1364 2911 1406 ne
2929 1365 3030 1422 per
3055 1351 3274 1422 aliquod
3313 1368 3431 1406 ma-

1823 1440 1935 1496 lum
1970 1440 2246 1514 ingenium
2283 1444 2610 1500 subtrahant
2657 1454 2904 1500 nostram
2953 1445 3241 1512 iustitiam,
3270 1446 3429 1501 alteri

1823 1533 2086 1591 tradendo
2113 1541 2208 1589 aut
2252 1536 2710 1593 commendando.

1897 1622 1984 1680 l5.
2016 1625 2093 1682 De
2115 1643 2277 1682 censu
2304 1627 2488 1699 regali.
2541 1625 2754 1685 Census
2802 1628 3004 1703 regalis
3051 1632 3431 1703 undecumque

1824 1715 2064 1791 legitime
2105 1717 2412 1782 exiebat“,
2461 1718 2714 1776 volumus
2740 1730 2802 1776 ut
2840 1721 2970 1776 inde
3005 1721 3268 1788 solvatur,
3314 1724 3428 1780 sive

112 1838 369 1887 mentum
402 1829 484 1885 vel
512 1829 580 1884 ad
619 1810 990 1888 testimonium
1034 1831 1374 1888 admittatur.
1428 1831 1486 1889 Si
1515 1831 1717 1888 refuta-
1748 1813 1794 1876 Β
1822 1810 1890 1865 de
1917 1810 2135 1881 Propria
2159 1825 2392 1882 Persona
2421 1811 2680 1877 ¹¹⁰¹¹¹Ῐ¹¹ί⁸ν
2704 1812 2820 1869 sive
2850 1814 2916 1869 ἀθ
2941 1815 3122 1869 rem

113 1932 204 1979 tur
223 1924 272 1990 ⁸,
325 1923 470 1979 dicat
507 1923 618 1989 ille,
667 1923 758 1994 qui
787 1937 912 1982 eum
955 1923 1173 1992 refutat,
1209 1933 1266 1980 et
1289 1925 1502 1998 probet,
1549 1940 1720 1996 quare

117 2013 270 2068 illum
312 2012 737 2082 recipere-nolit.
776 2012 846 2068 Et
869 2013 938 2070 de
972 2013 1090 2085 ipso
1119 2031 1258 2087 pago
1305 2025 1399 2072 aut
1434 2018 1500 2072 de
1525 2017 1718 2073 vicinis

114 2104 368 2160 centenis
397 2103 690 2172 eligantur,
736 2104 846 2167 nisi
877 2103 1018 2163 forte
1063 2106 1273 2178 longius
1311 2117 1463 2163 extra
1491 2109 1735 2182 comita-l

116 2205 231 2250 tum
260 2210 426 2251 causa
459 2196 532 2251 sit
558 2195 900 2269 inquirenda.
942 2195 1072 2254 Etsi
1099 2200 1222 2269 quis
1248 2199 1530 2256 convictus
1556 2199 1719 2255 fuerit

116 2288 367 2359 periurii,
402 2287 596 2360 perdat
620 2282 841 2348 marium
867 2300 963 2348 aut
989 2293 1239 2353 redimat.
1498 2281 1504 2286 ’
1679 2278 1695 2287 ’

191 2398 284 2452 Η.
329 2397 404 2453 De
429 2398 719 2467 advocatis,
749 2394 1105 2468 vicedomiais,
1154 2403 1364 2460 uicariis
1400 2413 1448 2458 et
1475 2413 1720 2459 centenar-

123 2491 235 2544 riis.
278 2490 359 2546 De
380 2490 681 2558 advocatis,
718 2491 1089 2559 vicedominis,
1122 2493 1341 2550 vicariis
1379 2504 1435 2552 et
1462 2503 1720 2550 centena-

127 2582 221 2638 riis
241 2581 264 2611 '
289 2583 470 2652 pravis
497 2583 562 2650 ¹⁶,
587 2591 648 2640 ιιι
674 2584 952 2651 tollantur,
986 2593 1043 2640 et
1083 2586 1218 2642 tales
1241 2585 1511 2657 eligantur
1531 2585 1721 2656 quales

131 2683 182 2728 et
212 2662 390 2729 sciani
414 2683 470 2729 et
494 2675 665 2730 velint
688 2676 829 2732 iuste
854 2693 1047 2733 causas
1089 2677 1398 2733 discernere
1441 2683 1497 2731 et
1531 2676 1721 2732 termi-

130 2781 276 2821 nare.
309 2765 376 2820 Et
397 2765 443 2822 si
464 2781 652 2824 eomes
673 2768 714 2800 ¹¹
751 2783 949 2839 pravus
983 2769 1234 2825 inventus
1257 2770 1298 2800 ¹¹
1338 2768 1531 2837 fuerit,
1561 2769 1721 2830 nobis

129 2858 422 2914 nuntietur.

175 2950 286 3006 '12.
329 2951 402 3006 De
422 2951 662 3010 telonais.
701 2954 778 3014 De
807 2957 1032 3016 teloneis
1067 2956 1239 3033 placet
1266 2958 1443 3029 nobis,
1473 2966 1534 3018 ut
1576 2958 1719 3018 auti-

133 3060 232 3118 qua
259 3045 474 3106 etiusla
496 3048 714 3109 telonea
738 3069 769 3108 a
797 3055 1221 3126 negotiatoribus
1255 3056 1576 3126 exigantur,
1605 3063 1718 3111 tam

135 3139 198 3194 de
237 3143 490 3213 pontibus
518 3161 788 3217 quamque
835 3137 902 3204 de
949 3147 992 3180 "
1041 3149 1270 3219 navigiis
1311 3165 1407 3204 seu
1437 3150 1713 3206 inercatis.

1895 1900 1980 1955 l6.
2006 1899 2084 1954 De
2106 1899 2283 1955 liberis
2309 1901 2612 1957 hominibus
2637 1909 2834 1958 uxores
2872 1902 3146 1972 ﬁscalinas
3187 1904 3428 1960 habenti~

1821 1992 1935 2047 bus.
1955 1993 2031 2048 De
2051 1992 2235 2049 liberis
2256 1994 2574 2050 heminibus
2593 1995 2687 2066 qui
2708 2011 2909 2052 uxores
2932 1995 3206 2054 liacaiinas
3227 2000 3427 2069 regias,

1819 2091 1875 2140 et
1895 2085 1961 2140 de
1981 2083 2199 2140 feminis
2225 2084 2414 2141 liberis
2434 2099 2576 2156 quae
2597 2076 2647 2118 ⁵⁸
2677 2086 2930 2142 homines
2952 2087 3205 2144 similiter
3230 2088 3430 2145 εἰσαιιί-

1820 2193 1921 2235 nos
1949 2178 2129 2250 regios
2154 2179 2449 2249 accipiunt,
2475 2187 2536 2234 ut
2563 2195 2671 2234 non
2697 2181 2763 2256 de
2791 2179 3098 2236 hereditate
3113 2190 3426 2251 parentum,

1820 2272 1906 2328 vel
1935 2273 2001 2329 de
2029 2288 2194 2328 causa
2223 2288 2320 2329 sua
2365 2274 2699 2344 quaerenda,
2730 2289 2831 2332 nec
2861 2275 2928 2332 de
2973 2273 3287 2332 testimonio
3328 2291 3430 2346 pro

1821 2364 1924 2422 hac
1946 2378 2004 2422 re
2024 2366 2362 2432 abiciuntur;
2398 2367 2493 2422 sed
2517 2367 2643 2422 talis
2668 2367 2836 2422 etiam
2863 2369 3022 2424 nobis
3047 2369 3102 2424 in
3134 2369 3241 2426 hac
3258 2384 3428 2426 causa

1819 2457 1998 2514 honor
2025 2466 2292 2523 servetur,
2323 2458 2502 2530 qualis
2530 2466 2588 2514 et
2615 2460 3056 2516 antecessoribus
3083 2461 3288 2517 nostris
3339 2476 3430 2523 re»

1821 2552 1979 2621 gibus
1995 2551 2080 2606 vel
2106 2549 2529 2622 imperatoribus
2556 2557 2806 2606 servatus
2827 2555 2964 2618 essef
2987 2551 3338 2622 cognoscitur
3355 2551 3430 2605 ι’.

1895 2666 1981 2723 l7.
2012 2666 2089 2722 De
2111 2683 2243 2722 cura
2281 2665 2566 2720 missorum
2591 2664 3001 2720 dominicorum.
3038 2663 3428 2738 Unusquisque

1821 2759 1875 2816 in
1897 2775 2000 2816 suo
2023 2756 2302 2814 missatico
2328 2756 2627 2812 maximam
2655 2755 2852 2812 habeat
2877 2771 3068 2814 curam
3097 2757 3169 2814 ad
3215 2759 3426 2828 praevi-

1820 2853 2058 2910 dendum
2081 2859 2137 2908 et
2157 2849 2522 2908 ordinandum
2561 2865 2626 2906 ac
2654 2849 3071 2921 disponendum,
3125 2852 3427 2909 secundum

1819 2945 2153 3006 voluntatem
2175 2942 2268 2999 Dei
2295 2943 2338 2975 "’
2363 2949 2419 2998 et
2446 2943 2744 2999 secundum
2772 2941 3066 2998 iussionem
3087 2951 3353 2999 nostram.

1889 3044 1976 3099 18.
2000 3038 2080 3097 De
2099 3035 2415 3109 aequalitate
2450 3052 2483 3090 a
2502 3035 2550 3068 ”
2572 3036 2744 3090 missis
2770 3035 2817 3067 "
2846 3035 3128 3092 dominicis
3155 3036 3423 3107 facienda.

1818 3135 2100 3200 Volumus,
2133 3126 2510 3201 utaequallter
2539 3127 2691 3182 missi
2718 3127 2890 3182 nostri
2914 3126 3117 3183 faciant
3147 3128 3213 3185 de
3241 3128 3426 3200 singns

139 3231 279 3289 Nova
308 3251 436 3292 vero
455 3252 551 3293 seu
582 3239 802 3304 iniusta,
833 3240 924 3295 ubi
971 3240 1054 3294 vel
1081 3239 1236 3296 funes
1275 3242 1599 3306 tenduntur,
1629 3242 1712 3296 vel

1880 3247 1887 3283 ι
1912 3227 2113 3290 causis,
2147 3226 2262 3280 sive
2292 3225 2359 3280 de
2379 3221 2701 3282 heribanno.
2726 3219 2842 3277 sive
2861 3223 2929 3278 de
2954 3221 3199 3289 advenis,
3222 3223 3336 3278 sive
3358 3223 3426 3280 de

139 3343 252 3382 cum
276 3329 497 3385 navibus
531 3331 634 3386 sub
655 3331 912 3401 pontibus
941 3332 1220 3396 transitur,
1255 3348 1349 3389 seu
1379 3334 1466 3389 his
1492 3333 1710 3398 similia,

139 3417 189 3472 in
214 3418 406 3488 quibus
428 3420 635 3475 nullum
672 3420 1001 3478 adiutorium
1044 3423 1428 3479 itinerantibus
1471 3435 1716 3494 praesta-

143 3517 221 3561 tur
244 3508 318 3573 “,
341 3509 589 3565 similiter
611 3510 775 3567 etiam
801 3526 902 3568 nec
921 3511 1114 3577 dehis,
1142 3513 1234 3584 qui
1265 3516 1380 3570 sine
1405 3517 1716 3586 negotiandi

139 3613 291 3666 causa
314 3601 671 3657 substantiam
699 3617 852 3658 suam
875 3604 940 3659 de
963 3619 1069 3659 una
1087 3607 1247 3661 domo
1272 3607 1316 3639 ’⁸
1339 3623 1434 3662 sua
1459 3609 1526 3663 ad
1551 3608 1712 3664 aliam

140 3689 584 3761 autadpalatium
618 3700 712 3747 aut
751 3693 804 3748 in
845 3695 1145 3752 exercitum
1177 3697 1381 3752 ducunt
1440 3698 1710 3754 teloneum
1751 3691 1756 3697 ’

142 3777 428 3837 nullatenus
451 3782 521 3838 ab
547 3783 590 3815 ¹⁶
611 3783 694 3840 eis
725 3785 991 3855 exigatur.

202 3871 286 3927 l3.
322 3871 397 3954 _De
433 3874 587 3946 falsis
611 3879 850 3932 monetis.
895 3879 969 3932 De
1009 3878 1158 3934 falsis
1203 3881 1454 3946 monetis,
1497 3883 1622 3952 quia
1655 3883 1710 3938 in

142 3962 308 4020 multis
329 3965 461 4022 locis
489 3976 682 4025 contra
709 3970 970 4025 iustitiam
1001 3981 1056 4026 et
1074 3980 1263 4027 contra
1288 3971 1524 4028 edictum
1551 3975 1707 4043 fiunt,

142 4056 370 4113 volumus
393 4067 452 4112 ut
472 4059 622 4116 nullo
646 4060 753 4116 alio
774 4061 895 4117 loco
928 4072 1144 4118 moneta
1171 4063 1263 4127 sit,
1288 4064 1393 4118 nisi
1422 4064 1476 4121 in
1506 4066 1710 4135 palatio

144 4153 343 4215 nostro;
378 4150 482 4205 nisi
516 4149 658 4206 forte
702 4153 896 4208 iterum
939 4169 971 4208 a
999 4155 1155 4209 nobis
1176 4155 1333 4210 aliter
1370 4155 1536 4211 fuerit
1563 4158 1709 4216 ordi-

145 4243 330 4291 natum.

204 4324 282 4378 ιι.
307 4326 384 4382 De
409 4328 723 4390 bairibanao
750 4331 815 4387 ιτ.
843 4333 919 4388 De
953 4331 1276 4391 hairibanno
1332 4336 1599 4400 volumus,
1645 4346 1706 4392 ut

145 4417 276 4473 missi
297 4421 468 4476 nostri
503 4420 736 4504 ﬁdeliter
759 4433 1013 4482 exactare
1042 4429 1272 4483 debeant
1311 4429 1514 4499 absque
1544 4429 1706 4486 ullius

1818 3320 2052 3376 caeteris
2070 3317 2403 3389 quibuslibet
2423 3315 2624 3372 causis.
2656 3315 2741 3380 De.
2773 3313 2997 3374 advenis
3019 3313 3268 3374 volumus
3314 3316 3426 3371 iam

1815 3411 1909 3468 diu
1937 3408 2245 3480 coniugatis
2271 3423 2369 3480 per
2393 3407 2608 3480 singula
2627 3404 2768 3475 inda,
2796 3417 2856 3464 ut
2885 3409 2958 3466 ibi
2989 3410 3036 3442 ⁸⁸
3067 3395 3322 3465 maneant
3369 3417 3426 3464 et

1816 3503 1937 3560 sine
1967 3516 2132 3558 causa
2163 3508 2221 3557 et
2248 3501 2366 3555 sine
2385 3499 2566 3570 aliqua
2595 3500 2751 3571 culpa
2779 3516 2886 3557 non
2933 3501 3068 3556 ﬂant
3092 3501 3272 3558 eiecti.
3317 3502 3425 3558 Fu-

1815 3595 1968 3667 gitivi
1994 3609 2126 3651 vero
2164 3593 2308 3650 servi
2334 3601 2390 3649 et
2416 3592 2660 3648 latrones
2687 3593 2911 3648 re‘dtaant
2940 3593 3010 3650 ad
3030 3594 3247 3664 propria
3277 3593 3417 3650 loca.

1888 3688 1974 3744 l9.
2009 3686 2087 3741 De
2113 3687 2194 3742 his
2225 3686 2314 3758 qui
2341 3684 2595 3754 beneﬁcia
2648 3683 2838 3739 habent
2889 3684 3110 3756 regalia.
3162 3683 3420 3743 Auditum

1815 3779 2098 3844 habemus,
2129 3777 2365 3849 qualiter
2389 3783 2446 3831 et
2475 3775 2706 3831 comites
2726 3784 2781 3830 et
2807 3775 2897 3830 alii
2913 3775 3181 3841 homines,
3206 3775 3300 3846 qui
3321 3791 3420 3830 no-

1814 3877 1925 3926 stra
1951 3867 2215 3926 beneﬁcia
2237 3867 2442 3924 habere
2468 3866 2741 3932 videntur,
2772 3874 3095 3938 comparant
3136 3867 3242 3923 sibi
3289 3883 3416 3938 ιιι-οη

1811 3963 2072 4033 μνὶὸίιιιεε
2097 3962 2164 4017 de
2214 3961 2332 4031 ipso
2357 3968 2550 4016 nostro
2577 3957 2860 4025 beneficio,
2889 3967 2945 4015 et
2972 3958 3183 4020 faciunt
3208 3961 3419 4018 servire

1811 4055 1880 4109 ad
1901 4054 2048 4123 ipsas
2075 4051 2440 4124 proprietates
2465 4051 2768 4107 servientes
2783 4058 3002 4107 nostros
3022 4049 3088 4107 de
3106 4065 3297 4108 eorum
3319 4054 3415 4108 be-

1809 4145 2024 4212 neﬁcio,
2078 4155 2135 4202 et
2163 4154 2346 4202 eurtcs
2377 4153 2598 4202 nostrae
2629 4153 2916 4202 remanent
2955 4145 3226 4212 desertae,
3258 4156 3314 4202 et
3359 4149 3415 4204 in

1809 4241 2082 4313 aliquibus
2109 4241 2244 4298 locis
2275 4240 2377 4312 ipsi
2403 4241 2705 4297 vicinantes
2734 4241 2904 4297 multa
2942 4242 3082 4298 mala
3109 4244 3410 4314 patiuntur.

1879 4333 1970 4389 20.
2006 4333 2083 4389 De
2101 4335 2184 4389 his
2209 4335 2300 4406 qui
2323 4332 2566 4404 fraudem
2589 4332 2788 4404 faciunt
2816 4333 2875 4389 in
2918 4335 3181 4406 regalibus
3222 4338 3416 4408 beneﬁ-

1754 4460 1768 4482 .
1808 4427 1906 4482 ciis
1927 4426 1994 4480 “.
2020 4423 2344 4482 Audivimus
2369 4425 2516 4497 quod
2562 4425 2730 4496 aliqui
2770 4425 3004 4483 reddant
3021 4427 3068 4460 ³⁸
3088 4427 3413 4485 beneﬁcium

146 4521 381 4600 personae
399 4514 596 4586 gratia,
629 4514 888 4572 blanditie
929 4518 972 4549 “
1011 4533 1108 4574 seu
1149 4526 1376 4582 terrore,
1405 4520 1703 4575 secundum
1807 4517 2152 4600 nostrumad
2175 4517 2592 4575 aliosohomiues
2619 4517 2674 4572 in
2699 4518 3112 4590 proprietatem,
3132 4520 3264 4576 etin
3294 4521 3414 4591 ipso

146 4597 409 4660 iussionem
431 4615 677 4666 nostram
709 4626 722 4662 :
759 4608 812 4666 id
837 4617 943 4675 est,
971 4619 1032 4666 ut
1050 4611 1116 4666 de
1138 4612 1356 4667 homine
1383 4612 1616 4668 habente
1646 4612 1706 4668 li-
1734 4617 1785 4679 ι)
1810 4610 2009 4682 placito
2037 4597 2166 4667 dato
2191 4605 2372 4678 pretio
2397 4615 2717 4678 comparant
2743 4608 2891 4679 ipsas
2919 4623 3012 4665 res
3058 4607 3262 4665 iterum
3304 4609 3410 4666 sibi

149 4689 254 4750 bras
271 4712 361 4752 sex
377 4698 430 4754 in
445 4713 600 4764 auro,
620 4710 862 4772 argento,
887 4703 1108 4758 bruneis
1126 4704 1165 4735 "
1212 4713 1545 4769 aeramento,
1570 4721 1699 4776 pan-

1805 4702 1863 4758 in
1884 4701 2117 4756 alodem.
2148 4697 2305 4766 Quod
2327 4699 2550 4764 omnino
2569 4699 2870 4756 cavendum
2893 4708 3000 4768 est,
3027 4701 3153 4772 quia
3183 4701 3275 4772 qui
3305 4703 3413 4758 hoc

1359 4817 1752 4876 mammas
1800 4812 2214 4892 Lacaenas.

207 4904 222 4934 ⁸
254 4905 573 4978 detondeant
610 4912 682 4964 Γ.
714 4909 778 4966 Β.
853 4912 876 4943 ⁸
913 4926 1105 4966 se-non
1129 4894 1200 4966 ϐ.
1273 4913 1294 4943 ³
1332 4913 1470 4967 deest
1499 4913 1554 4968 ὅ.
1599 4910 1666 4966 G.
1741 4912 1763 4942 ⁵
1794 4906 2162 4978 Praecipimns
2204 4911 2271 4978 ut
2287 4904 2528 4978 periuria
2559 4919 2903 4978 summopere
2944 4914 3258 4978 caveantur
3277 4905 3408 4962 Vat.
3510 4957 3512 4959 ,

149 4971 370 5045 ξακςε-ί.
401 4974 550 5032 Colb.
583 4979 730 5035 Trec.
805 4982 829 5014 ³
866 4982 1087 5045 peiuriis
1116 4982 1179 5036 G.
1212 4993 1378 5038 coast.

1454 4983 1476 5012 ⁸
1515 4989 1741 5052 possunt
1764 4982 1818 5036 5.
1867 4981 1914 5052 κη’
1957 4973 2241 5052 actisatore
2263 4973 2318 5032 ὅ.
2380 4976 2416 5052 ,⁸
2446 4975 2505 5052 Si
2531 4990 2663 5031 vero
2690 4973 2890 5052 aliquis
2923 4973 3194 5052 refutatur
3218 4975 3406 5052 Garuli.

155 5039 393 5133 Vat;
421 5047 547 5103 Pal.
573 5047 822 5133 διηέριαι.
857 5039 898 5106 τ
899 5052 957 5106 il.
991 5051 1138 5107 Colb.
1181 5053 1248 5107 Et
1278 5054 1368 5108 ille
1393 5053 1483 5124 qni
1603 5051 1974 5133 testimonium
2017 5045 2393 5133 adduciturtsi
2419 5039 2899 5133 refutaturpa'mb:
2928 5045 3212 5133 (ducitur).
3255 5046 3405 5133 Plitb.

150 5109 529 5193 Paris.__No_rm.
562 5109 859 5193 Lectione":
887 5139 1047 5193 supra
1093 5134 1349 5178 servatam
1391 5109 1672 5192 gienriinam
1699 5139 1809 5177 esse

1925 5129 1994 5184 et,
2033 5118 2243 5189 omissis
2271 5115 2719 5189 scilicetaliquot
2763 5115 2992 5189 vocibus,
3019 5115 3247 5189 quarunt
3291 5117 3408 5189 loco

151 5195 253 5260 vero
276 5186 466 5257 aliquis
485 5207 519 5244 a
546 5189 814 5260 nonnullis
838 5178 1054 5257 inserta,
1082 5203 1131 5248 et
1158 5212 1190 5246 a
1218 5178 1483 5248 codicibus
1511 5193 1694 5256 Camb.
1729 5178 1870 5247 Pitli.
1910 5178 2040 5260 Pan.
2081 5198 2130 5242 et
2167 5187 2354 5260 Nam.
2398 5178 2616 5260 dantuiri
2636 5178 3224 5260 igenuinaCapi't‘slat-is
3253 5188 3410 5245 verba

152 5257 355 5312 restituta
400 5268 545 5314 sunt.
582 5260 593 5270 '
637 5259 661 5291 ⁹
698 5263 940 5319 centenis
988 5263 1051 5317 Β.

150 5324 417 5450 eligantur.
447 5327 585 5414 Sim.
613 5329 740 5386 Met.
764 5331 881 5390 Riv.
907 5332 1027 5388 Bal.

153 5390 203 5445 Β.
267 5436 280 5449 .
304 5407 351 5453 α
373 5397 606 5453 alenda
629 5401 747 5453 cod.
778 5403 897 5453 Bal.
939 5405 1027 5453 har

153 5461 188 5492 "
219 5465 264 5521 h.
289 5461 694 5528 ovibus‘vacCis
720 5472 826 5530 Ed.
873 5461 973 5530 Tit.

1106 5335 1150 5367 "
1185 5335 1345 5390 domu
1380 5335 1450 5390 Γ.

140 5533 328 5604 "alente
352 5540 544 5600 desunt
563 5541 631 5604 G.
720 5545 766 5577 υ
794 5545 914 5600 id...
940 5533 1370 5602 dimidia'desimt
1397 5546 1464 5604 (ι.

140 5599 285 5688 δορις.
312 5599 881 5688 nassum”),
917 5599 1362 5688 «satis;
1406 5599 1467 5650 3.
1501 5616 1624 5674 μω,

1131 5264 1172 5295 ι’
1210 5263 1350 5318 deest
1391 5264 1444 5317 4.
1521 5265 1565 5335 l!
1607 5263 1803 5335 aliquis

1560 5548 1607 5578 ’δ
1635 5539 1971 5617 exigebat}.
1989 5543 2044 5599 ι.
2068 5539 2330 5617 ἂξοιίίᾑι
2353 5540 2420 5596 Β.
2447 5541 2773 5617 exigebatur
2792 5539 2869 5617 .G.
2887 5539 3073 5617 Camb.
3091 5539 3240 5617 ςοςι.

1844 5278 1901 5333 p.
1933 5257 2032 5333 GI,
2099 5260 2142 5290 "
2183 5258 2415 5333 iniectus
2448 5257 2504 5312 ι.
2549 5327 2560 5333 _
2606 5257 2657 5333 if
2687 5265 2742 5314 et
2776 5257 2984 5333 dg1°,_'
3042 5258 3087 5292 ιι

3113 5273 3170 5328 p.
3209 5266 3271 5315 ut
3296 5274 3407 5316 non

1521 5333 1576 5366 ’⁸⁸
1613 5351 1679 5389 ex
1699 5327 1762 5391 ’5.
1843 5327 1885 5367 ί⁷
1917 5332 2202 5387 airibanno
2234 5329 2306 5382 l'.
2345 5339 2516 5384 coast.
2542 5327 2599 5383 in
2621 5329 2721 5382 hoc.
2745 5346 2793 5383 c.
2829 5327 3324 5386 herihanno-conu.
3347 5331 3403 5386 5.

491 5400 606 5472 ique
625 5401 1237 5478 Δςοιίζζὶιιι.ιιιιιῆῒιειηιιο
1262 5405 1332 5460 Η.
1355 5416 1522 5460 coast.
1551 5405 1605 5460 6.
1637 5403 1803 5478 Δναι.
1821 5405 1937 5459 Rir.
2054 5403 2097 5433 “
2115 5400 2382 5478 blanditia
2409 5401 2490 5478 l'.

1086 5478 1129 5508 ἰ
1161 5494 1256 5545 pro
1278 5492 1458 5545 non...
1489 5487 1600 5532 tres
1620 5473 1687 5532 ϐ.
1712 5476 1863 5530 habet
1889 5471 2423 5545 praescriptopretio
2443 5473 2678 5545 valente.

2054 5403 2097 5433 ³⁸
2121 5399 2381 5455 blanditia
2409 5401 2481 5454 ι’.
2528 5399 2592 5454 Β.
2623 5397 2754 5454 Hld.
2783 5399 2903 5454 Bal.
3017 5398 3061 5432 ”
3087 5400 3300 5458 bruuiis
3346 5401 3403 5456 ι.

2768 5470 2829 5522 -.'.'.
2857 5472 3000 5527 deest
3025 5471 3077 5528 Ι·
3099 5470 3404 5528 amplius...

1832 5554 1887 5601 ιι
1905 5554 1961 5601 ὅ.
1989 5554 2044 5599 δ.
2068 5554 2121 5598 ὃ.
2154 5554 2330 5598 θιιυιι
2353 5554 2420 5596 Β.
2448 5554 2773 5613 exigebatur
2792 5554 2867 5597 ,υο
2887 5554 3073 5597 υαπω.
3091 5554 3240 5598 υοω.
3283 5554 3402 5597 Vat.

1832 5616 1976 5685 istud
2000 5613 2238 5685 sequitur
2269 5612 2325 5667 in
2357 5613 2538 5668 codice
2570 5612 2934 5685 Norniannico
2958 5629 2977 5667 ι
3007 5610 3405 5685 Deinfantibus

181 5677 354 5760 qi_'_non
381 5682 697 5760 iuraverunt
742 5677 1079 5760 ﬁdelitatem.
1108 5688 1186 5745 De
1225 5689 1311 5760 his
1339 5689 1432 5760 qui
1465 5697 1600 5745 tunc
1636 5677 1874 5760 infantes
1919 5677 2136 5760 fuerunt
2185 5692 2240 5740 et
2283 5685 2407 5740 aliis
2443 5693 2613 5760 atque
2645 5682 2771 5760 aliis
2801 5683 2894 5760 ι]ιῄ
2935 5683 3404 5760 non'iuraverunt

440 5752 647 5842 domno
663 5756 987 5842 imperatori
1012 5767 1106 5842 aut
1129 5774 1258 5842 suos
1279 5745 1530 5842 infantes,
1739 5757 1950 5842 iurent:
1991 5754 2050 5842 γ.
2076 5772 2241 5840 supra
2279 5772 2396 5826 cap.
2437 5756 2490 5811 8.
2519 5745 2682 5842 liuius
2702 5745 2970 5809 libri'Bal.
3083 5756 3125 5786 "
3158 5755 3300 5812 deest
3329 5755 3400 5808 l'.

160 5811 191 5843 ’³
211 5819 329 5876 dust
354 5824 401 5877 ι.
436 5825 509 5878 ι’.
534 5826 588 5880 5.
663 5811 719 5856 η
735 5811 876 5881 ἄέεει
900 5811 970 5882 ιέ.

396 5917 670 6016 Panos.
721 5918 968 5981 XCVII.

1049 5829 1094 5861 ³⁸
1118 5831 1206 5895 ubi
1234 5831 1282 5885 l.
1361 5829 1402 5862 “
1425 5831 1565 5884 deest
1592 5829 1662 5884 i‘.

1739 5828 1784 5862 ³³
1814 5827 2048 5884 vendant
2075 5827 2130 5882 '5.

2843 5917 2920 5979 18
