3874 6212
458 313 564 372 575

1251 303 1312 355 Β.
1353 269 1602 356 canem
1645 297 1858 353 31Ale
1900 295 2048 352 orn.
2089 292 2271 350 mus
2308 296 2346 349 ι.
2393 293 2633 351 SECTIO
2672 295 2902 372 enim,
3421 316 3428 318 ν
3653 295 3738 348 me

463 421 664 474 ﬁniunt
689 417 733 480 ⁸,
779 430 886 469 non
932 413 1068 486 bene
1113 411 1422 464 custodiunt
1480 410 1658 473 fidem,
1705 423 1869 476 quam
1899 407 2055 459 nobis
2086 409 2132 467 Α
2163 415 2224 458 ut
2251 405 2435 458 reddat
2457 406 2507 458 ei
2535 422 2704 460 reum.
2732 406 2788 460 Si
2815 406 2901 459 ille
2923 405 2967 436 "
2992 406 3380 474 contradixcrit
3409 415 3464 460 et
3484 420 3614 462 eum
3638 410 3738 460 red-

461 511 785 581 promissam
814 508 1032 560 habent.
1067 504 1128 556 Et
1157 518 1223 556 ne
1252 502 1389 556 forte
1419 502 1470 554 in
1504 501 1684 569 aliqua
1733 498 2050 554 infidelitate

461 601 805 655 inveniantur
839 598 896 661 ';
927 597 1053 665 quia
1081 595 1172 663 qui
1197 595 1299 648 hoc
1323 592 1549 656 faciunt,
1581 607 1679 660 per
1719 606 1924 657 eorum.
1957 603 2048 644 vo-

460 688 812 746 luntatemad
838 702 1001 741 aures
1028 694 1244 741 vostras
1289 684 1415 737 talia
1454 697 1620 751 opera
1670 681 1889 736 illorum
1939 693 2047 734 non

457 781 799 853 perveniunt.

525 872 619 926 2|.
643 870 720 923 De
743 871 826 923 his
848 869 938 940 qui
961 876 1173 938 propter
1201 865 1470 936 propriam
1513 865 1770 917 iustitiam
1812 861 2048 914 dilatan-

458 966 584 1017 dam
609 964 632 994 ³
653 961 908 1032 [rigantur
937 960 978 1011 ⁵.
1004 958 1144 1012 Sunt
1164 967 1219 1012 et
1245 957 1370 1019 alii,
1403 956 1502 1034 qui
1557 955 1816 1008 iustitiam
1843 952 2050 1022 legibus

458 1054 698 1122 recipere
719 1052 933 1114 debent,
966 1058 1022 1104 et
1048 1050 1100 1104 in
1126 1059 1333 1103 tantum
1362 1048 1495 1101 fiunt
1525 1048 1588 1100 in.
1609 1045 1933 1116 quibusdam
1973 1043 2052 1097 lo-

457 1147 537 1200 cis
565 1143 774 1214 fatigati
809 1143 851 1206 ',
890 1158 1063 1210 usque
1094 1141 1223 1194 dum
1267 1139 1482 1194 illorum
1533 1137 1798 1191 iustitiam
1834 1149 1931 1212 per
1984 1133 2048 1186 fi-

457 1238 798 1290 deiussorum
825 1249 1016 1287 manus
1038 1231 1273 1295 tradant,
1305 1233 1378 1285 ita
1410 1239 1468 1284 ut
1490 1229 1692 1298 aliquid
1718 1226 1801 1280 vel
1824 1241 2051 1296 parvum

459 1327 669 1398 possint
694 1327 912 1398 habere,
952 1331 1008 1377 et
1037 1322 1290 1378 fortiores
1319 1320 1621 1389 suscipiant
1643 1317 1906 1372 maiorem
1927 1332 2054 1386 por—

461 1421 687 1474 tionem.

528 1509 620 1563 22.
648 1507 726 1561 De
753 1506 916 1560 annis
953 1505 1024 1558 ad
1048 1505 1298 1574 placitum
1326 1519 1431 1556 non
1457 1501 1748 1572 portandis.
1775 1499 1848 1555 Ut
1878 1499 2055 1553 nullus

460 1601 532 1655 ad
559 1600 778 1654 malium
804 1598 886 1651 vel
909 1598 976 1650 ad
997 1595 1254 1666 placitum
1277 1593 1416 1648 infra
1445 1593 1677 1662 patriam
1712 1607 1887 1656 arma,
1934 1591 1987 1645 id
2035 1589 2054 1619 ⁸

456 1702 543 1750 est
562 1701 775 1746 scutum
799 1698 856 1744 et
881 1689 1143 1748 lanceam,
1169 1694 1366 1754 portet.

2154 498 2280 551 dere
2304 500 2556 560 noluerit,
2583 498 2635 550 in
2664 499 2834 566 prima
2860 499 3287 553 contradictione
3307 498 3496 552 solidis
3525 497 3738 567 quinde-

2153 589 2256 641 cim
2283 588 2565 660 enlpabilis
2590 588 2874 642 iudicetur.
2932 588 2988 642 Si
3025 590 3092 643 ad
3137 589 3425 644 secundum
3448 588 3494 618 "
3525 588 3740 658 inquisi-

2141 681 2354 736 tionem
2396 697 2518 737 eum
2541 682 2584 712 ³⁰
2615 681 2838 735 reddere
2867 681 3118 747 noluerit,
3147 682 3365 752 triginta
3405 681 3602 737 solidis
3646 682 3741 735 cul-

2151 771 2348 838 pabilis
2381 771 2667 827 iudicetur.
2701 769 2760 825 Si
2816 786 2916 825 nec
2962 772 3030 826 ad
3087 772 3302 826 tertiam
3346 771 3738 842 inquisitimzctn

2153 865 2458 918 consentire
2486 863 2729 926 voluerit,
2761 863 3017 932 quicquid
3058 877 3183 917 reus
3213 865 3394 918 damni
3446 863 3656 918 fecerat
3683 864 3738 927 "_,

2155 964 2328 1026 totum
2357 955 2445 1009 ille
2463 955 2505 985 ³²
2534 955 2624 1024 qui
2645 969 2768 1008 enm
2797 952 2933 1007 infra
2953 955 3348 1009 immunitatem
3365 955 3562 1009 retinet
3597 955 3742 1009 "nec

2155 1047 2382 1101 reddere
2405 1045 2538 1108 vult,
2574 1045 2783 1100 solvere
2813 1051 3058 1114 cogatur.
3091 1045 3158 1098 Et
3182 1045 3294 1114 ipse
3324 1061 3509 1100 comes
3533 1045 3741 1100 veniens

2156 1135 2428 1189 licentiam
2459 1135 2656 1208 habeat
2681 1134 2856 1205 ipsum
2881 1133 3154 1188 hominem
3179 1133 3316 1188 infra
3356 1135 3739 1188 immunitatem

2155 1226 2470 1295 quaerendi,
2523 1226 2844 1294 ubicumque
2872 1239 2996 1278 eum
3026 1223 3072 1255 "
3099 1224 3343 1280 invenire
3389 1224 3652 1294 potuerit.
3694 1222 3740 1278 Si

2158 1328 2350 1380 autem
2368 1317 2551 1371 statim
2573 1317 2617 1347 ³⁸
2643 1317 2699 1370 in
2731 1317 2903 1386 prima
2929 1317 3276 1385 inquisitione
3317 1318 3499 1372 comiti
3532 1330 3739 1385 respon-

2158 1425 2275 1463 sum
2314 1407 2477 1462 fucrit
2530 1408 2672 1475 quod
2723 1423 2846 1460 reus
2901 1405 3039 1461 infra
3091 1407 3484 1462 immunitatem
3534 1407 3739 1476 quidem

2158 1499 2367 1563 luisset,
2398 1499 2492 1553 sed
2514 1496 2637 1568 fuga
2672 1497 2853 1567 lapsus
2899 1497 2988 1562 sit,
3024 1497 3164 1551 iuret
3192 1499 3336 1566 quod
3375 1498 3488 1568 ipse
3513 1512 3640 1552 eum
3684 1497 3738 1551 ad

2159 1593 2419 1648 iustitiam
2449 1591 2733 1646 cuiuslibet
2754 1589 3138 1644 disfaciendam
3170 1589 3352 1661 fugere
3379 1607 3486 1646 non
3516 1589 3738 1653 fecisset,

2159 1696 2214 1739 et
2236 1687 2307 1740 sit
2340 1685 2389 1738 ei
2418 1685 2470 1738 in
2503 1685 2605 1739 hoc
2635 1681 2994 1738 satisfactum.
3036 1680 3092 1736 Si
3125 1681 3565 1757 autemintranti
3595 1682 3647 1735 in
3676 1681 3738 1750 ip-

632 1743 1060 1848 ibﬁcilotronibus.
1094 1743 1495 1840 De'latronibtts
1516 1775 1902 1845 praecipimus,
1935 1773 2053 1842 qui-
2081 1743 2131 1804 Β
2161 1793 2278 1833 sam
2309 1776 2702 1830 immunitatem
2719 1773 2907 1829 comiti
2935 1772 3160 1827 collecta
3184 1752 3344 1826 manu
3371 1772 3629 1843 quislibet

457 1871 1082 1942 cumquepostmissam
1129 1869 1303 1922 sancti
1351 1866 1606 1923 Iohannis
1653 1865 1854 1919 latroni
1907 1879 2057 1917 man-

457 1969 669 2023 sionem
693 1965 924 2030 dederit,
952 1965 998 2019 si
1025 1965 1270 2018 Francus
1291 1972 1392 2025 est,
1437 1978 1562 2017 cum
1589 1962 1872 2018 duodecim
1915 1961 2058 2015 simi-

460 2063 603 2116 libus
629 2058 855 2114 Francis
881 2058 1042 2123 iuret,
1078 2055 1222 2126 quod
1252 2056 1368 2125 ipse
1409 2054 1675 2110 latronem
1722 2069 1848 2109 eum
1891 2052 2060 2109 fuisse

455 2165 570 2208 non
602 2152 797 2208 scisset
822 2151 868 2215 ⁷,
894 2150 1019 2204 licet
1060 2156 1216 2218 pater
1243 2148 1364 2203 eius
1388 2148 1459 2202 sit
1486 2155 1579 2202 aut
1604 2145 1776 2201 frater
1825 2145 1911 2219 vel
1939 2159 2060 2214 pro-

459 2245 714 2313 pinquus.
741 2241 799 2296 Si
822 2242 925 2296 hoc
951 2241 1133 2293 iurare
1163 2254 1270 2293 non
1298 2238 1556 2308 potuerit,
1587 2246 1642 2292 et
1685 2238 1753 2291 ab
1783 2236 1890 2292 alio
1931 2251 2060 2292 con-

460 2335 637 2388 victus
653 2331 836 2398 fuerit,
865 2331 1008 2402 quod
1036 2331 1302 2385 latronem
1343 2331 1398 2384 in
1429 2329 1665 2400 hospitio
1711 2329 2056 2399 suscepisset,

458 2426 614 2494 quasi
644 2424 784 2478 latro
809 2432 864 2478 et
887 2422 1122 2478 infidelis
1165 2421 1474 2477 iudicetur:
1507 2421 1635 2491 quia
1685 2419 1826 2475 latro
1861 2427 1945 2475 est
2001 2427 2057 2473 et

462 2516 694 2575 inﬁdelis
712 2523 797 2570 est
822 2515 846 2546 ⁸
877 2523 1063 2570 noster
1097 2523 1152 2569 et
1181 2513 1538 2577 Francorum,
1561 2520 1616 2566 et
1643 2513 1736 2582 qui
1767 2512 1916 2566 illum
1943 2526 2062 2567 sus-

458 2608 623 2680 cepit,
645 2606 842 2661 similis
859 2614 943 2660 est
968 2604 1065 2658 illi.
1087 2604 1121 2634 ⁴
1145 2605 1203 2659 Si
1229 2611 1412 2658 autem
1433 2603 1659 2668 audivit,
1683 2603 1826 2673 quod
1850 2603 1989 2657 latro
2017 2601 2060 2632 ¹⁰

457 2700 668 2764 fuisset,
695 2708 752 2754 et
773 2707 956 2753 tamen
976 2714 1084 2753 non
1113 2698 1215 2753 scit
1243 2697 1283 2728 “
1314 2697 1666 2767 protirmiter,
1692 2705 1784 2751 aut
1807 2697 1948 2751 iuret
1975 2711 2064 2749 so-

461 2793 571 2857 lus,
600 2791 746 2861 quod
761 2805 1060 2858 numquam
1076 2772 1211 2844 eum
1239 2789 1480 2844 audisset
1513 2804 1611 2844 nec
1631 2803 1729 2858 per
1775 2788 2062 2842 veritatem

463 2900 566 2938 nec
592 2899 692 2953 per
712 2883 1052 2938 mendacium
1081 2882 1381 2948 latronem;
1435 2890 1529 2936 aut
1577 2881 1648 2936 sit
1670 2883 1712 2912 ι’
1738 2889 1985 2951 paratus,
2017 2881 2064 2935 si

461 2975 551 3028 illc
575 2975 643 3030 de
665 2973 950 3028 latrocinio
991 2982 1180 3044 postea
1209 2971 1386 3028 victus
1418 2971 1462 3004 ¹³
1490 2971 1674 3037 fuerit,
1716 2980 1777 3026 ut
1815 2972 2066 3026 similiter

465 3066 814 3135 dampnetur.
1073 3085 1076 3088 ·

532 3159 625 3212 21.
649 3159 726 3213 De
746 3159 1067 3214 animalibus
1093 3161 1172 3214 uel
1195 3159 1316 3214 aliis
1339 3161 1511 3226 rebus,
1537 3177 1568 3213 a
1593 3159 1780 3230 quibus
1796 3169 2057 3213 curantur.

465 3250 537 3304 l't
562 3250 744 3307 nullus
766 3259 1047 3321 comparet
1075 3251 1364 3316 caballum,
1389 3253 1581 3307 bovem
1611 3259 1667 3304 et
1693 3251 1736 3282 ιδ
1761 3250 2060 3305 iumentum

464 3341 548 3394 vel
577 3342 683 3395 alia
719 3343 784 3409 ",
816 3343 919 3396 nisi
946 3343 1099 3397 illum
1128 3343 1406 3397 hominem
1445 3351 1736 3413 cognoscat
1790 3342 1882 3411 qui
1935 3357 2060 3395 eum

462 3433 665 3498 vendit,
689 3441 784 3487 aut
811 3434 880 3488 de
897 3449 1007 3503 quo
1029 3448 1170 3504 pago
1187 3440 1291 3498 est,
1312 3432 1396 3488 vel
1418 3433 1507 3489 ubi
1530 3439 1729 3497 manet,
1754 3439 1847 3486 aut
1871 3432 1994 3502 quis
2016 3431 2060 3461 ¹⁶

460 3535 550 3581 est
572 3526 695 3580 eius
721 3525 923 3580 senior.
1547 3536 1552 3539 '

533 3616 626 3670 25.
662 3615 741 3670 De
763 3616 1061 3671 homicidiis
1089 3616 1418 3671 clericorum.
1442 3615 1544 3684 Qui
1565 3615 1953 3671 subdiaconum
1976 3629 2061 3668 oc-

461 3706 678 3771 ciderit,
713 3714 987 3761 trecentos
1023 3708 1064 3738 "
1095 3706 1296 3762 solidos
1333 3715 1622 3777 componat
1661 3707 1733 3774 “‘;
1760 3706 1851 3776 qui
1881 3707 2062 3761 diaco-

459 3813 614 3861 num,
640 3797 1066 3867 quadringentos
1090 3798 1134 3828 ¹⁹
1163 3806 1481 3868 componat;
1532 3798 1625 3867 qui
1661 3799 2055 3869 presbyterum,

401 3875 406 3878 ’
461 3897 749 3944 sexcentos
766 3887 814 3920 ⁸⁸
836 3897 1156 3958 componat;
1187 3889 1280 3958 qui
1306 3889 1639 3958 episcopum,
1657 3898 1959 3961 nongentos
1980 3889 2056 3953 ¹¹;

461 3982 557 4050 qui
576 3981 924 4048 monachum,
949 3981 1376 4052 quadringentos
1397 3981 1598 4036 solidos
1621 3989 1930 4050 componat.

475 4072 491 4086 '
528 4070 619 4125 26.
637 4069 1068 4135 Deirnmum'tate,
1087 4072 1132 4125 si
1144 4070 1359 4140 aliquod
1375 4070 1627 4124 damnum
1644 4071 1714 4124 ibi
1734 4071 1932 4140 factum
1953 4071 2061 4141 fue-

459 4163 552 4215 rit.
577 4159 637 4215 Si
661 4161 782 4230 quis
804 4162 858 4215 in
887 4162 933 4192 ¹¹
961 4161 1302 4217 immunitate
1320 4162 1579 4216 damnum
1601 4161 1819 4230 aliquod
1848 4161 2056 4226 fecerit,

459 4259 746 4306 sexcentos
763 4251 811 4282 ⁸³
834 4251 1034 4307 solidos
1054 4262 1344 4322 componat
1368 4252 1434 4306 “.
1461 4252 1518 4308 Si
1545 4263 1726 4309 autem
1752 4255 1916 4309 homo
1943 4252 2058 4309 fur-

455 4353 576 4398 tum
603 4351 699 4397 aut
720 4343 1073 4400 homicidium
1099 4345 1183 4398 vel
1205 4345 1484 4414 quodlibet
1524 4337 1730 4402 crimen
1757 4345 1890 4402 foris
1919 4362 2060 4403 com-

2157 1872 2352 1926 sisterc
2381 1867 2741 1939 temptaverit,
2794 1880 2977 1920 comes
3004 1865 3108 1919 hoc
3157 1865 3224 1920 ad
3263 1879 3444 1936 regem
3478 1863 3566 1919 vel
3606 1863 3651 1893 ³⁶
3684 1863 3740 1917 ad

2156 1963 2456 2036 principem
2478 1958 2708 2025 deferat,
2745 1959 2927 2028 ibique
2959 1957 3242 2022 iudicetur,
3273 1965 3332 2012 ut
3375 1957 3518 2012 sicut
3542 1955 3630 2010 ille
3663 1956 3738 2024 qui

2160 2057 2215 2110 in
2266 2052 2609 2108 immunitate
2655 2050 2914 2104 damnum
2949 2047 3096 2113 fecit,
3147 2058 3439 2103 sexcentos
3484 2047 3527 2079 ³⁷
3559 2047 3739 2102 solidos

2159 2159 2486 2216 componere
2507 2145 2719 2208 debeat,
2736 2143 2810 2196 ita
2824 2151 2884 2196 ut
2905 2141 2949 2174 ³⁸
2966 2141 3056 2211 qui
3083 2141 3267 2196 comiti
3289 2141 3514 2195 collecta
3533 2140 3579 2172 "
3594 2157 3736 2194 manu

2161 2242 2415 2297 resistere
2456 2237 2900 2311 praesumpserit,
2933 2237 3202 2294 sexcentis
3233 2236 3276 2269 ⁸⁸
3305 2235 3737 2306 solidls'cnlpabi-

2162 2336 2228 2390 lis
2253 2336 2541 2391 iudicetur.

2232 2429 2322 2483 27.
2357 2428 2433 2483 De
2461 2445 2542 2495 eo,
2560 2429 2650 2500 qui
2679 2430 2736 2482 in
2758 2425 2953 2480 iudicio
2975 2424 3168 2478 iniuste
3196 2431 3380 2476 contra
3403 2421 3566 2475 alium
3596 2422 3736 2474 alter-

2164 2532 2365 2575 cantem
2387 2520 2638 2575 adiurare
2659 2515 3085 2592 praesumpserit.
3120 2514 3177 2569 Si
3223 2514 3345 2584 quis
3383 2514 3651 2568 hominem
3692 2514 3734 2567 in

2165 2610 2363 2666 iudicio
2407 2610 2607 2665 iniuste
2653 2618 2843 2673 contra
2906 2606 3069 2660 alium
3123 2605 3476 2660 altercantem
3507 2605 3735 2659 adiuvare

2163 2717 2264 2772 per
2285 2701 2488 2756 malum
2511 2701 2787 2772 ingenium
2802 2699 2844 2730 ‘“
2868 2682 3312 2768 praesumpserit,
3338 2706 3501 2773 atque
3526 2696 3644 2750 inde
3662 2712 3734 2750 co-

2167 2811 2283 2850 ram
2314 2793 2578 2850 indicibus
2605 2794 2692 2849 vel
2724 2792 2920 2848 comite
2941 2791 2986 2822 δ’
3009 2792 3320 2860 increpatus
3355 2789 3535 2854 fuerit,
3567 2799 3620 2844 ct
3660 2805 3736 2843 ne-

2167 2906 2297 2961 gare
2320 2901 2426 2946 non
2444 2889 2704 2960 potuerit,
2739 2889 2923 2945 solidis
2966 2886 3273 2958 quindecim
3307 2887 3589 2958 culpabilis
3626 2889 3735 2943 iudi-

2166 2991 2342 3038 cetur.

2089 3099 2136 3162 ο
2238 3073 2328 3128 28.
2366 3071 2445 3126 De
2479 3073 2707 3136 homine,
2742 3072 2834 3142 qui
2857 3087 2950 3142 per
2973 3082 3172 3124 cartam
3197 3071 3488 3124 libertatem
3512 3086 3732 3123 conseru-

2166 3172 2251 3216 tus
2297 3171 2392 3216 est.
2439 3160 2497 3215 Si
2547 3161 2669 3230 quis
2721 3176 2821 3230 per
2851 3168 3061 3216 cartam
3096 3160 3447 3231 ingenuitatis
3472 3176 3501 3214 a
3538 3162 3733 3216 domino

2165 3269 2262 3308 suo
2288 3252 2526 3324 legitime
2546 3251 2852 3307 libertatem
2878 3260 2960 3306 est
3003 3260 3348 3316 consecutus,
3387 3251 3523 3305 liber
3550 3265 3735 3320 perma-

2164 3353 2310 3399 neat.
2369 3343 2426 3397 Si
2461 3358 2590 3397 vero
2634 3342 2828 3412 aliquis
2848 3347 2972 3396 eum
3011 3329 3209 3396 iniuste
3243 3341 3508 3395 inservire
3532 3351 3732 3408 tempta-

2162 3428 2303 3486 verit
2338 3428 2401 3496 “,
2429 3439 2484 3486 et
2503 3432 2546 3462 ἰδ
2571 3431 2659 3486 ille
2695 3439 2900 3486 cartam
2934 3429 3285 3502 ingenuitatis
3311 3445 3440 3486 suae
3460 3432 3734 3485 ostenderit
3820 3428 3821 3502 ξ

2162 3534 2217 3580 ct
2238 3525 2608 3580 adversarium
2633 3542 2691 3581 se
2717 3525 2978 3580 inservire
3006 3524 3142 3580 velle
3177 3523 3627 3593 comprobaverit,
3656 3522 3729 3575 ille

2162 3618 2255 3687 qui
2291 3618 2394 3672 hoc
2425 3617 2726 3686 temptavit,
2764 3615 2990 3670 multam
3013 3620 3154 3685 quae
3197 3615 3252 3669 in
3289 3624 3443 3669 carta
3478 3613 3729 3682 descripta

2162 3717 2266 3773 est,
2299 3707 2509 3763 solvere
2530 3715 2776 3778 cogatur.
2807 3706 2866 3762 Si
2901 3722 3030 3761 vero
3066 3715 3218 3761 carta
3241 3722 3348 3760 non
3374 3705 3632 3775 paruerit,
3651 3704 3729 3758 sed

2163 3799 2272 3852 iam
2303 3800 2372 3853 ab
2400 3798 2492 3852 illo
2526 3799 2616 3867 qui
2641 3814 2764 3853 eum
2790 3797 3051 3852 inservire
3073 3797 3304 3852 voluerit
3326 3795 3551 3852 disfacta
3579 3795 3624 3827 “
3643 3806 3728 3860 est,

2162 3889 2502 3959 widrgildum
2529 3889 2576 3920 “
2601 3889 2718 3945 eius
2747 3898 3056 3960 componat,
3090 3889 3226 3944 duas
3259 3897 3444 3959 partes
3491 3888 3568 3944 illi
3593 3903 3729 3958 quem

2164 3983 2425 4037 in‘servire
2449 3981 2712 4046 voluerat,
2748 3981 2966 4036 tertiam
3015 3982 3156 4051 regi;
3212 3990 3268 4037 et
3302 3981 3392 4036 ille
3429 3981 3623 4036 iterum
3653 3995 3730 4049 per

2162 4083 2511 4144 praeceptum
2542 4073 2683 4144 regis
2705 4072 3010 4128 libertatem
3034 4070 3190 4129 suam
3215 4074 3523 4144 conquirat.

2232 4165 2322 4221 29.
2357 4165 2433 4219 De
2476 4166 2683 4219 homine
2711 4164 2894 4230 libero,
2935 4167 3025 4235 qui
3066 4182 3122 4220 se
3161 4165 3276 4219 loco
3309 4167 3465 4220 wadii
3492 4165 3652 4219 tradit
3676 4165 3726 4216 ".

2163 4259 2324 4314 Liber
2345 4259 2440 4329 qui
2474 4274 2533 4314 se
2557 4258 2677 4314 loco
2703 4259 2863 4314 wadii
2887 4259 2939 4312 in
2975 4259 3200 4314 alterius
3221 4267 3487 4330 potestate
3519 4259 3568 4291 "
3601 4274 3729 4314 com-

2163 4351 2395 4416 miserit,
2426 4350 2609 4420 ibique
2629 4349 2956 4404 constitutus
2988 4348 3247 4404 damnum
3283 4349 3502 4419 aliquod
3540 4351 3732 4405 cuilibet

705 4434 845 4488 intra
870 4435 1267 4529 immunitatem
1296 4435 1514 4529 fugerit,
1543 4439 1762 4493 mandet
1801 4454 1984 4495 comes
2013 4441 2060 4473 "
2094 4467 2143 4529 ι)
2168 4443 2378 4509 fecerit,
2415 4444 2507 4513 qui
2529 4458 2651 4498 eum
2681 4444 2734 4496 in
2761 4444 2878 4499 loco
2903 4444 3064 4498 wadii
3089 4444 3328 4516 suscepit
3372 4453 3466 4499 aut
3499 4445 3729 4500 damnum

458 4525 544 4578 vel
563 4525 840 4594 episcopo,
868 4525 953 4580 vel
988 4513 1202 4593 abbati,
1231 4528 1315 4582 vel
1364 4529 1704 4585 vicedomino
1729 4531 1793 4596 '°;
1835 4532 1918 4587 vel
1963 4534 2059 4600 illi,

459 4618 786 4685 quicumque
831 4617 1010 4673 locum
1061 4619 1296 4690 episcopi
1351 4628 1445 4674 aut
1471 4621 1512 4651 ²⁷
1549 4621 1762 4677 abbatis
1800 4627 2056 4690 tennerit,

2167 4537 2362 4602 solvat,
2401 4545 2496 4589 aut
2543 4536 2813 4591 hominem
2847 4536 2899 4590 in
2933 4536 3095 4591 mallo
3126 4536 3450 4607 productum
3495 4535 3728 4597 dimittat.

2166 4627 2400 4697 perdens
2422 4626 2582 4680 simul
2615 4626 2852 4680 debitum
2879 4634 3100 4696 propter
3133 4626 3278 4696 quod
3298 4641 3424 4682 eum
3447 4627 3491 4658 δ’
3521 4640 3621 4697 pro
3641 4640 3731 4680 wa-

1696 4755 1998 4813 VARIANT
2004 4759 2088 4816 ES
2125 4756 2526 4814 LECTIONES.

535 4847 678 4903 "hec
712 4848 807 4902 cui
830 4847 943 4901 f.'5.

459 4921 619 4972 bent:

458 5008 489 5041 ει
521 4989 616 5043 Dei
659 4989 854 5058 gratia,
884 4997 940 5044 et
961 4996 1145 5043 nostra
1168 4997 1418 5041 extorres
1446 4990 1596 5041 tiant.
1700 4989 1721 5019 ³
1740 4987 1962 5044 dilatam
1994 4993 2046 5046 3.

460 5061 512 5111 1.
558 5058 707 5112 ϐοῶ.
740 5060 762 5088 ⁶
783 5058 854 5112 id.
885 5074 935 5113 e.
963 5074 1009 5113 ε.
1037 5067 1094 5112 et
1119 5058 1152 5109 l.
1179 5059 1366 5111 desunt
1390 5058 1443 5110 4.
1521 5061 1539 5090 ⁷
1577 5059 1614 5111 f.
1644 5059 1880 5113 nesciret
1912 5062 1982 5114 l'.

454 5132 538 5183 sic
564 5129 632 5182 ϐ.
660 5145 708 5184 s.
735 5129 965 5184 ﬁrmiter
994 5129 1166 5183 nescit
1190 5143 1242 5181 a.
1275 5129 1376 5182 δὴ.
1458 5130 1498 5158 ¹⁸
1527 5144 1578 5182 a.
1611 5131 1660 5183 si

455 5216 519 5254 re
545 5199 713 5269 ηευίρ.
793 5200 835 5230 ιι
855 5201 947 5269 qui
972 5201 1042 5253 ι’.
1066 5199 1120 5251 4.
1147 5198 1212 5253 c.

461 5338 640 5392 116.
735 5341 781 5370 ³⁵
803 5351 1159 5409 componatur
1194 5339 1242 5393 1.
1342 5341 1388 5371 "
1411 5341 1595 5394 comiti
1617 5341 1669 5395 3.
1781 5338 2045 5399 "vicedo:

463 5411 508 5440 ³·
557 5425 682 5463 eum
737 5411 1143 5480 inquisitionem
1181 5411 1369 5464 desunt
1411 5409 1475 5465 (Ζ.
1556 5410 1597 5442 ³³
1660 5410 1847 5467 fecerit
1877 5415 1946 5468 1‘.
1993 5415 2045 5469 6.

464 5481 510 5531 ἓ*
536 5480 680 5533 deest
706 5482 757 5533 1.
780 5481 836 5535 4.
913 5482 960 5512 ³⁸
979 5483 1121 5536 deest
1150 5481 1200 5534 1.
1221 5481 1275 5534 ι.
1307 5481 1372 5534 G.

454 5567 508 5603 τ.
539 5549 594 5602 5.
669 5551 717 5582 “
746 5567 907 5606 ncccc
934 5569 963 5605 e
991 5569 1131 5605 corr.
1162 5551 1227 5606 (ἐ.

735 5341 781 5370 ³⁵
803 5351 1159 5409 componatur
1194 5339 1242 5393 1.
1342 5341 1388 5371 "
1411 5341 1595 5394 comiti
1617 5341 1669 5395 5.

2059 5063 2079 5093 ⁸
2107 5064 2248 5116 deest
2285 5059 2339 5114 3.
2383 5059 2492 5113 Ifld
2546 5059 2666 5113 Bal.
2743 5061 2764 5091 °
2799 5061 2903 5115 illis
2943 5063 3012 5113 l'.

1687 5145 1741 5199 ρ.
1793 5130 1882 5184 ille
1907 5131 1972 5187 Β.
2052 5133 2094 5164 ⁸³
2121 5133 2401 5189 comictus
2427 5130 2480 5183 «1.
2518 5130 2571 5184 6.
2605 5129 2669 5185 G.
2698 5131 2815 5185 Bal.

1295 5200 1344 5270 ‘1
1379 5209 1506 5254 Cccc
1534 5201 1607 5252 1‘.
1625 5235 1639 5248 ο
1688 5198 1751 5232 ⁸⁸
1779 5211 2138 5270 componatur
2166 5206 2214 5257 1.
2253 5211 2301 5256 et
2323 5203 2514 5256 abraso
2541 5219 2606 5257 nr
2641 5203 2712 5255 1'.
2733 5218 2824 5270 per
2844 5211 3008 5255 totum
3031 5209 3206 5270 caput.

458 5220 519 5254 re
545 5220 713 5269 ηιυψ.
794 5220 835 5230 ·-
855 5220 947 5269 qui
972 5220 994 5253 ι
1023 5239 1042 5251 .
1066 5220 1120 5251 4.
1147 5220 1212 5253 υ.
1297 5220 1329 5229 -·
1379 5220 1506 5254 cccc
1534 5220 1559 5252 1
1595 5239 1607 5251 .
1625 5235 1639 5248 ο
1710 5220 1751 5232 η
1779 5220 2138 5270 componatur
2166 5220 2214 5257 ι.
2253 5220 2301 5256 ει
2323 5220 2514 5256 aoraso
2541 5220 2606 5257 nr
2641 5220 2664 5255 ι
2699 5241 2712 5255 .

458 5283 602 5323 corr.
678 5271 723 5300 ’⁸
753 5285 912 5325 acccc
941 5287 1008 5324 ea:
1027 5273 1172 5323 coria
1200 5270 1271 5323 1°.
1300 5267 1370 5324 6.
1448 5272 1490 5300 ¹¹
1521 5284 1573 5322 e.
1617 5270 1682 5323 de
1701 5271 1811 5326 vita
1865 5287 1985 5327 com
2029 5314 2041 5327 .
2071 5275 2163 5344 qui
2200 5271 2265 5326 ϐ.
2295 5289 2360 5327 ea:
2382 5289 2673 5342 corrmccc
2702 5220 2765 5325 111

461 5342 540 5392 1'.
571 5338 640 5392 ϐ.
735 5341 781 5370 ³⁵
803 5351 1159 5395 componatur
1194 5339 1242 5393 1.
1342 5341 1388 5371 "
1411 5341 1595 5394 comiti
1617 5341 1669 5395 5.
1781 5343 1825 5373 "
1853 5290 2242 5395 vicetﬁiminieo
2268 5345 2321 5395 5.
2418 5344 2460 5372 ’⁷
2497 5343 2581 5395 vel
2617 5344 2684 5394 l'.
2712 5342 2765 5395 Β.

2044 5360 2242 5401 mmteo
2268 5360 2321 5398 ο.

1471 5482 1715 5548 ³⁶ςθιίιᾱ
1737 5482 1789 5536 6.
1821 5483 1888 5538 G.
1921 5484 2042 5540 Bal.
2121 5487 2162 5518 ³⁷
2194 5499 2353 5540 acccc
2375 5501 2401 5536 e
2437 5494 2654 5537 correct.
2689 5484 2761 5536 1°.
2792 5483 2857 5538 (ἶ.

1330 5553 1370 5582 δ’
1398 5567 1452 5621 p.
1485 5569 1557 5606 m.
1588 5555 1623 5606 i.
1653 5554 1840 5607 desunt
1876 5553 1942 5623 Gr,
1972 5557 2105 5611 Tim.
2147 5553 2269 5609 Vat.
2300 5552 2464 5623 Sang.
2500 5556 2547 5606 1.
2577 5552 2724 5607 Colb.

730 4847 943 4920 [1111275.
1047 4847 1365 4920 {sequentia
1390 4845 1457 4920 β.
1483 4848 1558 4918 (in
1588 4847 1702 4900 loco
1741 4865 1975 4914 corraso,
2002 4869 2034 4904 a
2069 4869 2231 4905 manu
2275 4848 2490 4920 recent).
2517 4847 2583 4902 ϐ.
2608 4847 2790 4902 Camb.
2841 4847 2957 4902 Vat.
2987 4846 3151 4920 Sang.
3198 4847 3248 4900 1.
3295 4847 3445 4901 Colb.
3493 4850 3569 4903 ita
3609 4851 3726 4904 exhi-

661 4917 772 4972 inv.
797 4919 890 4987 qui
927 4919 1029 4972 hoc
1062 4917 1285 4980 faciunt,
1318 4917 1572 4985 deinceps
1598 4927 1829 4972 caveant
1850 4934 1908 4973 se
1931 4923 2154 4977 omnino
2181 4938 2213 4975 a
2245 4917 2464 4984 talibus,
2493 4935 2558 4972 ne
2580 4934 2610 4972 a
2633 4920 2867 4988 propriis
2896 4919 3191 4988 honoribus
3220 4926 3281 4988 et
3299 4934 3329 4970 a
3364 4921 3590 4988 proprio
3615 4923 3725 4984 solo,

2166 4995 2186 5022 ⁸
2220 4991 2516 5060 fatigantur
2539 4989 2592 5043 5.
2634 4986 2709 5060 ῘΒ.
2734 4986 2748 4988 “
2823 4992 2844 5021 ⁵
2890 4990 3059 5059 fugati
3111 4986 3176 5060 (ἓ.
3206 4986 3369 5060 Τὴν.
3425 4986 3546 5044 vn.
3587 4991 3725 5060 Sang.

3113 5059 3152 5090 ιο
3179 5059 3319 5110 deest
3350 5058 3424 5112 t'.
3525 5062 3568 5091 ιι
3595 5063 3652 5116 tit
3676 5058 3723 5114 Β.

2925 5130 2966 5161 ⁸⁸
2993 5139 3085 5183 aut
3111 5130 3166 5184 5.
3244 5127 3382 5202 "_a.
3411 5145 3726 5202 quacumque

3302 5197 3345 5228 "
3374 5197 3448 5255 ne
3473 5202 3547 5266 1',
3599 5203 3639 5259 G
3661 5197 3726 5256 ἀ

2615 5289 2673 5342 cc
2702 5267 2831 5325 Illd.
2908 5267 3166 5342 "non'l’i.
3252 5267 3311 5342 _"
3332 5284 3499 5342 acccc
3521 5289 3589 5328 cz
3613 5291 3723 5328 corr.

2418 5344 2460 5372 ”
2497 5343 2581 5396 vel
2615 5338 2684 5394 l'.
2712 5342 2774 5395 Β.
2851 5342 2895 5374 ²⁸
2921 5341 2998 5396 illi
3041 5343 3090 5395 1.
3135 5341 3204 5394 1'.
3239 5338 3292 5402 4,
3395 5340 3441 5371 ⁸⁸
3487 5345 3649 5398 aliam
3677 5343 3723 5397 Β.

2157 5417 2200 5447 ³⁸
2239 5415 2390 5470 illum
2423 5413 2494 5466 1'.
2603 5413 2651 5444 ³³
2685 5414 2882 5468 retinet
2918 5411 3312 5467 immunitatem
3338 5411 3644 5468 exciderunt
3673 5417 3724 5467 l'.

2157 5489 2162 5515 π
2194 5499 2353 5539 occec
2375 5501 2401 5536 e
2437 5494 2654 5537 correct.
2689 5484 2761 5536 1'.
2792 5483 2857 5538 (ἶ.
2935 5484 2982 5514 ³⁸
3008 5482 3148 5536 deest
3171 5482 3224 5535 ’5.
3300 5479 3345 5512 ³⁸
3371 5483 3498 5538 cum
3526 5485 3721 5539 collecta

3044 5497 3148 5534 eest
3171 5497 3224 5535 ο.
3300 5497 3344 5512 ”
3371 5497 3498 5536 cum

2830 5514 2857 5536 ν.
2935 5496 2980 5514 ου
3008 5496 3148 5536 acest
3171 5497 3224 5535 ο.
3300 5496 3344 5512 "
3371 5497 3498 5538 cum
3526 5496 3721 5540 collecta

2830 5555 2876 5584 “
2905 5570 2958 5606 γ.
2981 5568 3028 5606 c.
3061 5552 3247 5605 desunt
3280 5549 3352 5604 1'.
3460 5553 3508 5584 "
3540 5556 3577 5610 i.
3619 5556 3725 5609 velle

611 5619 665 5674 6.
692 5691 722 5697 _
742 5621 790 5651 “
808 5632 864 5697 et
887 5623 1066 5697 illex...
1096 5619 1530 5697 comprobaverit
1547 5626 1736 5697 desunt
1760 5623 1812 5677 6.
1892 5620 2213 5697 “distracta
2241 5619 2432 5697 ι’..ᾼϐξ
2456 5624 2527 5697 _f°_
2544 5623 2906 5697 uuirdgildum
2926 5625 2996 5697 17°.
3017 5621 3079 5675 Β.
3097 5621 3441 5697 tinrdgildum
3462 5625 3513 5679 1.
3539 5628 3724 5681 ltuidt‘."

459 5691 664 5767 git-lum
689 5691 748 5767 3ἐ
774 5694 1102 5765 unirgildnm
1150 5691 1228 5746 (ἶ.
1266 5695 1650 5764 uucregcltltnn
1682 5695 1735 5746 4.
1782 5698 2076 5767 uttcrigc-ieli
2126 5696 2178 5751 G.

490 5761 512 5788 '
536 5762 686 5813 dast-
713 5765 772 5815 5.

2283 5694 2324 5754 ’⁵7
2355 5691 2636 5750 tradiderit
2673 5691 2732 5751 δῖ
2769 5695 2906 5749 deest
2949 5696 3016 5749 l'.
3099 5693 3163 5776 ’⁵⁸
3209 5699 3537 5762 Ροιεειειῑρω
3581 5699 3634 5752 3-
3673 5697 3718 5749 θ’
