3874 6212
430 217 533 271 ξω
1029 220 1033 227 τ
1088 296 1089 299 γ
1232 216 1291 271 n.
1332 218 1581 273 cauom
1621 217 1833 301 ωοκι
1868 215 2015 273 ore.
2059 216 2237 275 rans
2271 220 2311 276 ι.
2355 221 2598 282 SECTIO
2629 208 2861 284 enim.
3574 230 3693 285 set

338 312 345 319 ’
430 338 599 380 tamen
642 326 892 394 beneﬁcia
936 326 1242 383 habentibus
1277 328 1316 381 '.
1367 328 1443 383 De
1474 328 1645 385 vassis
1690 330 1999 411 dominicis.
2030 330 2077 387 Α
2106 330 2275 386 nostri
2298 334 2633 402 potentiores
2660 352 2855 393 causas
2880 336 2999 393 sine
3028 346 3213 393 nostra
3238 340 3482 397 iussione
3524 341 3694 396 linire

427 419 518 488 qui
562 417 739 472 adhuc
788 418 927 472 intra
965 431 1149 473 casam
1173 419 1418 477 serviunt
1445 428 1501 476 et
1540 428 1718 477 tamen
1743 422 2002 479 beneficio
2104 433 2432 491 praesumat,
2471 428 2566 483 sed
2600 436 2808 484 tantum
2848 430 2915 485 ad
2961 446 3256 502 pauperum
3278 441 3336 489 et
3361 432 3542 488 minus
3576 448 3691 504 po-

423 508 623 566 lubere
661 516 955 564 noscuntur
1000 507 1053 572 ',
1108 515 1375 581 statutum
1415 518 1527 575 est,
1576 518 1636 566 ut
1682 512 2002 584 quicumque

335 666 341 671 ξ
423 614 492 673 ᾳ
535 612 620 655 ets
648 612 771 657 etim
823 598 1025 655 dornno
1075 600 1397 672 imperatore
1454 602 1598 659 domi
1651 605 1997 674 remanserit,

425 690 682 749 vassallcs
700 690 730 761 _'
752 706 883 748 suos
901 702 1115 749 easatos
1136 708 1320 750 secum
1343 710 1450 751 nou
1487 696 1735 762 retineat,
1759 698 1853 754 sed
1875 714 1999 754 cum

419 781 649 849 comite,
688 781 843 839 anius
876 798 1137 855 pagenses
1172 793 1331 852 sunt,
1356 784 1438 842 ire
1478 786 1777 857 permittat.

494 892 582 948 74.
622 886 703 949 De
744 896 1145 972 praeparatione
1178 896 1249 951 ad
1288 897 1488 952 hostem
1527 897 1809 953 secundum
1852 893 1999 953 ’σπῆι

418 1000 579 1055 quam
610 987 1053 1063 consuetudinem.
1084 986 1450 1044 Comtitutum
1489 997 1592 1055 est,
1622 999 1683 1046 ut
1706 990 1998 1046 secundum

422 1076 704 1147 antiquam
761 1077 1207 1135 consuetudinem
1261 1080 1601 1151 praeparatio
1654 1078 1723 1135 ad
1786 1080 1997 1136 hostem

422 1165 727 1223 faciendam
748 1169 771 1201 ⁸
807 1167 1076 1225 indicetur
1100 1176 1161 1227 et
1196 1170 1552 1239 observetur;
1589 1169 1645 1227 id
1664 1181 1767 1238 est,
1792 1172 2001 1229 victua-

423 1256 495 1312 lia
543 1258 612 1314 de
653 1274 835 1315 marca
882 1259 1002 1315 'ad
1038 1259 1061 1292 '
1110 1252 1225 1318 tres
1269 1268 1607 1333 meamet
1640 1276 1791 1317 arma
1818 1271 1997 1333 atque

422 1349 743 1405 vestimenta
783 1350 855 1405 ad
900 1349 1180 1408 dimidium
1227 1366 1450 1409 annum.
1501 1350 1653 1419 Quod
1690 1361 1886 1409 tamen.
1920 1355 1995 1409 ita

422 1440 700 1497 observari
729 1440 951 1512 placuit,
983 1449 1045 1496 ut
1064 1440 1088 1475 '
1116 1440 1205 1498 his
1229 1443 1324 1513 qui
1356 1440 1424 1498 de
1466 1442 1653 1499 Rheno
1676 1442 1697 1476 ⁸
1739 1444 1806 1500 ad
1841 1444 1997 1515 Lige-

422 1547 539 1587 rem
564 1526 958 1603 ‘pergunt,d'e
990 1531 1247 1605 Ligure“
1289 1533 1755 1597 in_anteaadtres
1782 1550 1997 1603 menses

2105 513 2329 569 tentiam
2382 515 2620 575 iustitias
2662 517 2934 578 faciendas
2983 523 3087 579 sibi
3113 524 3277 580 .sciat
3332 540 3459 581 esse
3488 524 3533 557 "
3576 540 3687 579 va-

2102 606 2352 662 candum.
3646 606 3661 612 ’

2168 718 2258 773 78.
2287 695 2365 775 n‘e
2393 723 2607 777 testibus
2632 723 2702 778 ad
2729 741 2835 779 rem
2859 728 3141 798 quamlibet
3161 727 3551 783 discutiendam
3582 726 3684 782 at

2096 809 2299 881 gendis.
2335 812 2405 869 Ut
2425 813 2873 888 quandocumque
2896 823 3067 874 testes
3104 819 3175 873 ad
3217 833 3335 873 rem
3377 818 3684 888 quamlibt

2097 902 2487 962 discutiendam
2510 910 2803 978 quaerendi
2827 919 2989 982 atque
3008 911 3251 982 elegendi
3276 920 3428 978 sunt,
3456 927 3487 966 a
3511 912 3683 967 misso

2097 1003 2285 1065 nostro
2307 1005 2363 1052 et
2377 999 2594 1066 comite,
2622 1000 2677 1056 in
2702 1001 2855 1057 cuius
2875 1004 3181 1074 ministerio
3203 1002 3273 1059 de
3290 1017 3352 1058 ne
3372 998 3685 1073 qualium»

2096 1102 2203 1157 que
2228 1091 2491 1161 agendum
2514 1096 2617 1160 est,
2668 1095 2805 1150 tales
2830 1082 3157 1167 eligantur,
3180 1097 3371 1169 quales
3392 1096 3591 1168 optimi
3619 1097 3682 1152 in

2097 1178 2216 1248 ipso
2233 1195 2369 1253 pago
2394 1182 2621 1241 inveniri
2645 1186 2691 1218 π
2717 1188 2943 1259 possint.
2969 1188 3037 1243 Et
3059 1205 3168 1246 non
3186 1190 3351 1246 liceat
3380 1190 3679 1261 litigatori-

2095 1269 2197 1327 bus
2222 1287 2317 1341 per
2342 1275 2581 1343 praemia
2602 1275 2769 1334 falsos
2788 1286 2957 1335 testes.
2973 1280 3263 1347 adducere,
3284 1282 3431 1337 sicut
3450 1289 3681 1337 actenus

2098 1360 2213 1418 lieri
2236 1365 2463 1422 solebat.
3150 1405 3155 1410 -
3177 1376 3181 1381 '
3448 1404 3449 1407 η

2167 1454 2255 1511 79.
2294 1456 2373 1512 De
2399 1458 2592 1529 placito
2614 1463 2920 1518 centenani.
2938 1462 3007 1521 Ut
3025 1464 3205 1520 nullus
3218 1465 3383 1520 homo
3402 1465 3459 1520 in
3474 1461 3680 1534 placito

2095 1547 2391 1605 centenarii
2414 1564 2589 1619 neque
2628 1550 2696 1606 ad
2743 1561 2995 1621 mortem,
3029 1570 3205 1624 neque
3246 1556 3316 1611 ad
3364 1555 3676 1614 libertatem

423 1630 801 1730 computetur;
826 1622 1000 1693 et~qui
1026 1624 1093 1730 df
1124 1622 1332 1695 Ligere
1363 1625 1431 1681 ad
1456 1624 1702 1683 Rhenum
1739 1635 1990 1698 pergunt,

2104 1650 2251 1730 suam
2270 1639 2641 1709 amittendam,
2668 1651 2763 1698 aut
2775 1644 2844 1700 ad
2870 1659 2958 1701 res
2980 1622 3284 1701 reddendas
3300 1645 3388 1702 vel
3405 1644 3678 1713 mancipia

421 1715 489 1767 de
518 1710 709 1768 Rheno
740 1712 986 1784 inantea
1011 1711 1079 1767 ad
1118 1720 1235 1769 tres
1260 1727 1475 1770 menses
1514 1714 1764 1771 victualia
1796 1715 1995 1773 habere

422 1800 673 1855 debeant.
699 1799 804 1868 Qui
829 1808 1009 1857 autem
1037 1809 1187 1857 trans
1212 1800 1460 1859 Rhenum
1487 1811 1635 1870 sunt,
1656 1810 1715 1859 et
1734 1805 1800 1861 ad
1828 1804 1995 1865 Saxo-

423 1890 567 1944 niam
596 1899 847 1963 pergunt,
872 1889 1173 1948 ad‘Albiam
1217 1906 1456 1968 meream
1490 1906 1611 1950 esse
1641 1894 1682 1927 “
1706 1894 1899 1952 sciant.
1926 1895 1996 1969 Et

422 1986 512 2055 qui
537 1994 692 2049 trans
706 1985 949 2058 Ligerem
975 1993 1193 2042 manent
1215 1993 1378 2057 atque
1400 1985 1453 2043 in
1482 1986 1792 2059 Hispaniam
1814 1989 1855 2020 “
1876 2004 1997 2061 pro-

422 2078 593 2134 licisci
615 2079 833 2146 debent,
850 2086 1067 2135 montes
1088 2076 1364 2136 Pirinaeos
1381 2094 1621 2139 maream
1638 2080 1741 2137 sibi
1763 2095 1884 2138 esse
1910 2096 1997 2138 co-

422 2178 708 2240 gnoscant.
934 2208 938 2213 η
1236 2186 1241 2189 ·

490 2283 579 2339 75.
617 2282 922 2349 Deliae,“
968 2300 1073 2339 non
1095 2284 1197 2339 nisi
1235 2284 1574 2356 perusissione
1598 2282 1761 2356 regali
1804 2284 1995 2339 brunia

419 2375 499 2431 rel
547 2373 755 2449 gladius
801 2366 1000 2429 homini
1050 2372 1296 2431 extraneo
1354 2390 1388 2430 a
1437 2373 1662 2446 quolibet
1711 2375 1864 2429 detur
1904 2383 1995 2430 aut
2032 2448 2043 2455 ’

418 2465 739 2520 renundetur
763 2465 827 2518 ".
856 2466 1219 2521 Constitutum
1246 2474 1350 2531 est,
1381 2471 1444 2520 ut
1477 2480 1653 2536 neque
1677 2466 1992 2535 episcopus,

418 2574 592 2629 nmine
616 2559 754 2614 abba
796 2565 889 2612 aut
913 2558 1202 2619 abbatissa,
1234 2554 1320 2613 vel
1345 2555 1599 2627 quislibet
1624 2564 1805 2613 rector
1828 2556 1998 2612 eccle-

417 2651 549 2714 siae,
580 2648 829 2705 bruniam
868 2646 913 2684 ιδ
964 2648 1048 2705 vel
1075 2646 1309 2727 gladium
1347 2647 1463 2703 sine
1499 2654 1687 2705 nostro
1727 2647 1995 2717 permissu

414 2741 634 2798 cuilibet
660 2740 863 2797 homini
887 2749 1148 2797 extraneo
1167 2747 1262 2796 aut
1290 2739 1419 2796 dare
1440 2748 1536 2795 aut
1562 2738 1792 2795 vendere
1838 2753 1998 2808 prae-

416 2841 613 2901 sumat,
640 2832 748 2889 nisi
770 2840 978 2890 tauttnn
1014 2829 1259 2887 vassallis
1296 2829 1341 2864 "
1377 2829 1511 2885 suis.
1543 2827 1611 2885 Et
1647 2829 1692 2884 si
1730 2828 1993 2901 evenerit,

415 2934 475 2980 ut
500 2926 559 2979 in
580 2924 819 2995 qualibet
847 2922 1073 2980 ecclesia
1094 2921 1180 2978 vel
1211 2930 1405 2997 sancto
1428 2920 1546 2995 loco
1564 2916 1754 2991 plures
1774 2922 1996 2980 brunias

2091 1727 2385 1799 iudicetur;
2419 1732 2514 1789 sed
2542 1734 2644 1789 ista
2667 1742 2761 1790 aut
2802 1732 2857 1790 in
2907 1738 3212 1806 praesentia
3240 1736 3456 1793 comitis
3495 1735 3541 1767 ⁸⁸
3588 1736 3675 1792 vel

2092 1819 2382 1876 missorum
2411 1827 2724 1878 nostrorum
2758 1824 3087 1880 iudicentur.
3124 1868 3127 1871 .

2162 1908 2253 1966 80.
2292 1910 2371 1965 De
2412 1911 2747 1983 inquisitione
2769 1922 2819 1968 et
2868 1914 3218 1985 descriptione
3263 1916 3677 1985 uniuscuiuqu

2092 2002 2239 2056 missi
2265 2002 2321 2056 in
2340 2019 2439 2057 suo
2462 2003 2725 2059 nsissatico
2736 2004 2805 2060 ”.
2830 2003 2899 2061 Ut
2912 2005 3065 2061 missi
3091 2006 3260 2062 nostri
3280 2006 3569 2076 diligenter
3588 2006 3673 2059 in-

2080 2092 2312 2163 quirant
2350 2101 2406 2150 et
2433 2094 2740 2153 describere
2763 2095 2965 2152 faciant
2986 2096 3031 2128 ³⁸
3054 2098 3427 2169 unusquisque
3469 2098 3524 2152 in
3569 2114 3673 2152 suo
3748 2138 3749 2141 η

2094 2184 2388 2250 missatico,
2417 2184 2547 2255 quid
2569 2185 2613 2218 “
2643 2188 3012 2258 unusquisque
3034 2187 3103 2244 de
3142 2188 3406 2265 beneﬁcio
3447 2189 3668 2253 habeat,

2091 2279 2177 2333 vel
2205 2287 2336 2351 quot
2362 2280 2612 2335 homines
2636 2289 2852 2337 easatos
2882 2281 2926 2313 “
2953 2282 3013 2337 in
3043 2281 3162 2353 ipso
3182 2282 3465 2339 beneﬁcio.

2162 2369 2249 2427 81.
2268 2369 2347 2424 De
2365 2370 2646 2441 beneﬁciis,
2668 2371 3175 2443 qualitercondricta
3188 2371 3234 2404 ⁸³
3247 2372 3372 2426 sint.
3388 2371 3669 2440 Quomodo

2092 2462 2280 2535 eadem
2304 2463 2565 2521 beneﬁcia
2586 2464 2864 2521 condricta
2890 2464 3020 2531 sint,
3050 2474 3147 2520 aut
3170 2465 3298 2537 quis
3315 2465 3384 2519 de
3405 2464 3671 2521 beneﬁcio

2093 2556 2303 2612 alodem
2316 2556 2706 2629 “comparavit
2726 2557 2811 2614 vel
2832 2558 2881 2590 "
2892 2558 3110 2614 strauit.
3525 2567 3529 2573 '

2162 2646 2250 2703 8‘2.
2290 2646 2368 2703 De
2390 2647 2649 2717 beneﬁciis
2684 2648 3059 2719 episcoporum,
3087 2647 3336 2703 abbatum
3365 2658 3413 2703 et
3444 2647 3668 2719 relique-

2095 2751 2232 2802 ram,
2254 2744 2304 2792 et
2325 2736 2389 2791 de
2407 2737 2549 2807 ﬁscis
2571 2736 2833 2807 regalibus
2851 2734 3201 2817 describendis
3226 2737 3291 2791 ".
3328 2737 3397 2795 Ut
3434 2756 3539 2793 non
3578 2755 3691 2794 θοι

2093 2828 2207 2885 lum
2228 2818 2489 2886 beneﬁcia
2516 2829 2887 2899 episcoporum
2930 2828 3016 2885 vel
3060 2830 3339 2896 abbatum,
3368 2830 3668 2886 abbatissa-

2095 2936 2215 2975 rum
2243 2928 2404 2989 atque
2430 2919 2705 2982 comitum,
2739 2919 2853 2973 sive
2882 2932 3161 2975 vassorum
3195 2928 3528 2985 nostrorum,
3572 2923 3668 2977 sed

415 3017 649 3073 habeant
674 3015 737 3083 ",
766 3030 926 3088 quam
963 3016 1005 3049 "
1033 3017 1105 3075 ad
1138 3016 1385 3074 homines
1430 3014 1659 3072 rectoris
1683 3014 1724 3047 ⁸⁸
1753 3015 1994 3093 eiusdem
2021 3015 2068 3082 C
2098 3015 2264 3071 etiam
2306 3012 2480 3069 nostri
2509 3011 2627 3067 ﬁsci
2670 3011 3077 3077 describantur;
3123 3020 3185 3065 ut
3225 3010 3370 3066 scire
3398 3013 3668 3082 possimus

412 3105 677 3162 ecclesiae
696 3103 980 3170 sufﬁciant,
1030 3114 1159 3162 tunc
1207 3106 1502 3176 principem
1538 3104 1580 3137 ³⁹
1622 3104 1763 3161 idem
1816 3114 1997 3163 rector

410 3197 679 3255 ecclesiae
698 3197 994 3271 interroget
1018 3197 1086 3265 ”,
1109 3198 1242 3268 quid
1265 3198 1333 3254 de
1358 3197 1445 3255 his
1470 3195 1651 3255 lacere
1672 3198 1987 3269 praecipiat.

484 3289 573 3346 16.
613 3289 693 3347 De
741 3307 1021 3351 causam
1062 3290 1305 3349 altilium
1327 3291 1581 3347 terminis.
1640 3291 1717 3347 De
1759 3292 1992 3358 termino

413 3399 698 3440 causarum
736 3392 793 3439 et
835 3382 1013 3439 litium
1054 3384 1364 3449 statuimus,
1406 3384 1528 3439 ut“
1557 3397 1623 3439 ex
1668 3398 1776 3454 quo
1816 3380 1990 3441 bonae

412 3474 707 3530 memoriae
741 3473 970 3532 domnus
995 3472 1252 3544 Pippinus
1278 3474 1543 3533 renobiit
1561 3482 1616 3530 et
1638 3489 1738 3530 nos
1762 3488 1990 3547 regnare

398 3569 705 3639 coepimus,
728 3581 926 3624 causae
945 3562 1027 3622 vel
1053 3567 1177 3623 lites
1198 3567 1341 3635 inter
1366 3575 1549 3637 partes
1568 3568 1611 3598 ”
1627 3564 1799 3623 factae
1824 3574 1988 3638 atque

408 3668 632 3716 exortae
676 3660 1035 3725 discutiantur
1060 3667 1115 3713 et
1140 3673 1379 3731 congruo
1404 3658 1508 3714 sibi
1551 3657 1752 3714 iudicio
1800 3659 1987 3715 termi-

410 3759 624 3812 nentur.
674 3748 833 3809 Prius
875 3763 1029 3813 vero,
1085 3747 1143 3809 id
1172 3756 1257 3804 est
1302 3756 1441 3811 ante.
1474 3747 1679 3805 obitum
1723 3748 1982 3818 praedicti

407 3842 589 3904 domui
610 3841 824 3916 Pippiui
844 3840 985 3913 regis
1008 3854 1204 3899 causae
1224 3839 1271 3873 "
1296 3830 1738 3910 commissaeJel
1761 3842 1982 3900 omnino

408 3949 515 3991 non
544 3940 883 3999 moveantur,
922 3922 1011 3988 vel
1032 3930 1210 3993 salvae
1239 3944 1411 4003 usque
1450 3930 1519 3987 ad
1543 3939 1781 3991 nostram
1810 3930 1982 3990 inter-

406 4025 741 4094 rogationem
764 4030 1049 4082 serventur
1067 4023 1134 4074 '°.

478 4114 567 4169 77.
591 4112 671 4169 Ds
697 4113 975 4185 episcopis,
1000 4112 1274 4174 comitibus
1295 4121 1345 4169 et
1358 4111 1753 4183 potentioribus,
1778 4112 1826 4167 si
1850 4129 1977 4169 cau-

404 4220 517 4261 sam
531 4205 733 4263 ἔπειτα
751 4204 1049 4264 habuerint.
1071 4202 1408 4276 Utepiscopi,
1428 4203 1666 4268 abbates,
1684 4204 1917 4260 comites
1929 4204 1977 4237 "

403 4305 460 4357 et
484 4297 818 4371 potentiores
849 4296 1077 4375 quique,
1122 4294 1170 4352 si
1190 4309 1411 4351 causam
1435 4296 1578 4352 inter
1598 4310 1659 4352 se
1680 4295 1974 4352 habuerint

2096 3112 2355 3175 quantum
2375 3106 2543 3161 etiam
2564 3105 2631 3160 de
2656 3111 2844 3159 nostro
2867 3102 2923 3159 in
2944 3101 3370 3174 uniuscuiusque
3399 3101 3669 3173 legatione

2094 3197 2407 3259 habeamus.

2160 3293 2251 3349 83.
2291 3290 2369 3346 De
2394 3289 2736 3361 legationibus
2769 3297 2979 3361 propter
3022 3289 3272 3355 institias,
3303 3305 3408 3361 quo
3438 3297 3666 3361 tempore

2088 3394 2427 3442 exerceantur
2445 3384 2511 3437 ".
2536 3383 2811 3447 Volumus,
2843 3388 2902 3436 ut
2924 3390 3143 3452 propter
3167 3381 3420 3446 iustitiae,
3452 3380 3497 3414 ⁸⁸
3524 3394 3666 3451 quae

2088 3494 2259 3551 usque
2283 3477 2443 3535 modo
2464 3477 2532 3534 de
2554 3484 2707 3551 parte
2721 3475 2767 3507 ⁸⁸
2792 3476 3049 3531 comitum
3077 3481 3480 3539 remanserunt,
3510 3480 3667 3542 quat-

2086 3582 2211 3629 tuor
2232 3580 2442 3628 tantum
2468 3570 2742 3626 mensibus
2765 3569 2817 3623 in
2836 3583 2979 3622 anno
2994 3566 3146 3622 missi
3173 3566 3344 3621 nostri
3369 3565 3665 3637 legationes

2084 3680 2212 3721 suas
2222 3671 2531 3728 exerceant,
2548 3661 2601 3716 id
2615 3670 2699 3717 est
2714 3660 2759 3691 “'
2771 3661 2828 3715 in
2845 3659 3034 3731 hyeme
3059 3656 3332 3721 ianuario,
3356 3657 3414 3711 in
3424 3671 3600 3712 verno
3620 3655 3661 3687 “

2082 3758 2277 3830 Aprili,
2302 3758 2358 3813 in
2382 3762 2588 3813 aestate
2606 3754 2757 3818 iulio,
2788 3753 2844 3808 in
2885 3760 3141 3807 autumno
3166 3747 3445 3805 Octobrio.
3475 3749 3667 3805 Caete-

2083 3852 2162 3908 ris
2188 3864 2317 3905 vero
2352 3848 2630 3904 mensibus
2676 3845 3047 3915 unusquisque
3093 3843 3354 3898 comitum
3403 3842 3662 3912 placitum

2082 3958 2239 3999 suum
2260 3942 2460 3997 habeat
2485 3946 2542 3995 et
2569 3938 2803 3994 iustitias
2846 3935 3027 3995 iaciat.
3084 3935 3233 3991 Missi
3262 3944 3444 3991 autem
3487 3936 3662 3991 nostri

2080 4044 2272 4109 quater
2298 4035 2355 4090 in
2383 4048 2493 4088 uno
2521 4044 2705 4088 mense
2732 4029 2778 4063 “
2805 4037 2862 4084 et
2890 4029 2944 4083 in
2973 4036 3231 4098 quattuor
3262 4027 3399 4085 locis
3427 4026 3664 4083 habeant

2079 4129 2277 4201 placita
2296 4142 2394 4183 sua
2414 4142 2538 4183 cum
2552 4125 2661 4181 illis
2679 4122 2985 4187 comitibus,
3012 4118 3209 4191 quibus
3232 4135 3529 4190 congruum
3545 4118 3663 4173 fne-

2038 4250 2041 4251 ν
2078 4220 2153 4278 rit
2178 4228 2237 4277 ut
2258 4220 2326 4276 ad
2363 4233 2489 4274 eum
2512 4218 2689 4273 locum
2715 4214 2925 4287 possint
2953 4214 3264 4269 convenire.

2148 4302 2237 4369 84.
2270 4310 2348 4367 De
2370 4311 2599 4365 iussione
2622 4307 2885 4363 dominica
2914 4306 2971 4359 in
2992 4304 3217 4378 quolibet
3254 4304 3521 4358 missatico
3553 4320 3663 4359 non

402 4402 467 4476 sc
496 4401 557 4443 se
581 4386 866 4457 luciﬁcare
893 4386 1188 4451 noluerint.
1215 4388 1283 4442 ad
1309 4393 1551 4463 Immm
1573 4386 1861 4443 iubeantur
1878 4402 1971 4443 ve-
2002 4375 2055 4439 ι)
2076 4401 2380 4476 adimpleta.
2418 4401 2489 4459 Ut
2509 4398 2766 4472 quicquid
2792 4397 2884 4453 illc
2909 4375 3109 4453 missus
3156 4397 3211 4451 in
3244 4396 3340 4451 illo
3377 4395 3662 4451 missatico

401 4474 519 4535 nire
536 4476 921 4549 praesentiam,
942 4490 1119 4548 neque
1142 4476 1356 4532 illorum
1377 4460 1651 4535 contentio
1667 4478 1836 4534 aliubi
1856 4479 1974 4538 diu-

400 4566 630 4633 dicetur,
676 4581 747 4622 ne
791 4575 1013 4644 propter
1040 4567 1142 4623 hoc
1167 4582 1463 4643 pauperum
1494 4575 1551 4622 et
1576 4568 1754 4624 minus
1778 4576 1973 4638 poten-

400 4657 532 4715 tium
555 4657 775 4715 iustitiae
804 4667 1136 4718 remaneant.
1161 4658 1347 4737 Neque
1371 4659 1513 4717 ullus
1548 4673 1732 4717 comes
1782 4660 1970 4731 palatii

2075 4498 2233 4553 aliter
2261 4494 2465 4551 factum
2490 4493 2759 4547 invenerit
2785 4504 2949 4560 quam
2978 4497 3167 4545 nostra
3192 4489 3265 4545 sit
3285 4488 3495 4553 .iussio,
3546 4501 3659 4543 non

2075 4590 2249 4646 solum
2274 4588 2564 4643 emendare
2582 4584 2631 4618 ⁸³
2668 4586 2872 4650 iubeat,
2923 4585 3019 4639 sed
3048 4583 3213 4639 etiam
3239 4582 3308 4638 ad
3338 4597 3439 4638 nos
3482 4582 3657 4652 ipsam

2075 4699 2213 4749 rem,
2240 4680 2475 4756 qualiter
2494 4680 2563 4735 ab
2587 4692 2652 4735 eo
2674 4678 2889 4735 inventa
2919 4684 3021 4744 est,
3048 4675 3276 4733 deferat.

1590 4838 1977 4898 VARLXNTES
2013 4840 2417 4898 LECTIONES.

468 4976 705 5046 ’baben}
749 4974 799 5031 ι.
832 4973 1006 5046 με.
1035 4974 1089 5029 b.
1114 4989 1222 5046 non
1275 4974 1476 5046 habent
1519 4974 1573 5046 ι.

396 5046 615 5100 'merca
653 5043 718 5100 Β.
826 5043 942 5100 us
965 5052 1005 5097 t.
1036 5059 1108 5097 m.
1150 5044 1321 5100 thin.
1356 5045 1411 5099 3.
1488 5045 1671 5107 ’deest
1701 5045 1771 5099 i‘.

393 5130 509 5171 ram
543 5115 596 5171 3.
624 5123 789 5172 sonat.
815 5113 880 5185 β.
938 5114 1021 5185 η¹⁶
1049 5128 1105 5184 p.
1135 5113 1419 5185 diligenter
1442 5115 1496 5169 in
1528 5130 1578 5169 a.
1612 5114 1677 5168 Β.
1696 5116 1775 5185 ad
1795 5115 1860 5171 L.

394 5252 619 5310 beantur
639 5252 694 5311 3.
721 5256 780 5326 κί’
804 5252 1045 5326 quael'.’
1069 5252 1219 5326 4.].
1240 5263 1292 5308 et
1316 5271 1351 5326 p

391 5332 692 5395 termgetur
712 5325 786 5395 Υ.
827 5323 905 5356 V"
928 5325 1071 5379 deost
1096 5324 1147 5378 Ι.
1176 5323 1221 5358 υ

1680 4975 2057 5047 '_cognoseunt
2094 4976 2157 5047 Bg.

1871 5045 1893 5077 ⁸
1918 5047 2087 5101 rebno
2121 5046 2175 5099 Α.
2209 5056 2373 5103 coast.
2402 5047 2573 5102 hreno
2620 5054 2785 5102 const.
2828 5044 2890 5097 Β.
2927 5060 3060 5100 reno
3108 5044 3174 5099 ϐ.
3200 5056 3367 5099 const.

1893 5131 1949 5186 ρ.
1978 5116 2031 5170 d.
2058 5116 2120 5171 L.
2156 5116 2341 5186 desunt
2364 5114 2450 5171 (ἱ.

391 5187 743 5256 suprascripto
769 5187 807 5240 i.
828 5184 882 5239 5.
937 5183 1002 5256 ii.
1031 5182 1260 5256 pergunt
1287 5199 1370 5256 m._
1391 5182 1445 5237 4.
1512 5184 1555 5217 ⁸³
1577 5184 1831 5256 [sudatur
1859 5182 1929 5239 l‘.
1955 5186 2012 5243 4.
2030 5186 2096 5241 G.

1351 5253 1545 5321 let-iane
1568 5252 1691 5308 Bal.
1768 5255 1809 5287 "
1847 5265 2085 5312 rectores
2114 5256 2189 5313 l'.

1321 5324 1408 5380 res
1430 5325 1485 5379 3.
1564 5324 1608 5356 ”
1628 5339 1674 5379 c.
1700 5325 1780 5381 vel
1808 5325 1928 5381 lites
1951 5328 2005 5381 3..

392 5395 434 5427 "
472 5394 719 5449 invenire
735 5394 803 5449 (ὲ.
901 5395 947 5430 ⁸⁸
972 5394 1233 5449 comitum
1250 5394 1334 5450 'l'.
1404 5394 1450 5429 ’⁸
1478 5411 1549 5449 m.
1578 5395 1931 5451 deacribendo
1955 5398 2011 5451 3.

2952 4974 2974 5006 ⁸
3020 4973 3261 5029 facienda
3292 4974 3364 5027 Γ.
3403 4990 3469 5029 ea:
3509 4991 3648 5029 corr.

3476 5044 3497 5075 ⁸
3522 5043 3646 5114 lige-

2268 4974 2537 5032 ‘vasallos
2574 4977 2627 5031 3.
2676 4984 2841 5029 const.

2537 5116 2577 5149 “
2601 5130 2723 5172 esse
2755 5116 2924 5171 ituros
2947 5131 2993 5169 s.
3022 5116 3079 5170 3.
3185 5114 3255 5184 7“
3307 5114 3364 5169 in
3406 5114 3650 5184 spaniam

2205 5185 2247 5217 “
2270 5186 2461 5240 brunia
2498 5194 2591 5241 aut
2615 5186 2679 5241 Β.
2782 5186 2827 5217 ⁸⁸
2853 5184 3068 5242 vasallis
3089 5186 3141 5239 3.
3165 5183 3232 5238 Β.
3276 5185 3316 5217 ⁸⁸
3342 5183 3533 5240 brunie
3555 5183 3651 5238 ba-

2264 5255 2307 5287 “
2332 5257 2583 5312 nrincens
2619 5256 2671 5312 id
2703 5264 2785 5312 est
2811 5272 2857 5310 r.
2892 5255 2965 5309 l‘.
2994 5256 3055 5311 3.
3077 5254 3212 5309 Tltu.
3255 5252 3425 5312 Sana.
3497 5255 3543 5285 "
3568 5256 3652 5308 in-

2265 5270 2307 5287 "
2332 5270 2583 5380 princeps
2619 5270 2785 5324 mea
2811 5272 2857 5310 r.
2892 5270 2965 5309 t‘.
2996 5270 3212 5311 3.11m.
3255 5270 3425 5357 bona.
3499 5270 3543 5285 "
3568 5270 3644 5308 tn-

2156 5334 2498 5385 t'eserventttr
2577 5366 2591 5379 .
2618 5328 2674 5381 3.
2697 5324 2750 5381 ϐ.
2779 5325 2892 5383 Bal.
2970 5326 3017 5357 "
3037 5326 3195 5379 deest.
3220 5322 3286 5378 G.
3430 5325 3567 5380 deest
3588 5326 3644 5378 5.

2085 5396 2132 5427 so
2152 5395 2321 5451 racia;
2348 5397 2424 5453 ιο,
2498 5396 2781 5467 “quam.
2811 5393 2875 5450 G.
2904 5405 3037 5467 quot
3073 5411 3289 5449 mansos
3318 5394 3371 5450 ι.
3450 5395 3497 5426 ³⁸

392 5472 537 5518 satos
556 5463 609 5517 6-.
704 5464 749 5496 ⁸³
773 5465 1121 5521 condistricta
1151 5473 1198 5519 α
1245 5464 1329 5518 hic
1362 5466 1494 5519 etin
1516 5464 1687 5520 indice
1734 5474 1782 5519 et
1819 5466 1873 5518 in
1906 5475 2067 5520 textu.
2106 5468 2160 5521 3.
2202 5467 2493 5526 constricto
2536 5463 2599 5519 ιζ
2620 5463 3021 5523 constructi‘G.
3048 5475 3356 5521 constructa
3407 5464 3647 5520 nonnulli

393 5534 542 5586 codd.
574 5533 692 5605 Bal.
726 5604 731 5605 ί
780 5533 827 5565 ⁸⁸
847 5534 954 5590 alio
977 5534 1244 5605 destruxit
1269 5549 1321 5586 v.
1350 5550 1526 5605 comp.
1554 5536 1606 5590 3.
1683 5536 1730 5568 "
1756 5535 1805 5591 id
1834 5545 1917 5590 est
1942 5536 2006 5590 Β.

2085 5537 2129 5568 ⁸⁸
2155 5537 2293 5592 deest
2323 5538 2375 5591 3.
2439 5538 2481 5568 ⁸⁷
2516 5537 2655 5591 deest
2679 5537 2776 5590 hoc
2799 5553 2845 5589 ε.
2887 5536 3016 5589 Hld.
3102 5536 3147 5567 ³⁸
3171 5536 3309 5590 deest
3340 5535 3411 5590 i'.
3510 5534 3555 5566 ”
3577 5534 3644 5589 ad

429 5612 595 5677 artem
628 5603 674 5657 l.
708 5604 761 5677 εξ.
785 5621 813 5658 a
838 5615 991 5677 parte
1014 5602 1078 5659 G.
1110 5676 1113 5677 ν
1148 5604 1200 5677 ⁸ο,
1218 5613 1301 5677 est
1330 5602 1575 5660 hieméin
1596 5606 1798 5660 marcio
1814 5606 1978 5677 (corr.
2007 5624 2090 5659 er.
2128 5623 2143 5658 :
2170 5609 2363 5673 imaur)
2388 5622 2553 5677 verno
2576 5608 2628 5661 in
2651 5607 2806 5677 aprili
2828 5616 3000 5663 estate
3023 5608 3082 5661 in
3108 5607 3256 5673 iulio,
3286 5616 3395 5663 aut.
3425 5606 3478 5663 in
3505 5618 3563 5660 0.
3588 5605 3642 5663 3.

422 5673 679 5747 lltiy'et’no
702 5674 769 5733 Β.
843 5673 901 5706 ή⁶¹
925 5676 1076 5731 aliter
1100 5676 1151 5730 in
1176 5674 1298 5731 812.
1328 5692 1375 5732 ς.
1410 5677 1460 5732 8.
1504 5691 1612 5731 uno
1636 5691 1775 5731 anno
1803 5673 1851 5732 ἑ.

1930 5678 1971 5707 ⁸³
1996 5676 2125 5735 illud
2147 5693 2249 5731 etn.
2287 5679 2335 5733 ι’
2359 5680 2409 5741 3.
2441 5678 2503 5731 Β.
2534 5676 2657 5732 Bal.
