3868 6214
424 219 522 274 571

1179 207 1259 262 ιι.
1301 205 1550 262 canon
1603 200 1999 288 uacarorr.
2041 199 2221 254 mas
2257 199 2294 252 ι.
2340 195 2581 252 SECTIO
2620 177 2851 250 animi.

3607 180 3713 237 5ῖὲ

421 339 570 392 iuxta
603 329 745 400 quod
791 325 1068 394 \virgildus
1091 323 1106 352 ¹
1136 321 1281 376 illius
1301 329 1403 383 est,
1453 321 1520 380 ad
1563 319 1845 374 ecclesiam
1878 330 2004 384 per-
2037 323 2081 379 Α
2112 313 2274 391 talem
2306 313 2599 374 hominem,
2626 309 2715 380 qui
2758 308 3018 362 rationem
3047 319 3234 360 eorum
3274 310 3454 362 teneat
3490 301 3584 356 vel
3618 316 3715 369 pro

420 407 613 486 solvat,
645 430 736 476 aut
768 433 911 476 eum.
942 415 986 470 si
1013 412 1262 476 voluerit,
1291 412 1462 466 eidem
1505 410 1764 464 ecclesiae
1807 407 2004 460 tradat.

425 516 503 570 De
542 507 951 572 ’ecclesiastico
983 513 1039 560 et
1084 501 1326 557 liscalino
1365 509 1422 555 et
1461 498 1804 554 beneficiario
1850 511 2009 550 servo
2061 530 2063 532 -

365 643 371 649 ρ
428 605 692 665 volumus,
725 609 784 654 ut
807 613 906 666 pro
931 609 1035 649 una
1069 593 1186 646 vice
1217 590 1493 661 wirgildus
1523 589 1638 658 eius
1662 603 1757 656 pro
1785 601 1850 640 co
1877 602 2012 640 con-

427 700 677 765 ponatur,
702 689 869 744 altera
898 685 1013 738 vice
1039 679 1152 750 ipse
1183 675 1370 756 servus
1391 679 1458 733 ad
1487 677 1804 746 supplicium
1835 673 2014 727 trada-

431 764 537 840 tur.
570 779 851 836 Hereditas
872 785 1052 830 tamen
1077 771 1230 826 liberi
1251 769 1501 831 hominis,
1531 768 1622 837 qui
1653 773 1872 834 propter
1910 764 2016 816 tale

377 922 380 926 .
431 873 639 928 facinus
670 869 741 923 “ad
783 874 1008 920 mortem
1041 863 1062 894 ³
1114 860 1273 915 fuerit
1309 859 1588 914 iudicatus.
1635 856 1703 910 ad
1751 855 2017 925 legitimos

432 957 657 1019 heredes
683 957 828 1021 illius
849 954 870 986 ⁸
891 952 1187 1024 perveniat.
1217 949 1274 1004 Si
1305 948 1358 1003 in
1395 948 1535 1003 atrio
1565 945 1843 1009 ecclesiae,
1865 943 2019 998 cuius

431 1061 590 1127 porta
635 1047 876 1124 reliquiis
898 1052 1208 1102 sanctorum
1255 1047 1566 1124 consecrata
1618 1028 1720 1102 est,
1761 1038 2018 1092 huiusce—

437 1144 580 1214 modi
613 1138 979 1196 'bomicidiutn
1025 1139 1389 1206 perpetratum
1441 1129 1623 1194 fuerit,
1667 1128 1829 1184 simili
1862 1127 2022 1182 modo

435 1232 752 1290 emendetur
784 1227 867 1282 vel
913 1230 1267 1296 conponatur.
1302 1220 1360 1276 Si
1383 1235 1510 1276 vero
1529 1224 1683 1288 porta
1709 1218 1971 1274 ecclesiae
2002 1217 2023 1248 ⁸

438 1341 545 1382 non
595 1329 678 1379 est
700 1326 1033 1380 consecrata,
1079 1330 1145 1370 eo
1186 1313 1355 1388 modo
1379 1318 1711 1381 conponatur
1753 1309 1895 1378 quod
1921 1307 2022 1361 ‘in

440 1412 579 1470 atrio
605 1410 981 1473 committitur,
1013 1407 1152 1462 sicut
1175 1398 1405 1472 conponi
1435 1403 1593 1457 debet
1622 1399 1763 1470 quod
1793 1399 1848 1453 in
1869 1397 1889 1430 ⁷
1922 1398 2025 1452 im-

445 1505 711 1561 munitate
741 1490 937 1555 violata
965 1496 1345 1553 committitur.

518 1593 604 1648 14.
656 1591 730 1646 De
775 1591 981 1644 iniuriis
1021 1587 1350 1643 sacerdotum
1399 1584 1473 1639 vel
1516 1582 1538 1615 ⁸
1579 1580 1923 1653 quorumlibet
1963 1595 2030 1634 ea:

2113 406 2194 460 eis
2229 387 2502 472 loquatur.

2184 493 2268 546 l6.
2299 493 2375 544 De
2401 501 2553 560 raptu
2598 489 2893 543 viduarum.
2932 487 3032 553 Qui
3070 487 3286 541 viduam
3331 485 3469 539 intra
3497 483 3712 554 primas

2112 584 2339 653 triginta.
2364 583 2478 636 dics
2501 580 2775 635 viduitatis
2800 579 2844 610 "
2869 594 2997 633 suae
3017 579 3084 643 ",
3109 577 3192 632 vel
3225 576 3468 640 invitam,
3497 575 3592 629 vel
3620 590 3714 626 vo-

2114 675 2335 736 lentem,
2368 672 2470 726 sibi
2513 670 2862 740 copulaverit,
2907 671 3142 723 bannum
3187 677 3449 728 nostrum,
3497 666 3554 721 id
3607 674 3712 727 est,

2114 765 2393 832 sexaginta
2441 761 2658 824 solidos,
2713 760 2767 813 in
2814 759 2972 829 triplo
3002 767 3292 828 conponat.
3324 758 3391 811 Et
3411 758 3456 811 si
3481 758 3714 811 invitam

2115 869 2235 909 eam
2273 852 2444 916 duxit,
2478 852 2646 921 legem
2682 866 2836 906 suam
2862 850 2911 904 ei
2953 850 2997 880 “
3047 857 3356 919 conponat;
3403 847 3546 902 illam
3583 861 3714 900 vero

2117 945 2343 999 ulterius
2367 959 2472 997 non
2500 943 2762 1012 adtingat.

2191 1037 2277 1090 17.
2309 1036 2386 1089 De
2405 1036 2612 1088 homine
2635 1033 2894 1104 publicam
2922 1034 2966 1064 "
2994 1031 3359 1102 paenitentiam
3402 1038 3587 1100 agente
3629 1030 3714 1081 in-

2121 1129 2352 1198 terfecto.
2378 1126 2478 1193 Qui
2503 1127 2772 1181 hominem
2787 1125 2833 1154 ”
2852 1124 3120 1192 publicam
3142 1122 3526 1190 paenitentiam
3541 1134 3713 1186 agen-

2124 1229 2231 1274 tem
2258 1216 2605 1280 interfecerit,
2629 1216 2866 1269 bannum
2890 1222 3131 1268 nostrum
3160 1213 3211 1266 in
3235 1212 3399 1281 triplo
3420 1221 3710 1280 conponat.

2123 1318 2178 1366 et
2207 1309 2510 1379 wirgildum
2531 1307 2579 1338 “
2608 1307 2724 1361 eius
2749 1305 3008 1375 proximis
3032 1304 3149 1359 eius
3173 1304 3445 1372 persolvet
3468 1304 3534 1356 ".

2198 1402 2285 1456 18.
2316 1399 2392 1452 De
2415 1399 2620 1452 homine
2645 1397 2822 1458 libero,
2855 1405 2909 1449 ut
2934 1404 3237 1466 potestatem
3264 1394 3452 1448 habeat
3478 1393 3716 1446 ubicum-

2124 1511 2224 1566 que
2245 1492 2461 1548 t'oluerit
2485 1507 2564 1544 res
2586 1501 2709 1544 suas
2732 1489 2879 1553 dare,
2905 1497 2953 1542 et
2975 1488 3022 1518 "‘
3040 1487 3267 1558 qualiter
3308 1487 3407 1540 hoc
3433 1488 3604 1555 facere
3627 1488 3716 1538 de-

2129 1584 2266 1636 beat.
2305 1580 2362 1634 Si
2389 1581 2434 1612 "
2463 1580 2585 1649 quis
2615 1593 2703 1633 res
2727 1592 2854 1633 suas
2891 1592 2989 1647 pro
3029 1577 3201 1632 salute
3236 1578 3450 1632 animae
3480 1592 3608 1630 suae
3639 1578 3715 1628 vel

444 1684 582 1740 clero
622 1683 678 1736 in
710 1679 925 1736 ecclesia
952 1679 1125 1749 factis.
1166 1675 1454 1745 Sanguinis
1483 1672 1671 1728 effusio
1721 1672 1774 1725 in
1805 1669 2031 1725 ecclesia
2061 1660 2106 1721 Β
2135 1672 2201 1725 ad
2227 1671 2457 1739 aliquem
2494 1667 2852 1723 venerabilem
2905 1667 3101 1731 locum,
3144 1667 3229 1721 vel
3269 1667 3564 1736 propinquo
3598 1681 3714 1726 suo,

449 1775 590 1840 facta
613 1787 735 1828 cum
757 1770 918 1834 fuste,
952 1768 997 1823 si
1023 1766 1288 1838 presbiter
1315 1765 1337 1796 '
1359 1762 1540 1830 fuerit,
1573 1761 1735 1832 triplo
1763 1774 2037 1830 conpona.

451 1878 558 1930 tur,
584 1867 718 1920 duas
761 1869 942 1933 partes
966 1843 1139 1915 eidem
1166 1858 1489 1928 presbitero,
1537 1855 1694 1910 tertia
1738 1869 1837 1924 pro
1883 1852 2034 1908 frcdo

451 1956 521 2011 ad
544 1953 853 2018 ecclesiam,
869 1958 922 2006 et
946 1950 990 1982 "
1018 1949 1236 2018 insuper
1255 1948 1464 2002 bannus
1484 1954 1686 2001 noster.
1713 1943 1975 1999 Similiter
1991 1942 2032 1972 “

450 2045 521 2101 de
570 2045 798 2102 diacono
848 2042 890 2074 ¹²
943 2041 1090 2095 iusta
1130 2037 1558 2108 conpositionem
1601 2036 1719 2090 eius
1772 2035 1827 2089 in
1875 2032 2036 2102 triplo

453 2153 577 2194 cum
607 2135 787 2191 hanno
823 2141 1008 2188 nostro
1035 2137 1388 2200 conponatur.
1419 2127 1494 2182 De
1531 2125 1858 2182 subdiacono
1882 2123 2034 2179 simi-

455 2228 581 2283 liter
609 2225 664 2280 in
691 2223 856 2296 triplo
878 2223 1171 2279 secundum
1200 2236 1350 2275 suam
1387 2218 1827 2289 conpositionem.
1882 2217 1952 2272 Et
1993 2217 2038 2248 “

456 2317 525 2374 de
571 2315 992 2386 uniuscuiusque
1033 2312 1239 2368 ordinis
1266 2310 1463 2368 clerico
1491 2308 1536 2341 “
1567 2309 1860 2365 secundum
1884 2324 2038 2364 suam

455 2406 882 2478 conpositionem
926 2405 980 2459 in
1026 2403 1072 2434 ¹⁸
1118 2402 1280 2474 triplo
1325 2400 1683 2473 persolvatur,
1729 2407 1785 2454 et
1823 2399 2041 2470 insuper

454 2501 667 2558 bannus
708 2506 910 2554 noster.
949 2495 1211 2552 Similiter
1253 2504 1309 2550 et
1355 2494 1422 2550 de
1457 2493 1569 2548 ictu
1614 2493 1730 2548 sine
1762 2493 2041 2564 sanguinis

455 2587 716 2645 elfusione
741 2587 826 2642 de-
848 2587 1266 2656 uniuscuiusque
1289 2584 1494 2640 ordinis
1536 2583 1733 2639 clerico
1777 2583 1820 2615 ¹⁶
1853 2598 2043 2640 secun-

457 2681 585 2737 dum
615 2696 766 2736 suam
789 2679 1210 2749 conpositionem
1249 2674 1407 2747 triplo
1439 2677 1502 2742 "’,
1530 2683 1585 2732 et
1607 2677 1816 2731 bannus
1836 2685 2038 2731 noster.

459 2771 527 2825 Et
555 2771 643 2841 qui
669 2787 772 2825 non
799 2769 960 2824 habet
980 2768 1120 2824 unde
1144 2769 1210 2822 ad
1236 2768 1518 2823 ecclesiam
1550 2768 1836 2839 persolvat,
1867 2769 2044 2824 tradat

459 2877 519 2917 se
547 2862 589 2893 "
621 2861 675 2915 in
705 2861 984 2916 servitium
1007 2860 1178 2916 eidem
1212 2859 1492 2925 ecclesiae,
1521 2875 1690 2931 usque
1718 2860 1844 2916 dum
1871 2866 2044 2916 totum

457 2951 699 3006 debitum
726 2949 1014 3022 persolvat.
1047 2961 1073 2990 ι

535 3041 620 3096 13.
647 3041 727 3096 De
757 3042 946 3106 viduis,
975 3041 1186 3114 pupillis
1211 3051 1260 3096 et
1283 3043 1616 3114 pauperibus.
1658 3042 2043 3115 Praecipimus,

462 3143 523 3190 at
546 3135 991 3206 quandocumque
1033 3136 1086 3190 in
1119 3135 1342 3191 mallum
1384 3146 1510 3192 ante
1553 3139 1803 3194 comitem
1831 3139 2044 3204 viduae,

468 3229 655 3299 pupilli
683 3237 737 3284 et
761 3244 1022 3300 pauperes
1048 3229 1312 3295 venerint,
1351 3230 1528 3300 primo
1555 3247 1740 3287 eorum
1769 3247 1931 3288 causa
1954 3247 2048 3286 au-

466 3320 645 3375 diatur
687 3328 741 3375 et
786 3321 1096 3376 definiatur.
1138 3320 1207 3375 Et
1249 3322 1296 3376 si
1343 3329 1506 3376 testes
1547 3338 1642 3392 per
1682 3337 1740 3378 se
1764 3323 1831 3377 ad
1859 3338 2050 3377 causas

466 3427 596 3469 suas
648 3411 980 3480 quaerendas
1025 3411 1225 3466 habere
1271 3426 1380 3468 non
1428 3413 1716 3481 potuerint
1748 3413 1830 3467 vel
1880 3413 2051 3483 legem

2133 1760 2216 1814 vel
2241 1759 2285 1791 "
2308 1759 2528 1814 cuilibet
2556 1755 2711 1811 alteri
2728 1757 2943 1812 tradere
2970 1757 3216 1822 voluerit,
3239 1765 3294 1812 et
3320 1772 3386 1811 eo
3409 1765 3652 1825 tempore
3675 1756 3717 1785 "

2135 1852 2181 1882 ³ο
2211 1853 2349 1906 intra
2396 1851 2568 1920 ipsum
2604 1850 2919 1904 comitatum
2949 1847 3125 1912 fuerit,
3173 1849 3228 1904 in
3277 1865 3385 1919 quo
3417 1865 3502 1904 res
3530 1849 3653 1904 illae
3675 1850 3714 1880 ³¹

2133 1945 2341 2016 positae
2363 1952 2507 2008 sunt,
2529 1944 2819 2014 legitimam
2845 1944 3187 1999 traditionem
3217 1942 3395 1999 facere
3421 1943 3631 1998 studeat
3653 1944 3713 1994 ".

2136 2038 2290 2105 Quod
2315 2038 2359 2091 si
2386 2037 2574 2092 eodem
2600 2045 2857 2107 tempore,
2885 2052 2992 2106 quo
3017 2036 3135 2091 illas
3165 2037 3378 2092 tradere
3409 2036 3537 2101 vult,
3564 2047 3713 2092 extra
3808 2036 3809 2084 l

2137 2127 2365 2185 eundem
2398 2126 2445 2157 ³³
2487 2126 2800 2180 comitatum
2831 2124 3010 2192 fuerit,
3037 2127 3092 2181 id
3131 2134 3216 2182 est
3243 2127 3356 2182 sive
3379 2127 3436 2181 in
3463 2128 3713 2190 exemita,
3808 2191 3809 2194 η

2137 2205 2252 2276 sive
2273 2220 2327 2273 in
2353 2207 2572 2288 palatio,
2603 2218 2648 2250 ιε
2672 2219 2785 2273 sive
2831 2219 2883 2272 in
2907 2218 3014 2273 alio
3043 2219 3282 2288 quolibet
3310 2218 3450 2282 loco,
3478 2219 3714 2272 adhibeat

2139 2315 2242 2370 sibi
2269 2314 2351 2368 vel
2377 2315 2444 2368 de
2471 2314 2586 2368 suis
2611 2312 2954 2384 pagensibus,
3002 2311 3085 2367 vel
3126 2311 3191 2366 de
3240 2310 3362 2364 aliis
3409 2307 3500 2379 qui
3541 2307 3716 2361 cath‘ln

2140 2405 2256 2474 lege
2273 2405 2457 2458 vivant
2483 2405 2607 2473 quia
2640 2405 2753 2475 ipse
2797 2404 2948 2467 vivit,
2990 2411 3157 2458 testes
3179 2403 3225 2434 "
3257 2386 3506 2466 idoneos;
3553 2400 3633 2454 vel
3676 2402 3714 2454 si
3808 2435 3809 2438 η

2141 2500 2262 2555 illos
2280 2485 2487 2551 habere
2517 2512 2623 2550 non
2649 2495 2882 2565 potuerit
2909 2495 2970 2559 ³⁸,
3002 2502 3128 2550 tunc
3170 2493 3238 2550 de
3278 2493 3400 2548 aliis
3442 2491 3623 2560 quales
3653 2492 3716 2544 ibi

2142 2590 2395 2646 meliores
2417 2588 2658 2643 invenite
2680 2587 2850 2657 possit
2873 2587 2937 2651 ",
2971 2595 3025 2643 et
3068 2603 3250 2642 coram
3290 2587 3371 2641 eis
3399 2601 3575 2639 rerum
3599 2599 3716 2638 sua-

2141 2697 2264 2736 rum
2309 2680 2652 2734 traditionem
2683 2677 2870 2743 faciat,
2920 2687 2975 2732 et
3003 2678 3046 2709 ³⁸
3075 2661 3420 2733 fideiussores
3443 2677 3719 2731 vestiturae

2144 2772 2307 2828 donet
2334 2772 2403 2834 ei,
2441 2771 2532 2839 qui
2581 2769 2727 2823 illam
2760 2769 3103 2824 traditionem
3134 2770 3348 2838 accipit,
3399 2776 3458 2822 ut
3503 2767 3716 2822 vestitu-

2147 2880 2262 2918 ram
2290 2862 2470 2917 faciat.
2504 2861 2570 2916 Et
2589 2869 2870 2930 postquam
2896 2860 2939 2891 ³⁹
2964 2861 3096 2915 haec
3122 2859 3340 2914 traditio
3361 2861 3432 2913 ita
3456 2857 3590 2912 facta
3613 2857 3717 2911 fuc-

2149 2949 2236 3018 rit,
2273 2954 2429 3008 heres
2480 2953 2626 3007 illius
2669 2953 2869 3006 nullam
2919 2952 2985 3006 de
3029 2951 3319 3022 praedictis
3365 2952 3521 3004 rebus
3562 2949 3720 3001 valeat

2151 3046 2330 3113 facere
2373 3046 2767 3115 repetitionem.
2822 3044 3044 3113 insuper
3087 3052 3141 3098 et
3168 3044 3280 3113 ipse
3308 3058 3405 3112 per
3433 3057 3491 3096 se
3520 3042 3719 3095 ﬁdeius-

2150 3141 2356 3195 sionem
2393 3138 2554 3193 faciat
2599 3137 2835 3192 eiusdem
2865 3137 3178 3198 vestiturae,
3210 3149 3276 3188 ne
3304 3133 3488 3189 heredi
3518 3133 3620 3186 ulla
3645 3149 3724 3186 oc-

2152 3234 2299 3288 casio
2321 3238 2598 3286 remaneat
2651 3230 2787 3284 hanc
2830 3229 3170 3283 traditionem
3210 3227 3251 3258 ⁸⁸
3291 3225 3605 3284 inmutandi,
3644 3226 3721 3278 sed

2151 3324 2330 3394 potius
2359 3323 2654 3378 necessitas
2691 3321 2964 3376 incumbat
3010 3319 3155 3374 illam
3201 3317 3513 3388 perficiendi
3559 3317 3626 3369 δι.
3671 3316 3725 3369 Et

2154 3414 2201 3468 si
2247 3415 2480 3468 nondum
2535 3429 2623 3468 res
2671 3429 2796 3468 suas
2839 3428 2963 3468 cum
3003 3408 3359 3466 coheredibus
3405 3411 3516 3464 suis
3543 3409 3723 3463 divisas

469 3502 760 3558 nescierint
787 3500 852 3569 ",
879 3517 1062 3558 comes
1088 3500 1219 3557 ‘illos
1249 3501 1333 3559 vel
1361 3496 1481 3557 illas
1509 3501 1740 3568 adiuvet,
1769 3502 1946 3558 dando
1975 3503 2057 3558 eis
2155 3505 2362 3570 habuit,
2391 3522 2496 3561 non
2538 3506 2588 3563 ei
2623 3505 2732 3562 hoc
2770 3506 2842 3561 sit
2884 3503 3281 3574 inpedimento;
3324 3502 3421 3560 sed
3453 3503 3668 3559 coheres
3688 3499 3723 3529 "

1694 3681 2099 3752 ‘VARMNTES
2135 3680 2538 3739 LECTIONES.

554 3844 569 3874 '
607 3840 848 3922 uuird-l:
881 3841 1091 3925 uirgyld
1114 3843 1469 3913 suprascripto
1498 3831 1736 3966 ιιιιίὟίιᾴ
1764 3845 1838 3899 1⁸.
1859 3845 1949 3914 qui
1969 3852 2148 3914 postea
2179 3853 2345 3899 const.
2383 3845 2504 3917 legit
2531 3846 2821 3929 wirgyld...
2844 3847 3078 3916 uuirgild
3107 3847 3162 3902 3.
3205 3837 3370 3901 const.
3402 3845 3726 3918 unergeldutl

573 3920 740 3967 const.
767 3912 1103 3970 wndtrmldus
1147 3913 1212 3967 Β.
1256 3922 1420 3967 const.
1465 3929 1629 3970 wtrae
1688 3915 1752 3970 (ι.
1846 3916 1867 3946 ‘
1906 3914 1981 3968 De
2009 3931 2174 3970 usque
2201 3919 2446 3970 tradatur
2469 3917 2654 3970 desunt
2688 3935 2743 3970 in
2771 3917 2951 3970 Camb.
2986 3917 3150 3970 Sana.
3181 3915 3231 3970 1.
3254 3917 3307 3970 2.
3342 3915 3407 3970 G.
3441 3915 3572 3970 Tha.
3599 3916 3725 3970 συιδ.

488 3912 549 3984 4.
573 3911 1103 3984 συμμίιςίιιὶιξεὶιῧιιε
1147 3913 1212 3967 Β.
1256 3911 1420 3984 const.
1465 3914 1599 3984 vvirg

491 4055 546 4109 in
574 4068 624 4106 a.
653 4052 1082 4108 committeretur
1111 4053 1161 4108 6.
1294 4055 1314 4085 '
1341 4053 1482 4107 deest
1510 4055 1583 4108 ι’.

491 4055 546 4109 in
574 4068 624 4106 a.
653 4054 1082 4108 committeretur
1111 4054 1161 4108 6.
1294 4055 1314 4085 '
1341 4054 1482 4107 deest
1510 4055 1583 4108 ι’.
1696 4056 1717 4086 ⁸
1745 4054 1828 4111 vel

489 4132 609 4179 sunt
638 4121 691 4177 6.
706 4123 956 4178 .hannum
994 4132 1237 4178 nostrum
1262 4122 1336 4176 l'.
1417 4125 1454 4155 “
1485 4126 1748 4179 sequentia
1776 4143 1828 4179 us

475 3914 553 4016 ξ.
573 3914 1112 4016 arcessita:
1147 3914 1752 4016 3“£‘°’el.‘,".'
1799 3914 3725 4016 .13?sae.2raeazarssazi':n9.amb.‘§aae;2;.§;1~sea;

529 3983 568 4037 f.
599 3983 762 4036 morti
782 3979 834 4036 6.
911 3979 946 4012 ί
962 3983 1182 4038 cuius...
1212 3993 1297 4039 est
1319 3983 1506 4038 desunt
1533 3979 1597 4039 G:
1623 3983 1768 4040 Colb.
1799 3984 1980 4038 Camb.
2059 3979 2153 4040 ⁵⁷0.
2189 3986 2278 4040 ubi
2304 3988 2656 4041 committitur
2684 4004 2738 4041 ιι.
2769 3989 2841 4041 1⁸.

1853 4072 1908 4124 q.
1932 4070 2000 4110 ex
2026 4071 2074 4110 c.
2107 4055 2292 4110 desunt
2323 4057 2398 4110 l‘.
2430 4056 2482 4110 6.
2577 4059 2598 4088 ⁹

2941 3988 2962 4019 ⁸
2985 4004 3039 4058 q.
3062 3985 3116 4041 in
3139 4003 3192 4058 a.
3217 4003 3265 4042 c.
3289 3987 3476 4058 desunt
3509 3985 3574 4040 Β.
3597 3988 3726 4058 quasi

2628 4073 2681 4127 p.
2713 4059 2758 4112 is
2785 4057 2821 4110 f.
2856 4059 2928 4111 1⁸.
3009 4057 3080 4089 ί¹⁰
3113 4057 3250 4112 deest
3279 4057 3330 4110 1.
3357 4058 3476 4112 eti.
3505 4058 3559 4112 b.
3583 4074 3633 4110 ιι.
3658 4057 3729 4109 de-

1417 4125 1454 4155 ”
1485 4126 1748 4194 sequentia
1776 4142 1934 4196 usque
1960 4125 2028 4181 ad
2058 4126 2256 4180 clerico
2289 4127 2339 4181 6.
2370 4129 2445 4180 ita
2471 4125 2664 4182 habet}
2696 4145 2741 4182 s.
2767 4130 2992 4183 diacono
3024 4136 3078 4182 et
3105 4128 3438 4183 subdiacono
3463 4128 3727 4182 secundum

457 4192 1161 4266 ,mmpositionentueorum
1204 4193 1258 4247 in
1297 4194 1514 4266 triplum
1552 4192 1924 4266 componatur,
1964 4196 2182 4265 insuper
2213 4198 2426 4251 bannus
2470 4206 2672 4253 noster.
2719 4199 2927 4254 Clerico
2977 4198 3400 4266 uniuscuiusque
3427 4199 3631 4266 ordinis
3663 4213 3727 4250 se-

492 4262 746 4318 cundum.
857 4263 898 4292 "
928 4262 1242 4319 diaconibus
1288 4264 1360 4317 Γ.
1407 4265 1646 4318 diaconis
1677 4262 1751 4319 ‘G.

492 4349 654 4403 usque
690 4331 1063 4403 adgsecundum
1110 4333 1270 4402 triplo
1297 4333 1484 4387 desunt
1510 4336 1562 4388 ὕ.
1587 4331 1652 4387 G.

743 4401 785 4433 ⁸⁸
806 4417 864 4455 se
888 4401 1062 4483 ipsum
1081 4399 1340 4483 coelesiae
1369 4404 1445 4483 ad
1458 4404 1797 4483 serviendum
1814 4421 1994 4483 usque
2024 4405 2056 4460 6

496 4423 560 4456 υ.
596 4423 663 4455 υ.
743 4423 785 4433 -ν
806 4423 864 4455 se
889 4423 1062 4470 ipsum
1081 4423 1340 4458 ecetesme
1369 4423 1434 4457 au
1458 4423 1797 4458 serviendum
1824 4423 1906 4459 llS(
1928 4423 1960 4460 u

495 4472 787 4534 hominem,
813 4472 903 4540 qui
940 4475 1307 4528 tantummodo
1335 4490 1379 4525 r.
1415 4473 1466 4526 6.
1518 4496 1521 4497 ν
1562 4473 1606 4518 '9
1638 4473 1778 4528 deest
1807 4475 1868 4528 Β.

497 4543 668 4596 olossa
697 4543 861 4596 chara
883 4541 935 4595 6.
1031 4541 1076 4572 “
1104 4543 1349 4596 uniravld
1385 4543 1456 4595 1⁵.
1485 4543 1871 4596 wirdriaildum
1903 4547 1955 4596 5.

551 4559 668 4596 08811
697 4557 861 4596 cnara
883 4557 935 4595 υ.

1035 4477 1307 4528 tummodo
1335 4490 1379 4525 r.
1415 4477 1466 4526 6.
1518 4496 1521 4497 ν
1562 4477 1606 4518 '9
1638 4477 1778 4528 deest
1807 4477 1868 4528 Β.
1897 4477 1961 4530 G.
2060 4478 2102 4507 ¹¹
2126 4477 2337 4532 άεεειό.
2441 4480 2486 4509 ³³
2513 4479 2652 4533 deest
2679 4479 2732 4533 6.
2811 4481 2856 4511 ⁸³
2881 4477 3056 4548 hfqui
3083 4495 3136 4548 p.
3167 4495 3218 4548 p.

1031 4541 1076 4572 “
1104 4543 1361 4620 unirgyld
1385 4543 1456 4595 1⁵.
1485 4543 1871 4620 \virdrigildum
1896 4547 1955 4620 _3.
1999 4557 2163 4620 const.
2195 4547 2520 4620 wergeldum
2555 4548 2608 4620 4.
2638 4550 2986 4620 werigeldum
3017 4549 3069 4602 6.
3175 4551 3221 4581 ⁸⁸

1855 4266 1896 4296 ¹³
1938 4266 2094 4338 Et....
2136 4276 2338 4321 noster.
2371 4267 2505 4338 Sim.
2529 4269 2713 4323 desunt
2759 4268 2942 4322 Camb.
2975 4269 3142 4338 Sang.
3171 4269 3221 4322 1.
3251 4265 3476 4322 ΞζΤΙηι.
3503 4265 3648 4322 Colb.
3681 4268 3730 4320 Et

1745 4335 1788 4366 “
1807 4335 1951 4390 clero
1978 4336 2050 4408 41
2112 4338 2156 4368 ³⁸
2182 4337 2322 4408 deest
2353 4339 2427 4390 l'.
2456 4337 2509 4390 4.
2535 4339 2755 4408 triplum
2783 4339 2837 4393 4.
2861 4341 2913 4393 6.

3014 4340 3055 4370 ¹⁶
3076 4340 3222 4394 clero
3250 4339 3304 4392 4.
3386 4340 3426 4370 ³⁷
3462 4340 3516 4392 in
3546 4347 3584 4390 t.
3615 4340 3662 4393 3.
3689 4339 3726 4390 6.

2157 4407 2199 4479 ξ’
2233 4423 2286 4460 ιι.
2307 4409 2521 4462 adiuvet
2548 4407 2654 4464 illis
2682 4425 2862 4464 comes
2879 4417 2932 4464 et
2946 4418 3183 4479 praestet
3195 4409 3316 4479 illis
3343 4417 3456 4463 tam
3480 4409 3729 4477 loquacem

2441 4480 2486 4509 "
2513 4479 2652 4549 deest
2679 4479 2732 4533 6.
2811 4481 2856 4511 ⁸³
2881 4478 3056 4548 ὶιξᾳιιὶ
3083 4495 3136 4548 p.
3167 4495 3218 4548 p.
3247 4478 3378 4534 facit
3412 4479 3731 4549 superscripta

3250 4565 3305 4619 p.
3333 4550 3666 4620 persolvatur
3691 4550 3730 4602 3.

523 4609 543 4694 ξ
572 4612 819 4694 filiiﬁlin
841 4627 927 4666 res
957 4627 1095 4694 suas
1119 4609 1251 4694 dare
1263 4609 1472 4694 debeat
1581 4683 1592 4694 .
1635 4609 1830 4694 fieri...
1876 4617 2065 4694 debeat
2109 4618 2291 4671 desunt
2311 4609 2370 4671 ’3.
2397 4616 2712 4694 eor_um'loc_o
2743 4609 2814 4694 1⁷.
2837 4620 3118 4694 habetpro
3139 4609 3352 4694 salu-tae
3374 4621 3589 4694 animae
3610 4633 3730 4674 suae.

495 4683 542 4761 ’ξ
568 4683 774 4761 initium
801 4683 1056 4761 usquead
1084 4683 1293 4761 tradere
1319 4683 1372 4761 6ἶ
1396 4685 1469 4761 ita
1504 4683 1697 4761 habet:
1729 4685 1876 4761 Si__q.
1902 4687 2038 4741 liber
2059 4703 2175 4761 ris.
2204 4703 2303 4761 pro
2331 4703 2381 4741 a.
2412 4689 2588 4761 salute
2604 4691 2686 4743 vel
2714 4691 2790 4761 ad
2816 4683 3098 4745 ecclesiam
3128 4691 3208 4745 vel
3239 4707 3294 4761 p.
3323 4707 3424 4746 suo
3464 4690 3668 4744 tradere
3695 4705 3731 4761 ι.

498 4753 539 4783 δ’
564 4752 703 4805 deest
735 4752 781 4804 1.
811 4751 883 4804 4.
961 4753 1005 4783 ³⁸
1044 4759 1162 4807 ett.
1195 4753 1408 4820 quando
1445 4753 1584 4806 intra
1617 4752 1681 4806 (ἱ.

1781 4756 1820 4785 ³¹
1860 4773 1903 4809 r.
1938 4758 2213 4812 suaeillae
2252 4758 2324 4810 1’.

2424 4759 2468 4788 ³³
2493 4767 2530 4812 t.
2567 4759 2729 4814 faciat
2763 4759 2819 4830 6.
2916 4761 2962 4792 ³³
2998 4759 3336 4817 ρίιιειιριιιϐ.
3418 4762 3467 4792 ³⁵
3493 4762 3679 4830 placito
3695 4759 3731 4830 l.

498 4824 546 4899 'f
583 4831 692 4899 tres
723 4830 760 4875 t.
873 4890 900 4899 Α
921 4821 1064 4899 ἐρ.
1087 4822 1219 4899 alios
1253 4831 1431 4899 autem
1461 4839 1595 4899 quos
1630 4824 1729 4899 sibi
1767 4824 1944 4899 Cum.
1975 4826 2027 4899 6.
2075 4828 2143 4899 Α³⁷
2172 4828 2398 4881 inveniri
2424 4839 2649 4896 possunt
2677 4831 2747 4883 Γ.
2775 4827 2839 4884 Β.
2917 4833 2961 4863 ³⁸
2989 4839 3108 4886 et...
3133 4831 3293 4885 faciat
3322 4821 3513 4886 desunt
3540 4832 3591 4884 1.
3629 4830 3672 4883 4.
3697 4829 3732 4880 6.

502 4893 566 4972 .
597 4891 761 4962 Sang.
869 4890 922 4944 2.
949 4890 1097 4972 Colb.
1123 4891 1254 4972 Tha:
1283 4890 1494 4972 ςλάηιὲι..Γ
1540 4894 1584 4924 ³⁸
1619 4910 1671 4962 p.
1705 4895 1810 4972 hoc
1841 4894 2054 4972 fecerit,
2075 4897 2127 4950 h.
2160 4899 2196 4952 i.
2221 4914 2273 4972 ιι.
2305 4890 2703 4972 peticionemv.
2734 4903 2771 4955 l’.
2798 4903 2862 4956 de
2893 4917 2948 4972 p.
2985 4918 3027 4955 r.
3068 4902 3118 4954 6.
3153 4901 3493 4972 sequentibus
3513 4919 3666 4970 usque
3689 4901 3736 4951 all

458 4972 461 4975 '
503 4963 656 5032 ﬁnem
689 4962 873 5032 capitis
908 4963 1102 5017 omisit.

506 5030 598 5086 des
625 5030 676 5086 4.

1211 4961 1256 4994 ⁸ο
1283 4963 1338 5017 h.
1370 4972 1408 5016 t.
1455 4964 1491 5017 i.
1524 4961 1644 5020 ante
1694 4981 1761 5020 ne
1797 4966 1912 5021 her.
1955 4966 2173 5022 collocat
2213 4967 2266 5020 4.

2382 4968 2423 4999 ⁸⁸
2455 4971 2836 5039 perﬁciendam
2871 4968 2925 5028 5.
2964 4968 3279 5043 proﬁciendi
3307 4972 3374 5027 Β.
3482 4971 3529 5003 ⁸³
3555 4968 3737 5028 ebbere»

2031 5148 2235 5204 NOTAE
2246 5189 2259 5203 .

513 5371 524 5382 .
582 5312 605 5340 α
641 5300 757 5382 Div.
789 5301 850 5354 Β.
891 5301 1057 5364 Plth.,
1086 5303 1278 5382 Paris.)
1312 5303 1518 5382 Nora},
1565 5305 1758 5382 Ehem.
1810 5306 1946 5382 ΒΜ..
1997 5306 2083 5382 hic

515 5373 767 5447 inserunt
784 5382 943 5447 caput
969 5374 1110 5447 quod
1137 5373 1340 5447 Regina
1384 5374 1543 5447 refert
1586 5391 1652 5429 ex
1681 5377 1714 5429 Ι.
1749 5392 1786 5430 ιι
1812 5376 2040 5445 Capitul.
2067 5395 2082 5440 ;

513 5450 566 5493 et
596 5441 713 5494 Vat.
748 5442 798 5505 l,
831 5441 982 5506 Bcll.,
1017 5442 1159 5506 Met.,
1188 5444 1398 5508 Camb.,
1430 5445 1482 5498 in
1519 5445 1623 5500 fine
1651 5447 1687 5499 l.
1722 5463 1760 5500 ιι
1788 5441 2087 5500 collocant:

521 5529 539 5592 ι
575 5509 720 5592 14
751 5511 828 5592 De
847 5512 1101 5592 solutione
1133 5515 1286 5592 occisi
1321 5515 1620 5592 presbyteri.
1669 5516 1968 5592 Presbyteri
2011 5518 2091 5592 in-

518 5579 722 5634 terfecti
747 5580 996 5656 episcopo
1022 5584 1087 5637 ad
1127 5585 1279 5656 cuius
1305 5579 1638 5654 parrochiam
1676 5579 1961 5656 pcrtiiicnt,
1988 5588 2091 5640 sol-

525 5660 711 5707 vantur
743 5655 1033 5710 secundum
1076 5655 1366 5727 capitulare
1394 5656 1608 5727 gloriosi
1635 5657 1813 5714 liaroli
1839 5660 2095 5731 genitoris

2179 5309 2381 5390 nostri,
2427 5311 2775 5390 ita__vide_licct
2800 5323 2858 5367 ut
2885 5317 3222 5390 medietatem
3251 5315 3481 5390 wirgildi
3508 5317 3626 5390 eius
3659 5317 3740 5386 cpi-

2194 5395 2387 5456 scopus
2426 5383 2745 5456 utilitatibus
2788 5387 3045 5440 ecclesiae
3081 5387 3165 5439 cui
3213 5383 3444 5456 praefuit
3471 5383 3742 5448 tribuatﬂt

2197 5450 2419 5530 alteram
2451 5453 2799 5530 medietatem
2828 5456 2880 5508 in
2925 5450 3262 5530 eleemosyna
3282 5528 3294 5530 ᾼ
3314 5457 3458 5512 illius
3493 5458 3640 5530 iuste:
3670 5458 3740 5530 dis»

2201 5524 2431 5599 pertint;
2502 5524 3068 5599 quia___nullus_nobis
3116 5524 3232 5581 eius
3281 5528 3441 5582 heres
3490 5527 3740 5599 proximis

2201 5591 2429 5670 videtur,
2457 5608 2614 5660 quam
2644 5593 2729 5647 ille
2771 5597 2858 5663 qui
2892 5597 3060 5670 ipsum
3086 5599 3311 5654 Domino
3340 5591 3564 5654 sociavit
3591 5598 3713 5670 [Pili

2204 5659 2402 5729 I’aris.,
2433 5659 2534 5716 oin.
2570 5659 2802 5735 quam":
2830 5659 3048 5722 sociam
3083 5709 3094 5721 .
3133 5690 3149 5721 ι
