3828 6220
41 253 136 307 93

528 276 531 279 -
612 248 837 306 counx
872 243 1391 302 menoumcus.
1415 276 1484 285 _
1508 241 1824 299 caena.
1867 241 1957 298 an
1993 209 2332 299 ansmso
2367 240 2633 300 cor.an
2648 240 2748 299 rA.

3212 245 3316 302 8⁸13

37 367 144 415 τω,
168 362 225 416 si-
247 371 444 431 sponte
472 359 722 424 noluerit,
745 367 838 413 aut
862 373 958 428 per
986 357 1235 412 comitem
1261 363 1354 408 aut
1375 329 1475 424 per‘
1496 353 1623 406 mis-
1652 358 1701 416 Α
1728 357 1907 415 mant;
1954 348 2112 404 cuius
2166 349 2556 418 conpositionis
2607 348 2747 404 duae
2798 355 2988 419 partes
3025 349 3082 406 ei
3128 360 3322 406 contra

34 467 148 509 sum
170 451 301 507 eius
324 451 697 522 distringatur,
727 457 786 504 ut
807 449 1125 503 divisionem
1166 461 1292 502 cum
1317 444 1410 500 illo
1439 442 1620 507 faciat,

35 545 97 598 ad
128 558 299 614 quem
333 541 620 599 defunctus
664 540 1016 596 hereditatem
1055 552 1210 594 suam
1243 535 1412 591 voluit
1443 535 1458 565 ⁸
1496 549 1621 604 per-

34 635 234 690 venire.
269 634 341 689 Et
383 633 431 689 si
459 633 678 688 cuilibet
701 631 963 687 ecclesiae
1004 644 1123 684 eam
1159 626 1370 682 tradere
1390 624 1620 696 rogavit,

31 716 257 782 coheres
294 722 415 779 eius
445 736 566 777 eam
596 722 770 792 legem
815 735 938 776 cum
979 719 1070 774 illa
1112 718 1338 774 ecclesia
1371 717 1440 772 de
1466 730 1624 786 prae-

30 816 168 871 dicta
202 814 512 872 hereditate
531 814 746 879 habeat,
774 827 934 884 quam
962 823 1083 868 cum
1109 811 1217 866 alio
1239 807 1503 865 coherede
1523 823 1624 864 suo

32 907 234 964 habere
268 905 502 962 debebat
539 905 582 958 ³.
610 903 679 959 Et
706 903 809 960 hoc
833 904 1150 958 observetur
1179 914 1306 971 erga
1335 906 1544 969 patrem
1567 904 1625 952 et

31 987 194 1052 ﬁlium
225 1003 288 1051 et
313 992 563 1064 nepotem
591 1008 761 1063 usque
787 991 854 1048 ad
888 1005 1058 1046 annos
1092 989 1389 1060 legitimos;
1436 994 1623 1057 postea

31 1096 175 1158 ipsae
201 1102 300 1142 res
325 1086 394 1142 ad
413 1085 790 1140 inmunitatem
816 1083 984 1153 ipsius
1016 1081 1279 1137 ecclesiae
1306 1080 1548 1135 redeant.

96 1178 185 1234 t9.
231 1177 319 1233 De
348 1176 652 1232 homicidiis
676 1174 1026 1247 prohibendis.
1079 1173 1415 1241 Quicumque
1449 1169 1625 1225 homi-

29 1287 146 1325 nem
190 1277 295 1324 aut
317 1283 386 1326 ex
412 1268 519 1326 levi
556 1282 719 1324 causa
743 1275 837 1322 aut
877 1266 995 1322 sine
1022 1280 1185 1323 causa
1213 1262 1542 1319 interfecerit
1578 1262 1620 1328 ³,

29 1360 339 1432 vrirgildum
369 1359 491 1415 eius
517 1357 539 1390 ⁵
569 1359 653 1414 his
671 1398 688 1424 ,
733 1358 801 1414 ad
830 1372 967 1427 quos
1011 1355 1103 1412 ille
1130 1354 1391 1426 pertinet,
1424 1367 1625 1422 conpo-

31 1462 134 1508 nat.
158 1452 286 1522 ipse
302 1467 427 1509 vero
443 1459 664 1522 propter
685 1451 847 1506 talem
874 1449 1366 1520 praesumptionem
1395 1446 1447 1500 in
1471 1446 1618 1502 exsi-

30 1543 153 1598 lium
204 1543 482 1607 mittatur,
509 1541 578 1596 ad
605 1551 864 1612 quantum
906 1548 1117 1604 tempus
1147 1537 1302 1594 nobis
1325 1535 1619 1607 placuerit;

34 1649 112 1690 res
139 1639 330 1688 tamen
353 1646 484 1687 suas
511 1645 620 1687 non
641 1631 876 1686 amittat.

1724 454 1882 509 quem
1921 439 2102 494 testati
2128 447 2254 494 sunt
2285 439 2504 504 denmr,
2550 439 2708 494 tertia
2749 453 2850 509 pro
2876 437 3031 495 fredo
3053 441 3316 498 solvatur.

1723 530 1791 585 Et
1827 530 1884 585 in
1913 529 2146 587 seculari
2186 530 2407 600 quidem
2453 543 2620 585 causa
2673 529 3045 586 huiuscemodi
3094 533 3321 588 testium

1722 617 2010 676 diversitas
2053 635 2246 690 campo
2291 619 2673 689 eonprobetur.
2705 619 2766 675 In
2802 620 3185 678 ecclesiasticis
3221 628 3338 696 μ’

1723 719 1831 768 tem
1853 712 2053 777 causis,
2080 713 2173 768 ubi
2195 711 2264 767 de
2289 727 2396 768 una
2430 720 2584 783 parte
2610 713 2872 779 seculare,
2900 713 2969 769 de
2991 713 3160 770 altera
3189 717 3340 773 vero

1721 803 2144 860 ecclesiasticum
2185 806 2459 876 negotium
2490 813 2577 861 est
2616 805 2686 871 ",
2726 806 2866 862 idem
2895 809 3092 864 modus
3132 809 3334 878 obeq-

1721 905 1877 952 vetur
1903 895 1968 950 ".
2012 897 2110 953 Ubi
2153 911 2280 954 vero
2317 911 2386 952 ex
2426 905 2655 968 utraque
2687 907 2842 968 parte
2887 900 3324 963 ecclesiasticum

1719 984 1899 1055 fuerit,
1925 995 2167 1045 rectores
2191 988 2484 1046 earundem
2521 991 2892 1059 ecclesiarum,
2920 993 2969 1052 si
2994 1009 3054 1050 se
3079 994 3318 1050 familia-

1721 1077 1854 1134 riter
1889 1077 2176 1148 paciflcare
2209 1080 2397 1146 velint,
2423 1082 2698 1139 licentiam
2728 1083 2980 1141 habeant.
3029 1086 3087 1142 Si
3134 1097 3315 1142 autem

1721 1166 1788 1223 de
1808 1167 2178 1225 huiuscemodi
2202 1171 2578 1241 pacificatioue
2600 1174 2742 1229 inter
2764 1189 2862 1232 eos
2887 1161 3178 1232 convenire
3207 1194 3316 1232 non

1719 1258 1929 1328 possint
1953 1260 2021 1326 ",
2048 1259 2296 1317 advocati
2321 1277 2510 1318 eorum
2547 1263 2604 1318 in
2637 1264 2800 1320 mallo
2831 1267 3048 1334 publico
3071 1267 3137 1322 ad
3163 1283 3317 1337 prae-

1719 1351 1950 1408 sentiam
1978 1353 2192 1408 comitis
2238 1355 2476 1419 veniant,
2512 1362 2568 1411 et
2615 1356 2690 1412 ibi
2734 1356 3010 1428 legitimus
3056 1359 3319 1425 terminus
3372 1399 3381 1410 .

1719 1459 1906 1502 eorum
1947 1447 2382 1510 contentionibus
2418 1448 2724 1518 inponatur.
2773 1448 2962 1504 Testes
2991 1449 3038 1481 "
3074 1465 3204 1507 vero
3249 1449 3318 1506 de

1719 1537 1959 1608 qualibet
1979 1537 2144 1596 causa
2173 1555 2282 1596 non
2316 1539 2533 1597 aliunde
2563 1548 2912 1612 quaerantur,
2950 1543 3056 1598 nisi
3093 1542 3162 1599 de
3199 1544 3318 1612 ipso

1720 1627 1984 1684 comitatu
2041 1628 2096 1683 in
2144 1615 2400 1699 quo°res
2445 1630 2590 1686 unde
2644 1646 2809 1688 causa
2863 1632 3062 1703 agitur,
3107 1633 3318 1703 positae

95 1722 180 1777 20.
211 1721 297 1776 De
320 1704 438 1786 hoc,
488 1721 630 1792 quod
658 1721 716 1775 in
741 1721 1150 1791 conpositionem
1198 1716 1425 1789 wirgildi
1449 1716 1471 1749 '
1497 1714 1618 1770 dari
1649 1705 1884 1786 B'sunt;
1915 1720 2042 1790 quia
2083 1736 2191 1777 non
2219 1728 2306 1777 est
2332 1721 2608 1789 credibile,
2645 1730 2707 1778 ut
2737 1723 2822 1778 vel
2860 1725 2926 1780 de
2959 1732 3105 1780 statu
3139 1727 3316 1782 homi-

34 1813 227 1866 debeat.
268 1811 334 1867 In
378 1811 807 1883 conpositionem
835 1810 856 1841 ⁸
887 1809 1119 1878 vvirgildi
1166 1808 1413 1866 volumus
1455 1814 1518 1862 ut
1557 1820 1624 1861 ea

35 1903 222 1958 dentur
249 1918 394 1974 quae
417 1902 472 1958 in
494 1903 612 1974 lege
641 1903 1002 1967 continentur,
1031 1909 1258 1971 excepto
1289 1899 1552 1971 accipitre
1568 1905 1625 1952 et

37 1997 220 2066 spatha
267 1997 329 2063 ';
381 1996 510 2068 quia
535 1983 761 2068 propter
805 1994 895 2050 illa
919 1993 1026 2050 duo
1053 1993 1339 2064 aliquoties
1375 1993 1398 2026 ⁸
1437 1991 1624 2064 periu-

38 2090 161 2143 rium
181 2088 569 2155 committitur,
598 2087 812 2158 quando
831 2076 1080 2144 fmaioris
1103 2085 1267 2156 pretii
1316 2099 1478 2155 quam
1529 2081 1624 2138 illa

40 2181 134 2234 sint
158 2191 287 2233 esse
315 2177 588 2232 iurantur.
660 2193 663 2196 ·

96 2267 180 2322 21.
207 2266 292 2321 De
313 2275 468 2338 raptu
514 2265 810 2322 alienarunt
852 2281 1184 2338 sponsarum.
1217 2263 1276 2320 Si
1300 2278 1423 2334 quis
1453 2277 1622 2333 spon-

42 2380 140 2420 sam
176 2363 416 2420 alienam
439 2363 701 2435 rapuerit,
733 2346 826 2419 aut
849 2363 988 2434 patri
1030 2362 1149 2417 eius
1179 2368 1275 2417 aut
1313 2360 1384 2426 ei,
1415 2360 1508 2430 qui
1539 2358 1620 2415 le-

42 2456 180 2525 gibus
202 2455 325 2511 eius
365 2454 387 2484 ’
415 2453 669 2512 defensor
693 2469 814 2510 esse
855 2453 1034 2519 debet,
1074 2467 1198 2508 cum
1233 2466 1331 2508 sua
1354 2453 1472 2522 lege
1499 2464 1619 2505 eam

47 2546 240 2614 reddat;
265 2555 323 2605 et
341 2548 602 2619 quicquid
620 2563 744 2604 cum
772 2547 814 2579 ³⁸
835 2561 902 2602 ea
926 2546 1128 2611 tulerit,
1154 2543 1403 2600 semotim
1430 2557 1620 2598 unam-

45 2654 296 2710 quamque
327 2654 456 2717 rem.
474 2640 779 2710 secundum;
813 2638 984 2710 legem
1014 2637 1224 2694 reddat.
1272 2637 1338 2692 Et
1371 2637 1410 2669 “
1438 2636 1484 2692 si
1515 2637 1620 2692 hoc

47 2729 274 2787 defensor
307 2731 427 2787 eius
450 2730 749 2802 perpetrari
773 2729 1127 2795 consenserit,
1159 2736 1215 2783 et
1245 2726 1366 2783 ideo
1415 2726 1618 2798 raptori

48 2823 156 2877 nihil
182 2837 449 2893 quaerere
464 2823 716 2889 voluerit,
745 2837 926 2879 comes
953 2822 994 2854 "
1025 2820 1372 2893 singulariter
1395 2819 1462 2876 de
1486 2834 1621 2876 uua-

49 2929 318 2984 quaquere
357 2914 402 2947 ¹³
427 2913 581 2971 freda
605 2922 792 2970 nostra
819 2913 864 2945 “
890 2913 958 2968 ab
981 2927 1046 2968 eo
1083 2911 1407 2967 exactore"
1430 2909 1614 2966 faciat.

52 3003 236 3073 Sponso
261 3004 305 3036 “
329 3018 459 3059 vero
487 3003 663 3075 legem
685 3017 838 3059 suam
861 3009 1150 3072 conponat,
1177 3009 1232 3056 et
1251 3001 1467 3072 insuper
1485 3000 1618 3055 ban-

51 3061 160 3149 uum
191 3102 460 3161 nostrum,
487 3061 575 3151 id,
594 3102 679 3151 est
722 3061 1003 3166 sexaginta
1038 3061 1258 3159 solidos,
1287 3061 1496 3158 solvat;
1531 3105 1617 3176 vel
1644 3061 1691 3126 ο

54 3183 96 3236 iu
126 3184 481 3253 praesentiam
517 3191 758 3240 nostram
783 3198 964 3240 comes
999 3198 1123 3239 eum
1153 3182 1406 3238 advenire
1429 3181 1614 3259 faciat,

53 3283 95 3326 et
116 3283 306 3343 quanto
327 3283 571 3346 tempore
599 3259 752 3331 nobis
776 3275 1056 3345 placuerit,
1103 3274 1156 3328 in
1187 3273 1350 3336 exilio
1375 3279 1616 3337 maneat,

57 3373 99 3416 et
120 3364 256 3419 illam
269 3353 534 3419 feminam
567 3364 620 3420 ei
655 3365 853 3420 habere
883 3380 991 3420 non
1017 3363 1205 3436 liceat.

108 3455 185 3509 22.
211 3455 288 3510 De
322 3455 476 3526 falsis
507 3456 720 3513 testibus
747 3455 1108 3510 convincendis
1159 3456 1221 3506 ¹⁷.
1253 3454 1311 3509 Si
1348 3453 1469 3523 quis
1494 3470 1615 3508 cum

59 3544 202 3601 altero
238 3545 306 3600 de
356 3545 598 3618 qualibet
643 3531 806 3603 causa
835 3546 877 3577 ¹⁸
902 3546 1303 3602 contentionem
1349 3545 1614 3613 habuerit,

57 3643 98 3688 et
126 3644 282 3692 testes
317 3644 507 3692 contra
544 3629 668 3693 eum
694 3651 792 3708 per
815 3636 1068 3692 iudicium
1102 3635 1352 3707 producti
1397 3635 1614 3702 fuerint,

60 3728 94 3781 si
115 3727 192 3782 ille
197 3727 368 3806 falsos
388 3744 491 3786 eos
509 3743 630 3786 esse
666 3729 989 3800 suspicatur,
1014 3730 1172 3786 liceat
1190 3730 1239 3784 ei
1268 3730 1403 3786 alios
1429 3739 1614 3794 testes,

59 3835 170 3889 quos
191 3823 442 3879 meliores
460 3824 718 3894 potuerit,
744 3831 932 3879 contra
955 3838 1048 3879 eos
1070 3837 1360 3894 opponere,
1384 3831 1444 3878 ut
1468 3839 1620 3879 vera-

62 3912 169 3966 tium
192 3908 502 3971 testimonio
535 3912 794 3971 falsorum
831 3914 1052 3970 testium
1091 3914 1418 3985 perversitas
1462 3931 1621 3986 supe-

16 4077 20 4082 _
63 4011 200 4059 retur.
240 4003 394 4072 Quod
418 4005 466 4062 si
490 4008 683 4062 ambae
717 4013 899 4077 partes
943 4008 1162 4063 testium
1210 4007 1285 4061 ita
1314 4007 1354 4038 ¹⁹
1376 4008 1516 4064 inter
1561 4024 1620 4065 se

64 4092 398 4163 dissenserint,
453 4104 516 4153 ut
563 4097 872 4155 nullatenus
912 4115 1018 4154 una
1067 4115 1193 4169 pars
1227 4092 1400 4154 alteri'
1428 4099 1620 4157 cedere

64 4184 181 4250 velit,
205 4187 472 4259 eligantur
494 4189 599 4245 duo
632 4203 699 4244 ex
724 4189 874 4259 ipsis,
914 4188 967 4244 id
1012 4199 1096 4245 est
1121 4204 1187 4244 ex
1213 4199 1441 4261 utraque
1468 4201 1620 4263 parte

67 4289 194 4340 unus,
218 4279 306 4347 qui
332 4295 456 4334 cum
482 4279 653 4335 scutis
676 4288 732 4333 et
757 4278 988 4334 fustibus
1015 4280 1069 4334 in
1104 4297 1294 4351 campo
1318 4282 1616 4355 decertent,

67 4374 160 4420 utra
195 4383 315 4438 pars
339 4368 649 4436 falsitatem,
697 4379 818 4426 utra
849 4371 894 4403 ‘°
931 4372 1214 4428 veritatem
1241 4374 1286 4405 ³⁸
1337 4391 1435 4431 suo
1461 4375 1616 4432 testi-

69 4457 212 4512 monio
234 4468 507 4529 sequatur.
549 4460 616 4515 Et
656 4461 924 4532 campioni
950 4463 1042 4532 qui
1064 4464 1240 4519 victus
1275 4463 1456 4532 fuerit,
1484 4481 1612 4536 pro-

68 4552 159 4612 pter
175 4548 463 4618 periurium
482 4549 625 4620 quod
649 4551 692 4581 ¹¹
721 4559 845 4607 ante
874 4566 1107 4623 pugnam
1156 4554 1445 4622 commisit,
1486 4555 1617 4610 dex-

70 4641 156 4690 tera
185 4654 368 4696 manus
403 4648 746 4711 amputetur;
794 4642 962 4698 ceteri
989 4657 1116 4698 vero
1159 4643 1397 4700 eiusdem
1447 4646 1622 4716 partis

70 4740 218 4803 testes,
249 4741 341 4813 qui
384 4739 504 4796 falsi
542 4748 902 4812 apparuerunt
949 4740 1015 4823 'f,
1067 4755 1261 4797 manus
1311 4757 1436 4798 suas
1471 4741 1625 4797 redi-

1263 4850 1658 4910 vanumes
1693 4848 2094 4922 LECTIONES.

1212 4961 1923 5044 quam..._dehehat_desu.nt
2055 5013 2058 5016 ,
2133 4960 2412 5044 interficit,
2426 4961 2528 5044 .bis
2561 4962 3210 5044 conpon_at_vverigeldum
3238 4965 3310 5022 ad

1350 5035 1373 5124 ξ
1399 5032 1761 5135 Ψίόξίεἰις.
1784 5032 2031 5135 ιιυιξτεγιξί
2063 5031 2255 5135 d.‘non
2296 5031 2464 5135 ρι’.
2493 5031 2803 5135 unfreggldi
2835 5032 2895 5135 ᾖ
2926 5031 3104 5135 pos—5a
3136 5048 3306 5135 conn.

1271 5119 1282 5157 ι
1315 5105 1384 5158 l'.
1501 5104 1522 5135 ⁸
1553 5103 1826 5158 mulloties
1850 5104 1901 5156 ti.
1997 5103 2019 5133 ⁸
2052 5103 2103 5158 ei
2131 5103 2202 5156 1⁸.
2296 5103 2339 5134 ¹⁶
2365 5117 2528 5172 supra
2561 5118 2605 5158 el

1271 5173 1315 5206 ¹³
1347 5190 1459 5229 rem
1491 5181 1778 5243 componat
1802 5171 1869 5227 G.
1898 5171 2120 5244 (reliqua
2144 5173 2321 5228 omnia
2341 5173 2605 5276 desuntzn

1271 5260 1357 5298 sus
1390 5246 1443 5298 3.
1544 5246 1584 5276 ¹⁷
1611 5261 1657 5298 c.
1683 5245 1781 5298 hoc
1803 5241 2088 5296 admodum
2114 5252 2372 5298 contraxit
2395 5243 2446 5297 6.
2549 5244 2571 5276 ⁸
2598 5261 2605 5298 1

131 4960 322 5018 ‘noluit
340 4961 407 5019 G.
484 4964 505 4996 ¹
530 4963 690 5019 debet
719 4962 790 5017 l‘.
824 4963 1016 5019 debeat
1035 4964 1089 5018 3.
1116 4961 1182 5018 G.

76 5042 180 5095 quos
211 5034 438 5105 pertinet
476 5034 591 5105 ipse
617 5034 697 5105 6.,
732 5102 740 5105 _
779 5033 803 5065 ⁶
843 5034 984 5105 deest
1016 5035 1070 5090 3.
1099 5033 1153 5087 4.
1181 5032 1247 5088 GL

77 5102 305 5185 \vcrgeldi.
417 5105 439 5136 ⁸
464 5102 849 5185 compositione
871 5105 905 5159 3
930 5104 1056 5185 Β...⁸
1087 5105 1283 5185 'nspata
1297 5105 1384 5185 ⁸1⁸.

77 5168 181 5241 ἳίςεῖ
201 5168 628 5241 Perconsenserit
653 5173 704 5228 6.
807 5174 848 5206 “
875 5173 1056 5230 comiti
1101 5168 1167 5229 GL

83 5236 173 5314 ξιξ.
203 5236 446 5314 exactore
466 5246 522 5302 3.
553 5251 783 5311 exactet,
808 5260 889 5314 sp.
921 5244 973 5298 6.
1053 5245 1097 5276 ⁸⁸
1129 5260 1357 5314 sponsus
1390 5246 1443 5300 3.

1720 1811 1807 1868 uis
1853 1812 1940 1867 vel
1978 1811 2046 1868 de
2081 1813 2420 1884 possessione
2469 1815 2757 1872 cuiuslibet
2802 1830 2902 1886 per
2943 1816 3080 1873 alios
3122 1817 3318 1874 melius

1721 1901 1803 1958 rei
1825 1903 2026 1959 veritas
2050 1903 2302 1974 cognosci
2327 1904 2524 1971 valeat,
2557 1919 2720 1974 quam
2760 1919 2860 1976 per
2895 1905 3018 1963 illos
3053 1908 3146 1977 qui
3188 1908 3318 1964 vici-

1721 1992 1902 2049 niores
1925 2002 2069 2049 siml.
2101 1992 2170 2050 Si
2183 2001 2364 2050 tamen
2389 1995 2665 2055 mutentio
2684 1996 2986 2066 quaeinter
3010 2010 3107 2053 eos
3130 2005 3319 2054 exorta

1719 2093 1824 2151 eet,
1855 2085 1910 2140 in
1937 2083 2171 2143 conﬁnio
2197 2087 2425 2143 duorum
2452 2088 2804 2144 comitatuum
2828 2087 3014 2158 fuerit,
3052 2090 3212 2147 liceat
3238 2091 3320 2149 eis

1725 2176 1794 2234 de
1829 2177 2008 2234 vicina
2048 2171 2279 2258 centena
2329 2179 2626 2237 adiacentis
2659 2181 2951 2238 comitatus
2982 2182 3060 2263 'ad
3097 2197 3319 2240 causam

1720 2281 1877 2328 suam
1906 2275 2076 2324 testes
2100 2268 2320 2324 habere.

1794 2358 1885 2415 25.
1915 2358 1993 2414 De
2006 2360 2216 2431 proprio
2241 2360 2298 2415 in
2319 2359 2552 2414 bannum
2579 2361 2622 2392 "
2649 2363 2830 2416 misso.
2853 2361 3250 2434 Cuiuscumque
3271 2365 3318 2397 ⁸³

1723 2450 1958 2507 hominis
1996 2451 2300 2521 proprietas
2349 2451 2418 2506 ob
2452 2449 2656 2507 crifnen
2701 2452 2939 2523 aliquod,
2985 2455 3128 2525 quod
3171 2455 3316 2512 idem

1719 2543 1882 2600 habet
1910 2543 2282 2608 commissum,
2312 2541 2371 2598 iu
2406 2543 2644 2598 bannutn
2685 2541 2848 2599 fuerit
2865 2545 3072 2610 ,missa,
3105 2555 3160 2600 et
3205 2546 3315 2612 ille,

1719 2649 1780 2693 re
1797 2635 2036 2707 cognita,
2066 2651 2137 2693 ne
2171 2635 2434 2692 iustitiam
2465 2634 2647 2701 faciat,
2674 2637 2860 2694 venire
2895 2636 3185 2703 distulerit,
3221 2655 3319 2695 an-

1717 2740 1954 2796 numque
1978 2743 2044 2782 ac
2067 2727 2210 2784 diem
2240 2727 2296 2781 in
2325 2740 2392 2782 eo
2429 2727 2612 2783 hanno
2656 2727 2807 2786 illam
2837 2742 2959 2785 esse
2987 2731 3314 2800 permiserit,

1719 2815 1949 2872 ulterius
1971 2831 2092 2873 eam
2134 2832 2242 2872 non
2267 2817 2537 2889 adquirat,
2584 2818 2680 2874 sed
2714 2819 2830 2889 ipsa
2880 2820 3012 2876 fisco
3056 2831 3242 2876 nostro
3271 2822 3316 2854 ⁸³

1719 2905 1973 2962 societur.
2003 2905 2256 2963 Debitum
2299 2921 2449 2973 vero,
2477 2907 2620 2977 quod
2665 2908 2712 2963 is
2736 2909 2890 2965 cuius
2917 2924 2981 2965 ea
3013 2910 3056 2942 ³⁸
3086 2909 3189 2965 fuit
3211 2911 3320 2968 sol-

1718 3011 1846 3053 vere
1866 2995 2072 3060 debuit,
2099 3011 2197 3068 per
2232 2996 2496 3053 comitem
2528 3013 2595 3054 ac
2632 2998 2909 3055 ministros
2936 2999 2979 3031 "
3019 3000 3138 3055 eius
3168 3001 3316 3058 iuxta

1719 3086 2148 3143 aestimationem
2188 3087 2392 3154 damni,
2423 3087 2490 3144 de
2510 3088 2672 3159 rebus
2695 3089 2982 3146 mobilibus
3009 3091 3053 3121 ³⁸
3082 3106 3221 3161 quae
3258 3093 3316 3148 in

1717 3175 1907 3233 eadem
1948 3177 2278 3248 proprietate
2317 3178 2571 3236 inventae
2596 3179 2816 3248 fuerint,
2842 3182 2928 3238 his
2951 3183 3149 3254 quibus
3173 3183 3314 3242 idem

1718 3270 1929 3325 debitor
1951 3267 2073 3336 fuit,
2095 3269 2426 3325 exsolvatur.
2455 3269 2610 3338 Quod
2649 3273 2696 3328 si
2743 3288 2925 3329 rerum
2951 3277 3230 3332 mobilium
3267 3276 3316 3308 ³³

1720 3360 1916 3436 ibidem
1979 3359 2321 3416 inventarum
2379 3362 2603 3418 tantitas
2657 3362 2705 3395 “
2761 3363 2830 3420 ad
2890 3359 3317 3436 conpositionem

1717 3429 1827 3512 no‘
1860 3451 2136 3521 squicerit,
2168 3454 2234 3510 de
2258 3455 2304 3486 ³⁸
2331 3454 2699 3512 immobilibus
2720 3429 3032 3527 suppleatur
3048 3433 3074 3525 ;’
3091 3467 3148 3514 et
3171 3461 3316 3529 quod

1719 3544 2063 3617 superfuerit,
2093 3545 2236 3601 sicut
2273 3545 2478 3602 dictttm
2521 3554 2624 3612 est,
2653 3546 2819 3604 fiscus
2855 3556 3043 3604 noster
3074 3546 3118 3580 ³⁸
3143 3551 3318 3620 possi-

1719 3638 1860 3694 deat.
1883 3637 1940 3693 Si
1966 3637 2100 3717 nihil
2121 3643 2283 3708 super
2304 3634 2733 3708 conpositionem
2759 3653 3042 3696 remanere
3065 3642 3108 3674 ³⁷
3133 3649 3318 3713 potue-

1718 3731 1829 3796 rit,
1858 3738 2030 3785 totum
2067 3729 2124 3792 in
2171 3729 2396 3807 illam“.
2440 3733 2794 3802 expendatur.
2845 3731 2904 3788 Si
2948 3741 3128 3789 autem
3154 3733 3318 3792 homo

1718 3821 1809 3877 ille
1832 3821 2067 3876 nondum
2103 3837 2226 3877 cum
2253 3820 2368 3877 suis
2407 3823 2766 3880 coheredibus
2785 3823 2828 3856 "
2849 3826 3130 3896 proprium
3155 3843 3316 3884 suum

1717 3912 1950 3969 divisum
1977 3913 2185 3980 habuit,
2217 3920 2478 3970 convocet
2505 3929 2599 3970 eos
2625 3929 2828 3981 comes,
2857 3925 2914 3971 et
2932 3932 3058 3973 cum
3079 3918 3160 3973 eis
3183 3918 3318 3990 legi-

1720 4004 1903 4059 timam
1938 4003 2257 4060 divisionem
2301 4003 2499 4071 faciat;
2534 4013 2591 4061 et
2613 4013 2760 4072 tunc,
2785 4006 2928 4086 sicut
2969 4007 3078 4063 iam
3110 4008 3316 4064 dietum

1718 4102 1818 4161 est,
1841 4102 2052 4165 partem
2073 4094 2193 4151 eius
2212 4094 2342 4152 fisco
2367 4103 2555 4152 nostro
2575 4095 2620 4129 ⁸⁸
2643 4097 2878 4165 addicat,
2907 4105 2963 4153 et
2983 4099 3316 4170 conpositio-

1718 4200 1842 4240 nem
1869 4185 1935 4240 de
1956 4199 2020 4239 ea
2051 4184 2116 4251 “,
2142 4186 2291 4241 iuxta
2321 4187 2539 4243 modum
2582 4189 2830 4258 superius
2857 4189 3312 4263 conprehensum,

1718 4277 1805 4334 his
1853 4277 1922 4332 ad
1962 4293 2098 4348 quos
2126 4278 2218 4333 illa
2263 4278 2471 4349 legibus
2515 4280 2750 4350 pertinet
2776 4280 3039 4337 exsolvat.
3089 4281 3244 4350 Quod
3266 4281 3312 4314 “

1720 4369 1896 4426 sinon
1942 4371 2008 4426 de
2050 4370 2154 4425 alia
2201 4387 2282 4436 re,
2320 4371 2414 4426 sed
2444 4373 2510 4428 de
2540 4372 2655 4443 ipsa
2699 4373 3030 4444 proprietate
3075 4391 3216 4447 quae
3256 4377 3315 4433 in

1718 4461 1953 4517 hannum
1987 4461 2152 4517 missa
2176 4461 2277 4517 fuit
2296 4478 2360 4517 ac
2381 4478 2480 4534 per
2505 4464 2609 4520 hoc
2634 4465 2688 4519 in
2722 4463 2964 4522 nostram
2983 4476 3312 4538 potestatem

1721 4554 1938 4610 redacta
1964 4562 2066 4621 est,
2095 4554 2271 4610 fuerat
2305 4554 2694 4626 interpellatus,
2722 4572 2908 4614 comes
2943 4560 3000 4614 in
3027 4561 3184 4617 cuius
3204 4561 3316 4616 mi-'

1725 4645 1950 4700 nisterio
1973 4660 2095 4701 eam
2121 4645 2168 4677 “
2191 4660 2312 4702 esse
2347 4646 2675 4714 constiterit,
2702 4649 2803 4704 hor
2825 4648 2897 4704 ad
2920 4649 3172 4706 notitiam
3210 4667 3311 4707 no-

1729 4749 1896 4795 stram
1922 4738 2161 4809 perferre
2197 4748 2371 4807 curet,
2399 4738 2464 4795 'ut
2487 4757 2588 4798 nos
2627 4741 2856 4797 eandem
2900 4743 3310 4814 proprietatem,

1997 5103 2019 5133 ⁸
2052 5102 2103 5158 ei
2131 5103 2202 5156 1⁸.
2296 5102 2339 5134 ¹⁶
2365 5117 2528 5172 supra
2561 5102 2687 5158 eum
2701 5104 2754 5158 6.
2854 5105 2895 5136 “
2926 5102 3082 5174 quod
3124 5106 3170 5161 si
3203 5107 3313 5162 hoc

1998 5173 2120 5231 iqua
2144 5173 2321 5228 omnia
2344 5173 2573 5231 desunt).
2596 5189 2605 5203 δ
2676 5174 2718 5206 ⁸⁸
2743 5172 2953 5230 fredam
2977 5184 3219 5230 nostram
3248 5177 3305 5231 4.

2549 5244 2571 5276 ⁸
2598 5259 2658 5300 re
2694 5245 2744 5299 f.
2775 5243 2827 5309 4,
2855 5244 2908 5299 6.
2989 5245 3032 5277 ¹⁹
3055 5246 3196 5300 deest
3229 5247 3308 5302 Γ.

80 5306 333 5386 ﬁdesic.
411 5316 456 5348 ⁸¹
486 5329 543 5386 q.
570 5330 622 5369 a.
650 5329 705 5385 p.
725 5303 983 5386 cidésunt
999 5316 1052 5386 3.
1111 5303 1174 5386 ﬂ"
1200 5303 1547 5385 apparuerint
1568 5316 1622 5386 3.
1651 5314 1770 5386 Bel.
1802 5311 2122 5386 appar-uiti.
2148 5312 2178 5386 _'
2200 5313 2335 5386 ’ξω
2361 5313 2404 5386 7i.
2437 5315 2596 5371 modo
2618 5329 2667 5370 c.
2702 5303 2823 5386 neg.
2848 5317 3038 5386 eodem
3065 5317 3227 5386 modo
3248 5317 3306 5372 4.

79 5376 196 5456 "hic
220 5383 285 5456 Γ.
309 5385 492 5441 inserit
505 5376 617 5441 'seu
645 5376 805 5456 etiam
831 5385 1008 5441 crucis
1034 5376 1326 5440 iuditio'r'ei
1348 5386 1549 5441 veritas
1577 5376 1902 5456 inqui‘ratiir.
1925 5383 2039 5439 Hoc
2055 5391 2110 5438 et
2130 5383 2198 5456 de
2221 5384 2425 5456 timidis
2454 5393 2616 5455 atque
2650 5376 3010 5445 imbEcillibus
3042 5385 3127 5441 vel
3157 5386 3311 5442 inor.

83 5448 172 5528 this,
188 5455 267 5523 qui
285 5470 530 5528 pugnare
555 5471 665 5528 non
693 5455 888 5528 valent,
913 5471 979 5510 ne
1002 5463 1224 5528 propter
1244 5456 1572 5528 hocgiustitia
1592 5448 1687 5511 sua
1699 5462 1952 5528 careant,
1977 5448 2639 5528 censuimus‘faciendum.
2699 5457 2764 5528 κη

2780 5457 2952 5532 possit
2979 5457 3051 5532 v.-
3128 5457 3174 5488 ἰ
3201 5465 3305 5532 tes

83 5523 535 5612 [prenderentur
556 5526 818 5612 uidesne}.
835 5524 899 5580 Ο.
918 5523 1019 5612 “'7
1047 5523 1228 5612 hanno
1331 5526 1433 5612 8.“
1473 5527 1519 5560 "
1541 5528 1584 5582 si
1611 5524 1748 5612 εἰσ.
1767 5523 2037 5612 n”.re’gis
2063 5523 2119 5612 ἐξ.
2285 5524 2330 5556 ³⁸
2351 5535 2515 5612 causa
2547 5525 2646 5612 6.Δ
2692 5527 2733 5612 ξ·
2763 5523 3308 5612 ministraret-ratari-

85 5586 264 5683 sistrum
282 5596 353 5650 l'.
405 5596 477 5628 "'
501 5595 770 5653 nobilibus
787 5595 838 5649 6.
918 5595 962 5629 ⁸³
984 5597 1240 5652 nobilium
1263 5596 1314 5651 6.
1393 5598 1439 5630 "
1464 5598 1738 5667 quantitas
1764 5594 1834 5648 l‘.
1859 5595 1912 5651 4.
1941 5586 1993 5648 (ἶ.
2071 5596 2119 5678 ’ξ
2327 5611 2459 5665 supe

105 5658 114 5682 ’
142 5667 367 5726 ιθρρειιὶῆ
393 5665 461 5723 G.
541 5666 608 5726 λ³⁸
634 5667 781 5722 illum
809 5667 857 5720 l.
885 5666 954 5721 l'.
982 5667 1034 5725 4.
1065 5668 1194 5725 illud
1228 5666 1291 5724 G.
1382 5668 1425 5699 ³⁸
1453 5667 1739 5726 heredibus
1767 5667 1818 5721 3.
1930 5666 1974 5698 ’“’
2000 5677 2139 5726 rcms
2164 5665 2215 5720 6.
2321 5665 2454 5724 “,eo

87 5653 114 5743 ξ’
142 5665 461 5743 ςρρρσέι-ίι-ί-ς,
540 5666 608 5728 ,³⁸
634 5667 781 5743 illuni
809 5667 857 5720 l.
885 5666 954 5743 if.
974 5667 1034 5743 ,4.
1065 5668 1194 5725 illud
1228 5666 1291 5724 G.

86 5737 229 5789 omum
249 5737 297 5792 6.
374 5739 420 5769 "
446 5753 512 5795 ea
532 5752 583 5830 ε.
609 5738 944 5796 constituerit
961 5737 1011 5794 t.

255 5938 284 5958 Ι

2463 5595 2854 5653 rfueritdesunt
2877 5600 2951 5651 4-
3011 5598 3055 5630 ³⁵
3082 5598 3225 5665 regis
3246 5599 3330 5652 (λ’

1930 5666 1974 5698 ³ο
2000 5666 2139 5739 regis
2164 5665 2215 5720 6.
2321 5665 2454 5724 “.co
2487 5669 2533 5722 ι.
2638 5670 2682 5699 ⁸³
2704 5669 2832 5744 [iace
2863 5684 3023 5740 usque
3051 5668 3119 5722 ad
3142 5669 3305 5738 ﬁnem
