3828 6220
347 235 355 242 ί
455 214 614 287 '575

1271 274 1278 282 .
1320 227 1381 282 Β.
1421 207 1931 298 canon-mest
1971 219 2122 275 ore.
2165 174 2345 272 mus
2382 216 2420 271 ι.
2465 215 2708 272 sscno
2747 215 2977 272 enim.

3719 215 3808 269 576

505 360 648 416 quae
674 317 967 401 secundum
992 311 1365 413 supradictum
1401 343 1618 398 modum
1654 342 1707 396 in
1735 348 1978 394 nostrum
2007 338 2101 393 do—
2133 342 2177 396 A
2206 331 2360 398 Quod
2382 331 2427 387 si
2459 344 2648 386 servus
2686 332 2753 386 de
2795 331 2940 386 furto
2987 337 3272 386 accusatus
3326 330 3400 384 fut
3421 331 3512 402 rit,
3561 329 3808 384 dominus

483 439 734 495 -minium
761 435 978 491 redacta
1005 443 1109 501 est,
1147 448 1246 504 per
1282 434 1555 504 praecepti
1601 432 1771 488 nostri
1812 433 2104 486 auctorita—

349 605 356 614 .
413 555 418 560 ’
505 538 614 586 tem
646 531 700 585 in
726 527 810 585 ius
831 534 890 582 'et
913 518 1237 598 potestatem
1261 527 1497 582 hominis
1521 527 1613 598 qui
1641 541 1759 580 eam
1787 526 2100 595 quaerebat,

502 621 551 678 si
579 636 679 678 sua
706 622 866 677 debet
889 633 1031 687 esse,
1056 610 1319 676 faciamus
1343 621 1652 690 pervenire.

573 704 692 768 24.‘
719 713 798 768 De
839 713 1098 768 mannire.
1142 711 1202 768 Si
1240 715 1364 784 quis
1411 714 1478 769 de
1517 722 1660 768 statu
1688 729 1806 778 suo,
1842 713 1897 769 id
1929 721 2014 769 est
2039 713 2106 770 do

502 803 774 870 libertate,
821 805 906 860 vel
955 805 1022 862 de
1069 805 1368 864 hereditate
1411 807 1796 877 conp‘cllandus
1821 795 1933 872 est:
1953 808 2102 862 iuxta

501 892 638 964 legis
664 879 1108 950 constitutionem
1133 897 1464 952 manniatur.
1495 898 1570 952 De
1603 898 1800 953 ceteris
1825 911 1954 954 vero
1975 914 2104 953 eau-

500 985 597 1049 sis,
627 984 769 1040 unde
790 985 912 1045 quis
934 976 1200 1042 rationem
1234 996 1320 1042 est
1354 987 1686 1063 redditurus,
1717 1004 1824 1042 non
1861 990 2105 1044 mannia—

501 1082 609 1141 tur,
637 1077 734 1131 sed
769 1089 868 1145 per
893 1068 1146 1132 comitem
1170 1077 1482 1152 banniatur.
1519 1079 1587 1134 Et
1616 1080 1660 1135 si
1687 1089 1810 1150 post
1845 1096 2007 1135 unam
2049 1088 2104 1135 et

499 1165 728 1222 alteram
780 1168 798 1198 ⁸
836 1167 1053 1224 comitis
1083 1167 1506 1227 admonitionem
1557 1171 1798 1242 aliquis'
1855 1175 1922 1230 ad
1968 1175 2103 1229 mal-

500 1256 612 1312 lum
660 1258 846 1314 venire
878 1259 1134 1328 noluerit,
1182 1262 1347 1318 rebus
1379 1264 1496 1326 eius
1540 1264 1596 1318 in
1640 1265 1880 1321 bannum
1921 1267 2106 1323 missis

498 1350 686 1406 venire
707 1358 764 1406 et
788 1351 1049 1407 iustitiam
1087 1349 1267 1409 facere
1298 1336 1634 1426 conpellatur
1657 1368 1707 1408 ε.

569 1441 662 1496 25.
690 1443 769 1500 De
795 1442 956 1514 {nidis
989 1444 1347 1501 cohercendis.
1377 1442 1436 1502 Si
1483 1446 1626 1516 quis,
1655 1446 1833 1517 aliqua
1868 1447 2104 1504 necessi-

499 1537 612 1588 tate
647 1543 897 1607 cogente,
939 1534 1613 1604 homicidium.commisit,
1653 1554 1835 1595 comes
1864 1539 1918 1595 in
1946 1542 2103 1595 cuius

497 1625 804 1682 ministerio
828 1627 851 1660 ³
891 1640 980 1692 res
1029 1635 1340 1699 perpetrata
1387 1637 1506 1698 est,
1567 1638 1623 1685 et
1670 1633 2098 1702 conpositionem

2202 427 2322 480 eius
2355 440 2453 494 pro
2475 439 2541 479 eo
2566 423 2818 480 emendet
2842 424 2884 455 ’⁸
2911 433 3004 478 aut
3027 437 3152 478 eum
3189 430 3534 476 sacramento
3569 432 3805 486 excuset,

2204 520 2308 574 nisi
2346 519 2452 574 tale
2476 517 2679 573 furtum
2726 495 3097 587 perpetratum
3132 515 3348 582 habeat,
3400 523 3633 586 propter
3679 517 3807 584 quod

2203 612 2272 666 ad
2302 609 2629 681 supplicium
2656 610 2795 665 tradi
2823 610 3033 664 debeat.

2274 702 2364 759 28.
2405 701 2482 756 De
2515 702 2759 773 despectu
2784 700 3102 765 litterarum
3141 699 3550 755 dominicas-unt.
3598 697 3662 754 Si
3701 701 3807 768 quis

2204 793 2411 850 litteras
2444 802 2659 849 nostras
2689 793 2986 863 dispexerit
3021 793 3089 859 “,
3123 793 3177 847 id
3209 799 3295 848 est
3331 791 3658 868 tractoriam
3685 807 3808 863 quae

2201 893 2424 954 propter
2475 884 2673 940 missos
2717 884 3056 959 recipiendos
3100 883 3354 954 dirigitur
3371 924 3388 949 ,
3431 890 3532 938 aut
3581 884 3807 939 honores

2203 991 2341 1047 quos
2363 978 2526 1034 habet
2548 978 2764 1035 amittat
2789 977 2856 1044 ’³,
2889 987 2986 1033 aut
3022 977 3079 1032 in
3103 990 3170 1033 eo
3213 976 3333 1040 loco
3370 977 3465 1033 ubi
3507 970 3806 1048 praedictas

2204 1071 2400 1127 missos
2424 1071 2704 1141 suscipere
2730 1071 2937 1136 debuit,
2986 1068 3192 1126 tamdiu
3235 1069 3477 1145 resideat
3522 1077 3584 1124 et
3613 1069 3682 1126 de
3707 1072 3805 1125 suis

2203 1165 2368 1220 rebus
2403 1155 2704 1234 legationes
2727 1164 2866 1220 illuc
2892 1163 3177 1221 venientes
3221 1163 3504 1234 suscipiat,
3533 1177 3804 1234 quousque

2203 1256 2388 1311 animo
2414 1263 2603 1328 nostro
2627 1254 2966 1311 satisfactu
2995 1255 3211 1311 habeat.
3244 1253 3348 1322 Qui
3371 1268 3502 1312 vero
3528 1253 3801 1323 epistolam

2205 1357 2446 1405 nostram
2477 1362 2822 1420 quocumque
2863 1349 3026 1404 modo
3069 1347 3386 1423 dispexerit,
3436 1347 3592 1402 iussu
3633 1355 3806 1401 nostra

2204 1443 2272 1499 ad
2292 1443 2552 1513 palatium
2574 1444 2774 1509 veniat,
2799 1451 2857 1498 et
2870 1441 3027 1497 iuxta
3051 1440 3386 1497 voluntatem
3412 1447 3666 1496 nostram
3689 1453 3801 1492 con-

2203 1553 2392 1610 gruam
2437 1537 2701 1592 stultitiae
2744 1550 2876 1591 suae
2922 1535 3338 1606 castigationem
3378 1532 3640 1602 accipiat.
3679 1531 3800 1586 Etsi

2205 1631 2369 1686 homo
2392 1629 2530 1686 liber
2562 1629 2647 1684 vel
2674 1630 2722 1661 “
2768 1627 3142 1684 ministerialis
3187 1625 3405 1682 coitio
3449 1625 3558 1680 hoc
3605 1621 3797 1688 fecerit,

497 1718 709 1776 solvere
744 1761 759 1784 ,
813 1727 870 1776 et
928 1718 1127 1776 faidam
1167 1723 1190 1754 ⁸
1220 1735 1327 1810 ,ροι-
1365 1701 2100 1794 ωσνὰιηθηιυηιίραοίίὶεπθ
2136 1701 2176 1761 Β
2201 1723 2943 1794 honorem'qualemcumque
2969 1721 3222 1778 habuerit
3248 1719 3364 1810 sive
3405 1719 3459 1810 ’ξ
3489 1717 3797 1810 beneﬁcium

497 1809 682 1867 faciat.
709 1811 865 1880 Quod
889 1811 934 1868 si
973 1827 1080 1868 una
1106 1809 1234 1884 pars
1267 1814 1318 1869 ei
1344 1814 1414 1870 ad
1446 1813 1548 1870 hoc
1573 1809 1886 1871 consentire
1906 1816 2095 1874 nolue-

496 1900 572 1956 rit
597 1899 638 1968 ',
669 1902 724 1957 id
748 1909 834 1958 est
866 1911 960 1958 aut
994 1901 1084 1959 ille
1134 1904 1226 1975 qui
1268 1905 1620 1980 homicidium
1667 1908 1959 1974 cemmisit,
2005 1915 2100 1963 aut

496 1991 546 2048 is
565 1991 588 2022 ⁶
605 1993 698 2063 qui
721 1982 1148 2066 conpoSitionem
1192 1986 1469 2067 suscipere
1492 1996 1673 2062 debet,
1710 1995 1874 2053 faciat
1899 1996 2050 2053 illum
2075 1999 2096 2032 '

495 2083 590 2154 qui
642 2085 694 2140 ei
733 2094 1023 2142 contumax
1090 2073 1272 2154 fuerit,
1329 2088 1397 2144 ad
1440 2093 1813 2160 praesentiam
1853 2101 2098 2149 nostram

493 2176 708 2240 venire,-
737 2183 796 2232 ut
822 2192 947 2234 eum
981 2177 1050 2234 ad
1079 2188 1291 2252 tempus
1332 2181 1478 2252 quod
1520 2183 1678 2240 nobis
1724 2184 2008 2255 placuerit,
2042 2187 2098 2241 in

495 2267 700 2324 exilio“
722 2268 1023 2336 mittamus,
1055 2271 1226 2329 donec
1247 2272 1324 2330 ibi
1342 2274 1750 2347 castigetur,‘ut
1786 2278 1970 2334 comiti
1999 2291 2099 2335 suo

495 2357 850 2418 inoboediens
880 2377 1003 2419 esse
1034 2363 1265 2422 ulterius
1290 2381 1397 2422 non
1422 2367 1640 2435 audeat,
1671 2377 1726 2424 et
1750 2369 1926 2428 maius
1947 2371 2099 2427 dam.

497 2466 628 2508 num
655 2452 780 2511 inde
812 2470 920 2511 non
952 2455 1253 2514 adcrescat.

563 2543 654 2601 26.
685 2543 760 2602 De
779 2549 1142 2615 sacramentis,
1189 2550 1278 2606 ubi
1307 2551 1537 2627 iurqnda
1577 2553 1700 2613 sint.
1732 2553 1832 2610 Ubi
1863 2554 2098 2626 antiqui-

493 2644 586 2694 tus
614 2637 998 2696 ’"consuetudo
1052 2639 1155 2704 fuit
1193 2642 1258 2700 de
1283 2643 1533 2700 libertate
1580 2632 1916 2702 sacramenta
1964 2647 2099 2703 adh-

490 2726 696 2783 nmire
724 2727 767 2759 ⁸⁸
794 2729 879 2783 vel
907 2729 1108 2797 iurare,
1137 2730 1211 2787 ibi
1245 2731 1286 2764 “
1323 2733 1545 2789 mallum
1573 2735 1615 2765 ¹¹
1649 2735 1929 2802 habeatur,
1959 2739 2040 2791 et’
2051 2737 2094 2770 “

489 2812 569 2873 ibi
613 2826 952 2889 sacramenta
991 2820 1258 2878 iurentur.
1302 2821 1491 2879 Mullus
1531 2809 1711 2879 tamen
1754 2841 1928 2897 neque
1969 2827 2011 2858 “
2038 2828 2092 2883 in

489 2908 740 2978 ecclesia,
764 2925 940 2982 neque
963 2912 1018 2967 in
1037 2913 1180 2968 atrio
1205 2912 1327 2971 eius
1347 2916 1613 2971 habeatur
1642 2917 1702 2970 1“.
1732 2917 1937 2974 Minora
1966 2935 2095 2976 vero

488 3007 687 3080 placita
737 3019 922 3067 eomes
951 3010 1091 3090 sive
1132 3009 1276 3068 intra
1315 3027 1469 3070 suam
1509 3020 1832 3084 potestatem
1878 3015 1965 3068 vel
2001 3014 2091 3072 ubi

485 3101 765 3176 inpetrare
783 3105 1043 3176 potuerit,
1087 3104 1304 3163 habeat.
1333 3104 1598 3164 Volumus
1643 3108 1850 3178 utique,
1899 3116 1958 3164 ut
1999 3109 2095 3166 do-

487 3211 612 3252 mus
640 3195 682 3228 ¹⁶
709 3211 740 3250 a
766 3196 963 3253 comite
992 3197 1032 3230 "
1062 3197 1117 3253 in
1166 3197 1287 3254 Ideo
1312 3198 1406 3256 ubi
1433 3199 1655 3260 mallum
1699 3191 1884 3258 tenere
1911 3185 2088 3269 debet,

487 3287 870 3357 constituatur,
898 3297 958 3346 ut
977 3298 1200 3361 propter
1225 3290 1462 3348 calorem
1486 3293 1617 3349 solis
1647 3289 1702 3348 et
1731 3293 1967 3364 pluviam
1993 3311 2092 3367 pu-

485 3377 627 3434 blica
652 3379 873 3449 utilitas
893 3398 1000 3437 non
1029 3373 1328 3461 remaneat:
2008 3421 2056 3485 .

555 3470 648 3527 27.
688 3469 766 3527 De
791 3473 873 3529 his
897 3473 1081 3546 qui/de
1116 3474 1260 3546 furto
1305 3478 1539 3533 accusati
1583 3477 1801 3550 fuerint.
1856 3475 1914 3534 Si
1953 3469 2092 3536 liliar

488 3563 650 3620 homo
681 3565 747 3621 de
772 3554 916 3621 furto
951 3567 1237 3645 accusatus
1263 3564 1446 3636 fuerit,
1487 3577 1545 3625 et
1588 3585 1677 3626 res
1696 3572 1944 3642 proprias
1993 3572 2090 3627 ha-

487 3656 684 3723 buerit,
713 3647 765 3712 in
791 3657 952 3715 mallo
978 3659 1045 3714 ad
1065 3662 1428 3731 praesentiam
1448 3662 1664 3718 comitis
1685 3678 1744 3718 se
1764 3663 2088 3741 adbramiat.

486 3744 553 3801 Et
602 3747 650 3803 si
695 3763 783 3804 res
826 3764 935 3804 non
979 3749 1162 3816 habet,
1211 3751 1554 3812 ﬁdeiussores
1601 3752 1783 3822 donet,
1825 3755 1917 3825 qui
1966 3759 2117 3812 eum"

485 3838 796 3901 adbramire
822 3840 866 3872 "
887 3837 943 3895 et
979 3839 1035 3895 in
1061 3839 1319 3911 placitum
1356 3843 1549 3900 adduci
1593 3842 1813 3900 faciant.
1845 3846 1912 3900 Et
1932 3845 2095 3902 liceat

485 3929 532 3982 ei
565 3928 738 3997 prima
765 3928 884 3984 vice
903 3945 1002 4000 per
1034 3940 1434 3988 sacramentum
1479 3948 1539 3988 se
1578 3936 1873 3990 secundum
1918 3935 2093 4007 legem

487 4019 730 4074 idoniare
757 4019 821 4086 ",
847 4022 892 4077 si
919 4023 1175 4093 potuerit.
1213 4022 1285 4078 At
1328 4027 1394 4102 si,
1424 4024 1530 4081 alia
1571 4026 1691 4080 ‘viee
1726 4026 1833 4083 duo
1873 4027 1957 4082 vel
1986 4035 2096 4083 tres

486 4128 609 4168 eum
639 4113 705 4168 de
723 4109 874 4186 furto
898 4117 1275 4170 accusaverim
1324 4109 1399 4181 '°,
1433 4116 1594 4173 liceat
1632 4118 1680 4173 ei
1713 4127 1900 4174 contra
1927 4135 2095 4174 unum

487 4217 551 4260 ex
596 4204 682 4260 his
723 4220 848 4261 cum
896 4215 1054 4262 scuto
1095 4215 1150 4262 et
1195 4205 1440 4264 fuste'iu
1502 4224 1695 4279 campo
1742 4211 2093 4266 contendere.

2120 3061 2168 3126 C

2203 1815 2438 1872 amittat.
2469 1815 2538 1870 Et
2566 1814 2613 1870 si
2647 1829 2840 1894 servus
2872 1811 3056 1879 fuerit,
3082 1811 3264 1868 nudus
3283 1809 3352 1867 ad
3374 1807 3562 1880 palum
3583 1807 3630 1840 “
3659 1823 3798 1878 vapu.

2203 1908 2279 1963 let
2302 1915 2358 1963 et
2383 1906 2692 1977 caputeius
2717 1897 3027 1962 tondeatur.

2271 1998 2362 2056 29.
2392 1998 2471 2054 De
2519 1999 2730 2054 iniustis
2774 1995 2992 2052 teloneis
3019 2001 3070 2050 et
3114 1991 3607 2050 consuetudinibus.
3663 1990 3729 2049 Ut
3759 1992 3795 2023 "

2201 2091 2296 2148 ubi
2327 2099 2589 2161 tempore
2616 2090 2703 2145 avi
2749 2089 2923 2145 nostri
2971 2087 3156 2145 domui
3211 2084 3425 2156 Pippini
3475 2083 3796 2141 consuetudo

2202 2182 2304 2240 fuit
2333 2184 2605 2239 teloneum
2630 2183 2677 2215 "
2703 2183 2854 2248 dare,
2875 2181 2951 2237 ibi
2995 2187 3052 2237 et
3078 2179 3123 2212 "
3165 2179 3220 2235 in
3266 2175 3510 2233 futurum
3544 2175 3594 2208 ⁸⁸
3621 2175 3793 2244 detur;

2201 2291 2329 2332 nam
2353 2271 2448 2332 ubi
2473 2275 2518 2308 “
2548 2275 2760 2331 noviter
2795 2274 3106 2345 incoeptum
3147 2279 3250 2338 est,
3297 2269 3527 2344 ulterius
3551 2284 3660 2324 non
3686 2283 3796 2336 aga-

2201 2376 2310 2424 tur.
2343 2367 2413 2424 Et
2438 2367 2528 2425 ubi
2555 2381 2774 2424 necesse
2800 2381 2907 2422 non
2933 2373 3018 2422 est
3044 2363 3266 2419 ﬂuvium
3293 2361 3533 2428 aliquem
3558 2374 3658 2430 per
3678 2374 3793 2429 pon-

2198 2470 2311 2518 tem
2334 2469 2694 2526 transmeare,
2713 2459 2800 2515 vel
2827 2458 2918 2515 ubi
2946 2457 3100 2513 navis
3117 2471 3216 2527 per
3239 2454 3481 2512 mediam‘
3496 2468 3694 2524 aquam
3714 2463 3793 2505 aut

2201 2557 2392 2613 subtus
2411 2562 2633 2625 pontem
2660 2553 2785 2608 ierit
2830 2561 2886 2608 et
2923 2550 2992 2607 ad
3029 2551 3202 2620 ripam
3251 2563 3361 2604 non
3411 2546 3792 2617 adpropinqua-

2199 2640 2359 2714 verit,
2390 2662 2567 2719 neque
2603 2646 2803 2702 ibidem
2835 2643 3039 2714 aliquid
3061 2649 3305 2712 emptum
3325 2639 3410 2695 vel
3441 2639 3789 2694 venundatum

2199 2737 2384 2806 fuerit,
2414 2736 2644 2792 ulterius
2674 2736 2946 2792 teloneum
2973 2749 3082 2790 non
3107 2733 3153 2765 ³²
3177 2733 3354 2788 detur.
3375 2730 3444 2785 Et
3466 2743 3630 2785 nemo
3654 2737 3789 2798 cogat

2201 2831 2366 2887 alium
2386 2831 2456 2894 ad
2485 2837 2706 2901 pontem
2733 2829 2831 2894 ire,
2864 2828 2957 2883 ubi
2984 2828 3132 2882 iuxta
3157 2831 3378 2896 pontem
3407 2836 3608 2894 aquam
3631 2829 3788 2874 trans-

2200 2938 2386 2981 meare
2408 2927 2608 2993 potest.
2639 2920 2707 2975 Et
2733 2919 2826 2990 qui
2857 2918 3086 2974 ulterius
3122 2916 3176 2973 in
3223 2914 3424 2997 talibus
3447 2911 3607 2978 locis,
3634 2910 3712 2967 vel
3735 2910 3789 2967 de

2198 3013 2282 3071 eis
2305 3014 2353 3047 ⁸⁸
2378 3012 2472 3086 qui
2510 3013 2579 3069 ad
2619 3010 2879 3084 palatium
2904 3024 2999 3068 seu
3047 3009 3102 3064 in
3132 3008 3344 3063 hostem
3371 3004 3420 3038 ”
3441 3010 3692 3076 pergunt,
3717 3011 3785 3057 te-

2199 3110 2419 3166 loneum
2447 3104 2495 3138 ³³
2518 3103 2876 3169 exactaverit,
2904 3116 3027 3158 eum
3054 3115 3151 3156 sua
3185 3100 3303 3172 lege
3333 3099 3510 3170 ipsum
3537 3094 3785 3155 teloneum

2182 3197 2407 3263 reddat,
2437 3204 2494 3254 et
2517 3196 2759 3253 bannum
2787 3202 3056 3261 nostrum,
3086 3192 3142 3249 id
3170 3199 3254 3248 est
3279 3188 3565 3260 sexaginta
3585 3187 3784 3250 solidos,

2195 3294 2494 3358 conponat.

2271 3380 2362 3436 '50.
2393 3379 2474 3435 De
2515 3381 2598 3436 Itis
2629 3380 2720 3453 qui
2771 3378 2932 3434 bonos
2955 3378 3222 3433 denarios
3247 3376 3483 3449 accipere
3521 3373 3698 3429 nolunt
3728 3372 3784 3427 “.

2197 3468 2537 3542 Quicumque
2584 3471 2723 3526 liber
2768 3470 2935 3527 homo
2982 3467 3264 3542 denarium
3310 3481 3524 3523 memm
3569 3472 3626 3520 et
3667 3465 3785 3519 bene

2191 3574 2513 3638 pensantem
2563 3566 2607 3598 "
2660 3564 2904 3636 recipere
2955 3562 3209 3628 noluerit,
3252 3561 3493 3618 bannum
3537 3566 3780 3616 nostrum,

2193 3658 2248 3716 id
2276 3667 2361 3716 est
2385 3659 2669 3728 sexaginta
2697 3659 2919 3727 solidos,
2948 3663 3239 3729 conponat.
3286 3654 3347 3710 Si
3361 3650 3374 3662 ί
3390 3669 3522 3710 vero
3547 3652 3683 3708 servi
3709 3665 3783 3705 ec-

2193 3749 2481 3808 clesiastici
2507 3750 2553 3781 ³⁸
2583 3757 2676 3806 aut
2699 3750 2958 3806 comitum
2986 3756 3082 3804 aut
3103 3745 3460 3803 vassallorum
3490 3750 3779 3799 nostrorum

2193 3841 2299 3897 hoc
2320 3838 2499 3896 facere
2530 3839 3018 3912 praesumpserint,
3072 3837 3356 3910 sexaginta
3397 3833 3602 3890 ictibus
3637 3844 3783 3900 vapu-

2193 3933 2339 3999 lent;
2371 3939 2466 3988 aut
2488 3933 2536 3990 si
2566 3924 2828 4004 magister
2852 3947 3042 3988 eorum
3069 3929 3155 3986 vel
3184 3929 3503 3990 advocatus,
3535 3921 3626 3994 qui
3669 3920 3782 3976 liber

2195 4032 2298 4091 est,
2322 4038 2417 4080 eos
2434 4023 2522 4079 vel
2562 4022 2749 4080 comiti
2776 4021 2862 4079 vel
2886 4023 3052 4078 misso
3071 4025 3259 4077 nostro
3287 4018 3466 4074 iussus
3488 4021 3780 4086 prasentare

2197 4118 2453 4186 noluerit,
2473 4117 2813 4190 praedictum
2839 4119 3079 4174 bannum
3117 4113 3401 4186 sexaginta
3442 4109 3647 4166 solidos
3669 4115 3779 4162 cen-

2199 4219 2389 4285 ponat.

1735 4321 2129 4400 vinnamss
2166 4344 2571 4401 LECTIONES.

1069 4432 1089 4463 ²
1114 4433 1271 4489 alteri
1294 4434 1359 4488 Β.
1437 4434 1460 4468 ⁸

564 4435 580 4465 ¹
619 4432 668 4535 si
691 4430 990 4535 qliquiq‘l‘.
1035 4432 1102 4535 ἰ.

1091 4520 1127 4557 Ι.
1150 4520 1334 4560 comes

485 4522 534 4560 c.
566 4520 612 4559 s.
637 4501 836 4558 debent
868 4501 935 4557 G.

1487 4434 1833 4517 potestate-6.
1900 4433 2551 4517 ,‘_supersmiptum_lrido
2573 4437 2626 4517 6_.
2651 4438 2834 4517 eadem
2873 4453 3056 4517 manu.

1358 4521 1413 4575 q.
1440 4505 1562 4560 Bal.
1641 4505 1663 4537 ⁸
1687 4505 1908 4561 exilium
1935 4506 2007 4560 l'.
2028 4505 2262 4562 'ex'corr.
2291 4509 2345 4563 5.
2372 4507 2496 4564 Bal.

3158 4434 3178 4466 '
3202 4432 3435 4489 voluerit
3458 4429 3528 4488 (ἔ.
3623 4430 3645 4463 ⁸
3663 4419 3710 4488 bi
3729 4447 3773 4489 α.

2599 4509 2620 4540 ’
2656 4509 2879 4578 antiqua
2902 4506 2955 4562 6.
2986 4577 2990 4578 ν
3038 4575 3048 4578 Α
3073 4505 3114 4537 ¹⁰
3144 4505 3418 4578 adramire
3444 4502 3520 4578 l'_.
3545 4513 3702 4578 coast.
3724 4502 3775 4558 (ἲ.

486 4577 538 4630 4.
570 4574 622 4628 6.
661 4574 1036 4656 (superscripta
1071 4573 1446 4656 G-lossargeﬁn.
1473 4576 2027 4656 s_t_abo_n)_adrhan3_ire
2056 4593 2108 4631 v.
2132 4578 2204 4656 '2.
2222 4579 2516 4656 in_tra_re_5.
2548 4595 2600 4656 a.
2629 4573 2949 4656 vel__idra3e,
2977 4575 3054 4656 ibi
3080 4574 3289 4632 scabini
3315 4583 3370 4630 et
3390 4574 3535 4656 legis
3558 4575 3779 4656 doctores

486 4591 538 4630 e.
570 4591 622 4628 υ.
661 4591 744 4645 (δα
781 4591 1036 4645 erscrtpta
1071 4591 1260 4631 massa
1282 4593 1446 4647 germ.
1473 4591 1689 4650 stanon)
1715 4591 2025 4632 aurnamire
2056 4593 2081 4631 v

484 4663 608 4700 cum
637 4591 1204 4719 religuisconveniant
1231 4655 1285 4702 et
1309 4649 1382 4704 ibi
1410 4649 1602 4719 ma’llos
1626 4649 1882 4705 habeant.
1912 4647 2081 4719 Rivip.

2166 4649 2208 4680 ¹¹
2234 4650 2325 4706 ubi
2347 4649 2399 4704 l.
2425 4649 2492 4721 4.
2559 4652 2603 4684 ¹¹
2628 4647 2912 4706 mallnsG.
2976 4649 3021 4680 ¹³
3040 4655 3359 4721 metretam
3385 4647 3436 4721 lg.
3455 4647 3777 4721 superscripto

487 4726 569 4799 ut.
648 4716 691 4817 ς
729 4713 824 4770 aut
853 4717 930 4817 b'is
956 4718 1601 4817 sitferscriptumlvogibus
1625 4719 1882 4817 nqueﬁ.
1963 4720 2012 4792 ’ξ
2029 4713 2295 4817 teneatur.
2313 4721 2371 4776 5.
2424 4720 2498 4817 ιη
2796 4721 2890 4817 Γλ
2934 4766 2935 4769 η
2965 4721 3007 4754 ⁸⁷
3033 4713 3168 4776 a.'c.
3204 4717 3347 4817 deezst
3392 4718 3463 4817 6;!
3491 4713 3777 4817 “taedam:-

486 4790 623 4844 mirc
652 4787 705 4843 3.
742 4797 909 4842 const.
990 4785 1032 4817 ¹⁹
1055 4785 1335 4858 saerﬁsec.
1369 4791 1403 4843 Ι.
1437 4791 1494 4858 id
1512 4805 1694 4846 emere
1713 4785 1782 4848 ’5.
1812 4785 2034 4852 idonare
2056 4790 2110 4846 4.

485 4860 530 4889 ²²
561 4858 867 4928 despexerit
892 4858 942 4911 l.
1021 4857 1068 4889 ⁸³
1089 4857 1325 4915 dimittat
1357 4862 1411 4916 ‘5.

483 4930 539 4986 3.
571 4929 626 4984 6.
662 4928 730 4983 Β.
838 4927 885 4966 ³³
913 4928 999 4986 zol
1033 4928 1156 4984 huic
1181 4931 1411 4986 νοσεοαά

485 5009 608 5054 sunt
637 4999 692 5054 6.
768 4995 816 5032 ⁸⁸
841 4998 985 5054 deest
1026 4998 1082 5052 4.
1163 5000 1210 5062 ”_
1236 5001 1422 5056 his'l'.

1512 4861 1559 4893 "
1580 4862 1731 4915 deest
1753 4862 1807 4918 3.
1886 4861 1933 4892 "
1955 4860 2096 4916 deest
2136 4861 2202 4917 B.

838 4927 885 4966 ’-‘
913 4928 999 4986 τοι
1033 4928 1156 4984 huic
1181 4931 1294 4984 voci
1314 4931 1497 4986 eadem
1525 4933 1936 5004 superscriptum
1957 4940 2126 4988 manu
2152 4933 2204 4987 6.
2318 4935 2363 4966 "
2380 4927 2444 4990 et
2485 4953 2517 4990 η

841 4998 985 5054 deest
1026 4998 1082 5052 4.
1163 5000 1210 5061 ³Ξ
1236 5001 1322 5056 his
1342 5002 1422 5055 Τ.
1500 5003 1546 5034 ³³
1568 5005 1868 5060 exercitum
1905 5001 1940 5057 6
1987 5019 2034 5058 s.
2065 5003 2119 5058 in
2147 5003 2202 5059 ὴ.
2229 5004 2418 5060 desunt
2449 5004 2517 5061 G.

2209 4793 2254 4824 ὀ
2278 4799 2391 4864 tres
2421 4791 2495 4864 (ς.
2531 4791 2587 4864 ἀ.
2619 4791 2658 4848 f.
2682 4791 2892 4862 desunt)
2917 4789 3337 4864 accusaveritﬁ.
3419 4788 3463 4819 "
3491 4786 3705 4864 munitet
3724 4784 3774 4838 Β.

2307 4863 2362 4942 ξξ
2380 4855 2532 4934 palos
2564 4862 2639 4940 Γ.
2665 4865 2768 4942 γειΔ
2784 4865 2853 4919 ad
2871 4855 3138 4942 palatium
3259 4861 3313 4913 in
3343 4876 3518 4942 marg:
3597 4857 3640 4888 "
3661 4855 3775 4942 deest

2318 4935 2363 4966 "
2380 4926 2444 4990 et
2485 4936 2631 4991 nunc
2657 4943 2712 4990 et
2737 4934 2790 4990 6.
2870 4926 2912 4967 '5'
2947 4933 3129 4988 futuro
3159 4932 3231 4985 Γ.
3341 4931 3384 4962 ⁸¹
3418 4926 3606 4985 ubi...
3632 4938 3680 4981 et
3707 4926 3777 4979 de-

2616 5007 2662 5038 "
2689 5007 3098 5077 superscn'ptum
3149 5002 3273 5059 {erit
3297 5001 3350 5057 6.
3430 5001 3476 5032 ⁸⁸
3503 5002 3558 5056 d.
3589 5006 3777 5056 contra-

488 5068 681 5134 dicunt
717 5069 772 5126 ϐ.
847 5069 892 5103 ⁸⁷
927 5077 1214 5141 pensatum
1243 5071 1301 5134 4.,
1375 5072 1421 5105 ³⁸
1464 5087 1510 5128 s.
1535 5083 1591 5130 et
1625 5088 1676 5128 e.
1709 5073 1833 5129 Bal.
1865 5073 2110 5130 e'ccles...
2133 5090 2474 5146 praesumps.
2500 5078 2685 5132 desunt
2715 5068 2768 5132 6'.

561 5293 586 5320 ι
619 5279 748 5347 Post
771 5279 878 5354 hoc
899 5279 966 5336 G.
997 5280 1112 5354 B_al.
1129 5288 1195 5354 iet
1225 5281 1298 5354 Β.
1317 5280 1429 5354 (hic
1454 5281 1588 5354 etin
1619 5183 2487 5354 indice)_inserul:?;igitimos,
2517 5263 2571 5338 et
2596 5281 2826 5354 iurando
2850 5277 3422 5354 vindicetjibertatem
3447 5290 3623 5354 suam.
3647 5272 3771 5354 Quod

489 5358 651 5419 caput
673 5351 901 5424 petitum
929 5366 996 5424 ex
1022 5351 1229 5420 Ludov.
1260 5351 1667 5424 Ca'p.‘817.lul.
1696 5351 1886 5424 Aquis.
1910 5351 2087 5420 Capit.

490 5437 588 5493 per
611 5436 670 5475 se
697 5422 1000 5493 scribenda,
1035 5437 1246 5493 supra:
1285 5441 1303 5475 s
1343 5422 1440 5479 26.
1483 5422 1725 5490 Qualiter
1740 5422 1971 5479 destatu
1993 5439 2089 5477 suo

487 5489 728 5556 pulsatus
746 5492 998 5547 erindicet
1023 5489 1313 5550 libertatem
1338 5489 1510 5549 suam;
1541 5494 1713 5551 Homo
1735 5495 1802 5550 de
1825 5501 1970 5548 statu
1993 5507 2097 5549 suo

489 5563 756 5634 pulsatus,
775 5561 820 5619 si
846 5564 892 5618 is
913 5564 1004 5634 qui
1032 5579 1154 5618 eum
1185 5565 1386 5634 pulsat,
1402 5565 1468 5622 ad
1487 5566 1913 5622 convincendum
1942 5563 2093 5618 illum

531 5634 827 5689 roeinctum
856 5635 1125 5698 habuerit,
1157 5636 1411 5691 adhibeat
1441 5637 1544 5691 sibi
1573 5645 1697 5693 octo
1718 5637 2093 5692 couiuratores

511 5706 761 5778 egitimos
789 5721 852 5760 ex
885 5721 947 5760 ea
978 5715 1149 5776 parte,
1200 5708 1340 5762 unde
1390 5709 1656 5778 pulsatur,
1697 5709 1811 5764 sive
1860 5706 1949 5762 illa
1997 5721 2092 5775 pa-

497 5786 648 5832 terna
680 5776 792 5832 sive
826 5787 1068 5832 materna
1100 5778 1186 5844 sit,
1210 5788 1262 5832 ct
1290 5776 1527 5849 quatuor
1553 5780 1767 5837 aliunde
1788 5795 1896 5836 non
1919 5777 2095 5833 minus

2135 5354 2138 5362 ’
2197 5347 2606 5422 ςΓρι-οοίηὸιυω
2633 5352 2989 5425 [procinctus,
3014 5348 3105 5476 3.!)
3133 5347 3394 5412 defuerit,
3420 5347 3666 5408 adsumat
3691 5360 3770 5424 uu-

2199 5424 2499 5476 deeumaue
2525 5423 2806 5476 duodecim
2835 5422 3033 5476 liberos
3095 5420 3327 5475 iomines
3371 5426 3426 5473 et
3468 5414 3687 5476 iurando
3711 5431 3767 5467 tn-

2199 5414 2499 5500 decumque
2516 5414 2814 5500 duodecim
2835 5414 3057 5500 liberes"
3077 5414 3426 5500 homineset
3468 5414 3687 5500 iurando
3711 5414 3767 5500 inf

2197 5489 2530 5565 genuita’tem
2551 5511 2707 5552 suam
2722 5493 2994 5549 defendat.
3019 5489 3208 5547 Omnis
3227 5489 3598 5565 controversia
3617 5497 3767 5565 coram

2198 5560 2511 5644 centenario
2535 5565 2750 5622 deﬁniri
2778 5572 2974 5634 potest,
3021 5569 3247 5644 excepta
3290 5560 3602 5644 redditione
3627 5563 3768 5644 [εξ-ξιξ

2199 5647 2254 5693 et
2282 5637 2692 5708 mancipiorum,
2726 5627 2867 5706 quae
2911 5627 3019 5692 non
3069 5627 3173 5690 nisi
3218 5648 3401 5690 coram
3442 5630 3638 5690 comite
3679 5627 3767 5681 ticri

2201 5719 2399 5779 potest.
2433 5728 2451 5762 ν
