3828 6220
45 358 129 416 57-,
188 370 197 375 -
603 348 831 408 consx
870 341 1396 402 metonmcus.
1427 338 1834 397 —-CAPITUL.
1877 336 2346 394 Anssssmso
2384 337 2769 398 COLLECTA.
3228 339 3371 407 57s,

106 469 191 525 3|.
218 465 297 520 De
320 460 767 519 adalteratoribus
802 468 1059 513 monetae.
1104 457 1205 511 De'
1234 455 1366 509 falsa
1407 461 1625 509 moneta
1655 457 1704 516 Α
1732 451 1974 516 tradidit,
2010 459 2063 505 et
2106 451 2155 505 ei
2183 451 2373 506 eadem
2419 458 2567 505 terra
2597 451 2665 505 ad
2696 448 2989 505 tenendum
3016 447 3213 519 placita
3242 450 3340 507 sit.

47 563 309 623 iubemus,
338 564 399 611 ut
420 554 513 624 qui
536 568 656 607 eam
679 550 1011 622 percussisse
1032 548 1414 618 comprobatus
1436 544 1629 612 fuerit,
1737 544 1843 601 Sed
1867 545 1931 600 in
1968 545 2177 604 hac.re
2225 542 2681 601 considerandum
2718 550 2830 609 est,
2885 550 3066 597 utrum
3096 541 3186 598 ille
3244 540 3339 614 qui

51 666 229 709 manus
264 650 317 705 ei
361 652 690 717 amputetur.
722 642 789 697 Et
824 641 918 712 qui
951 641 1055 697 hoc
1076 639 1374 703 consensit,
1418 637 1465 692 si
1496 638 1634 693 liber
1736 636 2071 702 hanc‘tenet,
2088 637 2240 692 dives
2258 651 2327 691 an
2348 637 2391 667 "
2417 649 2623 707 pauper
2640 634 2733 702 sit,
2751 632 2854 689 et"
2875 641 3057 690 utrum
3080 633 3228 689 aliud
3248 634 3342 690 be-

48 753 147 809 est,
170 740 454 813 sexaginta
476 737 678 794 solidos
699 740 998 804 conponat;
1054 731 1101 788 si
1128 745 1320 809 servus
1338 737 1444 797 est,
1476 742 1634 786 sexa-
1734 727 1989 785 neticium
2020 730 2241 795 habeat,
2266 728 2353 785 vel
2392 728 2560 784 etiam
2584 727 2888 799 proprium.
2935 727 3003 782 Et
3031 726 3123 797 qui
3148 727 3343 783 horum

49 840 184 910 ginta
213 834 361 891 ictus
385 830 617 903 accipiat
639 830 683 881 '.

1826 828 1986 875 atrum
2018 819 2202 886 habet,
2226 833 2351 888 erga
2380 818 2423 849 "
2448 819 2595 874 hunc
2616 817 3043 875 misericorditer
3070 820 3338 888 agendum

106 930 194 987 3!.
220 926 303 983 De
321 924 534 999 proprio
557 920 820 977 dominico
846 918 959 973 sine
976 915 1209 971 iussione
1225 913 1371 969 illius
1406 911 1628 999 reddito.
1734 918 1839 975 est,
1887 924 1957 964 ne
1981 924 2049 965 ex
2086 917 2202 966 toto
2230 909 2550 980 dispoliatus
2578 909 2632 963 in
2660 918 2959 979 egestatem
3005 908 3241 975 incidat;
3284 916 3345 964 ut

51 1024 99 1079 Si
120 1019 241 1092 quis
260 996 544 1089 proprium
579 1018 856 1074 nostrum,
885 1008 1029 1077 quod
1053 1007 1106 1061 in
1135 1005 1397 1060 vestitum
1426 996 1635 1073 genito-
1736 1010 1829 1055 aut
1858 1000 2020 1075 talem
2044 1018 2269 1057 censum
2298 1001 2424 1056 inde
2446 1002 2719 1073 persolvat
2750 1003 2925 1072 qualis
2951 1004 3000 1058 ei
3031 1002 3193 1059 fuerit
3215 1018 3347 1059 con—

51 1118 117 1171 ris
134 1112 307 1168 nostri
332 1109 454 1173 fuit,
481 1106 640 1162 alicui
664 1101 948 1174 quaerenti
975 1100 1022 1164 ⁸,
1044 1099 1161 1154 sine
1187 1105 1372 1152 nostra
1398 1096 1634 1150 iussione
1736 1093 1981 1158 stitutus,
2024 1093 2111 1148 vel
2159 1093 2465 1163 portionem
2495 1094 2735 1164 aliquam
2781 1095 2905 1150 inde
2936 1096 2991 1150 in
3019 1094 3349 1152 beneﬁcium

52 1204 356 1270 reddiderit,
385 1200 531 1257 aliud
573 1206 781 1254 tantum
820 1194 977 1250 nobis
1006 1194 1074 1249 de
1118 1208 1216 1248 suo
1257 1189 1477 1261 proprio
1508 1204 1634 1244 cum
1740 1184 1990 1257 accipiat,
2024 1184 2167 1240 unde
2192 1199 2252 1239 se
2280 1193 2590 1241 sustentare
2613 1185 2657 1216 ”
2681 1185 2878 1240 valeat.

52 1317 135 1357 SM
163 1288 282 1371 lese
320 1300 609 1366 εουΡοηθί·
653 1290 719 1346 Εἴ
746 1289 1075 1361 quicumque
1104 1286 1234 1341 illud
1263 1284 1501 1339 κίεηίετ
1541 1288 1639 1352 Per
1810 1299 1899 1354 58.
1928 1297 2005 1351 De
2025 1298 2175 1352 nonis
2192 1298 2297 1353 "et
2324 1298 2565 1353 decimis.
2587 1297 3005 1355 Consideratum
3028 1307 3129 1364 est,
3148 1300 3264 1354 ut"
3279 1301 3353 1356 de

54 1394 242 1451 malum
284 1389 561 1461 ingenium
594 1384 877 1454 adQUifel’e
904 1378 1270 1455 ιεῐηρέθνετίίν
1293 1392 1393 1447 ιπο
1430 1373 1635 1431 inme“
1741 1390 1983 1463 frugibus
2016 1399 2193 1447 terrae
2214 1402 2270 1446 et
2297 1391 2613 1447 animalium
2641 1392 2939 1448 nutrimine
2962 1392 3007 1424 “
3028 1392 3351 1462 persolvan-

54 1495 310 1551 teneatur,
353 1482 482 1553 quia
523 1483 924 1537 sacramentum
960 1466 1267 1563 ﬁdelitatis,‘
1305 1469 1451 1540 quod
1483 1469 1566 1522 nol

1835 1523 1848 1535 .
1879 1482 1956 1537 De
1986 1498 2151 1553 opere
2176 1496 2306 1538 vero
2334 1482 2417 1537 vel
2447 1485 2843 1538 restauratioue
2870 1484 3224 1540 ecclesiarum
3251 1502 3346 1542 co-

55 1577 310 1650 promisit,
354 1571 569 1628 irritum
611 1568 771 1635 [θοὶις
820 1572 876 1621 ει
901 1563 1024 1621 id“
1048 1560 1360 1619 ’δθουηάυω
1399 1567 1639 1623 υοθίτθω
1740 1593 1859 1633 mes
1889 1586 1943 1633 et
1964 1578 2250 1649 episcopus
2275 1577 2585 1633 sive'abbas
2622 1592 2734 1633 una
2762 1592 2886 1633 cum
2929 1577 3097 1633 misso
3135 1586 3350 1645 nostro,

58 1668 377 1724 voluntatem
406 1667 460 1719 et
495 1664 820 1733 potestatem
842 1656 1218 1739 diiudicandus
1235 1661 1340 1753 est.
1560 1739 1570 1753 Ι

1838 1683 1904 1725 2m
1926 1669 1972 1701 “
2014 1668 2119 1739 ipsi
2148 1668 2251 1725 sibi
2284 1671 2353 1725 ad
2396 1668 2502 1725 hoc
2541 1668 2826 1741 elegerint,
2855 1668 3350 1727 considerationem

115 1757 201 1812 33.
244 1752 326 1808 De
348 1748 722 1826 pueris'invitis
751 1743 1054 1819 penatibus
1078 1742 1313 1798 detonsis
1333 1749 1425 1796 aut
1452 1739 1627 1813 puelli:

1838 1762 1969 1830 iant,
2017 1768 2079 1818 ut
2116 1761 2487 1833 unusquisque
2507 1762 2557 1794 "
2586 1739 2775 1818 eorum
2802 1752 3015 1819 tantum
3039 1763 3166 1820 inde
3204 1761 3350 1819 acci-

57 1850 240 1907 relatis.
274 1845 334 1902 Si
371 1845 496 1916 quis
520 1856 749 1915 puerum
772 1837 962 1895 invitis
980 1837 1299 1910 parentibus
1321 1833 1569 1891 totonder

1837 1856 1954 1911 tad
1996 1831 2331 1926 operandam
2375 1831 2433 1911 et
2464 1857 2901 1922 restaurandum,
2934 1866 3199 1929 quantum
3226 1856 3349 1928 ipse

61 1951 140 1996 ²υι
165 1937 400 2012 Ducum
444 1933 725 1998 νεηνθτίίν
770 1930 945 2021 ιεεὲιι)
967 1944 1121 1985 suam
1145 1928 1199 1984 ίθ
1230 1926 1395 2021 ίῖῘΡ¹⁰
1435 1938 1638 1996 ⁰⁰¹³Ρ⁰⁸
1741 1926 1808 2006 de
1836 1947 2000 2005 rebus
2021 1947 2371 2004 ecclesiam
2395 1948 2598 2004 habere
2614 1926 2975 2019 cognoscatur
2990 1948 3059 2004 ".
3084 1926 3352 2006 Similiter

63 2042 159 2097 mt,
188 2037 283 2086 aut
310 2029 415 2101 ipsi
437 2028 460 2059 ⁸
486 2040 657 2098 puero
675 2023 761 2081 vel
791 2020 1031 2095 puellae,
1055 2021 1104 2077 si
1133 2020 1281 2076 iam‘
1315 2032 1447 2074 suae
1485 2025 1575 2110 pot

1840 2040 1961 2095 rassi
1989 2038 2161 2095 nostri
2205 2046 2299 2095 aut
2328 2038 2419 2093 in'
2446 2054 2735 2095 commune
2760 2047 2975 2095 tantum
2998 2039 3181 2110 operis
3206 2040 3352 2095 acci-

63 2115 210 2179 statis'
227 2128 373 2185 sunt,
400 2126 495 2175 aut
515 2116 593 2175 illi
620 2117 674 2173 in
696 2113 983 2172 cuiuslibet
1016 2120 1287 2184 potestate
1310 2110 1529 2167 fuerint.
1556 2109 1575 2165 I

1838 2139 1914 2199 nt,
1940 2139 2203 2203 quantum
2226 2143 2409 2188 remm
2431 2129 2927 2187 ecclesiasticarum
2954 2109 3238 2197 habent",
3262 2132 3350 2186 vel

67 2232 179 2271 vero
196 2210 523 2287 potestatem
545 2212 783 2268 habeant
808 2207 1005 2279 capitis
1029 2207 1135 2275 sui,
1160 2214 1221 2264 ut
1243 2207 1299 2262 in
1328 2204 1424 2261 tali
1448 2203 1638 2261 habitu
1745 2203 2117 2295 unusquisque
2142 2237 2243 2295 per
2271 2238 2331 2280 se
2357 2224 2507 2279 ξυιιε
2537 2223 2899 2294 quantitatem
2927 2227 3091 2294 quam
3115 2222 3235 2295 ipsc
3266 2231 3352 2279 ιο.

67 2296 417 2387 VWB
449 2302 628 2375 qualis
649 2302 729 2359 eis
750 2299 1138 2373 οοηυίθαιθτῖτ·
1742 2326 1857 2375 net.
1882 2318 1989 2372 Aut
2015 2317 2062 2373 si
2089 2319 2233 2373 inter
2246 2330 2340 2372 eos
2356 2318 2690 2383 convenerit,
2719 2324 2894 2387 utpro
2912 2331 3079 2387 opere
3099 2314 3356 2373 faciendo

124 2418 206 2475 34.
247 2416 329 2472 De
363 2416 615 2489 forcapiis
632 2412 674 2469 ⁸.
709 2412 767 2470 Si
796 2412 1064 2484 mancipia
1101 2410 1351 2468 dominos
1391 2425 1520 2468 suos
1558 2410 1643 2467 fu-
1744 2392 2031 2480 argentum
2056 2406 2277 2487 donent,
2311 2406 2460 2462 iusta
2502 2406 2941 2463 aestimationem
2971 2407 3235 2478 operisin
3263 2401 3383 2465 αι’-ι’

72 2511 225 2583 get-int
253 2508 310 2565 in
336 2507 571 2564 alienam
598 2511 943 2579 potestatem,
972 2512 1033 2560 ut
1060 2511 1282 2578 propter
1302 2504 1408 2559 hoc
1432 2502 1643 2559 nullum
1744 2512 1907 2579 geuto
1930 2505 2274 2577 persolvant;
2301 2519 2425 2561 cum
2454 2519 2563 2575 quo
2582 2502 2761 2577 pretio
2790 2506 3265 2573 rectos-ecclesiae
3283 2505 3357 2566 ad

72 2602 348 2674 praemium
374 2598 607 2670 accipiat
649 2597 760 2664 ille,
792 2598 847 2652 in
893 2596 1049 2653 c'uius
1086 2603 1357 2667 potestate
1374 2597 1395 2628 '
1441 2594 1643 2651 fuerint
1744 2594 2080 2668 praedictam
2109 2596 2568 2651 restaurationem
2595 2596 2879 2668 operarios
2900 2596 2948 2630 "
2968 2596 3274 2654 conducere
3296 2606 3353 2653 et

73 2694 285 2757 inventa,
311 2706 413 2766 pro
433 2705 499 2745 eo
523 2687 667 2760 quod
693 2703 756 2744 ea
792 2687 878 2742 vel
904 2686 1198 2743 reddiderit
1226 2686 1311 2743 vel
1348 2686 1497 2743 foras
1534 2687 1645 2742 eie-
1730 2688 2032 2745 materiam
2061 2702 2243 2744 emere
2265 2688 2455 2758 possit.
2486 2687 2555 2743 Et
2574 2688 2668 2758 qui
2691 2703 2865 2744 nonas
2884 2695 2939 2745 et
2961 2688 3199 2745 decimas
3220 2688 3355 2744 dare
3380 2754 3387 2759 Ι

76 2786 208 2842 cerit.
232 2784 298 2839 Et
318 2799 429 2840 non
451 2781 628 2839 solum
650 2780 772 2845 hoc,
799 2780 893 2835 sed
915 2780 1079 2837 etiam
1103 2779 1149 2835 si
1174 2793 1238 2835 ea
1259 2793 1361 2835 nec
1383 2776 1643 2833 reddere'
1684 2766 1689 2780 ’
1746 2779 2072 2852 neglexerit,
2100 2779 2339 2850 primum
2368 2778 2586 2849 quidem
2612 2778 2736 2834 illas
2766 2794 2889 2834 cum
2920 2777 3037 2850 lege
3056 2794 3161 2835 sua
3191 2780 3355 2835 resti-

78 2894 159 2933 nec
185 2876 325 2932 foras
350 2874 529 2931 eicere
552 2872 782 2930 voluerit
810 2879 865 2927 et
902 2870 1142 2942 legitimo
1164 2871 1391 2927 domino
1420 2884 1484 2925 ea
1514 2885 1645 2925 con-
1748 2881 1884 2938 tuat,
1927 2880 1984 2926 et
2025 2871 2251 2941 insuper
2283 2870 2525 2925 bannum
2554 2876 2801 2924 nostrum
2829 2870 3029 2935 solvat,
3062 2878 3125 2924 ut
3150 2870 3223 2925 ita
3262 2886 3356 2926 ea-

82 2969 354 3035 tradixerit,
384 2975 439 3023 et
466 2966 557 3022 illa
598 2964 724 3021 inde
744 2962 968 3036 postea'
1005 2963 1309 3034 eﬂ'ugerint,
1346 2964 1644 3021 secundum
1748 2966 1980 3037 stigatus
2034 2971 2245 3033 caveat,
2272 2968 2273 2971 ‘
2296 2974 2366 3016 ne
2412 2961 2631 3033 saepius
2663 2960 2709 2991 "
2738 2961 2991 3017 iterando
3027 2960 3357 3017 beneﬁcium

81 3060 225 3132 legem
242 3074 317 3116 ea
336 3059 379 3092 ¹⁶
409 3058 620 3115 solvere
642 3064 884 3129 cogatur.
1747 3055 1987 3115 amittat.

136 3161 215 3229 35.
252 3172 331 3228 De
372 3182 513 3227 terra
539 3170 839 3226 tributaria.
884 3167 1220 3240 Quicumque
1245 3178 1446 3225 terram
1473 3169 1648 3225 tribu-
1673 3200 1721 3264 ο
1820 3170 1911 3227 39.
1943 3168 2023 3225 De
2050 3170 2327 3241 mancipiis
2356 3167 2413 3225 in
2436 3166 2587 3224 villas
2609 3168 2904 3225 dominicas
2932 3167 2976 3200 "
3005 3167 3357 3241 confugienti-

84 3266 435 3332 tariam,unde
456 3264 718 3319 tributum
745 3262 811 3316 ad
830 3268 1042 3331 partem
1071 3270 1314 3337 nostram
1340 3261 1649 3318 exirei‘so—
1686 3260 1718 3264 “
1756 3262 1871 3319 bus.
1907 3261 1966 3318 Si
1993 3262 2281 3319 cuiuslibet
2307 3262 2575 3333 mancipia
2600 3262 2657 3317 in
2686 3260 2869 3317 villam
2894 3270 3136 3317 nostram
3164 3262 3358 3318 confu-

86 3357 224 3424 lebat,
264 3357 351 3419 vel
379 3357 446 3413 ad
470 3353 759 3411 ecclesiam
801 3352 889 3407 vel
910 3353 1131 3409 cuilibet
1164 3354 1319 3409 alteri
1345 3353 1648 3422 tradiderit,
1753 3356 1951 3428 gerint,
1988 3363 2143 3411 actor
2162 3355 2407 3412 eiusdem
2430 3354 2590 3413 villae
2612 3355 2899 3425 quaerenti
2914 3355 3135 3411 domino
3157 3370 3221 3411 ea
3244 3371 3357 3412 non

85 3449 121 3503 is
156 3449 238 3518 qui
262 3461 383 3503 eam
412 3444 731 3516 susceperit,
763 3444 1025 3500 tributum
1071 3446 1215 3515 quod
1245 3447 1371 3501 inde
1406 3444 1652 3501 solveba-
1754 3446 2153 3505 contradicat“
2174 3487 2190 3515 ,
2222 3445 2317 3502 sed
2350 3445 2535 3501 statim
2562 3460 2628 3501 ea
2646 3446 2690 3476 "
2720 3444 2868 3500 [oras
2902 3445 2969 3501 de
2989 3445 3180 3501 eadem
3225 3446 3358 3502 villa

87 3544 227 3609 tur",
252 3540 398 3597 omni
431 3540 592 3596 modo
620 3535 686 3593 ad
706 3544 917 3608 partem
938 3546 1180 3595 nostram
1214 3539 1518 3610 persolvat;
1544 3540 1649 3599 nisi
1753 3540 1937 3596 eiciat.
1970 3536 2038 3594 Et
2059 3539 2106 3595 si
2130 3555 2189 3595 se
2211 3538 2256 3570 ³³
2286 3546 2441 3608 putat
2467 3537 2535 3593 ad
2563 3552 2626 3592 ea
2650 3537 2942 3607 mpetenda
2972 3536 3233 3592 iustitiam
3257 3536 3357 3594 ha-

89 3634 201 3690 lorte
219 3632 378 3690 talem
401 3631 713 3687 ﬁrmitatem
739 3629 805 3686 de
832 3638 987 3700 parte
1018 3632 1287 3688 dominica
1311 3633 1527 3698 habeat,
1551 3649 1651 3704 per
1752 3632 1904 3697 bere,
1939 3638 2169 3703 repetat,
2202 3639 2258 3685 et
2296 3630 2591 3686 secundum
2639 3630 2815 3699 legem
2838 3629 3110 3700 adquirat.
3143 3628 3200 3686 Si
3229 3646 3362 3687 vero

90 3741 222 3795 quam
252 3727 428 3797 ipsum
453 3723 711 3779 tributum
739 3723 843 3778 sibi
875 3710 1231 3791 peruonatum
1265 3725 1438 3794 possit
1466 3733 1651 3781 osten-
1753 3734 1997 3796 tempore
2033 3725 2219 3782 domui
2246 3725 2433 3793 Karoli
2461 3724 2725 3807 genitoris
2751 3725 2923 3781 nostri
2970 3724 3027 3778 in
3075 3724 3260 3779 villam
3294 3724 3361 3779 il-

90 3818 215 3875 dere.
245 3886 250 3891 θ
1753 3822 1863 3877 lam
1886 3823 1931 3854 ”
1979 3822 2368 3894 confugerunt,
2397 3829 2453 3878 et
2479 3822 2730 3878 dominus
2767 3838 2831 3878 ea
2860 3822 3075 3893 quaerit
3095 3822 3163 3888 ⁸⁸,
3204 3832 3361 3880 actor

142 3928 221 3989 35‘
245 3929 321 3989 De
341 3927 607 3998 bmﬁcﬁ;
628 3927 923 3983 acamas,
951 3926 1287 3999 Quicumque
1310 3945 1465 3985 suum
1486 3931 1649 3986 bene.
1748 3914 1993 3971 eiusdem
2005 3915 2163 3972 villae
2179 3924 2347 3971 autea
2372 3909 2613 3985 legitime
2633 3916 2910 3972 contineat
2927 3916 2992 3981 ",
3008 3924 3177 3972 autea
3192 3912 3360 3991 quae-

92 4020 243 4080 ηρίηπ,
269 4021 558 4078 occasione
581 4020 785 4091 ρι-ορι-ίί
805 4019 849 4051 u
880 4018 1155 4075 desertum
1188 4022 1460 4089 habuerit,
1496 4032 1551 4080 ει
1571 4024 1651 4079 δη,
1750 4004 2825 4076 rentidominoreddat.Etactorpropter
2837 4005 3154 4061 vestituram
3173 4006 3359 4065 domui

94 4122 159 4173 ιη
197 4129 387 4170 mnum
435 4122 725 4184 postquam
766 4113 817 4167 εί
848 4128 877 4167 a
906 4114 1106 4169 comite
1144 4115 1231 4169 νει
1266 4116 1435 4171 misso
1460 4126 1649 4173 υοδινο
1750 4096 2235 4169 Karoli'genitoris
2264 4098 2437 4152 nostri
2460 4098 2651 4153 eadem
2679 4099 2947 4169 mancipia
2976 4100 3354 4157 contradicere

94 4219 246 4268 notum
274 4212 475 4267 factum
500 4208 683 4275 fuerit,
708 4210 839 4265 illud
865 4211 1208 4266 emendatum
1231 4226 1341 4267 non
1372 4213 1606 4270 habueri:

1750 4206 1863 4261 non,
1887 4191 2104 4259 audeat,
2132 4192 2179 4246 si
2207 4192 2354 4247 illius
2390 4193 2613 4264 propria
2637 4193 2680 4225 ³⁷
2706 4208 2826 4247 esse
2854 4202 3176 4249 noscuntur.

97 4304 237 4375 ipsum
260 4303 584 4362 beneficium
611 4304 846 4358 amittat.
1408 4324 1412 4329 θ
1816 4309 1907 4365 40.
1934 4309 2013 4364 De
2034 4308 2314 4381 forestibus
2344 4310 2543 4364 naviter
2563 4310 2839 4364 institutis.
2870 4310 2939 4365 Ut
2961 4310 3006 4341 ³⁸
3030 4310 3360 4381 quicumque

149 4416 225 4469 37.
264 4415 342 4471 De
379 4425 522 4470 terra
543 4414 759 4485 causali.
791 4414 851 4470 Si
878 4415 1001 4486 quis
1024 4423 1225 4472 terram
1252 4418 1524 4476 causam
1550 4420 1648 4477 ιη..
1746 4403 1872 4460 illas
1899 4404 2082 4485 habet,
2110 4403 2369 4470 dimittat,
2390 4403 2515 4485 fnisi
2540 4402 2678 4461 forte
2700 4405 2901 4460 iudicio
2926 4405 2969 4435 ³⁸
3002 4404 3179 4459 veraci
3203 4405 3249 4436 “
3272 4420 3363 4461 os-

99 4506 492 4578 buerit,qu3m“
512 4514 885 4563 antecessores
906 4507 989 4562 sui
1011 4506 1096 4563 vel
1124 4507 1194 4563 ad
1212 4508 1448 4579 aliqum
1474 4506 1733 4579 καθ’-.
1748 4496 1974 4554 tendere
2016 4496 2209 4566 possit,
2243 4495 2385 4567 quod
2426 4510 2527 4565 per
2572 4496 2867 4553 iussionem
2900 4498 3015 4552 sive
3042 4497 3361 4566 promissio-
3406 4560 3411 4561 ν

99 4599 205 4655 siam
351 4602 421 4655 ad
449 4599 497 4631 ιι
524 4598 707 4653 villam
731 4608 991 4655 ,ιιοειι-ειω
1033 4569 1321 4669 dederam;
1341 4601 1649 4659 παιιειεηιιε
1678 4569 1727 4627 θ
1753 4588 1936 4644 nem“
1972 4588 2155 4644 domni
2178 4586 2361 4643 Karoli
2385 4588 2653 4673 genitoris
2674 4587 2846 4643 nostri
2874 4603 2971 4643 eas
2994 4588 3359 4657 instituisset;

102 4708 192 4751 eam
213 4692 499 4752 secundum
520 4692 693 4765 legem
714 4701 900 4749 tenere
920 4700 1122 4764 potest,
1154 4694 1259 4750 nisi
1284 4694 1377 4753 ius
1394 4696 1646 4765 νοιιιει-ίι,
1753 4688 1971 4753 praeter
1994 4680 2042 4713 δ’
2071 4680 2194 4736 illas
2214 4695 2355 4751 quae
2380 4679 2449 4736 ad
2469 4686 2717 4735 nostrum
2738 4696 2874 4749 opus
2898 4681 3195 4751 pertinent,
3218 4681 3365 4738 unde

102 4788 152 4841 ,ά
176 4788 315 4844 cuius
340 4776 665 4859 ροιεειξιεω
697 4786 783 4842 vel
802 4786 951 4842 uiua
993 4786 1225 4843 ecclesia
1262 4788 1349 4845 νει
1392 4789 1485 4844 illa
1521 4790 1652 4847 vina
1756 4786 1857 4828 nos
1880 4770 2179 4827 decernere
2205 4770 2456 4827 volumus
2482 4769 2739 4840 quicquid
2779 4771 2939 4827 nobis
2960 4770 3247 4841 placuerit.

103 4882 324 4951 pertinet;
357 4882 464 4937 nisi
501 4881 643 4967 forte
669 4879 812 4936 illius
854 4888 946 4935 aut
971 4894 1140 4953 nepos
1162 4882 1280 4937 eius
1312 4882 1507 4954 sitqui
1530 4899 1651 4943 eam
1829 4882 1919 4937 4i.
1953 4882 2031 4937 De
2048 4882 2293 4953 pontibus
2316 4898 2409 4953 per
2432 4881 2636 4937 diversa
2665 4881 2781 4937 loca
2808 4884 3171 4940 emendandis.
3195 4884 3363 4941 Volu-

802 4980 808 4984 ’
1296 5018 1690 5081 VARIANTES
1726 5017 2135 5077 LECTIONES.

162 5149 527 5224 {Quicumque
551 5148 743 5224 falsam
769 5142 1040 5206 monetam
1066 5152 1399 5221 percussisse
1427 5155 1686 5224 probatus
1713 5155 2069 5212 fueritCamb.
2102 5152 2367 5208 Riv.Vat.
2399 5154 2447 5208 i.
2484 5152 2651 5223 Sang.
2684 5154 2736 5208 l.
2766 5152 2913 5208 Colb.
3006 5155 3026 5185 ²
3055 5154 3143 5209 hic
3168 5156 3362 5212 desinit

110 5222 198 5299 cod.
223 5219 269 5279 5.
297 5297 309 5299 _
345 5225 367 5256 ³
388 5219 531 5299 deest
556 5219 621 5278 G.
664 5266 693 5299 _.
714 5222 737 5254 ⁸
750 5237 919 5299 suam
954 5219 1213 5299 superscr.
1244 5239 1350 5299 que
1374 5219 1477 5299 ὃς
1517 5228 1553 5299 _'
1573 5226 1854 5299 l‘orcapitis
1868 5230 1940 5282 Γ.
2034 5226 2056 5257 ⁸
2077 5233 2399 5299 potestatem
2425 5225 2500 5299 Γ.
2602 5219 2622 5256 τ’
2651 5226 2877 5299 credere
2900 5226 2957 5299 Al.
2985 5224 3113 5299 Hld.
3215 5228 3238 5299 εξ
3270 5242 3365 5298 po-

110 5298 261 5352 testate
289 5297 387 5367 lu
418 5294 440 5325 ’
467 5294 610 5367 deest
651 5292 707 5347 4.
741 5292 872 5348 Hld.
954 5295 996 5325 ¹⁰
1020 5292 1349 5367 ἐχὶςεξιιθᾮ.
1440 5297 1482 5328 ⁸⁸
1514 5297 1549 5352 i.
1597 5292 1749 5355 exire
1780 5300 1991 5355 solebat
2018 5292 2105 5351 vel
2139 5297 2451 5353 solvebatur
2481 5296 2555 5349 Γ.
2662 5296 2705 5327 ⁸⁸
2728 5297 2947 5367 propria
2974 5297 3027 5350 4.
3070 5296 3122 5351 6.
3200 5297 3245 5330 ⁸³
3270 5292 3364 5354 ile-

111 5370 331 5441 metum
356 5365 451 5441 τι.Δ
476 5365 536 5441 _‘F
557 5373 854 5441 antequam
880 5380 1137 5441 censores
1162 5365 1215 5441 6.
1295 5368 1340 5399 ι’
1365 5368 1432 5441 ad
1458 5369 1695 5441 aliquam
1722 5386 1774 5441 v_.
1803 5371 1859 5426 4.
1886 5369 1971 5424 vel
1997 5369 2179 5439 aliquo
2205 5370 2326 5441 ded.
2351 5369 2403 5441 6.
2437 5367 2537 5441 _f'g
2555 5366 2709 5441 vel...
2730 5365 2860 5441 villa
2887 5368 3074 5441 desunt
3102 5367 3155 5423 6.
3236 5372 3276 5403 ³⁷
3309 5379 3364 5425 et

114 5432 153 5487 l.
173 5447 247 5494 aut
272 5440 345 5494 ι’.
374 5433 509 5497 Hld.
554 5434 598 5469 ¹⁸
632 5445 687 5493 et
707 5432 959 5494 utrum...
984 5437 1150 5492 habet
1173 5438 1360 5494 desunt
1384 5438 1439 5495 6.
1484 5439 1527 5472 ¹⁹
1550 5432 1701 5498 ὶίιιω
1725 5438 1790 5498 G.
1868 5442 1914 5473 ‘°
1940 5456 1995 5496 u.
2023 5432 2319 5495 sustentari
2345 5439 2399 5493 4.
2426 5437 2559 5493 ΗΜ.
2636 5440 2681 5470 ²¹
2702 5434 2933 5495 annonis
2957 5432 3170 5496 earn
3192 5450 3361 5497 texta.

114 5503 217 5582 ξω
239 5524 411 5569 nonae
434 5508 750 5582 etdecimae
774 5508 841 5564 de
874 5506 955 5582 3._
1024 5508 1151 5582 "in.
1182 5524 1358 5566 nonae
1381 5518 1436 5567 et
1461 5510 1703 5568 decimae
1724 5528 1781 5582 p.
1813 5513 1877 5568 Β.
1908 5529 1964 5567 n.
1995 5526 2182 5582 super,
2208 5518 2387 5567 cetera
2416 5522 2594 5582 nouae
2619 5517 2676 5564 et
2707 5510 2951 5567 decimae
2974 5526 3027 5581 p.
3061 5508 3115 5564 4.
3143 5509 3210 5566 G.
3234 5511 3362 5582 Bal.

114 5574 309 5654 {quem
327 5582 367 5638 ἰ.
399 5597 448 5654 _s.
472 5596 526 5637 a.
556 5580 613 5654 is.
632 5596 681 5636 e.
710 5580 900 5654 desunt
926 5578 961 5635 6
1046 5581 1268 5654 "'gaae
1288 5593 1593 5654 sequuntur,
1614 5574 1802 5641 multis
1830 5585 2037 5639 omissis
2061 5574 2217 5637 ualde
2238 5574 2502 5638 contrudit
2530 5581 2584 5637 6.
2698 5574 3118 5654 “cognoscitur
3151 5582 3207 5636 Γ
3236 5581 3363 5642 Bal.

399 5652 485 5725 if.
536 5652 610 5725 1"
637 5650 1087 5725 operationem}.
1112 5644 1245 5707 Hld.
1320 5644 1367 5686 “
1390 5667 1455 5710 se
1480 5644 1629 5725 prius
1648 5655 1701 5711 4.
1782 5657 1826 5689 ’θ
1861 5656 1987 5711 villa
2023 5654 2291 5710 dominica
2330 5655 2403 5725 l‘,
2437 5654 2503 5708 B.
2603 5653 2645 5685 ³³
2688 5644 2868 5710 tradat
2901 5653 2967 5709 G.
3066 5654 3112 5685 ³⁸
3132 5654 3275 5709 deest
3304 5654 3361 5711 5.

102 5715 375 5794 -”l_e¢st3.‘
448 5723 494 5757 ⁸⁵
520 5715 751 5785 ἀειαἸ.
780 5723 833 5779 3.
863 5723 917 5780 4.
996 5723 1044 5755 ³⁵
1070 5725 1399 5794 quaesiverit
1427 5715 1502 5784 1".
1539 5744 1605 5782 ea:
1631 5744 1770 5783 corr.
1883 5727 1929 5759 ⁸⁸
1951 5725 2245 5782 contendat
2272 5726 2346 5779 l‘.
2378 5724 2501 5780 Bal.
2582 5724 2641 5776 ³⁷.
2663 5724 2804 5781 deest
2855 5727 2909 5781 3.
3019 5725 3065 5757 ³⁸
3098 5725 3365 5782 Volumus

118 5790 401 5872 πήξει-ν,
429 5803 599 5872 atque
643 5790 1108 5872 praecipimusui
1156 5793 1497 5872 Comm-Rga.
1537 5798 1704 5872 Sang.
1735 5800 1786 5855 l.
1827 5797 1975 5855 Colb.
2082 5797 2124 5829 ³⁸
2163 5796 2432 5854 iudicione
2460 5797 2545 5855 Γ..
2612 5796 2659 5828 ⁸⁸
2686 5797 2770 5854 vel
2802 5797 3013 5852 ratione
3056 5797 3110 5853 3.
3142 5800 3232 5853 3b.
3273 5814 3361 5854 ve-

121 5865 251 5924 ritatis
281 5866 349 5926 (λ
424 5869 489 5901 δι’
509 5865 556 5925 it.
583 5865 856 5943 pfdesunt
883 5867 935 5922 3.
1016 5868 1062 5898 δ’
1086 5877 1308 5951 propter
1332 5870 1385 5923 Ι.
1418 5869 1491 5953 ε’ἷ.⁴
1654 5865 1673 5872 ⁷
2914 5900 2917 5903 ’
