3828 6220
529 329 635 396 5'79

1315 330 1373 384 Β.
1414 329 1664 403 CAROIJ
1703 329 1912 387 MACNI
1951 329 2100 387 OPP.
2144 329 2320 384 PARS
2357 330 2394 383 Ι.
2440 329 2680 386 SECTIO
2715 330 2945 398 PRIMA.
3690 329 3766 384 580

528 459 678 506 mus,
716 449 776 498 ut
805 441 954 497 missi
977 440 1166 496 nostri
1190 455 1286 510 per
1313 441 1550 510 singulas
1575 442 1820 497 civitates
1848 458 1954 509 una
1985 458 2108 497 enm
2136 449 2179 503 Α
2213 443 2344 498 locis
2362 442 2556 499 dandis
2584 443 2651 498 ad
2681 442 3334 499 claustra-canonicnruzn
3361 439 3630 506 facienda,
3668 445 3706 497 si
3735 449 3766 478 ’θ

526 535 780 603 eiusctipo
819 541 875 588 et
901 534 1098 587 comite
1124 533 1319 594 missos
1347 536 1361 564 ⁸
1385 534 1466 587 vel
1497 541 1708 588 nostros
1735 533 2105 603 lmnﬁpesi‘bi-

526 627 646 680 tlem
673 635 1076 679 commancntcs
1114 624 1333 694 eligant,
1364 631 1591 695 quocum
1616 641 1745 682 cura
1781 628 1801 657 ¹
1824 628 1898 681 sit
1925 627 1945 658 ³
1971 642 2106 696 pon-

2206 535 2274 589 de
2320 536 2560 608 eiusdem
2593 534 2854 589 ecclesiae
2900 535 3061 587 rebus
3099 530 3260 586 fuerit
3289 533 3368 597 ἰ,
3412 541 3602 587 nostra
3637 531 3765 588 liber-

2207 631 2315 678 tate
2341 625 2385 655 "
2414 625 2740 680 concedatur
2769 625 2861 678 ibi.
2896 623 2955 678 Si
2992 624 3058 678 de
3083 623 3305 678 alterius
3328 623 3598 679 ecclesiae
3623 627 3696 679 vel
3719 628 3764 681 li-

527 725 608 770 tes
647 729 744 783 per
785 714 996 770 diversa
1048 716 1163 770 loca
1205 717 1524 780 emendare,
1566 725 1622 771 et
1662 718 1682 748 δ
1711 733 1806 773 eos
1844 720 1934 788 qui
1981 719 2105 774 illos
2204 713 2457 768 berorum
2489 712 2767 768 hominum
2785 713 2831 744 “
2855 721 3230 767 commutem-
3265 712 3323 768 Si
3343 721 3530 768 autem
3560 714 3625 768 de
3662 714 3766 773 ﬁsco

523 793 816 877 emendare.
847 807 1066 872 debent,
1099 822 1165 861 ex
1208 815 1387 861 nostra
1424 809 1661 864 iussione
1699 810 2006 872 admonere,
2045 819 2104 866 nt

523 897 885 966 unusquisque
931 898 1077 952 iuxta
1112 913 1263 952 suam
1304 899 1719 967 possibilitatem
1736 908 1800 955 .et
1829 902 2102 970 quantita-

523 998 628 1042 tem
649 1001 744 1042 eos
765 988 1052 1043 emendare
1074 989 1304 1044 studeat.
1383 994 1386 998 ’
1815 999 1820 1004 ’

586 1077 677 1148 η
715 1077 794 1132 De
823 1078 1078 1148 legatione
1107 1081 1338 1133 omnium
1378 1082 1656 1135 missorum
1683 1081 2092 1148 dominicorunt,

516 1169 583 1221 de
625 1169 812 1238 quibus
859 1167 1092 1222 videlicet
1131 1170 1305 1223 causis
1348 1186 1501 1240 agere
1544 1171 1763 1225 debeant
1805 1173 1845 1226 ⁵.
1875 1172 2098 1243 Legatio

515 1257 757 1313 omnium
781 1245 1066 1312 missorum
1088 1253 1559 1316 nostrorum‘haec
1577 1267 1678 1314 est.
1695 1260 1970 1327 Primo,ut
1991 1265 2098 1318 sic-

515 1359 575 1404 ut
615 1350 724 1404 iam
768 1349 889 1403 aliis
915 1350 1095 1404 missis
1125 1350 1422 1405 iniunctum
1447 1350 1566 1418 fuit,
1605 1352 1864 1408 iustitiam
1895 1353 2095 1432 faciant

514 1441 581 1496 de
608 1441 770 1495 rebus
794 1441 1210 1496 etlibertatibus
1239 1441 1436 1498 iniuste
1477 1443 1702 1509 ablatis;
1743 1452 1798 1499 et
1818 1431 2093 1514 si‘cpisco-

511 1545 631 1600 pus.
659 1540 752 1586 aut
774 1531 959 1595 abbas,
986 1539 1078 1585 aut
1098 1531 1354 1597 vicarius,
1382 1540 1474 1587 aut
1494 1534 1802 1600 advocatus,
1833 1545 1924 1591 aut
1945 1537 2092 1606 quis-

510 1622 641 1677 libet
665 1622 731 1677 de
755 1621 910 1690 plebe
937 1623 1038 1679 hoc
1066 1620 1260 1678 fecisse
1284 1624 1533 1680 inventus
1570 1623 1752 1692 fuerit,
1781 1629 1964 1682 statim
2006 1645 2089 1685 re-

508 1711 803 1770 stituantur
842 1711 898 1777 ⁶;
926 1711 972 1766 si
1003 1727 1132 1767 vero
1154 1712 1236 1766 vel
1261 1728 1442 1770 comes
1472 1717 1556 1770 vel
1579 1724 1732 1772 actor
1757 1717 2078 1786 dominicus,

2203 811 2390 859 nostro
2412 803 2593 868 fuerit,
2627 812 2808 858 nostra
2832 803 3154 858 liberalitate
3177 804 3224 836 ”
3262 805 3615 874 concedatur.

2271 892 2362 948 49.
2384 892 2466 947 De
2492 891 2848 948 observatione
2864 889 3256 965 praeceptorum
3273 893 3681 951 dominicorum.
3704 898 3764 954 De

2198 987 2572 1042 observatione
2607 995 3017 1058 praeceptorum
3057 996 3370 1044 nostrorum
3403 996 3462 1043 et
3496 989 3762 1048 inmunita-

2197 1081 2331 1140 tum,
2361 1084 2419 1130 ut
2442 1077 2514 1131 ita
2539 1079 2895 1132 observentur
2915 1077 3100 1132 sicuta
3129 1077 3286 1133 nobis
3305 1086 3362 1132 et
3379 1078 3451 1134 ab
3473 1087 3758 1137 antecesso-

2197 1169 2346 1237 ribus
2376 1170 2578 1224 nostris
2603 1170 2956 1228 constitutum
2982 1177 3085 1224 est.

2264 1257 2353 1312 50.
2385 1259 2461 1313 De
2482 1260 2564 1314 his
2584 1261 2673 1331 qui
2697 1276 2789 1331 per
2807 1259 3128 1314 occasionem
3171 1259 3500 1315 inusitatis
3535 1259 3761 1317 iustitiam

2195 1347 2366 1407 facere
2397 1360 2678 1404 remittunt.
2716 1351 2792 1405 De
2820 1351 2905 1406 his
2931 1351 3024 1421 qui
3047 1363 3145 1421 per
3170 1351 3216 1382 "
3239 1353 3584 1408 occasionem
3610 1353 3760 1408 inmu-

2192 1440 2382 1495 nitatis
2419 1437 2872 1500 iustitiaml‘aeere
2918 1448 3170 1510 renuunt,
3211 1450 3273 1496 ut
3323 1443 3430 1500 hoc
3471 1443 3760 1500 observetur

2189 1531 2332 1602 quod
2359 1549 2390 1589 a
2417 1533 2575 1588 nobis
2601 1535 2956 1590 constitutum
2975 1542 3077 1590 est.

2260 1623 2348 1679 5i.
2387 1622 2464 1677 Dc
2498 1624 2628 1678 locis
2664 1624 2972 1698 iamdudum
3011 1627 3177 1681 sacris
3202 1635 3251 1680 et
3277 1642 3418 1682 nunc
3447 1628 3691 1698 spurcitia
3722 1630 3757 1660 "

2187 1715 2431 1785 foedatis.
2463 1717 2540 1773 De
2565 1717 2700 1776 locis
2731 1719 3043 1776 iamdudum
3062 1722 3236 1778 sacris
3258 1729 3314 1777 et
3338 1738 3482 1779 nunc
3523 1724 3757 1795 spurcitia

511 1801 592 1857 vel
614 1801 751 1857 alter
769 1803 968 1858 missus
987 1804 1258 1887 palatinus
1279 1806 1384 1861 hoc
1414 1811 1803 1876 perpetraverit
1828 1819 1882 1866 et
1903 1812 1957 1867 in
1991 1829 2085 1870 no-

2205 1804 2433 1873 bedatis,
2477 1815 2538 1862 ut
2559 1808 2707 1864 iuxta
2732 1809 3145 1880 possibilitatem
3181 1811 3238 1867 in
3262 1810 3546 1883 antiquum
3583 1821 3756 1870 statam

507 1902 673 1949 stram
695 1903 1020 1965 potestatem
1039 1897 1312 1969 redigerit,
1325 1899 1345 1931 "
1365 1914 1453 1955 res
1467 1900 1754 1972 diligenter
1768 1904 2087 1977 investigata

505 1993 561 2038 et
584 1982 857 2054 descripta
885 1985 955 2040 ad
985 1993 1226 2042 nostrum
1256 1988 1510 2069 iudicium
1549 1999 1871 2048 reservetur.
2061 2058 2076 2070 ι,

573 2071 666 2128 43.
695 2073 774 2129 De
800 2067 906 2130 illis
925 2074 1263 2133 libertatibus
1285 2087 1332 2132 et
1359 2064 1510 2145 rebus
1541 2080 1820 2137 reddendis
1856 2099 1989 2160 quae
2030 2064 2090 2140 in

506 2175 688 2220 nostra
719 2165 743 2198 ⁸
773 2168 1023 2223 restitura
1046 2178 1188 2236 sunt,
1231 2169 1456 2245 qualiter
1482 2173 1817 2244 inquiruntur
1849 2175 1901 2253 ⁸.,
1924 2176 2086 2232 Volu-

506 2273 625 2314 mus
641 2267 850 2325 autem,
877 2269 938 2315 ut
964 2260 1032 2317 de
1058 2262 1142 2317 his
1171 2261 1514 2320 libertatibus
1540 2274 1594 2321 et
1619 2268 1779 2324 rebus
1803 2269 2085 2326 reddendis

504 2349 742 2418 quaein
786 2359 971 2406 nostra
1016 2353 1276 2410 vestitura
1306 2362 1464 2420 sunt,
1492 2358 1670 2426 primo
1711 2373 1810 2429 per
1851 2361 2084 2431 optimos

501 2441 1084 2512 quosque'inquiratur.
1116 2444 1182 2498 Et
1213 2445 1260 2501 si
1283 2459 1380 2517 per
1405 2446 1525 2502 illos
1548 2449 1778 2523 inveniri
1819 2466 1926 2508 non
1956 2467 2084 2522 pos-

501 2531 589 2600 sit,
626 2540 756 2589 tunc
786 2528 885 2605 per
916 2547 1011 2593 eos
1037 2535 1128 2606 qui
1153 2544 1275 2606 post
1311 2537 1432 2596 illos
1462 2539 1518 2595 in
1555 2540 1644 2597 illa
1668 2542 1868 2599 vicinia
1894 2545 2084 2601 melio-

501 2636 589 2678 res
612 2629 758 2678 sunt.
804 2623 872 2679 Et
897 2625 943 2679 si
979 2639 1078 2681 nec
1100 2639 1200 2697 per
1234 2627 1358 2684 illos
1393 2631 1473 2686 rei
1499 2631 1701 2688 veritas
1725 2633 1953 2691 inveniri
1987 2653 2084 2708 po-

499 2723 624 2782 test,
652 2721 784 2770 tunc
811 2714 970 2771 liceat
995 2716 1328 2789 litigantibus
1354 2733 1423 2774 ex
1453 2725 1682 2792 utraque
1723 2734 1877 2794 parte
1918 2717 2082 2784 testes

500 2806 776 2861 adbibere.
815 2806 882 2860 Et
929 2807 977 2862 si
1011 2808 1456 2877 discordaverint,
1493 2815 1788 2870 secundum
1822 2819 2083 2875 constitu-

500 2897 700 2952 tionem
727 2912 760 2952 ιι
785 2898 942 2953 nobis
965 2901 1358 2972 promulgatam
1383 2905 1780 2960 examinentur.

568 2983 658 3038 ιι.
687 2983 766 3039 De
792 2989 1119 3058 oppressione
1141 2980 1444 3063 pauperum,
1472 2994 1748 3051 viduarum
1775 3007 1822 3052 et
1847 2998 1888 3030 ¹⁰
1907 2999 2080 3071 pupil-

500 3073 690 3130 lorum.
729 3075 807 3131 De
845 3079 1190 3148 pauperibus,
1219 3083 1395 3140 viduis
1420 3093 1473 3141 et
1499 3087 1714 3157 pupillis
1743 3089 1940 3146 iniuste
1983 3106 2078 3162 op-

500 3167 718 3237 pressis,
747 3176 807 3223 ut
831 3170 1154 3228 adiuventur
1178 3182 1237 3228 et,
1254 3174 1582 3233 releventur.
1666 3243 1669 3245 _

570 3258 660 3314 45.
689 3258 769 3314 De
806 3261 1017 3318 iniustis
1064 3267 1524 3323 consuetudinibus
1571 3272 1772 3326 nouiter
1803 3273 2076 3330 institutis.

2190 1893 2572 1953 reformentur.
3196 1908 3199 1911 '
3463 1953 3473 1961 ..

2257 1985 2346 2042 52.
2378 1986 2456 2042 De
2494 1988 2759 2061 beneﬁciis
2792 1991 3067 2057 dominicis
3118 1992 3418 2049 destructis.
3465 1993 3544 2050 De
3573 1995 3754 2056 beneﬁ-

2186 2077 2288 2133 ciis
2310 2081 2353 2111 "
2378 2081 2580 2136 nostris
2605 2096 2746 2152 quae
2792 2082 3067 2139 destructa
3111 2083 3484 2152 inveniuntur,
3535 2086 3636 2143 hoc
3657 2087 3757 2144 -ιω-

2184 2169 2397 2242 pleatur
2420 2172 2561 2243 quod
2596 2189 2768 2247 nuper
2795 2192 2827 2232 a
2854 2176 3010 2233 nobis
3035 2179 3396 2244 constitutum,
3417 2189 3523 2236 est.

2255 2261 2344 2318 εδ.
2377 2263 2454 2320 De
2487 2265 2627 2336 falsa
2650 2279 2857 2324 moneta
2877 2271 3015 2325 etde
3042 2270 3164 2326 aliis
3193 2273 3413 2329 armis.
3444 2276 3618 2331 causis
3659 2293 3758 2347 pro-
3826 2261 3828 2347 ξ

2184 2355 2440 2412 bibendis.
2462 2357 2686 2413 Denova
2710 2368 2944 2426 moneta,
2960 2362 3094 2417 etde
3113 2361 3248 2421 falsa
3269 2375 3509 2432 moneta,
3535 2364 3676 2422 et'tle
3693 2367 3758 2421 dio

2183 2456 2369 2519 specta
2385 2449 2686 2507 litterarum
2704 2461 3027 2520 nostrarum,
3057 2465 3112 2510 et
3133 2457 3199 2514 de
3214 2456 3260 2490 ³⁸
3276 2456 3755 2526 latronibuscoher-
3826 2449 3828 2520 ἓ

2183 2540 2369 2596 cendis
2379 2543 2462 2598 vel
2478 2543 2780 2614 puniendis,
2797 2547 2931 2602 etde
2943 2545 3102 2603 faidis
3114 2545 3160 2579 ”
3174 2547 3454 2619 pacandis,
3477 2551 3544 2606 de
3557 2549 3756 2607 bomici'

2181 2629 2283 2686 diis
2303 2633 2673 2701 prohibendis,
2699 2634 2766 2690 de
2779 2637 3032 2708 periuriis
3056 2646 3114 2694 et
3140 2637 3289 2697 falsis
3326 2640 3556 2698 testibus
3584 2655 3755 2713 conpe-
3826 2691 3828 2716 ς

2182 2722 2416 2790 scendis,
2445 2724 2511 2780 de
2542 2725 2587 2758 ⁸ο
2622 2726 2710 2783 his
2734 2728 2986 2788 omnibus
3029 2729 3114 2786 vel
3142 2731 3345 2787 ceteris
3389 2733 3479 2790 bis
3509 2733 3755 2790 similibus
3826 2737 3828 2790 ε

2181 2820 2285 2877 hoc
2305 2823 2449 2892 quod
2473 2825 2635 2902 modo
2660 2825 2709 2884 ’ἱ
2731 2827 3126 2894 constituimus,
3156 2828 3411 2886 omnibus
3429 2828 3754 2886 adnuntietur
3826 2855 3828 2876 ε

2181 2921 2238 2969 et
2265 2913 2320 2969 in
2361 2913 2601 2972 futurum
2637 2919 2974 2976 observetur.

2249 3003 2338 3058 54.
2371 3004 2449 3060 De
2471 3008 2745 3062 missorum
2767 3007 3146 3066 dominicorum
3173 3009 3530 3068 observatione
3555 3011 3620 3067 ⁸⁸.
3656 3011 3753 3068 Hoc

2182 3092 2450 3162 volumus,
2479 3105 2539 3151 ut
2561 3098 2713 3154 missi
2764 3099 2933 3155 nostri
2973 3087 3281 3170 observent,
3330 3110 3394 3158 ut
3429 3102 3673 3174 quicquid
3697 3103 3753 3158 de
3826 3131 3828 3162 ι

2107 3151 2154 3214 C
2187 3185 2272 3253 bis
2295 3151 2475 3243 causis
2498 3151 2591 3243 vel

2187 3277 2316 3346 rint,
2348 3280 2654 3349 emendent,
2684 3291 2738 3340 et
2759 3298 2824 3340 ea
2851 3299 2989 3356 quae
3015 3285 3060 3317 ³³
3095 3286 3529 3351 emendaverint,
3545 3287 3751 3358 diligen-
3826 3347 3828 3352 ,

504 3350 578 3405 l‘e
622 3351 834 3407 iniustis
861 3355 1237 3412 occasionibus
1262 3365 1316 3411 et
1350 3362 1827 3421 consuetudinibus
1871 3367 2083 3424 noviter
2187 3377 2272 3424 ter
2301 3371 2520 3442 scriptis
2545 3381 2755 3429 notent.
2786 3373 2853 3429 Et
2867 3350 2976 3432 hoc
3009 3376 3087 3432 sic
3107 3391 3367 3448 peragere
3395 3350 3606 3443 curant,
3631 3350 3750 3448 ᾆιιι-

499 3439 787 3506 institutis,
825 3443 964 3499 sicut
1008 3454 1133 3500 sunt
1169 3447 1368 3502 tributa
1413 3456 1468 3504 et
1509 3450 1785 3507 telonea.“
1815 3455 1869 3510 in
1905 3457 2078 3513 media
2184 3473 2341 3522 tenus
2357 3439 2498 3522 iuste
2526 3469 2846 3539 reprehendi
2868 3439 3192 3542 aquoquiim
3218 3439 3525 3528 nullatenus
3826 3447 3828 3488 ί

499 3532 606 3598 via,
638 3533 856 3634 ubinee
882 3550 1042 3605 aqua,
1071 3553 1172 3594 nec
1196 3537 1426 3608 palus",
1454 3557 1553 3596 nec
1575 3557 1730 3612 pons,
1759 3561 1858 3601 nec
1879 3547 2080 3618 aliquid
2183 3543 2410 3629 [iiquae
2457 3558 2503 3591 ³⁸
2564 3532 2740 3617 facere
2783 3532 2980 3618 debent
3030 3532 3124 3617 aut
3173 3569 3420 3634 possunt,
3466 3532 3750 3619 nuilatenus
3826 3553 3828 3624 ί

497 3623 603 3679 tale
632 3622 816 3690 fuerit,
860 3627 1003 3681 unde
1045 3627 1185 3683 iuste
1216 3643 1412 3685 census
1445 3632 1587 3702 eaigi
1619 3635 1823 3704 possit,
1867 3637 1952 3692 vel
1984 3639 2077 3695 ubi
2180 3622 2650 3720 praéicrmiuam;
2679 3653 2845 3709 immo
2879 3663 3125 3721 caveam,
3160 3622 3246 3722 πίε,
3277 3622 3424 3725 φιοά
3468 3648 3626 3724 absit,
3669 3664 3750 3711 aut
3826 3647 3828 3650 ’

499 3729 666 3770 naves
711 3717 900 3773 subtus
931 3728 1123 3788 pontes
1154 3721 1387 3777 transire
1421 3723 1624 3791 solent,
1660 3726 1773 3782 sive
1808 3729 1860 3784 in
1901 3731 2077 3788 medio

497 3802 715 3859 (lumine
747 3807 839 3861 ubi
874 3808 1076 3863 nullum
1107 3810 1440 3867 obstaculum
1467 3822 1568 3880 est,
1605 3817 1722 3871 ut"
1742 3816 2072 3886 auferantur.

497 3892 763 3967 Antiquae
786 3898 830 3930 “
850 3907 1029 3955 autem
1051 3901 1094 3933 "
1119 3903 1186 3957 ad
1213 3911 1450 3959 nostram
1478 3909 1722 3964 notitiam
1743 3911 2071 3972 deferantur.

565 3989 654 4044 46.
692 3990 769 4045 De
799 3993 992 4048 honore
1028 3995 1385 4052 ecclesiarum.
1423 4000 1498 4056 De
1519 4001 1559 4032 "
1587 4003 1789 4061 honore
1816 4009 2074 4064 ecclesia-

409 4147 412 4151 _
496 4094 724 4151 rum,‘ut
748 4101 846 4157 per
878 4089 1056 4144 omnia
1089 4091 1170 4146 eis
1203 4092 1539 4161 exhibentur,
1569 4098 1708 4153 sicut
1733 4114 1902 4171 nuper
1925 4117 1956 4156 a
1979 4119 2076 4159 no.

497 4179 577 4234 bis
611 4195 733 4234 cum
779 4194 1044 4238 consensu
1070 4185 1313 4240 omnium
1355 4186 1590 4243 ﬁdelium
1617 4199 1924 4247 nostrorum
1947 4209 2073 4250 con-

495 4258 738 4324 stitutum
771 4277 875 4325 est.
916 4271 984 4326 Et
1009 4279 1068 4326 ut
1101 4273 1204 4329 hoc
1236 4276 1385 4332 missi
1412 4279 1582 4339 nostri
1607 4282 1857 4339 omnibus
1883 4283 1937 4338 in
1973 4301 2070 4342 sua

495 4359 756 4428 legatione
788 4361 1093 4417 constitutis
1133 4357 1318 4420 notum
1345 4366 1600 4424 elliciant.

562 4447 651 4500 47.
681 4446 927 4504 Denont's
959 4451 1002 4482 ¹⁷
1039 4461 1090 4532 et
1117 4451 1350 4510 decimis.
1383 4457 1460 4512 De
1483 4457 1527 4492 ¹⁶
1556 4448 1712 4517 nonis
1743 4470 1800 4516 et
1823 4463 2064 4534 decimis,

494 4543 547 4591 ut
575 4539 870 4594 secundum
898 4528 1192 4598 iussionem
1217 4554 1455 4602 nostram
1478 4548 1688 4625 dentur.
1732 4564 1734 4566 '

424 4617 426 4620 ’
489 4686 492 4687 ν
559 4627 648 4684 48.
666 4627 744 4684 Dc
762 4628 890 4685 locis
905 4631 975 4686 ad
994 4632 1226 4689 claustra
1249 4617 1619 4696 canonicorum
1639 4643 1905 4712 facienda.
1932 4647 2007 4704 De
2023 4649 2064 4681 ¹’

2180 3747 2351 3817 gratia
2380 3726 2627 3814 alicuius,
2674 3757 2767 3803 aut
2816 3748 3035 3806 honoris
3079 3759 3174 3805 aut
3227 3751 3441 3808 timoris
3489 3751 3612 3808 sive
3655 3751 3747 3807 odii

2180 3851 2360 3902 causa,
2394 3837 2524 3893 illud
2545 3839 2688 3908 quod
2711 3854 2870 3909 agere
2897 3839 3093 3896 debent
3126 3842 3399 3898 emittant.
3433 3842 3501 3898 Et
3533 3855 3747 3899 summo-

2177 3942 2307 3997 pere
2343 3929 2609 3994 studeant,
2641 3938 2702 3984 ut
2739 3931 2842 3986 hoc
2866 3934 3008 4001 quod
3041 3948 3139 4004 per
3167 3948 3226 3990 se
3257 3932 3472 3990 edicere
3497 3949 3601 3989 non
3640 3948 3747 4003 pos-

2177 4025 2321 4082 sunt,
2343 4018 2498 4073 nobis
2522 4027 2710 4074 notum
2727 4020 2944 4076 faciant.
2960 4022 3026 4076 Et
3046 4012 3375 4080 omnimodis
3396 4024 3745 4094 praevideant,

2175 4113 2235 4158 ut
2269 4121 2367 4176 per
2398 4107 2606 4178 singula
2632 4110 2885 4180 capitula,
2913 4120 3024 4166 tam
3050 4114 3232 4168 verbis
3255 4127 3533 4184 quamque
3558 4114 3610 4160 ."
3627 4113 3745 4168 seri-

2175 4197 2301 4266 ptis,
2334 4196 2400 4253 de
2424 4199 2675 4255 omnibus
2712 4215 2851 4270 quae
2902 4202 3010 4258 illic
3053 4204 3380 4274 peregerint,
3409 4205 3567 4261 nobis
3598 4203 3747 4260 ratio-

2173 4304 2297 4344 nem
2335 4289 2558 4346 reddere
2588 4291 2821 4345 valeant.

2241 4381 2329 4436 55.
2358 4381 2435 4436 De
2457 4381 2664 4453 placitis
2690 4401 2721 4438 a
2747 4383 2923 4439 liberis
2960 4385 3253 4441 hominibus
3295 4386 3644 4442 observandis.
3677 4385 3745 4442 De

2096 4471 2381 4582 l)placitis
2405 4471 2672 4542 siquidem
2716 4468 2946 4576 quosj“
2977 4473 3135 4576 liberi
3180 4475 3429 4580 homines
3826 4555 3828 4582 Ι

2173 4561 2390 4629 debent,
2415 4564 2731 4620 constitutio
2761 4564 3022 4635 genitoris
3065 4567 3235 4621 nostri
3272 4569 3526 4642 poenitus
3577 4568 3743 4624 obser-

2172 4655 2345 4708 vanda
2381 4662 2544 4725 atque
2578 4656 2807 4710 tenenda
2854 4663 2958 4727 est,
2985 4664 3046 4711 ut
3091 4657 3342 4716 videlicet
3369 4658 3436 4722 in,
3467 4674 3607 4718 anno
3650 4658 3740 4715 tria

1684 4788 2089 4892 'VARIANTES
2126 4808 2526 4865 LECTIONES.

566 4926 752 5003 ‘_deest
778 4927 832 4983 3.
915 4927 949 5003 _’
975 4941 1103 4982 cure
1123 4945 1274 5003 _c_orr.
1305 4944 1434 5003 cura
1478 4931 1549 4986 l'.
1583 4933 1603 4964 ³
1628 4942 1712 4989 est
1743 4935 1796 4990 5.
1825 4936 1892 4991 Β.
1991 4939 2014 4971 ⁸
2037 4949 2180 4998 et....
2206 4932 2492 5001 emendare
2531 4946 2717 5002 desunt
2744 4947 2808 5003 6.

491 4996 724 5080 capitula
750 4996 1800 5096 praecipuiadmlegationemumissorum
1827 4996 2561 5096 nostrorumobﬁiemori—ae
2572 4996 2791 5096 causam
2834 4996 3160 5096 pertinenti»;

493 5066 670 5150 musis
691 5066 790 5193 igsi
823 5066 986 5137 agere
1009 5066 1258 5124 debeant.
1276 5069 1628 5154 sequentium
1646 5093 1797 5164 capp.
1831 5080 1989 5134 rubra
2022 5066 2220 5138 omittit
2243 5066 2670 5160 ἱᾱέήἷόὶὶᾱὲιὲαῗέ

493 5153 690 5192 musica
757 5176 770 5190 .
802 5137 869 5192 Β.
917 5135 1175 5194 Hld.Bal.
1279 5139 1303 5169 ’
1339 5146 1692 5206 Inquiraturl
1727 5186 1740 5200 .
1821 5149 1863 5179 “
1891 5149 2028 5206 deest
2057 5151 2108 5206 l.
2187 5154 2448 5206 “telonei
2474 5157 2547 5206 l'.
2576 5159 2628 5206 3-
2654 5159 2714 5206 Β.
2753 5159 2869 5206 Bal-
2972 5163 3015 5194 υ
3049 5162 3156 5206 mli

757 5176 770 5190 .
802 5168 869 5192 υ.
917 5168 1175 5207 animum.
1285 5168 1294 5169 ί
1339 5168 1641 5207 ιιιιιιιιηιιιιι·
1667 5168 1692 5201 ‘l
1727 5186 1740 5200 .
1822 5168 1863 5179 "
1891 5168 2028 5206 aeest
2057 5168 2108 5207 ι.

493 5138 690 5192 rninica
714 5135 770 5193 3.
802 5135 880 5192 BI
917 5135 1175 5194 Hld.Bal.
1279 5139 1303 5169 ’
1339 5135 1641 5201 inquiratur
1667 5135 1740 5201 l'.

534 5223 656 5262 nam
684 5207 751 5262 ad
774 5225 828 5260 ιι.
858 5224 912 5262 n.
943 5206 1213 5264 deferatur
1236 5209 1288 5264 4.
1320 5206 1448 5265 Hld.

3262 5096 3281 5126 '
3305 5088 3459 5152 'dcest
3493 5088 3548 5154 3.

2187 5154 2448 5232 “Atelonei
2474 5157 2547 5232 l_'.
2576 5156 2714 5213 5.3.
2750 5159 2869 5214 Bal.
2918 5231 2924 5232 γ
2972 5163 3015 5194 ¹¹
3049 5162 3157 5232 pali
3190 5164 3244 5218 3.

2922 4951 2944 4982 '
2974 4953 3160 5008 horum
3187 4952 3301 5010 loco
3329 4955 3401 5017 1⁸.
3425 4957 3576 5014 habet
3595 4976 3622 5014 ς
3642 4949 3740 5014 Hec
3826 4977 3828 5016 !

3618 5099 3738 5167 'do-
3826 5123 3828 5166 :

3359 5165 3405 5198 "
3424 5181 3495 5222 ne
3522 5183 3572 5224 a.
3602 5165 3731 5232 ante.
3826 5185 3828 5218 ε

1550 5215 1712 5306 Ἆρνο
1745 5217 1904 5306 ἦξε-⁵7·
1934 5221 2087 5286 hab.“
2117 5224 2248 5306 Equi
2285 5234 2473 5306 autem
2498 5227 2602 5306 hoc
2627 5231 3018 5306 exactaverint,
3049 5215 3117 5306 iii
3142 5215 3383 5306 rio—stragi:
3826 5215 3828 5266 ί

527 5277 852 5377 ρέεεξεξετι.
914 5279 966 5377 1:
1247 5281 1312 5377 ,ῖς
1328 5277 2003 5377 ειῖεεεςξιρξςμῖιρεεειιοηρς
2020 5277 2604 5377 accessit-aiebas
2629 5277 3732 5377 se;Bassania;sum:
3826 5327 3828 5334 ι

496 5348 538 5448 :1
558 5348 787 5430 annonis
909 5356 957 5403 et
986 5349 1042 5404 in
1067 5359 1212 5405 textu
1247 5361 1302 5406 ut
1328 5346 1435 5408 iam
1469 5346 1676 5478 uerius
1703 5374 1882 5430 supra.
1962 5362 2004 5393 ¹⁸
2031 5346 2924 5435 'ef

566 5414 652 5481 130
680 5428 861 5481 manu
884 5418 918 5474 '5
947 5437 960 5472 :
986 5418 1071 5474 Ad
1104 5421 1172 5477 cl.
1202 5420 1307 5478 fac.
1335 5437 1454 5477 can.
1484 5439 1550 5480 νο
1574 5443 1732 5481 umus
1768 5435 1827 5481 ut
1852 5431 1898 5481 si
1938 5432 2176 5481 eiusdem
2213 5436 2373 5481 mlmn
2403 5437 2534 5481 om]-
2562 5437 2602 5481 Ι.
2642 5454 2677 5481 n
2735 5439 2766 5481 l,
2809 5443 3172 5481 onnnnrlnnhu-
3291 5444 3335 5476 ιο
3371 5445 3424 5481 αι
3451 5455 3590 5481 η...
3627 5447 3710 5481 mi

493 5415 538 5489 ν
566 5414 652 5489 ita
680 5418 861 5489 incipit
884 5418 918 5474 '5
947 5437 960 5484 ς
986 5418 1071 5474 Ad
1104 5421 1172 5477 cl.
1202 5420 1307 5478 fac.
1335 5437 1454 5477 can.
1484 5439 1550 5480 vo

491 5487 536 5518 “
574 5484 881 5542 fuerint'l'.
921 5506 1027 5546 non
1053 5489 1092 5546 f.
1131 5496 1185 5550 4.

1613 5443 1732 5484 mus
1768 5435 1827 5484 ut
1852 5431 1898 5486 si
1938 5432 2179 5488 eiusdem
2213 5431 2373 5492 rebus
2403 5437 2535 5494 eccl.
2562 5437 2603 5492 ί.
2642 5454 2697 5493 ιι.
2735 5439 2770 5493 l.
2809 5443 3189 5498 concedantur.

1286 5493 1331 5567 εξ
1365 5493 1684 5567 liberalitate
1706 5498 1774 5553 B.
1808 5518 1873 5556 ea:
1899 5519 2034 5557 corr.
2069 5501 2187 5559 Div.
2221 5505 2347 5561 ira.
2383 5493 2518 5563 Bell.
2553 5507 2702 5563 Rem.
2736 5493 3194 5567 ρίειὶζὶῑάὶῖ“ιςίι“ιῖ

493 5557 705 5648 iiisjl‘.
1109 5561 1337 5648 (illiti.
1361 5573 1409 5619 et
1437 5563 1635 5637 aliquot
1671 5570 1825 5648 todd.
1850 5571 1970 5648 Bal.
2047 5557 2183 5648 "Aut

3291 5444 3335 5476 “
3371 5444 3592 5506 si'terra
3621 5447 3727 5504 Bal.

3310 5514 3358 5546 ’³
3393 5515 3547 5574 liberi
3576 5518 3733 5576 hornis

3216 5585 3472 5655 spurcitia
3486 5589 3665 5649 desunt
3679 5590 3728 5646 5.

491 5629 536 5710 τ’
562 5628 628 5684 de
637 5629 907 5732 aediliciis
936 5631 1040 5732 553
1062 5634 1113 5689 b.
1191 5633 1419 5732 "flexu
1445 5628 1849 5732 cgiiipeseeiidis
1869 5643 2053 5732 desunt
2087 5628 2173 5699 6.—
2289 5628 2354 5702 in
2365 5628 3730 5732 Ennii—idest
3826 5689 3828 5716 :

491 5699 594 5774 iac.
626 5700 712 5774 Γ.
755 5699 882 5756 Illd.
961 5703 1003 5738 ⁸¹
1030 5704 1297 5774 quomodo
1323 5703 1388 5761 ϐ.
1467 5706 1511 5738 ³³
1533 5699 1586 5761 εἶ
1621 5711 1718 5764 hoc
1744 5710 1795 5766 6.
1822 5713 1970 5769 valde
1994 5718 2272 5772 contraxit.

493 5767 538 5798 "
560 5785 664 5835 que
686 5770 739 5824 4.

2381 5719 2425 5750 ³⁸
2450 5733 2504 5788 q.
2532 5729 2640 5776 non
2676 5736 2730 5777 e.
2754 5719 2806 5775 1.
2846 5722 2898 5777 6.
2927 5721 2991 5777 6.
3072 5725 3118 5758 ³⁸⁵
3142 5725 3232 5796 qui
3261 5724 3324 5783 6.
3405 5729 3452 5762 ³⁸
3484 5719 3728 5802 quam'l'o
