3828 6220
97 329 186 381 531

666 317 893 375 CODEX
930 309 1545 371 DIPLOMATICUS.—
1569 307 1884 363 (λιιι-ω..
1930 307 2017 361 AB
2056 306 2393 362 ANSEGISO
2430 304 2811 362 COLLECTA.

3289 307 3397 365 582

100 432 418 494 solummodo
440 433 711 503 generalia
753 433 949 501 placita
995 431 1284 485 observent
1327 430 1365 493 ¹,
1408 437 1462 483 et
1507 427 1688 482 nullus
1717 430 1761 486 Λ
1795 423 1999 478 honore
2025 423 2328 494 praeditum
2382 423 2707 488 invenerint,
2736 420 2830 491 qui
2877 419 3139 475 iustitiam
3213 418 3394 477 facere

98 549 180 586 eos
207 525 434 596 amplius
479 525 678 596 placita
725 525 1015 579 observare
1059 521 1346 590 conpellat,
1393 519 1495 574 nisi
1541 518 1682 573 forte

96 624 309 695 quilibet
347 628 440 674 aut
469 626 755 674 accusatus
791 616 974 683 fuerit,
999 626 1091 672 ant
1126 617 1289 670 alium
1324 613 1678 676 accusaverit,

95 724 176 769 aut
200 711 266 766 ad
299 709 666 764 testimonium
691 708 1082 778 perhibendum
1124 716 1347 762 vocatus
1391 704 1572 762 fuerit.
1601 704 1684 760 Ad

96 814 293 860 caetera
323 815 474 864 vero,
507 815 647 870 quae
692 801 712 830 ¹
751 799 1047 855 centenarii
1093 807 1309 864 tenent,
1348 814 1456 852 non
1495 798 1635 852 alius
1663 796 1684 828 ³

98 896 266 949 venire
290 893 559 957 iubeatur,
590 890 693 946 nisi
728 891 818 952 qui
842 900 935 945 aut
962 891 1159 963 litigat,
1189 897 1284 944 aut
1338 885 1561 955 iudicat,
1592 894 1687 943 aut

97 985 427 1042 testiﬁcatur.

160 1077 245 1132 56.
292 1075 368 1130 De
411 1073 586 1129 debito
615 1073 684 1126 ad
721 1088 847 1141 opus
901 1071 1223 1125 dominicum
1261 1070 1564 1124 rewadiato.
1616 1067 1690 1125 Ut

99 1175 158 1226 de
182 1170 356 1226 debito
377 1167 520 1238 quod
573 1167 639 1222 ad
667 1180 802 1234 opus
844 1173 1089 1218 nastrum
1121 1162 1284 1218 fuerit
1309 1162 1684 1223 rewatliatum,

100 1263 209 1316 talis
236 1253 593 1316 conside‘ratio
630 1255 746 1320 ﬂat,
784 1265 844 1309 ut
872 1255 917 1310 is
943 1255 1032 1324 qui
1068 1255 1381 1325 ignoranter
1419 1253 1684 1323 peccavit,

99 1371 195 1408 non
224 1361 386 1408 totum
415 1353 711 1407 secundum
741 1353 913 1422 legem
963 1365 1272 1421 conponere
1316 1358 1563 1420 cogatur,
1592 1348 1686 1404 sed

100 1448 233 1500 iuxta
261 1444 399 1513 quod
429 1443 689 1514 possibile
735 1444 908 1497 visum
941 1441 1122 1497 fuerit.
1161 1443 1212 1497 is
1247 1457 1375 1497 vero
1424 1441 1517 1511 qui
1567 1449 1689 1495 tan-

101 1549 199 1590 tum
224 1536 356 1589 mala
380 1534 402 1563 ⁸
434 1534 714 1589 voluntate
740 1534 1005 1604 peccavit,
1045 1542 1215 1589 totam
1255 1533 1274 1563 '
1316 1532 1449 1602 legis
1487 1547 1689 1602 conpo-

101 1631 332 1684 sitionem
359 1636 586 1697 cogatur
610 1627 896 1683 exsolvere
923 1627 964 1680 ⁸.

163 1721 247 1774 5⁸7.
279 1719 350 1774 De
370 1720 450 1773 his
475 1720 565 1791 qui
610 1719 680 1773 ad
709 1717 965 1791 palatium
1001 1716 1076 1772 vel
1111 1718 1167 1772 in
1213 1718 1411 1771 hostem
1459 1725 1681 1788 pergunt

1787 514 1872 568 vel
1918 515 2089 568 noluit
2145 513 2226 568 vel
2274 513 2570 582 prohibuit,
2629 511 2698 567 de
2753 511 2925 581 ipsius
2971 511 3135 565 rebus
3180 511 3389 578 vivant,

1785 606 2026 676 quandiu
2067 607 2119 660 in
2147 621 2212 661 co
2240 605 2357 660 loco
2386 604 2620 659 iustitias
2657 602 2835 658 facere
2859 601 3080 657 debent.

1859 695 1946 751 65.
1976 695 2051 750 De
2084 698 2255 750 missis
2299 695 2600 759 dominicis,
2638 694 2726 748 ubi
2771 693 2975 748 diutius
3028 710 3134 748 non
3170 694 3394 749 debeant

1785 790 2064 846 inmorari.
2109 788 2178 844 Ut
2207 789 2259 842 in
2320 788 2464 844 illius
2513 787 2731 841 comitis
2769 785 3075 840 ministerio
3101 787 3192 856 qui
3257 787 3397 842 bene

1789 883 2028 939 iustitias
2055 881 2224 936 factas
2251 881 2431 946 habet,
2468 879 2612 935 idem
2639 879 2790 936 missi
2812 879 3021 936 diutius
3047 894 3155 935 non
3185 892 3394 934 moren-

1790 981 1898 1038 tur,
1928 985 2104 1043 neque
2128 971 2236 1026 illic
2273 971 2316 1002 ¹⁶
2352 969 2754 1026 multitudinem
2809 970 3100 1026 convenire
3148 968 3388 1033 faciant;

1791 1062 1883 1116 sed
1913 1062 1985 1116 ibi
2015 1078 2195 1116 moras
2218 1060 2440 1126 faciant,
2467 1061 2557 1116 ubi
2586 1060 2795 1117 iustitia
2844 1062 2884 1093 "
2947 1061 3032 1118 vel
3075 1061 3257 1118 minus
3306 1061 3390 1116 vel

1794 1152 2140 1223 neglegenter
2177 1151 2319 1208 facta
2345 1160 2446 1206 est.

1863 1247 1952 1302 66.
1991 1247 2068 1301 De
2093 1247 2266 1300 missis
2297 1247 2575 1300 dominicis
2600 1255 2648 1299 et
2675 1247 2862 1300 comite
2905 1246 2962 1300 in
3004 1244 3220 1318 aliquod
3267 1246 3395 1299 mis-

1789 1339 2013 1392 saticum
2041 1338 2258 1391 directo.
2291 1335 2362 1393 Ut
2400 1336 2455 1391 in
2492 1336 2638 1392 illius
2663 1337 2881 1392 comitis
2911 1336 3218 1392 ministerio
3254 1335 3396 1391 idem

1791 1429 1945 1483 missi
1985 1427 2156 1482 nostri
2190 1428 2449 1498 placitum
2502 1443 2609 1482 non
2648 1436 2868 1484 teneant
2925 1429 3019 1499 qui
3069 1429 3123 1485 in
3176 1424 3396 1498 aliquod

1790 1517 2127 1573 missaticum
2156 1517 2396 1591 directus
2423 1526 2528 1584 est,
2565 1518 2738 1574 donec
2766 1520 2882 1589 ipse
2907 1517 3071 1574 fuerit
3097 1534 3392 1584 reversus;

1791 1617 1852 1664 ut
1877 1623 2039 1663 causa
2068 1623 2207 1678 quae
2231 1609 2408 1664 adhuc
2428 1624 2612 1663 coram
2636 1609 2836 1683 comite
2862 1625 2969 1665 nou
3001 1607 3120 1677 fuit,
3151 1610 3276 1666 etis
3301 1609 3395 1680 qui

1793 1714 1852 1756 se
1877 1699 2158 1764 reclamat,
2185 1707 2406 1771 propter
2432 1715 2584 1755 suam
2637 1701 2924 1757 stultitiam
2972 1709 3067 1756 aut
3115 1711 3398 1756 contuma-

101 1813 164 1867 rei
186 1812 302 1864 inde
327 1784 545 1865 redeunt
575 1811 618 1864 ⁷.
665 1784 736 1867 Ut
764 1811 942 1865 nullus
964 1809 1029 1865 ad
1059 1810 1317 1880 palatium
1355 1809 1440 1864 vel
1459 1784 1534 1864 vin
1553 1784 1568 1787 '
1588 1810 1685 1864 ho-

1867 1807 1919 1846 m
1945 1791 2202 1847 comitem
2229 1790 2353 1846 inde
2390 1792 2661 1865 appellare
2704 1793 2745 1824 "
2795 1791 2990 1860 noluit,
3046 1793 3244 1848 itcmm
3303 1807 3397 1848 co-

101 1913 222 1958 stem
245 1917 489 1974 pergens,
535 1887 620 1958 vel
656 1903 722 1958 de
747 1902 950 1972 palatio
1011 1902 1091 1956 vel
1144 1901 1209 1956 de
1253 1901 1411 1956 hoste
1450 1900 1685 1965 rediens,

103 1996 343 2048 tributum
371 1991 514 2063 quod
544 2001 848 2050 transturas
883 1993 905 2025 ⁸
949 2001 1165 2056 vocant,
1195 1994 1406 2049 solvere
1443 2000 1684 2063 cogatur.

161 2087 244 2142 58.
283 2085 354 2140 De
377 2086 623 2157 pontibus
650 2087 892 2158 publicis.
927 2085 998 2142 Ut
1027 2095 1220 2156 pontes
1266 2087 1466 2158 publici
1500 2085 1555 2152 ’,
1594 2084 1687 2156 qui

104 2192 185 2247 per
206 2176 438 2230 hannum
487 2175 605 2231 fieri
644 2177 911 2244 solebant,
937 2193 1083 2245 anno
1111 2187 1400 2248 praesente
1435 2177 1489 2232 in
1539 2176 1688 2233 omni

106 2269 206 2322 loco
227 2256 622 2323 restaurentur.
776 2258 780 2268 ’

163 2362 245 2416 59.
299 2360 375 2416 De
426 2361 652 2427 clericis,
700 2362 976 2416 monachis
1022 2371 1069 2415 et
1114 2362 1274 2416 servis
1321 2361 1573 2433 fugitivis.
1616 2360 1689 2417 Ut

107 2453 267 2508 clerici
304 2458 358 2506 et
389 2452 642 2507 monachi
674 2459 728 2509 et
763 2453 904 2508 servi
932 2451 1147 2524 fugitivi
1193 2452 1263 2508 ad
1318 2453 1437 2508 loca
1475 2469 1572 2509 sua
1603 2467 1690 2508 re-

107 2548 203 2603 dire
233 2549 543 2604 iubeantur.

163 2639 241 2692 60.
270 2639 343 2694 De
363 2639 634 2694 advocatis
658 2640 1039 2711 episcoporum,
1069 2639 1337 2706 abbatum,
1365 2641 1614 2696 comitum
1645 2641 1687 2674 ὀ

109 2731 556 2786 etabbatissarum.
583 2729 653 2787 Ut
677 2730 855 2787 nullus
882 2732 1186 2802 episcopus,
1227 2741 1329 2788 uec
1369 2733 1556 2799 abbas,
1588 2750 1690 2790 nec

111 2839 285 2891 comes,
299 2839 399 2881 nec
418 2825 713 2891 abbatissa,
727 2825 1101 2881 centenarium
1122 2826 1343 2882 comitis
1363 2825 1688 2883 advocatum

113 2916 304 2974 habeat.

167 3005 243 3060 6l.
274 3006 349 3061 De
382 3007 595 3062 sicariis
633 3007 708 3063 vel
743 3007 1076 3072 centenariis,
1106 3023 1153 3062 si
1213 3011 1444 3064 latrones
1487 3008 1688 3079 celare-

114 3099 213 3153 rint.
247 3097 317 3154 Ut
345 3099 538 3155 vicarii
567 3099 652 3154 vel
685 3098 1005 3165 centenarii,
1047 3099 1139 3168 qui
1168 3097 1314 3154 fures
1353 3108 1408 3153 et
1442 3099 1685 3156 latrones

115 3189 178 3244 τοι
208 3190 499 3244 celaverint
525 3190 605 3245 vel
630 3189 988 3253 defenderint,
1028 3187 1325 3244 secundum
1360 3189 1465 3245 sibi
1494 3189 1680 3246 datam

117 3284 412 3354 sententiam
445 3281 833 3366 diiudiceutur.
1415 3263 1426 3274 ‘

171 3375 247 3429 6‘2.
277 3375 367 3445 De.
387 3375 664 3430 comitibus
684 3385 730 3429 et
755 3375 964 3429 sicariis
995 3375 1342 3429 admonendis
1382 3375 1422 3405 ¹¹
1474 3375 1537 3429 de
1561 3391 1687 3429 con-

119 3466 352 3520 stitutione
377 3464 524 3536 legis.
557 3464 628 3520 Ut
661 3465 890 3521 comites
915 3472 969 3518 ct
991 3464 1179 3518 vicarii
1226 3464 1268 3494 "
1305 3462 1373 3518 de
1423 3465 1687 3519 constitu-

121 3558 236 3611 tione
268 3557 399 3627 legis
432 3566 866 3622 ammoneantur,
909 3572 1013 3627 qua
1057 3557 1101 3587 ¹³
1150 3557 1384 3622 iubetur,
1447 3563 1507 3610 ut
1562 3571 1690 3624 pro-

120 3660 214 3717 pter
235 3651 487 3706 iustitiam
527 3651 939 3722 pervertendam
970 3664 1195 3704 munera
1235 3665 1343 3704 non
1391 3649 1683 3719 accipiant.

172 3739 249 3795 63.
285 3740 358 3794 De
385 3741 664 3811 {orestibus
719 3741 1015 3794 dominicis.
1060 3740 1136 3793 De
1200 3739 1492 3794 forestibus
1521 3740 1564 3770 "‘
1592 3756 1688 3796 uo-

124 3833 243 3898 stris,
275 3841 332 3887 ut
351 3833 677 3902 ubicumque
717 3831 934 3896 fuerint,
959 3831 1682 3902 diligentissimeinquirant,
1738 3837 1740 3839 ’

125 3926 358 3995 quomodo
382 3927 563 3982 salvae
597 3926 706 3980 sint
744 3934 798 3978 et
844 3925 1117 3991 defensae,
1166 3935 1220 3979 ct
1270 3934 1331 3980 ut
1391 3927 1686 3982 comitibus

125 4013 422 4082 denuntient,
446 4030 514 4070 ne
542 4015 704 4070 ullam
719 4016 970 4072 forestem
991 4017 1034 4047 ⁸⁵
1052 4017 1265 4072 noviter
1280 4018 1604 4082 instituant;
1629 4027 1685 4072 et

126 4109 188 4162 ubi
207 4109 407 4164 noviter
435 4109 714 4164 institutas
737 4109 852 4164 sine
878 4118 1062 4165 nostra
1082 4109 1322 4166 iussione
1344 4110 1679 4176 invenerint,

127 4199 356 4257 dimittere
378 4201 735 4271 praecipiant.

177 4293 252 4347 64.
277 4293 350 4349 De
373 4295 550 4348 missis
576 4295 869 4358 dominicis,
913 4305 959 4348 et
987 4295 1053 4349 de
1071 4296 1150 4350 his
1175 4296 1264 4366 qui
1288 4296 1546 4350 iustitiam
1597 4295 1682 4366 fa-

130 4401 210 4439 cere
234 4395 506 4440 rennuunt.
540 4385 609 4442 Ut
636 4387 959 4455 ubicumque
995 4387 1096 4456 ipsi
1122 4369 1273 4440 missi
1325 4394 1420 4440 aut
1470 4387 1679 4456 episco-

1711 3149 1759 3213 C

1791 1885 1909 1940 miti
1938 1884 2367 1941 commendetur.

1861 1975 1950 2030 67.
1994 1975 2070 2030 De
2097 1975 2272 2030 missis
2307 1976 2610 2043 dominicis,
2635 1976 2862 2049 qualiter
2901 1976 3191 2031 coniectum
3249 1976 3397 2030 acci-

1789 2083 1911 2137 pere
1937 2066 2177 2121 debeant.
2209 2065 2282 2122 Ut
2316 2067 2467 2124 missi
2497 2069 2690 2135 nostri,
2741 2067 2834 2138 qui
2883 2067 2967 2122 vel
3022 2067 3261 2138 episcopi
3313 2065 3398 2122 vel

1791 2167 2016 2222 abbates
2054 2162 2137 2218 vel
2176 2162 2406 2218 comites
2439 2169 2586 2226 sunt,
2625 2159 2881 2230 quamdiu
2932 2173 3100 2229 prope
3137 2174 3294 2214 suum
3351 2157 3394 2188 "

1791 2255 2115 2312 beneﬁcium
2143 2253 2366 2320 fuerint,
2402 2251 2536 2306 nihil
2561 2250 2629 2306 de
2669 2251 2902 2305 aliorum
2937 2251 3188 2306 coniecto
3241 2249 3390 2305 acci-

1790 2349 1962 2419 piant.
1991 2346 2284 2416 Postquam
2313 2357 2440 2399 vero
2469 2343 2594 2398 inde
2641 2342 2800 2413 longe
2855 2343 3200 2408 recesserint,
3262 2343 3403 2396 tunc’

1791 2439 2062 2510 accipiant
2087 2436 2383 2493 secundum
2411 2432 2554 2504 quod
2605 2434 2660 2488 in
2700 2449 2798 2488 sua
2836 2433 3097 2488 tractoria
3146 2433 3395 2488 contine-

1793 2541 1902 2588 tur.
1924 2529 2078 2586 V’assi
2106 2542 2232 2582 vero
2260 2526 2431 2581 nostri
2447 2533 2502 2580 et
2529 2524 2932 2590 ministerialcs,
2954 2525 3046 2595 qui
3068 2525 3219 2580 missi
3245 2533 3396 2593 sunt,

1791 2623 2122 2693 ubicumque
2156 2621 2421 2686 venerint,
2459 2601 2765 2674 coniectum
2800 2618 3094 2688 accipiant.

1862 2734 1952 2790 68.
1980 2734 2059 2788 De
2085 2733 2248 2787 cassis
2275 2732 2553 2786 dominicis
2577 2739 2627 2785 et
2652 2731 2697 2763 ’θ
2752 2713 3115 2802 episcoporum
3152 2727 3232 2783 uel
3272 2727 3397 2784 reli-

1791 2842 2040 2897 quorum,
2068 2824 2156 2895 qui
2185 2825 2239 2876 in
2262 2822 2410 2878 hoste
2444 2838 2548 2876 non
2567 2821 2801 2891 (uerunt.
2832 2819 2904 2876 Ut
2929 2821 3074 2876 vassi
3107 2820 3306 2886 nostri,
3340 2828 3398 2874 et

1793 2917 1938 2972 vassi
1965 2916 2362 2986 episcoporum,
2392 2915 2648 2970 abbatum
2677 2915 2744 2979 η,
2771 2913 3174 2970 abbatissarum
3221 2921 3279 2969 et
3301 2930 3397 2970 co-

1793 3011 2009 3075 mitum,
2045 3009 2136 3078 qui
2165 3023 2309 3062 anno
2343 3015 2631 3077 praesente
2681 3006 2735 3061 in
2780 3006 2939 3066 hoste
2976 3021 3086 3062 non
3154 3004 3394 3072 fuerunt,

1793 3103 2152 3158 beribannum
2189 3101 2486 3158 rewadient
2525 3102 2604 3168 ";
2632 3100 2877 3172 exceptis
2900 3086 3000 3158 bis.
3038 3101 3132 3172 qui
3173 3106 3399 3172 proptee

1787 3195 2126 3251 necessarias
2159 3209 2355 3249 causas
2383 3200 2439 3246 et
2474 3209 2505 3247 a
2543 3191 2747 3248 domno
2786 3208 2852 3248 ac
2909 3192 3155 3263 genitore
3204 3200 3396 3248 nostro

1787 3287 1988 3342 Karolo
2011 3286 2337 3341 constitutas
2370 3284 2416 3315 ³³
2443 3284 2590 3340 domi
2612 3284 2822 3340 dimissi
2843 3283 2891 3314 “
2925 3281 3168 3350 fuerunt,
3208 3284 3262 3339 id
3285 3291 3394 3350 est,

1788 3379 1880 3450 qui
1907 3387 1954 3432 a‘
1975 3378 2175 3435 comite
2203 3375 2250 3409 "
2271 3385 2494 3449 propter
2525 3392 2715 3446 pacem
2747 3374 3176 3433 conservandam
3197 3418 3213 3442 ,
3263 3385 3320 3432 et
3348 3376 3396 3408 “

1788 3479 2010 3542 propter
2033 3470 2318 3541 coniugem
2345 3479 2409 3524 ac
2442 3469 2662 3524 domum
2687 3469 2805 3523 eius
2853 3468 3285 3534 custodiendam,
3337 3476 3397 3542 et

1792 3564 1860 3618 ab
1887 3563 2142 3632 episcopo
2167 3560 2252 3615 vel
2275 3560 2488 3616 abbate
2533 3560 2617 3614 vel
2650 3559 2925 3615 abbatissa
2974 3559 3229 3614 similiter
3259 3575 3390 3630 pro-

1792 3665 1914 3726 pter
1938 3669 2126 3724 pacem
2176 3652 2625 3715 conservandam,
2652 3659 2707 3705 et
2751 3658 2973 3723 propter
3006 3649 3195 3720 fruges
3239 3649 3396 3705 colli-

1793 3747 1997 3820 gendas
2023 3756 2078 3801 et
2097 3745 2358 3825 familiam
2395 3743 2891 3814 constringendam,
2927 3751 2985 3797 et
3010 3742 3208 3798 missos
3253 3743 3394 3808 rcci-

1791 3840 2038 3912 pieudos,
2078 3837 2285 3893 dimissi
2323 3835 2562 3891 fuerunt.

1865 3931 1956 3986 69.
1985 3931 2062 3984 De
2095 3929 2370 4001 episcopis,
2397 3926 2671 3982 abbatibus
2700 3935 2748 3980 et
2778 3926 3076 3991 comitibus,
3105 3935 3153 3980 et
3186 3925 3252 3980 de
3274 3925 3392 3997 pla-

1795 4023 1896 4076 cito
1943 4015 2224 4075 missorum
2250 4019 2654 4072 dominicorum.
2687 4017 2758 4074 Ut
2801 4019 2983 4072 omnis
3007 4019 3049 4049 "’
3079 4018 3397 4088 episcopus,

1793 4115 1981 4179 abbas,
2011 4121 2066 4166 et
2085 4126 2290 4177 comes,
2329 4118 2553 4180 excepta
2580 4108 2898 4164 infirmitate
2931 4109 3015 4162 vel
3041 4117 3228 4164 nostra
3279 4108 3392 4164 ius-

1797 4205 1967 4272 sione,
1997 4203 2200 4259 nullam
2225 4202 2633 4258 excusationem
2655 4201 2872 4287 haheat,
2901 4200 3030 4272 quin
3057 4201 3102 4232 ⁸⁸
3126 4200 3194 4254 ad
3219 4199 3389 4269 placi-

1792 4306 1905 4351 tum
1935 4297 2223 4351 missorum
2252 4301 2563 4349 nostrorum
2598 4307 2800 4358 veniat,
2835 4300 2930 4359 aut
2968 4291 3128 4346 talem
3159 4291 3206 4323 "
3243 4293 3392 4347 vica-

1790 4387 1930 4442 rium
1959 4403 2116 4442 suum
2142 4387 2343 4451 mittat,
2371 4385 2463 4455 qui
2497 4385 2553 4439 in
2580 4384 2729 4440 omni
2757 4400 2923 4440 causa
2949 4398 3050 4454 pro
3076 4384 3168 4440 illo
3195 4385 3240 4416 ³⁸
3267 4387 3392 4440 red-

131 4488 223 4541 pum
253 4486 342 4532 aut
365 4479 616 4533 abbatem
644 4488 736 4532 aut
775 4477 940 4532 alium
983 4478 1280 4548 quemlibet
1339 4493 1683 4549 quocumque
1714 4470 1764 4530 D
1789 4479 1916 4534 dere
1944 4479 2210 4533 rationem
2247 4477 2420 4547 possit
2443 4487 2492 4529 α.

1328 4613 1726 4670 VARIANTES
1763 4611 2168 4677 LECTJONES.

185 4704 196 4733 ¹
223 4703 591 4757 observent....
619 4703 814 4770 ptacita
857 4703 1044 4758 desunt
1089 4704 1144 4759 4.
1174 4669 1303 4758 illd.
1353 4669 1356 4670 ν
1383 4706 1402 4735 ’
1443 4706 1536 4774 qui
1569 4706 1619 4758 1.
1700 4705 1722 4736 ³
1752 4705 1873 4759 aliis
1895 4673 1948 4757 4.
2027 4704 2047 4735 δ
2073 4703 2275 4758 malum
2300 4703 2352 4756 1.
2373 4701 2428 4755 4.
2454 4701 2523 4774 Β.
2593 4702 2615 4733 ⁸
2647 4708 2820 4774 totum
2842 4698 2878 4753 1.
2905 4700 3302 4774 compositione
3332 4702 3384 4774 1.

135 4773 264 4843 legem
287 4773 674 4854 compositione
692 4775 756 4827 Β.
830 4775 850 4804 ⁶
874 4784 1045 4830 totam
1075 4775 1244 4844 legem
1275 4785 1329 4830 et
1349 4771 1802 4846 com—positionem
1829 4776 2040 4831 solvere
2058 4791 2178 4898 colg.
2205 4776 2258 4829 3.
2338 4775 2358 4805 ⁷
2386 4789 2482 4844 pro
2506 4773 2603 4826 hoc
2629 4772 2789 4826 rubro
2809 4771 3120 4826 antecedens
3145 4772 3300 4827 habet
3327 4773 3384 4827 4.

134 4845 149 4872 '
180 4854 492 4900 tarensturas
521 4862 575 4898 in
625 4863 794 4902 mora.
826 4846 1116 4900 heristiura
1143 4848 1191 4900 1.
1224 4848 1547 4902 transituras
1571 4847 1632 4901 C.
1677 4846 1826 4901 Colb.
1869 4846 2052 4901 Camb.
2155 4846 2222 4900 iv.
2265 4843 2432 4902 Sana.
2465 4844 2519 4898 2.
2564 4843 2818 4898 tristuras
2842 4841 2907 4894 B.
2939 4841 3090 4896 Rem.
3130 4842 3203 4895 Ν.
3236 4840 3383 4898 ΡίιΙι.

138 4854 149 4872 '
180 4854 492 4900 tarcnsturas
521 4862 575 4898 tn
625 4863 794 4913 marq.
827 4854 1116 4900 heristiura
1143 4854 1191 4900 1.
1224 4854 1547 4911 transituras
1571 4854 1632 4901 C.
1677 4854 1826 4901 Colb.
1869 4854 2052 4901 Cantb.
2104 4854 2222 4900 ﬂio.
2265 4854 2377 4900 Son
2419 4883 2432 4897 .
2465 4854 2519 4898 2.
2564 4854 2818 4898 tristuras
2842 4854 2907 4894 15.
2939 4854 3090 4896 Item.
3130 4854 3203 4895 tv.
3236 4854 3383 4898 Pila.

138 4913 231 4969 Par.
255 4924 518 4971 tracturus
547 4917 616 4970 l‘.
642 4918 694 4970 4.
723 4905 850 4970 Met.
886 4926 1152 4972 trasturas
1193 4915 1309 4971 Vat.
1343 4918 1459 4972 Pal.
1490 4918 1623 4972 Bell.
1650 4926 1916 4973 straturas
1940 4917 2041 4983 'l'il,
2076 4926 2350 4972 trexturas
2457 4915 2492 4969 3
2520 4916 2573 4968 b.
2650 4914 2670 4944 ⁹
2693 4913 2920 4984 supplici
2951 4911 3003 4974 6.
3083 4914 3124 4945 ¹⁶
3149 4913 3291 4972 deest
3313 4913 3382 4975 ϐ.

140 4986 168 5058 ἕξ
192 5003 229 5041 a.
253 4988 300 5043 d.
324 5002 374 5042 c.
400 4986 437 5040 Ι.
469 4987 656 5042 desunt
678 4989 730 5044 5.
755 4988 820 5043 de
845 5004 894 5042 c.
938 4988 972 5040 l.
1001 4999 1123 5042 ante
1151 4989 1217 5044 de
1243 4990 1428 5045 comit.
1459 4989 1680 5043 collocat
1708 4990 1762 5042 4.
1798 4988 1984 5043 Totum
2007 4999 2162 5058 caput
2185 4989 2323 5042 deest
2351 4987 2404 5058 5ζ
2429 4987 2483 5040 in
2511 4986 2624 5039 ind.
2701 4987 2743 5058 ‘F
2769 5001 2824 5058 v.
2851 4993 2907 5040 et
2930 4985 3228 5058 centenarii
3259 4984 3382 5058 Bal.
3439 5042 3458 5052 α

140 5056 170 5086 ¹³
201 5059 309 5130 quia
337 5059 388 5110 1.
444 5058 521 5130 1“.
573 5058 638 5112 Β.
754 5058 798 5090 ιδ
830 5059 980 5114 verst
1005 5060 1059 5114 in
1085 5077 1256 5130 marg.
1300 5061 1350 5114 1.
1468 5062 1511 5091 ³⁵
1537 5060 1739 5116 foreste
1764 5062 1817 5116 3.
1933 5059 1976 5090 ⁸⁸
2008 5055 2135 5114 illuc
2175 5061 2244 5126 l‘,
2276 5057 2330 5111 4.
2361 5055 2427 5112 C.
2540 5057 2941 5130 "iustitiae?"
2966 5055 3155 5130 [actae
3173 5065 3300 5111 sunt
3325 5057 3381 5130 3.

147 5130 170 5157 “
187 5125 465 5200 supplicare
491 5129 544 5186 5.
659 5130 702 5162 ¹⁹
727 5130 942 5184 illorum
963 5125 1226 5187 beneﬁcio
1246 5131 1300 5186 5.
1406 5132 1450 5163 ’³
1476 5133 1618 5186 deest
1646 5131 1701 5185 4.
1811 5132 1854 5162 ³⁸
1889 5131 2028 5185 deest
2052 5132 2104 5186 3.
2139 5131 2203 5185 (ἰ.
2307 5130 2352 5160 ”
2381 5129 2702 5184 reuuadiant
2745 5128 2816 5181 l'.
2857 5128 2912 5182 3.
2955 5125 3024 5200 ρ,
3111 5127 3387 5200 '_’_eonst_i-

141 5200 211 5253 tuti
235 5197 311 5254 ⁷1⁷⁸.
364 5197 436 5272 7³⁸
489 5201 629 5272 deest
657 5201 712 5256 4.
788 5202 835 5233 ”
873 5215 904 5254 a
923 5201 1096 5272 nobis
1117 5199 1299 5272 Camb.
1335 5201 1501 5272 Sang.
1532 5203 1678 5257 Colb.
1758 5202 1803 5234 "
1830 5211 1885 5257 et
2001 5203 2211 5258 custod.
2238 5202 2321 5256 hic
2345 5201 2540 5254 omissa
2563 5209 2677 5270 post
2706 5200 2854 5272 iuxta
2876 5213 2925 5272 (ξ.
2955 5197 3049 5272 75.
3067 5198 3294 5272 colloqat
3313 5197 3382 5272 ϐ.

143 5284 306 5348 prorsus
337 5270 717 5348 desunt_Sang.
751 5272 802 5325 1.
830 5273 885 5327 2.
922 5270 1040 5348 Vat.
1072 5272 1205 5348 Tan.
1238 5271 1420 5328 Camb.
1452 5269 1604 5329 Colb.
1683 5275 1726 5306 ’⁷
1767 5273 1945 5329 nullus
1973 5274 2029 5329 3.
2105 5275 2150 5306 ’⁸
2189 5274 2280 5345 qui
2308 5287 2418 5348 non
2446 5272 2517 5325 i‘.
2546 5269 2607 5326 ut
2643 5273 2696 5327 5.
2773 5271 2815 5300 ²⁹
2842 5271 3006 5325 talem
3031 5270 3193 5344 (corr.
3225 5269 3384 5343 tales)

145 5343 324 5398 ιιαιιιὶοε
350 5343 425 5396 ι’.
503 5343 547 5374 ιο
591 5343 700 5399 illis
727 5360 774 5398 r.
820 5361 866 5398 r.
892 5343 1103 5413 possim
1145 5345 1215 5398 ¹”
1620 5413 1830 5472 ΝΟΤᾹΞ

193 5539 210 5567 ⁸
232 5527 320 5584 llic
339 5527 589 5600 sequitur
608 5527 660 5596 in
679 5529 738 5600 Β.
756 5527 920 5590 Pith.,
937 5527 1133 5592 Paris.,
1160 5528 1347 5583 Norm.
1380 5528 1456 5599 (in
1482 5528 1674 5584 Rhem.

147 5610 167 5649 ιι
187 5614 313 5655 manu
337 5600 374 5654 2
423 5599 477 5655 in
520 5599 764 5668 margine
785 5600 1082 5670 additum):
1113 5619 1129 5648 ι
1166 5600 1234 5654 69
1256 5601 1309 5653 b.
1339 5600 1416 5654 De
1444 5618 1546 5654 non
1572 5601 1684 5653 exi-

171 5673 265 5747 gndo
285 5671 572 5747 heribanno
593 5679 870 5747 antequam
896 5671 1058 5724 iussio
1093 5670 1369 5747 dominica
1403 5681 1526 5724 nota
1560 5670 1675 5747 ﬁat.

183 5741 340 5797 tmissi
368 5749 424 5796 et
444 5741 814 5814 mmsquisque
840 5741 892 5794 in
916 5757 1014 5797 suo
1036 5742 1335 5799 ministerio
1355 5742 1490 5796 haec
1536 5741 1679 5810 capi-

1788 5529 1902 5584 tula
1928 5529 2092 5600 relegi
2122 5527 2326 5583 faciant
2347 5544 2529 5584 coram
2551 5525 2789 5600 populo;
2822 5532 2877 5580 et
2905 5534 3033 5580 nota
3063 5523 3390 5600 sintnomni-

1791 5601 1913 5664 bus,
1941 5617 2007 5655 ne
2033 5595 2231 5670 aliquis
2257 5595 2659 5654 excusationem
2684 5599 2886 5653 habere
2920 5597 3122 5670 possit.
3173 5595 3241 5670 Et
3276 5611 3384 5649 non

1788 5672 1942 5741 prius
1968 5668 2201 5726 banmim
2249 5671 2468 5743 exigant
2513 5687 2544 5724 a
2596 5684 2869 5743 quoquam
2916 5669 3154 5734 homine,
3213 5668 3386 5721 donec

1796 5744 2048 5799 omnibus
2083 5743 2216 5798 haec
2248 5753 2372 5797 uota
2399 5740 2547 5795 fiant.
2584 5762 2604 5795 ι
