3828 6220
391 341 394 344 ἢ
473 246 568 318 ssi

577 367 973 433 ORA'I'ORUM
992 365 1292 438 llELATJO
1318 366 1410 422 AD
1432 361 1951 420 IMPERATOREM.

736 475 865 528 Ira!
895 474 1056 515 nouat
1081 471 1384 527 liLUDOWlCl
1415 471 1796 512 III‘EIIA’I'OMB.
1910 452 1918 459 ’

543 553 595 609 i.
625 552 700 609 De
745 551 1066 608 nemssitate
1107 551 1485 621 episcoporum
1533 546 1887 605 conveniendi
1937 559 2063 601 cum

382 675 386 678 ‹
475 659 572 700 sne
597 642 1008 714 metropolitano
1029 651 1294 713 oportune
1331 639 1491 696 annis
1515 638 1742 710 singulis
1766 637 2062 693 secundum

472 735 788 792 canonicam
813 735 1226 801 auctoritatem;
1273 733 1362 789 cui
1413 731 1704 789 conventui
1748 732 1763 762 ¹
1791 731 2065 787 interesse

478 833 686 900 oportet
736 825 962 882 abbates
1017 834 1130 882 tam
1175 825 1470 882 canonicos
1522 828 1686 894 quam
1737 821 2064 885 monasticos

469 920 674 990 absque
696 915 806 973 ulla
823 916 1210 974 subtractione.
1233 914 1300 971 Et
1320 915 1368 972 si
1388 914 1646 987 possibile
1672 909 1756 969 est
1780 921 1872 968 aut
1897 911 2064 982 impe-

471 1004 590 1062 riali
628 1005 850 1062 servitio
882 1001 997 1062 non
1030 1003 1373 1061 detineantur
1397 1005 1440 1068 ⁸,
1482 1001 1665 1060 adsint
1702 1001 1866 1057 etiam
1895 1001 2064 1057 comi-

468 1103 590 1158 tes;
636 1093 782 1166 quod
823 1095 870 1150 si
895 1093 972 1150 illi
999 1092 1286 1162 defuerint,
1335 1092 1516 1149 adsint
1557 1105 1745 1149 eorum
1771 1092 1889 1148 vice
1926 1090 2064 1147 tales

467 1187 640 1253 missi,
667 1185 760 1257 qui
794 1185 1089 1258 adimplere
1120 1184 1335 1240 valeant
1366 1197 1740 1256 quaecumque
1757 1182 1908 1238 utilia
1940 1184 2064 1238 c‘or-

467 1279 674 1352 rigendi
708 1277 891 1343 studio,
918 1276 1212 1335 secundum
1250 1269 1495 1349 regulam
1527 1275 1938 1334 christianitatis
1963 1274 2064 1330 ibi-

465 1372 591 1426 dem
615 1370 829 1427 inventa
869 1366 1089 1425 fuerint.
1137 1367 1276 1424 Sunt
1317 1375 1498 1423 autem
1525 1367 1790 1438 plurimae
1828 1363 2064 1420 necessi-

464 1469 610 1516 tates
628 1474 773 1531 quae
790 1459 946 1516 aliter
960 1450 1241 1517 emendari
1262 1472 1370 1516 non
1404 1466 1631 1530 possunt
1669 1458 1773 1514 nisi
1798 1457 1852 1513 in
1876 1455 2064 1512 huius-

464 1552 611 1609 modi
646 1559 954 1619 conventu;
1005 1551 1098 1622 qui
1127 1559 1306 1606 tamen
1353 1557 1653 1606 conventus
1677 1562 1785 1619 quo
1819 1555 2064 1618 tempore

466 1643 586 1699 licri
628 1636 860 1710 debeat,
921 1629 1358 1699 consideratione
1403 1638 1803 1712 metropolitani
1847 1648 2063 1697 vestrae

1140 232 1145 238 ’
1247 256 1307 311 n.
1350 246 1598 313 ca‘nou
1640 250 1852 311 suam
1891 249 2042 310 Ol’l‘.
2084 250 2262 308 PARS
2302 252 2340 308 ι.
2384 252 2626 310 SECTIO
2667 250 2898 309 PRIMA.
3647 252 3731 308 περ

2091 365 2139 424 Α
2168 362 2374 416 sionem
2413 371 2647 417 vestram
2687 363 2707 394 '
2733 379 2842 417 non
2878 359 3050 417 solum
3096 370 3293 416 Consus
3338 374 3476 429 quos
3502 360 3522 390 "
3549 363 3734 432 exigere

2163 450 2231 506 de
2249 452 2446 508 eclesia
2477 452 2722 508 solebant
2743 459 3086 522 acceperunt,
3130 451 3353 521 insuper
3380 452 3544 506 etiam
3566 462 3616 507 et
3631 468 3734 524 gra.

2163 545 2314 600 viora
2339 542 2681 601 addiderunt.
2704 541 2840 598 Cum
2867 542 2974 597 sint
2990 541 3134 597 enim
3154 539 3401 611 plerique
3422 539 3643 596 eclesiae
3660 554 3734 599 aut

2163 636 2303 692 nihil
2325 644 2418 691 aut
2441 650 2633 705 parum
2657 632 2787 705 quid
2811 632 3050 688 exterius
3068 632 3353 701 habentes,
3382 632 3450 688 de
3471 632 3596 688 solis
3613 634 3733 700 ded-

2164 731 2269 786 mis
2287 737 2342 785 et
2361 728 2726 786 oblationibus
2748 726 2984 782 ﬁdelium
3009 741 3206 782 census
3233 733 3288 783 et
3310 725 3556 781 diversos
3579 735 3734 796 pastas

2161 820 2462 893 presbyteri
2489 836 2698 886 earum,
2726 819 2818 890 qui
2839 819 2927 874 vix
2949 818 3144 874 ibidem
3167 818 3347 873 vivere
3366 827 3612 889 possunt,
3639 821 3737 875 red~

2163 914 2292 969 dere
2318 914 2732 985 compelluntur.
2787 913 2933 968 Haec
2956 925 3086 968 vero
3108 911 3290 968 omnia
3336 927 3480 983 quae
3505 912 3624 968 inde
3643 915 3734 970 exi-

2163 1020 2292 1076 gere
2321 1005 2514 1070 solent,
2547 1021 2653 1061 non
2680 1005 2746 1061 de
2773 1020 2872 1060 suo
2898 1004 3078 1074 aliquo
3101 1001 3388 1069 beneﬁcio,
3442 1004 3537 1060 sed
3560 1005 3733 1062 solam-

2165 1096 2326 1152 tnodo
2361 1094 2429 1151 de
2464 1094 2624 1150 altari
2661 1103 2716 1150 et
2755 1094 3053 1165 parietibus
3095 1093 3361 1151 ecclesiae
3397 1094 3472 1150 ab
3512 1095 3734 1167 episcopo

2167 1182 2279 1239 Deo
2300 1181 2492 1240 dicatis
2521 1181 2636 1237 dari
2666 1181 2770 1237 sibi
2797 1189 2983 1252 agunt.

2235 1275 2289 1330 6.
2315 1273 2449 1343 Quia
2479 1284 2607 1330 sunt
2636 1274 2690 1329 in
2715 1274 2992 1345 plerisque
3033 1272 3172 1330 locis
3195 1271 3505 1343 parricidae
3524 1272 3544 1305 '
3587 1281 3636 1330 et
3663 1289 3732 1331 ce-

2164 1368 2267 1423 teri
2292 1366 2594 1425 homicidae
2620 1367 2705 1421 vel
2735 1367 2955 1439 reliquis
2975 1367 3298 1438 capitalibus
3319 1367 3634 1424 criminibus
3654 1369 3732 1424 im-

2162 1457 2369 1529 plicati,
2396 1459 2488 1530 qui
2519 1459 2872 1530 penitentiam
2901 1443 3174 1529 publicam
3205 1473 3367 1529 agere
3388 1467 3728 1523 contemnunt.

2164 1550 2258 1622 qui
2279 1548 2468 1621 utique
2492 1550 2840 1621 reipublicae
2869 1550 3194 1606 utilitatibus
3225 1550 3445 1607 inutiles
3479 1560 3634 1619 sunt;
3661 1567 3734 1608 su-

2163 1656 2264 1712 per
2291 1641 2487 1713 quibus
2509 1655 2728 1697 necesse
2761 1648 2866 1708 est,
2894 1649 2954 1697 ut
2979 1649 3160 1697 vestra
3187 1640 3454 1698 celsitudo
3479 1641 3734 1699 comitibus

463 1735 650 1806 pietati
671 1731 1116 1814 innotescendum
1142 1741 1246 1799 est,
1273 1732 1418 1805 quod
1440 1733 1653 1805 plenius
1677 1731 1856 1788 vestra
1878 1739 2065 1788 aucto-
2095 1723 2144 1788 Β
2168 1732 2487 1804 praecipiat,
2518 1739 2786 1802 quatenus
2807 1731 3077 1803 episcopis
3111 1728 3444 1788 adiutorium
3484 1730 3662 1797 ferant,
3686 1741 3733 1787 ut

426 1899 428 1902 ν
464 1826 628 1881 ritate
655 1826 675 1858 ³
700 1827 767 1882 ad
803 1839 927 1880 eum
961 1824 1332 1899 conveniatur.

535 1917 592 1971 2.
622 1915 691 1973 Ut
716 1905 1077 1972 ministerium
1102 1912 1438 1972 sacrosancti
1462 1913 1804 1986 baptismatis
1822 1927 1928 1977 non
1946 1909 2062 1969 ubi-

463 2025 698 2082 eumque
749 2022 850 2066 nec
899 2009 1349 2080 quandocumque
1369 2045 1387 2075 ,
1446 2015 1675 2078 excepta
1725 2003 2059 2060 infirmorum

461 2115 651 2171 causa,
698 2102 796 2159 sed
840 2100 1098 2173 praeﬁxis
1135 2117 1166 2158 a
1205 2100 1409 2157 sanctis
1451 2100 1703 2172 patribus
1728 2097 2062 2170 temporibus

461 2194 682 2264 penitus
718 2191 1040 2256 celebretur.
1077 2191 1250 2249 Aliter
1293 2191 1438 2248 enim
1465 2191 1514 2248 si
1541 2190 1823 2247 actitatum
1874 2188 2059 2262 fuerit,

346 2293 351 2299 '
462 2287 640 2342 honor
675 2285 812 2340 tanti
840 2284 1164 2342 sacramenti
1187 2292 1243 2360 et
1275 2283 1455 2356 debita
1508 2282 1808 2340 reverentia
1848 2288 1904 2337 et
1927 2294 2061 2336 cura

461 2388 520 2435 et
567 2379 844 2453 diligentia
893 2386 951 2434 et
997 2376 1228 2439 eruditio
1281 2376 1493 2449 pariter
1537 2377 1798 2433 vilescere
1849 2382 2061 2432 certum

463 2479 570 2528 εει.
1779 2488 1782 2490 ⁷

478 2575 481 2578 ’
531 2566 586 2619 3.
625 2563 723 2620 Est
743 2562 962 2635 quidem
989 2559 1146 2619 valde
1172 2562 1540 2621 necessarium
1567 2568 1625 2618 et
1642 2575 1854 2618 summa
1877 2573 2066 2617 einen.

459 2655 679 2712 datione
711 2655 958 2726 dignum,
982 2663 1036 2712 et
1063 2655 1198 2713 illud
1220 2641 1566 2728 nequaquam
1593 2652 1929 2726 neglegatur,
1956 2653 2064 2709 sic-

459 2756 523 2802 ιιι
568 2747 831 2803 hactenus
859 2760 998 2819 pene
1033 2747 1104 2805 ah
1131 2747 1384 2804 omnibus
1427 2745 1734 2819 neglectum
1776 2753 1880 2821 est,
1907 2745 2063 2816 quasi

459 2853 567 2894 non
595 2839 776 2894 minus
799 2839 1168 2895 necessarium
1191 2839 1262 2896 sit
1283 2839 1336 2895 in
1363 2854 1474 2913 quo
1495 2846 1717 2896 nostrae
1745 2836 2066 2910 redemptio-

458 2931 547 2989 nis
567 2931 716 2988 salus
738 2939 796 2988 et
817 2930 1010 2988 salutis
1037 2948 1246 2989 summa
1275 2932 1546 2998 consistit,
1576 2929 1630 2988 id
1655 2939 1738 2987 est
1755 2922 2065 2989 communio

459 3023 606 3080 sacri
637 3023 882 3094 corporis
909 3031 966 3080 et
1003 3011 1281 3097 sanguinis
1312 3020 1518 3090 domini
1561 3021 1734 3091 nostri
1758 3019 1877 3080 [esu
1902 3020 2066 3080 Chri-

2160 1840 2257 1881 eos
2277 1825 2571 1896 canonieae
2591 1825 2925 1895 penitentiae
2949 1825 3181 1881 subdere
3205 1824 3444 1880 valeant.

2231 1917 2285 1970 7.
2319 1915 2390 1974 Ut
2428 1916 2683 1988 aequales
2718 1931 3006 1972 mensurae
3047 1924 3103 1972 et
3148 1916 3324 1973 iustae
3350 1918 3372 1948 ³
3412 1917 3468 1972 in
3509 1917 3728 1981 omnibus

2159 2008 2454 2079 provinciis
2499 2009 2710 2079 imperii
2750 2010 2918 2065 vestri
2956 2008 3066 2064 sint
3115 2009 3417 2064 secundum
3446 2009 3608 2080 legem
3646 2008 3730 2064 Do-

2161 2101 2302 2157 mini
2322 2102 2593 2158 iubentis:
2629 2100 2712 2158 Sit
2740 2100 2836 2156 tibi
2857 2117 3054 2174 aequus
3095 2101 3303 2156 modius
3335 2101 3599 2172 iustusque
3635 2117 3731 2156 sea-

2161 2194 2352 2248 taritts.
2380 2191 2724 2264 Quapropter
2745 2193 3114 2251 diversitatem
3153 2207 3532 2250 mensurarum
3560 2194 3607 2250 in
3625 2194 3731 2249 mul-

2160 2283 2232 2339 tis
2255 2297 2520 2354 pauperes
2545 2283 2702 2340 valde
2730 2290 3047 2354 gravantur.
3076 2282 3284 2340 Census
3319 2293 3503 2340 tamen
3531 2283 3730 2355 singula.

2162 2361 2282 2434 rum
2311 2375 2712 2446 provinciarum
2737 2377 3062 2471 'antiquitus
3106 2376 3438 2434 constitutus
3486 2376 3632 2432 huius
3669 2376 3730 2432 rei

2161 2468 2450 2525 occasione
2467 2467 2797 2539 pauperibus
2817 2483 2924 2525 non
2957 2477 3237 2541 augeatur.

2233 2561 2289 2617 8.
2328 2557 2616 2616 Postulant
2646 2569 2703 2615 et
2746 2568 2969 2616 monent
3005 2571 3255 2618 oratores
3290 2563 3480 2628 vestri,
3526 2571 3584 2618 ut
3613 2563 3730 2619 inter

2160 2661 2345 2710 cetera
2379 2665 2520 2723 quae
2556 2652 2716 2724 digne
2743 2653 2855 2710 Deo
2890 2653 3070 2726 agitis,
3096 2653 3167 2709 ad
3204 2668 3401 2710 causas
3435 2655 3729 2710 necessarias

2163 2743 2484 2801 eclesiarum
2519 2751 2574 2798 et
2613 2758 2931 2815 pauperum
2960 2743 3287 2816 aliquotiens
3332 2745 3621 2802 audiendas
3653 2755 3728 2801 aut

2162 2837 2554 2894 examinandas
2593 2844 2813 2908 propter
2857 2847 3099 2894 amorem
3135 2836 3232 2892 Dei
3279 2838 3568 2892 assumatis
3607 2835 3728 2892 labo—

2165 2945 2303 2997 rem,
2331 2930 2459 3001 quia
2489 2927 2751 3000 perfectio
2785 2927 3076 2984 ministerii
3111 2927 3278 2983 vestri
3313 2927 3548 2984 maxime
3578 2927 3626 2983 in
3649 2926 3728 2982 ltu-

2163 3020 2463 3078 iuscemodi
2498 3019 2751 3076 consistit
2774 3017 2970 3076 cilicio.
3007 3019 3126 3075 Erit
3156 3018 3302 3076 enim
3329 3033 3497 3091 opere
3518 3019 3726 3091 precium

458 3115 550 3180 sti,
582 3115 675 3186 qui
694 3090 770 3170 ait
798 3133 814 3169 :
845 3114 967 3170 Nisi
991 3090 1431 3172 manducauerit“
1449 3131 1663 3170 carnem
1699 3113 1801 3186 ﬁlii
1829 3116 2059 3174 hominis
2082 3090 2131 3157 θ
2159 3111 2230 3169 ad
2252 3126 2444 3173 uulpes
2463 3113 2666 3169 iudices
2681 3112 2809 3170 huic
2831 3111 3010 3168 oﬂicio
3033 3111 3283 3183 puriores
3303 3090 3470 3182 attlue
3490 3090 3726 3168 meliores.

457 3217 508 3263 et
537 3207 770 3262 biberitis
795 3207 908 3262 eius
932 3206 1262 3277 sanguinem,
1295 3221 1401 3261 non
1426 3206 1684 3262 habebitis
1701 3206 1865 3263 vitam
1889 3207 1947 3262 in
1970 3224 2084 3264 tvo-1

459 3299 558 3352 bis.
591 3295 745 3355 Unde
779 3295 1035 3354 monendi
1058 3305 1185 3354 sunt
1205 3306 1367 3369 atque
1393 3298 1698 3355 instruendi
1715 3314 1906 3358 omnes
1929 3300 2062 3359 lide-

458 3387 561 3455 les,
589 3394 649 3443 ut
675 3385 918 3444 mandati
952 3394 1008 3468 et
1027 3385 1316 3458 puriﬁcati,
1352 3395 1409 3443 et
1435 3387 1620 3460 sepius
1637 3390 2056 3458 communicent,

458 3488 516 3533 et
537 3488 851 3536 reverenter
889 3478 960 3534 ad
987 3479 1161 3549 ipsam
1204 3480 1640 3538 communionem
1665 3477 1942 3551 accedant,
1993 3498 2062 3540 ne

460 3572 758 3629 secundum
779 3571 1087 3644 apostolum
1125 3571 1372 3629 iuditlum
1405 3573 1511 3631 sibi
1550 3574 1875 3632 manducent
1901 3587 1956 3632 et
1981 3578 2062 3634 bi-

467 3664 619 3719 bant.
1777 3719 1781 3723 .

531 3757 588 3812 4.
629 3756 699 3815 Ut
719 3758 1035 3814 sacerdotes
1059 3758 1294 3826 Domini,
1325 3760 1421 3831 qui
1445 3771 1572 3819 sunt
1617 3763 1944 3821 mediatorcs
1981 3762 2062 3820 in-

462 3859 546 3905 ter
572 3850 740 3906 Deum
760 3858 818 3906 et
840 3851 1108 3919 homines,
1139 3867 1238 3925 per
1275 3869 1413 3926 quos
1441 3856 1688 3915 homines
1735 3856 1847 3916 Doo
1876 3871 2064 3916 recon-

458 3942 730 4007 ciliantur,
780 3949 937 3998 tanto
961 3943 1243 4015 despectui
1285 3961 1394 4003 non
1437 3947 1778 4016 habeantur;
1822 3948 1916 4006 sed
1963 3962 2064 4020 pro

461 4046 651 4087 amore
669 4040 726 4088 et
738 4033 1042 4102 reverentia
1066 4033 1160 4090 Dei
1184 4035 1546 4093 ministerium
1566 4052 1783 4095 sacrum
1803 4040 1947 4110 quod
1964 4052 2066 4112 per

459 4122 698 4182 coaDeo
738 4122 1185 4191 exibet‘eclesia,
1224 4127 1279 4182 in
1327 4129 1408 4186 eis
1454 4129 1770 4198 honoretur,
1811 4133 2063 4188 etuta‘

459 4222 574 4278 suis
601 4220 815 4280 eclesiis
836 4231 948 4279 tam
981 4223 1189 4280 inlicito
1211 4239 1348 4281 ausu
1371 4224 1443 4282 ad
1460 4225 1732 4284 exteriora
1755 4225 2062 4299 peragenda

461 4327 570 4366 non
591 4312 914 4380 mittantur;
950 4313 1076 4384 quia
1097 4312 1326 4384 proinde
1359 4322 1413 4370 et
1452 4331 1590 4387 opus
1616 4315 1858 4374 divinum
1886 4319 2066 4390 negle-

458 4402 625 4472 gitur,
656 4411 709 4458 et
738 4402 974 4459 infantes
1015 4404 1135 4460 sine
1183 4405 1439 4476 baptismi
1485 4408 1680 4478 gratia,
1707 4398 1788 4462 ‘et
1813 4409 2062 4466 homines

445 4493 577 4547 sine
615 4491 956 4549 confessione
987 4493 1132 4550 mori
1161 4493 1355 4551 solent.
1401 4494 1569 4554 Cuius
1603 4512 1803 4555 causae
1845 4499 2058 4571 pericu-

459 4587 571 4642 lum
597 4586 727 4642 etin
762 4602 856 4643 eos
883 4587 976 4658 qui
1009 4603 1042 4642 a
1061 4587 1184 4644 suis
1207 4587 1423 4645 eclesiis
1446 4602 1541 4648 eos
1581 4588 1868 4658 advocant,
1917 4602 1973 4648 et
2001 4596 2054 4650 in

459 4679 762 4750 episcopos,
797 4695 1031 4750 quorum
1061 4680 1236 4737 vicem
1261 4695 1424 4754 agere
1465 4681 1684 4752 debent,
1729 4685 2058 4743 miserabili-

464 4781 551 4827 ter
576 4781 947 4845 retorquetur.

531 4863 586 4919 5.
613 4864 682 4920 Ut
702 4880 826 4938 erga
852 4866 1077 4922 eclesias
1113 4865 1357 4937 piissima
1384 4866 1756 4925 misericordia
1794 4877 1973 4926 vestra
2002 4871 2056 4928 id

462 4956 604 5024 quod
627 4955 736 5010 iam
762 4954 960 5013 dudum
986 4958 1096 5012 Deo
1119 4957 1414 5027 inspirante
1441 4958 1650 5026 statuit,
1679 4959 1958 5016 observari
1985 4962 2056 5017 ab

463 5047 715 5104 omnibus
734 5048 915 5104 iubeat
939 5066 956 5115 ;
996 5049 1250 5119 quoniam
1280 5048 1524 5120 plerique
1554 5059 1678 5120 post
1703 5065 1918 5107 sacram
1947 5054 2059 5111 ius-

2231 3203 2287 3262 9.
2327 3203 2405 3260 De
2442 3203 2784 3261 institutione
2819 3203 2964 3261 vitae
3003 3203 3417 3271 canonicorum,
3454 3219 3607 3275 quam
3639 3203 3727 3260 Deo

2159 3299 2460 3370 inspirante
2499 3308 2556 3354 et
2597 3299 3012 3355 administrante
3046 3298 3135 3370 pia
3172 3297 3545 3355 misericordia
3567 3306 3727 3360 vestra

2159 3390 2451 3458 ordinavit,
2489 3399 2549 3446 ut
2575 3405 2768 3447 omnes
2809 3391 2949 3447 idem
2987 3391 3247 3456 semiant,
3277 3397 3333 3444 et
3356 3389 3518 3446 huius
3539 3403 3726 3462 proprie

2160 3483 2579 3554 metropolitano
2625 3498 2757 3540 cura
2797 3481 3094 3556 delegetur,
3133 3489 3405 3555 quatenus
3443 3484 3498 3538 in
3534 3481 3727 3555 singulis

2161 3574 2297 3632 locis
2321 3576 2649 3647 ubicumque
2680 3575 2977 3632 secundum
3015 3575 3312 3633 iussionem
3347 3585 3579 3633 vestram
3606 3590 3728 3632 com-

2157 3668 2307 3740 pleta
2343 3678 2446 3736 est,
2483 3667 2725 3740 perfecte
2757 3668 3127 3736 custodiatur;
3159 3677 3214 3723 et
3243 3668 3335 3726 ubi
3363 3665 3588 3737 necdum
3617 3681 3727 3722 con-

2161 3770 2433 3818 summata
2463 3770 2569 3830 est,
2601 3760 2940 3833 providentia
2972 3768 3028 3818 et
3060 3761 3255 3818 studiis
3286 3759 3612 3832 perﬁciatur.
3647 3757 3727 3814 llic

2161 3854 2307 3910 enim
2351 3860 2408 3909 et
2453 3853 2843 3926 congruentius
2882 3855 3080 3911 ceteris
3115 3854 3298 3910 missis
3337 3869 3466 3917 suos
3499 3850 3728 3924 sum-aga-

2165 3960 2298 4002 neos
2333 3945 2596 4002 canonica
2630 3947 2958 4003 auctoritate
3003 3945 3192 4002 sedulo
3230 3946 3520 4006 admonere
3555 3951 3723 4018 potest.

2162 4046 2218 4093 et
2252 4044 2362 4093 tam
2401 4051 2500 4108 per
2525 4052 2583 4093 se
2610 4053 2773 4109 quam
2807 4053 2906 4110 per
2938 4037 3135 4094 missos
3169 4054 3200 4094 a
3237 4053 3297 4094 se
3322 4036 3625 4109 frequenter
3653 4037 3726 4093 de-

2162 4129 2392 4185 stinatos
2413 4169 2429 4196 ,
2479 4129 2833 4200 ubicumque-
2864 4129 3243 4187 emendatione
3301 4137 3482 4200 egeat,
3535 4129 3723 4200 perqui-

2163 4221 2352 4289 rendo,
2377 4223 2610 4279 sollicita
2635 4223 3071 4296 investigatione,
3094 4223 3331 4294 qualiter
3353 4223 3410 4280 in
3431 4223 3565 4282 locis
3579 4223 3725 4280 omni-

2162 4318 2264 4374 bus
2289 4325 2552 4383 servetur,
2582 4316 2844 4372 invenire.

2088 4448 2140 4511 υ
2199 4429 2804 4511 οοΝετιτυῖμρλριξ
2819 4428 3328 4511 epam-1:998
3374 4425 3697 4486 malum

2543 4501 2916 4559 SCOPORUM
2953 4500 3296 4557 HABENDIS
3323 4514 3374 4555 α.

2339 4606 2604 4648 οΑιιιτυιΑ
2641 4610 2673 4646 Α
2712 4606 2938 4648 ιηιεειιο
2976 4607 3293 4649 uLunomco
3329 4607 3495 4648 sum
3533 4591 3576 4645 9.

2234 4684 2391 4740 Anno
2411 4685 2462 4716 4°
2486 4693 2640 4740 sexto
2667 4685 2876 4741 decimo
2906 4693 3167 4758 regnante
3188 4685 3389 4741 domno
3414 4694 3595 4743 nostro
3620 4681 3724 4739 Illu—

2163 4778 2394 4842 dowiro,
2423 4785 2721 4833 conventus
2753 4779 3127 4850 episcoporum
3152 4779 3313 4836 debet
3348 4778 3472 4836 ﬁeri
3506 4781 3559 4835 in
3588 4785 3722 4850 quat-

2165 4880 2289 4927 tuor
2329 4871 2484 4936 locis,
2530 4872 2582 4926 id
2609 4879 2693 4927 est
2724 4871 3080 4943 Magontiaco,
3117 4875 3173 4929 in
3208 4890 3318 4945 quo
3353 4875 3446 4931 isti
3490 4871 3723 4941 archiepi-

2164 4966 2312 5036 scopi
2347 4981 2471 5020 cum
2502 4980 2691 5020 eorum
2733 4963 3090 5037 suifraganeis
3133 4969 3429 5024 convenire
3464 4967 3650 5024 debent
3670 4964 3719 5025 ⁸⁸.

2163 5058 2192 5098 ιι
2217 5057 2509 5114 Autcarius
2544 5060 2608 5122 υ,
2649 5069 2670 5097 ε
2705 5057 3074 5127 Hadebaldus,
3110 5061 3136 5101 ει
3164 5061 3340 5128 Hetti,
3385 5073 3410 5104 ο
3432 5061 3718 5117 Bernuinut.

1715 5188 2108 5250 VARIANTES
2134 5195 2537 5253 LECTIONES.

538 5303 554 5333 ⁸
585 5310 882 5358 conventus
918 5303 966 5356 ί.
1066 5305 1088 5333 ⁸
1124 5303 1429 5362 detineatur
1454 5304 1510 5360 Δ.
1606 5305 1626 5337 ⁸
1665 5307 1967 5364 auctoritas
1994 5309 2045 5365 l.

525 5375 666 5430 iuste
700 5373 752 5428 ί.
825 5373 850 5406 ⁸
873 5375 948 5429 ita
974 5373 1028 5428 2.
1053 5377 1107 5430 3.
1137 5375 1555 5449 (blothouuico).

2133 5313 2253 5367 ‘ad
2298 5313 2348 5368 l.

1637 5379 1678 5409 '°
1706 5388 1846 5433 extat
1884 5380 1936 5433 in
1966 5382 2120 5436 codd.
2149 5383 2304 5438 2-10.

2444 5315 2743 5388 {nostram
2776 5315 2845 5388 l._
2913 5313 2945 5388 A'
2987 5313 3131 5388 quod
3177 5316 3229 5388 i.
3326 5318 3347 5350 "
3381 5316 3694 5388 parricidal
3796 5319 3797 5328 ‘

2386 5387 2423 5417 ¹¹
2454 5387 2512 5442 d.
2532 5395 2637 5460 aut.
2658 5386 2880 5443 uicariis
2903 5384 2958 5441 6.
3007 5384 3019 5386 ἡ
3038 5387 3080 5416 ¹¹
3104 5384 3398 5460 audgarius
3419 5391 3478 5446 5.

1995 5491 2252 5554 NOT/E..

536 5604 562 5632 ι
599 5591 676 5646 Ex
703 5585 834 5652 Cod,
862 5584 917 5649 2,
945 5585 998 5649 3,
1021 5583 1170 5640 5-10.

536 5663 566 5704 δ
603 5659 1054 5729 Archiepiscopus
1084 5654 1451 5729 blogtintinus.
1473 5653 1686 5729 _Bu.t'z.

535 5745 560 5771 ο
584 5724 935 5801 Διώίερἱεε(
948 5743 1049 5797 pus
1074 5724 1433 5782 Coleniensis.
1472 5724 1551 5780 In.

2233 5587 2260 5627 θ
2301 5586 2754 5658 Archiepiscopus
2784 5577 3141 5645 Trevirensis.
3171 5589 3246 5644 in.

2240 5672 2261 5697 υ
2296 5659 2747 5729 At-cbiepiscopus
2785 5659 3248 5718 Vesontionensis.
3276 5661 3354 5718 lu.
