3828 6220
157 337 247 394 597
448 335 674 392 CODEX
714 327 1235 388 l)ll'LU)l.\T|tICS.
1264 358 1331 367 ——
1355 323 1669 382 LUDOVlt‘J

1581 323 1677 379 'ltil
1718 323 1733 376 Ι
1781 320 1865 375 ιοὶΐ
1907 319 2234 377 LOTIMRII
2272 314 2756 374 CXPITL'LMKM.
2785 314 2935 365 ~—.\\.
2972 312 3093 368 8'38.

3320 307 3426 362 διεδ

156 462 261 521 plus
283 457 361 504 est
399 451 467 504 ab
503 465 608 502 uno
633 446 848 509 herede,
881 445 1076 499 iterum
1112 440 1311 495 caeteri
1341 439 1566 493 heredes
1593 451 1719 491 eum
1749 440 1794 497 Α
1827 437 1927 490 bus
1954 434 2087 488 locis
2115 440 2323 485 tantum
2361 428 2633 497 accipiunt
2663 428 2728 480 de
2757 425 3003 478 coniectu
3026 422 3209 493 populi
3232 421 3301 476 ad
3330 421 3434 476 mi-

158 542 476 612 iuterpellare
504 550 558 596 et
582 539 867 612 adquirere
890 543 1172 592 conantur.

215 637 263 691 5.
303 635 377 690 De
409 634 696 691 comitibus
730 638 785 687 et
821 628 1037 684 vicariis
1070 642 1280 689 eorum,
1312 624 1404 696 qui
1441 623 1494 678 in
1529 620 1723 691 aliqui-

157 778 369 795 μ

213 1038 269 1094 ln
327 1039 344 1069 ⁸
465 1038 681 1093 nomine
783 1035 998 1093 Domini
1091 1034 1185 1090 Dei
1292 1043 1348 1091 et
1442 1032 1729 1089 salvatoris

154 1129 311 1185 nostri
406 1129 522 1184 Iesu
616 1128 838 1184 Christi.
937 1126 1285 1183 llludovvicus
1382 1134 1435 1182 et
1508 1124 1729 1179 lllotba-

154 1222 255 1277 rius
347 1220 523 1276 divina
615 1220 900 1275 ordinante
992 1217 1331 1290 providentia
1442 1217 1730 1286 imperato-

155 1327 232 1367 res
319 1310 552 1381 augusﬁ,
651 1311 903 1366 omnibus
995 1310 1249 1366 ﬁdelibus
1341 1317 1559 1365 sanctae
1635 1306 1730 1362 Dei

152 1405 397 1479 ecclesiae
490 1413 547 1460 et
640 1406 861 1460 nostris.
973 1403 1269 1460 Recordari
1366 1417 1464 1458 vos
1558 1401 1730 1458 credi-

155 1514 295 1563 mus,
381 1497 616 1568 qualiter
691 1497 795 1568 hoc
851 1512 1029 1562 anno,
1105 1495 1331 1552 consilio
1386 1495 1730 1551 sacerdotum

152 1600 201 1649 et
274 1590 499 1648 aliorum
582 1589 817 1646 ﬁdelium
897 1599 1242 1654 nostrorum,
1320 1588 1572 1661 generale
1655 1586 1731 1642 ie-

154 1685 344 1742 iunium
450 1700 549 1756 per
644 1692 835 1740 totum.
912 1694 1139 1754 regnum
1239 1690 1486 1737 nostrum
1591 1678 1732 1736 cele-

154 1778 299 1833 brare
372 1776 665 1842 iussimus,
741 1775 1020 1843 Deumque
1095 1780 1206 1828 tota
1279 1771 1564 1828 devotione
1640 1770 1732 1826 de-

724 854 1057 913 El’lSTOLA
1096 854 1284 922 QUAE
1321 848 1812 911 GENElt.\LlTER
1853 845 2124 903 POPUID
2164 844 2273 899 DEI
2311 842 2443 898 EST
2483 841 2829 937 LEGEND.l.

1825 542 2013 580 norem
2036 523 2385 595 legationem,
2410 528 2673 589 quantum
2701 518 2770 573 ad
2798 517 3082 571 maiorem.

2500 1021 2706 1078 domini
2815 1020 2912 1076 Dei
2985 1029 3040 1074 et
3150 1021 3439 1077 s-dvatoris

2627 1113 2977 1171 Illndmvicus
3069 1122 3121 1169 et
3216 1115 3439 1171 Hlotha-

2711 1209 3049 1279 providcntia
3147 1202 3476 1280 imperato-~

1905 1030 1962 1085 ln
2042 1030 2055 1059 ¹
2174 1025 2392 1081 nomine

1835 1122 2004 1178 nostri
2089 1120 2208 1175 Iesu
2293 1116 2495 1172 Christi

1837 1218 1950 1273 rius
2048 1214 2227 1270 divina
2319 1210 2604 1268 ordinante

1838 1326 1924 1366 res
2011 1307 2256 1380 augusti,
2349 1304 2604 1361 omnilms
2699 1301 2946 1357 ﬁdelibus
3036 1311 3259 1379 sanctae
3346 1303 3437 1358 Dei

1837 1402 2101 1458 ecclesiae
2198 1406 2251 1455 et
2351 1396 2572 1452 nostris.
2671 1394 2967 1451 Recordari
3068 1412 3165 1450 vos
3264 1396 3441 1451 credi-

1838 1511 1988 1560 mus,
2069 1491 2301 1564 qualiter
2375 1490 2480 1547 hoc
2552 1505 2729 1554 anno,
2803 1488 3032 1544 consilio
3095 1490 3438 1542 sacerdotum

1838 1601 1886 1646 et
1964 1589 2199 1645 aliorum
2284 1584 2525 1641 ﬁdelium
2610 1590 2953 1646 nostrorum,
3039 1582 3291 1653 generale
3367 1583 3444 1636 ie—

1838 1684 2047 1739 iunium
2146 1695 2248 1750 per
2345 1687 2521 1734 totum
2630 1691 2858 1749 regnum
2959 1690 3204 1731 nostrum
3302 1678 3442 1731 cele-

1838 1776 1998 1830 brare
2070 1771 2359 1835 iussimus,
2437 1768 2714 1837 Deumque
2802 1775 2917 1822 tota
2992 1767 3277 1822 devotione
3350 1767 3443 1823 de-

156 1882 391 1938 poscere,
457 1876 517 1928 ut
580 1867 737 1923 nobis
789 1864 1103 1937 propitiari,
1170 1872 1226 1919 et
1289 1864 1344 1919 in
1407 1863 1605 1937 quibus
1667 1862 1731 1917 il—
1762 1872 2085 1937 Bposcerc,
2137 1871 2196 1918 ut
2246 1861 2405 1917 nobis
2448 1859 2731 1931 propitiari
2779 1868 2835 1914 et
2906 1859 2928 1891 ³
2966 1859 3018 1914 in
3059 1861 3254 1930 quibus
3293 1860 3442 1914 illmu

155 1962 253 2019 tum
331 1959 567 2015 maxime
650 1957 1033 2015 offenderimus
1113 1957 1267 2013 nobis
1351 1955 1727 2020 manifestare,

153 2060 197 2106 et
253 2059 310 2104 ut
354 2051 377 2080 ²
449 2049 516 2104 ad
590 2048 981 2106 correctionem
1053 2056 1295 2104 nostram
1369 2044 1732 2103 necessariam

154 2140 486 2211 tranquillum
578 2147 790 2211 tempus
889 2140 1046 2195 nobis
1151 2139 1391 2195 tribucre
1483 2138 1732 2209 dignare-

153 2239 248 2285 tur.
347 2231 702 2289 Volueramus
792 2233 1054 2302 siquidem
1151 2240 1392 2301 tenqmrc
1492 2246 1735 2303 congruo

152 2325 390 2395 placitum
464 2332 709 2380 nostrum
781 2324 1032 2397 generale
1106 2323 1333 2387 habere,
1410 2330 1465 2379 et
1538 2322 1591 2378 in
1667 2338 1733 2379 eo

154 2420 211 2474 de
277 2420 547 2474 communi
640 2418 977 2475 correctione
1073 2433 1271 2490 agere;
1350 2424 1405 2475 et
1476 2416 1550 2471 ita
1622 2416 1736 2471 Deo

156 2511 430 2566 miserante
511 2510 694 2578 ﬁeret,
770 2510 876 2566 nisi
968 2510 1260 2568 commotio
1356 2508 1735 2574 inimicorum,

154 2602 280 2659 sicut
328 2603 530 2670 nostis,
591 2603 976 2674 praepedisset.
1064 2602 1172 2659 Sed
1233 2601 1360 2672 quia
1417 2609 1547 2657 tunc
1617 2599 1736 2655 ﬁeri

154 2709 250 2750 non
318 2694 494 2765 potuit
564 2695 711 2750 iuxta
786 2695 1119 2752 voluntatem
1192 2703 1468 2759 nostram,
1556 2692 1736 2748 visum
1764 2765 1779 2777 ι

154 2789 295 2844 nobis
376 2787 476 2843 fuit
555 2803 814 2860 praesens
894 2789 1154 2860 placitum
1248 2802 1375 2844 cum
1467 2787 1738 2857 aliquibus

156 2892 216 2934 ex
267 2877 513 2935 ﬁdelibus
575 2879 777 2935 nostris
834 2878 1069 2947 habere,
1158 2886 1213 2934 et
1272 2879 1325 2934 in
1400 2893 1466 2933 eo
1526 2879 1591 2934 de
1652 2875 1740 2933 hm

157 2985 280 3041 quae
366 2978 596 3042 propter
683 2971 1019 3041 praedictum
1111 2970 1558 3041 impedimentum
1653 2982 1740 3024 re-

156 3069 480 3143 manserunt,

158 3148 369 3214 Domino
496 3157 787 3233 adiuvante
916 3155 1283 3213 considerare.

159 3263 303 3305 nosse
393 3248 643 3307 volumus
733 3249 1011 3306 solertiam
1101 3256 1368 3313 vestram,

160 3340 253 3397 isto
326 3342 604 3411 praesenti
684 3342 886 3414 placito
967 3356 1091 3399 cum
1177 3340 1428 3397 ﬁdelibus
1538 3339 1742 3395 nostris

160 3432 650 3501 consideravimus,
739 3441 812 3504 ut
911 3433 1088 3503 primo
1178 3431 1424 3487 omnium
1528 3429 1745 3486 archie-

160 3524 350 3597 piscopi
434 3541 559 3583 cum
643 3521 757 3583 sui’s'
828 3524 1190 3597 suﬁ'raganeis
1273 3525 1329 3580 in
1402 3524 1538 3582 locis
1618 3539 1750 3580 con-

162 3618 297 3687 gruis
342 3608 348 3615 ’
387 3626 629 3690 tempore
699 3625 1020 3690 opportuno
1088 3617 1470 3695 convenirent,
1545 3623 1602 3673 et
1673 3609 1750 3672 ibi

162 3717 260 3763 tam
329 3710 396 3766 de
457 3725 556 3766 sua
627 3727 790 3784 quam
866 3711 933 3767 de
998 3712 1244 3768 omnium
1316 3718 1565 3767 nostrum
1627 3726 1751 3767 cor-

163 3802 386 3858 rectione
486 3812 543 3861 et
638 3804 1016 3860 emendatione
1112 3804 1410 3860 secundum
1506 3803 1747 3861 divinam

163 3894 525 3950 auctoritatem
622 3894 933 3966 quaerendo
1027 3894 1365 3960 invenirent,
1450 3899 1508 3949 et
1589 3892 1748 3950 nobis

165 3996 309 4057 atque
389 3986 639 4043 ﬁdelibus
720 3987 919 4043 nostris
1001 3968 1300 4042 secundum
1381 3985 1747 4043 ministerium

164 4080 256 4135 sibi
356 4080 709 4137 commissum
818 4079 1219 4136 adnuntiarent.
1357 4077 1493 4147 Quis
1602 4077 1751 4134 enim

164 4183 261 4224 non
348 4168 545 4224 sentiat
628 4169 798 4225 Deum
892 4170 1095 4243 nostris
1182 4168 1520 4240 peavissimis
1614 4168 1752 4225 acti-

166 4259 259 4325 bus
326 4274 445 4316 esse
517 4258 784 4316 oll'ensum
860 4267 915 4316 et
986 4261 1054 4316 ad
1128 4246 1465 4316 iracundiam
1549 4273 1750 4330 provo-

168 4362 359 4419 catum,
438 4369 564 4411 cum
635 4352 816 4408 videat
891 4360 970 4410 tot
1042 4352 1198 4408 annis
1270 4350 1583 4407 multifariis
1654 4349 1749 4406 lla-

167 4443 303 4515 gcllis
364 4444 501 4500 iram
563 4445 704 4501 illius
764 4444 820 4500 in
879 4460 1046 4517 regno
1112 4446 1267 4501 nobis
1328 4446 1398 4500 ab
1462 4461 1528 4501 eo
1602 4448 1749 4501 com-

169 4538 319 4595 misso
389 4538 701 4607 desaevire,
775 4539 1022 4596 videlicet
1103 4538 1158 4593 in
1232 4537 1374 4594 fame
1450 4538 1742 4603 continua,

1396 3153 1740 3225 Quapropter

171 4627 216 4681 in
291 4628 618 4687 mortalitate
698 4630 1042 4695 animalium,
1132 4630 1185 4684 in
1242 4629 1575 4699 pestilentia
1647 4628 1744 4685 lio-
1779 4610 1827 4672 θ

170 4721 390 4790 minum,
465 4723 522 4778 in
595 4704 883 4780 sterilitate
952 4740 1090 4795 pene
1172 4724 1417 4780 omnium
1491 4723 1742 4796 frugum,

172 4819 244 4879 et,
320 4822 379 4870 ut
463 4815 538 4870 ita
621 4817 879 4883 dixerim,
965 4816 1347 4873 diversissimis
1431 4817 1745 4872 morborum

171 4906 400 4967 cladibus
490 4917 654 4980 atque
756 4910 1063 4982 ingentibus
1154 4909 1396 4979 penuriis
1486 4909 1744 4980 populum

173 4993 311 5052 istius
395 5002 547 5070 regni
629 5000 1011 5057 miserabiliter
1092 5008 1346 5056 vexatum
1433 5008 1489 5057 et
1579 4990 1748 5056 afﬂic-

174 5096 301 5156 tum,
385 5100 550 5165 atque
619 5095 767 5151 omni
840 5094 1168 5151 abundantia
1257 5109 1440 5149 rerum
1512 5095 1748 5165 quodam

174 5181 317 5236 modo
405 5182 761 5240 exinanitum.
859 5183 970 5240 Nec
1061 5185 1195 5240 illttd
1286 5185 1451 5241 etiam
1536 5184 1749 5242 dubita-

177 5285 281 5325 mus
357 5286 428 5327 ex
506 5274 648 5330 iusta
733 5276 968 5332 vindicta
1044 5276 1185 5331 illius
1256 5277 1509 5342 evenire,
1604 5280 1748 5348 quod

175 5350 318 5432 saepe
398 5365 651 5422 scandala
733 5381 831 5437 per
915 5377 1173 5440 tyrannos
1258 5367 1313 5423 in
1398 5370 1505 5427 hoc
1578 5387 1746 5443 regno

568 3062 800 3132 qualiter
881 3063 951 3118 ad
1033 3060 1286 3118 affectum
1356 3060 1775 3132 pervenirent.

1465 3248 1610 3318 quod
1683 3246 1740 3301 in
1767 3245 1816 3310 Β
1848 3248 2109 3303 siderare.

1838 1955 2075 2011 maxime
2183 1952 2451 2011 olYensum
2564 1951 2893 2006 haberemus
3002 1951 3159 2006 nobis
3269 1951 3445 2005 mani-

1837 2049 2076 2115 festare,
2151 2056 2207 2105 et
2278 2055 2340 2103 ut
2414 2046 2483 2102 ad
2559 2030 2956 2102 correctionem
3032 2053 3273 2099 nostram
3351 2060 3444 2098 nc-

1840 2139 2137 2196 ccssariam
2224 2136 2587 2208 tranquillum
2672 2144 2885 2206 tempus
2970 2135 3130 2201 nobis
3203 2135 3446 2206 tribuere

1838 2233 2174 2305 dignaretur.
2325 2230 2685 2286 Volueramus
2812 2228 3082 2299 siquidem
3202 2236 3446 2298 tempore

1837 2340 2080 2396 congruo
2172 2324 2433 2395 placitum
2527 2330 2774 2378 nostrum
2868 2321 3125 2392 generale
3211 2321 3441 2383 habere,

1838 2426 1893 2475 et
1970 2418 2024 2474 in
2091 2419 2284 2474 eodem
2359 2416 2428 2472 de
2491 2414 2766 2472 commu:.i
2840 2413 3183 2469 correctione
3249 2428 3444 2484 agerc;

1838 2519 1894 2568 et
1966 2512 2042 2567 ita
2118 2511 2231 2567 Deo
2320 2511 2613 2565 miserante
2702 2508 2887 2574 ﬁeret,
2974 2507 3079 2564 nisi
3154 2508 3448 2565 coninmtio

1839 2600 2216 2665 inimicorum,
2313 2600 2456 2655 sicut
2547 2598 2751 2664 nostis,
2848 2598 3239 2668 praepedisset.
3340 2597 3449 2653 Sed

1838 2694 1965 2765 quia
2053 2701 2195 2749 tune-
2256 2691 2374 2747 ﬁeri
2458 2707 2567 2746 non
2640 2690 2815 2761 potuit
2883 2689 3035 2744 iuxta
3115 2689 3450 2744 voluntatem

1840 2796 2114 2851 nostram,
2191 2785 2368 2840 visum
2453 2783 2612 2839 nobis
2684 2782 2786 2837 fuit
2856 2797 3117 2854 praesens
3189 2782 3450 2853 placitum

1840 2893 1965 2933 cum
2059 2877 2332 2948 aliquibus
2426 2891 2494 2932 cx
2569 2874 2818 2931 ﬁdelibus
2916 2875 3119 2930 nostris
3216 2876 3451 2940 habere,

1840 2975 1897 3023 et
1972 2966 2027 3022 in
2115 2982 2182 3023 eo
2265 2965 2333 3022 de
2416 2965 2502 3021 bis
2584 2979 2723 3036 quae
2806 2974 3028 3035 propter
3111 2965 3452 3035 praedictum

1843 3060 2293 3132 impedimentum
2356 3066 2765 3125 remanserunt,
2812 3110 2815 3114 _
2863 3059 3099 3130 qualiter
3185 3060 3257 3116 ad
3375 3059 3456 3116 ef-

1842 3152 2043 3208 fectum
2137 3151 2523 3224 pervenirent,
2612 3151 2844 3207 Domino
2937 3151 3230 3209 adiuvante
3324 3167 3457 3208 con-

2230 3246 2571 3319 Quapropter
2678 3263 2842 3304 nosse
2891 3244 2898 3251 ’
2939 3248 3189 3305 volumus
3281 3246 3455 3304 soler-

1849 3340 1981 3396 tiam
2056 3350 2313 3407 vestram,
2390 3341 2536 3413 quod
2609 3342 2664 3397 in
2730 3342 2836 3398 isto
2907 3343 3182 3412 praesenti
3252 3344 3457 3413 placito

1850 3450 1974 3489 cum
2051 3433 2303 3490 ﬁdelibus
2375 3434 2581 3491 nostris
2655 3434 3149 3501 consideravimus,
3224 3445 3285 3491 ut
3345 3436 3456 3507 pri-

1851 3543 1943 3582 mo
2026 3527 2275 3583 omnium
2362 3527 2758 3599 archiepiscopi
2841 3544 2967 3584 cum
3052 3529 3166 3584 suis
3260 3528 3457 3585 sull‘ra-

1850 3617 2037 3689 ganeis
2121 3618 2175 3673 in
2261 3618 2397 3674 locis
2481 3620 2740 3693 congruis
2825 3628 3069 3690 tempore
3149 3631 3458 3691 opportuno

1850 3708 2241 3776 convenirent,
2325 3719 2380 3766 et
2464 3712 2539 3767 ibi
2623 3720 2738 3766 tam
2818 3713 2888 3768 de
2972 3728 3072 3767 sua
3154 3728 3320 3784 quam
3391 3715 3459 3771 de

1849 3809 2094 3865 omnium
2178 3817 2426 3864 nostrum
2510 3806 2851 3863 correctione
2934 3815 2991 3863 ct
3076 3809 3459 3866 emendatione

1849 3897 2150 3952 secundum
2277 3896 2517 3951 divinam
2648 3895 3028 3951 auctoritatem
3145 3898 3459 3967 quaerendo

1852 3984 2197 4053 invenirent,
2282 3995 2338 4041 et
2426 3986 2583 4042 nobis
2665 3995 2827 4056 atque
2920 3987 3171 4043 ﬁdelibus
3250 3988 3460 4044 nostris

1850 4079 2149 4134 secundum
2244 4077 2610 4135 ministerium
2713 4077 2818 4134 sibi
2911 4079 3263 4135 commissura
3364 4082 3460 4137 ad-

1850 4170 2186 4226 nuntiarcnt.
2219 4165 2232 4179 ⁸
2276 4171 2411 4226 Item
2509 4170 3007 4236 consideravimus,
3104 4179 3165 4227 ut
3262 4172 3463 4229 missos

1850 4268 2067 4316 nostros
2196 4274 2293 4332 per
2421 4259 2736 4318 universum
2850 4278 3103 4334 regnum
3209 4272 3461 4319 nostrum

1850 4354 2227 4423 mitteremus,
2303 4356 2395 4427 qui
2469 4356 2536 4411 de
2596 4356 2851 4412 omnibus
2924 4356 3104 4412 causis
3175 4371 3315 4428 quae
3384 4352 3460 4414 ad

1851 4448 2252 4505 correctionem
2379 4450 2657 4519 pertinere
2788 4450 3139 4517 viderentur,

1849 4543 2152 4614 potuissent
2260 4544 2441 4599 studio
2549 4545 2924 4610 decertarent,
3037 4554 3092 4599 et

1852 4635 2109 4706 possibile
2209 4634 2554 4697 invenirent,
2653 4634 3071 4705 praesentaliter
3144 4647 3172 4676 ι
3271 4645 3458 4691 nostra

1854 4726 2181 4782 auctoritate
2254 4725 2628 4797 corrigerent;
2706 4735 2761 4783 et
2834 4726 2878 4781 si
2955 4727 3133 4799 aliqua
3231 4729 3459 4786 diﬁieul-

1856 4826 1939 4873 tas
1993 4818 2048 4872 in
2109 4816 2354 4888 qualibet
2416 4833 2474 4873 re
2535 4818 2617 4873 eis
2682 4817 3011 4883 obsisteret,
3080 4820 3147 4874 ad
3212 4829 3456 4875 nostram

1856 4910 2105 4966 notitiam
2215 4910 2429 4967 deferre
2538 4921 2815 4969 curarent.
2928 4914 3269 4986 Quapropter
3365 4933 3459 4973 vo-

1853 5003 2059 5068 lumus,
2146 5011 2207 5059 ut
2295 5018 2394 5059 vos
2478 5019 2700 5071 omnes,
2796 4991 3019 5077 propter
3114 5024 3458 5063 communem

1852 5094 2083 5150 salutem
2156 5104 2213 5151 et
2286 5096 2444 5168 regni
2522 5096 2787 5152 honorem
2861 5115 2928 5154 ac
2998 5099 3179 5170 populi
3256 5083 3461 5155 utilita—

1851 5197 1986 5254 tem,
2065 5188 2405 5245 .obcdientes
2501 5199 2557 5245 et
2629 5191 2906 5248 adiutores
3002 5192 3182 5248 missis
3254 5194 3459 5247 nostris

1853 5282 1906 5337 in
1979 5282 2236 5338 omnibus
2307 5297 2408 5352 pro
2484 5283 2692 5339 viribus
2763 5298 2885 5340 esse
2959 5300 3065 5341 non
3126 5284 3454 5356 neglegatis;

1849 5376 2121 5446 simulque
2206 5376 2395 5433 sciatis
2481 5377 2553 5433 ob
2627 5377 2769 5433 hanc
2852 5394 3075 5435 causam
3149 5393 3251 5434 nos
3322 5376 3459 5432 velle

3198 4546 3459 4617 quiequid

1386 5484 1783 5543 VARIANTES
1820 5489 2223 5547 LECTIONES.

242 5570 258 5604 ⁸
286 5591 349 5629 ea.
390 5573 705 5643 Simondo;
740 5578 926 5632 desunt
961 5580 1013 5632 in
1052 5578 1205 5635 codd.
1240 5582 1499 5637 omnibus.

1600 5586 1621 5615 "
1641 5584 1784 5639 deest
1811 5585 1951 5656 apud
1977 5586 2144 5643 Sirm.

2222 5587 2243 5618 ³
2265 5588 2587 5659 propitiarct
2615 5587 2783 5647 Sirm.

1620 5714 1627 5719 κ
1689 5693 1920 5753 ΝΟΤτΕ.

239 5813 260 5843 ει
295 5799 373 5855 lta
401 5798 680 5869 Baluzius;
711 5818 802 5871 per
829 5805 1127 5874 semctipsos
1160 5804 1324 5860 Sirm.

3252 4461 3460 4522 quanto
3526 4498 3527 4501 η
