  <div class='ocr_page' id='page_1' title='image "/cluster/home/n/w/nwhite01/storage/ocr_20150623/97/uva.x000827070/308.png"; bbox 0 0 3868 6214; ppageno 0'>
   <div class='ocr_carea' id='block_1_1' title="bbox 100 314 215 367">
    <p class='ocr_par' dir='ltr' id='par_1_1' title="bbox 100 314 215 367">
     <span class='ocr_line' id='line_1_1' title="bbox 100 314 215 367; baseline 0.017 -2"><span class='ocrx_word' id='word_1_1' title='bbox 100 314 215 367; x_wconf 74' lang='grc'><strong>601</strong></span> 
     </span>
    </p>
   </div>
   <div class='ocr_carea' id='block_1_2' title="bbox 454 305 3086 370">
    <p class='ocr_par' dir='ltr' id='par_1_2' title="bbox 454 305 3086 370">
     <span class='ocr_line' id='line_1_2' title="bbox 454 305 3086 370; baseline -0.003 -2"><span class='ocrx_word' id='word_1_2' title='bbox 454 312 678 370; x_wconf 63' lang='grc' dir='ltr'>ευυεχ</span> <span class='ocrx_word' id='word_1_3' title='bbox 720 308 1310 368; x_wconf 70' lang='lat' dir='ltr'><strong>DlPLO.\l.\TlCUS.-</strong></span> <span class='ocrx_word' id='word_1_4' title='bbox 1340 306 1662 365; x_wconf 74' lang='lat' dir='ltr'><strong>LUDOV&#39;lCl</strong></span> <span class='ocrx_word' id='word_1_5' title='bbox 1705 308 1720 362; x_wconf 88' lang='lat' dir='ltr'><strong>l</strong></span> <span class='ocrx_word' id='word_1_6' title='bbox 1761 306 1846 363; x_wconf 81' lang='lat' dir='ltr'><strong>ET</strong></span> <span class='ocrx_word' id='word_1_7' title='bbox 1889 305 2214 365; x_wconf 77' lang='lat' dir='ltr'><strong>LOTHARII</strong></span> <span class='ocrx_word' id='word_1_8' title='bbox 2253 306 2930 370; x_wconf 61' lang='lat' dir='ltr'><strong>CAPITUIARIA.—A.v.</strong></span> <span class='ocrx_word' id='word_1_9' title='bbox 2959 307 3086 365; x_wconf 69' lang='lat'><strong>829.</strong></span> 
     </span>
    </p>
   </div>
   <div class='ocr_carea' id='block_1_3' title="bbox 3316 304 3422 360">
    <p class='ocr_par' dir='ltr' id='par_1_3' title="bbox 3316 304 3422 360">
     <span class='ocr_line' id='line_1_3' title="bbox 3316 304 3422 360; baseline 0 0"><span class='ocrx_word' id='word_1_10' title='bbox 3316 304 3422 360; x_wconf 68' lang='lat'><strong>609</strong></span> 
     </span>
    </p>
   </div>
   <div class='ocr_carea' id='block_1_4' title="bbox 770 542 2772 625">
    <p class='ocr_par' dir='ltr' id='par_1_4' title="bbox 770 542 2772 625">
     <span class='ocr_line' id='line_1_4' title="bbox 770 542 2772 625; baseline 0 -19"><span class='ocrx_word' id='word_1_11' title='bbox 770 542 1448 607; x_wconf 68' lang='lat' dir='ltr'><strong>coxsrrrunones</strong></span> <span class='ocrx_word' id='word_1_12' title='bbox 1497 542 2142 605; x_wconf 74' lang='lat' dir='ltr'><strong>WORMATIENSES</strong></span> <span class='ocrx_word' id='word_1_13' title='bbox 2185 543 2333 623; x_wconf 74' lang='lat' dir='ltr'><strong>(An.</strong></span> <span class='ocrx_word' id='word_1_14' title='bbox 2369 542 2518 623; x_wconf 75' lang='lat'><strong>829,</strong></span> <span class='ocrx_word' id='word_1_15' title='bbox 2551 544 2772 625; x_wconf 77' lang='lat' dir='ltr'><strong>Ang.).</strong></span> 
     </span>
    </p>
   </div>
   <div class='ocr_carea' id='block_1_5' title="bbox 1031 730 2539 792">
    <p class='ocr_par' dir='ltr' id='par_1_5' title="bbox 1031 730 2539 792">
     <span class='ocr_line' id='line_1_5' title="bbox 1031 730 2539 792; baseline -0.005 -1"><span class='ocrx_word' id='word_1_16' title='bbox 1031 735 1508 792; x_wconf 73' lang='lat' dir='ltr'><strong>EPISCOPOllUM</strong></span> <span class='ocrx_word' id='word_1_17' title='bbox 1545 736 1845 791; x_wconf 78' lang='lat' dir='ltr'><strong>RELATIO</strong></span> <span class='ocrx_word' id='word_1_18' title='bbox 1883 735 1976 790; x_wconf 85' lang='lat' dir='ltr'><strong>AD</strong></span> <span class='ocrx_word' id='word_1_19' title='bbox 2015 730 2539 790; x_wconf 75' lang='lat' dir='ltr'><strong>IMPERATOREM.</strong></span> 
     </span>
    </p>
   </div>
   <div class='ocr_carea' id='block_1_6' title="bbox 97 819 3431 901">
    <p class='ocr_par' dir='ltr' id='par_1_6' title="bbox 97 819 3431 901">
     <span class='ocr_line' id='line_1_6' title="bbox 97 819 3431 901; baseline -0.005 -8"><span class='ocrx_word' id='word_1_20' title='bbox 97 833 104 838; x_wconf 75' lang='grc'><em>’</em></span> <span class='ocrx_word' id='word_1_21' title='bbox 192 833 576 892; x_wconf 78' lang='lat' dir='ltr'><strong>Conventibus</strong></span> <span class='ocrx_word' id='word_1_22' title='bbox 599 839 826 901; x_wconf 84' lang='lat' dir='ltr'><strong>quatuor</strong></span> <span class='ocrx_word' id='word_1_23' title='bbox 857 829 1229 901; x_wconf 81' lang='lat' dir='ltr'><strong>episcoporum</strong></span> <span class='ocrx_word' id='word_1_24' title='bbox 1267 843 1450 882; x_wconf 75' lang='lat' dir='ltr'><strong>mense</strong></span> <span class='ocrx_word' id='word_1_25' title='bbox 1475 825 1636 901; x_wconf 85' lang='lat' dir='ltr'><strong>Juuio</strong></span> <span class='ocrx_word' id='word_1_26' title='bbox 1671 826 1891 901; x_wconf 81' lang='lat' dir='ltr'><strong>habitis,</strong></span> <span class='ocrx_word' id='word_1_27' title='bbox 1917 825 2346 901; x_wconf 67' lang='lat' dir='ltr'><strong>etactiseorum</strong></span> <span class='ocrx_word' id='word_1_28' title='bbox 2378 837 2442 876; x_wconf 73' lang='lat' dir='ltr'><strong>es</strong></span> <span class='ocrx_word' id='word_1_29' title='bbox 2466 821 2685 876; x_wconf 86' lang='lat' dir='ltr'><strong>decreto</strong></span> <span class='ocrx_word' id='word_1_30' title='bbox 2710 819 3056 901; x_wconf 74' lang='lat' dir='ltr'><strong>imperatoris</strong></span> <span class='ocrx_word' id='word_1_31' title='bbox 3088 820 3431 901; x_wconf 79' lang='lat' dir='ltr'><strong>conscriptis,</strong></span> 
     </span>
    </p>
   </div>
   <div class='ocr_carea' id='block_1_7' title="bbox 112 891 3432 976">
    <p class='ocr_par' dir='ltr' id='par_1_7' title="bbox 112 891 3432 976">
     <span class='ocr_line' id='line_1_7' title="bbox 112 891 3432 976; baseline -0.004 -15"><span class='ocrx_word' id='word_1_32' title='bbox 112 891 326 962; x_wconf 82' lang='lat' dir='ltr'><strong>mense</strong></span> <span class='ocrx_word' id='word_1_33' title='bbox 354 907 596 976; x_wconf 78' lang='lat' dir='ltr'><strong>Augusto</strong></span> <span class='ocrx_word' id='word_1_34' title='bbox 618 891 1233 976; x_wconf 51' lang='lat' dir='ltr'><strong>genemlis&#39;\_Vorin:iti:1-:</strong></span> <span class='ocrx_word' id='word_1_35' title='bbox 1263 908 1563 953; x_wconf 87' lang='lat' dir='ltr'><strong>conventus</strong></span> <span class='ocrx_word' id='word_1_36' title='bbox 1597 899 1943 976; x_wconf 65' lang='lat' dir='ltr'><strong>habitusest.</strong></span> <span class='ocrx_word' id='word_1_37' title='bbox 1974 897 2054 976; x_wconf 74' lang='lat' dir='ltr'><strong>lbi</strong></span> <span class='ocrx_word' id='word_1_38' title='bbox 2078 897 2312 976; x_wconf 67' lang='lat' dir='ltr'><strong>primum</strong></span> <span class='ocrx_word' id='word_1_39' title='bbox 2349 902 2468 976; x_wconf 79' lang='lat' dir='ltr'><strong>acta</strong></span> <span class='ocrx_word' id='word_1_40' title='bbox 2501 902 2736 974; x_wconf 74' lang='lat' dir='ltr'><strong>quatuor</strong></span> <span class='ocrx_word' id='word_1_41' title='bbox 2773 900 3137 976; x_wconf 76' lang='lat' dir='ltr'><strong>conventuum</strong></span> <span class='ocrx_word' id='word_1_42' title='bbox 3181 891 3240 976; x_wconf 67' lang='lat' dir='ltr'><strong>in</strong></span> <span class='ocrx_word' id='word_1_43' title='bbox 3266 907 3432 947; x_wconf 90' lang='lat' dir='ltr'><strong>unum</strong></span> 
     </span>
    </p>
   </div>
   <div class='ocr_carea' id='block_1_8' title="bbox 114 962 3432 1054">
    <p class='ocr_par' dir='ltr' id='par_1_8' title="bbox 114 962 3432 1054">
     <span class='ocr_line' id='line_1_8' title="bbox 114 962 3432 1054; baseline -0.005 -24"><span class='ocrx_word' id='word_1_44' title='bbox 114 976 361 1032; x_wconf 85' lang='lat' dir='ltr'><strong>redacta</strong></span> <span class='ocrx_word' id='word_1_45' title='bbox 374 962 544 1054; x_wconf 58' lang='lat' dir='ltr'><strong>afﬁne</strong></span> <span class='ocrx_word' id='word_1_46' title='bbox 570 962 883 1054; x_wconf 65' lang='lat' dir='ltr'><strong>imperatori</strong></span> <span class='ocrx_word' id='word_1_47' title='bbox 909 972 976 1025; x_wconf 88' lang='lat' dir='ltr'><strong>ab</strong></span> <span class='ocrx_word' id='word_1_48' title='bbox 1003 970 1556 1054; x_wconf 42' lang='lat' dir='ltr'><strong>episcopis-porrecta</strong></span> <span class='ocrx_word' id='word_1_49' title='bbox 1576 977 1724 1022; x_wconf 88' lang='lat' dir='ltr'><strong>sunt.</strong></span> <span class='ocrx_word' id='word_1_50' title='bbox 1754 967 1916 1023; x_wconf 86' lang='lat' dir='ltr'><strong>Liber</strong></span> <span class='ocrx_word' id='word_1_51' title='bbox 1953 962 2092 1049; x_wconf 69' lang='lat' dir='ltr'><strong>satis</strong></span> <span class='ocrx_word' id='word_1_52' title='bbox 2108 966 2349 1037; x_wconf 77' lang='lat' dir='ltr'><strong>prolixus</strong></span> <span class='ocrx_word' id='word_1_53' title='bbox 2381 973 2437 1017; x_wconf 91' lang='lat' dir='ltr'><strong>et</strong></span> <span class='ocrx_word' id='word_1_54' title='bbox 2466 963 2757 1044; x_wconf 78' lang='lat' dir='ltr'><strong>maximam</strong></span> <span class='ocrx_word' id='word_1_55' title='bbox 2791 971 3005 1054; x_wconf 66' lang='lat' dir='ltr'><strong>partem</strong></span> <span class='ocrx_word' id='word_1_56' title='bbox 3034 977 3100 1054; x_wconf 59' lang='lat' dir='ltr'><strong>enx</strong></span> <span class='ocrx_word' id='word_1_57' title='bbox 3127 962 3275 1054; x_wconf 34' lang='lat' dir='ltr'><strong>oaet’i‘s</strong></span> <span class='ocrx_word' id='word_1_58' title='bbox 3301 978 3432 1054; x_wconf 62' lang='lat' dir='ltr'><strong>cpn-</strong></span> 
     </span>
    </p>
   </div>
   <div class='ocr_carea' id='block_1_9' title="bbox 113 1030 3436 1111">
    <p class='ocr_par' dir='ltr' id='par_1_9' title="bbox 113 1030 3436 1111">
     <span class='ocr_line' id='line_1_9' title="bbox 113 1030 3436 1111; baseline -0.003 -14"><span class='ocrx_word' id='word_1_59' title='bbox 113 1030 358 1102; x_wconf 24' lang='lat' dir='ltr'><strong>ventusi</strong></span> <span class='ocrx_word' id='word_1_60' title='bbox 374 1030 692 1100; x_wconf 69' lang='lat' dir='ltr'><strong>Parisiensis</strong></span> <span class='ocrx_word' id='word_1_61' title='bbox 730 1042 996 1111; x_wconf 83' lang='lat' dir='ltr'><strong>hodieque</strong></span> <span class='ocrx_word' id='word_1_62' title='bbox 1033 1030 1402 1111; x_wconf 72' lang='lat' dir='ltr'><strong>exstantibus,</strong></span> <span class='ocrx_word' id='word_1_63' title='bbox 1441 1039 1633 1095; x_wconf 83' lang='lat' dir='ltr'><strong>ordine</strong></span> <span class='ocrx_word' id='word_1_64' title='bbox 1669 1047 1850 1093; x_wconf 87' lang='lat' dir='ltr'><strong>tamen</strong></span> <span class='ocrx_word' id='word_1_65' title='bbox 1894 1030 2124 1111; x_wconf 75' lang='lat' dir='ltr'><strong>penitus</strong></span> <span class='ocrx_word' id='word_1_66' title='bbox 2150 1043 2359 1111; x_wconf 79' lang='lat' dir='ltr'><strong>mutato</strong></span> <span class='ocrx_word' id='word_1_67' title='bbox 2397 1034 2769 1111; x_wconf 58' lang='lat' dir='ltr'><strong>compositus,</strong></span> <span class='ocrx_word' id='word_1_68' title='bbox 2791 1030 2880 1111; x_wconf 79' lang='lat' dir='ltr'><strong>hic</strong></span> <span class='ocrx_word' id='word_1_69' title='bbox 2916 1030 3436 1111; x_wconf 71' lang='lat' dir='ltr'><strong>beneficiocodicis</strong></span> 
     </span>
    </p>
   </div>
   <div class='ocr_carea' id='block_1_10' title="bbox 113 1102 3438 1184">
    <p class='ocr_par' dir='ltr' id='par_1_10' title="bbox 113 1102 3438 1184">
     <span class='ocr_line' id='line_1_10' title="bbox 113 1102 3438 1184; baseline -0.005 -11"><span class='ocrx_word' id='word_1_70' title='bbox 113 1117 374 1172; x_wconf 84' lang='lat' dir='ltr'><strong>Gotbani</strong></span> <span class='ocrx_word' id='word_1_71' title='bbox 405 1130 530 1171; x_wconf 71' lang='lat' dir='ltr'><strong>saec.</strong></span> <span class='ocrx_word' id='word_1_72' title='bbox 568 1131 624 1168; x_wconf 79' lang='grc' dir='ltr'>ιι</span> <span class='ocrx_word' id='word_1_73' title='bbox 663 1115 837 1184; x_wconf 88' lang='lat' dir='ltr'><strong>prima</strong></span> <span class='ocrx_word' id='word_1_74' title='bbox 875 1102 995 1167; x_wconf 80' lang='lat' dir='ltr'><strong>vice</strong></span> <span class='ocrx_word' id='word_1_75' title='bbox 1029 1111 1236 1184; x_wconf 84' lang='lat' dir='ltr'><strong>integer</strong></span> <span class='ocrx_word' id='word_1_76' title='bbox 1259 1102 1456 1184; x_wconf 82' lang='lat' dir='ltr'><strong>prodit,</strong></span> <span class='ocrx_word' id='word_1_77' title='bbox 1485 1126 1609 1184; x_wconf 82' lang='lat' dir='ltr'><strong>cum</strong></span> <span class='ocrx_word' id='word_1_78' title='bbox 1630 1102 2046 1184; x_wconf 53' lang='grc' dir='ltr'><strong>Δειῐιιεεει-ηόηῐιὶςιί</strong></span> <span class='ocrx_word' id='word_1_79' title='bbox 2077 1107 2344 1184; x_wconf 69' lang='lat' dir='ltr'><strong>posterior</strong></span> <span class='ocrx_word' id='word_1_80' title='bbox 2365 1104 2501 1184; x_wconf 85' lang='lat' dir='ltr'><strong>_ejus</strong></span> <span class='ocrx_word' id='word_1_81' title='bbox 2525 1102 2667 1174; x_wconf 88' lang='lat' dir='ltr'><strong>pars</strong></span> <span class='ocrx_word' id='word_1_82' title='bbox 2692 1107 2792 1160; x_wconf 87' lang='lat' dir='ltr'><strong>sub</strong></span> <span class='ocrx_word' id='word_1_83' title='bbox 2835 1104 2994 1184; x_wconf 79' lang='lat' dir='ltr'><strong>titulo</strong></span> <span class='ocrx_word' id='word_1_84' title='bbox 3023 1102 3330 1184; x_wconf 56' lang='lat' dir='ltr'><strong>Additions</strong></span> <span class='ocrx_word' id='word_1_85' title='bbox 3354 1118 3438 1184; x_wconf 75' lang='lat' dir='ltr'><strong>se-</strong></span> 
     </span>
    </p>
   </div>
   <div class='ocr_carea' id='block_1_11' title="bbox 115 1171 3437 1263">
    <p class='ocr_par' dir='ltr' id='par_1_11' title="bbox 115 1171 3437 1263">
     <span class='ocr_line' id='line_1_11' title="bbox 115 1171 3437 1263; baseline -0.004 -22"><span class='ocrx_word' id='word_1_86' title='bbox 115 1171 328 1244; x_wconf 52' lang='lat' dir='ltr'><strong>cundae</strong></span> <span class='ocrx_word' id='word_1_87' title='bbox 353 1190 418 1242; x_wconf 89' lang='lat' dir='ltr'><strong>ad</strong></span> <span class='ocrx_word' id='word_1_88' title='bbox 447 1171 720 1242; x_wconf 73' lang='lat' dir='ltr'><strong>Benedicti</strong></span> <span class='ocrx_word' id='word_1_89' title='bbox 751 1184 917 1239; x_wconf 90' lang='lat' dir='ltr'><strong>libros</strong></span> <span class='ocrx_word' id='word_1_90' title='bbox 934 1171 1311 1263; x_wconf 63' lang='lat' dir='ltr'><strong>capitulariuin</strong></span> <span class='ocrx_word' id='word_1_91' title='bbox 1336 1171 1548 1263; x_wconf 68' lang='lat' dir='ltr'><strong>vulgata</strong></span> <span class='ocrx_word' id='word_1_92' title='bbox 1569 1179 1780 1263; x_wconf 69' lang='lat' dir='ltr'><strong>fuisset.</strong></span> <span class='ocrx_word' id='word_1_93' title='bbox 1804 1171 2218 1263; x_wconf 57' lang='lat' dir='ltr'><strong>memin&#39;cuni</strong></span> <span class='ocrx_word' id='word_1_94' title='bbox 2236 1171 2680 1263; x_wconf 12' lang='lat' dir='ltr'><strong>pluri‘magessent</strong></span> <span class='ocrx_word' id='word_1_95' title='bbox 2702 1191 2823 1263; x_wconf 64' lang='lat' dir='ltr'><strong>qua:</strong></span> <span class='ocrx_word' id='word_1_96' title='bbox 3100 1171 3437 1263; x_wconf 52' lang='lat' dir='ltr'><strong>flagigrent,</strong></span> 
     </span>
    </p>
   </div>
   <div class='ocr_carea' id='block_1_12' title="bbox 116 1243 3438 1327">
    <p class='ocr_par' dir='ltr' id='par_1_12' title="bbox 116 1243 3438 1327">
     <span class='ocr_line' id='line_1_12' title="bbox 116 1243 3438 1327; baseline -0.005 -15"><span class='ocrx_word' id='word_1_97' title='bbox 116 1273 361 1327; x_wconf 67' lang='lat' dir='ltr'><strong>parvam</strong></span> <span class='ocrx_word' id='word_1_98' title='bbox 392 1265 602 1312; x_wconf 91' lang='lat' dir='ltr'><strong>tantum</strong></span> <span class='ocrx_word' id='word_1_99' title='bbox 626 1270 812 1310; x_wconf 91' lang='lat' dir='ltr'><strong>eorum</strong></span> <span class='ocrx_word' id='word_1_100' title='bbox 830 1243 1042 1327; x_wconf 79' lang='lat' dir='ltr'><strong>partem</strong></span> <span class='ocrx_word' id='word_1_101' title='bbox 1076 1259 1136 1327; x_wconf 85' lang='lat' dir='ltr'><strong>ut</strong></span> <span class='ocrx_word' id='word_1_102' title='bbox 1162 1251 1396 1327; x_wconf 80' lang='lat' dir='ltr'><strong>capitula</strong></span> <span class='ocrx_word' id='word_1_103' title='bbox 1422 1243 1570 1327; x_wconf 68' lang='lat' dir='ltr'><strong>infra</strong></span> <span class='ocrx_word' id='word_1_104' title='bbox 1600 1251 1803 1327; x_wconf 81' lang='lat' dir='ltr'><strong>edenda</strong></span> <span class='ocrx_word' id='word_1_105' title='bbox 1833 1250 2208 1327; x_wconf 78' lang='lat' dir='ltr'><strong>demonstrant</strong></span> <span class='ocrx_word' id='word_1_106' title='bbox 2234 1243 2690 1327; x_wconf 82' lang='lat' dir='ltr'><strong>impetraverunt;</strong></span> <span class='ocrx_word' id='word_1_107' title='bbox 2723 1243 2808 1327; x_wconf 72' lang='lat' dir='ltr'><strong>ita</strong></span> <span class='ocrx_word' id='word_1_108' title='bbox 2853 1243 2912 1326; x_wconf 73' lang='lat' dir='ltr'><strong>ut</strong></span> <span class='ocrx_word' id='word_1_109' title='bbox 2944 1245 3028 1327; x_wconf 61' lang='lat' dir='ltr'><strong>vel</strong></span> <span class='ocrx_word' id='word_1_110' title='bbox 3064 1260 3207 1327; x_wconf 80' lang='lat' dir='ltr'><strong>anno</strong></span> <span class='ocrx_word' id='word_1_111' title='bbox 3380 1244 3438 1297; x_wconf 92' lang='lat' dir='ltr'><strong>iu</strong></span> 
     </span>
    </p>
   </div>
   <div class='ocr_carea' id='block_1_13' title="bbox 119 1313 3442 1397">
    <p class='ocr_par' dir='ltr' id='par_1_13' title="bbox 119 1313 3442 1397">
     <span class='ocr_line' id='line_1_13' title="bbox 119 1313 3442 1397; baseline -0.004 -16"><span class='ocrx_word' id='word_1_112' title='bbox 119 1313 406 1384; x_wconf 55' lang='lat' dir='ltr'><strong>Z‘o&#39;nventu</strong></span> <span class='ocrx_word' id='word_1_113' title='bbox 435 1313 861 1397; x_wconf 66' lang='lat' dir='ltr'><strong>Aquisgranens&#39;i</strong></span> <span class='ocrx_word' id='word_1_114' title='bbox 889 1323 1057 1378; x_wconf 88' lang='lat' dir='ltr'><strong>multa</strong></span> <span class='ocrx_word' id='word_1_115' title='bbox 1095 1313 1254 1397; x_wconf 75' lang='lat' dir='ltr'><strong>h_ujus</strong></span> <span class='ocrx_word' id='word_1_116' title='bbox 1270 1321 1560 1397; x_wconf 70' lang='lat' dir='ltr'><strong>petitionis</strong></span> <span class='ocrx_word' id='word_1_117' title='bbox 1590 1321 1774 1397; x_wconf 73' lang='lat' dir='ltr'><strong>capita</strong></span> <span class='ocrx_word' id='word_1_118' title='bbox 1811 1321 2022 1397; x_wconf 41' lang='grc' dir='ltr'><strong>κεδρίη-</strong></span> <span class='ocrx_word' id='word_1_119' title='bbox 2041 1320 2219 1397; x_wconf 81' lang='lat' dir='ltr'><strong>verbis</strong></span> <span class='ocrx_word' id='word_1_120' title='bbox 2242 1313 2460 1397; x_wconf 64' lang='lat' dir='ltr'><strong>iterum</strong></span> <span class='ocrx_word' id='word_1_121' title='bbox 2496 1315 2843 1397; x_wconf 68' lang='lat' dir='ltr'><strong>proponenda</strong></span> <span class='ocrx_word' id='word_1_122' title='bbox 2868 1313 3216 1397; x_wconf 42' lang='lat' dir='ltr'><strong>iudicarent.</strong></span> <span class='ocrx_word' id='word_1_123' title='bbox 3247 1315 3343 1397; x_wconf 74' lang='lat' dir='ltr'><strong>sed</strong></span> <span class='ocrx_word' id='word_1_124' title='bbox 3378 1328 3442 1394; x_wconf 70' lang='lat' dir='ltr'><strong>ea</strong></span> 
     </span>
    </p>
   </div>
   <div class='ocr_carea' id='block_1_14' title="bbox 117 1383 3442 1523">
    <p class='ocr_par' dir='ltr' id='par_1_14' title="bbox 117 1383 3442 1523">
     <span class='ocr_line' id='line_1_14' title="bbox 161 1383 3442 1470; baseline -0.005 -16"><span class='ocrx_word' id='word_1_125' title='bbox 161 1383 356 1470; x_wconf 81' lang='lat' dir='ltr'><strong>noque</strong></span> <span class='ocrx_word' id='word_1_126' title='bbox 396 1383 517 1464; x_wconf 58' lang='lat' dir='ltr'><strong>qua?</strong></span> <span class='ocrx_word' id='word_1_127' title='bbox 546 1383 653 1452; x_wconf 74' lang='grc' dir='ltr'>ηοῖι</span> <span class='ocrx_word' id='word_1_128' title='bbox 694 1396 1066 1458; x_wconf 90' lang='lat' dir='ltr'><strong>obtinuerunt,</strong></span> <span class='ocrx_word' id='word_1_129' title='bbox 1113 1383 1314 1449; x_wconf 75' lang='lat' dir='ltr'><strong>Ebonis</strong></span> <span class='ocrx_word' id='word_1_130' title='bbox 1341 1401 1454 1446; x_wconf 91' lang='lat' dir='ltr'><strong>tum</strong></span> <span class='ocrx_word' id='word_1_131' title='bbox 1484 1383 1808 1446; x_wconf 76' lang='lat' dir='ltr'><strong>Parisiensis</strong></span> <span class='ocrx_word' id='word_1_132' title='bbox 1834 1391 2023 1462; x_wconf 80' lang='lat' dir='ltr'><strong>synodi</strong></span> <span class='ocrx_word' id='word_1_133' title='bbox 2102 1390 2311 1446; x_wconf 67' lang='lat' dir='ltr'><strong>rzesidis</strong></span> <span class='ocrx_word' id='word_1_134' title='bbox 2347 1383 2843 1458; x_wconf 51' lang='lat' dir='ltr'><strong>moxque—rebellis</strong></span> <span class='ocrx_word' id='word_1_135' title='bbox 2869 1383 3138 1442; x_wconf 83' lang='lat' dir='ltr'><strong>factionis</strong></span> <span class='ocrx_word' id='word_1_136' title='bbox 3174 1383 3442 1457; x_wconf 79' lang='lat' dir='ltr'><strong>signiferi,</strong></span> 
     </span>
     <span class='ocr_line' id='line_1_15' title="bbox 117 1406 2327 1523; baseline -0.005 0"><span class='ocrx_word' id='word_1_137' title='bbox 117 1415 431 1523; x_wconf 56' lang='lat' dir='ltr'><strong>Raobardi.</strong></span> <span class='ocrx_word' id='word_1_138' title='bbox 463 1475 896 1523; x_wconf 72' lang='lat' dir='ltr'><strong>cmterorumaue</strong></span> <span class='ocrx_word' id='word_1_139' title='bbox 920 1465 1293 1523; x_wconf 88' lang='lat' dir='ltr'><strong>enisconorum</strong></span> <span class='ocrx_word' id='word_1_140' title='bbox 1320 1463 1560 1518; x_wconf 86' lang='lat' dir='ltr'><strong>animum</strong></span> <span class='ocrx_word' id='word_1_141' title='bbox 1583 1462 1638 1519; x_wconf 81' lang='lat' dir='ltr'><strong>et</strong></span> <span class='ocrx_word' id='word_1_142' title='bbox 1669 1461 1894 1518; x_wconf 90' lang='lat' dir='ltr'><strong>consilia</strong></span> <span class='ocrx_word' id='word_1_143' title='bbox 1917 1406 2252 1523; x_wconf 54' lang='lat' dir='ltr'><strong>natcgciunt</strong></span> <span class='ocrx_word' id='word_1_144' title='bbox 2277 1473 2327 1513; x_wconf 75' lang='grc' dir='ltr'><strong>ι.</strong></span> 
     </span>
    </p>
   </div>
   <div class='ocr_carea' id='block_1_15' title="bbox 172 1461 2042 1539">
    <p class='ocr_par' dir='ltr' id='par_1_15' title="bbox 172 1461 2042 1539">
     <span class='ocr_line' id='line_1_16' title="bbox 172 1461 2042 1539; baseline -0.006 -12"><span class='ocrx_word' id='word_1_145' title='bbox 172 1461 431 1539; x_wconf 75' lang='lat' dir='ltr'><strong>gobardi,</strong></span> <span class='ocrx_word' id='word_1_146' title='bbox 463 1475 896 1535; x_wconf 72' lang='lat' dir='ltr'><strong>cmterorumque</strong></span> <span class='ocrx_word' id='word_1_147' title='bbox 920 1465 1293 1537; x_wconf 88' lang='lat' dir='ltr'><strong>episcoporum</strong></span> <span class='ocrx_word' id='word_1_148' title='bbox 1320 1463 1560 1518; x_wconf 86' lang='lat' dir='ltr'><strong>animum</strong></span> <span class='ocrx_word' id='word_1_149' title='bbox 1583 1462 1638 1519; x_wconf 81' lang='lat' dir='ltr'><strong>et</strong></span> <span class='ocrx_word' id='word_1_150' title='bbox 1669 1461 1894 1518; x_wconf 88' lang='lat' dir='ltr'><strong>consilia</strong></span> <span class='ocrx_word' id='word_1_151' title='bbox 1917 1470 2042 1532; x_wconf 88' lang='lat' dir='ltr'><strong>pate</strong></span> 
     </span>
    </p>
   </div>
   <div class='ocr_carea' id='block_1_16' title="bbox 353 1565 1582 1637">
    <p class='ocr_par' dir='ltr' id='par_1_16' title="bbox 353 1565 1582 1637">
     <span class='ocr_line' id='line_1_17' title="bbox 353 1565 1582 1637; baseline -0.003 -3"><span class='ocrx_word' id='word_1_152' title='bbox 353 1575 798 1637; x_wconf 76' lang='lat' dir='ltr'><strong>RESCRIPTUM</strong></span> <span class='ocrx_word' id='word_1_153' title='bbox 836 1575 851 1606; x_wconf 78' lang='grc'>⁸</span> <span class='ocrx_word' id='word_1_154' title='bbox 891 1572 1488 1631; x_wconf 81' lang='lat' dir='ltr'><strong>CONSULTATIONIS</strong></span> <span class='ocrx_word' id='word_1_155' title='bbox 1571 1565 1582 1577; x_wconf 84' lang='grc'><em>’</em></span> 
     </span>
    </p>
   </div>
   <div class='ocr_carea' id='block_1_17' title="bbox 117 1681 1229 1726">
    <p class='ocr_par' dir='ltr' id='par_1_17' title="bbox 117 1681 1229 1726">
     <span class='ocr_line' id='line_1_18' title="bbox 117 1681 1229 1726; baseline -0.004 0"><span class='ocrx_word' id='word_1_156' title='bbox 117 1685 251 1726; x_wconf 69' lang='grc' dir='ltr'><strong>θίγε</strong></span> <span class='ocrx_word' id='word_1_157' title='bbox 297 1683 701 1726; x_wconf 62' lang='grc' dir='ltr'><strong>ειοιιτλτιοκιδ</strong></span> <span class='ocrx_word' id='word_1_158' title='bbox 749 1681 1112 1722; x_wconf 72' lang='grc' dir='ltr'><strong>εριδεονοειωι</strong></span> <span class='ocrx_word' id='word_1_159' title='bbox 1162 1683 1229 1722; x_wconf 79' lang='grc' dir='ltr'><strong>ΑΙ)</strong></span> 
     </span>
    </p>
   </div>
   <div class='ocr_carea' id='block_1_18' title="bbox 637 1753 1256 1810">
    <p class='ocr_par' dir='ltr' id='par_1_18' title="bbox 637 1753 1256 1810">
     <span class='ocr_line' id='line_1_19' title="bbox 637 1753 1256 1810; baseline -0.003 -17"><span class='ocrx_word' id='word_1_160' title='bbox 637 1754 834 1810; x_wconf 65' lang='grc' dir='ltr'><strong>πιευι,</strong></span> <span class='ocrx_word' id='word_1_161' title='bbox 848 1753 1256 1794; x_wconf 70' lang='lat' dir='ltr'><strong>IIPERATOIIEI.</strong></span> 
     </span>
    </p>
   </div>
   <div class='ocr_carea' id='block_1_19' title="bbox 196 1847 1746 1921">
    <p class='ocr_par' dir='ltr' id='par_1_19' title="bbox 196 1847 1746 1921">
     <span class='ocr_line' id='line_1_20' title="bbox 196 1847 1746 1921; baseline -0.004 -14"><span class='ocrx_word' id='word_1_162' title='bbox 196 1851 440 1907; x_wconf 88' lang='lat' dir='ltr'><strong>Domino</strong></span> <span class='ocrx_word' id='word_1_163' title='bbox 454 1851 482 1891; x_wconf 71' lang='grc' dir='ltr'><strong>ι’</strong></span> <span class='ocrx_word' id='word_1_164' title='bbox 497 1847 967 1921; x_wconf 88' lang='lat' dir='ltr'><strong>praestantissimo</strong></span> <span class='ocrx_word' id='word_1_165' title='bbox 990 1855 1045 1904; x_wconf 92' lang='lat' dir='ltr'><strong>et</strong></span> <span class='ocrx_word' id='word_1_166' title='bbox 1064 1847 1282 1917; x_wconf 89' lang='lat' dir='ltr'><strong>pietatis</strong></span> <span class='ocrx_word' id='word_1_167' title='bbox 1307 1848 1477 1918; x_wconf 88' lang='lat' dir='ltr'><strong>gratia</strong></span> <span class='ocrx_word' id='word_1_168' title='bbox 1497 1847 1746 1919; x_wconf 89' lang='lat' dir='ltr'><strong>praedito</strong></span> 
     </span>
    </p>
   </div>
   <div class='ocr_carea' id='block_1_20' title="bbox 122 1937 1746 2009">
    <p class='ocr_par' dir='ltr' id='par_1_20' title="bbox 122 1937 1746 2009">
     <span class='ocr_line' id='line_1_21' title="bbox 122 1937 1746 2009; baseline -0.001 -13"><span class='ocrx_word' id='word_1_169' title='bbox 122 1942 457 1999; x_wconf 75' lang='lat' dir='ltr'><strong>llludovvico</strong></span> <span class='ocrx_word' id='word_1_170' title='bbox 477 1941 744 1997; x_wconf 79' lang='lat' dir='ltr'><strong>ortodoxo</strong></span> <span class='ocrx_word' id='word_1_171' title='bbox 780 1947 943 2009; x_wconf 89' lang='lat' dir='ltr'><strong>atque</strong></span> <span class='ocrx_word' id='word_1_172' title='bbox 968 1938 1325 1994; x_wconf 89' lang='lat' dir='ltr'><strong>invictissimo</strong></span> <span class='ocrx_word' id='word_1_173' title='bbox 1347 1947 1596 2009; x_wconf 88' lang='lat' dir='ltr'><strong>augusto.</strong></span> <span class='ocrx_word' id='word_1_174' title='bbox 1635 1937 1746 1994; x_wconf 85' lang='lat' dir='ltr'><strong>Nos</strong></span> 
     </span>
    </p>
   </div>
   <div class='ocr_carea' id='block_1_21' title="bbox 119 2026 1746 2098">
    <p class='ocr_par' dir='ltr' id='par_1_21' title="bbox 119 2026 1746 2098">
     <span class='ocr_line' id='line_1_22' title="bbox 119 2026 1746 2098; baseline -0.001 -14"><span class='ocrx_word' id='word_1_175' title='bbox 119 2030 326 2086; x_wconf 88' lang='lat' dir='ltr'><strong>famuli</strong></span> <span class='ocrx_word' id='word_1_176' title='bbox 363 2030 532 2086; x_wconf 88' lang='lat' dir='ltr'><strong>vestri</strong></span> <span class='ocrx_word' id='word_1_177' title='bbox 553 2027 811 2098; x_wconf 70' lang='lat' dir='ltr'><strong>quamvis</strong></span> <span class='ocrx_word' id='word_1_178' title='bbox 844 2026 1085 2098; x_wconf 90' lang='lat' dir='ltr'><strong>indigni,</strong></span> <span class='ocrx_word' id='word_1_179' title='bbox 1133 2033 1316 2081; x_wconf 88' lang='lat' dir='ltr'><strong>tamen</strong></span> <span class='ocrx_word' id='word_1_180' title='bbox 1345 2027 1604 2097; x_wconf 86' lang='lat' dir='ltr'><strong>episcopi,</strong></span> <span class='ocrx_word' id='word_1_181' title='bbox 1633 2027 1746 2083; x_wconf 91' lang='lat' dir='ltr'><strong>Deo</strong></span> 
     </span>
    </p>
   </div>
   <div class='ocr_carea' id='block_1_22' title="bbox 121 2118 1745 2193">
    <p class='ocr_par' dir='ltr' id='par_1_22' title="bbox 121 2118 1745 2193">
     <span class='ocr_line' id='line_1_23' title="bbox 121 2118 1745 2193; baseline -0.003 -14"><span class='ocrx_word' id='word_1_182' title='bbox 121 2124 416 2179; x_wconf 77' lang='lat' dir='ltr'><strong>humiliter</strong></span> <span class='ocrx_word' id='word_1_183' title='bbox 477 2128 660 2193; x_wconf 86' lang='lat' dir='ltr'><strong>grates</strong></span> <span class='ocrx_word' id='word_1_184' title='bbox 709 2118 1107 2191; x_wconf 74' lang='lat' dir='ltr'><strong>persolvimus,</strong></span> <span class='ocrx_word' id='word_1_185' title='bbox 1164 2118 1392 2190; x_wconf 88' lang='lat' dir='ltr'><strong>eiusque</strong></span> <span class='ocrx_word' id='word_1_186' title='bbox 1444 2120 1745 2174; x_wconf 80' lang='lat' dir='ltr'><strong>inmensam</strong></span> 
     </span>
    </p>
   </div>
   <div class='ocr_carea' id='block_1_23' title="bbox 119 2213 1749 2287">
    <p class='ocr_par' dir='ltr' id='par_1_23' title="bbox 119 2213 1749 2287">
     <span class='ocr_line' id='line_1_24' title="bbox 119 2213 1749 2287; baseline -0.001 -16"><span class='ocrx_word' id='word_1_187' title='bbox 119 2219 398 2286; x_wconf 77' lang='lat' dir='ltr'><strong>pietatem</strong></span> <span class='ocrx_word' id='word_1_188' title='bbox 432 2224 487 2272; x_wconf 91' lang='lat' dir='ltr'><strong>et</strong></span> <span class='ocrx_word' id='word_1_189' title='bbox 523 2215 917 2287; x_wconf 76' lang='lat' dir='ltr'><strong>benignitatem</strong></span> <span class='ocrx_word' id='word_1_190' title='bbox 955 2213 1346 2270; x_wconf 88' lang='lat' dir='ltr'><strong>conlaudamus</strong></span> <span class='ocrx_word' id='word_1_191' title='bbox 1387 2221 1441 2270; x_wconf 91' lang='lat' dir='ltr'><strong>et</strong></span> <span class='ocrx_word' id='word_1_192' title='bbox 1467 2215 1749 2284; x_wconf 83' lang='lat' dir='ltr'><strong>praedica-</strong></span> 
     </span>
    </p>
   </div>
   <div class='ocr_carea' id='block_1_24' title="bbox 123 2303 1749 2375">
    <p class='ocr_par' dir='ltr' id='par_1_24' title="bbox 123 2303 1749 2375">
     <span class='ocr_line' id='line_1_25' title="bbox 123 2303 1749 2375; baseline -0.002 -15"><span class='ocrx_word' id='word_1_193' title='bbox 123 2320 279 2370; x_wconf 82' lang='lat' dir='ltr'><strong>mus,</strong></span> <span class='ocrx_word' id='word_1_194' title='bbox 313 2305 411 2375; x_wconf 89' lang='lat' dir='ltr'><strong>qui</strong></span> <span class='ocrx_word' id='word_1_195' title='bbox 435 2319 532 2360; x_wconf 88' lang='lat' dir='ltr'><strong>vos</strong></span> <span class='ocrx_word' id='word_1_196' title='bbox 557 2305 697 2361; x_wconf 89' lang='lat' dir='ltr'><strong>adeo</strong></span> <span class='ocrx_word' id='word_1_197' title='bbox 733 2304 789 2358; x_wconf 92' lang='lat' dir='ltr'><strong>in</strong></span> <span class='ocrx_word' id='word_1_198' title='bbox 832 2303 916 2358; x_wconf 91' lang='lat' dir='ltr'><strong>sui</strong></span> <span class='ocrx_word' id='word_1_199' title='bbox 956 2317 1200 2358; x_wconf 86' lang='lat' dir='ltr'><strong>amorem</strong></span> <span class='ocrx_word' id='word_1_200' title='bbox 1237 2303 1644 2359; x_wconf 88' lang='lat' dir='ltr'><strong>devotissimum</strong></span> <span class='ocrx_word' id='word_1_201' title='bbox 1668 2303 1749 2358; x_wconf 86' lang='lat' dir='ltr'><strong>fa-</strong></span> 
     </span>
    </p>
   </div>
   <div class='ocr_carea' id='block_1_25' title="bbox 1275 1681 1743 1723">
    <p class='ocr_par' dir='ltr' id='par_1_25' title="bbox 1275 1681 1743 1723">
     <span class='ocr_line' id='line_1_26' title="bbox 1275 1681 1743 1723; baseline -0.002 0"><span class='ocrx_word' id='word_1_202' title='bbox 1275 1681 1494 1723; x_wconf 66' lang='grc' dir='ltr'><strong>υοιικυιι</strong></span> <span class='ocrx_word' id='word_1_203' title='bbox 1540 1681 1743 1722; x_wconf 75' lang='grc' dir='ltr'><strong>ιιιυυο-</strong></span> 
     </span>
    </p>
   </div>
   <div class='ocr_carea' id='block_1_26' title="bbox 121 2394 1750 2468">
    <p class='ocr_par' dir='ltr' id='par_1_26' title="bbox 121 2394 1750 2468">
     <span class='ocr_line' id='line_1_27' title="bbox 121 2394 1750 2468; baseline -0.002 -15"><span class='ocrx_word' id='word_1_204' title='bbox 121 2397 351 2453; x_wconf 80' lang='lat' dir='ltr'><strong>mulum</strong></span> <span class='ocrx_word' id='word_1_205' title='bbox 377 2412 535 2453; x_wconf 87' lang='lat' dir='ltr'><strong>suum</strong></span> <span class='ocrx_word' id='word_1_206' title='bbox 559 2395 798 2468; x_wconf 83' lang='lat' dir='ltr'><strong>ﬁagrare&#39;</strong></span> <span class='ocrx_word' id='word_1_207' title='bbox 824 2394 974 2461; x_wconf 91' lang='lat' dir='ltr'><strong>facit,</strong></span> <span class='ocrx_word' id='word_1_208' title='bbox 1001 2402 1060 2450; x_wconf 89' lang='lat' dir='ltr'><strong>ut</strong></span> <span class='ocrx_word' id='word_1_209' title='bbox 1097 2395 1163 2451; x_wconf 89' lang='lat' dir='ltr'><strong>de</strong></span> <span class='ocrx_word' id='word_1_210' title='bbox 1184 2394 1426 2466; x_wconf 88' lang='lat' dir='ltr'><strong>profectu</strong></span> <span class='ocrx_word' id='word_1_211' title='bbox 1462 2403 1517 2452; x_wconf 93' lang='lat' dir='ltr'><strong>et</strong></span> <span class='ocrx_word' id='word_1_212' title='bbox 1542 2396 1750 2452; x_wconf 80' lang='lat' dir='ltr'><strong>exalta-</strong></span> 
     </span>
    </p>
   </div>
   <div class='ocr_carea' id='block_1_27' title="bbox 121 2485 1744 2557">
    <p class='ocr_par' dir='ltr' id='par_1_27' title="bbox 121 2485 1744 2557">
     <span class='ocr_line' id='line_1_28' title="bbox 121 2485 1744 2557; baseline 0.001 -16"><span class='ocrx_word' id='word_1_213' title='bbox 121 2488 288 2542; x_wconf 88' lang='lat' dir='ltr'><strong>tione</strong></span> <span class='ocrx_word' id='word_1_214' title='bbox 322 2494 548 2543; x_wconf 86' lang='lat' dir='ltr'><strong>sanctae</strong></span> <span class='ocrx_word' id='word_1_215' title='bbox 587 2501 720 2541; x_wconf 88' lang='lat' dir='ltr'><strong>suae</strong></span> <span class='ocrx_word' id='word_1_216' title='bbox 761 2485 1026 2541; x_wconf 90' lang='lat' dir='ltr'><strong>ecclesiae</strong></span> <span class='ocrx_word' id='word_1_217' title='bbox 1066 2486 1434 2542; x_wconf 86' lang='lat' dir='ltr'><strong>indesinenter</strong></span> <span class='ocrx_word' id='word_1_218' title='bbox 1475 2488 1744 2557; x_wconf 80' lang='lat' dir='ltr'><strong>cogitetis,</strong></span> 
     </span>
    </p>
   </div>
   <div class='ocr_carea' id='block_1_28' title="bbox 121 2576 1751 2648">
    <p class='ocr_par' dir='ltr' id='par_1_28' title="bbox 121 2576 1751 2648">
     <span class='ocr_line' id='line_1_29' title="bbox 121 2576 1751 2648; baseline -0.001 -15"><span class='ocrx_word' id='word_1_219' title='bbox 121 2593 375 2648; x_wconf 82' lang='lat' dir='ltr'><strong>eamque</strong></span> <span class='ocrx_word' id='word_1_220' title='bbox 402 2584 591 2648; x_wconf 80' lang='lat' dir='ltr'><strong>utpote</strong></span> <span class='ocrx_word' id='word_1_221' title='bbox 627 2585 861 2631; x_wconf 82' lang='lat' dir='ltr'><strong>matrem</strong></span> <span class='ocrx_word' id='word_1_222' title='bbox 900 2576 1200 2646; x_wconf 84' lang='lat' dir='ltr'><strong>spiritalem</strong></span> <span class='ocrx_word' id='word_1_223' title='bbox 1226 2617 1241 2642; x_wconf 97' lang='lat'><strong>,</strong></span> <span class='ocrx_word' id='word_1_224' title='bbox 1289 2577 1431 2632; x_wconf 87' lang='lat' dir='ltr'><strong>sicut</strong></span> <span class='ocrx_word' id='word_1_225' title='bbox 1480 2576 1655 2633; x_wconf 77' lang='lat' dir='ltr'><strong>fidelis</strong></span> <span class='ocrx_word' id='word_1_226' title='bbox 1696 2587 1751 2634; x_wconf 91' lang='lat' dir='ltr'><strong>et</strong></span> 
     </span>
    </p>
   </div>
   <div class='ocr_carea' id='block_1_29' title="bbox 123 2666 1752 2738">
    <p class='ocr_par' dir='ltr' id='par_1_29' title="bbox 123 2666 1752 2738">
     <span class='ocr_line' id='line_1_30' title="bbox 123 2666 1752 2738; baseline -0.001 -14"><span class='ocrx_word' id='word_1_227' title='bbox 123 2669 374 2726; x_wconf 82' lang='lat' dir='ltr'><strong>dilectus</strong></span> <span class='ocrx_word' id='word_1_228' title='bbox 393 2667 537 2723; x_wconf 87' lang='lat' dir='ltr'><strong>ﬁlius</strong></span> <span class='ocrx_word' id='word_1_229' title='bbox 561 2666 844 2738; x_wconf 77' lang='lat' dir='ltr'><strong>spiritalis,</strong></span> <span class='ocrx_word' id='word_1_230' title='bbox 869 2667 936 2722; x_wconf 87' lang='lat' dir='ltr'><strong>ad</strong></span> <span class='ocrx_word' id='word_1_231' title='bbox 965 2666 1188 2732; x_wconf 80' lang='lat' dir='ltr'><strong>meliora</strong></span> <span class='ocrx_word' id='word_1_232' title='bbox 1219 2675 1274 2721; x_wconf 91' lang='lat' dir='ltr'><strong>et</strong></span> <span class='ocrx_word' id='word_1_233' title='bbox 1297 2669 1510 2738; x_wconf 87' lang='lat' dir='ltr'><strong>potiora</strong></span> <span class='ocrx_word' id='word_1_234' title='bbox 1537 2681 1752 2738; x_wconf 90' lang='lat' dir='ltr'><strong>semper</strong></span> 
     </span>
    </p>
   </div>
   <div class='ocr_carea' id='block_1_30' title="bbox 124 2756 1752 2831">
    <p class='ocr_par' dir='ltr' id='par_1_30' title="bbox 124 2756 1752 2831">
     <span class='ocr_line' id='line_1_31' title="bbox 124 2756 1752 2831; baseline -0.002 -14"><span class='ocrx_word' id='word_1_235' title='bbox 124 2761 446 2831; x_wconf 75' lang='lat' dir='ltr'><strong>provehere</strong></span> <span class='ocrx_word' id='word_1_236' title='bbox 487 2758 773 2814; x_wconf 87' lang='lat' dir='ltr'><strong>studeatis.</strong></span> <span class='ocrx_word' id='word_1_237' title='bbox 820 2756 959 2813; x_wconf 85' lang='lat' dir='ltr'><strong>Nam</strong></span> <span class='ocrx_word' id='word_1_238' title='bbox 1005 2773 1130 2813; x_wconf 89' lang='lat' dir='ltr'><strong>cum</strong></span> <span class='ocrx_word' id='word_1_239' title='bbox 1174 2773 1361 2813; x_wconf 90' lang='lat' dir='ltr'><strong>mucro</strong></span> <span class='ocrx_word' id='word_1_240' title='bbox 1389 2759 1611 2814; x_wconf 84' lang='lat' dir='ltr'><strong>divinus</strong></span> <span class='ocrx_word' id='word_1_241' title='bbox 1655 2759 1752 2813; x_wconf 87' lang='lat' dir='ltr'><strong>im-</strong></span> 
     </span>
    </p>
   </div>
   <div class='ocr_carea' id='block_1_31' title="bbox 125 2850 1752 2926">
    <p class='ocr_par' dir='ltr' id='par_1_31' title="bbox 125 2850 1752 2926">
     <span class='ocr_line' id='line_1_32' title="bbox 125 2850 1752 2926; baseline -0.002 -15"><span class='ocrx_word' id='word_1_242' title='bbox 125 2870 360 2926; x_wconf 77' lang='lat' dir='ltr'><strong>perium</strong></span> <span class='ocrx_word' id='word_1_243' title='bbox 379 2853 534 2910; x_wconf 88' lang='lat' dir='ltr'><strong>vobis</strong></span> <span class='ocrx_word' id='word_1_244' title='bbox 559 2851 816 2908; x_wconf 88' lang='lat' dir='ltr'><strong>divinitus</strong></span> <span class='ocrx_word' id='word_1_245' title='bbox 851 2851 1203 2907; x_wconf 88' lang='lat' dir='ltr'><strong>commissum</strong></span> <span class='ocrx_word' id='word_1_246' title='bbox 1230 2850 1458 2907; x_wconf 90' lang='lat' dir='ltr'><strong>interius</strong></span> <span class='ocrx_word' id='word_1_247' title='bbox 1485 2852 1752 2908; x_wconf 79' lang='lat' dir='ltr'><strong>exterius-</strong></span> 
     </span>
    </p>
   </div>
   <div class='ocr_carea' id='block_1_32' title="bbox 2099 1463 2327 1516">
    <p class='ocr_par' dir='ltr' id='par_1_32' title="bbox 2099 1463 2327 1516">
     <span class='ocr_line' id='line_1_33' title="bbox 2099 1463 2327 1516; baseline -0.009 -1"><span class='ocrx_word' id='word_1_248' title='bbox 2099 1463 2252 1516; x_wconf 88' lang='lat' dir='ltr'><strong>ciunt</strong></span> <span class='ocrx_word' id='word_1_249' title='bbox 2277 1473 2327 1513; x_wconf 75' lang='grc' dir='ltr'><strong>ι.</strong></span> 
     </span>
    </p>
   </div>
   <div class='ocr_carea' id='block_1_33' title="bbox 1757 1570 3447 1645">
    <p class='ocr_par' dir='ltr' id='par_1_33' title="bbox 1757 1570 3447 1645">
     <span class='ocr_line' id='line_1_34' title="bbox 1757 1570 3447 1645; baseline -0.001 -16"><span class='ocrx_word' id='word_1_250' title='bbox 1757 1578 1805 1637; x_wconf 81' lang='grc' dir='ltr'><strong>Α</strong></span> <span class='ocrx_word' id='word_1_251' title='bbox 1835 1573 2003 1629; x_wconf 90' lang='lat' dir='ltr'><strong>missa</strong></span> <span class='ocrx_word' id='word_1_252' title='bbox 2047 1583 2177 1629; x_wconf 91' lang='lat' dir='ltr'><strong>sunt</strong></span> <span class='ocrx_word' id='word_1_253' title='bbox 2217 1572 2507 1645; x_wconf 88' lang='lat' dir='ltr'><strong>diligenter</strong></span> <span class='ocrx_word' id='word_1_254' title='bbox 2548 1579 2818 1638; x_wconf 84' lang='lat' dir='ltr'><strong>tractare,</strong></span> <span class='ocrx_word' id='word_1_255' title='bbox 2868 1570 3074 1642; x_wconf 87' lang='lat' dir='ltr'><strong>Deique</strong></span> <span class='ocrx_word' id='word_1_256' title='bbox 3113 1571 3447 1629; x_wconf 69' lang='lat' dir='ltr'><strong>voluntatem</strong></span> 
     </span>
    </p>
   </div>
   <div class='ocr_carea' id='block_1_34' title="bbox 1842 1663 3448 1736">
    <p class='ocr_par' dir='ltr' id='par_1_34' title="bbox 1842 1663 3448 1736">
     <span class='ocr_line' id='line_1_35' title="bbox 1842 1663 3448 1736; baseline -0.001 -17"><span class='ocrx_word' id='word_1_257' title='bbox 1842 1680 2138 1736; x_wconf 74' lang='lat' dir='ltr'><strong>quaerere,</strong></span> <span class='ocrx_word' id='word_1_258' title='bbox 2180 1673 2236 1721; x_wconf 90' lang='lat' dir='ltr'><strong>et</strong></span> <span class='ocrx_word' id='word_1_259' title='bbox 2279 1663 2543 1720; x_wconf 87' lang='lat' dir='ltr'><strong>ecclesiae</strong></span> <span class='ocrx_word' id='word_1_260' title='bbox 2586 1664 2742 1719; x_wconf 90' lang='lat' dir='ltr'><strong>vobis</strong></span> <span class='ocrx_word' id='word_1_261' title='bbox 2789 1663 3116 1719; x_wconf 85' lang='lat' dir='ltr'><strong>commissae</strong></span> <span class='ocrx_word' id='word_1_262' title='bbox 3157 1663 3448 1720; x_wconf 89' lang='lat' dir='ltr'><strong>utilitatem</strong></span> 
     </span>
    </p>
   </div>
   <div class='ocr_carea' id='block_1_35' title="bbox 1841 1755 3452 1826">
    <p class='ocr_par' dir='ltr' id='par_1_35' title="bbox 1841 1755 3452 1826">
     <span class='ocr_line' id='line_1_36' title="bbox 1841 1755 3452 1826; baseline 0.001 -16"><span class='ocrx_word' id='word_1_263' title='bbox 1841 1757 2148 1826; x_wconf 85' lang='lat' dir='ltr'><strong>providere.</strong></span> <span class='ocrx_word' id='word_1_264' title='bbox 2177 1755 2519 1826; x_wconf 86' lang='lat' dir='ltr'><strong>Quapropter</strong></span> <span class='ocrx_word' id='word_1_265' title='bbox 2555 1771 2697 1826; x_wconf 90' lang='lat' dir='ltr'><strong>quae</strong></span> <span class='ocrx_word' id='word_1_266' title='bbox 2730 1755 2799 1811; x_wconf 87' lang='lat' dir='ltr'><strong>ad</strong></span> <span class='ocrx_word' id='word_1_267' title='bbox 2831 1765 3046 1826; x_wconf 80' lang='lat' dir='ltr'><strong>tempus</strong></span> <span class='ocrx_word' id='word_1_268' title='bbox 3068 1755 3452 1812; x_wconf 85' lang='lat' dir='ltr'><strong>emendatione</strong></span> 
     </span>
    </p>
   </div>
   <div class='ocr_carea' id='block_1_36' title="bbox 1841 1847 3456 1920">
    <p class='ocr_par' dir='ltr' id='par_1_36' title="bbox 1841 1847 3456 1920">
     <span class='ocr_line' id='line_1_37' title="bbox 1841 1847 3456 1920; baseline 0.001 -17"><span class='ocrx_word' id='word_1_269' title='bbox 1841 1847 2007 1919; x_wconf 89' lang='lat' dir='ltr'><strong>digna</strong></span> <span class='ocrx_word' id='word_1_270' title='bbox 2027 1847 2144 1903; x_wconf 89' lang='lat' dir='ltr'><strong>visa</strong></span> <span class='ocrx_word' id='word_1_271' title='bbox 2171 1857 2297 1904; x_wconf 90' lang='lat' dir='ltr'><strong>sunt</strong></span> <span class='ocrx_word' id='word_1_272' title='bbox 2326 1864 2567 1920; x_wconf 85' lang='lat' dir='ltr'><strong>congrua</strong></span> <span class='ocrx_word' id='word_1_273' title='bbox 2593 1847 2828 1919; x_wconf 82' lang='lat' dir='ltr'><strong>capitula</strong></span> <span class='ocrx_word' id='word_1_274' title='bbox 2865 1848 3134 1904; x_wconf 89' lang='lat' dir='ltr'><strong>serenitas</strong></span> <span class='ocrx_word' id='word_1_275' title='bbox 3165 1859 3346 1906; x_wconf 87' lang='lat' dir='ltr'><strong>vestra</strong></span> <span class='ocrx_word' id='word_1_276' title='bbox 3369 1849 3456 1904; x_wconf 86' lang='lat' dir='ltr'><strong>di-</strong></span> 
     </span>
    </p>
   </div>
   <div class='ocr_carea' id='block_1_37' title="bbox 1843 1937 3452 2012">
    <p class='ocr_par' dir='ltr' id='par_1_37' title="bbox 1843 1937 3452 2012">
     <span class='ocr_line' id='line_1_38' title="bbox 1843 1937 3452 2012; baseline 0 -18"><span class='ocrx_word' id='word_1_277' title='bbox 1843 1939 2030 2011; x_wconf 79' lang='lat' dir='ltr'><strong>gessit,</strong></span> <span class='ocrx_word' id='word_1_278' title='bbox 2058 1937 2372 2012; x_wconf 87' lang='lat' dir='ltr'><strong>legatosque</strong></span> <span class='ocrx_word' id='word_1_279' title='bbox 2407 1947 2660 1996; x_wconf 86' lang='lat' dir='ltr'><strong>strenuos</strong></span> <span class='ocrx_word' id='word_1_280' title='bbox 2692 1940 2994 2012; x_wconf 76' lang='lat' dir='ltr'><strong>delegavit,</strong></span> <span class='ocrx_word' id='word_1_281' title='bbox 3036 1949 3097 1995; x_wconf 93' lang='lat' dir='ltr'><strong>ut</strong></span> <span class='ocrx_word' id='word_1_282' title='bbox 3138 1956 3237 2012; x_wconf 91' lang='lat' dir='ltr'><strong>per</strong></span> <span class='ocrx_word' id='word_1_283' title='bbox 3260 1943 3452 1997; x_wconf 86' lang='lat' dir='ltr'><strong>eadem</strong></span> 
     </span>
    </p>
   </div>
   <div class='ocr_carea' id='block_1_38' title="bbox 1844 2029 3456 2101">
    <p class='ocr_par' dir='ltr' id='par_1_38' title="bbox 1844 2029 3456 2101">
     <span class='ocr_line' id='line_1_39' title="bbox 1844 2029 3456 2101; baseline -0.001 -15"><span class='ocrx_word' id='word_1_284' title='bbox 1844 2029 2079 2100; x_wconf 88' lang='lat' dir='ltr'><strong>capitula</strong></span> <span class='ocrx_word' id='word_1_285' title='bbox 2108 2038 2163 2085; x_wconf 89' lang='lat' dir='ltr'><strong>et</strong></span> <span class='ocrx_word' id='word_1_286' title='bbox 2192 2029 2396 2100; x_wconf 81' lang='lat' dir='ltr'><strong>ﬂagitia</strong></span> <span class='ocrx_word' id='word_1_287' title='bbox 2423 2029 2689 2086; x_wconf 85' lang='lat' dir='ltr'><strong>malorum</strong></span> <span class='ocrx_word' id='word_1_288' title='bbox 2738 2030 3021 2086; x_wconf 78' lang='lat' dir='ltr'><strong>hominum</strong></span> <span class='ocrx_word' id='word_1_289' title='bbox 3065 2031 3325 2101; x_wconf 84' lang='lat' dir='ltr'><strong>puuirent</strong></span> <span class='ocrx_word' id='word_1_290' title='bbox 3345 2071 3361 2096; x_wconf 90' lang='lat'><strong>,</strong></span> <span class='ocrx_word' id='word_1_291' title='bbox 3398 2041 3456 2085; x_wconf 91' lang='lat' dir='ltr'><strong>et</strong></span> 
     </span>
    </p>
   </div>
   <div class='ocr_carea' id='block_1_39' title="bbox 1845 2122 3451 2180">
    <p class='ocr_par' dir='ltr' id='par_1_39' title="bbox 1845 2122 3451 2180">
     <span class='ocr_line' id='line_1_40' title="bbox 1845 2122 3451 2180; baseline -0.001 0"><span class='ocrx_word' id='word_1_292' title='bbox 1845 2124 2111 2180; x_wconf 88' lang='lat' dir='ltr'><strong>bonorum</strong></span> <span class='ocrx_word' id='word_1_293' title='bbox 2147 2122 2362 2179; x_wconf 86' lang='lat' dir='ltr'><strong>laudem</strong></span> <span class='ocrx_word' id='word_1_294' title='bbox 2407 2131 2625 2179; x_wconf 80' lang='lat' dir='ltr'><strong>vestrae</strong></span> <span class='ocrx_word' id='word_1_295' title='bbox 2668 2122 2976 2179; x_wconf 81' lang='lat' dir='ltr'><strong>eelsitudini</strong></span> <span class='ocrx_word' id='word_1_296' title='bbox 3025 2123 3451 2180; x_wconf 88' lang='lat' dir='ltr'><strong>innotescerent.</strong></span> 
     </span>
    </p>
   </div>
   <div class='ocr_carea' id='block_1_40' title="bbox 1846 2212 3457 2285">
    <p class='ocr_par' dir='ltr' id='par_1_40' title="bbox 1846 2212 3457 2285">
     <span class='ocr_line' id='line_1_41' title="bbox 1846 2212 3457 2285; baseline 0 -17"><span class='ocrx_word' id='word_1_297' title='bbox 1846 2213 1991 2269; x_wconf 84' lang='lat' dir='ltr'><strong>Inter</strong></span> <span class='ocrx_word' id='word_1_298' title='bbox 2019 2228 2161 2285; x_wconf 90' lang='lat' dir='ltr'><strong>quae</strong></span> <span class='ocrx_word' id='word_1_299' title='bbox 2193 2214 2359 2270; x_wconf 79' lang='lat' dir='ltr'><strong>etiam</strong></span> <span class='ocrx_word' id='word_1_300' title='bbox 2381 2214 2670 2278; x_wconf 86' lang='lat' dir='ltr'><strong>statuistis,</strong></span> <span class='ocrx_word' id='word_1_301' title='bbox 2707 2212 2762 2268; x_wconf 80' lang='lat' dir='ltr'><strong>iii</strong></span> <span class='ocrx_word' id='word_1_302' title='bbox 2788 2220 3049 2283; x_wconf 89' lang='lat' dir='ltr'><strong>quattuor</strong></span> <span class='ocrx_word' id='word_1_303' title='bbox 3080 2212 3329 2284; x_wconf 86' lang='lat' dir='ltr'><strong>partibus</strong></span> <span class='ocrx_word' id='word_1_304' title='bbox 3353 2213 3457 2268; x_wconf 93' lang='lat' dir='ltr'><strong>im-</strong></span> 
     </span>
    </p>
   </div>
   <div class='ocr_carea' id='block_1_41' title="bbox 1847 2309 3458 2381">
    <p class='ocr_par' dir='ltr' id='par_1_41' title="bbox 1847 2309 3458 2381">
     <span class='ocr_line' id='line_1_42' title="bbox 1847 2309 3458 2381; baseline -0.002 -15"><span class='ocrx_word' id='word_1_305' title='bbox 1847 2310 1984 2381; x_wconf 89' lang='lat' dir='ltr'><strong>perii</strong></span> <span class='ocrx_word' id='word_1_306' title='bbox 2027 2311 2193 2367; x_wconf 87' lang='lat' dir='ltr'><strong>vestri</strong></span> <span class='ocrx_word' id='word_1_307' title='bbox 2238 2317 2537 2366; x_wconf 89' lang='lat' dir='ltr'><strong>conventus</strong></span> <span class='ocrx_word' id='word_1_308' title='bbox 2570 2309 2949 2381; x_wconf 87' lang='lat' dir='ltr'><strong>episcoporum</strong></span> <span class='ocrx_word' id='word_1_309' title='bbox 3000 2325 3110 2366; x_wconf 91' lang='lat' dir='ltr'><strong>uno</strong></span> <span class='ocrx_word' id='word_1_310' title='bbox 3153 2309 3458 2380; x_wconf 81' lang='lat' dir='ltr'><strong>eodemque</strong></span> 
     </span>
    </p>
   </div>
   <div class='ocr_carea' id='block_1_42' title="bbox 1848 2402 3462 2473">
    <p class='ocr_par' dir='ltr' id='par_1_42' title="bbox 1848 2402 3462 2473">
     <span class='ocr_line' id='line_1_43' title="bbox 1848 2402 3462 2473; baseline 0.001 -17"><span class='ocrx_word' id='word_1_311' title='bbox 1848 2410 2093 2473; x_wconf 78' lang='lat' dir='ltr'><strong>tempore</strong></span> <span class='ocrx_word' id='word_1_312' title='bbox 2117 2402 2255 2467; x_wconf 83' lang='lat' dir='ltr'><strong>ﬁeri,</strong></span> <span class='ocrx_word' id='word_1_313' title='bbox 2281 2402 2335 2457; x_wconf 91' lang='lat' dir='ltr'><strong>in</strong></span> <span class='ocrx_word' id='word_1_314' title='bbox 2359 2402 2556 2472; x_wconf 88' lang='lat' dir='ltr'><strong>quibus</strong></span> <span class='ocrx_word' id='word_1_315' title='bbox 2578 2409 2894 2462; x_wconf 81' lang='lat' dir='ltr'><strong>tractarent,</strong></span> <span class='ocrx_word' id='word_1_316' title='bbox 2922 2411 3270 2470; x_wconf 74' lang='lat' dir='ltr'><strong>quaererent,</strong></span> <span class='ocrx_word' id='word_1_317' title='bbox 3294 2408 3462 2470; x_wconf 73' lang='lat' dir='ltr'><strong>atque</strong></span> 
     </span>
    </p>
   </div>
   <div class='ocr_carea' id='block_1_43' title="bbox 1849 2489 3456 2558">
    <p class='ocr_par' dir='ltr' id='par_1_43' title="bbox 1849 2489 3456 2558">
     <span class='ocr_line' id='line_1_44' title="bbox 1849 2489 3456 2558; baseline -0.002 -11"><span class='ocrx_word' id='word_1_318' title='bbox 1849 2505 1974 2547; x_wconf 91' lang='lat' dir='ltr'><strong>cum</strong></span> <span class='ocrx_word' id='word_1_319' title='bbox 2002 2491 2098 2546; x_wconf 86' lang='lat' dir='ltr'><strong>Dei</strong></span> <span class='ocrx_word' id='word_1_320' title='bbox 2131 2490 2400 2546; x_wconf 89' lang='lat' dir='ltr'><strong>adiutorio</strong></span> <span class='ocrx_word' id='word_1_321' title='bbox 2425 2490 2735 2546; x_wconf 86' lang='lat' dir='ltr'><strong>invenirent</strong></span> <span class='ocrx_word' id='word_1_322' title='bbox 2757 2490 2825 2546; x_wconf 90' lang='lat' dir='ltr'><strong>de</strong></span> <span class='ocrx_word' id='word_1_323' title='bbox 2851 2490 3124 2545; x_wconf 75' lang='lat' dir='ltr'><strong>causis&#39;ad</strong></span> <span class='ocrx_word' id='word_1_324' title='bbox 3143 2489 3456 2558; x_wconf 79' lang='lat' dir='ltr'><strong>religionem</strong></span> 
     </span>
    </p>
   </div>
   <div class='ocr_carea' id='block_1_44' title="bbox 1850 2579 3460 2652">
    <p class='ocr_par' dir='ltr' id='par_1_44' title="bbox 1850 2579 3460 2652">
     <span class='ocr_line' id='line_1_45' title="bbox 1850 2579 3460 2652; baseline -0.004 -12"><span class='ocrx_word' id='word_1_325' title='bbox 1850 2583 2204 2641; x_wconf 79' lang='lat' dir='ltr'><strong>cliristianam</strong></span> <span class='ocrx_word' id='word_1_326' title='bbox 2242 2597 2541 2652; x_wconf 89' lang='lat' dir='ltr'><strong>eorumque</strong></span> <span class='ocrx_word' id='word_1_327' title='bbox 2573 2596 2762 2637; x_wconf 86' lang='lat' dir='ltr'><strong>curam</strong></span> <span class='ocrx_word' id='word_1_328' title='bbox 2809 2579 3230 2652; x_wconf 90' lang='lat' dir='ltr'><strong>pertinentibus,</strong></span> <span class='ocrx_word' id='word_1_329' title='bbox 3267 2579 3397 2649; x_wconf 88' lang='lat' dir='ltr'><strong>quid</strong></span> <span class='ocrx_word' id='word_1_330' title='bbox 3428 2595 3460 2633; x_wconf 87' lang='lat' dir='ltr'><strong>a</strong></span> 
     </span>
    </p>
   </div>
   <div class='ocr_carea' id='block_1_45' title="bbox 1850 2669 3465 2746">
    <p class='ocr_par' dir='ltr' id='par_1_45' title="bbox 1850 2669 3465 2746">
     <span class='ocr_line' id='line_1_46' title="bbox 1850 2669 3465 2746; baseline -0.003 -17"><span class='ocrx_word' id='word_1_331' title='bbox 1850 2674 2187 2746; x_wconf 85' lang='lat' dir='ltr'><strong>principibus</strong></span> <span class='ocrx_word' id='word_1_332' title='bbox 2211 2681 2267 2729; x_wconf 92' lang='lat' dir='ltr'><strong>et</strong></span> <span class='ocrx_word' id='word_1_333' title='bbox 2293 2672 2501 2743; x_wconf 89' lang='lat' dir='ltr'><strong>reliquo</strong></span> <span class='ocrx_word' id='word_1_334' title='bbox 2525 2673 2746 2743; x_wconf 87' lang='lat' dir='ltr'><strong>populo,</strong></span> <span class='ocrx_word' id='word_1_335' title='bbox 2773 2671 2858 2726; x_wconf 84' lang='lat' dir='ltr'><strong>vel</strong></span> <span class='ocrx_word' id='word_1_336' title='bbox 2885 2670 2960 2725; x_wconf 92' lang='lat' dir='ltr'><strong>ita</strong></span> <span class='ocrx_word' id='word_1_337' title='bbox 2983 2679 3047 2742; x_wconf 80' lang='lat' dir='ltr'><strong>ut</strong></span> <span class='ocrx_word' id='word_1_338' title='bbox 3069 2669 3249 2727; x_wconf 87' lang='lat' dir='ltr'><strong>divina</strong></span> <span class='ocrx_word' id='word_1_339' title='bbox 3276 2677 3465 2725; x_wconf 88' lang='lat' dir='ltr'><strong>aucto-</strong></span> 
     </span>
    </p>
   </div>
   <div class='ocr_carea' id='block_1_46' title="bbox 1852 2759 3460 2831">
    <p class='ocr_par' dir='ltr' id='par_1_46' title="bbox 1852 2759 3460 2831">
     <span class='ocr_line' id='line_1_47' title="bbox 1852 2759 3460 2831; baseline -0.005 -9"><span class='ocrx_word' id='word_1_340' title='bbox 1852 2767 1990 2822; x_wconf 85' lang='lat' dir='ltr'><strong>ritas</strong></span> <span class='ocrx_word' id='word_1_341' title='bbox 2023 2766 2199 2827; x_wconf 87' lang='lat' dir='ltr'><strong>docet,</strong></span> <span class='ocrx_word' id='word_1_342' title='bbox 2245 2771 2340 2818; x_wconf 89' lang='lat' dir='ltr'><strong>aut</strong></span> <span class='ocrx_word' id='word_1_343' title='bbox 2388 2763 2547 2819; x_wconf 88' lang='lat' dir='ltr'><strong>aliter</strong></span> <span class='ocrx_word' id='word_1_344' title='bbox 2593 2770 2902 2827; x_wconf 87' lang='lat' dir='ltr'><strong>teneretur,</strong></span> <span class='ocrx_word' id='word_1_345' title='bbox 2945 2760 3032 2817; x_wconf 86' lang='lat' dir='ltr'><strong>vel</strong></span> <span class='ocrx_word' id='word_1_346' title='bbox 3067 2759 3198 2831; x_wconf 87' lang='lat' dir='ltr'><strong>quid</strong></span> <span class='ocrx_word' id='word_1_347' title='bbox 3234 2759 3359 2816; x_wconf 91' lang='lat' dir='ltr'><strong>inde</strong></span> <span class='ocrx_word' id='word_1_348' title='bbox 3395 2775 3460 2815; x_wconf 79' lang='lat' dir='ltr'><strong>ex</strong></span> 
     </span>
    </p>
   </div>
   <div class='ocr_carea' id='block_1_47' title="bbox 1855 2851 3462 2926">
    <p class='ocr_par' dir='ltr' id='par_1_47' title="bbox 1855 2851 3462 2926">
     <span class='ocr_line' id='line_1_48' title="bbox 1855 2851 3462 2926; baseline -0.002 -16"><span class='ocrx_word' id='word_1_349' title='bbox 1855 2863 2009 2926; x_wconf 88' lang='lat' dir='ltr'><strong>parte</strong></span> <span class='ocrx_word' id='word_1_350' title='bbox 2045 2864 2140 2910; x_wconf 90' lang='lat' dir='ltr'><strong>aut</strong></span> <span class='ocrx_word' id='word_1_351' title='bbox 2170 2870 2237 2910; x_wconf 79' lang='lat' dir='ltr'><strong>ex</strong></span> <span class='ocrx_word' id='word_1_352' title='bbox 2271 2861 2384 2910; x_wconf 92' lang='lat' dir='ltr'><strong>toto</strong></span> <span class='ocrx_word' id='word_1_353' title='bbox 2413 2851 2702 2910; x_wconf 86' lang='lat' dir='ltr'><strong>dimissum</strong></span> <span class='ocrx_word' id='word_1_354' title='bbox 2728 2860 2873 2908; x_wconf 74' lang='lat' dir='ltr'><strong>esset</strong></span> <span class='ocrx_word' id='word_1_355' title='bbox 2917 2859 2978 2906; x_wconf 90' lang='lat' dir='ltr'><strong>ut</strong></span> <span class='ocrx_word' id='word_1_356' title='bbox 3011 2866 3121 2906; x_wconf 89' lang='lat' dir='ltr'><strong>non</strong></span> <span class='ocrx_word' id='word_1_357' title='bbox 3154 2858 3462 2915; x_wconf 82' lang='lat' dir='ltr'><strong>teneretur;</strong></span> 
     </span>
    </p>
   </div>
   <div class='ocr_carea' id='block_1_48' title="bbox 126 2928 3456 3019">
    <p class='ocr_par' dir='ltr' id='par_1_48' title="bbox 126 2928 3456 3019">
     <span class='ocr_line' id='line_1_49' title="bbox 126 2928 3456 3019; baseline -0.001 -18"><span class='ocrx_word' id='word_1_358' title='bbox 126 2961 248 3016; x_wconf 88' lang='lat' dir='ltr'><strong>que</strong></span> <span class='ocrx_word' id='word_1_359' title='bbox 296 2945 492 3001; x_wconf 87' lang='lat' dir='ltr'><strong>merito</strong></span> <span class='ocrx_word' id='word_1_360' title='bbox 533 2952 754 3000; x_wconf 86' lang='lat' dir='ltr'><strong>nostrae</strong></span> <span class='ocrx_word' id='word_1_361' title='bbox 793 2942 1096 3014; x_wconf 90' lang='lat' dir='ltr'><strong>iniquitatis</strong></span> <span class='ocrx_word' id='word_1_362' title='bbox 1137 2928 1448 3000; x_wconf 66' lang='lat' dir='ltr'><strong>inultifariis</strong></span> <span class='ocrx_word' id='word_1_363' title='bbox 1494 2953 1753 3001; x_wconf 81' lang='lat' dir='ltr'><strong>attereret</strong></span> <span class='ocrx_word' id='word_1_364' title='bbox 1785 2942 1828 3002; x_wconf 88' lang='grc' dir='ltr'><strong>Β</strong></span> <span class='ocrx_word' id='word_1_365' title='bbox 1854 2941 2048 3005; x_wconf 89' lang='lat' dir='ltr'><strong>deinde</strong></span> <span class='ocrx_word' id='word_1_366' title='bbox 2087 2947 2216 3019; x_wconf 90' lang='lat' dir='ltr'><strong>quid</strong></span> <span class='ocrx_word' id='word_1_367' title='bbox 2245 2948 2300 3003; x_wconf 91' lang='lat' dir='ltr'><strong>in</strong></span> <span class='ocrx_word' id='word_1_368' title='bbox 2328 2948 2570 3018; x_wconf 87' lang='lat' dir='ltr'><strong>ipsorum</strong></span> <span class='ocrx_word' id='word_1_369' title='bbox 2619 2946 2708 3017; x_wconf 86' lang='lat' dir='ltr'><strong>qui</strong></span> <span class='ocrx_word' id='word_1_370' title='bbox 2746 2954 2994 3016; x_wconf 73' lang='lat' dir='ltr'><strong>pastores</strong></span> <span class='ocrx_word' id='word_1_371' title='bbox 3037 2943 3221 3016; x_wconf 88' lang='lat' dir='ltr'><strong>populi</strong></span> <span class='ocrx_word' id='word_1_372' title='bbox 3259 2943 3456 2998; x_wconf 85' lang='lat' dir='ltr'><strong>consti-</strong></span> 
     </span>
    </p>
   </div>
   <div class='ocr_carea' id='block_1_49' title="bbox 125 3035 1755 3106">
    <p class='ocr_par' dir='ltr' id='par_1_49' title="bbox 125 3035 1755 3106">
     <span class='ocr_line' id='line_1_50' title="bbox 125 3035 1755 3106; baseline 0 -13"><span class='ocrx_word' id='word_1_373' title='bbox 125 3037 392 3093; x_wconf 85' lang='lat' dir='ltr'><strong>cladibus</strong></span> <span class='ocrx_word' id='word_1_374' title='bbox 435 3037 493 3102; x_wconf 81' lang='lat'><strong>’,</strong></span> <span class='ocrx_word' id='word_1_375' title='bbox 540 3037 835 3106; x_wconf 91' lang='lat' dir='ltr'><strong>prudenter</strong></span> <span class='ocrx_word' id='word_1_376' title='bbox 880 3035 1376 3091; x_wconf 89' lang='lat' dir='ltr'><strong>animadvertentes</strong></span> <span class='ocrx_word' id='word_1_377' title='bbox 1429 3035 1573 3105; x_wconf 92' lang='lat' dir='ltr'><strong>quod</strong></span> <span class='ocrx_word' id='word_1_378' title='bbox 1617 3036 1755 3105; x_wconf 77' lang='lat' dir='ltr'><strong>haec</strong></span> 
     </span>
    </p>
   </div>
   <div class='ocr_carea' id='block_1_50' title="bbox 129 3127 1755 3198">
    <p class='ocr_par' dir='ltr' id='par_1_50' title="bbox 129 3127 1755 3198">
     <span class='ocr_line' id='line_1_51' title="bbox 129 3127 1755 3198; baseline -0.001 -14"><span class='ocrx_word' id='word_1_379' title='bbox 129 3129 366 3186; x_wconf 86' lang='lat' dir='ltr'><strong>nonnisi</strong></span> <span class='ocrx_word' id='word_1_380' title='bbox 401 3129 542 3184; x_wconf 88' lang='lat' dir='ltr'><strong>iusto</strong></span> <span class='ocrx_word' id='word_1_381' title='bbox 577 3128 770 3182; x_wconf 90' lang='lat' dir='ltr'><strong>iuditio</strong></span> <span class='ocrx_word' id='word_1_382' title='bbox 802 3127 898 3182; x_wconf 86' lang='lat' dir='ltr'><strong>Dei</strong></span> <span class='ocrx_word' id='word_1_383' title='bbox 932 3127 1232 3193; x_wconf 73' lang='lat' dir='ltr'><strong>evenirent,</strong></span> <span class='ocrx_word' id='word_1_384' title='bbox 1272 3128 1395 3182; x_wconf 88' lang='lat' dir='ltr'><strong>ilico</strong></span> <span class='ocrx_word' id='word_1_385' title='bbox 1426 3127 1646 3198; x_wconf 79' lang='lat' dir='ltr'><strong>scriptis</strong></span> <span class='ocrx_word' id='word_1_386' title='bbox 1670 3143 1755 3182; x_wconf 88' lang='lat' dir='ltr'><strong>se-</strong></span> 
     </span>
    </p>
   </div>
   <div class='ocr_carea' id='block_1_51' title="bbox 129 3219 1755 3290">
    <p class='ocr_par' dir='ltr' id='par_1_51' title="bbox 129 3219 1755 3290">
     <span class='ocr_line' id='line_1_52' title="bbox 129 3219 1755 3290; baseline -0.003 -12"><span class='ocrx_word' id='word_1_387' title='bbox 129 3223 401 3280; x_wconf 85' lang='lat' dir='ltr'><strong>renitatis</strong></span> <span class='ocrx_word' id='word_1_388' title='bbox 423 3228 636 3277; x_wconf 85' lang='lat' dir='ltr'><strong>vestrae</strong></span> <span class='ocrx_word' id='word_1_389' title='bbox 657 3236 801 3276; x_wconf 86' lang='lat' dir='ltr'><strong>anno</strong></span> <span class='ocrx_word' id='word_1_390' title='bbox 821 3221 1117 3290; x_wconf 83' lang='lat' dir='ltr'><strong>praeterito</strong></span> <span class='ocrx_word' id='word_1_391' title='bbox 1136 3228 1363 3276; x_wconf 90' lang='lat' dir='ltr'><strong>cunctos</strong></span> <span class='ocrx_word' id='word_1_392' title='bbox 1394 3219 1414 3252; x_wconf 85' lang='grc'>⁸</span> <span class='ocrx_word' id='word_1_393' title='bbox 1441 3235 1475 3275; x_wconf 95' lang='lat' dir='ltr'><strong>o</strong></span> <span class='ocrx_word' id='word_1_394' title='bbox 1495 3219 1755 3278; x_wconf 86' lang='lat' dir='ltr'><strong>ecclesia-</strong></span> 
     </span>
    </p>
   </div>
   <div class='ocr_carea' id='block_1_52' title="bbox 129 3309 1756 3386">
    <p class='ocr_par' dir='ltr' id='par_1_52' title="bbox 129 3309 1756 3386">
     <span class='ocr_line' id='line_1_53' title="bbox 129 3309 1756 3386; baseline -0.002 -16"><span class='ocrx_word' id='word_1_395' title='bbox 129 3332 267 3370; x_wconf 85' lang='lat' dir='ltr'><strong>rum</strong></span> <span class='ocrx_word' id='word_1_396' title='bbox 301 3323 556 3386; x_wconf 88' lang='lat' dir='ltr'><strong>pastores</strong></span> <span class='ocrx_word' id='word_1_397' title='bbox 609 3312 1008 3377; x_wconf 86' lang='lat' dir='ltr'><strong>admonuistis,</strong></span> <span class='ocrx_word' id='word_1_398' title='bbox 1054 3309 1114 3366; x_wconf 81' lang='lat' dir='ltr'><strong>ul.</strong></span> <span class='ocrx_word' id='word_1_399' title='bbox 1158 3311 1286 3381; x_wconf 88' lang='lat' dir='ltr'><strong>quia</strong></span> <span class='ocrx_word' id='word_1_400' title='bbox 1329 3312 1616 3366; x_wconf 85' lang='lat' dir='ltr'><strong>constabat</strong></span> <span class='ocrx_word' id='word_1_401' title='bbox 1660 3325 1756 3366; x_wconf 90' lang='lat' dir='ltr'><strong>eos</strong></span> 
     </span>
    </p>
   </div>
   <div class='ocr_carea' id='block_1_53' title="bbox 128 3404 1756 3480">
    <p class='ocr_par' dir='ltr' id='par_1_53' title="bbox 128 3404 1756 3480">
     <span class='ocr_line' id='line_1_54' title="bbox 128 3404 1756 3480; baseline -0.002 -17"><span class='ocrx_word' id='word_1_402' title='bbox 128 3408 522 3480; x_wconf 85' lang='lat' dir='ltr'><strong>speculatores</strong></span> <span class='ocrx_word' id='word_1_403' title='bbox 555 3406 770 3462; x_wconf 89' lang='lat' dir='ltr'><strong>Domini</strong></span> <span class='ocrx_word' id='word_1_404' title='bbox 791 3405 1028 3461; x_wconf 83' lang='lat' dir='ltr'><strong>existere</strong></span> <span class='ocrx_word' id='word_1_405' title='bbox 1050 3412 1106 3459; x_wconf 90' lang='lat' dir='ltr'><strong>et</strong></span> <span class='ocrx_word' id='word_1_406' title='bbox 1130 3405 1369 3476; x_wconf 88' lang='lat' dir='ltr'><strong>gladium</strong></span> <span class='ocrx_word' id='word_1_407' title='bbox 1396 3404 1637 3460; x_wconf 90' lang='lat' dir='ltr'><strong>divinum</strong></span> <span class='ocrx_word' id='word_1_408' title='bbox 1663 3419 1756 3460; x_wconf 76' lang='lat' dir='ltr'><strong>su-</strong></span> 
     </span>
    </p>
   </div>
   <div class='ocr_carea' id='block_1_54' title="bbox 127 3494 1752 3570">
    <p class='ocr_par' dir='ltr' id='par_1_54' title="bbox 127 3494 1752 3570">
     <span class='ocr_line' id='line_1_55' title="bbox 127 3494 1752 3570; baseline -0.002 -17"><span class='ocrx_word' id='word_1_409' title='bbox 127 3512 238 3570; x_wconf 87' lang='lat' dir='ltr'><strong>per</strong></span> <span class='ocrx_word' id='word_1_410' title='bbox 275 3505 506 3560; x_wconf 89' lang='lat' dir='ltr'><strong>terram,</strong></span> <span class='ocrx_word' id='word_1_411' title='bbox 545 3494 600 3550; x_wconf 88' lang='lat' dir='ltr'><strong>id</strong></span> <span class='ocrx_word' id='word_1_412' title='bbox 624 3502 708 3550; x_wconf 90' lang='lat' dir='ltr'><strong>est</strong></span> <span class='ocrx_word' id='word_1_413' title='bbox 737 3509 900 3566; x_wconf 81' lang='lat' dir='ltr'><strong>super</strong></span> <span class='ocrx_word' id='word_1_414' title='bbox 927 3502 1246 3565; x_wconf 85' lang='lat' dir='ltr'><strong>peccatores</strong></span> <span class='ocrx_word' id='word_1_415' title='bbox 1271 3495 1461 3561; x_wconf 91' lang='lat' dir='ltr'><strong>Deum,</strong></span> <span class='ocrx_word' id='word_1_416' title='bbox 1496 3495 1752 3556; x_wconf 86' lang='lat' dir='ltr'><strong>crassari,</strong></span> 
     </span>
    </p>
   </div>
   <div class='ocr_carea' id='block_1_55' title="bbox 132 3585 1757 3658">
    <p class='ocr_par' dir='ltr' id='par_1_55' title="bbox 132 3585 1757 3658">
     <span class='ocr_line' id='line_1_56' title="bbox 132 3585 1757 3658; baseline -0.002 -14"><span class='ocrx_word' id='word_1_417' title='bbox 132 3587 496 3644; x_wconf 85' lang='lat' dir='ltr'><strong>meminerint</strong></span> <span class='ocrx_word' id='word_1_418' title='bbox 521 3585 909 3658; x_wconf 79' lang='lat' dir='ltr'><strong>speculationis</strong></span> <span class='ocrx_word' id='word_1_419' title='bbox 939 3600 1103 3650; x_wconf 90' lang='lat' dir='ltr'><strong>suae,</strong></span> <span class='ocrx_word' id='word_1_420' title='bbox 1156 3593 1212 3641; x_wconf 91' lang='lat' dir='ltr'><strong>et</strong></span> <span class='ocrx_word' id='word_1_421' title='bbox 1259 3586 1462 3641; x_wconf 86' lang='lat' dir='ltr'><strong>ieiunio</strong></span> <span class='ocrx_word' id='word_1_422' title='bbox 1504 3586 1757 3642; x_wconf 77' lang='lat' dir='ltr'><strong>triduano</strong></span> 
     </span>
    </p>
   </div>
   <div class='ocr_carea' id='block_1_56' title="bbox 131 3679 1757 3752">
    <p class='ocr_par' dir='ltr' id='par_1_56' title="bbox 131 3679 1757 3752">
     <span class='ocr_line' id='line_1_57' title="bbox 131 3679 1757 3752; baseline 0.001 -17"><span class='ocrx_word' id='word_1_423' title='bbox 131 3681 209 3737; x_wconf 88' lang='lat' dir='ltr'><strong>ah</strong></span> <span class='ocrx_word' id='word_1_424' title='bbox 233 3681 496 3744; x_wconf 82' lang='lat' dir='ltr'><strong>omnibus</strong></span> <span class='ocrx_word' id='word_1_425' title='bbox 525 3679 853 3752; x_wconf 87' lang='lat' dir='ltr'><strong>generaliter</strong></span> <span class='ocrx_word' id='word_1_426' title='bbox 873 3686 1115 3750; x_wconf 86' lang='lat' dir='ltr'><strong>peracto,</strong></span> <span class='ocrx_word' id='word_1_427' title='bbox 1145 3679 1519 3748; x_wconf 87' lang='lat' dir='ltr'><strong>unusquisque</strong></span> <span class='ocrx_word' id='word_1_428' title='bbox 1542 3679 1596 3735; x_wconf 91' lang='lat' dir='ltr'><strong>in</strong></span> <span class='ocrx_word' id='word_1_429' title='bbox 1620 3695 1757 3750; x_wconf 89' lang='lat' dir='ltr'><strong>quo-</strong></span> 
     </span>
    </p>
   </div>
   <div class='ocr_carea' id='block_1_57' title="bbox 131 3771 1755 3844">
    <p class='ocr_par' dir='ltr' id='par_1_57' title="bbox 131 3771 1755 3844">
     <span class='ocr_line' id='line_1_58' title="bbox 131 3771 1755 3844; baseline 0.002 -18"><span class='ocrx_word' id='word_1_430' title='bbox 131 3772 278 3828; x_wconf 88' lang='lat' dir='ltr'><strong>libet</strong></span> <span class='ocrx_word' id='word_1_431' title='bbox 327 3772 524 3829; x_wconf 89' lang='lat' dir='ltr'><strong>ordine</strong></span> <span class='ocrx_word' id='word_1_432' title='bbox 574 3773 784 3843; x_wconf 88' lang='lat' dir='ltr'><strong>positus</strong></span> <span class='ocrx_word' id='word_1_433' title='bbox 820 3771 1107 3844; x_wconf 85' lang='lat' dir='ltr'><strong>diligenter</strong></span> <span class='ocrx_word' id='word_1_434' title='bbox 1155 3773 1548 3829; x_wconf 83' lang='lat' dir='ltr'><strong>conscientiam</strong></span> <span class='ocrx_word' id='word_1_435' title='bbox 1601 3789 1755 3830; x_wconf 88' lang='lat' dir='ltr'><strong>suam</strong></span> 
     </span>
    </p>
   </div>
   <div class='ocr_carea' id='block_1_58' title="bbox 133 3861 1755 3935">
    <p class='ocr_par' dir='ltr' id='par_1_58' title="bbox 133 3861 1755 3935">
     <span class='ocr_line' id='line_1_59' title="bbox 133 3861 1755 3935; baseline 0 -14"><span class='ocrx_word' id='word_1_436' title='bbox 133 3864 485 3929; x_wconf 87' lang='lat' dir='ltr'><strong>conveniret,</strong></span> <span class='ocrx_word' id='word_1_437' title='bbox 520 3872 576 3918; x_wconf 91' lang='lat' dir='ltr'><strong>et</strong></span> <span class='ocrx_word' id='word_1_438' title='bbox 610 3863 704 3919; x_wconf 92' lang='lat' dir='ltr'><strong>ubi</strong></span> <span class='ocrx_word' id='word_1_439' title='bbox 734 3878 793 3919; x_wconf 90' lang='lat' dir='ltr'><strong>se</strong></span> <span class='ocrx_word' id='word_1_440' title='bbox 830 3863 1000 3918; x_wconf 91' lang='lat' dir='ltr'><strong>Deum</strong></span> <span class='ocrx_word' id='word_1_441' title='bbox 1041 3861 1334 3919; x_wconf 79' lang='lat' dir='ltr'><strong>oﬁ&#39;endisse</strong></span> <span class='ocrx_word' id='word_1_442' title='bbox 1371 3867 1755 3935; x_wconf 87' lang='lat' dir='ltr'><strong>cognoscebat,</strong></span> 
     </span>
    </p>
   </div>
   <div class='ocr_carea' id='block_1_59' title="bbox 136 3953 1760 4027">
    <p class='ocr_par' dir='ltr' id='par_1_59' title="bbox 136 3953 1760 4027">
     <span class='ocr_line' id='line_1_60' title="bbox 136 3953 1760 4027; baseline 0 -15"><span class='ocrx_word' id='word_1_443' title='bbox 136 3964 426 4012; x_wconf 86' lang='lat' dir='ltr'><strong>maturato</strong></span> <span class='ocrx_word' id='word_1_444' title='bbox 455 3971 554 4027; x_wconf 89' lang='lat' dir='ltr'><strong>per</strong></span> <span class='ocrx_word' id='word_1_445' title='bbox 596 3955 964 4025; x_wconf 87' lang='lat' dir='ltr'><strong>poenitentiae</strong></span> <span class='ocrx_word' id='word_1_446' title='bbox 1007 3953 1438 4010; x_wconf 77' lang='lat' dir='ltr'><strong>satisfactionem</strong></span> <span class='ocrx_word' id='word_1_447' title='bbox 1483 3957 1760 4027; x_wconf 84' lang='lat' dir='ltr'><strong>corrigere</strong></span> 
     </span>
    </p>
   </div>
   <div class='ocr_carea' id='block_1_60' title="bbox 137 4049 1761 4121">
    <p class='ocr_par' dir='ltr' id='par_1_60' title="bbox 137 4049 1761 4121">
     <span class='ocr_line' id='line_1_61' title="bbox 137 4049 1761 4121; baseline -0.001 -13"><span class='ocrx_word' id='word_1_448' title='bbox 137 4067 258 4108; x_wconf 86' lang='lat' dir='ltr'><strong>non</strong></span> <span class='ocrx_word' id='word_1_449' title='bbox 305 4050 568 4106; x_wconf 79' lang='lat' dir='ltr'><strong>differret.</strong></span> <span class='ocrx_word' id='word_1_450' title='bbox 619 4051 676 4106; x_wconf 88' lang='lat' dir='ltr'><strong>In</strong></span> <span class='ocrx_word' id='word_1_451' title='bbox 722 4050 922 4121; x_wconf 88' lang='lat' dir='ltr'><strong>quibus</strong></span> <span class='ocrx_word' id='word_1_452' title='bbox 968 4050 1134 4106; x_wconf 86' lang='lat' dir='ltr'><strong>etiam</strong></span> <span class='ocrx_word' id='word_1_453' title='bbox 1180 4049 1427 4120; x_wconf 86' lang='lat' dir='ltr'><strong>apicibus</strong></span> <span class='ocrx_word' id='word_1_454' title='bbox 1458 4049 1480 4081; x_wconf 75' lang='grc'>⁸</span> <span class='ocrx_word' id='word_1_455' title='bbox 1517 4051 1761 4106; x_wconf 87' lang='lat' dir='ltr'><strong>inserere</strong></span> 
     </span>
    </p>
   </div>
   <div class='ocr_carea' id='block_1_61' title="bbox 135 4141 1756 4211">
    <p class='ocr_par' dir='ltr' id='par_1_61' title="bbox 135 4141 1756 4211">
     <span class='ocr_line' id='line_1_62' title="bbox 135 4141 1756 4211; baseline 0.002 -17"><span class='ocrx_word' id='word_1_456' title='bbox 135 4142 306 4199; x_wconf 89' lang='lat' dir='ltr'><strong>vobis</strong></span> <span class='ocrx_word' id='word_1_457' title='bbox 340 4141 564 4211; x_wconf 88' lang='lat' dir='ltr'><strong>placuit,</strong></span> <span class='ocrx_word' id='word_1_458' title='bbox 612 4149 673 4196; x_wconf 93' lang='lat' dir='ltr'><strong>ut</strong></span> <span class='ocrx_word' id='word_1_459' title='bbox 702 4141 749 4196; x_wconf 91' lang='lat' dir='ltr'><strong>si</strong></span> <span class='ocrx_word' id='word_1_460' title='bbox 791 4142 932 4196; x_wconf 89' lang='lat' dir='ltr'><strong>Deus</strong></span> <span class='ocrx_word' id='word_1_461' title='bbox 966 4156 1158 4211; x_wconf 90' lang='lat' dir='ltr'><strong>pacem</strong></span> <span class='ocrx_word' id='word_1_462' title='bbox 1213 4141 1452 4210; x_wconf 87' lang='lat' dir='ltr'><strong>undique</strong></span> <span class='ocrx_word' id='word_1_463' title='bbox 1486 4149 1542 4198; x_wconf 94' lang='lat' dir='ltr'><strong>et</strong></span> <span class='ocrx_word' id='word_1_464' title='bbox 1585 4142 1756 4197; x_wconf 90' lang='lat' dir='ltr'><strong>otium</strong></span> 
     </span>
    </p>
   </div>
   <div class='ocr_carea' id='block_1_62' title="bbox 1859 3035 3467 3106">
    <p class='ocr_par' dir='ltr' id='par_1_62' title="bbox 1859 3035 3467 3106">
     <span class='ocr_line' id='line_1_63' title="bbox 1859 3035 3467 3106; baseline -0.004 -9"><span class='ocrx_word' id='word_1_465' title='bbox 1859 3043 1961 3097; x_wconf 92' lang='lat' dir='ltr'><strong>tuti</strong></span> <span class='ocrx_word' id='word_1_466' title='bbox 2005 3051 2132 3097; x_wconf 89' lang='lat' dir='ltr'><strong>sunt</strong></span> <span class='ocrx_word' id='word_1_467' title='bbox 2165 3041 2409 3097; x_wconf 90' lang='lat' dir='ltr'><strong>moribus</strong></span> <span class='ocrx_word' id='word_1_468' title='bbox 2441 3040 2858 3096; x_wconf 87' lang='lat' dir='ltr'><strong>conversatione</strong></span> <span class='ocrx_word' id='word_1_469' title='bbox 2902 3046 2957 3092; x_wconf 76' lang='lat' dir='ltr'><strong>et</strong></span> <span class='ocrx_word' id='word_1_470' title='bbox 3006 3038 3220 3093; x_wconf 90' lang='lat' dir='ltr'><strong>actibus</strong></span> <span class='ocrx_word' id='word_1_471' title='bbox 3267 3035 3467 3106; x_wconf 86' lang='lat' dir='ltr'><strong>inquiri</strong></span> 
     </span>
    </p>
   </div>
   <div class='ocr_carea' id='block_1_63' title="bbox 1855 3114 3467 3208">
    <p class='ocr_par' dir='ltr' id='par_1_63' title="bbox 1855 3114 3467 3208">
     <span class='ocr_line' id='line_1_64' title="bbox 1855 3114 3467 3208; baseline -0.007 -15"><span class='ocrx_word' id='word_1_472' title='bbox 1855 3137 2033 3208; x_wconf 88' lang='lat' dir='ltr'><strong>possit</strong></span> <span class='ocrx_word' id='word_1_473' title='bbox 2067 3136 2212 3206; x_wconf 88' lang='lat' dir='ltr'><strong>quod</strong></span> <span class='ocrx_word' id='word_1_474' title='bbox 2261 3135 2478 3192; x_wconf 82' lang='lat' dir='ltr'><strong>divinae</strong></span> <span class='ocrx_word' id='word_1_475' title='bbox 2517 3133 2740 3205; x_wconf 88' lang='lat' dir='ltr'><strong>regulae</strong></span> <span class='ocrx_word' id='word_1_476' title='bbox 2787 3140 2953 3202; x_wconf 86' lang='lat' dir='ltr'><strong>atque</strong></span> <span class='ocrx_word' id='word_1_477' title='bbox 2999 3129 3312 3186; x_wconf 85' lang='lat' dir='ltr'><strong>auctoritati</strong></span> <span class='ocrx_word' id='word_1_478' title='bbox 3345 3114 3467 3184; x_wconf 79' lang='lat' dir='ltr'><strong>non</strong></span> 
     </span>
    </p>
   </div>
   <div class='ocr_carea' id='block_1_64' title="bbox 1857 3220 3518 3296">
    <p class='ocr_par' dir='ltr' id='par_1_64' title="bbox 1857 3220 3518 3296">
     <span class='ocr_line' id='line_1_65' title="bbox 1857 3220 3518 3296; baseline -0.005 -10"><span class='ocrx_word' id='word_1_479' title='bbox 1857 3228 2249 3292; x_wconf 77' lang='lat' dir='ltr'><strong>concordaret;</strong></span> <span class='ocrx_word' id='word_1_480' title='bbox 2289 3226 2559 3296; x_wconf 86' lang='lat' dir='ltr'><strong>simulque</strong></span> <span class='ocrx_word' id='word_1_481' title='bbox 2590 3224 2949 3285; x_wconf 88' lang='lat' dir='ltr'><strong>inveniretur,</strong></span> <span class='ocrx_word' id='word_1_482' title='bbox 2987 3238 3126 3293; x_wconf 88' lang='lat' dir='ltr'><strong>quae</strong></span> <span class='ocrx_word' id='word_1_483' title='bbox 3151 3220 3472 3278; x_wconf 84' lang='lat' dir='ltr'><strong>occasiones</strong></span> <span class='ocrx_word' id='word_1_484' title='bbox 3510 3269 3518 3277; x_wconf 86' lang='lat'><strong>.</strong></span> 
     </span>
    </p>
   </div>
   <div class='ocr_carea' id='block_1_65' title="bbox 1856 3311 3472 3390">
    <p class='ocr_par' dir='ltr' id='par_1_65' title="bbox 1856 3311 3472 3390">
     <span class='ocr_line' id='line_1_66' title="bbox 1856 3311 3472 3390; baseline -0.007 -13"><span class='ocrx_word' id='word_1_485' title='bbox 1856 3320 1912 3377; x_wconf 91' lang='lat' dir='ltr'><strong>in</strong></span> <span class='ocrx_word' id='word_1_486' title='bbox 1947 3327 2179 3390; x_wconf 81' lang='lat' dir='ltr'><strong>utroque</strong></span> <span class='ocrx_word' id='word_1_487' title='bbox 2213 3317 2420 3384; x_wconf 21' lang='lat' dir='ltr'><strong>ordine,</strong></span> <span class='ocrx_word' id='word_1_488' title='bbox 2451 3315 2504 3372; x_wconf 88' lang='lat' dir='ltr'><strong>id</strong></span> <span class='ocrx_word' id='word_1_489' title='bbox 2539 3316 2866 3380; x_wconf 73' lang='lat' dir='ltr'><strong>effecerunt,</strong></span> <span class='ocrx_word' id='word_1_490' title='bbox 2899 3321 2966 3372; x_wconf 85' lang='lat' dir='ltr'><strong>ut</strong></span> <span class='ocrx_word' id='word_1_491' title='bbox 3003 3329 3034 3368; x_wconf 87' lang='lat' dir='ltr'><strong>a</strong></span> <span class='ocrx_word' id='word_1_492' title='bbox 3069 3321 3222 3369; x_wconf 87' lang='lat' dir='ltr'><strong>recto</strong></span> <span class='ocrx_word' id='word_1_493' title='bbox 3251 3311 3472 3365; x_wconf 82' lang='lat' dir='ltr'><strong>tramite</strong></span> 
     </span>
    </p>
   </div>
   <div class='ocr_carea' id='block_1_66' title="bbox 1858 3402 3466 3480">
    <p class='ocr_par' dir='ltr' id='par_1_66' title="bbox 1858 3402 3466 3480">
     <span class='ocr_line' id='line_1_67' title="bbox 1858 3402 3466 3480; baseline -0.008 -12"><span class='ocrx_word' id='word_1_494' title='bbox 1858 3411 2198 3476; x_wconf 85' lang='lat' dir='ltr'><strong>deviassent;</strong></span> <span class='ocrx_word' id='word_1_495' title='bbox 2238 3417 2293 3465; x_wconf 93' lang='lat' dir='ltr'><strong>et</strong></span> <span class='ocrx_word' id='word_1_496' title='bbox 2341 3407 2605 3480; x_wconf 71' lang='lat' dir='ltr'><strong>quitquid</strong></span> <span class='ocrx_word' id='word_1_497' title='bbox 2652 3407 2720 3462; x_wconf 92' lang='lat' dir='ltr'><strong>de</strong></span> <span class='ocrx_word' id='word_1_498' title='bbox 2778 3407 2877 3462; x_wconf 88' lang='lat' dir='ltr'><strong>bis.</strong></span> <span class='ocrx_word' id='word_1_499' title='bbox 2920 3406 3198 3460; x_wconf 89' lang='lat' dir='ltr'><strong>inventum</strong></span> <span class='ocrx_word' id='word_1_500' title='bbox 3247 3402 3466 3464; x_wconf 70' lang='lat' dir='ltr'><strong>fuisset,</strong></span> 
     </span>
    </p>
   </div>
   <div class='ocr_carea' id='block_1_67' title="bbox 1857 3491 3472 3561">
    <p class='ocr_par' dir='ltr' id='par_1_67' title="bbox 1857 3491 3472 3561">
     <span class='ocr_line' id='line_1_68' title="bbox 1857 3491 3472 3561; baseline -0.005 -7"><span class='ocrx_word' id='word_1_501' title='bbox 1857 3510 2074 3558; x_wconf 84' lang='lat' dir='ltr'><strong>vestrae</strong></span> <span class='ocrx_word' id='word_1_502' title='bbox 2113 3499 2419 3557; x_wconf 85' lang='lat' dir='ltr'><strong>celsitudiui</strong></span> <span class='ocrx_word' id='word_1_503' title='bbox 2452 3505 2642 3552; x_wconf 93' lang='lat' dir='ltr'><strong>notum</strong></span> <span class='ocrx_word' id='word_1_504' title='bbox 2691 3494 2954 3551; x_wconf 87' lang='lat' dir='ltr'><strong>facerent.</strong></span> <span class='ocrx_word' id='word_1_505' title='bbox 2987 3492 3174 3561; x_wconf 85' lang='lat' dir='ltr'><strong>Quod,</strong></span> <span class='ocrx_word' id='word_1_506' title='bbox 3232 3500 3293 3546; x_wconf 89' lang='lat' dir='ltr'><strong>ut</strong></span> <span class='ocrx_word' id='word_1_507' title='bbox 3326 3491 3472 3546; x_wconf 84' lang='lat' dir='ltr'><strong>Deus</strong></span> 
     </span>
    </p>
   </div>
   <div class='ocr_carea' id='block_1_68' title="bbox 1857 3582 3473 3662">
    <p class='ocr_par' dir='ltr' id='par_1_68' title="bbox 1857 3582 3473 3662">
     <span class='ocr_line' id='line_1_69' title="bbox 1857 3582 3473 3662; baseline -0.01 -12"><span class='ocrx_word' id='word_1_508' title='bbox 1857 3608 2018 3662; x_wconf 87' lang='lat' dir='ltr'><strong>posse</strong></span> <span class='ocrx_word' id='word_1_509' title='bbox 2038 3591 2208 3658; x_wconf 86' lang='lat' dir='ltr'><strong>dedit,</strong></span> <span class='ocrx_word' id='word_1_510' title='bbox 2237 3589 2418 3646; x_wconf 86' lang='lat' dir='ltr'><strong>facere</strong></span> <span class='ocrx_word' id='word_1_511' title='bbox 2453 3588 2792 3653; x_wconf 90' lang='lat' dir='ltr'><strong>curavimus,</strong></span> <span class='ocrx_word' id='word_1_512' title='bbox 2836 3593 2892 3641; x_wconf 82' lang='lat' dir='ltr'><strong>et</strong></span> <span class='ocrx_word' id='word_1_513' title='bbox 2938 3585 2992 3640; x_wconf 92' lang='lat' dir='ltr'><strong>in</strong></span> <span class='ocrx_word' id='word_1_514' title='bbox 3035 3583 3296 3640; x_wconf 81' lang='lat' dir='ltr'><strong>subiectis</strong></span> <span class='ocrx_word' id='word_1_515' title='bbox 3324 3582 3473 3652; x_wconf 88' lang='lat' dir='ltr'><strong>capi-</strong></span> 
     </span>
    </p>
   </div>
   <div class='ocr_carea' id='block_1_69' title="bbox 1859 3685 2483 3742">
    <p class='ocr_par' dir='ltr' id='par_1_69' title="bbox 1859 3685 2483 3742">
     <span class='ocr_line' id='line_1_70' title="bbox 1859 3685 2483 3742; baseline -0.006 0"><span class='ocrx_word' id='word_1_516' title='bbox 1859 3687 1986 3742; x_wconf 90' lang='lat' dir='ltr'><strong>tulis</strong></span> <span class='ocrx_word' id='word_1_517' title='bbox 2022 3685 2422 3742; x_wconf 84' lang='lat' dir='ltr'><strong>adnotavimus.</strong></span> <span class='ocrx_word' id='word_1_518' title='bbox 2472 3718 2483 3728; x_wconf 72' lang='lat'><strong><em>~</em></strong></span> 
     </span>
    </p>
   </div>
   <div class='ocr_carea' id='block_1_70' title="bbox 1931 3770 3471 3849">
    <p class='ocr_par' dir='ltr' id='par_1_70' title="bbox 1931 3770 3471 3849">
     <span class='ocr_line' id='line_1_71' title="bbox 1931 3770 3471 3849; baseline -0.01 -16"><span class='ocrx_word' id='word_1_519' title='bbox 1931 3778 2064 3849; x_wconf 84' lang='lat' dir='ltr'><strong>Cap.</strong></span> <span class='ocrx_word' id='word_1_520' title='bbox 2092 3778 2142 3832; x_wconf 84' lang='grc'><strong>1.</strong></span> <span class='ocrx_word' id='word_1_521' title='bbox 2169 3776 2310 3843; x_wconf 83' lang='lat' dir='ltr'><strong>Quid</strong></span> <span class='ocrx_word' id='word_1_522' title='bbox 2332 3775 2541 3847; x_wconf 74' lang='lat' dir='ltr'><strong>proprie</strong></span> <span class='ocrx_word' id='word_1_523' title='bbox 2568 3773 2639 3828; x_wconf 85' lang='lat' dir='ltr'><strong>ad</strong></span> <span class='ocrx_word' id='word_1_524' title='bbox 2664 3771 2967 3843; x_wconf 83' lang='lat' dir='ltr'><strong>religionem</strong></span> <span class='ocrx_word' id='word_1_525' title='bbox 2993 3770 3333 3823; x_wconf 73' lang='lat' dir='ltr'><strong>christianum</strong></span> <span class='ocrx_word' id='word_1_526' title='bbox 3357 3783 3471 3838; x_wconf 80' lang='lat' dir='ltr'><strong>per-</strong></span> 
     </span>
    </p>
   </div>
   <div class='ocr_carea' id='block_1_71' title="bbox 1858 3857 3470 3932">
    <p class='ocr_par' dir='ltr' id='par_1_71' title="bbox 1858 3857 3470 3932">
     <span class='ocr_line' id='line_1_72' title="bbox 1858 3857 3470 3932; baseline -0.007 -8"><span class='ocrx_word' id='word_1_527' title='bbox 1858 3871 1987 3924; x_wconf 77' lang='lat' dir='ltr'><strong>tinet</strong></span> <span class='ocrx_word' id='word_1_528' title='bbox 2019 3880 2067 3923; x_wconf 74' lang='grc' dir='ltr'><strong>ε.</strong></span> <span class='ocrx_word' id='word_1_529' title='bbox 2099 3864 2791 3932; x_wconf 74' lang='lat' dir='ltr'><strong>Primumfundamentum</strong></span> <span class='ocrx_word' id='word_1_530' title='bbox 2826 3860 3158 3918; x_wconf 87' lang='lat' dir='ltr'><strong>cbristianae</strong></span> <span class='ocrx_word' id='word_1_531' title='bbox 3189 3857 3470 3928; x_wconf 87' lang='lat' dir='ltr'><strong>religionis</strong></span> 
     </span>
    </p>
   </div>
   <div class='ocr_carea' id='block_1_72' title="bbox 1862 3948 3475 4023">
    <p class='ocr_par' dir='ltr' id='par_1_72' title="bbox 1862 3948 3475 4023">
     <span class='ocr_line' id='line_1_73' title="bbox 1862 3948 3475 4023; baseline -0.01 -6"><span class='ocrx_word' id='word_1_532' title='bbox 1862 3969 1947 4018; x_wconf 90' lang='lat' dir='ltr'><strong>est</strong></span> <span class='ocrx_word' id='word_1_533' title='bbox 1975 3960 2112 4016; x_wconf 90' lang='lat' dir='ltr'><strong>ﬁdes</strong></span> <span class='ocrx_word' id='word_1_534' title='bbox 2146 3959 2447 4023; x_wconf 88' lang='lat' dir='ltr'><strong>catholica;</strong></span> <span class='ocrx_word' id='word_1_535' title='bbox 2479 3958 2584 4013; x_wconf 83' lang='lat' dir='ltr'><strong>hoc</strong></span> <span class='ocrx_word' id='word_1_536' title='bbox 2608 3965 2696 4012; x_wconf 90' lang='lat' dir='ltr'><strong>est</strong></span> <span class='ocrx_word' id='word_1_537' title='bbox 2715 3956 2938 4012; x_wconf 89' lang='lat' dir='ltr'><strong>credere</strong></span> <span class='ocrx_word' id='word_1_538' title='bbox 2964 3954 3018 4007; x_wconf 91' lang='lat' dir='ltr'><strong>in</strong></span> <span class='ocrx_word' id='word_1_539' title='bbox 3056 3953 3274 4007; x_wconf 86' lang='lat' dir='ltr'><strong>Patrem</strong></span> <span class='ocrx_word' id='word_1_540' title='bbox 3299 3957 3354 4004; x_wconf 87' lang='lat' dir='ltr'><strong>et</strong></span> <span class='ocrx_word' id='word_1_541' title='bbox 3383 3948 3475 4002; x_wconf 77' lang='lat' dir='ltr'><strong>Fi-</strong></span> 
     </span>
    </p>
   </div>
   <div class='ocr_carea' id='block_1_73' title="bbox 1860 4044 3471 4122">
    <p class='ocr_par' dir='ltr' id='par_1_73' title="bbox 1860 4044 3471 4122">
     <span class='ocr_line' id='line_1_74' title="bbox 1860 4044 3471 4122; baseline -0.006 -16"><span class='ocrx_word' id='word_1_542' title='bbox 1860 4052 1994 4108; x_wconf 91' lang='lat' dir='ltr'><strong>lium</strong></span> <span class='ocrx_word' id='word_1_543' title='bbox 2029 4060 2086 4109; x_wconf 91' lang='lat' dir='ltr'><strong>et</strong></span> <span class='ocrx_word' id='word_1_544' title='bbox 2129 4051 2391 4122; x_wconf 89' lang='lat' dir='ltr'><strong>Spiritum</strong></span> <span class='ocrx_word' id='word_1_545' title='bbox 2430 4058 2702 4115; x_wconf 89' lang='lat' dir='ltr'><strong>sanctum,</strong></span> <span class='ocrx_word' id='word_1_546' title='bbox 2739 4064 2908 4104; x_wconf 92' lang='lat' dir='ltr'><strong>unum</strong></span> <span class='ocrx_word' id='word_1_547' title='bbox 2953 4055 3009 4105; x_wconf 89' lang='lat' dir='ltr'><strong>ct</strong></span> <span class='ocrx_word' id='word_1_548' title='bbox 3035 4061 3225 4101; x_wconf 89' lang='lat' dir='ltr'><strong>verum</strong></span> <span class='ocrx_word' id='word_1_549' title='bbox 3259 4044 3427 4099; x_wconf 85' lang='lat' dir='ltr'><strong>Deum</strong></span> <span class='ocrx_word' id='word_1_550' title='bbox 3455 4084 3471 4108; x_wconf 92' lang='lat'><strong>,</strong></span> 
     </span>
    </p>
   </div>
   <div class='ocr_carea' id='block_1_74' title="bbox 1862 4137 3476 4216">
    <p class='ocr_par' dir='ltr' id='par_1_74' title="bbox 1862 4137 3476 4216">
     <span class='ocr_line' id='line_1_75' title="bbox 1862 4137 3476 4216; baseline -0.005 -16"><span class='ocrx_word' id='word_1_551' title='bbox 1862 4146 2070 4200; x_wconf 88' lang='lat' dir='ltr'><strong>trinum</strong></span> <span class='ocrx_word' id='word_1_552' title='bbox 2104 4144 2158 4200; x_wconf 92' lang='lat' dir='ltr'><strong>in</strong></span> <span class='ocrx_word' id='word_1_553' title='bbox 2186 4143 2454 4216; x_wconf 90' lang='lat' dir='ltr'><strong>personis,</strong></span> <span class='ocrx_word' id='word_1_554' title='bbox 2487 4150 2543 4199; x_wconf 91' lang='lat' dir='ltr'><strong>et</strong></span> <span class='ocrx_word' id='word_1_555' title='bbox 2576 4157 2744 4198; x_wconf 92' lang='lat' dir='ltr'><strong>unum</strong></span> <span class='ocrx_word' id='word_1_556' title='bbox 2783 4142 2840 4196; x_wconf 91' lang='lat' dir='ltr'><strong>in</strong></span> <span class='ocrx_word' id='word_1_557' title='bbox 2871 4138 3210 4207; x_wconf 72' lang='lat' dir='ltr'><strong>sul-stantia;</strong></span> <span class='ocrx_word' id='word_1_558' title='bbox 3249 4137 3476 4193; x_wconf 84' lang='lat' dir='ltr'><strong>credere</strong></span> 
     </span>
    </p>
   </div>
   <div class='ocr_carea' id='block_1_75' title="bbox 137 4230 3473 4306">
    <p class='ocr_par' dir='ltr' id='par_1_75' title="bbox 137 4230 3473 4306">
     <span class='ocr_line' id='line_1_76' title="bbox 137 4230 3473 4306; baseline -0.001 -22"><span class='ocrx_word' id='word_1_559' title='bbox 137 4232 306 4288; x_wconf 85' lang='lat' dir='ltr'><strong>vobis</strong></span> <span class='ocrx_word' id='word_1_560' title='bbox 340 4232 636 4298; x_wconf 79' lang='lat' dir='ltr'><strong>tribueret,</strong></span> <span class='ocrx_word' id='word_1_561' title='bbox 673 4233 728 4287; x_wconf 92' lang='lat' dir='ltr'><strong>in</strong></span> <span class='ocrx_word' id='word_1_562' title='bbox 770 4233 872 4288; x_wconf 90' lang='lat' dir='ltr'><strong>hoc</strong></span> <span class='ocrx_word' id='word_1_563' title='bbox 916 4233 1177 4304; x_wconf 87' lang='lat' dir='ltr'><strong>placitum</strong></span> <span class='ocrx_word' id='word_1_564' title='bbox 1219 4242 1460 4290; x_wconf 90' lang='lat' dir='ltr'><strong>vestrum</strong></span> <span class='ocrx_word' id='word_1_565' title='bbox 1505 4235 1759 4306; x_wconf 85' lang='lat' dir='ltr'><strong>generale</strong></span> <span class='ocrx_word' id='word_1_566' title='bbox 1800 4301 1831 4306; x_wconf 86' lang='lat'>_</span> <span class='ocrx_word' id='word_1_567' title='bbox 1862 4235 2030 4290; x_wconf 88' lang='lat' dir='ltr'><strong>etiam</strong></span> <span class='ocrx_word' id='word_1_568' title='bbox 2064 4235 2210 4304; x_wconf 91' lang='lat' dir='ltr'><strong>quod</strong></span> <span class='ocrx_word' id='word_1_569' title='bbox 2241 4234 2355 4290; x_wconf 86' lang='lat' dir='ltr'><strong>sola</strong></span> <span class='ocrx_word' id='word_1_570' title='bbox 2376 4249 2608 4304; x_wconf 84' lang='lat' dir='ltr'><strong>persona</strong></span> <span class='ocrx_word' id='word_1_571' title='bbox 2633 4232 2754 4288; x_wconf 85' lang='lat' dir='ltr'><strong>Filii</strong></span> <span class='ocrx_word' id='word_1_572' title='bbox 2788 4247 2888 4302; x_wconf 85' lang='lat' dir='ltr'><strong>pro</strong></span> <span class='ocrx_word' id='word_1_573' title='bbox 2923 4230 3098 4286; x_wconf 81' lang='lat' dir='ltr'><strong>salute</strong></span> <span class='ocrx_word' id='word_1_574' title='bbox 3133 4237 3316 4284; x_wconf 87' lang='lat' dir='ltr'><strong>nostra</strong></span> <span class='ocrx_word' id='word_1_575' title='bbox 3349 4243 3473 4283; x_wconf 89' lang='lat' dir='ltr'><strong>car-</strong></span> 
     </span>
    </p>
   </div>
   <div class='ocr_carea' id='block_1_76' title="bbox 139 4301 3472 4396">
    <p class='ocr_par' dir='ltr' id='par_1_76' title="bbox 139 4301 3472 4396">
     <span class='ocr_line' id='line_1_77' title="bbox 139 4301 3472 4396; baseline -0.001 -18"><span class='ocrx_word' id='word_1_576' title='bbox 139 4337 481 4379; x_wconf 86' lang='lat' dir='ltr'><strong>consumare</strong></span> <span class='ocrx_word' id='word_1_577' title='bbox 505 4323 828 4388; x_wconf 82' lang='lat' dir='ltr'><strong>voluissetis,</strong></span> <span class='ocrx_word' id='word_1_578' title='bbox 869 4331 927 4379; x_wconf 92' lang='lat' dir='ltr'><strong>ut</strong></span> <span class='ocrx_word' id='word_1_579' title='bbox 952 4325 1186 4395; x_wconf 87' lang='lat' dir='ltr'><strong>primum</strong></span> <span class='ocrx_word' id='word_1_580' title='bbox 1224 4326 1480 4396; x_wconf 90' lang='lat' dir='ltr'><strong>quicquid</strong></span> <span class='ocrx_word' id='word_1_581' title='bbox 1505 4327 1557 4381; x_wconf 93' lang='lat' dir='ltr'><strong>in</strong></span> <span class='ocrx_word' id='word_1_582' title='bbox 1583 4328 1756 4392; x_wconf 85' lang='lat' dir='ltr'><strong>vobis,</strong></span> <span class='ocrx_word' id='word_1_583' title='bbox 1785 4301 1834 4366; x_wconf 61' lang='grc' dir='ltr'><strong>(ἶ</strong></span> <span class='ocrx_word' id='word_1_584' title='bbox 1864 4343 1987 4383; x_wconf 85' lang='lat' dir='ltr'><strong>nem</strong></span> <span class='ocrx_word' id='word_1_585' title='bbox 2017 4327 2390 4396; x_wconf 85' lang='lat' dir='ltr'><strong>assumpserit,</strong></span> <span class='ocrx_word' id='word_1_586' title='bbox 2419 4326 2472 4380; x_wconf 88' lang='lat' dir='ltr'><strong>in</strong></span> <span class='ocrx_word' id='word_1_587' title='bbox 2496 4341 2604 4396; x_wconf 91' lang='lat' dir='ltr'><strong>qua</strong></span> <span class='ocrx_word' id='word_1_588' title='bbox 2628 4337 2679 4381; x_wconf 87' lang='lat' dir='ltr'><strong>et</strong></span> <span class='ocrx_word' id='word_1_589' title='bbox 2708 4341 2903 4396; x_wconf 81' lang='lat' dir='ltr'><strong>passus</strong></span> <span class='ocrx_word' id='word_1_590' title='bbox 2937 4331 3042 4384; x_wconf 84' lang='lat' dir='ltr'><strong>est.</strong></span> <span class='ocrx_word' id='word_1_591' title='bbox 3073 4330 3124 4375; x_wconf 82' lang='lat' dir='ltr'><strong>et</strong></span> <span class='ocrx_word' id='word_1_592' title='bbox 3150 4322 3472 4388; x_wconf 75' lang='lat' dir='ltr'><strong>resurrexit,</strong></span> 
     </span>
    </p>
   </div>
   <div class='ocr_carea' id='block_1_77' title="bbox 141 4415 1759 4492">
    <p class='ocr_par' dir='ltr' id='par_1_77' title="bbox 141 4415 1759 4492">
     <span class='ocr_line' id='line_1_78' title="bbox 141 4415 1759 4492; baseline 0.003 -22"><span class='ocrx_word' id='word_1_593' title='bbox 141 4415 200 4472; x_wconf 94' lang='lat' dir='ltr'><strong>id</strong></span> <span class='ocrx_word' id='word_1_594' title='bbox 228 4425 321 4472; x_wconf 88' lang='lat' dir='ltr'><strong>est</strong></span> <span class='ocrx_word' id='word_1_595' title='bbox 346 4415 400 4470; x_wconf 91' lang='lat' dir='ltr'><strong>in</strong></span> <span class='ocrx_word' id='word_1_596' title='bbox 434 4430 664 4486; x_wconf 86' lang='lat' dir='ltr'><strong>persona</strong></span> <span class='ocrx_word' id='word_1_597' title='bbox 703 4428 759 4472; x_wconf 90' lang='lat' dir='ltr'><strong>et</strong></span> <span class='ocrx_word' id='word_1_598' title='bbox 793 4417 1094 4473; x_wconf 90' lang='lat' dir='ltr'><strong>ministerio</strong></span> <span class='ocrx_word' id='word_1_599' title='bbox 1133 4429 1343 4484; x_wconf 87' lang='lat' dir='ltr'><strong>vestro,</strong></span> <span class='ocrx_word' id='word_1_600' title='bbox 1380 4419 1759 4492; x_wconf 87' lang='lat' dir='ltr'><strong>corrigendum</strong></span> 
     </span>
    </p>
   </div>
   <div class='ocr_carea' id='block_1_78' title="bbox 143 4506 1760 4580">
    <p class='ocr_par' dir='ltr' id='par_1_78' title="bbox 143 4506 1760 4580">
     <span class='ocr_line' id='line_1_79' title="bbox 143 4506 1760 4580; baseline 0.003 -19"><span class='ocrx_word' id='word_1_601' title='bbox 143 4506 512 4571; x_wconf 85' lang='lat' dir='ltr'><strong>inveniretur,</strong></span> <span class='ocrx_word' id='word_1_602' title='bbox 558 4506 786 4563; x_wconf 89' lang='lat' dir='ltr'><strong>Domino</strong></span> <span class='ocrx_word' id='word_1_603' title='bbox 816 4509 1111 4564; x_wconf 82' lang='lat' dir='ltr'><strong>auxiliante</strong></span> <span class='ocrx_word' id='word_1_604' title='bbox 1141 4510 1520 4580; x_wconf 90' lang='lat' dir='ltr'><strong>corrigeretis,</strong></span> <span class='ocrx_word' id='word_1_605' title='bbox 1565 4509 1760 4567; x_wconf 91' lang='lat' dir='ltr'><strong>deinde</strong></span> 
     </span>
    </p>
   </div>
   <div class='ocr_carea' id='block_1_79' title="bbox 143 4597 1760 4670">
    <p class='ocr_par' dir='ltr' id='par_1_79' title="bbox 143 4597 1760 4670">
     <span class='ocr_line' id='line_1_80' title="bbox 143 4597 1760 4670; baseline 0.004 -19"><span class='ocrx_word' id='word_1_606' title='bbox 143 4597 490 4667; x_wconf 87' lang='lat' dir='ltr'><strong>quicumque</strong></span> <span class='ocrx_word' id='word_1_607' title='bbox 517 4597 570 4652; x_wconf 89' lang='lat' dir='ltr'><strong>in</strong></span> <span class='ocrx_word' id='word_1_608' title='bbox 605 4597 858 4653; x_wconf 89' lang='lat' dir='ltr'><strong>omnibus</strong></span> <span class='ocrx_word' id='word_1_609' title='bbox 886 4599 1166 4654; x_wconf 89' lang='lat' dir='ltr'><strong>ordinibus</strong></span> <span class='ocrx_word' id='word_1_610' title='bbox 1205 4599 1418 4670; x_wconf 87' lang='lat' dir='ltr'><strong>imperii</strong></span> <span class='ocrx_word' id='word_1_611' title='bbox 1448 4600 1614 4656; x_wconf 87' lang='lat' dir='ltr'><strong>vestri</strong></span> <span class='ocrx_word' id='word_1_612' title='bbox 1649 4601 1760 4657; x_wconf 91' lang='lat' dir='ltr'><strong>Deo</strong></span> 
     </span>
    </p>
   </div>
   <div class='ocr_carea' id='block_1_80' title="bbox 145 4687 1760 4758">
    <p class='ocr_par' dir='ltr' id='par_1_80' title="bbox 145 4687 1760 4758">
     <span class='ocr_line' id='line_1_81' title="bbox 145 4687 1760 4758; baseline 0.002 -15"><span class='ocrx_word' id='word_1_613' title='bbox 145 4687 470 4758; x_wconf 83' lang='lat' dir='ltr'><strong>displiceret</strong></span> <span class='ocrx_word' id='word_1_614' title='bbox 492 4687 859 4757; x_wconf 78' lang='lat' dir='ltr'><strong>inquii-cretis,</strong></span> <span class='ocrx_word' id='word_1_615' title='bbox 885 4697 940 4744; x_wconf 89' lang='lat' dir='ltr'><strong>et</strong></span> <span class='ocrx_word' id='word_1_616' title='bbox 963 4690 1258 4744; x_wconf 88' lang='lat' dir='ltr'><strong>secundum</strong></span> <span class='ocrx_word' id='word_1_617' title='bbox 1289 4690 1406 4744; x_wconf 90' lang='lat' dir='ltr'><strong>eius</strong></span> <span class='ocrx_word' id='word_1_618' title='bbox 1427 4690 1760 4746; x_wconf 89' lang='lat' dir='ltr'><strong>voluntatem</strong></span> 
     </span>
    </p>
   </div>
   <div class='ocr_carea' id='block_1_81' title="bbox 146 4760 1761 4837">
    <p class='ocr_par' dir='ltr' id='par_1_81' title="bbox 146 4760 1761 4837">
     <span class='ocr_line' id='line_1_82' title="bbox 146 4760 1761 4837; baseline 0.002 -4"><span class='ocrx_word' id='word_1_619' title='bbox 146 4792 280 4833; x_wconf 79' lang='lat' dir='ltr'><strong>cum</strong></span> <span class='ocrx_word' id='word_1_620' title='bbox 319 4791 588 4832; x_wconf 83' lang='lat' dir='ltr'><strong>consensu</strong></span> <span class='ocrx_word' id='word_1_621' title='bbox 624 4760 861 4833; x_wconf 76' lang='lat' dir='ltr'><strong>ﬁdelium</strong></span> <span class='ocrx_word' id='word_1_622' title='bbox 904 4787 1210 4834; x_wconf 89' lang='lat' dir='ltr'><strong>vestrorum</strong></span> <span class='ocrx_word' id='word_1_623' title='bbox 1252 4781 1318 4835; x_wconf 90' lang='lat' dir='ltr'><strong>ad</strong></span> <span class='ocrx_word' id='word_1_624' title='bbox 1357 4781 1634 4836; x_wconf 89' lang='lat' dir='ltr'><strong>tramitem</strong></span> <span class='ocrx_word' id='word_1_625' title='bbox 1673 4796 1761 4837; x_wconf 90' lang='lat' dir='ltr'><strong>re-</strong></span> 
     </span>
    </p>
   </div>
   <div class='ocr_carea' id='block_1_82' title="bbox 145 4869 1756 4942">
    <p class='ocr_par' dir='ltr' id='par_1_82' title="bbox 145 4869 1756 4942">
     <span class='ocr_line' id='line_1_83' title="bbox 145 4869 1756 4942; baseline 0.003 -19"><span class='ocrx_word' id='word_1_626' title='bbox 145 4869 444 4924; x_wconf 86' lang='lat' dir='ltr'><strong>ctitudinis</strong></span> <span class='ocrx_word' id='word_1_627' title='bbox 485 4871 832 4925; x_wconf 85' lang='lat' dir='ltr'><strong>revocaretis.</strong></span> <span class='ocrx_word' id='word_1_628' title='bbox 887 4871 995 4926; x_wconf 88' lang='lat' dir='ltr'><strong>Sed</strong></span> <span class='ocrx_word' id='word_1_629' title='bbox 1044 4872 1169 4940; x_wconf 92' lang='lat' dir='ltr'><strong>quia</strong></span> <span class='ocrx_word' id='word_1_630' title='bbox 1226 4879 1437 4942; x_wconf 86' lang='lat' dir='ltr'><strong>tempus</strong></span> <span class='ocrx_word' id='word_1_631' title='bbox 1480 4882 1756 4942; x_wconf 85' lang='lat' dir='ltr'><strong>optatum,</strong></span> 
     </span>
    </p>
   </div>
   <div class='ocr_carea' id='block_1_83' title="bbox 148 4960 1760 5033">
    <p class='ocr_par' dir='ltr' id='par_1_83' title="bbox 148 4960 1760 5033">
     <span class='ocr_line' id='line_1_84' title="bbox 148 4960 1760 5033; baseline 0.004 -17"><span class='ocrx_word' id='word_1_632' title='bbox 148 4960 524 5018; x_wconf 76' lang='lat' dir='ltr'><strong>exterioribus</strong></span> <span class='ocrx_word' id='word_1_633' title='bbox 563 4961 962 5019; x_wconf 88' lang='lat' dir='ltr'><strong>incursionibus</strong></span> <span class='ocrx_word' id='word_1_634' title='bbox 1006 4965 1478 5033; x_wconf 86' lang='lat' dir='ltr'><strong>praepedientibus</strong></span> <span class='ocrx_word' id='word_1_635' title='bbox 1502 5007 1517 5030; x_wconf 96' lang='lat'><strong>,</strong></span> <span class='ocrx_word' id='word_1_636' title='bbox 1565 4981 1760 5022; x_wconf 88' lang='lat' dir='ltr'><strong>secun-</strong></span> 
     </span>
    </p>
   </div>
   <div class='ocr_carea' id='block_1_84' title="bbox 151 5050 1763 5120">
    <p class='ocr_par' dir='ltr' id='par_1_84' title="bbox 151 5050 1763 5120">
     <span class='ocr_line' id='line_1_85' title="bbox 151 5050 1763 5120; baseline 0.004 -14"><span class='ocrx_word' id='word_1_637' title='bbox 151 5052 286 5106; x_wconf 88' lang='lat' dir='ltr'><strong>dum</strong></span> <span class='ocrx_word' id='word_1_638' title='bbox 313 5050 643 5107; x_wconf 80' lang='lat' dir='ltr'><strong>desiderium</strong></span> <span class='ocrx_word' id='word_1_639' title='bbox 675 5061 915 5107; x_wconf 87' lang='lat' dir='ltr'><strong>vestrum</strong></span> <span class='ocrx_word' id='word_1_640' title='bbox 949 5054 1096 5109; x_wconf 91' lang='lat' dir='ltr'><strong>nacti</strong></span> <span class='ocrx_word' id='word_1_641' title='bbox 1140 5071 1246 5110; x_wconf 89' lang='lat' dir='ltr'><strong>non</strong></span> <span class='ocrx_word' id='word_1_642' title='bbox 1284 5055 1441 5120; x_wconf 88' lang='lat' dir='ltr'><strong>estis,</strong></span> <span class='ocrx_word' id='word_1_643' title='bbox 1486 5056 1643 5111; x_wconf 87' lang='lat' dir='ltr'><strong>libuit</strong></span> <span class='ocrx_word' id='word_1_644' title='bbox 1676 5071 1763 5112; x_wconf 90' lang='lat' dir='ltr'><strong>se-</strong></span> 
     </span>
    </p>
   </div>
   <div class='ocr_carea' id='block_1_85' title="bbox 152 5142 1764 5217">
    <p class='ocr_par' dir='ltr' id='par_1_85' title="bbox 152 5142 1764 5217">
     <span class='ocr_line' id='line_1_86' title="bbox 152 5142 1764 5217; baseline 0.003 -19"><span class='ocrx_word' id='word_1_645' title='bbox 152 5142 385 5198; x_wconf 86' lang='lat' dir='ltr'><strong>renitati</strong></span> <span class='ocrx_word' id='word_1_646' title='bbox 411 5149 593 5200; x_wconf 76' lang='lat' dir='ltr'><strong>vestre</strong></span> <span class='ocrx_word' id='word_1_647' title='bbox 626 5159 749 5199; x_wconf 92' lang='lat' dir='ltr'><strong>cum</strong></span> <span class='ocrx_word' id='word_1_648' title='bbox 770 5145 1095 5215; x_wconf 87' lang='lat' dir='ltr'><strong>quibusdam</strong></span> <span class='ocrx_word' id='word_1_649' title='bbox 1119 5145 1365 5201; x_wconf 86' lang='lat' dir='ltr'><strong>ﬁdelibus</strong></span> <span class='ocrx_word' id='word_1_650' title='bbox 1385 5147 1584 5202; x_wconf 89' lang='lat' dir='ltr'><strong>vestris</strong></span> <span class='ocrx_word' id='word_1_651' title='bbox 1606 5163 1764 5217; x_wconf 86' lang='lat' dir='ltr'><strong>prae-</strong></span> 
     </span>
    </p>
   </div>
   <div class='ocr_carea' id='block_1_86' title="bbox 1860 4416 3471 4488">
    <p class='ocr_par' dir='ltr' id='par_1_86' title="bbox 1860 4416 3471 4488">
     <span class='ocr_line' id='line_1_87' title="bbox 1860 4416 3471 4488; baseline -0.004 -12"><span class='ocrx_word' id='word_1_652' title='bbox 1860 4427 1916 4476; x_wconf 88' lang='lat' dir='ltr'><strong>et</strong></span> <span class='ocrx_word' id='word_1_653' title='bbox 1940 4419 2184 4476; x_wconf 85' lang='lat' dir='ltr'><strong>ascendit</strong></span> <span class='ocrx_word' id='word_1_654' title='bbox 2209 4419 2263 4473; x_wconf 92' lang='lat' dir='ltr'><strong>in</strong></span> <span class='ocrx_word' id='word_1_655' title='bbox 2285 4418 2466 4483; x_wconf 87' lang='lat' dir='ltr'><strong>celos;</strong></span> <span class='ocrx_word' id='word_1_656' title='bbox 2495 4434 2618 4474; x_wconf 86' lang='lat' dir='ltr'><strong>cum</strong></span> <span class='ocrx_word' id='word_1_657' title='bbox 2646 4435 2753 4488; x_wconf 89' lang='lat' dir='ltr'><strong>qua</strong></span> <span class='ocrx_word' id='word_1_658' title='bbox 2779 4419 2948 4473; x_wconf 89' lang='lat' dir='ltr'><strong>etiam</strong></span> <span class='ocrx_word' id='word_1_659' title='bbox 2971 4419 3040 4475; x_wconf 90' lang='lat' dir='ltr'><strong>ad</strong></span> <span class='ocrx_word' id='word_1_660' title='bbox 3068 4416 3314 4473; x_wconf 88' lang='lat' dir='ltr'><strong>iuditium</strong></span> <span class='ocrx_word' id='word_1_661' title='bbox 3342 4430 3471 4470; x_wconf 78' lang='lat' dir='ltr'><strong>ven-</strong></span> 
     </span>
    </p>
   </div>
   <div class='ocr_carea' id='block_1_87' title="bbox 1860 4510 3472 4581">
    <p class='ocr_par' dir='ltr' id='par_1_87' title="bbox 1860 4510 3472 4581">
     <span class='ocr_line' id='line_1_88' title="bbox 1860 4510 3472 4581; baseline 0 -17"><span class='ocrx_word' id='word_1_662' title='bbox 1860 4518 2048 4578; x_wconf 84' lang='lat' dir='ltr'><strong>turus;</strong></span> <span class='ocrx_word' id='word_1_663' title='bbox 2083 4518 2138 4566; x_wconf 91' lang='lat' dir='ltr'><strong>et</strong></span> <span class='ocrx_word' id='word_1_664' title='bbox 2164 4511 2387 4567; x_wconf 85' lang='lat' dir='ltr'><strong>credere</strong></span> <span class='ocrx_word' id='word_1_665' title='bbox 2416 4512 2560 4581; x_wconf 90' lang='lat' dir='ltr'><strong>quod</strong></span> <span class='ocrx_word' id='word_1_666' title='bbox 2591 4526 2688 4581; x_wconf 89' lang='lat' dir='ltr'><strong>per</strong></span> <span class='ocrx_word' id='word_1_667' title='bbox 2718 4510 2980 4581; x_wconf 91' lang='lat' dir='ltr'><strong>Spiritum</strong></span> <span class='ocrx_word' id='word_1_668' title='bbox 3005 4519 3254 4566; x_wconf 89' lang='lat' dir='ltr'><strong>sanctum</strong></span> <span class='ocrx_word' id='word_1_669' title='bbox 3286 4510 3472 4564; x_wconf 58' lang='lat' dir='ltr'><strong>remis-</strong></span> 
     </span>
    </p>
   </div>
   <div class='ocr_carea' id='block_1_88' title="bbox 1861 4600 3476 4672">
    <p class='ocr_par' dir='ltr' id='par_1_88' title="bbox 1861 4600 3476 4672">
     <span class='ocr_line' id='line_1_89' title="bbox 1861 4600 3476 4672; baseline -0.002 -15"><span class='ocrx_word' id='word_1_670' title='bbox 1861 4604 1944 4658; x_wconf 90' lang='lat' dir='ltr'><strong>sio</strong></span> <span class='ocrx_word' id='word_1_671' title='bbox 1988 4610 2340 4672; x_wconf 87' lang='lat' dir='ltr'><strong>peccatorum</strong></span> <span class='ocrx_word' id='word_1_672' title='bbox 2377 4602 2430 4657; x_wconf 92' lang='lat' dir='ltr'><strong>in</strong></span> <span class='ocrx_word' id='word_1_673' title='bbox 2465 4602 2795 4672; x_wconf 88' lang='lat' dir='ltr'><strong>baptismate</strong></span> <span class='ocrx_word' id='word_1_674' title='bbox 2832 4600 3184 4666; x_wconf 83' lang='lat' dir='ltr'><strong>conferatur,</strong></span> <span class='ocrx_word' id='word_1_675' title='bbox 3234 4609 3290 4654; x_wconf 90' lang='lat' dir='ltr'><strong>et</strong></span> <span class='ocrx_word' id='word_1_676' title='bbox 3329 4600 3476 4670; x_wconf 81' lang='lat' dir='ltr'><strong>quod</strong></span> 
     </span>
    </p>
   </div>
   <div class='ocr_carea' id='block_1_89' title="bbox 1862 4689 3480 4759">
    <p class='ocr_par' dir='ltr' id='par_1_89' title="bbox 1862 4689 3480 4759">
     <span class='ocr_line' id='line_1_90' title="bbox 1862 4689 3480 4759; baseline -0.002 -11"><span class='ocrx_word' id='word_1_677' title='bbox 1862 4692 2112 4748; x_wconf 86' lang='lat' dir='ltr'><strong>ﬁdelibus</strong></span> <span class='ocrx_word' id='word_1_678' title='bbox 2147 4691 2203 4747; x_wconf 93' lang='lat' dir='ltr'><strong>in</strong></span> <span class='ocrx_word' id='word_1_679' title='bbox 2243 4691 2474 4747; x_wconf 88' lang='lat' dir='ltr'><strong>ecclesia</strong></span> <span class='ocrx_word' id='word_1_680' title='bbox 2505 4691 2707 4747; x_wconf 90' lang='lat' dir='ltr'><strong>Christi</strong></span> <span class='ocrx_word' id='word_1_681' title='bbox 2744 4690 2987 4746; x_wconf 87' lang='lat' dir='ltr'><strong>eiusdem</strong></span> <span class='ocrx_word' id='word_1_682' title='bbox 3025 4690 3200 4745; x_wconf 86' lang='lat' dir='ltr'><strong>sancti</strong></span> <span class='ocrx_word' id='word_1_683' title='bbox 3240 4689 3480 4759; x_wconf 83' lang='lat' dir='ltr'><strong>Spiritus</strong></span> 
     </span>
    </p>
   </div>
   <div class='ocr_carea' id='block_1_90' title="bbox 1863 4768 3478 4858">
    <p class='ocr_par' dir='ltr' id='par_1_90' title="bbox 1863 4768 3478 4858">
     <span class='ocr_line' id='line_1_91' title="bbox 1863 4768 3478 4858; baseline -0.005 -16"><span class='ocrx_word' id='word_1_684' title='bbox 1863 4787 2006 4842; x_wconf 92' lang='lat' dir='ltr'><strong>dono</strong></span> <span class='ocrx_word' id='word_1_685' title='bbox 2039 4801 2138 4858; x_wconf 86' lang='lat' dir='ltr'><strong>per</strong></span> <span class='ocrx_word' id='word_1_686' title='bbox 2170 4784 2533 4840; x_wconf 90' lang='lat' dir='ltr'><strong>ministerium</strong></span> <span class='ocrx_word' id='word_1_687' title='bbox 2575 4768 2913 4840; x_wconf 85' lang='lat' dir='ltr'><strong>sacerdotale</strong></span> <span class='ocrx_word' id='word_1_688' title='bbox 2956 4791 3012 4838; x_wconf 91' lang='lat' dir='ltr'><strong>et</strong></span> <span class='ocrx_word' id='word_1_689' title='bbox 3052 4798 3150 4852; x_wconf 90' lang='lat' dir='ltr'><strong>per</strong></span> <span class='ocrx_word' id='word_1_690' title='bbox 3194 4782 3478 4851; x_wconf 83' lang='lat' dir='ltr'><strong>poeniten-</strong></span> 
     </span>
    </p>
   </div>
   <div class='ocr_carea' id='block_1_91' title="bbox 1863 4872 3472 4947">
    <p class='ocr_par' dir='ltr' id='par_1_91' title="bbox 1863 4872 3472 4947">
     <span class='ocr_line' id='line_1_92' title="bbox 1863 4872 3472 4947; baseline -0.006 -15"><span class='ocrx_word' id='word_1_691' title='bbox 1863 4879 1994 4933; x_wconf 89' lang='lat' dir='ltr'><strong>tiam</strong></span> <span class='ocrx_word' id='word_1_692' title='bbox 2025 4877 2274 4933; x_wconf 90' lang='lat' dir='ltr'><strong>remissio</strong></span> <span class='ocrx_word' id='word_1_693' title='bbox 2317 4883 2666 4947; x_wconf 78' lang='lat' dir='ltr'><strong>peccatorum</strong></span> <span class='ocrx_word' id='word_1_694' title='bbox 2706 4873 3076 4930; x_wconf 88' lang='lat' dir='ltr'><strong>indubitanter</strong></span> <span class='ocrx_word' id='word_1_695' title='bbox 3110 4872 3472 4938; x_wconf 84' lang='lat' dir='ltr'><strong>attribuatur,</strong></span> 
     </span>
    </p>
   </div>
   <div class='ocr_carea' id='block_1_92' title="bbox 1863 4963 3474 5041">
    <p class='ocr_par' dir='ltr' id='par_1_92' title="bbox 1863 4963 3474 5041">
     <span class='ocr_line' id='line_1_93' title="bbox 1863 4963 3474 5041; baseline -0.007 -15"><span class='ocrx_word' id='word_1_696' title='bbox 1863 4979 1917 5026; x_wconf 80' lang='lat' dir='ltr'><strong>et</strong></span> <span class='ocrx_word' id='word_1_697' title='bbox 1943 4969 2086 5040; x_wconf 89' lang='lat' dir='ltr'><strong>quod</strong></span> <span class='ocrx_word' id='word_1_698' title='bbox 2117 4968 2386 5041; x_wconf 85' lang='lat' dir='ltr'><strong>generalis</strong></span> <span class='ocrx_word' id='word_1_699' title='bbox 2404 4967 2648 5022; x_wconf 77' lang='lat' dir='ltr'><strong>omnium</strong></span> <span class='ocrx_word' id='word_1_700' title='bbox 2676 4966 2732 5020; x_wconf 91' lang='lat' dir='ltr'><strong>in</strong></span> <span class='ocrx_word' id='word_1_701' title='bbox 2758 4981 2886 5021; x_wconf 83' lang='lat' dir='ltr'><strong>vera</strong></span> <span class='ocrx_word' id='word_1_702' title='bbox 2915 4981 3080 5020; x_wconf 86' lang='lat' dir='ltr'><strong>carne</strong></span> <span class='ocrx_word' id='word_1_703' title='bbox 3103 4963 3156 5018; x_wconf 74' lang='lat' dir='ltr'><strong>ia</strong></span> <span class='ocrx_word' id='word_1_704' title='bbox 3181 4964 3474 5018; x_wconf 88' lang='lat' dir='ltr'><strong>adventum</strong></span> 
     </span>
    </p>
   </div>
   <div class='ocr_carea' id='block_1_93' title="bbox 1866 5056 3476 5127">
    <p class='ocr_par' dir='ltr' id='par_1_93' title="bbox 1866 5056 3476 5127">
     <span class='ocr_line' id='line_1_94' title="bbox 1866 5056 3476 5127; baseline -0.007 -10"><span class='ocrx_word' id='word_1_705' title='bbox 1866 5060 2072 5117; x_wconf 85' lang='lat' dir='ltr'><strong>Christi</strong></span> <span class='ocrx_word' id='word_1_706' title='bbox 2106 5059 2434 5116; x_wconf 87' lang='lat' dir='ltr'><strong>resurrectio</strong></span> <span class='ocrx_word' id='word_1_707' title='bbox 2464 5056 2650 5113; x_wconf 87' lang='lat' dir='ltr'><strong>futura</strong></span> <span class='ocrx_word' id='word_1_708' title='bbox 2684 5058 2785 5123; x_wconf 88' lang='lat' dir='ltr'><strong>sit;</strong></span> <span class='ocrx_word' id='word_1_709' title='bbox 2822 5064 2877 5113; x_wconf 89' lang='lat' dir='ltr'><strong>et</strong></span> <span class='ocrx_word' id='word_1_710' title='bbox 2907 5057 3053 5127; x_wconf 87' lang='lat' dir='ltr'><strong>quod</strong></span> <span class='ocrx_word' id='word_1_711' title='bbox 3084 5069 3244 5111; x_wconf 84' lang='lat' dir='ltr'><strong>nosse</strong></span> <span class='ocrx_word' id='word_1_712' title='bbox 3280 5068 3476 5108; x_wconf 82' lang='lat' dir='ltr'><strong>unum—</strong></span> 
     </span>
    </p>
   </div>
   <div class='ocr_carea' id='block_1_94' title="bbox 1870 5144 3478 5226">
    <p class='ocr_par' dir='ltr' id='par_1_94' title="bbox 1870 5144 3478 5226">
     <span class='ocr_line' id='line_1_95' title="bbox 1870 5144 3478 5226; baseline -0.009 -17"><span class='ocrx_word' id='word_1_713' title='bbox 1870 5168 2142 5223; x_wconf 89' lang='lat' dir='ltr'><strong>quemque</strong></span> <span class='ocrx_word' id='word_1_714' title='bbox 2178 5152 2388 5209; x_wconf 89' lang='lat' dir='ltr'><strong>ﬁdelem</strong></span> <span class='ocrx_word' id='word_1_715' title='bbox 2414 5156 2688 5226; x_wconf 79' lang='lat' dir='ltr'><strong>oporteat,</strong></span> <span class='ocrx_word' id='word_1_716' title='bbox 2736 5149 2863 5219; x_wconf 83' lang='lat' dir='ltr'><strong>quia</strong></span> <span class='ocrx_word' id='word_1_717' title='bbox 2908 5149 3044 5204; x_wconf 87' lang='lat' dir='ltr'><strong>haec</strong></span> <span class='ocrx_word' id='word_1_718' title='bbox 3087 5144 3222 5202; x_wconf 80' lang='lat' dir='ltr'><strong>fides</strong></span> <span class='ocrx_word' id='word_1_719' title='bbox 3255 5159 3383 5198; x_wconf 88' lang='lat' dir='ltr'><strong>vera</strong></span> <span class='ocrx_word' id='word_1_720' title='bbox 3419 5150 3478 5196; x_wconf 91' lang='lat' dir='ltr'><strong>et</strong></span> 
     </span>
    </p>
   </div>
   <div class='ocr_carea' id='block_1_95' title="bbox 156 5237 3476 5316">
    <p class='ocr_par' dir='ltr' id='par_1_95' title="bbox 156 5237 3476 5316">
     <span class='ocr_line' id='line_1_96' title="bbox 156 5237 3476 5316; baseline -0.001 -23"><span class='ocrx_word' id='word_1_721' title='bbox 156 5238 323 5294; x_wconf 77' lang='lat' dir='ltr'><strong>tcrita</strong></span> <span class='ocrx_word' id='word_1_722' title='bbox 356 5237 537 5295; x_wconf 85' lang='lat' dir='ltr'><strong>hieme</strong></span> <span class='ocrx_word' id='word_1_723' title='bbox 566 5239 825 5310; x_wconf 90' lang='lat' dir='ltr'><strong>placitum</strong></span> <span class='ocrx_word' id='word_1_724' title='bbox 850 5242 1071 5306; x_wconf 89' lang='lat' dir='ltr'><strong>habere,</strong></span> <span class='ocrx_word' id='word_1_725' title='bbox 1109 5248 1164 5296; x_wconf 90' lang='lat' dir='ltr'><strong>et</strong></span> <span class='ocrx_word' id='word_1_726' title='bbox 1198 5242 1263 5298; x_wconf 87' lang='lat' dir='ltr'><strong>de</strong></span> <span class='ocrx_word' id='word_1_727' title='bbox 1302 5241 1388 5297; x_wconf 91' lang='lat' dir='ltr'><strong>his</strong></span> <span class='ocrx_word' id='word_1_728' title='bbox 1423 5257 1566 5311; x_wconf 87' lang='lat' dir='ltr'><strong>quae</strong></span> <span class='ocrx_word' id='word_1_729' title='bbox 1607 5258 1768 5312; x_wconf 90' lang='lat' dir='ltr'><strong>prae-</strong></span> <span class='ocrx_word' id='word_1_730' title='bbox 1803 5237 1850 5296; x_wconf 94' lang='lat' dir='ltr'><strong>D</strong></span> <span class='ocrx_word' id='word_1_731' title='bbox 1876 5246 2151 5302; x_wconf 77' lang='lat' dir='ltr'><strong>fructuosa</strong></span> <span class='ocrx_word' id='word_1_732' title='bbox 2183 5259 2302 5301; x_wconf 88' lang='lat' dir='ltr'><strong>esse</strong></span> <span class='ocrx_word' id='word_1_733' title='bbox 2333 5260 2440 5300; x_wconf 92' lang='lat' dir='ltr'><strong>non</strong></span> <span class='ocrx_word' id='word_1_734' title='bbox 2463 5252 2661 5316; x_wconf 83' lang='lat' dir='ltr'><strong>potest,</strong></span> <span class='ocrx_word' id='word_1_735' title='bbox 2691 5242 2795 5298; x_wconf 89' lang='lat' dir='ltr'><strong>nisi</strong></span> <span class='ocrx_word' id='word_1_736' title='bbox 2828 5240 2990 5298; x_wconf 88' lang='lat' dir='ltr'><strong>bonis</strong></span> <span class='ocrx_word' id='word_1_737' title='bbox 3025 5238 3281 5312; x_wconf 84' lang='lat' dir='ltr'><strong>operibus</strong></span> <span class='ocrx_word' id='word_1_738' title='bbox 3315 5250 3476 5292; x_wconf 77' lang='lat' dir='ltr'><strong>exor-</strong></span> 
     </span>
    </p>
   </div>
   <div class='ocr_carea' id='block_1_96' title="bbox 1416 5357 2256 5417">
    <p class='ocr_par' dir='ltr' id='par_1_96' title="bbox 1416 5357 2256 5417">
     <span class='ocr_line' id='line_1_97' title="bbox 1416 5357 2256 5417; baseline 0.005 -6"><span class='ocrx_word' id='word_1_739' title='bbox 1416 5357 1814 5413; x_wconf 76' lang='lat' dir='ltr'><strong>VARIANTES</strong></span> <span class='ocrx_word' id='word_1_740' title='bbox 1851 5360 2256 5417; x_wconf 81' lang='lat' dir='ltr'><strong>LECTIONES.</strong></span> 
     </span>
    </p>
   </div>
   <div class='ocr_carea' id='block_1_97' title="bbox 161 5454 2476 5526">
    <p class='ocr_par' dir='ltr' id='par_1_97' title="bbox 161 5454 2476 5526">
     <span class='ocr_line' id='line_1_98' title="bbox 161 5454 2476 5526; baseline -0 -16"><span class='ocrx_word' id='word_1_741' title='bbox 161 5454 178 5486; x_wconf 77' lang='grc' dir='ltr'>ί</span> <span class='ocrx_word' id='word_1_742' title='bbox 216 5454 518 5524; x_wconf 80' lang='lat' dir='ltr'><strong>resciptum</strong></span> <span class='ocrx_word' id='word_1_743' title='bbox 553 5456 669 5510; x_wconf 87' lang='lat' dir='ltr'><strong>cod.</strong></span> <span class='ocrx_word' id='word_1_744' title='bbox 756 5458 776 5488; x_wconf 86' lang='grc'>¹</span> <span class='ocrx_word' id='word_1_745' title='bbox 806 5463 1090 5512; x_wconf 84' lang='lat' dir='ltr'><strong>atterreret</strong></span> <span class='ocrx_word' id='word_1_746' title='bbox 1113 5455 1395 5511; x_wconf 84' lang='lat' dir='ltr'><strong>claudibus</strong></span> <span class='ocrx_word' id='word_1_747' title='bbox 1422 5472 1469 5508; x_wconf 81' lang='grc' dir='ltr'><strong><em>ε.</em></strong></span> <span class='ocrx_word' id='word_1_748' title='bbox 1496 5461 1513 5474; x_wconf 81' lang='lat'>&#39;</span> <span class='ocrx_word' id='word_1_749' title='bbox 1548 5454 1570 5484; x_wconf 86' lang='grc'>³</span> <span class='ocrx_word' id='word_1_750' title='bbox 1602 5457 1868 5510; x_wconf 84' lang='lat' dir='ltr'><strong>cdnnctos</strong></span> <span class='ocrx_word' id='word_1_751' title='bbox 1890 5473 1937 5509; x_wconf 88' lang='lat' dir='ltr'><strong>c.</strong></span> <span class='ocrx_word' id='word_1_752' title='bbox 2017 5456 2039 5490; x_wconf 71' lang='grc' dir='ltr'><strong><em>ὀ</em></strong></span> <span class='ocrx_word' id='word_1_753' title='bbox 2073 5456 2310 5526; x_wconf 87' lang='lat' dir='ltr'><strong>apitibus</strong></span> <span class='ocrx_word' id='word_1_754' title='bbox 2334 5472 2384 5511; x_wconf 86' lang='lat' dir='ltr'><strong>c.</strong></span> <span class='ocrx_word' id='word_1_755' title='bbox 2470 5476 2476 5483; x_wconf 84' lang='grc'><strong>·</strong></span> 
     </span>
    </p>
   </div>
   <div class='ocr_carea' id='block_1_98' title="bbox 1703 5561 1936 5619">
    <p class='ocr_par' dir='ltr' id='par_1_98' title="bbox 1703 5561 1936 5619">
     <span class='ocr_line' id='line_1_99' title="bbox 1703 5561 1936 5619; baseline 0.013 -5"><span class='ocrx_word' id='word_1_756' title='bbox 1703 5561 1913 5619; x_wconf 59' lang='grc' dir='ltr'><strong>ΝΟΤᾺΕ</strong></span> <span class='ocrx_word' id='word_1_757' title='bbox 1924 5604 1936 5617; x_wconf 93' lang='grc'><strong>.</strong></span> 
     </span>
    </p>
   </div>
   <div class='ocr_carea' id='block_1_99' title="bbox 235 5653 1762 5727">
    <p class='ocr_par' dir='ltr' id='par_1_99' title="bbox 235 5653 1762 5727">
     <span class='ocr_line' id='line_1_100' title="bbox 235 5653 1762 5727; baseline -0.005 -12"><span class='ocrx_word' id='word_1_758' title='bbox 235 5673 261 5700; x_wconf 77' lang='grc' dir='ltr'>ι</span> <span class='ocrx_word' id='word_1_759' title='bbox 292 5660 628 5727; x_wconf 83' lang='lat' dir='ltr'><strong>Quibuscum</strong></span> <span class='ocrx_word' id='word_1_760' title='bbox 675 5658 1033 5714; x_wconf 73' lang='lat' dir='ltr'><strong>conferendas</strong></span> <span class='ocrx_word' id='word_1_761' title='bbox 1057 5665 1141 5712; x_wconf 91' lang='lat' dir='ltr'><strong>cst</strong></span> <span class='ocrx_word' id='word_1_762' title='bbox 1163 5656 1298 5711; x_wconf 77' lang='lat' dir='ltr'><strong>Vita:</strong></span> <span class='ocrx_word' id='word_1_763' title='bbox 1328 5654 1496 5709; x_wconf 79' lang='lat' dir='ltr'><strong>Walze</strong></span> <span class='ocrx_word' id='word_1_764' title='bbox 1531 5653 1668 5709; x_wconf 87' lang='lat' dir='ltr'><strong>liber</strong></span> <span class='ocrx_word' id='word_1_765' title='bbox 1700 5669 1762 5718; x_wconf 89' lang='lat' dir='ltr'><strong>ll,</strong></span> 
     </span>
    </p>
   </div>
   <div class='ocr_carea' id='block_1_100' title="bbox 169 5727 944 5791">
    <p class='ocr_par' dir='ltr' id='par_1_100' title="bbox 169 5727 944 5791">
     <span class='ocr_line' id='line_1_101' title="bbox 169 5727 944 5791; baseline -0.004 -7"><span class='ocrx_word' id='word_1_766' title='bbox 169 5727 412 5784; x_wconf 66' lang='lat' dir='ltr'><strong>Multum.</strong></span> <span class='ocrx_word' id='word_1_767' title='bbox 443 5731 626 5787; x_wconf 85' lang='lat' dir='ltr'><strong>Germ.</strong></span> <span class='ocrx_word' id='word_1_768' title='bbox 659 5731 782 5791; x_wconf 69' lang='lat'><strong>$8.,</strong></span> <span class='ocrx_word' id='word_1_769' title='bbox 812 5738 850 5782; x_wconf 90' lang='lat' dir='ltr'><strong>t.</strong></span> <span class='ocrx_word' id='word_1_770' title='bbox 883 5728 944 5783; x_wconf 93' lang='lat' dir='ltr'><strong>ll.</strong></span> 
     </span>
    </p>
   </div>
   <div class='ocr_carea' id='block_1_101' title="bbox 243 5795 1766 5868">
    <p class='ocr_par' dir='ltr' id='par_1_101' title="bbox 243 5795 1766 5868">
     <span class='ocr_line' id='line_1_102' title="bbox 243 5795 1766 5868; baseline -0.007 -9"><span class='ocrx_word' id='word_1_771' title='bbox 243 5803 270 5842; x_wconf 62' lang='grc' dir='ltr'><strong>ι</strong></span> <span class='ocrx_word' id='word_1_772' title='bbox 292 5798 382 5859; x_wconf 69' lang='lat' dir='ltr'><strong>(1f.</strong></span> <span class='ocrx_word' id='word_1_773' title='bbox 411 5803 606 5859; x_wconf 66' lang='lat' dir='ltr'><strong>consil.</strong></span> <span class='ocrx_word' id='word_1_774' title='bbox 639 5801 727 5856; x_wconf 72' lang='lat' dir='ltr'><strong>Pan</strong></span> <span class='ocrx_word' id='word_1_775' title='bbox 747 5802 942 5857; x_wconf 83' lang='lat' dir='ltr'><strong>isicnsc</strong></span> <span class='ocrx_word' id='word_1_776' title='bbox 967 5815 1042 5864; x_wconf 81' lang='lat' dir='ltr'><strong>vi,</strong></span> <span class='ocrx_word' id='word_1_777' title='bbox 1071 5797 1210 5868; x_wconf 85' lang='lat' dir='ltr'><strong>apud</strong></span> <span class='ocrx_word' id='word_1_778' title='bbox 1241 5796 1537 5863; x_wconf 85' lang='lat' dir='ltr'><strong>Labbcum,</strong></span> <span class='ocrx_word' id='word_1_779' title='bbox 1556 5795 1650 5851; x_wconf 90' lang='lat' dir='ltr'><strong>lib.</strong></span> <span class='ocrx_word' id='word_1_780' title='bbox 1683 5811 1766 5861; x_wconf 83' lang='grc' dir='ltr'><strong>ιιι,</strong></span> 
     </span>
    </p>
   </div>
   <div class='ocr_carea' id='block_1_102' title="bbox 1874 5653 3220 5727">
    <p class='ocr_par' dir='ltr' id='par_1_102' title="bbox 1874 5653 3220 5727">
     <span class='ocr_line' id='line_1_103' title="bbox 1874 5653 3220 5727; baseline -0.003 -18"><span class='ocrx_word' id='word_1_781' title='bbox 1874 5672 1928 5727; x_wconf 90' lang='lat' dir='ltr'><strong>p.</strong></span> <span class='ocrx_word' id='word_1_782' title='bbox 1969 5655 2127 5719; x_wconf 79' lang='grc'><strong>1655,</strong></span> <span class='ocrx_word' id='word_1_783' title='bbox 2154 5657 2244 5710; x_wconf 84' lang='lat' dir='ltr'><strong>ubi</strong></span> <span class='ocrx_word' id='word_1_784' title='bbox 2271 5664 2457 5727; x_wconf 82' lang='lat' dir='ltr'><strong>tamen</strong></span> <span class='ocrx_word' id='word_1_785' title='bbox 2479 5654 2723 5727; x_wconf 77' lang='lat' dir='ltr'><strong>Lotharii</strong></span> <span class='ocrx_word' id='word_1_786' title='bbox 2758 5669 2952 5727; x_wconf 86' lang='lat' dir='ltr'><strong>nomen</strong></span> <span class='ocrx_word' id='word_1_787' title='bbox 2983 5653 3220 5727; x_wconf 71' lang='lat' dir='ltr'><strong>additur.</strong></span> 
     </span>
    </p>
   </div>
   <div class='ocr_carea' id='block_1_103' title="bbox 1949 5724 3216 5795">
    <p class='ocr_par' dir='ltr' id='par_1_103' title="bbox 1949 5724 3216 5795">
     <span class='ocr_line' id='line_1_104' title="bbox 1949 5724 3216 5795; baseline -0.005 -12"><span class='ocrx_word' id='word_1_788' title='bbox 1949 5739 1972 5788; x_wconf 66' lang='grc' dir='ltr'><strong><em>ς</em></strong></span> <span class='ocrx_word' id='word_1_789' title='bbox 2003 5727 2086 5783; x_wconf 80' lang='lat' dir='ltr'><strong>Cf.</strong></span> <span class='ocrx_word' id='word_1_790' title='bbox 2116 5727 2408 5791; x_wconf 85' lang='lat' dir='ltr'><strong>Labbcum,</strong></span> <span class='ocrx_word' id='word_1_791' title='bbox 2449 5725 2484 5779; x_wconf 92' lang='lat' dir='ltr'><strong>I.</strong></span> <span class='ocrx_word' id='word_1_792' title='bbox 2517 5741 2590 5792; x_wconf 89' lang='lat' dir='ltr'><strong>c.,</strong></span> <span class='ocrx_word' id='word_1_793' title='bbox 2618 5726 2712 5782; x_wconf 89' lang='lat' dir='ltr'><strong>lib.</strong></span> <span class='ocrx_word' id='word_1_794' title='bbox 2743 5742 2784 5791; x_wconf 87' lang='grc' dir='ltr'><strong>ι,</strong></span> <span class='ocrx_word' id='word_1_795' title='bbox 2811 5742 2862 5782; x_wconf 92' lang='lat' dir='ltr'><strong>c.</strong></span> <span class='ocrx_word' id='word_1_796' title='bbox 2895 5726 2946 5791; x_wconf 81' lang='grc'><strong>1,</strong></span> <span class='ocrx_word' id='word_1_797' title='bbox 2971 5741 3025 5795; x_wconf 85' lang='lat' dir='ltr'><strong>p.</strong></span> <span class='ocrx_word' id='word_1_798' title='bbox 3063 5724 3216 5781; x_wconf 74' lang='grc'><strong>1599.</strong></span> 
     </span>
    </p>
   </div>
  </div>
