3828 6220
429 292 535 348 603

1251 288 1313 343 ιι.
1353 285 1599 343 αιιιοω
1644 281 1855 337 .\t.\t‘..\'l
1892 281 2040 336 cur.
2086 281 2264 335 mus
2301 283 2339 337 ι.
2384 281 2626 337 somno
2663 246 2893 338 ranis.

3594 291 3678 348 ﬁni

428 412 605 468 netur,
644 401 797 457 idest
823 415 934 471 spe,
963 396 1208 469 estitate,
1233 398 1554 459 humilitate,
1590 395 1857 453 castitate,
1885 409 2012 445 con-
2043 399 2086 455 Α
2121 393 2443 446 venerabilis
2489 395 2773 464 episcopus
2812 396 2878 450 ad
2928 396 3270 451 Anastasium
3327 400 3677 468 ίΙΙΙινὛῖιΙυΙύιιτ

426 492 672 565 liuentia,
711 491 1021 554 sobrietate,
1049 488 1419 552 unanimitate,
1447 486 1754 545 concordia,
1785 484 2010 547 iusliiia,

424 583 648 648 potate,
678 579 1060 641 misericordia,
1105 579 1428 641 innocentia,
1469 586 1523 632 et
1553 577 1913 646 simplicitate,
1959 584 2013 629 et

425 669 625 723 ceteris
663 668 743 721 his
774 666 1066 731 similibus;
1102 682 1240 736 qttae
1274 664 1454 729 omnia
1502 664 1552 717 in
1590 662 1872 718 tlllt‘t‘llmlt.‘
1919 663 2013 718 llci

427 768 483 814 et
519 760 749 829 proximi
785 759 1104 813 consistunt.
1155 757 1281 812 Siue
1330 757 1416 812 his
1448 756 1590 811 enim
1637 772 1794 809 nemo
1836 764 2014 824 potest

426 851 641 923 placere
671 851 780 906 Deo
811 866 910 906 nec
930 852 1111 906 salvus
1138 836 1277 913 esse,
1301 849 1427 918 quia
1458 858 1592 903 teste
1616 847 1857 918 apostolo
1881 847 2013 903 ﬁdes

425 943 543 997 sine
564 942 818 1012 operibus
848 951 1059 999 mortua
1098 949 1180 996 est
1216 941 1268 994 in
1301 938 1606 1011 semetipsa.
1648 940 1878 995 Proinde
1919 956 2014 997 nc-

423 1050 575 1090 cesse
598 1043 702 1102 est,
734 1045 793 1091 ut
818 1036 1186 1105 unusquisque
1222 1034 1552 1090 christianus
1582 1034 1865 1104 diligenter
1888 1049 2012 1103 per-

421 1127 643 1195 pendat,
673 1135 851 1182 utrum
875 1128 929 1182 in
962 1142 1029 1183 eo
1064 1126 1197 1183 ﬁdes
1228 1128 1349 1181 viva
1376 1127 1463 1190 sit,
1496 1127 1634 1180 bona
1659 1140 1824 1195 opera
1850 1141 2015 1195 agen-

423 1215 510 1278 do,
555 1230 623 1268 an
656 1224 868 1271 mortua
900 1216 1041 1271 bona
1075 1230 1238 1286 opera
1271 1214 1640 1287 neglegendo;
1694 1224 1748 1269 et
1781 1216 1824 1270 si
1865 1216 2011 1269 iuxta

332 1316 337 1321 '
423 1306 805 1364 documentum
840 1307 1066 1378 apostoli
1095 1309 1207 1378 ipsa
1236 1307 1370 1365 ﬁdes
1409 1308 1526 1363 sine
1569 1309 1823 1379 operibus
1860 1308 2014 1363 bonis

423 1408 636 1454 mortua
687 1408 800 1467 est,
838 1416 1074 1470 quanam
1112 1401 1128 1431 ¹
1166 1401 1546 1470 dampnatione
1589 1400 1854 1470 plectendi
1890 1408 2015 1455 sunt

422 1490 518 1555 illi,
559 1491 651 1560 qui
688 1508 795 1546 non
818 1493 992 1547 solum
1015 1491 1239 1547 eandem
1266 1492 1424 1546 ﬁdem
1452 1492 1607 1545 bonis
1627 1491 1881 1561 operibus
1907 1507 2014 1546 non

422 1588 708 1646 exornant,
740 1581 834 1635 sed
872 1581 1036 1636 etiam
1079 1581 1306 1636 diversis
1334 1582 1353 1611 ³
1387 1580 1602 1650 ﬂagitiis
1629 1595 1749 1636 eam
1776 1596 2017 1636 comma-

422 1672 625 1725 culant.
662 1671 807 1727 Inter
835 1681 1016 1728 cetera
1052 1672 1074 1705 ³
1100 1672 1297 1743 quippe
1340 1671 1480 1726 mala
1514 1686 1654 1747 quae
1691 1672 1915 1727 eandem
1951 1671 2013 1725 ﬁ-

2117 481 2188 535 ita
2246 483 2466 537 scribit:
2522 506 2538 534 ι
2597 486 2744 541 Duae
2788 498 2915 545 sunt
2948 489 3143 558 quippe
3195 490 3384 560 inquid
3418 493 3676 561 llttpt't‘nlnr

2115 584 2376 642 angustae
2401 577 2421 605 ⁸
2448 578 2644 647 quibus
2676 581 3044 649 principaliter
3080 581 3310 634 mundus
3350 582 3436 637 hic
3472 587 3680 656 regitur,

2117 668 2413 722 auctoritas
2450 678 2663 723 sacrata
2689 672 3024 738 pontiﬁcmu,
3055 681 3106 725 et
3137 672 3332 741 regalis
3368 682 3608 742 potestas.
3633 682 3679 734 In

2116 756 2314 823 quibus
2336 766 2486 813 tanto
2510 760 2726 828 gravius
2761 762 2972 831 pomlus
3004 770 3087 816 est
3117 764 3476 830 sacerdotum,
3502 781 3682 836 quanto

2116 845 2280 899 etiam
2307 861 2403 915 pro
2428 848 2556 918 ipsis
2584 851 2801 921 regibus
2834 851 3113 906 hominum
3149 852 3202 907 in
3234 852 3416 909 divino
3450 856 3680 915 reddituri

2114 947 2241 991 sunt
2264 940 2510 996 examine
2539 942 2823 998 rationem.
2860 964 2878 996 ι
2911 943 3229 1016 Fulgentius
3248 961 3461 1016 quoque
3488 947 3535 1002 in
3562 948 3680 1006 libro

2117 1030 2182 1086 de
2218 1033 2443 1088 veritate
2469 1037 2941 1105 prcdestinationis
2986 1040 3006 1070 "
3030 1048 3085 1095 et
3123 1039 3330 1111 gratiae
3372 1040 3446 1095 ita
3478 1044 3678 1099 scribit:

2122 1141 2141 1173 ι
2184 1122 2457 1190 Quantum
2488 1129 2721 1197 pertinet
2749 1130 2925 1198 inquit
2952 1131 3018 1185 ad
3041 1131 3203 1185 huius
3228 1132 3485 1201 temporis
3515 1135 3677 1201 vitam,

2118 1213 2170 1267 in
2210 1214 2470 1270 aecclesia
2508 1233 2667 1274 nemo
2697 1218 2948 1287 pontiﬁce
2983 1221 3161 1290 potior
3184 1230 3237 1276 et
3274 1221 3325 1275 in
3368 1223 3537 1278 saeclo
3559 1227 3683 1280 chri-

2116 1304 2292 1361 stlano
2344 1323 2506 1363 nemo
2545 1309 2870 1379 imperatore
2922 1312 3119 1368 celsror
3167 1313 3456 1368 invenitur.
3513 1337 3528 1368 ι
3564 1313 3680 1377 Cum

2118 1398 2254 1452 haec
2280 1400 2477 1469 quippe
2504 1401 2576 1455 ita
2612 1417 2672 1457 se
2713 1403 2970 1466 habeant,
2999 1404 3233 1472 primum
3261 1406 3328 1459 de
3370 1409 3680 1477 sacerdotali,

2115 1501 2239 1577 post
2259 1496 2326 1552 de
2352 1496 2518 1567 regali
2553 1511 2784 1567 persona
2821 1498 3109 1554 dicendum
3145 1500 3454 1555 statuimus.

2423 1630 2511 1685 DE
2549 1630 2868 1687 PERSONA
2909 1631 3409 1691 SACERDOTAIJ.

422 1763 545 1817 dem
573 1764 989 1830 conunaculant,
1018 1774 1275 1834 quattuor
1296 1764 1451 1819 nobis
1470 1764 1596 1819 vitia
1621 1764 1881 1835 spiritalia
1906 1781 2011 1820 me-
2044 1747 2087 1808 Β
2183 1760 2316 1831 Cap.
2346 1761 2394 1815 l.
2431 1761 2505 1817 De
2528 1774 2549 1801 ο
2577 1762 2823 1818 electione
2844 1773 2892 1818 ct
2911 1765 3237 1835 promotioue
3265 1765 3600 1821 sacerdotum.
3623 1767 3687 1824 De

424 1858 530 1913 rito
555 1858 928 1935 exaggeranda
954 1860 1238 1923 videntur,
1289 1873 1429 1928 quae
1465 1866 1669 1928 quanto
1714 1857 2012 1913 occultiora
2111 1850 2375 1907 electione
2423 1862 2478 1907 ct
2527 1854 2866 1922 promotione
2900 1868 3088 1909 eorum
3140 1855 3232 1925 qui
3272 1856 3349 1910 ad
3387 1853 3601 1910 fortnam
3641 1868 3686 1912 ct

421 1955 548 2000 sunt
574 1955 724 2001 tanto
755 1948 1165 2016 pernitiosiora;
1201 1947 1253 2002 id
1277 1957 1359 2003 est
1392 1948 1672 2019 superbia,
1712 1963 1808 2019 per
1851 1963 2011 2017 quam

420 2039 645 2109 angelus
672 2038 919 2095 diabolus
944 2039 1169 2095 ellectus
1194 2047 1277 2093 est
1308 2047 1363 2093 et
1394 2038 1463 2095 de
1494 2038 1612 2094 celo
1652 2037 1887 2104 eiectus;
1933 2038 2015 2094 in-

421 2117 585 2195 vidia,
615 2144 711 2200 per
736 2144 900 2199 quam
927 2130 1067 2184 idem
1090 2129 1338 2186 diabolus
1362 2129 1637 2186 hominem
1658 2129 1725 2185 de
1745 2131 2014 2202 paradyso

420 2222 612 2289 eiecit;
649 2222 835 2278 odium
865 2209 920 2278 et
944 2224 1235 2288 discordia,
1264 2238 1403 2293 quae
1433 2222 1716 2278 caritatem
1739 2223 1881 2278 inter
1896 2238 2018 2294 pro-

422 2315 599 2371 ximus
627 2316 931 2386 extingunt,
973 2329 1028 2372 ct
1052 2315 1391 2371 dilectionem
1427 2323 1706 2381 evacuant,
1744 2324 1800 2370 et
1832 2315 2015 2371 omnia

422 2411 562 2464 bona
599 2417 931 2479 pervertunt,
981 2417 1038 2465 et
1078 2423 1185 2464 non
1230 2407 1414 2462 sinunt
1435 2406 1710 2478 proximos
1749 2406 1801 2461 in
1829 2415 2015 2461 mutua

421 2502 708 2558 dilectione
753 2502 1051 2558 consistere
1076 2543 1091 2568 ,
1140 2515 1315 2571 neque
1364 2501 1527 2557 etiam
1573 2498 1917 2570 tranquillam
1959 2509 2018 2555 ut

421 2596 678 2652 decuerat
715 2595 1043 2652 christianos
1080 2595 1245 2649 vitam
1278 2595 1543 2667 delegere.
1579 2594 1729 2662 Quae
1768 2594 1889 2651 ideo
1925 2609 2018 2664 pe-

424 2685 745 2742 riculosiora
780 2686 944 2743 inuno
971 2684 1248 2743 mortifera
1279 2686 1535 2752 diximus,
1562 2686 1820 2756 quoniam
1843 2695 2020 2742 secta-

422 2784 572 2832 tores
602 2776 815 2832 illorum
851 2792 916 2833 ea
940 2786 1035 2833 aut
1064 2792 1170 2833 non
1198 2776 1533 2847 intellegunt,
1573 2784 1667 2831 aut
1691 2784 1837 2833 certe
1862 2775 2022 2832 intel—

422 2868 603 2941 legere
639 2869 1017 2938 dedignantur,
1049 2878 1104 2926 et
1136 2868 1261 2939 quia
1301 2884 1365 2925 ea
1402 2866 1871 2939 parvipende‘ntcs,
1918 2883 2018 2939 pro

422 2963 510 3019 his
531 2964 598 3018 ad
626 2961 1021 3019 αιηῐυςείοηοιιι
1058 2954 1438 3029 ιιοιίνθιιὶιηιῑ,
1479 2962 1681 3018 idcirco
1708 2976 1809 3018 nec
1837 2976 2021 3019 corre-

422 3054 659 3111 ctionem
697 3062 991 3109 merentur.

2114 1945 2418 2015 exemplum
2450 1945 2571 2001 aliis
2604 1947 2948 2016 praeﬁciendi
2985 1947 3008 1979 '
3031 1956 3157 2004 sunt
3182 1988 3197 2013 ,
3222 1947 3598 2018 providendum
3628 1965 3686 2004 ac

2114 2050 2402 2106 sumopere
2452 2039 2754 2095 cavendum
2782 2047 2886 2105 est,
2933 2047 2993 2094 ut
3034 2040 3090 2096 hi
3138 2054 3237 2109 per
3275 2055 3413 2110 quos
3441 2048 3493 2096 et
3524 2041 3686 2112 religio

2116 2127 2412 2182 christiana
2453 2137 2705 2185 constare
2744 2137 2798 2186 et
2841 2132 3043 2186 caeteri
3078 2131 3148 2184 ab
3193 2114 3488 2186 oll‘ensione
3516 2132 3686 2187 debent

2117 2218 2336 2284 salvari,
2372 2220 2510 2276 tales
2546 2229 2754 2278 remota
2789 2222 3039 2291 poenitus
3076 2222 3372 2278 simoniaca
3417 2231 3560 2292 peste
3606 2224 3688 2280 cli-

2118 2320 2337 2382 gantur,
2358 2313 2550 2383 quales
2569 2321 2623 2369 et
2646 2313 2972 2384 apostolicus
2998 2323 3179 2369 sermo
3199 2322 3254 2369 et
3273 2314 3559 2369 canonicos
3576 2317 3689 2370 ordo

2117 2418 2172 2461 et
2218 2407 2363 2463 beati
2412 2406 2665 2480 Gregorii
2712 2407 3001 2478 pastbralis
3045 2407 3231 2477 regula
3280 2408 3456 2463 docet.
3499 2405 3689 2464 Scilicet

2118 2498 2379 2568 quoniam
2406 2500 2452 2554 si
2477 2514 2578 2570 pro
2604 2499 2787 2569 aliquo
2814 2512 3038 2554 munere
3073 2497 3377 2566 praesentis
3404 2496 3709 2567 futuraeque

2121 2592 2495 2648 retributionis
2530 2591 2614 2646 vel
2640 2607 2738 2662 pro
2774 2591 2879 2646 alia
2919 2590 3158 2661 qualibet
3181 2604 3241 2645 re
3277 2604 3416 2659 quae
3447 2589 3686 2645 contraria

2119 2694 2241 2736 esse
2260 2682 2433 2751 possit
2453 2681 2666 2738 veritati
2699 2681 3022 2751 divinaeque
3053 2679 3365 2736 auctoritati
3391 2679 3612 2751 eligitur,
3635 2679 3686 2736 li-

2120 2783 2251 2845 quet
2286 2772 2550 2845 profecto,
2578 2775 2722 2845 quod
2751 2789 2820 2830 ex
2852 2782 2966 2830 toto
3009 2773 3168 2829 aliter
3211 2773 3393 2845 agitur
3438 2788 3589 2843 quam
3620 2771 3689 2827 di-

2120 2868 2245 2922 vina
2267 2867 2565 2924 auctoritas
2586 2874 2832 2932 testctur,
2862 2875 2916 2922 et
2942 2866 3086 2937 quod
3108 2866 3161 2922 in
3186 2866 3549 2923 huiuscemodi
3570 2864 3688 2921 facto

2121 2960 2264 3016 Deus
2284 2959 2609 3026 offendatur,
2641 2968 2697 3015 et
2729 2960 2909 3015 taliter
2934 2958 3109 3015 electo
3137 2966 3192 3016 et
3225 2960 3310 3015 his
3339 2960 3529 3029 quibus
3555 2974 3688 3029 prae-

2121 3037 2302 3108 ﬁcitur
2327 3051 2461 3122 quin
2503 3051 2819 3108 scandalum
2867 3059 3156 3121 generetur
3202 3051 3429 3107 dubium
3467 3065 3566 3105 non
3597 3058 3686 3106 est.

496 3144 551 3198 2.
583 3142 738 3210 Quod
760 3154 784 3183 ι
810 3142 1119 3199 universalis
1147 3153 1328 3198 sancta
1358 3125 1456 3198 Dei
1484 3143 1700 3200 ecclesia
1719 3162 1890 3199 unum
1901 3160 2021 3199 cor-
2044 3118 2095 3184 c
2124 3118 2362 3200 Proinde
2378 3149 2610 3214 oportet,
2645 3151 2704 3199 ut
2730 3142 2783 3197 in
2814 3118 3081 3199 electione“
3099 3150 3154 3199 et
3175 3143 3509 3199 ordinatione
3535 3157 3688 3198 sacer-

425 3253 544 3307 νυ»,
570 3236 786 3306 eiusque
810 3234 981 3305 capud
1010 3234 1249 3291 Christus
1276 3236 1364 3291 sit.
1407 3234 1645 3293 Primum
1690 3237 1853 3321 igitur
1876 3237 2023 3309 quod

428 3326 751 3381 universalis
774 3335 962 3381 sancta
983 3326 1211 3384 ecclesia
1251 3327 1345 3383 Dei
1378 3344 1542 3383 unum
1565 3344 1762 3401 corpus
1794 3329 2024 3385 manife-

426 3429 513 3474 stc
545 3431 668 3474 esse
689 3420 946 3475 credatur
975 3419 1202 3491 eiusque
1224 3429 1383 3491 caput
1408 3419 1678 3490 Christus,
1712 3421 2023 3492 apostolicis

424 3508 662 3565 oraculis
695 3509 1090 3580 approbamus;
1124 3510 1266 3567 unde
1300 3511 1526 3569 Paulus:
1568 3510 1668 3569 Vos
1705 3524 1880 3568 autem
1900 3515 2025 3569 estis

429 3599 604 3670 inquit
629 3616 821 3671 corpus
844 3599 1040 3656 Christi
1061 3613 1107 3657 et
1139 3603 1367 3658 meruerit
1392 3603 1457 3659 de
1484 3605 2022 3677 membrthemque:

430 3693 582 3749 Sicut
611 3695 749 3749 enim
792 3695 849 3750 in
890 3711 995 3750 uno
1041 3712 1256 3768 corpore
1290 3697 1455 3753 multa
1491 3700 1720 3767 membra
1752 3700 2023 3767 habemus,

428 3785 604 3839 omnia
631 3795 807 3840 autem
834 3786 1065 3840 membra
1093 3802 1194 3840 uon
1220 3787 1442 3843 eamdem
1461 3800 1635 3845 actum
1664 3790 1687 3822 ’⁵
1714 3791 1923 3857 habent,
1950 3794 2027 3848 ita

423 3874 581 3929 multi
605 3892 768 3930 unum
798 3893 986 3949 corpus
1005 3893 1186 3933 sumus
1211 3878 1265 3934 in
1296 3879 1523 3935 Christo.
1556 3882 1717 3938 Item:
1744 3881 1909 3938 Cuius
1933 3902 2027 3939 ca-

426 3980 518 4041 put
548 3968 789 4026 Christus
816 3981 925 4037 est,
966 3988 1033 4027 ea:
1057 3988 1159 4044 quo
1200 3982 1365 4027 totum
1406 3990 1594 4044 corpus
1634 3992 1728 4047 per
1756 3994 1944 4032 nexum
1978 3988 2027 4032 et

427 4061 849 4117 coniunctionem
875 4058 1302 4127 administratum
1342 4068 1526 4121 crescit
1552 4067 1606 4122 in
1633 4067 1880 4138 templum
1909 4085 2031 4124 san-

428 4163 570 4208 ctum
595 4155 651 4209 in
679 4153 927 4211 Domino.
957 4155 1097 4212 Sunt
1122 4168 1178 4213 et
1204 4156 1308 4211 alia
1334 4157 1616 4213 innumera
1654 4159 2027 4217 huiuscemodi

427 4246 694 4318 exempla,
728 4263 870 4320 quae
905 4249 995 4307 hic
1030 4251 1100 4308 ob
1142 4250 1508 4321 prolixitatem
1553 4254 1826 4308 vitandam
1870 4269 2030 4324 prae-

352 4393 356 4398 ,
430 4338 826 4395 termittuntur.
871 4340 1129 4412 Quisquis
1165 4355 1295 4414 ergo
1343 4357 1441 4413 per
1484 4344 1663 4414 aliqua
1718 4344 1922 4401 inlicita
1959 4362 2027 4401 ex

431 4430 678 4486 membro
707 4429 910 4502 Christi
950 4445 1010 4488 se
1054 4431 1182 4487 fecit
1227 4433 1529 4488 membrum
1574 4435 1805 4500 diaboli,
1851 4450 1882 4490 a
1916 4450 2025 4505 quo

432 4525 554 4573 astu
582 4500 851 4575 diabolico
874 4530 1159 4591 superatus
1180 4521 1201 4554 ⁸
1226 4530 1329 4588 est,
1376 4537 1436 4578 se
1476 4523 1854 4580 incunctanter
1894 4500 2025 4580 dum

436 4616 648 4679 tempus
690 4611 1023 4683 penitentiae
1069 4613 1124 4668 in
1150 4623 1366 4685 promtu
1415 4615 1684 4682 habetur,
1737 4617 2026 4674 restituere

436 4718 543 4761 non
569 4704 833 4776 neglegat.

505 4796 559 4849 5.
580 4794 734 4862 Quod
748 4797 775 4836 ι»
797 4797 1029 4853 eiusdem
1053 4798 1336 4855 aecclesiae
1361 4815 1549 4872 corpus
1571 4802 1626 4856 in
1648 4802 1853 4858 duabus
1881 4804 2028 4874 prin-

432 4885 672 4955 cipaliter
696 4887 963 4944 dividatur
990 4892 1195 4946 eximiis
1233 4894 1486 4962 personis.
1526 4892 1901 4964 Principaliter
1924 4897 2029 4951 ita-

438 4991 541 5044 que
576 4977 741 5034 totius
777 4990 1000 5037 san-ttae
1025 4983 1119 5039 Dei
1152 4983 1413 5043 ecclesiae
1435 5002 1632 5058 corpus
1666 4987 1718 5042 in
1745 4988 1880 5043 duas
1913 4990 2031 5045 exi-

438 5067 573 5122 mias
594 5084 870 5139 personas,
901 5073 954 5127 in
982 5077 1373 5134 sacerdotalem
1401 5080 1650 5137 videlicet
1685 5089 1740 5136 et
1773 5082 2028 5153 regalem,

435 5158 576 5214 sicut
597 5175 628 5214 a
664 5163 865 5219 sanctis
895 5166 1142 5234 patribus
1163 5168 1420 5224 traditmn
1446 5174 1773 5240 accepimus,
1797 5173 2032 5229 divisum

434 5265 557 5307 esse
591 5252 871 5349 novimus;
919 5257 989 5313 de
1019 5275 1127 5328 qua
1170 5276 1229 5317 re
1270 5259 1519 5318 Gelasius
1566 5263 1839 5321 Romanae
1883 5269 2028 5325 sedis

2124 3235 2266 3291 dotis
2308 3234 2463 3290 valde
2504 3235 2574 3289 sit
2622 3235 2926 3290 execranda
2963 3233 3260 3289 simoniaca
3312 3232 3531 3298 heresis,
3571 3246 3688 3303 quae

2122 3333 2345 3397 propter
2369 3327 2710 3395 quorundam
2738 3326 3017 3381 avaritiam
3039 3332 3094 3380 et
3135 3325 3483 3385 ambitionem
3504 3325 3687 3381 moder-

2123 3418 2212 3474 nis
2234 3417 2566 3488 temporibus
2589 3418 2905 3489 dignitatem
2929 3416 3317 3473 sacerdotalem
3343 3415 3551 3473 fuscare
3571 3431 3689 3471 com-

2123 3509 2406 3579 probatur.
2436 3508 2553 3565 Non
2582 3508 2747 3565 nichil
2782 3507 3082 3565 detestandi
3107 3508 3241 3563 turis
3273 3514 3421 3563 tanta
3458 3507 3694 3577 cupiditas

2128 3600 2322 3667 habet,
2367 3614 2508 3671 quae
2542 3600 2598 3655 in
2642 3600 2942 3670 primordio
2984 3607 3205 3656 sanctae
3257 3600 3354 3655 Dei
3398 3598 3638 3656 ecclesiae
3664 3612 3689 3651 a

2126 3694 2287 3750 beato
2318 3693 2479 3750 Petro
2503 3693 2749 3764 principe
2786 3693 3154 3764 apostolorum
3194 3709 3319 3748 cum
3369 3704 3580 3749 auctore
3607 3705 3689 3747 suo

2120 3785 2384 3859 damnata
2416 3795 2519 3843 est.
2547 3785 2685 3842 Nam
2709 3785 2737 3828 ἀ
2774 3795 2830 3843 et
2867 3787 2921 3842 in
2945 3786 3176 3843 concilio
3217 3785 3579 3843 Calcidonensi
3614 3800 3688 3841 ca—

2127 3877 2298 3947 pitulo
2342 3878 2581 3935 secundo
2627 3879 2913 3935 scribitur:
2963 3897 2983 3931 ι
3041 3877 3100 3935 Si
3140 3879 3263 3948 quis
3304 3879 3576 3949 episcopus
3610 3891 3691 3947 per

2127 3973 2413 4042 pecuniam
2441 3971 2630 4029 fecerit
2665 3972 3080 4038 ordinationem,
3117 3973 3219 4028 sub
3248 3970 3432 4042 precio
3456 3968 3693 4040 redegerit

2130 4064 2358 4134 gratiam
2401 4078 2542 4134 quae
2569 4079 2677 4121 non
2719 4070 2899 4133 potest
2923 4063 3103 4127 vendi,
3149 4061 3580 4129 ordinave’ritque
3613 4071 3693 4127 per

2128 4154 2412 4230 pecuniam
2438 4154 2750 4224 episcopum
2786 4160 2881 4208 aut
2913 4154 3272 4223 presbiterum
3311 4160 3406 4207 aut
3440 4151 3690 4207 diaconum

2128 4243 2214 4297 vel
2241 4243 2537 4313 quemlibet
2555 4258 2623 4300 ex
2648 4244 2734 4299 his
2756 4243 2850 4313 qui
2875 4250 3335 4298 connumerantur
3363 4242 3417 4296 in
3443 4241 3597 4303 clero,
3616 4244 3692 4292 aut

2096 4335 2461 4406 promoverit
2483 4350 2591 4406 per
2613 4336 2899 4407 pecuniam
2938 4334 3382 4404 dispensatorem
3408 4341 3501 4388 aut
3538 4329 3692 4388 delen-

2130 4442 2309 4483 sorem
2339 4426 2423 4481 vel
2449 4441 2775 4497 quemquam
2815 4426 2908 4498 qui
2953 4425 3227 4481 subiectos
3265 4430 3351 4480 est
3383 4423 3590 4495 regulae
3610 4437 3693 4492 pro

2132 4538 2233 4579 suo
2275 4524 2571 4593 turpissimi
2618 4524 2751 4580 lucri
2786 4524 3110 4590 commodo,
3154 4523 3201 4578 is
3252 4522 3340 4578 cui
3392 4524 3495 4578 hoc
3530 4530 3692 4577 attcmo

2128 4614 2316 4685 ptandi
2347 4614 2368 4645 ’
2402 4616 2757 4685 approbatum
2800 4614 2980 4678 fuerit,
3016 4614 3218 4684 proprii
3264 4614 3462 4685 gradus
3489 4611 3694 4684 periculo

2130 4709 2476 4776 subiacebit;
2510 4716 2566 4763 et
2599 4708 2690 4779 qui
2719 4708 3001 4764 ordinatus
3034 4718 3137 4771 est,
3168 4707 3335 4763 nichil
3359 4723 3426 4763 ex
3454 4707 3551 4763 hac
3575 4705 3692 4761 ordi-

2129 4799 2353 4857 natione
2386 4809 2479 4854 aut
2510 4800 2847 4870 promotione
2870 4814 2969 4872 per
2994 4791 3424 4869 negotiacionem
3445 4797 3577 4854 facta
3594 4811 3693 4868 pro-

2137 4894 2305 4958 ﬁciat,
2338 4892 2531 4948 sedsit
2567 4892 2774 4948 alienus
2814 4908 2878 4947 ea
2929 4892 3192 4964 dignitate
3239 4892 3325 4947 vel
3371 4889 3692 4948 sollicitudine

2138 5002 2301 5060 quam
2326 4984 2574 5056 pecuniis
2597 4985 2907 5056 adquisivit.
2937 4985 2995 5040 Si
3018 4986 3141 5055 quis
3163 4999 3295 5040 vero
3318 4983 3577 5041 mediator
3602 4990 3691 5037 tam

2140 5081 2386 5151 turpibus
2410 5090 2466 5134 et
2500 5077 2746 5150 nefandis
2792 5078 2930 5134 datis
2968 5085 3052 5134 vet
3093 5078 3330 5147 acceptis
3364 5076 3611 5141 extiterit,
3639 5071 3696 5127 si-

2139 5174 2358 5245 quidem
2407 5169 2637 5227 clericus
2689 5169 2849 5226 fuerit
2872 5212 2887 5237 ,
2930 5169 3154 5240 proprio
3192 5171 3362 5241 gradu
3396 5167 3628 5231 decidat;
3659 5161 3695 5219 si

2134 5283 2266 5324 vero
2300 5265 2472 5321 laicus
2502 5272 2595 5320 aut
2621 5264 2936 5330 monachus,
2964 5263 3475 5319 anathematizetur.
3511 5279 3530 5315 ι

1512 5444 1520 5455 ,
1694 5379 2085 5440 mammas
2120 5377 2526 5439 LECTIONES.

515 5459 794 5558 '“quadam
816 5484 863 5522 ε.
942 5468 976 5558 θ·
995 5462 1208 5558 dufrsis
1228 5485 1275 5558 ﬁ.
1352 5469 1373 5502 ³
1398 5470 1560 5558 tertia
1580 5486 1628 5524 c.
1706 5471 1727 5501 ’⁵
1751 5480 1873 5558 actu
1903 5490 1950 5527 c.
2028 5476 2049 5506 ⁵
2070 5482 2354 5545 separatus
2387 5470 2838 5539 corr.‘soperatus
2856 5487 2903 5524 c.
2981 5470 3004 5501 ⁸
3044 5468 3418 5537 imperatriccs
3447 5486 3494 5524 c.
3561 5467 3695 5537 ’ρω-

441 5535 805 5594 tcstinationis
829 5555 877 5594 c.
955 5539 977 5573 ⁸
1014 5540 1267 5612 pﬁciendi
1302 5557 1350 5595 c.
1425 5541 1447 5573 ⁹
1475 5544 1809 5612 atemptandi
1843 5559 1891 5597 c.

517 5699 737 5771 ξμς..
766 5716 820 5770 p.
849 5699 1004 5765 1599,
1034 5702 1126 5758 lib.
1154 5717 1193 5771 ι,
1228 5717 1280 5759 c.
1310 5700 1362 5757 2.

518 5769 549 5812 δ
576 5770 639 5827 L.
674 5788 713 5840 ι,
740 5769 795 5841 3,
822 5787 875 5842 p.
911 5771 1064 5829 1399.

1985 5612 2211 5696 nom.
