3868 6214
167 222 312 281 609

544 226 771 283 CODEX
812 224 1406 283 Dfl’l.0.\l.\'l‘lCUS.——
1439 226 1760 293 LUDOVICI
1794 227 1814 283 ι
1854 227 1942 284 ET
1976 228 2303 290 LO'I’llAllll
2342 236 3005 294 CAPl’l'lJL.\RIA.-A3t.
3043 240 3171 297 89.9.

3394 246 3507 303 ΜΩ

172 352 203 385 \
222 341 323 395 ire
346 357 458 396 non
484 342 831 406 erubescunt,
868 350 923 395 et
949 356 1044 410 per
1063 341 1309 397 diversos
1337 350 1604 396 mercatus
1627 341 1793 396 indis-
1824 344 1869 400 Α
1898 343 1964 398 dc
1985 346 2339 402 aeclesiarum
2364 350 2526 404 rebus
2544 351 2741 418 quibus
2762 361 3028 421 praesunt
3049 354 3272 423 praedia
3294 369 3363 413 eo
3391 374 3506 415 Ino-

169 441 361 487 t'rete
384 433 717 497 discurrunt,
750 432 1144 487 observandum
1200 433 1575 499 indicavimus,
1636 442 1697 488 ut
1726 434 1799 490 ab

170 518 337 577 hinc
370 521 617 581 districto
665 525 1032 597 severiterque
1083 526 1097 557 ³
1143 527 1555 593 coberceantur,
1591 543 1660 582 ne
1700 542 1800 597 per

164 625 397 671 eorum
422 614 682 672 inlicitam
705 627 760 674 et
784 618 1119 675 indecentem
1148 618 1437 684 actionem,
1464 628 1524 674 et
1550 620 1797 676 ministe-

170 704 349 761 rium
388 708 723 765 sacerdotale
765 709 1121 780 vituperetur,
1174 718 1230 765 et
1260 710 1459 780 quibus
1488 709 1796 767 debuerant

164 811 325 855 esse
362 800 419 855 in
444 801 767 873 exemplum,
803 801 936 858 ﬂant
967 802 1020 857 in
1054 802 1393 858 scandalum.

264 895 364 949 ﬂ.
418 894 574 961 Quod
627 908 653 937 I
695 898 1017 951 conversatio
1072 895 1414 951 sacerdotalis
1458 904 1611 952 testes
1659 896 1796 951 vitae

161 988 498 1051 probabiles
521 989 727 1044 habeat.
781 988 905 1045 Pari
934 1003 1062 1060 ergo
1103 1003 1372 1045 consensu
1406 989 1564 1044 nobis
1610 988 1787 1044 visum

164 1090 311 1145 est,
376 1092 437 1135 ut
467 1080 752 1151 pontiﬁces
784 1088 1097 1136 sanctorum
1155 1079 1531 1136 decedendum
1570 1086 1790 1149 patrum

161 1174 449 1242 exempla
494 1179 804 1242 sequentes,
862 1170 1138 1242 religiosos
1191 1169 1622 1226 conversationis
1658 1184 1792 1225 suae

165 1272 370 1321 testes
398 1264 660 1325 habeant,
686 1262 943 1335 quatinus
967 1261 1250 1319 detrahere
1275 1260 1584 1317 volentibus
1605 1260 1785 1317 locum

162 1354 424 1410 minime
460 1354 738 1425 prebeant.
779 1353 850 1410 Ut
893 1368 1021 1424 ergo
1075 1351 1332 1409 sacerdos
1360 1352 1641 1423 discipulis
1674 1352 1789 1409 suis

164 1445 249 1500 de
295 1461 359 1501 se
384 1446 501 1516 ipso
525 1444 829 1516 exemplum
864 1445 1061 1501 bonum
1106 1446 1297 1501 debeat
1321 1447 1603 1515 praebere,
1641 1444 1788 1516 Apo-

162 1534 371 1592 stolus
395 1536 463 1592 ad
484 1536 666 1591 Titum
698 1536 855 1591 docet
879 1535 1063 1601 dicens
1086 1549 1105 1589 :
1150 1534 1219 1590 In
1239 1536 1482 1591 omnibus
1526 1544 1578 1593 te
1614 1536 1785 1608 ipsa:

158 1627 387 1695 praebe
410 1626 702 1698 exemplum
740 1629 761 1659 ⁸
791 1627 1043 1683 bonorum
1080 1644 1324 1699 operum,
1363 1629 1421 1685 iis
1446 1629 1691 1705 doctrina
1728 1631 1784 1683 ia

1899 432 1972 489 do
1993 445 2209 504 emunt,
2266 437 2572 495 faciendum
2610 444 2933 509 statuimus;
2998 448 3258 514 quoniam
3300 452 3504 509 multos

1897 526 2323 594 presbiterorum
2360 530 2649 586 occasione
2702 531 2886 587 taliter
2942 543 3251 603 cmptarutn
3311 553 3501 596 rerum

1897 614 2156 672 ecclesias
2212 618 2413 688 quibus
2472 629 2735 689 praesunt
2791 623 3165 693 exspoliasse,
3226 634 3283 683 et
3319 642 3353 683 a
3398 644 3505 684 suo

1898 706 2217 764 ministerio
2262 710 2449 794 multis
2508 712 2685 767 modis
2709 715 3068 781 exorbitasse,
3098 725 3155 772 et
3181 733 3243 774 se
3283 719 3505 777 diabolo

1896 799 2258 869 mancipasse,
2298 810 2355 857 et
2414 802 2517 857 hac
2563 804 2855 861 occasione
2892 806 3093 863 multos
3138 807 3401 866 laicorum
3443 812 3502 867 in

1895 891 2209 947 scandalum
2282 894 2650 950 damnationis
2714 904 2774 951 et
2833 897 3161 967 perditionis
3216 903 3505 972 plur-isse

1894 986 2280 1055 comperimus.

1970 1079 2059 1133 l5.
2107 1078 2409 1135 Didicimus
2432 1095 2562 1135 sane
2593 1081 2883 1137 nonnullos
2908 1083 3197 1155 episcopos
3218 1084 3273 1140 in
3296 1087 3506 1157 guber-t

1893 1168 2087 1223 nandis
2149 1170 2663 1241 congregationibus
2712 1172 2817 1227 sibi
2880 1174 3177 1240 subiectis,
3216 1177 3428 1232 canonis
3450 1178 3500 1232 is

1891 1262 2143 1318 videlicet
2187 1262 2471 1317 monachis
2524 1270 2580 1317 et
2640 1264 3171 1331 sanctimonialibus,
3229 1265 3501 1324 hactenus

1889 1354 2045 1410 valde
2068 1354 2416 1426 neglegentes
2443 1356 2743 1422 exstitisse,
2772 1365 2829 1411 et
2853 1358 2926 1413 ob
2951 1357 3007 1413 id
3056 1358 3260 1416 multos
3284 1350 3352 1417 in
3399 1360 3488 1415 sui

1889 1445 2288 1501 detractionem
2322 1453 2379 1500 et
2400 1453 2775 1516 contemptum
2795 1462 3145 1518 provocasse,
3172 1448 3247 1504 ita
3272 1456 3335 1504 ut
3358 1464 3500 1506 non-

1888 1534 2147 1593 nulli'alii
2186 1534 2416 1605 praelati
2474 1535 2529 1591 in
2578 1551 2772 1593 eorum
2826 1534 3134 1607 parrocbiis
3180 1538 3489 1627 constituti.

1889 1641 2079 1684 eorum
2101 1642 2266 1699 prava
2291 1628 2539 1699 exempla
2564 1629 2740 1685 secuti
2763 1644 2891 1684 snas
2925 1628 3182 1685 similiter
3203 1644 3498 1701 eongrqa-

162 1718 494 1791 integritate
512 1695 568 1776 in
594 1714 833 1783 castitate
854 1730 909 1778 et
938 1695 1165 1792 reliqua.
1195 1722 1394 1779 Beatus
1413 1738 1632 1794 quoque
1821 1695 1869 1759 Ι
1898 1718 2077 1773 tiones
2094 1695 2469 1789 neglexerint;
2504 1732 2643 1788 quos
2663 1727 2720 1774 et
2739 1716 2987 1775 fraterno
3019 1726 3076 1773 et
3109 1695 3340 1775 sinodali
3361 1695 3497 1774 cnu-

161 1813 383 1879 gorius
422 1815 476 1869 in
508 1812 742 1871 decretis
785 1816 899 1874 suis
927 1816 1002 1871 ita
1044 1815 1122 1870 ait
1161 1833 1176 1872 :
1223 1834 1242 1866 ι
1273 1816 1625 1874 Verecundus
1672 1832 1794 1875 mos

165 1902 440 1971 inolevit,
463 1913 522 1961 ut
543 1905 706 1963 huius
729 1906 873 1963 sedis
897 1906 1243 1978 pontificibus
1287 1908 1354 1965 ad
1380 1918 1591 1966 secreta
1634 1908 1790 1966 cubi-

161 1994 295 2048 culi
337 1994 423 2050 sui
466 1996 687 2053 servitia
719 1996 841 2053 laici
864 1999 1021 2070 pueri
1049 1999 1131 2055 eis
1167 1999 1442 2057 seculares
1473 2001 1789 2082 pbsequan-

164 2092 294 2148 tur,
324 2092 530 2141 etcum
554 2087 788 2157 pastoris
816 2088 924 2143 vita
952 2103 1084 2153 esse,
1116 2089 1420 2159 discipulis‘
1434 2105 1649 2161 semper
1692 2091 1789 2149 de-

162 2174 311 2229 beat
338 2176 396 2231 in
420 2172 756 2250 exemplum,
803 2180 1121 2253 plerumque
1156 2181 1339 2238 clerici
1386 2182 1563 2253 qualis
1599 2183 1654 2238 in
1693 2197 1783 2239 se-

162 2276 341 2324 creto
365 2270 438 2326 sit
460 2270 571 2325 vita
612 2271 883 2340 pontificis
908 2274 995 2353 sui
1015 2274 1283 2341 nesciunt,
1309 2282 1367 2332 et
1389 2283 1451 2331 ut
1475 2274 1680 2333 dictum
1711 2276 1785 2333 sit

161 2364 467 2422 seculares
506 2366 883 2438 puerisciunt.
941 2361 1020 2425 De
1045 2384 1155 2440 qua
1196 2384 1257 2427 re
1295 2370 1535 2441 presenti
1558 2369 1783 2428 decreto

163 2458 465 2515 constituo
490 2501 504 2526 ,
546 2467 605 2515 ut
642 2460 866 2533 quidam
902 2476 971 2519 ex
1007 2461 1222 2519 clericis
1245 2462 1328 2518 vel
1351 2463 1516 2520 etiam
1554 2479 1622 2520 ea
1665 2478 1785 2520 aio-

160 2550 379 2607 nacbis
402 2550 559 2607 electi
596 2552 904 2616 ministerio
963 2553 1197 2610 cubiculi
1246 2553 1575 2625 pontiﬁcalis
1616 2556 1780 2613 obse-

160 2650 441 2711 quantur,
469 2652 529 2699 ut
549 2642 598 2700 ls
618 2643 711 2715 qui
731 2644 788 2701 in
811 2644 932 2702 loco
956 2655 1039 2701 est
1059 2646 1362 2719 regiminis,
1386 2647 1583 2704 habeat
1607 2656 1781 2704 testes

163 2734 318 2789 tales
341 2736 437 2805 qui
464 2736 582 2793 eius
620 2736 675 2792 in
696 2745 910 2794 secreto
932 2738 1342 2797 conversionem
1368 2740 1605 2807 videant,
1629 2748 1687 2797 et
1707 2757 1779 2797 ea

160 2827 395 2883 visione
412 2826 598 2885 sedula
622 2830 925 2901 exemplum
947 2838 1239 2903 provectus
1258 2832 1488 2889 subeant
1510 2832 1551 2887 ⁸.
1584 2852 1604 2888 ι
1631 2831 1781 2890 Haec

162 2920 352 2991 igitur
374 2921 568 2976 beatus
608 2918 905 2994 Gregorius
948 2921 1259 3004 scripserit;
1298 2930 1576 2981 caeterum
1605 2924 1653 2980 si
1680 2924 1774 2996 qui

160 3010 236 3066 de
255 3012 370 3067 bac
392 3025 453 3083 re
475 3011 778 3083 copiosiora
798 3011 1044 3083 exempla
1065 3027 1297 3084 querere
1319 3010 1605 3080 voluerint,
1632 3013 1774 3070 vitas

160 3103 322 3160 beati
364 3101 652 3176 Augustini
677 3113 733 3162 et
756 3104 1027 3162 Ainbrosil
1052 3113 1110 3163 et
1131 3114 1437 3167 ceterorum
1460 3117 1772 3165 sanctorum

159 3194 520 3266 aliorumque
541 3195 781 3252 virorum
805 3196 1017 3267 legant,
1045 3206 1101 3253 et
1140 3200 1425 3270 perspicue
1472 3200 1769 3269 invenient,

160 3288 320 3356 quod
346 3286 458 3341 vita
480 3294 537 3342 et
560 3287 903 3345 conversatio
923 3288 1195 3361 pontiﬁcis
1226 3306 1442 3362 semper
1468 3299 1639 3350 testes
1662 3293 1773 3352 vite

160 3378 478 3449 probabilis
498 3380 702 3437 habere
726 3380 941 3447 debeat.
1411 3396 1420 3405 ·

239 3470 340 3527 12.
384 3469 467 3531 Ut,
488 3472 715 3545 episcopi
747 3473 803 3529 in
827 3472 977 3529 rebus
998 3472 1246 3529 ecclesiae
1287 3476 1431 3531 circa
1450 3476 1771 3550 propinquos

160 3578 294 3618 suos
319 3562 677 3634 expendendis
703 3563 1154 3635 reprehensionem
1180 3574 1396 3621 careant
1419 3574 1469 3621 et
1492 3562 1774 3621 discrecio—

163 3654 248 3709 nis
312 3654 533 3709 modum
597 3662 824 3711 teneant.
862 3654 1127 3723 Quoniam
1185 3656 1341 3711 multi
1390 3650 1770 3729 episcoporum

162 3761 365 3802 amore
382 3747 809 3818 propinquorum
829 3764 1053 3811 suorum
1076 3746 1145 3803 de
1172 3748 1338 3804 rebus
1360 3748 1465 3804 sibi
1492 3764 1772 3806 commen-

163 3836 317 3893 datis
345 3853 447 3894 suo
471 3846 566 3893 aut
595 3838 837 3910 quolibet
860 3840 1162 3894 amicorum
1188 3841 1409 3896 nomine
1438 3840 1660 3911 praedia
1712 3849 1769 3898 et

165 3931 450 4003 mancipia
470 3939 662 3988 emunt
677 3972 691 3998 ,
721 3939 776 3987 et
808 3940 867 3987 ut
894 3930 948 3987 ln
973 3945 1198 3988 suorum
1222 3932 1657 4005 propinquorum
1683 3931 1770 3989 ius

166 4021 337 4079 cedat
373 4030 639 4088 statuunt,
670 4030 726 4078 et
750 4023 821 4080 ob
845 4023 949 4079 hoc
976 4030 1034 4079 et
1065 4022 1187 4080 iura
1228 4024 1602 4081 ecclesiastica
1637 4039 1771 4082 con-

166 4114 469 4183 velluntur,
488 4124 544 4170 et
567 4116 930 4173 ministerium
952 4115 1286 4173 sacerdotale
1307 4114 1570 4184 fuscatur,
1601 4118 1771 4176 immo

166 4223 198 4261 a
220 4207 465 4264 subditis
483 4208 788 4266 detrahitur
806 4217 860 4265 et
881 4211 1267 4279 contemnitur,
1284 4211 1491 4284 placuit
1512 4213 1769 4271 omnibus

148 4306 229 4354 ‘nt
250 4300 513 4372 deinceps
537 4301 642 4358 hoc
682 4303 943 4359 avaritiae
967 4317 1140 4374 genus
1167 4314 1446 4375 caveatur,
1490 4304 1768 4380 ﬁxumque

1891 1817 2058 1865 ventu
2084 1807 2453 1865 admonendos
2480 1822 2603 1865 esse
2633 1808 2946 1866 necessario
2980 1808 3260 1875 duximus,
3288 1818 3350 1865 ut
3374 1794 3495 1866 bac

1890 1899 2231 1971 neglegentia
2255 1900 2514 1971 deinceps
2556 1916 2617 1958 se
2660 1901 2994 1969 ecbibeant,
3042 1910 3099 1958 et
3153 1902 3390 1960 caeteris
3433 1918 3497 1958 se

1890 1991 2183 2048 imtabiles
2215 1991 2506 2062 prebeant;
2548 2004 2617 2047 ne
2645 1989 2788 2048 forte
2812 2000 3038 2064 propter
3064 1991 3281 2049 illorum
3330 1993 3488 2049 incu-

1889 2082 2031 2137 riam
2079 2089 2137 2137 et
2179 2082 2397 2138 divinae
2444 2080 2729 2138 servitutis
2780 2084 3131 2152 contemptus
3164 2091 3220 2138 et
3244 2082 3493 2153 pericula

1884 2173 2209 2246 proveniant
2234 2173 2563 2239 animarum,
2586 2180 2644 2231 et
2666 2172 2892 2229 auribus
2905 2172 3259 2229 excellentiae
3272 2181 3493 2230 vestrae

1884 2264 2133 2320 melcstla
2157 2265 2458 2337 iugeratim,
2482 2272 2539 2321 et
2558 2272 2781 2321 nostrae
2805 2264 3201 2323 mediocritatis
3223 2264 3280 2322 in
3314 2267 3497 2323 sacris

1883 2356 2242 2414 conventibus
2264 2356 2500 2423 taedium
2520 2365 2576 2413 et
2596 2356 2952 2427 obprobrium
2975 2354 3263 2412 inferatur.

1955 2447 2049 2541 ll.
2084 2448 2464 2521 Coniperimus
2488 2448 2741 2541 uetiam,
2768 2449 3043 2541 quosdam,

1850 2540 2077 2607 ~nostri,
2112 2556 2222 2597 non
2260 2556 2425 2597 musa
2460 2527 2808 2597 necessitatis
2840 2549 2935 2596 ant
2964 2527 3224 2597 utilitatis
3258 2538 3357 2597 sed
3391 2555 3497 2611 po.—

1882 2633 1993 2690 tius
2016 2634 2294 2699 avaritiae,
2320 2632 2719 2697 delectationis,
2747 2632 3034 2703 sepissime
3055 2630 3277 2702 propria
3301 2630 3491 2687 civita~

1880 2725 1952 2782 tis
1974 2740 2105 2781 suae
2125 2724 2256 2782 sede
2269 2723 2460 2781 relicta
2485 2723 2740 2796 cleroque
2763 2724 3017 2796 neglecto
3043 2723 3339 2780 uemotlora
3366 2722 3484 2779 loca

1880 2818 2250 2889 frequentare.
2278 2817 2357 2874 De
2381 2832 2487 2890 qua
2518 2833 2577 2876 re
2599 2826 2656 2874 et
2682 2816 2971 2874 destitutio
3011 2817 3181 2874 divini
3215 2815 3397 2875 cultus
3430 2826 3493 2873 et

1876 2908 2177 2979 ptedicatio
2208 2909 2262 2965 in
2289 2908 2538 2980 plebibus
2559 2917 2627 2964 et'
2638 2924 2770 2965 cura
2806 2908 3178 2965 subiectorum
3208 2907 3491 2980 postponi-

1878 3009 1987 3066 tur,
2014 3006 2071 3055 et
2110 2998 2455 3083 hospitalitas
2495 2999 2821 3071 neglegitur,
2875 3000 3022 3070 quod
3066 3014 3137 3055 ne
3182 2997 3416 3055 ulterius
3454 3014 3490 3069 a

1803 3070 1850 3131 (ἶ
1878 3106 2154 3165 quoquam
2175 3070 2294 3148 sine
2319 3070 2617 3148 inevitabili
2642 3070 2971 3150 necessitate
2991 3099 3048 3149 ct
3067 3098 3220 3149 certa
3246 3091 3492 3150 utilitate

1875 3181 1988 3248 list,
2018 3183 2138 3254 pari
2165 3198 2436 3241 wnsensu
2458 3183 2819 3241 inbibnimus.

1947 3276 2034 3333 l5.
2072 3276 2152 3333 De
2187 3286 2210 3316 ο
2244 3277 2461 3334 clericis
2504 3291 2635 3333 vero
2689 3277 2955 3335 laicOrum
2973 3317 2989 3345 ,
3030 3276 3175 3333 unde
3235 3273 3486 3334 ποικιυυὶ

1872 3385 2062 3427 eorum
2087 3368 2350 3442 conqueri
2380 3369 2655 3437 videntur,
2695 3386 2763 3427 eo
2791 3370 2937 3441 quod
2974 3370 3199 3441 quidam
3241 3368 3488 3443 episcopi

1872 3464 1942 3521 ad
1965 3480 2157 3521 eorum
2177 3479 2371 3535 preces
2395 3462 2570 3527 nolint
2592 3463 2649 3519 in
2672 3462 2925 3519 ecclesiis
2948 3462 3064 3520 suis
3092 3476 3192 3520 eos
3214 3476 3345 3518 cum
3368 3460 3480 3517 nti-

1871 3557 1952 3615 les
1997 3557 2109 3614 sint
2158 3556 2435 3624 ordinare,
2463 3557 2644 3613 visum
2686 3556 2843 3613 nobis
2888 3554 3011 3622 fuit,
3048 3565 3110 3612 ut
3144 3556 3201 3612 in
3226 3554 3478 3626 utrisque

1869 3654 2119 3727 partibus
2153 3668 2261 3724 pax
2284 3662 2341 3709 et
2362 3653 2653 3709 concordia
2688 3660 2959 3717 servetur,
2999 3661 3053 3709 et
3089 3668 3215 3708 cum
3238 3652 3480 3710 caritate

1868 3755 1925 3805 et
1946 3747 2158 3803 ratione
2187 3746 2353 3803 utiles
2371 3754 2427 3801 et
2455 3744 2634 3802 idonei
2675 3745 2969 3814 eligantur,
3020 3752 3077 3800 et
3097 3743 3145 3801 si
3168 3744 3341 3801 laicus
3365 3743 3483 3801 ido-

1870 3855 2033 3895 neum
2072 3824 2373 3909 utilemque
2394 3836 2656 3901 clericum
2691 3836 2974 3903 obtulerit,
3026 3836 3175 3894 nulla
3231 3836 3482 3908 qualibet

1868 3930 2159 3988 occasione
2187 3931 2257 3987 ab
2283 3932 2542 4001 episcopo
2569 3929 2689 3986 sine
2723 3929 2936 3986 ratione
2964 3937 3116 3985 certa
3160 3928 3477 4001 repellatur,

1868 4031 1926 4081 et
1946 4021 1993 4079 si
2016 4022 2325 4079 reiciendus
2385 4029 2493 4089 est,
2550 4029 2779 4091 propter
2821 4018 3141 4076 scandalum
3192 4020 3481 4077 vitandum

1868 4115 2115 4174 evidenti
2137 4117 2351 4173 ratione
2387 4115 2791 4173 manifestetur.

1942 4208 2029 4265 16.
2070 4208 2243 4281 Igitur
2290 4210 2419 4280 quia
2469 4216 2689 4265 constat
2732 4208 3055 4281 religionem
3110 4207 3474 4267 cbristianam

1866 4317 1966 4374 per
1992 4316 2339 4358 successores
2358 4300 2732 4372 apostolorum
2754 4302 3053 4358 salubriter
3094 4300 3477 4358 administrari

166 4392 236 4447 ab
259 4392 395 4448 hinc
417 4400 473 4448 et
494 4401 757 4465 perpetuo
779 4410 1094 4451 mansurum
1128 4411 1251 4453 esse
1294 4396 1653 4466 decrevimus,
1703 4406 1763 4455 ut
1792 4429 1846 4494 υ
1869 4393 2190 4466 populisque
2224 4393 2295 4451 ad
2343 4395 2514 4449 vitam
2565 4402 2846 4449 aeternam
2909 4394 3167 4451 ducatum

166 4484 465 4555 episcopus
486 4500 576 4542 res
611 4486 695 4542 sui
742 4487 878 4543 iuris
932 4502 1068 4558 quas
1103 4496 1197 4545 aut
1241 4498 1369 4547 ante
1391 4490 1765 4563 episcopatum
1792 4482 1839 4494 '
1872 4485 2093 4551 debere,
2114 4486 2293 4557 primo
2324 4485 2696 4542 necessarium
2722 4485 3106 4551 indicavimus,
3134 4492 3198 4541 ut
3218 4482 3483 4556 quiequid

167 4584 263 4631 aut
288 4584 447 4634 certe
490 4577 546 4632 in
582 4579 893 4650 episcopatu
924 4580 1250 4636 hereditaria
1280 4583 1628 4639 successione
1662 4582 1763 4641 ad-

169 4670 421 4740 quisivit,
446 4671 741 4727 secundum
762 4672 1145 4729 auctoritatem
1164 4676 1484 4735 canonicam
1506 4676 1767 4749 quicquid

170 4760 288 4816 vult
312 4759 515 4828 faciat,
554 4768 612 4818 et
644 4762 734 4819 cui
761 4761 874 4819 vult
922 4761 1194 4831 conferat;
1234 4772 1525 4837 postquam
1582 4776 1764 4823 autem

170 4852 465 4923 episcopus
489 4851 666 4909 factus
691 4863 797 4922 est,
819 4869 1188 4927 quascumque
1209 4871 1298 4913 res
1322 4857 1393 4912 de
1414 4855 1767 4917 facultatibus

172 4943 478 5000 aecclesiae
499 4953 593 5000 aut
629 4960 728 5002 suo
750 4954 842 5001 aut
863 4946 1087 5005 alterius
1112 4950 1331 5009 nomine
1363 4951 1603 5023 qualibet
1636 4968 1769 5009 con-

175 5034 385 5090 ditione
402 5038 816 5107 comparaverit,
856 5038 1193 5097 decrevimus
1215 5050 1275 5097 ut
1300 5059 1410 5100 non
1451 5044 1506 5099 in
1553 5047 1770 5117 propin-

174 5145 411 5199 quorum
438 5146 693 5199 suorum,
722 5132 819 5189 sed
864 5134 920 5189 in
969 5136 1228 5193 ecclesiae
1257 5139 1345 5194 cui
1382 5149 1598 5211 praeest
1647 5142 1768 5197 iura

179 5225 487 5281 deveniam.
518 5224 781 5283 Similiter
817 5230 1133 5300 presbiteris
1170 5232 1255 5290 vel
1304 5234 1623 5292 diaconibus
1673 5237 1769 5308 qui

1873 4581 1931 4640 in
1951 4582 2109 4639 nobis
2130 4581 2477 4653 reprehendi,
2499 4583 2605 4639 sibi
2628 4582 2911 4654 sacrisque
2929 4581 3253 4639 ministeriis
3280 4581 3483 4653 quibus

1875 4677 2079 4747 indigni
2118 4678 2495 4747 mancipamur
2514 4676 2907 4733 inconveniens
2936 4684 2994 4733 et
3038 4675 3299 4733 indecens
3342 4689 3475 4731 coa-

1875 4771 2216 4841 trariumque
2263 4769 2570 4835 videbatur,
2610 4777 2727 4826 toto
2783 4769 2976 4826 adnisu
3029 4768 3264 4825 Domino
3316 4782 3480 4839 opem

1877 4866 2086 4922 ferente
2116 4864 2539 4937 corrigeremus,
2571 4863 2626 4921 id
2648 4872 2735 4919 est
2761 4864 2817 4919 in
2850 4864 2963 4918 vita
3006 4871 3197 4920 nostra
3243 4869 3301 4917 et
3340 4860 3477 4917 doe-

1871 4960 2017 5016 trina
2049 4966 2106 5015 et
2134 4959 2551 5015 conversatione
2572 4967 2628 5014 et
2658 4972 2872 5012 morum
2896 4956 3171 5028 probitate
3204 4962 3261 5012 et
3286 4952 3475 5010 studio

1868 5049 2285 5121 predicationis,
2312 5058 2369 5106 et
2393 5050 2449 5106 in
2492 5049 2944 5105 consacerdotum
2991 5057 3048 5103 et
3094 5047 3479 5103 ministrorum

1870 5146 2351 5215 subiectorumque
2378 5152 2696 5201 nostrorum
2709 5143 3051 5198 correctione
3073 5140 3477 5212 diligentiorem

1870 5239 2125 5310 deinceps
2165 5254 2291 5295 cum
2325 5238 2474 5296 omni
2502 5238 2686 5295 studio
2727 5244 2782 5293 et
2813 5234 3179 5293 sollicitudine
3202 5248 3395 5290 curam
3416 5238 3477 5286 et

1402 5350 1797 5411 VARIANTES
1834 5352 2239 5410 LECTIONES.

240 5440 270 5471 “
292 5430 427 5496 Cod.
457 5439 876 5513 serveriterqtte.
952 5441 974 5474 '
996 5457 1050 5514 ι).
1078 5457 1129 5499 e.
1168 5442 1356 5500 desunt
1389 5460 1438 5499 c.
1519 5445 1541 5477 ³
1568 5446 1605 5500 i.
1635 5446 1995 5517 e.~profectus
2027 5457 2268 5502 sumant.

1702 5562 1937 5621 ΝΟΜ).

252 5670 276 5697 ι
318 5655 838 5725 L.i,20,p.16lt.

249 5729 278 5771 δ
310 5725 377 5786 ι..
407 5745 446 5795 ι.
477 5728 566 5795 2t,
594 5742 649 5801 p.
680 5728 837 5785 l6l5.

1957 5672 1979 5700 ε
2000 5660 2062 5716 L.
2087 5676 2129 5727 ι,
2157 5658 2253 5717 99..
2281 5674 2337 5712 n.
2366 5656 2527 5712 1615.
