3828 6220
158 243 165 250 '

452 272 454 281 μ

782 176 787 183 “
906 262 911 273 κ
1018 160 1448 283 gentlle
1488 192 1703 255 unum
1737 190 1870 254 ore

2063 188 2115 247 ιδ
2148 186 2190 244 l.
2233 182 2478 241 sacrm
2513 142 2746 238 pruna.

3456 168 3585 227 61‘!

688 279 1095 387 aibiberelnus,
1119 290 1178 372 et
1203 325 1265 372 ut
1290 331 1391 382 nos
1424 328 1534 370 non
1566 304 1780 368 tantum
1807 309 1864 364 in
1893 308 1937 369 Α
1965 302 2330 362 curandarum
2373 298 2681 405 sollicitudo
2701 290 3010 405 commissa.
3040 299 3160 405 est:
3212 286 3311 373 qui
3355 286 3593 357 pondus

590 410 989 484 cupiditatibus
1010 416 1070 464 et
1101 407 1253 463 caris
1293 412 1351 462 et
1391 399 1870 463 sollicitudinibus,
1973 394 2160 468 populi
2187 393 2291 451 sibi
2317 391 2595 484 commissi
2618 387 2851 484 viriliter
2874 387 3233 484 sustinentes,
3253 391 3355 450 pro
3377 390 3591 484 pecten:

276 513 376 574 sed
395 509 579 585 potius
603 506 660 563 in
680 501 881 561 divinis
900 498 1091 556 ollclis
1113 495 1519 567 inplicaremus,
1551 498 1607 548 et
1625 491 1683 547 iu
1708 487 1874 585 scolis

278 579 548 662 habendis
567 605 628 656 et
652 594 708 651 in
729 590 1029 655 educandis
1053 586 1320 644 militibus
1360 590 1584 641 sanctae
1608 579 1875 637 secclesie

275 705 503 767 operam
529 667 816 752 daremus}
852 676 996 755 quae
1017 695 1121 738 nos
1151 679 1267 737 D60
1296 677 1590 767 miserante
1615 673 1672 731 in
1697 670 1877 767 omni-

278 764 387 844 bus
405 798 511 857 pro
531 781 747 857 viribus
765 773 993 857 imitari,
1019 783 1282 831 exercere
1301 764 1369 826 ad
1393 776 1640 857 nostram
1656 764 1879 857 univer-

279 851 473 934 sorum
490 852 723 937 saluta!
1041 861 1100 933 in
1118 866 1386 933 quantum
1408 858 1574 921 nobis
1591 855 1774 912 divina
1792 851 1876 909 fa-

274 971 446 1021 vente
468 960 643 1035 gratia
674 953 1030 1015 sacerdotalis
1052 953 1283 1009 libertas
1324 958 1381 1007 et
1412 956 1664 1021 optatum
1703 946 1879 1002 otium

282 1049 833 1113 adtributumfaelit.
1126 1110 1152 1137 ο,
1495 1134 1506 1137 Α
1768 1132 1780 1137 _
1829 1086 1833 1091 .

358 1150 448 1205 l7.
487 1147 627 1204 Nam
644 1151 702 1202 et
725 1143 781 1200 in
798 1138 1020 1199 statutis
1037 1132 1400 1217 conventibus
1424 1134 1609 1207 primo
1632 1132 1879 1189 omnium

282 1242 405 1313 pari
424 1247 555 1297 voto
573 1238 801 1313 parique
820 1243 1088 1291 censeam
1107 1228 1473 1295 decrevimus,
1497 1235 1560 1282 ut
1581 1223 1881 1296 unusquis-

286 1348 394 1404 que
420 1338 677 1387 nostrum
705 1328 762 1383 in
803 1323 1106 1398 ‘parroobia
1161 1335 1263 1379 sua
1289 1319 1454 1377 dictis
1506 1326 1566 1376 et
1615 1314 1881 1388 exemplis

285 1424 473 1496 plebes
500 1421 610 1487 sibi
657 1420 937 1502 subiectas
963 1415 1033 1477 ad
1060 1414 1285 1471 meliora
1335 1411 1569 1469 incitare
1616 1409 1879 1475 studeret,

287 1530 490 1587 easque
509 1520 573 1570 ut
587 1525 649 1569 se
669 1526 701 1567 ι
722 1509 884 1567 malis
905 1505 1227 1566 cohiberent
1254 1512 1311 1561 et
1340 1505 1411 1561 ad
1432 1503 1608 1560 Deum
1650 1517 1721 1560 ex
1767 1507 1885 1558 toto

287 1607 453 1664 corde
474 1608 883 1670 converterent,
906 1597 1143 1659 sollicite
1165 1598 1499 1662 admoneret,
1524 1596 1695 1653 Deum
1722 1610 1884 1667 quem

1979 464 2063 541 tis—
2073 484 2317 541 omnium
2356 480 2505 538 velut
2524 495 2624 551 pro
2652 477 2769 534 suis
2811 464 3221 546 infatigabiliter
3263 466 3593 541 supplicant

1978 574 2109 630 Deo.
2134 571 2214 629 Ac
2240 572 2387 628 velut
2410 569 2633 641 quidam
2667 565 2851 623 Aaron
2884 563 3168 620 incensum
3202 557 3427 616 contriti
3449 572 3592 612 eor-

1978 664 2063 720 dis
2094 673 2150 719 et
2171 660 2440 719 humiliali
2484 657 2715 731 spiritus
2739 653 3063 717 offerentes,
3139 664 3249 721 quo
3273 647 3297 680 ⁸
3326 646 3595 720 placatur
3620 710 3623 715 g

1978 756 2145 821 Deus,
2168 750 2422 809 avertunt
2450 751 2588 805 iram
2609 747 2827 804 futurae
2858 738 3351 801 animadversionis
3392 752 3423 796 a
3468 752 3591 810 po—

1978 846 2137 919 pulo;
2184 844 2277 916 qui
2306 857 2407 915 per
2444 827 2542 897 Dei
2587 839 2815 912 gratiam
2856 836 2993 917 fiunt
3034 832 3250 892 divinae
3281 830 3597 888 voluntatis

1980 938 2207 1002 indices,
2220 934 2580 991 ecclesiarum
2594 928 2796 987 Christi
2811 935 2934 999 post
2949 922 3224 996 apostolos
3234 921 3591 980 fundatores.

1979 1029 2165 1086 fideles
2184 1027 2367 1098 populi
2389 1026 2577 1091 duces,
2601 1020 2850 1079 veritatis
2869 1019 3201 1101 adsertores,
3230 1028 3431 1086 pravae
3453 1012 3595 1069 doc;

1980 1120 2125 1177 trine
2153 1119 2357 1183 hostes,
2391 1116 2646 1173 omnibus
2671 1112 2830 1171 bonis
2862 1110 3147 1173 amabiles,
3182 1118 3240 1163 et
3276 1106 3417 1162 male
3467 1103 3591 1160 sibi

1981 1213 2218 1269 consciis
2241 1211 2407 1267 etiam
2429 1209 2550 1280 ipso
2561 1207 2684 1263 visu
2708 1204 3000 1270 terribiles,
3030 1199 3275 1257 vindices
3293 1212 3597 1270 oppresso—

1981 1318 2124 1369 rum,
2151 1302 2418 1376 patresin
2445 1301 2555 1358 ﬁde
2598 1297 2866 1357 catholica
2896 1294 3364 1368 regeneratorunl,
3399 1289 3595 1363 prodi-

1983 1402 2200 1453 catores
2225 1392 2544 1450 caelestium
2577 1389 2948 1463 praemion
2968 1427 2983 1454 ,
3018 1383 3266 1457 exempla
3276 1384 3594 1464 bonorum,

1984 1486 2310 1563 documenta
2328 1483 2613 1549 virtutum,
2643 1492 2700 1538 et
2740 1478 2914 1538 forma
2941 1478 3220 1544 fidelium;
3269 1476 3371 1547 ipsi
3417 1475 3603 1532 decus

1984 1579 2249 1637 ecclesiae
2264 1579 2321 1634 in
2344 1577 2542 1650 quibus
2555 1573 2787 1647 amplius
2808 1572 2979 1645 fulget
2997 1570 3228 1639 eclesia;
3258 1568 3364 1641 ipsi
3378 1567 3600 1625 colum-

614 1692 718 1750 sibi
764 1661 966 1749 iratum
1015 1688 1277 1756 fecerant.
1336 1688 1497 1758 ἀίειη
1553 1661 1885 1758 ῐιίειιἰιθὶὶῑὶζιθ
1916 1664 1964 1742 Β
1988 1686 2092 1729 me
2504 1669 2702 1767 quin.”
2729 1667 2783 1767 i9
2806 1662 3293 1767 Chﬁéwfufldms
3332 1661 3602 1767 ‘9“?“9’

288 1785 662 1843 satisfactione
684 1791 741 1839 et
764 1778 1188 1838 elemosinarum
1212 1777 1501 1848 largitione
1523 1776 1629 1833 sibi
1653 1774 1887 1848 placabi-

288 1882 396 1939 lem
429 1878 611 1936 fscere
640 1884 975 1948 satagerent,
1000 1869 1102 1933 nec
1123 1889 1232 1931 non
1264 1882 1320 1930 et
1339 1888 1440 1945 pro
1461 1873 1573 1928 vita
1611 1873 1888 1944 piissimo-

289 1989 411 2030 rum
432 1973 653 2043 Deoque
667 1967 983 2045 amabilium
1007 1969 1420 2038 imperatomm,
1447 1962 1738 2037 coniugum
1758 1978 1888 2037 pro-

289 2065 535 2135 liumque
556 2075 749 2125 eorum
792 2057 1185 2124 incolumitate,
1217 2055 1542 2129 imperiique
1588 2055 1694 2114 sibi
1735 2072 1888 2113 mm—

289 2154 447 2211 missi
475 2152 777 2210 stabilitate
796 2192 810 2216 ,
842 2150 940 2208 Dei
966 2149 1271 2207 inmensam
1295 2149 1732 2207 misericordiam
1777 2164 1891 2206 cer-

288 2244 415 2301 nuis
432 2242 687 2314 precibus
730 2239 1107 2312 implorarent.
1149 2236 1281 2295 Post
1335 2238 1472 2295 haec
1513 2237 1692 2295 visum
1730 2237 1891 2296 nobis

291 2336 396 2392 fuit
432 2351 497 2394 ea
547 2326 787 2406 capitula
823 2331 915 2389 hic
974 2331 1216 2388 inserere
1252 2343 1393 2401 quae
1427 2329 1445 2363 ⁸
1472 2328 1678 2388 “domno
1717 2330 1891 2404 impe-

293 2427 462 2485 ratori
493 2426 775 2499 petitionis
804 2423 984 2500 gratia
1005 2422 1476 2497 pel-necessarium
1497 2420 1774 2481 oderenda
1808 2423 1893 2479 iu-

293 2521 621 2580 dicavimns.

939 2606 1235 2665 ΡΕἹἹΤΙΟ.

285 2792 293 2804 ,
367 2727 423 2786 l.
446 2724 693 2784 Petimus
744 2737 772 2768 ι
817 2723 1101 2806 humiliter
1143 2734 1385 2780 vestram
1410 2710 1808 2787 excellentiam,
1835 2733 1894 2781 ut

292 2831 395 2891 per
422 2825 520 2873 vos
544 2814 640 2872 lilii
666 2823 720 2871 et
754 2828 1013 2891 proceres
1058 2813 1225 2869 vestri
1284 2828 1501 2878 nomen,
1542 2820 1891 2882 potestatem,

295 2908 538 2979 vigorem
559 2900 614 2962 et
629 2903 954 2975 dignitatem
965 2901 1359 2982 sacerdotalem
1382 2911 1732 2973 cognoscant,
1748 2902 1893 2974 quod

295 3016 366 3057 ex
400 2998 583 3056 verbis
610 2997 826 3054 Domini
855 2995 1014 3054 facile
1053 2996 1373 3068 intellegere
1420 2995 1662 3068 possitis,
1696 2997 1894 3070 quibus

295 3098 459 3152 beato
477 3090 644 3150 Petro
662 3092 819 3148 cuius
845 3091 1020 3164 vicem
1048 3089 1255 3162 indigni
1282 3090 1523 3164 gerimus
1542 3090 1620 3160 ait
1659 3107 1674 3148 :
1717 3089 1897 3158 Quod-

298 3202 521 3259 cumque
585 3184 829 3257 ligaveris
886 3161 1045 3255 εὗρεν
1079 3161 1304 3263 terram,
1358 3191 1515 3238 erunt
1568 3181 1731 3255 ligata
1768 3193 1817 3237 et
1843 3183 1900 3238 in

301 3274 485 3344 caelo,
525 3285 574 3331 et
595 3274 961 3348 quodcumque
996 3271 1212 3329 solveris
1272 3290 1430 3346 super
1476 3282 1697 3340 terram,
1746 3283 1899 3329 erunt

298 3368 475 3425 soluta
497 3377 546 3423 et
571 3368 626 3421 in
650 3366 815 3421 caelo.
841 3364 909 3420 Et
933 3363 1062 3421 alibi
1086 3349 1367 3435 discipulis
1385 3364 1711 3436 generaliter
1733 3365 1898 3421 dicit:

298 3458 530 3530 Accipite
558 3455 818 3527 Spiritum
864 3464 1143 3517 sanctum;
1181 3456 1411 3527 quorum
1439 3455 1744 3511 remiseritis
1779 3472 1900 3528 pec-

300 3556 421 3602 cata
464 3546 795 3601 remittantur
830 3537 871 3577 ’”
891 3544 967 3600 eis
992 3584 1008 3612 ,
1058 3557 1107 3599 et
1163 3560 1388 3618 quorum
1448 3546 1770 3603 minueritis
1814 3564 1899 3603 re-

305 3645 450 3692 tenta
464 3670 471 3677 ο
483 3645 627 3703 sunt.
793 3642 811 3648 ’
1144 3639 1147 3643 ’
1916 3690 1917 3693 η

371 3724 426 3780 9.
468 3725 604 3785 illud
625 3724 656 3765 δ
693 3725 860 3780 etiam
902 3725 974 3781 ad
1025 3725 1333 3797 exemplum
1386 3726 1752 3784 reducendum
1793 3733 1899 3795 est,

298 3818 445 3888 quod
473 3815 527 3872 in
546 3817 917 3874 ecclesiastica
944 3817 1178 3874 historia
1194 3817 1583 3874 Ct'lnstantinus
1605 3818 1904 3891 imperator
1924 3811 1927 3815 ’

299 3908 575 3979 episcopis
594 3907 671 3962 ait
701 3923 717 3962 :
748 3926 767 3960 α
790 3906 934 3965 Deus
954 3906 1132 3980 inquit
1153 3908 1441 3965 constituit
1454 3922 1552 3966 vos
1566 3910 1899 3977 sacerdotes,

298 4006 357 4054 et
384 4005 713 4069 potestatem
734 3998 892 4055 vobis
910 3999 1058 4055 dedit
1082 3998 1148 4056 de
1176 3997 1336 4055 nobis
1360 4011 1579 4070 quoque
1600 3998 1897 4067 iudicandi,

300 4097 357 4145 et
381 4089 501 4146 ideo
526 4104 627 4144 nos
651 4104 682 4144 a
710 4089 865 4146 vobis
886 4097 1035 4145 recte
1080 4088 1419 4157 iudicamur;
1464 4084 1561 4144 vos
1585 4098 1767 4160 autem
1793 4101 1901 4146 non

298 4179 531 4250 potestis
557 4181 629 4235 ab
654 4179 967 4236 hominibus
990 4179 1237 4243 iudicari,
1265 4188 1490 4254 propter
1510 4180 1658 4250 quod
1686 4179 1783 4235 Dei
1811 4194 1903 4235 so-

303 4271 413 4326 lius
456 4270 603 4326 inter
628 4280 730 4325 vos
772 4278 1058 4342 expectate
1087 4270 1337 4327 illditium
1357 4310 1372 4335 ,
1404 4256 1482 4325 'ut
1514 4278 1694 4326 vestra
1727 4270 1902 4343 iurgia

304 4376 679 4434 quaecumque
704 4367 850 4429 sunt,
883 4364 952 4418 ad
974 4363 1106 4418 illud
1133 4362 1375 4417 divinum
1398 4372 1746 4418 reserventur
1774 4378 1902 4419 exa-

305 4470 451 4512 men.
484 4456 595 4513 Vos
614 4457 837 4521 etenim,
869 4456 1026 4512 nobis
1048 4473 1077 4511 a
1101 4455 1214 4512 Deo
1239 4453 1372 4522 dati,
1401 4455 1534 4511 estis
1562 4456 1676 4521 Dei,
1706 4467 1759 4513 et
1777 4466 1905 4513 con—

305 4552 529 4605 veniens
551 4567 659 4606 non
682 4562 767 4607 est
793 4559 854 4606 ut
880 4552 1042 4607 homo
1068 4550 1269 4607 iudicet
1306 4550 1437 4607 deos
1455 4592 1469 4617 ,
1499 4552 1593 4607 sed
1618 4550 1707 4606 ille
1757 4552 1905 4609 solus

304 4645 370 4699 de
391 4656 505 4716 quo
526 4647 788 4714 scriptum
824 4645 995 4701 est’:
1032 4643 1171 4698 Deus
1207 4644 1347 4699 stetit
1383 4640 1438 4699 iri
1475 4661 1743 4717 synagoga
1780 4645 1905 4700 deo-

303 4752 444 4802 rum,
467 4740 524 4792 fit
559 4738 728 4791 medio
766 4747 940 4793 autem
976 4737 1116 4792 Deus
1142 4736 1419 4792 diiudicat.
1451 4756 1471 4789 ι
1508 4735 1615 4792 Sed
1639 4748 1662 4776 ε
1687 4746 1741 4792 et
1775 4737 1905 4794 illud

306 4827 373 4881 ad
402 4827 720 4883 memoriam
750 4828 1115 4883 reducendum
1139 4827 1508 4910 est,"qualiter
1538 4827 1729 4883 beatus
1772 4827 1905 4884 Pro-
1938 4837 1947 4843 ’

306 4934 433 4990 sper
449 4920 504 4975 in
529 4921 671 4976 libro
690 4936 853 4991 quem
896 4920 1406 4992 decentemplativa
1446 4930 1502 4977 et
1549 4923 1747 4978 actuali
1790 4923 1901 4980 vita

308 5027 350 5065 si
369 5010 514 5075 ribit,
554 5011 766 5067 laudent
795 5012 1159 5067 sacerdotum.
1187 5012 1646 5084 conprehendcrit
1674 5030 1688 5069 :
1720 5033 1739 5062 ι
1768 5013 1904 5086 Ipsis

310 5103 655 5175 eninrinquit
691 5105 744 5161 id
790 5112 874 5161 est
908 5106 1280 5162 sacerdotibus
1324 5108 1541 5178 proprie
1597 5104 1903 5165 animarum

1988 1763 2169 1831 omnis
2200 1761 2491 1818 multitudo
2538 1759 2908 1824 credentium;
2944 1753 3068 1829 ipsi
3104 1754 3302 1812 ianuae
3347 1754 3603 1811 civitatis

1988 1862 2263 1919 aeternae,
2285 1866 2385 1931 per
2409 1865 2549 1923 quos
2585 1862 2778 1908 omnes
2800 1847 2896 1922 qui
2928 1847 3160 1905 credunt
3202 1844 3604 1918 ingrediuntur

1987 1945 2059 2003 ad
2090 1945 2403 2017 Christum;
2431 1945 2537 2017 ipsi
2558 1944 2823 2001 ianitores
2846 1941 3046 2014 quibus
3069 1939 3252 1999 claves
3273 1937 3437 1996 datae
3460 1947 3603 1995 sunt

1987 2037 2142 2110 regni
2156 2036 2430 2104 celerum;
2455 2035 2556 2109 ipsi
2571 2035 2738 2091 etiam
2754 2034 3159 2105 dispensatores
3174 2030 3357 2103 regiae
3369 2030 3596 2095 domus,

1988 2144 2225 2203 quorum
2243 2131 2472 2187 arbitrio
2496 2130 2551 2186 in
2576 2128 2699 2184 aula
2720 2128 2865 2199 regis
2887 2125 3095 2183 aeterni
3117 2124 3439 2200 dividuntur
3462 2137 3595 2193 gra-

1989 2225 2092 2282 dus
2117 2230 2177 2280 et
2204 2218 2382 2280 amcis
2423 2219 2784 2293 singulorum.
2814 2240 2834 2275 ι
2876 2216 3031 2278 Licet
3081 2217 3229 2276 enim
3274 2225 3602 2275 sanctorum

1989 2315 2468 2388 predecedentitim
2491 2315 2838 2372 sacerdon
2861 2313 2975 2369 vita
3000 2319 3057 2369 et
3082 2310 3297 2373 meritis
3321 2311 3484 2385 longe
3503 2311 3601 2367 in-

1992 2406 2222 2466 feriores
2241 2407 2437 2475 simus,
2460 2407 2515 2463 id
2547 2402 2734 2463 tamen
2758 2420 2976 2463 sacrum
3032 2402 3398 2461 ministerium
3444 2403 3602 2474 quod

1990 2500 2200 2571 indigni
2225 2500 2583 2571 suscepimus,
2607 2511 2715 2556 non
2736 2496 2965 2554 minoris
2988 2494 3333 2553 auctoritatis
3343 2503 3401 2552 et
3421 2494 3602 2568 digni.

1993 2591 2123 2648 tatis
2145 2592 2334 2649 existit
2361 2592 2404 2658 ⁸,
2430 2599 2486 2647 et
2514 2604 2846 2663 quamquam
2879 2596 3032 2655 tanto
3055 2588 3361 2646 ministerio
3380 2587 3601 2658 indigni

1992 2688 2183 2754 simus,
2207 2695 2432 2759 propter
2453 2685 2604 2743 illum
2632 2693 2815 2741 tamen
2842 2684 3000 2755 cuius
3042 2682 3410 2741 ministerium
3449 2697 3600 2754 geri-

1991 2793 2135 2845 mus,
2163 2777 2220 2834 ill
2242 2778 2400 2836 nobis
2425 2792 2534 2836 non
2564 2775 3059 2848 contempueudum
3082 2783 3188 2832 est.

2063 2892 2119 2949 5.
2147 2890 2284 2947 Illud
2302 2889 2330 2932 ἀ
2355 2890 2521 2946 etiam
2547 2888 2857 2963 specialiter
2873 2885 3244 2945 necessarium
3262 2892 3447 2943 vestre
3468 2900 3598 2942 suc-

1997 2997 2188 3057 gerere
2208 2982 2400 3055 pietati
2427 2982 2699 3049 duximus,
2720 2991 2785 3038 ut
2810 2977 2998 3038 ﬁdeles
3019 2979 3188 3038 vestri
3212 2990 3313 3050 per
3357 2994 3460 3035 vos
3496 2977 3597 3034 ad-

2000 3086 2327 3136 moneantur
2351 3085 2406 3133 et
2431 3061 2801 3142 instruantur,
2846 3071 3103 3146 quatinus
3129 3071 3349 3145 quando
3391 3070 3603 3143 aliquid

1998 3170 2159 3229 nobis
2179 3178 2360 3227 vestra
2385 3169 2654 3227 celsitudo
2687 3168 2755 3225 de
2776 3176 2965 3234 nostra
2993 3167 3359 3233 correctione,
3388 3166 3478 3222 vel
3505 3151 3601 3222 ve-

1999 3260 2119 3322 stra‘
2153 3280 2255 3322 nec
2278 3267 2388 3321 non
2410 3270 2466 3320 et
2488 3251 2705 3325 illorum
2727 3261 2944 3332 salute,
2967 3259 3314 3317 tractandum
3340 3258 3606 3315 commit-

1998 3355 2087 3423 tit,
2114 3364 2176 3410 ut
2197 3370 2305 3411 non
2327 3360 2427 3429 per
2448 3354 2666 3410 inanem
2693 3362 2750 3409 et
2785 3350 2979 3408 falsam
3005 3349 3370 3423 suspitionem
3402 3357 3601 3405 contra

2000 3465 2102 3506 nos
2118 3449 2435 3506 scandalum
2465 3456 2710 3515 sumant,
2738 3456 2796 3504 et
2823 3449 2941 3505 sine
2965 3462 3132 3511 causa
3164 3446 3219 3502 in
3256 3460 3364 3509 nos
3410 3446 3598 3502 detra-

2001 3540 2182 3598 hendo
2207 3538 2379 3601 Deum
2403 3538 2697 3605 attendant,
2726 3546 2782 3596 et
2815 3540 2960 3601 unde
2984 3538 3089 3595 sibi
3117 3536 3348 3594 salutem
3376 3550 3603 3607 sperare

2001 3640 2058 3689 et
2084 3632 2375 3706 adquirere
2398 3633 2714 3697 debuerant,
2743 3632 2960 3703 culpam
2994 3631 3298 3689 incurrant.
3326 3628 3471 3698 Quia
3500 3645 3601 3687 nos

2003 3723 2171 3780 nichil
2198 3723 2345 3779 aliud
2370 3738 2636 3795 quaerere
2660 3732 2755 3779 aut
2786 3730 3026 3779 tractare
3067 3707 3465 3788 desideramus,
3497 3736 3599 3779 nec

2001 3816 2176 3874 nostri
2196 3814 2357 3873 officii
2386 3824 2472 3873 est
2493 3824 2553 3872 ut
2576 3814 2855 3883 faciamus,
2902 3816 3011 3873 nisi
3052 3815 3200 3887 quod
3232 3814 3300 3872 ad
3347 3824 3598 3871 nostrum

2002 3909 2247 3966 debitum
2275 3906 2642 3966 ministerium
2668 3918 2723 3967 et
2748 3908 2817 3966 ad
2837 3908 3055 3965 illorum
3077 3904 3306 3965 salutem
3336 3909 3599 3978 pertinet.

2002 4001 2071 4057 Et
2097 4001 2219 4057 ideo
2243 4016 2350 4055 non
2376 4000 2640 4058 debemus
2685 3986 2812 4059 ante
2841 4006 3056 4071 tempus
3095 4012 3194 4070 per
3237 4000 3600 4070 suspitionem

2002 4093 2254 4159 iudicari,
2279 4091 2375 4149 sed
2398 4092 2680 4164 pacienter
2713 4092 3010 4163 expectari,
3038 4091 3212 4151 donec
3237 4090 3352 4161 ipsa
3396 4089 3602 4149 veritas

2005 4183 2351 4241 manifestum
2378 4181 2561 4249 faciat,
2601 4174 2784 4238 utrum
2808 4183 2980 4255 magis
3008 4182 3265 4246 audiendi
3304 4197 3374 4236 an
3416 4182 3597 4252 inpro-

2004 4265 2167 4332 baudi
2194 4276 2386 4330 simus.
2418 4271 2529 4331 Nos
2567 4273 2735 4339 enim,
2763 4273 2809 4328 si
2838 4269 2978 4327 forte
3023 4272 3287 4339 evenerit,
3310 4278 3371 4328 ut
3396 4268 3604 4341 aliquid
3656 4262 3665 4279 ’

2001 4367 2259 4424 sinistrae
2279 4363 2551 4439 opinionis
2576 4365 2641 4421 de
2668 4366 2823 4422 nobis
2842 4363 2986 4421 fama
3008 4365 3292 4437 sparserit,
3312 4363 3427 4421 Deo
3447 4365 3601 4422 nobis

2005 4474 2164 4533 opem
2195 4457 2403 4517 ferente
2423 4456 2784 4529 equanimiter
2827 4457 3061 4516 tolerare
3102 4466 3158 4513 et
3208 4473 3499 4529 possumus
3549 4464 3603 4510 et

2004 4556 2285 4611 debemus.
2313 4550 2430 4622 lpsi’
2452 4567 2579 4609 vero
2602 4550 2759 4623 culpa
2788 4551 3039 4608 inmunes
3060 4566 3180 4607 esse
3210 4567 3318 4606 non
3347 4559 3597 4621 possunt,

2006 4649 2133 4703 dum
2161 4655 2379 4717 patrum
2407 4653 2463 4701 et
2506 4642 2738 4701 fratrum
2768 4644 3126 4700 intentionem
3165 4645 3282 4700 sine
3318 4659 3485 4701 causa
3515 4658 3601 4698 re-

2006 4737 2344 4809 prehendere
2398 4751 2507 4794 non
2558 4742 2840 4803 metuunt;
2879 4737 3136 4807 quoniam
3179 4738 3282 4792 hoc
3314 4734 3602 4807 sumopero

2008 4832 2364 4889 laborandum
2391 4838 2479 4887 est
2500 4832 2659 4888 nobis
2685 4837 2740 4885 et
2767 4831 2941 4896 vobis,
2973 4841 3032 4884 ut
3060 4844 3276 4900 semper
3302 4829 3452 4884 inter
3480 4841 3604 4899 pas-

2009 4933 2156 4984 tores
2178 4923 2499 4980 eclesiarum
2521 4931 2576 4977 et
2596 4937 2811 4995 gregem
2843 4922 3047 4979 Christi
3086 4937 3189 4993 pax
3228 4930 3283 4977 et
3311 4919 3599 4977 concordia

2005 5015 2445 5085 unanimitasque
2468 5025 2733 5071 servetur.
2759 5014 2873 5071 Nisi
2899 5016 3042 5071 enim
3072 5014 3358 5068 caritatem
3386 5023 3443 5069 et
3478 5027 3601 5067 con-

2009 5109 2249 5167 cordiam
2279 5110 2607 5169 in‘invicem
2632 5109 2953 5175 habuerint,
2985 5108 3153 5164 Deum
3198 5110 3340 5179 sicut
3390 5110 3599 5182 oportet

1535 5244 1933 5305 VABIANTES
1971 5246 2377 5307 LECTIONES.

2141 5351 2163 5375 °
2196 5342 2340 5414 quod
2363 5341 2607 5413 placatus
2625 5343 2744 5398 cod.
2808 5343 2829 5375 ⁸
2849 5344 3135 5399 existimus
3161 5362 3210 5401 ι’.

1843 5473 2075 5531 NOTAE.

384 5339 399 5368 ¹
426 5354 586 5407 quem
611 5356 659 5393 c.
738 5340 757 5369 '
786 5340 1107 5395 renlitelltur
1132 5355 1179 5394 c.
1240 5339 1261 5371 ³
1286 5346 1437 5397 est...
1470 5351 1554 5397 est
1578 5348 1765 5397 desunt
1787 5344 1841 5397 in
1867 5345 2064 5399 codice.

386 5594 411 5623 ι
452 5582 515 5636 1,.
550 5600 635 5651 lll,
660 5583 710 5650 8,
745 5599 798 5654 p.
831 5582 982 5638 I66l.

388 5654 415 5694 ι’
454 5655 587 5710 ibid.

2084 5598 2108 5625 α
2151 5587 2235 5650 Ill,
2279 5589 2339 5651 9,
2381 5605 2433 5658 ι).
2477 5590 2635 5643 ifilli.

2087 5658 2131 5699 ιι-
2157 5659 2236 5724 Ill,
2290 5662 2370 5728 ιο,
2405 5676 2458 5732 ι».
2494 5662 2647 5717 mea.
