3828 6220
131 260 229 316 as
431 255 661 317 conm
688 228 1221 319 'otetonmcus.
1245 285 1315 302 -ι-
1335 256 1661 320 Lunovtct
1695 255 1721 315 ι
1753 257 1843 316 ετ
1876 257 2206 319 rerum:
2235 261 2794 321 carrrur..\nt.t.—
2807 265 2911 321 Art.
2951 264 3080 324 δερ).
3295 262 3408 324 sis

126 366 402 443 propitium
432 369 631 428 habere
656 384 767 428 non
812 380 1112 467 merentur.
1142 371 1508 467 Quapropter,

1867 390 1950 447 rio
1989 388 2242 450 duximus
2282 395 2678 467 expectcndum
2716 384 2771 462 ⁶,’
2805 402 2865 451 ut
2898 396 3211 455 sacerdotes
3246 399 3410 457 et'le-

122 461 434 534 promissum
457 468 575 528 est,‘
590 476 715 520 cum
737 461 851 521 Deo
875 460 1179 535 inspirante
1210 473 1399 521 vestra
1421 462 1605 538 piatas
1633 465 1692 521 de

1862 481 1948 543 tae
1970 491 2026 539 et
2044 484 2322 576 sequentis
2346 460 2555 541 ordinis
2582 460 2786 576 clerici,
2813 478 3001 558 quiin
3028 469 3260 545 diversis
3300 489 3412 546 im-

124 552 512 612 aecdeslastica
530 562 588 612 et
611 556 884 613 communi
898 556 1138 614 utilitate
1156 554 1362 629 siquid
1378 556 1538 614 nobis
1558 563 1704 613 trac-

125 656 233 703 tare
255 645 537 717 praecipit,
568 662 676 704 non
717 654 805 703 est
837 647 995 704 nobis
1023 646 1106 704 ias
1130 645 1373 715 mentiri,
1421 648 1550 721 quia
1599 647 1703 704 ali-

120 738 322 813 quando
343 739 640 797 veritatem
659 737 781 798 sine
800 741 951 812 gravi
991 741 1234 813 periculo
1274 742 1345 799 ad
1370 750 1585 814 tempus
1607 754 1699 799 re-

124 835 278 891 ticere
293 872 309 899 ,
334 845 633 905 numquam
663 842 844 891 tamen
869 825 1277 906 inter'rogati'de
1304 834 1422 905 ipsa
1444 834 1697 901 veritate,
1727 820 1735 839 ’

119 928 232 983 sine
266 924 419 995 gravi
448 923 767 983 discrimine
807 940 1100 997 possumus
1135 927 1387 995 mentiri.
1437 922 1546 984 Sed
1570 924 1699 998 quia

119 1017 309 1075 veritas
322 1030 450 1088 sepe
467 1018 652 1074 odium
678 1027 924 1089 generat,
948 1025 1004 1074 et
1028 1028 1208 1076 sermo
1230 1017 1329 1075 Dei
1350 1015 1700 1077 adversarius

118 1124 149 1166 a
170 1108 387 1165 Domino
407 1098 610 1165 nostris
632 1108 943 1167 carnalibus
965 1105 1334 1180 voluptatibus
1346 1108 1696 1174 describitur,

120 1212 288 1258 tamen
318 1211 374 1257 et
398 1203 456 1258 in
488 1202 579 1257 via
604 1202 658 1257 id
683 1211 768 1258 est
798 1202 851 1258 in
867 1201 1105 1273 presenti
1121 1202 1231 1257 vita
1244 1201 1698 1260 consentiendum

116 1305 215 1361 est,
246 1303 303 1351 ut
319 1281 346 1328 ’⁸
378 1294 827 1368 quotiescumque
858 1294 1179 1366 interrogati
1200 1294 1489 1350 veritatem
1515 1285 1698 1365 prore:-

119 1388 293 1451 rimus,
319 1393 641 1459 quamquam
672 1384 917 1444 nonnulli
950 1384 1157 1442 inﬁmi
1190 1384 1309 1443 sine
1346 1399 1511 1443 causa
1537 1399 1697 1443 scan«

116 1476 421 1542 daliientur,
443 1476 606 1535 nobis
647 1484 830 1533 tamen
860 1478 1309 1534 consentiendum
1346 1484 1432 1534 est
1468 1484 1699 1550 propter

115 1569 277 1641 ipsam
302 1570 607 1626 veritatem.
664 1567 799 1624 Nam
848 1583 989 1640 sepe.
1018 1568 1237 1641 quando
1261 1568 1420 1626 vobis
1448 1563 1697 1641 suggeri-

1798 576 1936 648 perii
1965 578 2128 635 vestri
2151 572 2396 649 partibus
2424 572 2765 650 maximeque
2796 576 2853 634 in
2877 576 3065 635 italiae
3094 579 3415 661 regionibus

1799 665 1926 740 fuga
1946 663 2096 740 lapsi
2112 676 2258 740 sunt,
2284 676 2464 724 vestra
2492 667 2815 724 auctoritate
2852 683 2951 739 per
2974 668 3172 728 missos
3197 678 3416 730 vestros

1800 736 2086 830 diligenter
2128 736 2544 830 perquiruntur,
2596 759 2730 815 etin
2756 736 3123 830 praesentiam
3164 769 3410 819 vestram

1799 850 1988 907 venire
2012 848 2406 922 conpellantur,
2437 858 2494 907 et
2529 866 2628 925 per
2649 859 2890 907 vestram
2914 848 3263 911 clementiam
3284 854 3410 911 uni—

1798 938 1997 1011 cuique
2022 928 2287 998 ecclesiae
2307 956 2338 997 a
2371 957 2481 1014 qua
2508 956 2608 1012 per
2640 940 3036 999 contumatiam
3066 936 3404 1011 defecerunt,

1798 1023 2173 1088 restituantur.
2936 1044 2937 1047 ‘
3066 1025 3086 1035 “

1862 1123 1925 1207 .6.
1962 1121 2096 1182 illud
2142 1124 2170 1166 ιι
2221 1119 2438 1198 quoque
2484 1115 2869 1181 nichilominus
2920 1139 2952 1180 a
2980 1131 3161 1181 vestra
3202 1125 3410 1198 pietate

1797 1220 2076 1293 supliciter
2094 1217 2417 1293 ﬂagitamus,
2443 1229 2506 1276 ut
2525 1218 2776 1278 monachi
2796 1229 2851 1277 et
2868 1222 3157 1293 presbiteri
3177 1238 3279 1280 nec
3296 1239 3408 1285 non

1795 1319 1852 1366 et
1875 1309 2059 1368 clerici
2084 1312 2177 1384 qui
2214 1309 2515 1384 postposita
2559 1312 2821 1369 canonica
2847 1314 3173 1371 auctoritate
3196 1315 3408 1387 passim

1797 1400 2061 1472 palatium
2095 1403 2328 1469 adeunt,
2362 1411 2419 1461 et
2452 1404 2648 1460 vestris
2682 1399 2861 1462 sacris
2891 1406 3118 1464 auribus
3160 1407 3410 1478 inportu-

1797 1490 2078 1549 nissimam
2117 1493 2422 1569 molestiam
2464 1488 2725 1562 inferunt,
2773 1504 2954 1557 vestra
3001 1492 3327 1557 auctoritate
3352 1507 3410 1558 et

1795 1593 2065 1657 potestate
2094 1580 2505 1657 deterreantur,
2548 1605 2652 1647 nec
2691 1589 2797 1647 hoc
2832 1584 3013 1649 facere
3049 1600 3427 1664 presumaut;

116 1675 256 1725 mus.
283 1651 549 1760 ntideteg
572 1659 777 1760 quique
801 1673 908 1760 res
933 1656 1294 1760 aedem”!!!
1338 1656 1430 1729 rio
1476 1660 1536 1760 et
1567 1670 1693 1760 ξξπη
1722 1755 1761 1760 _
1790 1651 2056 1751 quoniam
2072 1672 2133 1737 in
2158 1651 2532 1743 huiuscemodi
2569 1683 2716 1743 facto
2741 1694 2797 1743 et
2824 1687 2978 1760 vigor
3001 1651 3408 1749 ecclesiasticus

114 1752 399 1809 reverentia
420 1751 699 1825 ettimore
722 1750 818 1807 Dei
840 1758 1095 1821 tractent,
1119 1759 1185 1807 et
1203 1758 1540 1822 cognoscant
1568 1749 1691 1808 illas

1863 1768 2213 1843 ntempnitur,
2237 1781 2293 1829 et
2315 1774 2505 1848 religio
2530 1749 2973 1837 saCerdotaiis'et
2997 1777 3267 1851 professio
3288 1797 3407 1840 Ino-

115 1844 218 1901 bco
247 1859 362 1901 esse
386 1844 615 1909 (beatas,
643 1842 903 1915 quatinus
931 1843 1013 1900 sic
1040 1843 1278 1899 habeant
1314 1842 1381 1899 de
1416 1842 1528 1899 illis
1553 1850 1693 1901 tem-

112 1936 334 2010 poralem
353 1934 677 2006 profectum,
705 1944 765 1991 ut
790 1951 898 1992 non
922 1951 1022 2007 per
1046 1936 1413 2006 ignorantiam
1430 1945 1487 1991 et
1507 1936 1693 2009 negle-

113 2031 333 2103 gentiam
353 2037 635 2086 a‘eteruum
657 2029 946 2100 paciautur
968 2028 1379 2095 detrimentum,
1416 2029 1694 2101 suspican-

114 2133 194 2180 tur
223 2119 482 2189 nonnulli,
511 2121 659 2191 quod
680 2133 781 2177 nos
802 2135 972 2177 causa
1017 2120 1332 2192 cupiditatis
1372 2122 1556 2192 potius
1585 2121 1693 2179 hoc

114 2218 455 2283 admonemus
480 2230 646 2286 quam
673 2226 839 2271 causa
869 2212 1061 2271 salutis
1078 2254 1095 2280 ,
1144 2229 1270 2270 cum
1296 2229 1398 2271 nos
1421 2214 1693 2272 veraciter

112 2311 259 2369 nullis
284 2312 442 2367 rebus
475 2309 578 2366 sibi
603 2307 836 2367 conlatis
857 2316 1110 2380 optemus
1131 2322 1228 2366 eos
1247 2306 1562 2389 exspoliari,
1595 2307 1692 2364 sed

116 2404 273 2476 magis
308 2417 493 2459 eorum
542 2401 821 2458 communi
851 2400 1013 2458 saluti
1047 2395 1358 2457 consultum
1390 2402 1687 2472 praebere,

115 2496 225 2568 quia
248 2511 353 2551 non
389 2509 572 2550 rerum
596 2535 612 2561 ,
652 2499 714 2549 ut
757 2492 919 2548 multi
970 2491 1329 2557 arbitrantur,
1394 2492 1693 2548 ambitione

114 2589 195 2647 sed
209 2586 502 2644 animarum
527 2585 715 2658 potius
753 2583 1091 2641 delectamur
1119 2582 1440 2649 salvatione,
1500 2583 1692 2640 adten-

117 2682 290 2739 dentes
308 2675 435 2735 illud
455 2676 717 2749 apostoli:
740 2675 866 2734 Non
885 2677 1023 2731 enim
1047 2683 1216 2732 vestra
1235 2683 1453 2748 quaem,
1468 2676 1560 2732 sed
1580 2693 1687 2732 vos.

173 2770 223 2827 4.
259 2770 390 2827 Cum
418 2781 445 2811 ι
476 2769 618 2826 sacri
646 2784 885 2825 canones
928 2769 1013 2825 bis
1041 2768 1096 2823 in
1126 2783 1269 2824 anno
1293 2768 1520 2825 concilia
1549 2770 1693 2826 cele-

114 2866 242 2922 brari
278 2863 526 2929 iubeant,
559 2862 694 2919 illud
722 2862 921 2919 obnixe
959 2867 1200 2917 vestram
1243 2860 1499 2932 pietatem
1528 2861 1690 2932 depo-

116 2959 311 3023 scimus,
339 2965 397 3013 ut
423 2955 603 3013 saltim
629 2954 715 3013 vel
743 2955 911 3012 semel
934 2953 992 3010 in
1023 2969 1167 3010 anno
1192 2952 1417 3009 libertas
1436 2953 1689 3024 oportuni

118 3052 348 3123 temporis
375 3050 721 3116 concedatur,
756 3065 865 3122 quo
891 3050 1029 3105 haec
1055 3050 1124 3132 ad
1155 3049 1421 3104 honorem
1449 3048 1546 3105 Dei
1566 3064 1690 3105 san-

1794 1862 2042 1919 nasticha
2069 1865 2091 1898 '
2115 1864 2239 1922 vilis
2264 1865 2513 1923 ellicitur.
2582 1916 2587 1919 ,

1794 1971 1818 2015 ι
1865 1953 1919 2009 7.
1958 1952 2094 2031 illud
2122 1967 2147 1997 ο
2175 1957 2341 2013 etiam
2382 1957 2406 1991 '
2433 1960 2632 2018 obnixe
2667 1968 2908 2020 vestram
2948 1973 3198 2023 sanctam
3223 1965 3406 2039 ι)ἰίεεί-
3442 2024 3446 2028 Α
3518 2001 3524 2005 ι

1793 2062 1882 2102 ma
1889 2062 2050 2119 mque
2073 2050 2413 2107 devotionem
2423 2052 2742 2124 suppliciter
2752 2060 3024 2114 monendo
3036 2047 3403 2132 deposcimus,

1792 2146 1855 2228 ut
1874 2139 1945 2195 ob
1965 2134 2209 2198 amorem
2228 2151 2284 2198 et
2303 2142 2567 2201 honorem
2587 2145 2684 2203 Dei
2703 2153 2758 2203 et
2775 2148 2991 2205 animae
3012 2136 3228 2209 vestrae
3248 2152 3401 2210 salu-

1793 2238 1906 2289 tem
1930 2248 2138 2291 morem
2160 2244 2449 2313 paternum
2471 2247 2784 2309 sequentes,
2803 2242 3072 2312 quasdam
3097 2242 3257 2302 sedes
3287 2230 3405 2317 epi-

1793 2324 2040 2396 seopales
2076 2342 2217 2398 quae
2266 2329 2430 2385 rebus
2458 2330 2694 2400 propriis
2714 2330 2970 2390 viduatae
3006 2321 3403 2391 immoannul-

1792 2417 1938 2476 latae
1961 2434 2082 2476 esse
2106 2421 2373 2487 videntur,
2399 2423 2529 2479 dum
2542 2430 2757 2496 tempus
2782 2425 2999 2483 habetis
3032 2434 3089 2483 et
3114 2428 3399 2498 oportuni-

1794 2517 1878 2566 tas
1922 2526 1981 2568 se
2001 2513 2299 2583 prebuerit,
2328 2516 2395 2572 de
2427 2531 2621 2574 earum
2648 2516 3022 2577 sublevatione
3060 2527 3117 2577 et
3148 2521 3402 2579 consola-

1791 2601 1941 2658 tione
1966 2603 2232 2676 cogitetis,
2256 2620 2527 2667 memores
2552 2623 2769 2681 semper
2796 2611 3068 2682 quomodo
3092 2614 3407 2687 progenito-

1792 2707 1881 2749 res
1898 2694 2063 2750 vcstri
2078 2695 2452 2755 huiuscemodi
2465 2698 2725 2769 piissimis
2746 2701 2945 2757 studiis
2960 2702 3156 2759 intenti
3178 2702 3403 2763 iuerint.

1862 2783 1916 2839 8.
1956 2782 2062 2840 Sed
2096 2785 2117 2824 τ
2147 2795 2202 2842 et
2223 2787 2353 2844 illud
2396 2803 2428 2844 a
2463 2798 2651 2846 vestra
2682 2777 3055 2849 misericordii
3090 2791 3211 2850 ﬁeri
3242 2795 3407 2868 depo-

1791 2873 2012 2940 scimus,
2043 2884 2103 2931 ut
2130 2877 2184 2933 in
2211 2879 2491 2951 quadam’
2514 2888 2668 2951 parte
2689 2882 3014 2953 parrochiae
3032 2882 3324 2957 Alitgari"
3348 2898 3406 2943 ct

1790 2967 2092 3041 Rantgarii,
2123 2973 2216 3028 ubi
2243 2974 2615 3044 turpissimam
2648 2984 2704 3032 et
2731 2975 3183 3035 nefandissimam
3204 2987 3260 3037 et
3283 2980 3405 3051 ipso

1789 3062 1934 3119 dictu
1955 3062 2368 3123 fociidiésimam
2390 3084 2505 3124 rem
2526 3070 2829 3141 perpetrari
2846 3070 3228 3140 “audivimus,
3251 3054 3408 3131 missi

117 3156 216 3200 ciae
258 3144 347 3200 Dei
384 3141 611 3230 θοςιεείθ
670 3128 1084 3236 ιιιιιΙῑόιίιῐῐιίίιξίθΔ
1122 3140 1531 3236 ίῖοιξνθειίςπιθηιΔ
1556 3157 1688 3236 φη-
1709 3123 1760 3187 c
1793 3144 1958 3210 vestri
1983 3156 2446 3227 ﬁdelesexistant,
2468 3123 2565 3232 qlii
2588 3123 2685 3232 per
2705 3168 3036 3231 potestatem
3062 3123 3403 3236 imperialem

116 3246 342 3307 gruenter
364 3225 724 3306 decenterque
746 3236 863 3291 lleri
892 3234 1102 3306 possint
1127 3236 1170 3290 ⁸.
1195 3233 1466 3302 Quoniam
1490 3234 1535 3291 si
1552 3235 1691 3292 haec

118 3325 259 3381 semel
282 3335 337 3381 ut
357 3326 558 3381 dictum
588 3333 692 3381 est,
710 3325 765 3380 in
791 3340 934 3381 anno
965 3340 1063 3396 per
1095 3341 1537 3397 unamquamque
1562 3341 1691 3398 pro-

119 3418 322 3474 vinciam
345 3419 615 3475 celebrata
646 3417 867 3484 fuerint,
899 3427 954 3473 et
974 3420 1149 3474 honor
1180 3417 1585 3476 ecclesiasticus
1605 3419 1691 3478 ius

121 3510 295 3567 ordinis
321 3510 399 3566 sui
426 3510 724 3577 obtinebit,
755 3517 811 3565 et
849 3510 1164 3582 inpudentia
1216 3513 1558 3581 quorundam
1597 3528 1691 3569 su-

118 3604 376 3675 perborum
400 3603 753 3669 clericorum,
792 3604 885 3674 qui
931 3603 1136 3674 passim
1172 3602 1375 3675 quique
1405 3604 1425 3637 ³
1453 3606 1693 3662 auctori-

120 3703 212 3750 tate
244 3697 495 3752 canouica
543 3694 784 3761 calcata,
835 3693 1059 3751 auribus
1105 3694 1475 3768 imperialibus
1515 3698 1689 3754 mole-

121 3788 255 3842 stiam
292 3787 312 3819 ⁸
346 3788 594 3860 ingerere
618 3803 731 3843 non
758 3789 1079 3854 cessabunt,
1112 3796 1167 3843 et
1203 3786 1482 3859 inpunitas
1511 3789 1692 3846 diver-

122 3894 277 3934 sorum
300 3877 644 3952 ﬂagitiorum,
666 3879 848 3935 locum
875 3878 1214 3937 delitiscendi
1235 3894 1397 3950 quem
1427 3897 1572 3938 nunc
1591 3880 1690 3938 ha—

122 3973 194 4028 bet
215 3988 311 4029 non
334 3974 577 4040 habebit,
603 3981 659 4029 et
683 3971 793 4030 alia
823 3972 1022 4040 multa,
1047 3988 1188 4045 quae
1228 3974 1496 4031 hactenus
1530 3990 1691 4033 secus

124 4080 258 4135 quam
282 4066 645 4123 ecclesiastica
674 4067 836 4124 docet
866 4063 1112 4124 doctrina
1152 4068 1515 4134 incesserunt,
1547 4069 1692 4127 ordi-

125 4173 225 4212 nem
258 4173 405 4213 suum
436 4159 668 4219 Domino
705 4159 1002 4229 auxiliante
1043 4160 1325 4217 tenebunt.
1375 4158 1690 4219 Similiterb

124 4249 259 4304 etiam
280 4250 471 4306 obnixe
500 4258 556 4315 et
583 4251 896 4325 suppliciter
924 4259 1141 4309 vestrae
1169 4251 1477 4309 celsitudini
1504 4270 1692 4328 sugge-

127 4341 353 4409 ritnus,ut
372 4360 575 4401 morem
596 4355 885 4417 paternum
906 4354 1214 4417 sequentes,
1231 4347 1412 4402 saltim
1435 4347 1491 4403 in
1517 4349 1691 4405 tribus

126 4438 587 4507 congruentissimis
616 4440 638 4471 ⁸
666 4439 878 4509 imperii
905 4440 1073 4496 vestri
1117 4441 1253 4498 locis
1287 4442 1466 4499 scolae
1512 4444 1691 4515 publi-

128 4540 203 4581 eae
224 4543 283 4582 ex
308 4540 480 4586 vestra
522 4532 846 4587 auctoritate
876 4531 1026 4598 ﬁant,
1059 4540 1119 4588 ut
1144 4532 1300 4588 labor
1320 4534 1493 4604 patris
1523 4538 1687 4593 vestri

128 4626 171 4671 et
190 4628 347 4676 vester
366 4638 461 4692 per
485 4623 751 4679 incuriam
781 4623 925 4694 quod
967 4624 1108 4680 absit
1156 4623 1535 4685 labefactando
1576 4643 1686 4684 non

131 4706 359 4777 depereat,
390 4714 646 4783 quoniam
671 4729 739 4769 ex
767 4714 871 4769 hoc
897 4713 1042 4771 facto
1069 4723 1123 4770 et
1146 4731 1341 4789 magna
1374 4718 1600 4786 utilitas,
1633 4729 1688 4776 et

131 4798 271 4856 honor
290 4814 501 4863 sanctae
528 4806 621 4863 Dei
647 4806 924 4872 ecclesiae,
942 4816 997 4864 et
1020 4809 1175 4865 vobis
1200 4826 1455 4881 magnum
1479 4827 1689 4883 merce—

132 4890 197 4947 dis
220 4896 621 4955 emolumentum
642 4908 697 4955 et
728 4900 989 4955 memoria
1031 4902 1360 4972 sempiterna
1384 4904 1683 4960 adcrescet.

126 5010 127 5015 π
185 4981 232 5037 5.
265 4984 511 5044 Similiter
533 5001 555 5029 ο
593 4998 649 5045 et
678 4991 781 5046 hoc
821 4991 890 5065 ad
914 5000 1150 5047 vestram
1196 4994 1454 5063 pietatem
1495 5010 1688 5051 ncces-

1792 3251 2031 3301 vestram
2060 3246 2220 3303 simul
2248 3265 2375 3305 cum
2411 3266 2603 3307 eorum
2644 3252 2970 3323 auctoritate
3003 3268 3238 3324 quorum
3274 3268 3406 3327 par-

1789 3343 2040 3399 roechiae
2078 3353 2225 3413 sunt,
2253 3346 2398 3403 idem
2441 3332 2646 3404 malum
2660 3349 2745 3405 ‘ab
2786 3348 2879 3405 illo
2906 3348 3029 3407 loco
3071 3351 3405 3422 quantocius

1792 3435 2057 3494 radicitus
2085 3437 2346 3495 evellant.
2439 3485 2445 3491 .
2475 3456 2481 3462 ε

1863 3528 1918 3584 9.
1958 3528 2161 3611 lterum
2190 3532 2215 3571 Β
2237 3530 2554 3603 subplieiter
2575 3534 2918 3592 admonendo
2954 3543 3175 3593 vestrae
3206 3551 3404 3609 sugge-

1770 3602 1966 3676 ‘rimus
2012 3604 2324 3688 serenitati,
2344 3602 2419 3678 ut
2451 3633 2635 3682 vestro
2674 3626 3052 3685 sollertissimo
3092 3602 3397 3686 studio've-

1793 3720 2019 3784 straque
2044 3714 2313 3785 imperiali
2342 3717 2674 3774 auctoritate
2693 3726 2806 3776 tam
2835 3721 3128 3779 temeraria
3149 3721 3405 3779 christia-

1793 3820 1989 3860 norum
2031 3807 2313 3879 sanguinis
2344 3809 2386 3839 ¹²
2413 3806 2607 3865 ell'usio
2651 3808 2706 3865 in
2738 3825 2908 3882 regno
2936 3812 3120 3868 vestro
3145 3794 3263 3868 fieri
3293 3826 3415 3867 non‘

1791 3898 2305 3971 sinatnr,’semper
2356 3900 2487 3957 illud
2536 3903 2891 3959 adtendentes
2940 3904 3087 3975 quod
3137 3903 3403 3961 Dominus

1791 3999 1916 4061 post
1944 3988 1989 4022 ³³
2010 3989 2273 4047 diluvium
2293 3991 2428 4049 dixit
2454 3991 2658 4050 famulo
2695 4008 2797 4052 suo
2823 3992 2940 4051 Noe
2966 4012 2980 4048 :
3017 3993 3098 4050 De
3121 4011 3285 4051 manu
3305 3995 3403 4050 Ito-

1710 4142 1713 4144 ἓ
1793 4082 1950 4137 minis
1975 4094 2023 4138 et
2043 4082 2108 4139 de
2128 4100 2292 4139 manu
2324 4083 2423 4139 t'iri
2445 4094 2494 4140 et
2516 4084 2701 4156 fratris
2737 4085 2848 4141 eius
2880 4086 3144 4159 requiram
3165 4087 3401 4143 animam

1793 4173 2051 4228 hominis:
2084 4169 2416 4255 quicumque.
2445 4173 2692 4245 eluderit
2733 4176 3026 4259 humanum
3063 4176 3397 4247 sanguinem,

1751 4345 1764 4352 -
1794 4264 2047 4335 fundatur
2075 4266 2292 4338 sanguis
2318 4265 2498 4334 illius;
2530 4266 2600 4322 ad
2638 4267 2923 4339 imaginem
2957 4268 3149 4340 quippe
3185 4266 3285 4323 Dei
3313 4269 3402 4339 [a-

1795 4367 1909 4411 ctus
1938 4366 2013 4412 est
2044 4358 2221 4413 homo.
2279 4356 2348 4413 Et
2374 4359 2431 4414 in
2474 4359 2637 4432 lege:
2692 4357 2797 4427 Qui
2833 4360 3083 4418 occiderit
3133 4360 3399 4417 hominem

1794 4466 1962 4505 mone
2004 4452 2283 4506 moriatur.
2331 4450 2402 4506 Et
2439 4450 2759 4523 apostolus:
2803 4451 2949 4511 Nam
2989 4454 3253 4527 principes
3294 4471 3400 4522 non

1792 4552 1914 4598 sunt
1943 4543 2118 4597 timori
2139 4544 2262 4598 boni
2288 4543 2459 4616 operis
2484 4543 2731 4626 κάπιαᾷ
2744 4562 2765 4612 ;
2795 4545 2872 4601 vis
2893 4545 3072 4621 autem
3098 4562 3205 4602 non
3216 4546 3401 4601 timere

1792 4643 2132 4706 potestatem;
2155 4634 2349 4690 bonum
2376 4634 2484 4706 fac,
2508 4644 2557 4692 et
2586 4636 2801 4693 habebis
2833 4636 3048 4693 laudem
3069 4654 3136 4693 ea;
3155 4636 3272 4705 illo,
3300 4637 3401 4694 Dei

1792 4724 1930 4779 enim
1957 4714 2194 4780 minister
2212 4736 2290 4781 est
2312 4726 2406 4780 tibi
2432 4727 2488 4781 in
2508 4726 2642 4783 bona
2656 4743 2688 4793 ,"
2702 4727 2749 4784 si
2770 4735 2947 4783 autem
2968 4725 3168 4807 malum
3183 4726 3398 4798 feceris,

1792 4816 1950 4882 time;
1997 4833 2103 4872 non
2147 4819 2286 4883 enim
2342 4819 2456 4873 sine
2517 4826 2682 4875 causa
2737 4818 2976 4892 gladium
3034 4830 3246 4891 portat;
3298 4819 3399 4876 Dei

1791 4909 1930 4963 enim
1977 4912 2215 4966 minister
2267 4900 2343 4966 sit
2379 4912 2569 4967 vindex
2613 4913 2671 4969 in
2698 4912 2784 4968 ira
2825 4913 2873 4969 ei
2901 4912 2993 4978 qui
3029 4912 3231 4968 malum
3260 4914 3397 4984 agit.

1796 4999 1874 5056 De
1936 5000 2026 5056 illo
2072 5002 2217 5057 enim
2271 5003 2581 5074 specialiter
2639 5003 2822 5062 divina
2884 5005 3183 5061 auctoritas
3234 5005 3400 5064 dicit:

1310 5124 1711 5192 VARIANTES
1748 5136 2158 5196 LECTIONES.

195 5236 208 5269 ¹
239 5249 292 5327 ut
324 5252 477 5327 usque
512 5253 597 5327 est
622 5245 699 5327 bis
720 5246 935 5316 scripta,
968 5244 1261 5327 sed'alltera
1295 5247 1401 5327 rice
1447 5246 1637 5302 deleta.
1715 5252 1734 5280 ‘
1772 5254 1944 5327 possit
1981 5270 2027 5308 ε.

2195 5255 2216 5288 ³
2252 5271 2348 5342 qui
2381 5218 2612 5342 _adiecto_
2630 5272 2701 5342 ς,
2728 5216 2854 5342 eoa:
2890 5224 3115 5342 delenda
3162 5257 3397 5342 ridetur.

138 5310 403 5405 tmolest‘ia
435 5318 553 5398 cad.
631 5310 1161 5405 “.congrtlentissinti
1189 5335 1239 5405 c3
1315 5318 1333 5345 δ
1375 5317 1479 5400 ἕλε
1506 5335 1535 5372 a
1563 5329 1743 5405 vestra
1770 5310 2086 5405 pietate...”
2127 5310 2612 5398 expeiendumim'
2630 5310 2847 5386 722.";
3161 5310 3396 5400 'ﬁqtnda

139 5390 179 5431 τι
237 5383 273 5414 ⁸⁸
306 5387 506 5459 alligari
544 5406 594 5443 c.
671 5390 711 5420 “
751 5383 1043 5461 pérpelrali
1069 5406 1118 5443 ι’·
1197 5390 1239 5420 ¹¹
1285 5390 1506 5463 εθηευὶθ
1532 5408 1577 5446 c.
1671 5391 1715 5424 ’³
1753 5383 1895 5449 ἄθρει
1936 5413 1983 5450 c.
2197 5383 2215 5398 ³
2248 5383 2255 5384 ί
2303 5383 2335 5386 ”
2373 5383 2491 5433 ’”“ζ

222 5490 227 5495 δ
1612 5504 1847 5565 ΝΟΤᾸΞ.

196 5580 519 5688 ῖξυνέέιρρς
553 5591 708 5651 ιθδεο
1876 5616 1901 5688 ε
1939 5603 2002 5688 ελ-
2158 5603 2247 5688 ’.δέ

250 5649 303 5742 ξι.
333 5649 538 5742 ιιιίῇ.
633 5649 641 5651 ξ
700 5649 705 5650 7
880 5719 885 5723 ,
1875 5675 1895 5714 ί
2162 5649 2262 5732 iii.

194 5721 411 5834 ΙΙ]Ιῂ
433 5729 526 5834 iis.
881 5721 884 5723 ⁷
1875 5749 1900 5789 ε
1936 5721 2001 5803 EI
2042 5721 2130 5816 iii;
2160 5721 2251 5804 ﬁ.
