3828 6220
398 211 498 282 615

1208 199 1266 256 Β.
1312 197 1562 259 ειιιοιλ
1601 192 1812 251 MAGNI
1852 195 2002 252 OPP.
2043 194 2227 250 PARS
2262 196 2301 250 l.
2343 194 2585 252 SECTIO
2621 194 2853 252 PRIMA.

3561 195 3656 259 816

399 323 648 378 Gladium
670 320 772 377 Dei
807 327 979 380 portat
1124 317 1404 371 vindictam
1439 313 1709 392 malorum
1727 351 1742 375 ,
1775 304 1885 364 non
1913 297 1980 364 de
2006 311 2056 370 Α
2079 309 2532 366 sollicitudinibus
2558 308 2843 365 mundanis
2867 311 3132 379 quantum
3152 301 3383 377 potestis
3403 316 3633 360 vaseula

399 413 638 485 quolibet
662 411 787 467 alio.
815 411 1056 465 Econtra
1078 422 1207 460 vero
1238 406 1537 468 nescimus,
1572 403 1699 473 quia
1720 399 1983 470 pernoxia

401 501 708 579 inventione
735 514 767 552 a
788 495 1060 552 nonnullis
1079 501 1398 564 usurpatum
1423 501 1526 557 est,
1563 501 1624 546 ut
1645 490 1702 545 hi
1724 489 1817 561 qui
1840 489 1986 543 nullo

403 588 700 650 ministerio
749 586 964 659 publico
995 585 1328 646 iniciuntur.
1376 592 1597 657 propter
1641 598 1739 637 sua
1762 582 1887 639 odia
1930 590 1986 636 et

400 677 794 738 diversissimas
835 678 1138 733 voluntates
1182 681 1474 744 pessumas,
1528 671 1832 727 indcbitum
1881 669 1985 726 sibi

400 779 665 844 usurpant
689 771 741 826 in
760 757 1097 825 vindicandis
1121 763 1384 836 proximis
1423 771 1481 818 et
1508 761 1562 817 in
1600 761 1988 817 interﬁciendis

404 865 422 896 ⁸
447 859 756 924 hominibus
786 851 1469 916 vindictae‘ministerium,
1498 859 1554 907 et
1589 851 1732 922 quod
1755 866 1853 908 rex
1883 849 1990 906 sal-

403 953 500 1011 tim
547 954 610 1010 in
648 969 770 1014 uno,
805 940 1059 1008 exercere
1099 949 1122 1004 ’.
1157 949 1418 1005 debuerat
1457 955 1676 1018 propter
1719 955 1988 1002 terrorem

375 1045 715 1118 _multorum,
747 1044 848 1114 ipsi
877 1042 1197 1118 inpudenter
1225 1039 1282 1095 in
1315 1039 1500 1094 multis
1541 1045 1854 1108 perpetrare
1881 1051 1990 1092 non

291 1199 298 1204 ,
405 1132 652 1198 metuunt
674 1145 897 1208 propter
920 1131 1136 1197 odium,
1167 1140 1224 1188 et
1247 1138 1440 1202 putant
1473 1130 1574 1186 sibi
1615 1130 1775 1185 licere
1802 1129 1873 1184 ob
1895 1128 1992 1184 ini-

403 1225 724 1284 mititiarum
750 1223 1034 1291 vindictas,
1071 1221 1220 1293 quod
1250 1221 1439 1276 nolunt
1478 1228 1538 1274 ut
1557 1235 1650 1275 rex
1679 1217 1843 1274 faciat
1866 1233 1992 1291 pro-

401 1331 524 1391 pter
548 1318 645 1374 Dei
666 1316 992 1374 vindictam;

477 1410 564 1467 i0.
605 1410 682 1467 De
705 1422 732 1451 ι
763 1405 1049 1464 abbatibus
1076 1420 1206 1460 vero
1235 1403 1512 1460 canonicis
1536 1411 1592 1460 ct
1629 1401 1990 1475 regularibus,

403 1501 460 1556 et
484 1501 551 1558 de
576 1496 867 1555 abbatissis
887 1511 1030 1569 quae
1055 1492 1552 1572 sanctimonialibus
1575 1506 1794 1563 preesse
1815 1489 1993 1547 viden-

361 1580 365 1585 ⁴
406 1600 514 1658 tur,
551 1587 750 1646 sivede
774 1581 929 1644 laicis
966 1585 1079 1657 qui'
1102 1583 1430 1641 monasteria
1474 1584 1707 1650 habent,
1746 1583 1874 1638 illud
1903 1598 1994 1638 ve-

2087 399 2175 455 tis.
2212 409 2269 457 et
2292 401 2438 472 quod
2468 407 2649 455 tantae
2671 399 2777 455 diei
2806 396 3146 454 venerationi
3175 393 3464 465 competit,
3488 405 3541 450 et
3569 412 3656 452 vos

2087 488 2327 553 faciatis.
2356 498 2414 546 et
2450 499 2658 546 vestros
2686 502 2844 545 sacro
2884 495 3069 543 vestro
3111 483 3362 556 exempio
3397 485 3653 543 educasti:

2091 586 2150 633 et
2175 593 2338 648 agere
2370 579 2737 650 compellatis.

2156 671 2242 727 15.
2278 668 2388 745 Ded
2411 670 2762 740 perceptione
2783 684 2916 725 vero
2933 667 3076 723 sacri
3095 665 3350 738 corporis
3367 674 3424 722 et
3447 662 3649 738 sangui-

2087 759 2177 816 nis
2196 759 2413 816 Domini
2429 759 2825 816 nichiiominus
2842 766 3220 824 monemus,ut
3243 755 3390 825 quod
3419 757 3653 813 christia-

2089 868 2191 910 nae
2213 850 2455 923 religioni
2480 849 2725 925 expedit,
2753 847 2899 904 sicut
2923 845 3077 900 vobis
3121 859 3152 897 a
3191 836 3440 912 patribus
3474 842 3653 897 nostris

2087 946 2422 1003 admonitum
2445 952 2529 1000 est
2553 943 2607 1000 in
2630 940 2750 1022 aliis
2774 937 3149 1000 conventibus,
3175 933 3394 1006 quando
3420 932 3652 1004 possibile

2089 1040 2253 1096 fuerit
2277 1023 2505 1105 faciatis,
2536 1033 2592 1094 et
2611 1021 2794 1092 vestro
2825 1031 3074 1104 exemplo
3111 1030 3264 1086 vobis
3293 1021 3654 1084 {animantibus

2088 1142 2151 1188 ut
2172 1134 2276 1194 hoc
2295 1131 2497 1189 faciant
2528 1127 2828 1193 instruatis.

2162 1223 2250 1278 it.
2292 1222 2368 1279 De
2392 1230 2416 1258 ο
2451 1219 2686 1292 capitulo
2720 1216 2984 1292 siquidem
3007 1213 3152 1290 quod
3168 1219 3392 1292 propter
3416 1209 3656 1276 honorem

2090 1313 2517 1373 ealesiasticum
2557 1315 2610 1370 in
2645 1314 2885 1385 generali
2929 1321 3199 1370 conventu
3253 1319 3438 1369 vestra
3471 1312 3490 1345 '
3516 1311 3656 1369 celsi-

2092 1407 2221 1464 tudo
2255 1421 2316 1464 se
2347 1405 2607 1476 constitui
2654 1406 2794 1464 velle
2816 1406 3108 1472 decrevit,
3157 1404 3530 1461 tantummodo
3577 1421 3655 1460 ve-

2090 1505 2262 1561 stram
2304 1496 2560 1569 pietatem
2603 1498 2976 1570 deposcimus,
3011 1503 3072 1552 ut
3103 1497 3403 1554 semiudum
3448 1497 3536 1552 Dei
3577 1513 3651 1554 vo-

2092 1589 2357 1646 luntatem
2378 1591 2523 1661 quod
2549 1590 2739 1647 melius
2758 1590 2955 1648 exinde
2990 1590 3144 1645 vobis
3179 1589 3358 1645 visum
3391 1587 3562 1655 fuerit,
3599 1590 3663 1646 ad

406 1691 552 1738 strae
575 1677 762 1752 pietati
786 1677 1155 1750 deposcimus,
1188 1684 1246 1732 ut
1271 1691 1415 1732 nunc
1452 1675 1506 1732 in
1527 1666 1766 1747 presenti
1799 1675 1997 1747 placito
2025 1663 2075 1726 Β
2099 1681 2350 1739 caecum
2385 1683 2711 1754 pel-ducaris,

408 1788 440 1825 a
467 1779 649 1827 vestra
693 1768 987 1826 serenitate
1013 1779 1270 1840 expresse
1305 1769 1716 1840 admoneamur,
1747 1777 1808 1825 ut
1834 1769 1900 1824 de
1940 1783 2000 1824 se

408 1864 540 1934 ipsis
577 1863 808 1919 caeteris
851 1863 1054 1918 bonum
1086 1861 1390 1933 exemplum
1433 1862 1762 1932 praebeant,
1799 1868 1857 1918 et
1873 1858 2003 1915 reii-

408 1956 558 2028 giose
577 1955 716 2010 sicut
740 1953 896 2010 decet
912 1961 1323 2021 conversentur,
1336 1961 1392 2008 et
1412 1954 1557 2025 quod
1578 1951 2002 2031 uniuscuiusque

406 2044 728 2117 professioni
777 2044 1162 2100 inconveniens
1184 2051 1270 2100 est
1297 2050 1356 2100 et
1401 2043 1456 2099 in
1482 2042 1654 2100 sacris
1703 2042 2003 2099 canonibus

407 2136 742 2208 prohibetur,
767 2135 989 2192 omnino
1019 2141 1264 2200 caveant,
1311 2143 1368 2192 et
1405 2135 1523 2192 loca
1563 2134 1665 2191 sibi
1710 2150 1740 2190 a
1780 2133 1936 2194 vobis
1979 2133 2002 2166 ⁸

407 2239 667 2282 concessa
696 2223 946 2295 diripere
991 2232 1046 2281 et
1087 2218 1291 2299 destrui
1332 2241 1429 2298 per
1461 2224 1852 2296 neglegentiam
1894 2221 2002 2280 non

409 2317 713 2381 demittant,
737 2321 793 2371 et
816 2316 1263 2389 congregationes
1288 2316 1392 2372 sibi
1418 2317 1734 2372 commissas
1761 2315 1876 2372 sive
1900 2316 2007 2388 spi-

409 2405 642 2464 ritaliter
665 2404 780 2461 sive.
811 2405 1178 2478 temporaliter
1195 2396 1423 2477 paterno
1457 2404 1652 2462 aﬂ’ectu
1678 2407 2000 2479 gubernare,

407 2499 599 2570 eisque
627 2496 934 2556 necessaria
973 2499 1241 2569 stipendia
1279 2499 1661 2554 administrare
1690 2513 1797 2554 non
1821 2498 2001 2571 negle-

411 2597 576 2663 gant;
605 2602 674 2644 ne
699 2587 840 2645 forte
875 2597 1101 2661 propter
1138 2588 1376 2661 aliquam
1411 2589 1648 2662 inopiam
1685 2591 1864 2647 divina
1893 2590 2005 2648 olli-

409 2680 495 2738 cia
518 2679 893 2752 neglegantur,
921 2687 978 2737 et
999 2680 1150 2751 ipsae
1169 2680 1616 2754 congregationes
1636 2680 2002 2752 inrcligiosius

409 2773 594 2829 vivere
617 2771 1014 2844 conpellantur,
1041 2781 1098 2829 et
1123 2782 1185 2830 ιιι
1205 2783 1446 2831 nostram
1485 2775 1909 2836 admonitionem
1938 2775 2004 2833 ii-

409 2866 603 2921 benter
643 2863 886 2932 audiant,
929 2865 1162 2937 benigne
1213 2866 1529 2938 suscipiant,
1573 2876 1629 2923 et
1652 2866 2004 2922 oboedienter

411 2957 760 3030 adimpleant.
801 2955 1070 3026 Quoniam
1114 2956 1160 3014 si
1189 2957 1266 3014 illi
1294 2957 1495 3014 nostris
1539 2958 1999 3029 admonitionibus

2103 1820 2192 1876 os
2229 1819 2341 1876 ms
2375 1819 2563 1890 QUAE
2614 1819 2886 1879 eorum
2929 1820 3428 1879 ADNUNTIANDA
3479 1786 3663 1879 sum.

2176 1953 2310 2010 Item
2343 1952 2580 2041 capitulo
2642 1952 2693 2008 1.
2734 1952 2850 2010 Hoc
2889 1951 2908 1992 ί
2948 1952 3350 2009 admonendum
3375 1949 3459 2006 vel
3486 1951 3667 2006 denun-

2102 2043 2349 2100 tiandum
2369 2043 2631 2101 'iidciibus
2655 2043 2964 2106 necessario
2986 2043 3342 2114 providimus,
3367 2048 3427 2096 ut
3453 2043 3478 2081 ⁸
3502 2041 3552 2097 hi
3577 2040 3666 2112 qui

2075 2139 2265 2196 .iidem
2288 2138 2489 2197 Christi
2537 2146 2796 2210 expetunt
2841 2145 2912 2194 et.
2935 2143 3228 2209 provectae
3281 2134 3477 2192 aetatis
3522 2143 3660 2200 sunt,

2102 2230 2420 2303 priusquam
2465 2231 2534 2287 ad
2562 2230 2887 2304 baptismum
2930 2230 3228 2294 accedant,
3266 2227 3589 2284 instruantur
3612 2234 3670 2281 et

2106 2323 2230 2381 ﬁdei
2263 2331 2319 2378 et
2350 2323 2689 2394 baptismatis
2717 2329 3078 2379 sacramento.
3123 2317 3390 2376 Similiter
3417 2323 3472 2374 et
3497 2315 3566 2372 illi
3589 2315 3668 2372 in-

2103 2414 2346 2471 struendi
2371 2429 2514 2479 sunt,
2543 2413 2637 2485 qui
2669 2413 2926 2484 parvulos
2951 2412 3017 2467 de
3038 2423 3196 2467 sacro
3239 2406 3392 2465 fonte
3414 2406 3667 2478 suspicere

2102 2505 2390 2572 voluerint,
2425 2513 2486 2560 ut
2515 2499 2828 2576 intellegant
2855 2512 2911 2559 et
2934 2503 3044 2559 vim
3065 2501 3307 2558 eiusdem
3345 2497 3666 2563 sacramenti,

2101 2603 2158 2652 et
2177 2597 2322 2666 quod
2354 2611 2453 2667 pro
2478 2595 2598 2651 aliis
2622 2593 3008 2667 spoponderint
3036 2593 3121 2648 vel
3156 2607 3253 2664 per
3272 2605 3412 2662 quos
3432 2588 3455 2622 ⁸
3476 2588 3670 2646 ﬁdeius-

2100 2701 2256 2742 sores
2288 2687 2583 2744 extiterint.
2607 2687 2734 2760 lilos
2757 2694 2938 2743 tamen
2965 2684 3271 2757 specialiter
3291 2684 3362 2740 ab
3386 2681 3470 2739 his
3499 2679 3671 2737 ofﬁciis

2100 2779 2456 2835 removendos
2477 2779 2810 2845 indicamus,
2846 2792 2916 2834 ne
2935 2776 3076 2834 alios
3109 2776 3178 2833 de
3199 2781 3544 2832 sacrosancto
3565 2771 3672 2828 ion-
3747 2775 3752 2780 '

2101 2869 2174 2928 tis
2206 2870 2529 2942 baptismate
2547 2867 2570 2900 ’
2593 2867 2924 2939 suscipiant,
2956 2881 3056 2923 nec
3086 2865 3250 2941 etiam
3283 2861 3355 2918 ad
3396 2861 3673 2934 percipien-

2103 2961 2232 3017 dum
2258 2959 2430 3016 sancti
2455 2957 2691 3029 Spiritus
2716 2958 2914 3014 donum
2940 2956 3169 3014 aliorum
3190 2953 3405 3028 patroni
3435 2953 3668 3018 existant,

412 3048 709 3118 paruerint,
756 3061 858 3104 nos
899 3047 1010 3104 Deo
1031 3048 1328 3106 auxiliante
1350 3049 1374 3082 ⁸
1423 3048 1477 3105 id
1495 3064 1594 3121 per
1618 3057 1863 3106 nostrum
1887 3058 2004 3105 stu-
2031 3035 2078 3100 C
2105 3051 2199 3122 qui
2218 3059 2278 3122 _et
2295 3077 2297 3081 ι
2314 3050 2693 3107 communione
2721 3049 2982 3106 canonica
3026 3048 3246 3120 privati,
3279 3054 3337 3105 et
3365 3044 3671 3118 penitentiae

413 3140 562 3196 dium
600 3154 701 3212 pro
740 3141 947 3197 viribus
989 3139 1204 3199 efﬁcere
1246 3143 1514 3215 cupimus,
1558 3151 1618 3198 nt
1663 3142 1778 3215 ipsa
1813 3144 2005 3216 religio

411 3243 628 3303 semper
651 3232 708 3288 in
736 3231 933 3289 melius
971 3232 1242 3303 proﬁciat,
1291 3242 1347 3291 et
1379 3249 1587 3291 merces
1629 3237 1782 3292 vobis
1809 3237 2006 3293 exinde

412 3329 642 3388 crescat,
686 3336 896 3378 necnon
934 3331 991 3378 et
1016 3308 1315 3394 periculum
1351 3334 1613 3397 quantum
1661 3327 1779 3383 ﬁeri
1826 3335 2005 3399 potest

413 3421 671 3473 caveatur
718 3413 741 3447 ⁸
776 3415 1103 3480 animarum,
1149 3423 1207 3472 et
1233 3417 1305 3473 ab
1350 3417 1810 3475 auribus'vestris
1855 3433 2006 3476 amo-

413 3513 607 3560 veatur
629 3519 733 3575 pro
752 3504 858 3562 hac
883 3519 1052 3562 causa
1087 3505 1291 3562 tedinm
1310 3507 1696 3580 querellarum.

485 3597 574 3653 11.
615 3596 961 3654 Postulamus
979 3598 1017 3645 δ
1043 3598 1230 3665 etiam,
1256 3606 1317 3654 ut
1337 3599 1600 3658 celsitudo
1619 3609 1798 3657 vestra
1823 3599 2006 3659 missis

415 3687 620 3754 vestris
655 3689 962 3760 specialiter
1004 3689 1267 3762 iniungat,
1319 3699 1381 3748 ut
1403 3693 1472 3748 ad
1512 3692 1650 3748 haec
1697 3694 2006 3765 peragenda

414 3779 643 3836 studiosi
670 3787 726 3837 et
751 3779 878 3836 veri.
897 3779 1192 3846 adiutores,
1231 3783 1558 3854 ubicumque
1587 3784 1885 3840 necessitas
1909 3799 2008 3855 po-

414 3869 671 3942 poscerit,
699 3868 858 3927 nobis
892 3869 1154 3927 existant.
1368 3925 1372 3929 ,

490 3963 578 4018 19..
618 3962 694 4019 De
717 3973 740 4001 ο
759 3962 1078 4033 presbiteris
1097 3972 1151 4022 et
1176 3965 1467 4034 capelianis
1497 3966 1518 3999 ⁶
1539 3966 1789 4039 palatinis
1815 3977 2006 4025 wntra

416 4057 736 4114 canonicam
766 4058 1149 4113 auctoritatem
1177 4066 1237 4115 et
1255 4059 1708 4116 aecclesiasticam
1750 4061 2008 4117 honesta-

387 4157 527 4203 °tcm
555 4146 857 4203 inconsulte
879 4135 1098 4216 habitis,
1122 4157 1358 4205 vestram
1380 4165 1660 4207 monemus
1683 4150 2001 4217 sollertiam,

419 4247 478 4294 ut
506 4253 544 4304 ,a
569 4245 748 4293 vestra
772 4244 1041 4308 potestate
1076 4239 1454 4296 inhibeantur:
1493 4241 1747 4312 quoniam
1785 4252 2006 4314 propter

2104 3119 2317 3209 publice
2337 3148 2465 3195 sunt
2482 3137 2705 3217 subacti
2722 3179 2739 3205 ,
2779 3137 2950 3195 denec
2990 3119 3091 3210 por
3118 3134 3450 3208 penitentiae
3477 3132 3672 3190 satisfa-

2105 3231 2338 3287 ctionem
2364 3228 2858 3287 reconciliationem
2883 3235 3212 3286 mereantur.
3252 3226 3400 3296 Quos
3430 3224 3564 3282 enim
3591 3222 3669 3279 lex

2106 3321 2287 3379 divina
2311 3327 2366 3377 et
2395 3319 2692 3376 auctoritas
2713 3319 2973 3376 canonica
3001 3319 3070 3374 ab
3098 3316 3453 3374 ecclesiarum
3493 3312 3668 3370 limini-

2105 3415 2206 3471 bus
2235 3420 2292 3470 et
2315 3427 2348 3469 a
2385 3411 2582 3468 castris
2625 3412 2668 3444 “
2693 3409 3041 3477 militaribus,
3083 3424 3152 3465 ne
3180 3408 3340 3464 ruina
3369 3407 3478 3463 sint
3507 3403 3670 3477 populi

2105 3511 2431 3578 sequestrat,
2465 3503 2635 3562 multo
2658 3502 2832 3578 magis
2851 3504 2922 3559 ab
2943 3503 3031 3559 his
3053 3501 3225 3560 sacris
3248 3501 3292 3532 “
3311 3498 3499 3556 ciliciis
3518 3512 3670 3569 usque

2105 3600 2173 3656 ad
2197 3609 2409 3671 tempus
2426 3597 2790 3670 poenitentiae
2830 3604 2891 3652 ut
2913 3595 3021 3652 iam
3049 3595 3255 3652 dictum
3275 3599 3360 3650 est
3387 3598 3666 3664 peractum,

2105 3700 2232 3747 sunt
2267 3688 2662 3762 sequestrandi.
2910 3701 2917 3708 '

2175 3784 2230 3840 2.
2272 3783 2344 3840 Ut
2366 3784 2394 3826 ιι
2416 3790 2571 3840 extra
2592 3787 2791 3838 statuta
2815 3786 3055 3851 tempora
3076 3791 3351 3834 canonum
3369 3775 3669 3848 baptismata

2106 3892 2214 3932 non
2236 3874 2607 3939 celebrentur,
2642 3872 2768 3942 quia
2800 3870 2941 3928 sacri
2976 3885 3214 3927 canones
3243 3869 3348 3926 hoc
3375 3868 3540 3925 modis
3566 3881 3670 3923 om-

2107 3970 2283 4034 nibus,
2315 3967 2419 4023 nisi
2451 3965 2652 4037 aliquid
2683 3964 2984 4034 periculum
3019 3961 3317 4028 institerit,
3355 3959 3469 4017 fieri
3504 3957 3670 4030 prohi-

2106 4063 2261 4126 bent,
2297 4061 2351 4116 in
2385 4068 2592 4116 tantum
2628 4068 2688 4114 ut
2721 4059 2887 4114 etiam
2918 4071 3013 4112 eos
3059 4055 3154 4127 qui
3188 4054 3294 4111 alio
3330 4061 3560 4125 tempore
3583 4052 3666 4108 ba-

2107 4154 2398 4223 ptizantur,
2426 4167 2457 4206 a
2483 4150 2737 4222 gradibus
2767 4148 3145 4205 ecclesiasticis
3166 4132 3427 4202 arceant;

2176 4245 2230 4300 5.
2273 4243 2396 4299 Dei
2433 4232 2498 4298 eo
2539 4241 2703 4297 etiam
2747 4239 3061 4296 instruendo
3106 4237 3291 4295 fideles
3333 4234 3666 4292 necessarium
3702 4267 3704 4269 ›

417 4330 519 4385 hoc
540 4336 595 4383 et
615 4327 793 4384 honor
826 4329 1229 4386 ecclesiasticus
1259 4323 1426 4388 ‘vilior
1465 4331 1714 4398 eilicitur,
1747 4341 1801 4387 et
1839 4334 2004 4390 vestri
2033 4386 2086 4406 ﬁ
2109 4335 2492 4406 praevidimus,
2521 4341 2580 4387 ut
2602 4332 2914 4404 intellegant
2942 4339 3158 4402 pactum
3189 4329 3336 4401 quod
3363 4344 3486 4386 cum
3505 4327 3603 4384 Deo
3622 4326 3668 4381 iu

416 4431 669 4492 proceres
686 4425 742 4473 et
766 4419 994 4490 palatini
1035 4421 1267 4478 ministri
1309 4386 1382 4478 in.
1399 4386 1596 4479 diebus
1626 4386 2003 4491 sollemnibus,
2033 4386 2088 4447 υ
2769 4386 3484 4493 V‘l’actdm'quodlcum'Deo
3514 4420 3560 4475 in
3586 4419 3670 4474 ba-

417 4511 558 4566 sicut
602 4511 791 4576 decet,
843 4511 1126 4569 vobiscum
1180 4513 1249 4569 ad
1275 4513 1565 4569 missarum
1607 4514 2006 4572 celebrationes
2110 4519 2364 4589 ptismate
2410 4517 2453 4548 “
2497 4516 2574 4581 iit,
2615 4531 2646 4570 a
2683 4516 2868 4572 multis
2897 4530 2965 4571 ex
3001 4521 3133 4582 toto,
3171 4529 3204 4569 a
3232 4515 3421 4570 multis
3458 4529 3518 4569 ex
3534 4520 3668 4583 parte

417 4616 524 4655 non
547 4595 1009 4671 proceduntﬁam
1031 4609 1087 4657 et
1116 4602 1316 4660 obnixe
1335 4606 1709 4687 deprecamur,
1736 4613 1798 4661 ut
1821 4606 1882 4661 in
1909 4608 2007 4662 ob-
2113 4606 2526 4679 transgreditur.
2565 4605 2647 4661 Ex
2669 4614 2781 4662 toto
2810 4606 3010 4678 quippe
3041 4603 3456 4676 transgreditur,
3479 4600 3666 4672 quando

418 4690 721 4746 servatione
747 4690 852 4746 diei
877 4691 1152 4759 dominici,
1180 4692 1340 4750 sicuti
1371 4693 1479 4749 iam
1505 4695 1711 4752 dudum
1733 4696 2005 4766 deprecati
2114 4701 2236 4772 quis
2269 4700 2313 4732 "
2334 4707 2456 4769 post
2475 4706 2753 4768 acceptam
2787 4696 3126 4768 baptismatis
3149 4695 3378 4767 gratiam
3404 4703 3494 4750 aut
3517 4693 3577 4748 ad
3599 4691 3669 4746 in.

419 4795 626 4858 sumus,
649 4779 889 4874 debitam
911 4781 1214 4874 adbibeatis
1237 4797 1447 4874 curam,
1473 4782 1733 4854 quatinus
1761 4785 1864 4840 nisi
1890 4803 2006 4841 ma-
2116 4790 2427 4847 ﬁdelitatem
2452 4796 2545 4844 aut
2567 4789 2634 4843 ad
2667 4787 2901 4843 heresim
2927 4793 3020 4841 aut
3046 4793 3195 4848 certe
3217 4787 3285 4839 ad
3315 4785 3540 4840 schisma
3557 4795 3665 4858 pro-

418 4879 520 4942 gna
547 4869 882 4942 conpellente
928 4869 1282 4938 necessitate,
1333 4873 1386 4927 in
1425 4873 1539 4944 ipsa
1573 4874 1660 4930 die
1704 4889 1736 4929 a
1779 4877 1925 4931 curis
1953 4885 2008 4932 et
2116 4883 2347 4946 labitur;
2375 4895 2442 4936 ex
2461 4888 2616 4950 parte
2638 4893 2780 4945 vero,
2811 4877 3024 4933 unando
3046 4873 3168 4946 quis
3187 4882 3288 4929 aut
3303 4876 3371 4929 ad
3389 4871 3664 4943 superbiam

1635 4965 2030 5027 VARIANTES
2062 4971 2463 5030 LECTIONES.

499 5065 516 5096 ¹
557 5063 977 5142 interiaciendis
1004 5079 1052 5118 ε.
1127 5062 1149 5094 ²
1173 5075 1474 5142 exercuere
1524 5077 1574 5119 ι.
1600 5132 1621 5142 _
1648 5060 1854 5142 {nobis
1883 5081 1932 5119 ε.
1971 5134 1986 5142 _
2009 5066 2030 5095 δ
2054 5066 2312 5142 anxiante
2339 5082 2390 5120 ε.
2426 5065 2485 5142 η’
2509 5071 2824 5142 canatnr_c.
2902 5064 2923 5096 '
2947 5065 3173 5136 capellis
3196 5085 3246 5135 c.
3321 5070 3342 5102 ⁷
3368 5076 3572 5129 uestrae
3613 5082 3658 5124 ε.

424 5134 510 5210 fi.
543 5143 682 5210 eget
705 5135 838 5207 quid
859 5149 911 5204 p.
933 5150 986 5210 a.
1017 5151 1066 5210 s.
1089 5148 1143 5187 v.
1171 5148 1273 5202 pro
1299 5131 1524 5210 quibus.
1600 5132 1622 5164 ⁹
1647 5135 1687 5187 i.
1713 5149 1762 5187 ε.
1789 5131 1940 5210 i‘onte
1971 5134 2346 5210 baptismatis.
2425 5136 2468 5166 '°
2490 5135 2802 5210 etacastris
2826 5151 2968 5191 corr.
2985 5131 3042 5192 et
3073 5153 3103 5192 a
3132 5133 3435 5196 canonicis.
3507 5141 3545 5174 “
3571 5137 3658 5195 nti-

427 5201 798 5264 Iitarib'us..'...
821 5201 995 5263 sacris
1025 5201 1220 5258 desunt
1254 5201 1330 5256 c.’
1360 5203 1430 5235 ἠ
1447 5201 1820 5258 iecerunt.....
1854 5201 2190 5273 baptismate
2223 5205 2412 5259 desunt
2441 5223 2498 5275 ρ.
2573 5206 2732 5278 "qui
2765 5222 2814 5260 c.

1948 5297 2182 5356 NOTAE.

496 5409 516 5432 .
561 5397 624 5454 ι,
659 5413 746 5462 ιη⁹
782 5396 874 5453 48,
2182 5394 2202 5432 ί
2251 5395 2390 5451 Hinc
2421 5396 2540 5451 inde
2567 5397 2779 5452 Addilio
2816 5395 3088 5454 Benedicti
3117 5398 3193 5454 11.

496 5472 540 5513 b-
567 5470 627 5525 L.
669 5485 752 5533 ιιι,
789 5470 882 5524 19.
2181 5466 2207 5541 _‘
2248 5466 2312 5541 l..
2354 5483 2390 5530 ι,
2430 5469 2520 5541 ξι,
2551 5484 2606 5541 p.
2644 5468 2784 5525 1655

500 5555 522 5583 ε
566 5541 704 5599 Ibid.
2181 5533 2209 5573 ⁸³
2251 5535 2314 5591 Ιι.
2348 5554 2385 5599 I,
2423 5538 2476 5594 8.

499 5612 526 5652 δ
568 5611 629 5668 L.
675 5631 760 5678 ιιι,
795 5611 890 5668 90.
2186 5606 2203 5645 ί
2250 5607 2310 5663 L.
2342 5625 2380 5674 I,
2417 5610 2471 5668 9.

500 5692 526 5723 ⁸
565 5681 627 5742 Ι...
671 5701 750 5755 m,
783 5683 876 5741 21.
