3868 6214
41 375 176 431 617

383 377 608 434 CODEX
647 371 1165 430 DlPLOM.\TlCUS.
1200 403 1265 412 —
1294 369 1612 429 LUDOVICI
1639 356 1673 426 ll
1714 371 1800 424 ET
1839 369 2161 425 LOTIIAIHI
2202 367 2684 426 CAPITULARIA.
2726 399 2793 408 —
2830 369 2931 424 An.
2973 369 3100 426 829.

3263 371 3370 429 618
3405 412 3407 414 -

41 501 157 544 aut
200 497 276 548 ad
305 494 557 548 invidiam
577 500 669 544 aut
690 492 757 543 ad
787 498 998 544 caetera
1031 486 1159 540 vitia
1195 485 1511 555 spiritualia,
1548 498 1689 552 quae
1718 489 1766 548 Α
1862 484 1915 539 8.
1961 483 2143 537 Visum
2169 499 2192 521 υ
2217 494 2298 538 est
2321 484 2494 546 nobis,
2525 494 2585 540 ut
2607 485 2979 554 unusquisque
2999 484 3379 554 episcoporum

41 599 124 636 ex
177 585 377 640 radice
417 585 432 615 ‘
466 582 747 651 superbiae
781 580 1067 648 prodeunt,
1107 578 1326 631 labitur.

135 671 206 724 Δ.
251 672 400 740 Quid
442 685 464 711 α
510 671 582 725 sit
629 667 1014 723 abrenuntiare
1061 665 1307 729 diabolo,
1352 664 1610 735 operibus
1636 672 1692 719 ct

45 762 286 831 ponpis
321 763 456 823 eius,
482 760 631 815 valde
665 773 856 814 omnes
881 757 1066 813 ﬁdeles
1090 755 1415 825 intellegere
1448 763 1685 825 oportet.

49 852 434 923 Quapropter
475 867 694 907 necesse
720 857 824 914 est,
862 857 923 903 ut
964 847 1371 918 praedicatores
1411 847 1467 901 in
1501 847 1688 901 admo-

53 944 266 997 nendo
318 953 373 999 et
393 943 671 998 auditores
719 942 772 996 in
801 941 1058 996 discendo
1083 949 1139 995 ct
1179 956 1343 1009 opere
1392 939 1691 1008 conplendo

47 1037 310 1102 abhinc,
349 1048 407 1092 ut
431 1053 587 1092 suum
611 1052 807 1092 cavere
826 1034 1034 1104 possint
1057 1033 1374 1104 periculum,
1407 1032 1580 1102 magis
1604 1032 1692 1086 ad-

53 1128 318 1182 hibeant
362 1128 619 1183 studium.
674 1126 1074 1182 Abrenuntiare
1116 1124 1282 1196 igitur
1323 1122 1535 1179 diabolo
1577 1131 1688 1184 est,

1796 574 1959 628 vitam
2016 585 2070 628 et
2131 574 2596 629 conversationem
2659 591 2983 646 morumque
3041 579 3383 636 emendatio-

1793 679 1917 720 nem
1959 679 2147 720 eorum
2176 667 2271 735 qui
2304 667 2531 736 gradum
2574 668 2832 722 amittunt
2859 676 2970 723 tam
2993 684 3092 740 per
3115 683 3174 725 se
3219 686 3385 744 quam

1794 755 2069 811 ministros
2093 757 2322 820 noverit,
2368 771 2574 828 eosque
2605 759 2867 814 canonice
2890 760 3225 830 penitentiae
3255 763 3388 818 sub-

1791 849 1920 904 dere
1958 865 2060 904 non
2096 848 2362 919 neglegat,
2399 851 2550 905 iuxta
2571 853 2715 920 quod
2743 852 2798 906 in
2819 854 3052 910 concilio
3080 854 3387 912 Cesarieasi

1793 938 1950 993 titulo
1978 940 2154 1008 primo
2193 941 2494 996 scribitur:
2532 961 2553 992 ι
2584 942 2858 998 Presbiter
2893 945 2939 1000 si
2981 961 3208 1001 uxorem
3241 948 3388 1003 acci-

1792 1029 1948 1096 p'erit,
1981 1031 2050 1084 ab
2068 1030 2258 1086 ordine
2291 1033 2620 1102 deponatur;
2661 1034 2708 1088 si
2731 1048 2864 1090 vero
2896 1035 3199 1092 fornicatus
3223 1037 3393 1093 fuerit

1793 1128 1886 1172 aut
1909 1117 2235 1174 adulterium
2273 1122 2684 1190 perpetraret-it,
2718 1124 2953 1192 amplius
2985 1124 3110 1194 pelli
3137 1127 3298 1181 debet
3330 1135 3388 1180 et

59 1221 319 1286 penitus
343 1234 467 1274 eum
493 1233 762 1287 respuere,
791 1230 1066 1288 spernere,
1100 1215 1328 1278 reicere,
1376 1215 1537 1285 eique
1559 1229 1691 1270 con-

59 1309 386 1373 "adicere,
440 1323 606 1378 seque
632 1322 1068 1376 unumquemque
1107 1307 1176 1362 ab
1200 1321 1267 1362 eo
1287 1306 1550 1371 alienare,
1580 1303 1719 1377 sive‘

1794 1211 1896 1266 sub
1923 1211 2217 1279 penitentia
2255 1213 2445 1282 redigi.
2478 1231 2498 1266 ι
2539 1213 2792 1270 Nonnulli
2816 1218 2964 1271 enim
2989 1219 3193 1276 amisso
3216 1219 3387 1289 gradu

57 1399 237 1456 aliud
262 1401 401 1470 quid
424 1399 568 1470 quod
593 1399 697 1455 hoc
731 1399 895 1454 verbo
928 1399 984 1454 in
1011 1399 1112 1454 hoc
1146 1412 1309 1454 sensu
1334 1397 1561 1468 exprimi
1598 1411 1695 1466 po-

63 1501 221 1546 test.
261 1491 444 1561 Opera
466 1491 585 1546 eius
609 1499 755 1554 sunt,
787 1505 927 1560 quae
957 1491 1144 1560 utique
1163 1489 1418 1558 operibus
1446 1487 1694 1543 Salvato~

67 1583 162 1637 ris
206 1584 493 1639 contraria
525 1583 783 1638 existunt.
826 1582 1064 1637 Primum
1099 1581 1384 1651 superbia,
1420 1581 1578 1636 cuius
1608 1579 1700 1635 ille

67 1683 299 1730 auctor
346 1683 457 1740 est,
503 1682 558 1732 et
587 1689 725 1744 quae
744 1689 868 1730 eum
913 1688 978 1728 ex
999 1671 1189 1742 angelo
1215 1672 1499 1728 demonem
1535 1668 1694 1738 fecit;

71 1779 241 1834 quae
265 1774 357 1821 est
379 1758 544 1820 etiam
574 1765 788 1820 initium
809 1764 986 1820 omnis
1018 1762 1249 1834 peccati.
1277 1762 1344 1816 Et
1366 1769 1547 1818 cetera
1569 1761 1701 1816 vitia

1795 1300 1930 1355 adeo
1960 1299 2054 1355 ﬁlii
2079 1301 2244 1356 Belial
2281 1300 2604 1367 eﬂiciuntur,
2640 1313 2700 1358 ut
2732 1317 2831 1360 nec
2864 1307 3116 1375 publicis,
3149 1309 3276 1380 quia
3312 1309 3396 1364 fas

1797 1405 1906 1445 non
1947 1400 2049 1455 est,
2099 1407 2200 1448 nec
2224 1393 2521 1458 canonicis,
2553 1405 2777 1466 propter
2809 1399 3151 1466 quorundam
3180 1401 3402 1471 episco»

1797 1496 1991 1550 porum
2017 1471 2300 1547 incuriam,
2337 1483 2545 1555 legibus
2581 1487 3042 1558 constringantnr.

1871 1572 1906 1628 9
1944 1573 1986 1625 ⁸.
2030 1573 2218 1629 Visum
2242 1575 2410 1630 etiam
2443 1577 2602 1633 nobis
2635 1577 2738 1632 fuit
2769 1578 2900 1634 illud
2933 1579 3301 1645 inhibendum,
3334 1592 3399 1638 ut

1802 1663 1982 1720 nullus
2014 1667 2446 1736 presbiterorum
2485 1669 2635 1725 solus
2665 1671 2890 1727 missam
2924 1673 3201 1730 celebrare
3239 1689 3403 1746 prae-

1803 1765 2004 1820 sumat,
2041 1757 2168 1826 quia
2194 1757 2271 1813 ita
2297 1774 2400 1815 nec
2431 1761 2595 1816 verba
2627 1762 2831 1817 domini
2858 1763 3178 1831 Salvatoris,
3198 1769 3400 1838 quibus

67 1870 239 1924 quae
290 1870 363 1911 ex
388 1855 569 1914 radice
609 1856 885 1926 prodeunt
912 1854 1218 1924 superbiae.
1257 1852 1460 1924 Pompa
1503 1851 1701 1909 diaboli
1734 1857 1776 1918 Β
1806 1848 2067 1919 mysteria
2101 1850 2348 1919 corporis
2383 1859 2441 1906 et
2461 1853 2746 1923 sanguinis
2765 1855 2852 1909 sui
2879 1855 3158 1926 discipulis
3182 1859 3297 1914 suis
3315 1875 3404 1915 ce-

75 1946 238 2002 haec
255 1956 356 2018 est
387 1961 527 2018 quae
549 1955 605 2002 et
633 1961 811 2017 ponpa
838 1945 1044 2012 mundi,
1078 1945 1133 2001 id
1155 1954 1238 2002 est
1259 1944 1506 2011 ambitio,
1553 1959 1703 2001 arro-

75 2035 316 2105 gantia,
344 2050 481 2091 vana
511 2036 708 2106 gloria,
746 2035 1032 2105 omnisque
1061 2034 1351 2092 cuiuslibet
1393 2034 1473 2090 rei
1513 2048 1704 2106 snper-

74 2124 292 2182 ﬂuitas
328 2127 384 2181 in
418 2113 670 2182 humanis
714 2127 920 2188 usibus,
968 2125 1111 2181 unde
1151 2125 1352 2180 crescit
1389 2123 1572 2188 elatio,
1600 2137 1705 2194 que

77 2217 434 2275 multotiens
475 2217 747 2274 honestati
798 2216 934 2274 solet
977 2216 1197 2281 ascribi,
1232 2224 1289 2272 et
1309 2224 1491 2272 cetera
1515 2213 1703 2271 huius-

77 2310 251 2365 modi
277 2325 425 2382 quae
446 2310 513 2365 de
533 2309 682 2366 fonte
727 2309 1017 2380 superbiae
1057 2307 1352 2379 procedere
1384 2314 1702 2363 noscuntur.

81 2400 254 2458 llaec
302 2411 361 2473 et
405 2401 492 2457 bis
525 2400 721 2457 similia
765 2409 892 2457 sunt
933 2415 1073 2469 quae
1121 2399 1496 2469 unusquisque
1535 2397 1708 2454 ﬁdelis

79 2501 360 2561 tempore
379 2492 719 2562 baptismatis
740 2507 769 2546 a
794 2507 852 2547 se
874 2491 1096 2557 reiecit,
1123 2490 1450 2562 Christoque
1477 2503 1538 2546 se
1560 2504 1707 2544 man-

77 2584 335 2653 cipavit,
361 2592 686 2654 pactumque
721 2599 844 2644 cum
868 2583 980 2639 Deo
1006 2582 1167 2648 fecit,
1203 2598 1272 2637 ne
1291 2581 1509 2652 penitus
1542 2579 1612 2636 ad
1637 2595 1709 2636 ea

79 2676 313 2745 quibus
352 2675 755 2731 abrenuntiavit
796 2677 998 2732 rediret
1039 2675 1088 2742 ';
1127 2689 1317 2731 verum
1351 2674 1398 2729 si
1433 2673 1554 2728 iura
1609 2672 1713 2728 hu-

78 2785 300 2826 manae
328 2771 596 2841 pactionis
624 2770 857 2838 ﬁrmiter
888 2776 1304 2831 conservantur,
1337 2765 1498 2821 ﬁxius
1530 2772 1712 2821 tamen

77 2873 272 2933 atque
301 2861 602 2918 ferventius
623 2862 742 2916 iura
778 2861 912 2916 tanti
946 2859 1092 2932 pacti
1129 2873 1414 2930 quaecum
1437 2857 1548 2914 Deo
1570 2856 1713 2912 facta

82 2964 255 3018 sunt,
287 2953 676 3010 inviolabiliter
699 2962 828 3010 sunt
860 2952 1222 3010 observanda.

167 3045 233 3099 5.
278 3045 432 3100 [nter
452 3045 481 3085 δ
505 3059 603 3101 nos
621 3045 740 3116 pari
769 3059 1039 3100 consensu
1063 3040 1434 3106 decrevimus,
1464 3047 1526 3096 ut
1548 3053 1714 3094 unus-

83 3139 352 3210 quisque
374 3137 752 3208 episcoporum
777 3137 832 3192 in
854 3135 1018 3193 scolis
1047 3135 1314 3192 habendis
1349 3134 1370 3167 ³
1403 3144 1458 3190 et
1479 3134 1547 3190 ad
1569 3132 1689 3189 utili

1804 1938 2058 1996 lebranda
2084 1941 2445 2008 contradidit,
2483 1957 2585 1998 nec
2625 1943 2858 2013 apostoli
2887 1943 3041 2003 Pauli
3075 1947 3400 2006 docuntenta

1805 2030 2101 2098 declarant,
2127 2046 2231 2089 nec
2262 2035 2427 2089 etiam
2454 2035 2511 2090 in
2541 2035 2675 2104 ipsis
2693 2036 2909 2092 actibus
2927 2037 3316 2107 apostolorum,
3349 2040 3400 2097 si

1805 2122 2132 2179 enucleatim
2156 2124 2178 2156 ‘
2214 2125 2482 2196 legantur,
2525 2127 2600 2182 ita
2630 2126 2747 2183 ﬁeri
2775 2127 2974 2185 debere
2997 2129 3108 2185 ullo
3138 2131 3301 2186 modo
3322 2131 3404 2187 ia-

1806 2214 2040 2270 venitur.
2109 2215 2260 2273 Unde
2298 2218 2720 2274 conveniendus
2772 2221 2938 2276 immo
2990 2223 3404 2295 interrogandus

1809 2307 1972 2364 nobis
1989 2305 2208 2363 videtur
2240 2308 2552 2366 huiusmodi
2601 2312 2848 2381 corporis
2890 2322 2946 2369 et
2989 2316 3270 2384 sanguinis
3297 2317 3389 2372 Do

1809 2397 1942 2453 mini
1970 2397 2244 2466 solitarius
2269 2410 2651 2467 consecrator,
2676 2402 2875 2473 quibus
2917 2403 3083 2460 dicit:
3141 2405 3402 2462 Dominus

1809 2489 2114 2544 vobiscum?
2143 2490 2322 2546 Etiam
2351 2507 2463 2564 quo
2495 2491 2574 2548 illi
2602 2493 3002 2563 respondetur:
3043 2505 3094 2549 et
3127 2513 3249 2549 aut
3278 2495 3403 2568 Spi-

1812 2581 1916 2634 ritu
1937 2583 2069 2640 ιιιοέ
2100 2581 2197 2639 Vel
2238 2597 2337 2653 pro
2377 2584 2575 2654 quibus
2614 2584 2969 2656 supplicando
3001 2585 3232 2641 Domino
3263 2586 3408 2643 inter

1813 2681 1997 2728 cetera
2026 2691 2038 2727 :
2075 2673 2338 2729 Memento
2361 2675 2613 2741 Domine,
2643 2687 2691 2730 et
2722 2676 2956 2731 orum
2987 2679 3410 2734 circumdata—

1813 2765 1976 2831 tium,
2017 2782 2143 2822 cum
2189 2767 2373 2824 nullus
2401 2769 2736 2835 circumstet,
2793 2770 2944 2826 dicit.
2987 2773 3139 2836 Quae
3166 2785 3403 2826 consue-

1817 2860 1946 2915 tudo
1977 2860 2105 2931 quia
2126 2860 2455 2930 apostolicae
2476 2871 2534 2918 et
2555 2862 2961 2919 ecclesiasticae
2979 2862 3294 2919 auctoritati
3321 2875 3408 2918 re-

1817 2950 2078 3024 fragatur,
2102 2963 2158 3009 et
2182 2962 2332 3010 tanto
2355 2955 2600 3013 misterio
2624 2958 2895 3027 quandam
2924 2955 3407 3014 dehomrationem

1818 3044 2058 3116 irrogare
2092 3045 2324 3112 videtur,
2354 3049 2612 3105 omnibus
2655 3049 2711 3105 in
2751 3063 3042 3105 commune
3085 3049 3263 3104 visum
3298 3057 3408 3113 est,

1819 3145 1880 3193 ut
1907 3139 2160 3208 deinceps
2189 3139 2564 3196 huiuscemodi
2592 3157 2726 3197 usus
2756 3141 3084 3198 inhibeatur.

85 3207 281 3287 tatem
335 3207 632 3287 aecclesiae
680 3230 945 3286 militibus
993 3228 1199 3308 Christi
1243 3227 1630 3300 praeparandis
1660 3233 1716 3283 et
1741 3207 1789 3271 (ἶ
1893 3229 1980 3286 10.
2187 3245 2422 3303 namque
2451 3232 2507 3288 in
2539 3231 2661 3288 aliis
2690 3232 2937 3289 conciliis
2966 3243 3022 3288 et
3041 3247 3189 3288 nunc
3228 3231 3285 3287 ia
3311 3247 3414 3286 no-

81 3322 442 3388 edncandis,
476 3321 674 3383 abhinc
716 3322 895 3380 maius
928 3321 1169 3379 studium
1209 3319 1524 3385 adhiberet;
1573 3327 1630 3375 et
1660 3319 1716 3374 in

89 3418 210 3471 hoc
276 3415 711 3486 uniuscuiusque
751 3415 993 3472 studium
1043 3411 1294 3471 volumus
1336 3411 1599 3482 probare,
1655 3418 1718 3466 ut

88 3505 335 3578 quando
363 3505 432 3560 ad
464 3505 796 3576 provinciale
839 3505 1237 3578 episcoporum,
1265 3503 1555 3560 concilium
1586 3517 1717 3560 ven-

93 3613 223 3656 tum
265 3599 468 3669 fuerit,
516 3605 886 3675 unusquisque
921 3612 1194 3660 rectorum
1239 3601 1556 3659 scolasticos
1588 3618 1718 3660 suos

90 3703 291 3757 eidem
331 3699 567 3756 concilio
595 3699 785 3755 adesse
808 3697 990 3764 faciat,
1027 3697 1283 3768 quatinus
1317 3705 1373 3752 et
1406 3698 1605 3753 ceteris
1629 3713 1718 3754 ec-

92 3793 300 3848 clesiis
327 3791 449 3847 noti
470 3792 612 3856 sint,
646 3799 703 3846 et
738 3790 760 3822 ‘
795 3790 986 3847 sollers
1019 3791 1259 3847 studium
1294 3790 1440 3846 circa
1474 3790 1716 3845 divinum

89 3885 323 3942 mltum
360 3883 614 3939 omnibus
649 3881 995 3938 manifestum
1026 3882 1137 3938 ﬁat.
1620 3879 1630 3884 ”

167 3978 231 4033 6.
282 3975 365 4034 Ut
389 3987 414 4016 α
442 3977 680 4048 episcopi
714 3977 932 4033 nonnisi
979 3975 1142 4031 ieiuni
1190 3991 1288 4046 per
1330 3974 1716 4046 inpositionem

94 4084 379 4126 manuum
418 4068 678 4140 Spiritum
725 4078 972 4124 sanctum
1011 4068 1250 4135 tradant,
1287 4065 1530 4137 exceptis
1565 4065 1718 4122 inﬁr-

96 4165 210 4220 mis
238 4172 300 4218 et
324 4172 504 4218 morte
515 4161 969 4234 periclitantibus.
981 4160 1324 4220 Sicutautem
1347 4160 1563 4220 duobus
1579 4170 1716 4219 tem-

95 4255 363 4324 poribus,
395 4253 599 4324 pascha
621 4253 867 4310 videlicet
891 4262 945 4308 et
969 4263 1336 4324 pentecosten,
1363 4254 1712 4325 baptismum,

98 4345 174 4400 ita
204 4344 388 4400 etiam
422 4344 767 4400 traditionem
801 4345 976 4401 sancti
1003 4345 1239 4416 Spiritus
1263 4357 1294 4400 a
1319 4345 1514 4401 ieiunis
1535 4343 1714 4417 ponti-

100 4436 312 4493 licibus
335 4436 593 4492 convenit
626 4437 922 4493 celebrare.
1013 4505 1016 4508 q

175 4529 234 4581 7.
285 4525 410 4583 Ut“l
434 4528 739 4597 presbiteri,
778 4529 918 4584 sicut
951 4529 1216 4585 hactenus
1249 4527 1453 4585 factum
1491 4537 1595 4594 est,
1629 4527 1712 4583 in-

100 4619 357 4676 discrete
387 4633 486 4687 per
505 4618 716 4674 diversa
741 4635 849 4675 non
875 4620 1180 4687 mittantur,
1212 4636 1315 4676 nee
1338 4622 1407 4677 ab
1439 4621 1710 4691 episcopis

103 4727 203 4766 nec
251 4711 327 4766 ab
363 4709 487 4764 aliis
526 4710 749 4780 prelatis
794 4727 894 4767 nec
926 4712 1092 4768 etiam
1122 4730 1154 4769 a
1181 4715 1350 4780 laicis,
1376 4730 1445 4770 ne
1489 4724 1717 4785 propter

102 4815 304 4855 eorum
343 4799 731 4857 abstinentiam
760 4811 815 4857 et
843 4804 1147 4860 animarum
1186 4807 1426 4877 pericula
1461 4816 1516 4864 et
1539 4807 1717 4863 eccle-

103 4892 359 4958 siarum,
412 4891 467 4948 in
496 4894 694 4965 quibus
733 4896 1014 4953 constituti
1052 4907 1208 4965 sunt,
1245 4899 1598 4971 neglegantur
1629 4899 1715 4957 of-

110 4983 260 5039 licia.

1821 3323 1949 3379 stris
1985 3323 2342 3381 conventibus
2387 3324 2744 3380 constitutum
2788 3332 2903 3390 est,
2947 3334 3006 3380 ut
3051 3338 3416 3397 unaquaeque

1786 3412 2039 3480 ecclesia,
2071 3412 2118 3469 si
2147 3411 2378 3469 facultas
2405 3413 2674 3486 suppetit,
2723 3415 3002 3485 proprium
3045 3415 3410 3486 presbitemn

1821 3504 2018 3560 habeat
2050 3503 2096 3570 ',
2133 3511 2190 3560 et
2215 3505 2590 3577 unusquisque
2644 3506 2916 3576 presbiter
2947 3521 3059 3561 una
3094 3513 3304 3561 tantum
3339 3505 3413 3561 sit

1818 3603 2109 3652 contentus
2142 3593 2363 3652 eclesia.

1890 3689 1977 3743 ll.
2019 3689 2164 3744 inter
2195 3686 2213 3727 ί
2240 3697 2456 3745 caetera
2490 3705 2618 3747 vero
2639 3692 3028 3748 admonitionis
3054 3701 3274 3749 nostrae
3297 3691 3414 3750 οω-

1819 3778 1901 3834 cia
1927 3779 2061 3834 satis
2100 3779 2235 3836 illud
2274 3781 2434 3838 nobis
2473 3784 2846 3839 necessarium
2891 3784 3069 3840 visum
3101 3793 3208 3850 est,
3241 3794 3418 3857 utpo—

1818 3872 1961 3942 pnlis
1993 3872 2243 3932 ﬁdelibus
2272 3875 2588 3933 terribiliter
2625 3878 3003 3944 denuntietur,
3041 3887 3104 3934 ut
3131 3879 3278 3936 diem
3315 3881 3416 3936 doc

1819 3967 2111 4033 minicum,
2151 3969 2206 4024 in
2233 3985 2342 4040 quo
2377 3979 2569 4028 auctor
2602 3951 2745 4028 vitae
2772 3974 3073 4030 resurrexit
3108 3987 3140 4028 a
3167 3972 3416 4036 ntortuis.

1820 4061 2208 4118 honorabiliter
2227 4064 2428 4120 colant.
2458 4064 2593 4120 Nam
2615 4066 2661 4122 si
2684 4067 2882 4138 pagani
2911 4068 2984 4123 ob
3013 4068 3331 4123 memoriam
3363 4076 3424 4122 et

1818 4155 2179 4228 reverentiam
2203 4156 2428 4212 deorum
2449 4173 2672 4213 suorum
2693 4158 2810 4214 dies
2827 4158 3008 4214 colere
3027 4167 3083 4214 et
3103 4158 3250 4214 ludei
3267 4173 3424 4215 more

1816 4244 2022 4299 carnali
2077 4245 2367 4301 sabbatum
2431 4246 2726 4307 carnaliter
2777 4249 3073 4305 observare
3126 4258 3421 4321 satagunt.

1816 4345 2021 4407 quanto
2043 4339 2218 4410 magis
2257 4339 2590 4395 Christianae
2629 4341 2911 4413 religionis
2959 4343 3176 4403 devotio
3213 4343 3285 4398 ob
3308 4355 3422 4399 ute-

1816 4430 2048 4485 moriam
2078 4429 2349 4488 domi'nice
2371 4434 2790 4490 resurrectionis
2819 4438 3053 4492 eundem
3076 4436 3222 4493 diem
3245 4449 3418 4492 vene-

1817 4521 2061 4577 rabiliter
2082 4530 2249 4592 atque
2273 4524 2666 4582 honorabiliter
2688 4526 2870 4583 colere
2893 4529 3074 4584 debet.
3093 4527 3244 4584 lulti
3272 4542 3423 4582 na-

1818 4632 1925 4687 que
1951 4625 2265 4675 nostrorum
2309 4619 2450 4686 visu,
2479 4619 2635 4676 multi
2665 4621 2833 4676 etiam
2879 4620 3220 4691 quemdam
3245 4618 3423 4674 relatu

1821 4709 2142 4775 didicimus,
2168 4717 2434 4782 quosdam
2468 4712 2525 4768 in
2566 4713 2670 4769 hae
2704 4713 2792 4769 die
2823 4727 2991 4783 opera
3026 4711 3229 4767 ruralia
3260 4725 3423 4766 exer-

1822 4809 2037 4868 centes,
2075 4799 2301 4857 fulmine
2331 4802 2715 4875 interemptos,
2751 4805 3016 4876 quasdam
3045 4810 3263 4858 artuum
3286 4815 3422 4856 con-

1827 4894 2094 4952 tractione
2162 4895 2489 4962 'multatos,
2545 4899 2812 4968 quosdam
2859 4898 3028 4953 etiam
3075 4893 3272 4952 visibili
3297 4893 3426 4964 igne

1825 4989 2158 5058 absumptos,
2205 4989 2415 5046 subitos
2457 4989 2510 5046 in
2554 4991 2795 5048 cinerem
2848 4990 3116 5049 resolutos
3159 4983 3427 5059 pcnaliter

1341 5142 1735 5200 VARIANTES
1767 5144 2173 5204 LECTIONES.

185 5274 205 5306 ⁸
247 5271 377 5326 cod.
399 5273 693 5329 extradice.

118 5343 142 5377 ⁸
159 5342 457 5413 eucleatim
485 5359 532 5398 c.
608 5345 629 5375 "
651 5344 791 5400 deest
814 5363 861 5400 c.
936 5347 956 5378 ⁸
981 5348 1396 5404 contratcitione
1410 5366 1456 5403 c-

830 5275 1146 5332 redlrediret
1191 5293 1238 5330 c.
1317 5277 1339 5308 ³
1375 5292 1422 5332 s.
1459 5278 1515 5332 h.
1545 5278 1600 5332 in
1637 5274 1752 5330 loco
1798 5293 1939 5333 raso.

2018 5280 2039 5309 ⁸
2067 5280 2208 5334 deest
2238 5281 2293 5334 in
2319 5297 2366 5334 c.
2447 5282 2470 5310 '
2507 5298 2756 5337 numerus
2785 5284 2870 5337 hic
2901 5285 3099 5339 excidit
3143 5285 3199 5339 in
3225 5286 3429 5342 codice.

1662 5479 1891 5539 ΝΟΤᾸΞ.

191 5629 223 5728 ἒ
359 5634 403 5682 ι,
1910 5617 1937 5728 ξ
2085 5619 2254 5728 Ill-1:.

195 5687 223 5728 ιι
264 5687 330 5743 Ι...
365 5703 405 5752 I,
432 5687 522 5742 ὅθ.
1910 5699 1933 5728 ³
1973 5689 2036 5744 L.
2077 5705 2113 5752 l,
2148 5689 2240 5745 55.

195 5767 218 5798 ε
261 5757 381 5814 ι..ι
436 5759 527 5813 ‘55.
1911 5757 1931 5800 ί
1972 5759 2059 5818 Cf.
2099 5777 2183 5827 Ill,
2213 5761 2266 5814 5.

543 5912 817 5975 PATROL.
862 5914 1108 5980 XCV".
1145 5946 1152 5958 ι

2960 5931 3038 5991 '20
