  <div class='ocr_page' id='page_1' title='image "/cluster/home/n/w/nwhite01/storage/ocr_20150623/97/uva.x000827070/317.png"; bbox 0 0 3828 6220; ppageno 0'>
   <div class='ocr_carea' id='block_1_1' title="bbox 462 333 2087 393">
    <p class='ocr_par' dir='ltr' id='par_1_1' title="bbox 462 333 2087 393">
     <span class='ocr_line' id='line_1_1' title="bbox 462 333 2087 393; baseline 0.002 -8"><span class='ocrx_word' id='word_1_1' title='bbox 462 335 567 392; x_wconf 79' lang='lat' dir='ltr'><strong>M9</strong></span> <span class='ocrx_word' id='word_1_2' title='bbox 1294 336 1352 390; x_wconf 83' lang='grc' dir='ltr'><strong>Β.</strong></span> <span class='ocrx_word' id='word_1_3' title='bbox 1393 334 1644 392; x_wconf 79' lang='lat' dir='ltr'><strong>CAROLI</strong></span> <span class='ocrx_word' id='word_1_4' title='bbox 1685 333 1900 391; x_wconf 71' lang='lat' dir='ltr'><strong>MAch</strong></span> <span class='ocrx_word' id='word_1_5' title='bbox 1938 334 2087 393; x_wconf 77' lang='lat' dir='ltr'><strong>UPI’.</strong></span> 
     </span>
    </p>
   </div>
   <div class='ocr_carea' id='block_1_2' title="bbox 2132 334 3704 405">
    <p class='ocr_par' dir='ltr' id='par_1_2' title="bbox 2132 334 3704 405">
     <span class='ocr_line' id='line_1_2' title="bbox 2132 334 3704 405; baseline 0.01 -16"><span class='ocrx_word' id='word_1_6' title='bbox 2132 334 2314 392; x_wconf 77' lang='lat' dir='ltr'><strong>PARS</strong></span> <span class='ocrx_word' id='word_1_7' title='bbox 2349 337 2387 391; x_wconf 86' lang='grc' dir='ltr'><strong>Ι.</strong></span> <span class='ocrx_word' id='word_1_8' title='bbox 2433 337 2673 396; x_wconf 76' lang='lat' dir='ltr'><strong>SECTIO</strong></span> <span class='ocrx_word' id='word_1_9' title='bbox 2711 340 2944 396; x_wconf 69' lang='lat' dir='ltr'><strong>PRIMA.</strong></span> <span class='ocrx_word' id='word_1_10' title='bbox 3619 348 3704 405; x_wconf 71' lang='lat'><strong>690</strong></span> 
     </span>
    </p>
   </div>
   <div class='ocr_carea' id='block_1_3' title="bbox 461 449 3706 530">
    <p class='ocr_par' dir='ltr' id='par_1_3' title="bbox 461 449 3706 530">
     <span class='ocr_line' id='line_1_3' title="bbox 461 449 3706 530; baseline 0.004 -22"><span class='ocrx_word' id='word_1_11' title='bbox 461 450 797 508; x_wconf 81' lang='lat' dir='ltr'><strong>occubuisse.</strong></span> <span class='ocrx_word' id='word_1_12' title='bbox 827 449 1056 504; x_wconf 83' lang='lat' dir='ltr'><strong>Proinde</strong></span> <span class='ocrx_word' id='word_1_13' title='bbox 1081 464 1302 506; x_wconf 86' lang='lat' dir='ltr'><strong>necesse</strong></span> <span class='ocrx_word' id='word_1_14' title='bbox 1327 460 1428 517; x_wconf 83' lang='lat' dir='ltr'><strong>est,</strong></span> <span class='ocrx_word' id='word_1_15' title='bbox 1451 461 1512 507; x_wconf 93' lang='lat' dir='ltr'><strong>ut</strong></span> <span class='ocrx_word' id='word_1_16' title='bbox 1540 454 1772 522; x_wconf 90' lang='lat' dir='ltr'><strong>primum</strong></span> <span class='ocrx_word' id='word_1_17' title='bbox 1799 453 2042 508; x_wconf 85' lang='lat' dir='ltr'><strong>sacerdo-</strong></span> <span class='ocrx_word' id='word_1_18' title='bbox 2070 453 2428 516; x_wconf 68' lang='lat' dir='ltr'><strong>Acessitates</strong></span> <span class='ocrx_word' id='word_1_19' title='bbox 2453 455 2786 524; x_wconf 89' lang='lat' dir='ltr'><strong>obponentcs</strong></span> <span class='ocrx_word' id='word_1_20' title='bbox 2811 454 3052 513; x_wconf 87' lang='lat' dir='ltr'><strong>residere</strong></span> <span class='ocrx_word' id='word_1_21' title='bbox 3070 455 3433 523; x_wconf 89' lang='lat' dir='ltr'><strong>delectantur,</strong></span> <span class='ocrx_word' id='word_1_22' title='bbox 3461 457 3706 530; x_wconf 87' lang='lat' dir='ltr'><strong>dequibus</strong></span> 
     </span>
    </p>
   </div>
   <div class='ocr_carea' id='block_1_4' title="bbox 463 541 2047 612">
    <p class='ocr_par' dir='ltr' id='par_1_4' title="bbox 463 541 2047 612">
     <span class='ocr_line' id='line_1_4' title="bbox 463 541 2047 612; baseline 0.001 -14"><span class='ocrx_word' id='word_1_23' title='bbox 463 554 726 612; x_wconf 65' lang='lat' dir='ltr'><strong>tesreges</strong></span> <span class='ocrx_word' id='word_1_24' title='bbox 747 550 801 596; x_wconf 87' lang='lat' dir='ltr'><strong>et</strong></span> <span class='ocrx_word' id='word_1_25' title='bbox 822 541 1091 612; x_wconf 69' lang='lat' dir='ltr'><strong>principes</strong></span> <span class='ocrx_word' id='word_1_26' title='bbox 1125 544 1416 612; x_wconf 85' lang='lat' dir='ltr'><strong>cunctique</strong></span> <span class='ocrx_word' id='word_1_27' title='bbox 1457 542 1643 599; x_wconf 81' lang='lat' dir='ltr'><strong>ﬁdeles</strong></span> <span class='ocrx_word' id='word_1_28' title='bbox 1667 543 1793 598; x_wconf 91' lang='lat' dir='ltr'><strong>huic</strong></span> <span class='ocrx_word' id='word_1_29' title='bbox 1819 543 1924 598; x_wconf 90' lang='lat' dir='ltr'><strong>diei</strong></span> <span class='ocrx_word' id='word_1_30' title='bbox 1950 543 2047 599; x_wconf 84' lang='lat' dir='ltr'><strong>ob-</strong></span> 
     </span>
    </p>
   </div>
   <div class='ocr_carea' id='block_1_5' title="bbox 458 635 2042 702">
    <p class='ocr_par' dir='ltr' id='par_1_5' title="bbox 458 635 2042 702">
     <span class='ocr_line' id='line_1_5' title="bbox 458 635 2042 702; baseline -0.001 -12"><span class='ocrx_word' id='word_1_31' title='bbox 458 635 817 691; x_wconf 78' lang='lat' dir='ltr'><strong>servationem</strong></span> <span class='ocrx_word' id='word_1_32' title='bbox 844 645 1004 702; x_wconf 80' lang='lat' dir='ltr'><strong>atque</strong></span> <span class='ocrx_word' id='word_1_33' title='bbox 1027 635 1381 690; x_wconf 78' lang='lat' dir='ltr'><strong>reverentiam</strong></span> <span class='ocrx_word' id='word_1_34' title='bbox 1403 635 1748 691; x_wconf 85' lang='lat' dir='ltr'><strong>devotissime</strong></span> <span class='ocrx_word' id='word_1_35' title='bbox 1771 636 2042 691; x_wconf 84' lang='lat' dir='ltr'><strong>exibeant.</strong></span> 
     </span>
    </p>
   </div>
   <div class='ocr_carea' id='block_1_6' title="bbox 531 725 2043 796">
    <p class='ocr_par' dir='ltr' id='par_1_6' title="bbox 531 725 2043 796">
     <span class='ocr_line' id='line_1_6' title="bbox 531 725 2043 796; baseline 0.001 -15"><span class='ocrx_word' id='word_1_36' title='bbox 531 725 619 781; x_wconf 78' lang='lat' dir='ltr'><strong>l2.</strong></span> <span class='ocrx_word' id='word_1_37' title='bbox 660 725 792 780; x_wconf 90' lang='lat' dir='ltr'><strong>Illud</strong></span> <span class='ocrx_word' id='word_1_38' title='bbox 815 737 842 765; x_wconf 78' lang='grc' dir='ltr'>ι</span> <span class='ocrx_word' id='word_1_39' title='bbox 868 726 1033 780; x_wconf 84' lang='lat' dir='ltr'><strong>etiam</strong></span> <span class='ocrx_word' id='word_1_40' title='bbox 1062 739 1389 796; x_wconf 87' lang='lat' dir='ltr'><strong>quamquam</strong></span> <span class='ocrx_word' id='word_1_41' title='bbox 1424 740 1553 796; x_wconf 87' lang='lat' dir='ltr'><strong>sepe</strong></span> <span class='ocrx_word' id='word_1_42' title='bbox 1575 727 1908 786; x_wconf 88' lang='lat' dir='ltr'><strong>admonitum</strong></span> <span class='ocrx_word' id='word_1_43' title='bbox 1950 729 2043 793; x_wconf 86' lang='lat' dir='ltr'><strong>sit,</strong></span> 
     </span>
    </p>
   </div>
   <div class='ocr_carea' id='block_1_7' title="bbox 459 810 2044 891">
    <p class='ocr_par' dir='ltr' id='par_1_7' title="bbox 459 810 2044 891">
     <span class='ocr_line' id='line_1_7' title="bbox 459 810 2044 891; baseline 0.001 -19"><span class='ocrx_word' id='word_1_44' title='bbox 459 816 617 873; x_wconf 81' lang='lat' dir='ltr'><strong>nobis</strong></span> <span class='ocrx_word' id='word_1_45' title='bbox 639 815 834 871; x_wconf 78' lang='lat' dir='ltr'><strong>itenim</strong></span> <span class='ocrx_word' id='word_1_46' title='bbox 860 816 1234 872; x_wconf 82' lang='lat' dir='ltr'><strong>inculcandum</strong></span> <span class='ocrx_word' id='word_1_47' title='bbox 1259 810 1577 887; x_wconf 82' lang='lat' dir='ltr'><strong>populisque</strong></span> <span class='ocrx_word' id='word_1_48' title='bbox 1617 819 2044 891; x_wconf 85' lang='lat' dir='ltr'><strong>denuntiandum</strong></span> 
     </span>
    </p>
   </div>
   <div class='ocr_carea' id='block_1_8' title="bbox 371 907 2045 980">
    <p class='ocr_par' dir='ltr' id='par_1_8' title="bbox 371 907 2045 980">
     <span class='ocr_line' id='line_1_8' title="bbox 371 907 2045 980; baseline 0.003 -20"><span class='ocrx_word' id='word_1_49' title='bbox 371 972 379 980; x_wconf 33' lang='lat'><em>.</em></span> <span class='ocrx_word' id='word_1_50' title='bbox 458 921 800 976; x_wconf 77' lang='lat' dir='ltr'><strong>summopere</strong></span> <span class='ocrx_word' id='word_1_51' title='bbox 826 907 997 960; x_wconf 84' lang='lat' dir='ltr'><strong>visum</strong></span> <span class='ocrx_word' id='word_1_52' title='bbox 1024 907 1146 972; x_wconf 88' lang='lat' dir='ltr'><strong>fuit,</strong></span> <span class='ocrx_word' id='word_1_53' title='bbox 1172 917 1237 961; x_wconf 91' lang='lat' dir='ltr'><strong>ut</strong></span> <span class='ocrx_word' id='word_1_54' title='bbox 1261 907 1550 962; x_wconf 86' lang='lat' dir='ltr'><strong>missarum</strong></span> <span class='ocrx_word' id='word_1_55' title='bbox 1575 908 1967 965; x_wconf 83' lang='lat' dir='ltr'><strong>celebrationes</strong></span> <span class='ocrx_word' id='word_1_56' title='bbox 1989 911 2045 965; x_wconf 90' lang='lat' dir='ltr'><strong>in</strong></span> 
     </span>
    </p>
   </div>
   <div class='ocr_carea' id='block_1_9' title="bbox 457 999 2046 1072">
    <p class='ocr_par' dir='ltr' id='par_1_9' title="bbox 457 999 2046 1072">
     <span class='ocr_line' id='line_1_9' title="bbox 457 999 2046 1072; baseline 0.001 -16"><span class='ocrx_word' id='word_1_57' title='bbox 457 1003 590 1056; x_wconf 88' lang='lat' dir='ltr'><strong>locis</strong></span> <span class='ocrx_word' id='word_1_58' title='bbox 617 1000 1094 1072; x_wconf 86' lang='lat' dir='ltr'><strong>incongruentibus</strong></span> <span class='ocrx_word' id='word_1_59' title='bbox 1128 999 1244 1055; x_wconf 80' lang='lat' dir='ltr'><strong>fieri</strong></span> <span class='ocrx_word' id='word_1_60' title='bbox 1284 1001 1504 1056; x_wconf 85' lang='lat' dir='ltr'><strong>omnino</strong></span> <span class='ocrx_word' id='word_1_61' title='bbox 1546 1016 1654 1058; x_wconf 91' lang='lat' dir='ltr'><strong>non</strong></span> <span class='ocrx_word' id='word_1_62' title='bbox 1693 1001 1952 1068; x_wconf 85' lang='lat' dir='ltr'><strong>debeant;</strong></span> <span class='ocrx_word' id='word_1_63' title='bbox 1989 1010 2046 1058; x_wconf 92' lang='lat' dir='ltr'><strong>et</strong></span> 
     </span>
    </p>
   </div>
   <div class='ocr_carea' id='block_1_10' title="bbox 459 1092 2046 1164">
    <p class='ocr_par' dir='ltr' id='par_1_10' title="bbox 459 1092 2046 1164">
     <span class='ocr_line' id='line_1_10' title="bbox 459 1092 2046 1164; baseline 0.001 -16"><span class='ocrx_word' id='word_1_64' title='bbox 459 1107 678 1148; x_wconf 85' lang='lat' dir='ltr'><strong>necesse</strong></span> <span class='ocrx_word' id='word_1_65' title='bbox 719 1103 822 1160; x_wconf 86' lang='lat' dir='ltr'><strong>est,</strong></span> <span class='ocrx_word' id='word_1_66' title='bbox 859 1102 921 1148; x_wconf 85' lang='lat' dir='ltr'><strong>ut</strong></span> <span class='ocrx_word' id='word_1_67' title='bbox 961 1092 1333 1162; x_wconf 85' lang='lat' dir='ltr'><strong>unusquisque</strong></span> <span class='ocrx_word' id='word_1_68' title='bbox 1372 1093 1749 1164; x_wconf 86' lang='lat' dir='ltr'><strong>episcoporum</strong></span> <span class='ocrx_word' id='word_1_69' title='bbox 1793 1093 2046 1149; x_wconf 90' lang='lat' dir='ltr'><strong>huiusce-</strong></span> 
     </span>
    </p>
   </div>
   <div class='ocr_carea' id='block_1_11' title="bbox 457 1184 2042 1255">
    <p class='ocr_par' dir='ltr' id='par_1_11' title="bbox 457 1184 2042 1255">
     <span class='ocr_line' id='line_1_11' title="bbox 457 1184 2042 1255; baseline 0.002 -18"><span class='ocrx_word' id='word_1_70' title='bbox 457 1186 601 1240; x_wconf 86' lang='lat' dir='ltr'><strong>modi</strong></span> <span class='ocrx_word' id='word_1_71' title='bbox 647 1185 990 1240; x_wconf 80' lang='lat' dir='ltr'><strong>temerariam</strong></span> <span class='ocrx_word' id='word_1_72' title='bbox 1037 1184 1483 1241; x_wconf 88' lang='lat' dir='ltr'><strong>consuetudinem</strong></span> <span class='ocrx_word' id='word_1_73' title='bbox 1531 1199 1561 1239; x_wconf 95' lang='lat' dir='ltr'><strong>a</strong></span> <span class='ocrx_word' id='word_1_74' title='bbox 1589 1185 1912 1255; x_wconf 80' lang='lat' dir='ltr'><strong>parroechia</strong></span> <span class='ocrx_word' id='word_1_75' title='bbox 1945 1199 2042 1241; x_wconf 90' lang='lat' dir='ltr'><strong>sua</strong></span> 
     </span>
    </p>
   </div>
   <div class='ocr_carea' id='block_1_12' title="bbox 454 1272 2040 1346">
    <p class='ocr_par' dir='ltr' id='par_1_12' title="bbox 454 1272 2040 1346">
     <span class='ocr_line' id='line_1_12' title="bbox 454 1272 2040 1346; baseline 0 -16"><span class='ocrx_word' id='word_1_76' title='bbox 454 1276 704 1344; x_wconf 77' lang='lat' dir='ltr'><strong>poenitus</strong></span> <span class='ocrx_word' id='word_1_77' title='bbox 743 1284 1010 1331; x_wconf 85' lang='lat' dir='ltr'><strong>amoveat.</strong></span> <span class='ocrx_word' id='word_1_78' title='bbox 1050 1276 1118 1330; x_wconf 83' lang='lat' dir='ltr'><strong>Et</strong></span> <span class='ocrx_word' id='word_1_79' title='bbox 1137 1277 1183 1332; x_wconf 88' lang='lat' dir='ltr'><strong>si</strong></span> <span class='ocrx_word' id='word_1_80' title='bbox 1215 1276 1337 1346; x_wconf 89' lang='lat' dir='ltr'><strong>quis</strong></span> <span class='ocrx_word' id='word_1_81' title='bbox 1363 1272 1790 1346; x_wconf 80' lang='lat' dir='ltr'><strong>presbiterorum</strong></span> <span class='ocrx_word' id='word_1_82' title='bbox 1822 1275 2040 1342; x_wconf 86' lang='lat' dir='ltr'><strong>abhinc,</strong></span> 
     </span>
    </p>
   </div>
   <div class='ocr_carea' id='block_1_13' title="bbox 452 1365 2043 1437">
    <p class='ocr_par' dir='ltr' id='par_1_13' title="bbox 452 1365 2043 1437">
     <span class='ocr_line' id='line_1_13' title="bbox 452 1365 2043 1437; baseline -0.001 -17"><span class='ocrx_word' id='word_1_83' title='bbox 452 1376 680 1436; x_wconf 71' lang='lat' dir='ltr'><strong>excepto</strong></span> <span class='ocrx_word' id='word_1_84' title='bbox 707 1366 925 1437; x_wconf 83' lang='lat' dir='ltr'><strong>quando</strong></span> <span class='ocrx_word' id='word_1_85' title='bbox 945 1366 1140 1421; x_wconf 85' lang='lat' dir='ltr'><strong>itinere</strong></span> <span class='ocrx_word' id='word_1_86' title='bbox 1168 1366 1346 1436; x_wconf 80' lang='lat' dir='ltr'><strong>pergit</strong></span> <span class='ocrx_word' id='word_1_87' title='bbox 1373 1376 1430 1420; x_wconf 92' lang='lat' dir='ltr'><strong>et</strong></span> <span class='ocrx_word' id='word_1_88' title='bbox 1458 1365 1609 1420; x_wconf 88' lang='lat' dir='ltr'><strong>locus</strong></span> <span class='ocrx_word' id='word_1_89' title='bbox 1633 1365 1892 1420; x_wconf 87' lang='lat' dir='ltr'><strong>basilicae</strong></span> <span class='ocrx_word' id='word_1_90' title='bbox 1917 1379 2043 1434; x_wconf 90' lang='lat' dir='ltr'><strong>pro-</strong></span> 
     </span>
    </p>
   </div>
   <div class='ocr_carea' id='block_1_14' title="bbox 452 1455 2041 1528">
    <p class='ocr_par' dir='ltr' id='par_1_14' title="bbox 452 1455 2041 1528">
     <span class='ocr_line' id='line_1_14' title="bbox 452 1455 2041 1528; baseline -0.003 -13"><span class='ocrx_word' id='word_1_91' title='bbox 452 1460 539 1515; x_wconf 90' lang='lat' dir='ltr'><strong>cul</strong></span> <span class='ocrx_word' id='word_1_92' title='bbox 568 1468 650 1514; x_wconf 89' lang='lat' dir='ltr'><strong>est</strong></span> <span class='ocrx_word' id='word_1_93' title='bbox 671 1469 726 1514; x_wconf 90' lang='lat' dir='ltr'><strong>et</strong></span> <span class='ocrx_word' id='word_1_94' title='bbox 751 1459 878 1514; x_wconf 90' lang='lat' dir='ltr'><strong>idin</strong></span> <span class='ocrx_word' id='word_1_95' title='bbox 906 1459 1166 1514; x_wconf 80' lang='lat' dir='ltr'><strong>altaribus</strong></span> <span class='ocrx_word' id='word_1_96' title='bbox 1192 1460 1261 1514; x_wconf 89' lang='lat' dir='ltr'><strong>ab</strong></span> <span class='ocrx_word' id='word_1_97' title='bbox 1280 1459 1534 1528; x_wconf 88' lang='lat' dir='ltr'><strong>episcopo</strong></span> <span class='ocrx_word' id='word_1_98' title='bbox 1561 1457 1895 1512; x_wconf 85' lang='lat' dir='ltr'><strong>consecratis</strong></span> <span class='ocrx_word' id='word_1_99' title='bbox 1923 1455 2041 1511; x_wconf 80' lang='lat' dir='ltr'><strong>fieri</strong></span> 
     </span>
    </p>
   </div>
   <div class='ocr_carea' id='block_1_15' title="bbox 452 1549 2042 1622">
    <p class='ocr_par' dir='ltr' id='par_1_15' title="bbox 452 1549 2042 1622">
     <span class='ocr_line' id='line_1_15' title="bbox 452 1549 2042 1622; baseline -0.001 -16"><span class='ocrx_word' id='word_1_100' title='bbox 452 1551 748 1608; x_wconf 84' lang='lat' dir='ltr'><strong>necessitas</strong></span> <span class='ocrx_word' id='word_1_101' title='bbox 787 1549 1059 1622; x_wconf 87' lang='lat' dir='ltr'><strong>conpellit,</strong></span> <span class='ocrx_word' id='word_1_102' title='bbox 1095 1566 1164 1606; x_wconf 91' lang='lat' dir='ltr'><strong>ne</strong></span> <span class='ocrx_word' id='word_1_103' title='bbox 1197 1550 1427 1621; x_wconf 89' lang='lat' dir='ltr'><strong>populus</strong></span> <span class='ocrx_word' id='word_1_104' title='bbox 1450 1551 1543 1606; x_wconf 90' lang='lat' dir='ltr'><strong>Dei</strong></span> <span class='ocrx_word' id='word_1_105' title='bbox 1589 1550 1708 1606; x_wconf 90' lang='lat' dir='ltr'><strong>sine</strong></span> <span class='ocrx_word' id='word_1_106' title='bbox 1749 1551 2042 1606; x_wconf 88' lang='lat' dir='ltr'><strong>missarum</strong></span> 
     </span>
    </p>
   </div>
   <div class='ocr_carea' id='block_1_16' title="bbox 449 1642 2042 1713">
    <p class='ocr_par' dir='ltr' id='par_1_16' title="bbox 449 1642 2042 1713">
     <span class='ocr_line' id='line_1_16' title="bbox 449 1642 2042 1713; baseline -0.001 -15"><span class='ocrx_word' id='word_1_107' title='bbox 449 1643 813 1698; x_wconf 86' lang='lat' dir='ltr'><strong>celebratione</strong></span> <span class='ocrx_word' id='word_1_108' title='bbox 845 1653 900 1698; x_wconf 89' lang='lat' dir='ltr'><strong>et</strong></span> <span class='ocrx_word' id='word_1_109' title='bbox 926 1643 1172 1711; x_wconf 87' lang='lat' dir='ltr'><strong>corporis</strong></span> <span class='ocrx_word' id='word_1_110' title='bbox 1194 1650 1248 1696; x_wconf 90' lang='lat' dir='ltr'><strong>et</strong></span> <span class='ocrx_word' id='word_1_111' title='bbox 1273 1643 1551 1713; x_wconf 89' lang='lat' dir='ltr'><strong>sanguinis</strong></span> <span class='ocrx_word' id='word_1_112' title='bbox 1573 1642 1830 1697; x_wconf 86' lang='lat' dir='ltr'><strong>dominici</strong></span> <span class='ocrx_word' id='word_1_113' title='bbox 1852 1656 2042 1712; x_wconf 87' lang='lat' dir='ltr'><strong>perce-</strong></span> 
     </span>
    </p>
   </div>
   <div class='ocr_carea' id='block_1_17' title="bbox 449 1732 2044 1805">
    <p class='ocr_par' dir='ltr' id='par_1_17' title="bbox 449 1732 2044 1805">
     <span class='ocr_line' id='line_1_17' title="bbox 449 1732 2044 1805; baseline -0.001 -17"><span class='ocrx_word' id='word_1_114' title='bbox 449 1735 636 1805; x_wconf 88' lang='lat' dir='ltr'><strong>ptione</strong></span> <span class='ocrx_word' id='word_1_115' title='bbox 660 1740 956 1798; x_wconf 82' lang='lat' dir='ltr'><strong>remaneat,</strong></span> <span class='ocrx_word' id='word_1_116' title='bbox 982 1734 1271 1788; x_wconf 88' lang='lat' dir='ltr'><strong>missarum</strong></span> <span class='ocrx_word' id='word_1_117' title='bbox 1303 1732 1694 1787; x_wconf 89' lang='lat' dir='ltr'><strong>celebrationes</strong></span> <span class='ocrx_word' id='word_1_118' title='bbox 1716 1732 1769 1786; x_wconf 90' lang='lat' dir='ltr'><strong>in</strong></span> <span class='ocrx_word' id='word_1_119' title='bbox 1788 1732 2044 1794; x_wconf 82' lang='lat' dir='ltr'><strong>huiusce-</strong></span> 
     </span>
    </p>
   </div>
   <div class='ocr_carea' id='block_1_18' title="bbox 366 1809 2118 1899">
    <p class='ocr_par' dir='ltr' id='par_1_18' title="bbox 366 1809 2118 1899">
     <span class='ocr_line' id='line_1_18' title="bbox 366 1809 2118 1899; baseline -0.003 -14"><span class='ocrx_word' id='word_1_120' title='bbox 366 1874 369 1877; x_wconf 92' lang='lat'>.</span> <span class='ocrx_word' id='word_1_121' title='bbox 448 1830 594 1885; x_wconf 88' lang='lat' dir='ltr'><strong>modi</strong></span> <span class='ocrx_word' id='word_1_122' title='bbox 621 1829 838 1884; x_wconf 89' lang='lat' dir='ltr'><strong>inlicitis</strong></span> <span class='ocrx_word' id='word_1_123' title='bbox 855 1828 987 1884; x_wconf 86' lang='lat' dir='ltr'><strong>locis</strong></span> <span class='ocrx_word' id='word_1_124' title='bbox 1005 1838 1126 1899; x_wconf 90' lang='lat' dir='ltr'><strong>post</strong></span> <span class='ocrx_word' id='word_1_125' title='bbox 1147 1838 1229 1884; x_wconf 91' lang='lat' dir='ltr'><strong>tot</strong></span> <span class='ocrx_word' id='word_1_126' title='bbox 1250 1837 1534 1899; x_wconf 85' lang='lat' dir='ltr'><strong>tantasque</strong></span> <span class='ocrx_word' id='word_1_127' title='bbox 1553 1829 1948 1899; x_wconf 70' lang='lat' dir='ltr'><strong>prohibitiones</strong></span> <span class='ocrx_word' id='word_1_128' title='bbox 1970 1825 2044 1881; x_wconf 86' lang='lat' dir='ltr'><strong>fa-</strong></span> <span class='ocrx_word' id='word_1_129' title='bbox 2073 1809 2118 1872; x_wconf 78' lang='grc' dir='ltr'><strong>Β</strong></span> 
     </span>
    </p>
   </div>
   <div class='ocr_carea' id='block_1_19' title="bbox 347 1917 2042 1992">
    <p class='ocr_par' dir='ltr' id='par_1_19' title="bbox 347 1917 2042 1992">
     <span class='ocr_line' id='line_1_19' title="bbox 347 1917 2042 1992; baseline -0.003 -15"><span class='ocrx_word' id='word_1_130' title='bbox 347 1951 363 1960; x_wconf 86' lang='grc'><strong><em>-</em></strong></span> <span class='ocrx_word' id='word_1_131' title='bbox 445 1921 1024 1989; x_wconf 79' lang='lat' dir='ltr'><strong>eere-adtemptavcrit,</strong></span> <span class='ocrx_word' id='word_1_132' title='bbox 1046 1922 1264 1990; x_wconf 85' lang='lat' dir='ltr'><strong>dignum</strong></span> <span class='ocrx_word' id='word_1_133' title='bbox 1288 1929 1392 1986; x_wconf 87' lang='lat' dir='ltr'><strong>est,</strong></span> <span class='ocrx_word' id='word_1_134' title='bbox 1415 1930 1476 1976; x_wconf 91' lang='lat' dir='ltr'><strong>ut</strong></span> <span class='ocrx_word' id='word_1_135' title='bbox 1498 1921 1700 1992; x_wconf 60' lang='lat' dir='ltr'><strong>grains</strong></span> <span class='ocrx_word' id='word_1_136' title='bbox 1721 1919 1804 1975; x_wconf 92' lang='lat' dir='ltr'><strong>sui</strong></span> <span class='ocrx_word' id='word_1_137' title='bbox 1823 1917 2042 1989; x_wconf 90' lang='lat' dir='ltr'><strong>pericu-</strong></span> 
     </span>
    </p>
   </div>
   <div class='ocr_carea' id='block_1_20' title="bbox 449 2013 2040 2084">
    <p class='ocr_par' dir='ltr' id='par_1_20' title="bbox 449 2013 2040 2084">
     <span class='ocr_line' id='line_1_20' title="bbox 449 2013 2040 2084; baseline -0.003 -16"><span class='ocrx_word' id='word_1_138' title='bbox 449 2016 558 2070; x_wconf 84' lang='lat' dir='ltr'><strong>lum</strong></span> <span class='ocrx_word' id='word_1_139' title='bbox 571 2013 1022 2072; x_wconf 82' lang='lat' dir='ltr'><strong>incurrat.Satius</strong></span> <span class='ocrx_word' id='word_1_140' title='bbox 1036 2014 1199 2084; x_wconf 75' lang='lat' dir='ltr'><strong>igitur</strong></span> <span class='ocrx_word' id='word_1_141' title='bbox 1209 2022 1295 2068; x_wconf 89' lang='lat' dir='ltr'><strong>est</strong></span> <span class='ocrx_word' id='word_1_142' title='bbox 1308 2014 1528 2069; x_wconf 89' lang='lat' dir='ltr'><strong>missam</strong></span> <span class='ocrx_word' id='word_1_143' title='bbox 1544 2029 1651 2069; x_wconf 89' lang='lat' dir='ltr'><strong>non</strong></span> <span class='ocrx_word' id='word_1_144' title='bbox 1666 2013 1861 2079; x_wconf 86' lang='lat' dir='ltr'><strong>audiri,</strong></span> <span class='ocrx_word' id='word_1_145' title='bbox 1877 2026 2040 2082; x_wconf 87' lang='lat' dir='ltr'><strong>quam</strong></span> 
     </span>
    </p>
   </div>
   <div class='ocr_carea' id='block_1_21' title="bbox 445 2103 2036 2175">
    <p class='ocr_par' dir='ltr' id='par_1_21' title="bbox 445 2103 2036 2175">
     <span class='ocr_line' id='line_1_21' title="bbox 445 2103 2036 2175; baseline -0.003 -14"><span class='ocrx_word' id='word_1_146' title='bbox 445 2121 567 2161; x_wconf 83' lang='lat' dir='ltr'><strong>eam</strong></span> <span class='ocrx_word' id='word_1_147' title='bbox 611 2104 702 2160; x_wconf 89' lang='lat' dir='ltr'><strong>ubi</strong></span> <span class='ocrx_word' id='word_1_148' title='bbox 739 2120 845 2159; x_wconf 90' lang='lat' dir='ltr'><strong>non</strong></span> <span class='ocrx_word' id='word_1_149' title='bbox 875 2105 1003 2160; x_wconf 91' lang='lat' dir='ltr'><strong>licet</strong></span> <span class='ocrx_word' id='word_1_150' title='bbox 1035 2121 1135 2161; x_wconf 90' lang='lat' dir='ltr'><strong>nec</strong></span> <span class='ocrx_word' id='word_1_151' title='bbox 1163 2114 1395 2175; x_wconf 86' lang='lat' dir='ltr'><strong>oportet,</strong></span> <span class='ocrx_word' id='word_1_152' title='bbox 1429 2105 1691 2163; x_wconf 84' lang='lat' dir='ltr'><strong>celebrari</strong></span> <span class='ocrx_word' id='word_1_153' title='bbox 1722 2111 1826 2160; x_wconf 87' lang='lat' dir='ltr'><strong>aut-</strong></span> <span class='ocrx_word' id='word_1_154' title='bbox 1841 2103 2036 2161; x_wconf 90' lang='lat' dir='ltr'><strong>audiri.</strong></span> 
     </span>
    </p>
   </div>
   <div class='ocr_carea' id='block_1_22' title="bbox 518 2195 2042 2267">
    <p class='ocr_par' dir='ltr' id='par_1_22' title="bbox 518 2195 2042 2267">
     <span class='ocr_line' id='line_1_22' title="bbox 518 2195 2042 2267; baseline -0.001 -15"><span class='ocrx_word' id='word_1_155' title='bbox 518 2198 608 2252; x_wconf 79' lang='grc'><strong>15.</strong></span> <span class='ocrx_word' id='word_1_156' title='bbox 650 2195 838 2262; x_wconf 59' lang='grc' dir='ltr'><strong>θυῖε)</strong></span> <span class='ocrx_word' id='word_1_157' title='bbox 860 2211 992 2267; x_wconf 84' lang='lat' dir='ltr'><strong>ergo</strong></span> <span class='ocrx_word' id='word_1_158' title='bbox 1015 2196 1162 2266; x_wconf 90' lang='lat' dir='ltr'><strong>quod</strong></span> <span class='ocrx_word' id='word_1_159' title='bbox 1197 2211 1324 2266; x_wconf 88' lang='lat' dir='ltr'><strong>sepe</strong></span> <span class='ocrx_word' id='word_1_160' title='bbox 1347 2197 1404 2251; x_wconf 89' lang='lat' dir='ltr'><strong>in</strong></span> <span class='ocrx_word' id='word_1_161' title='bbox 1429 2196 1629 2252; x_wconf 83' lang='lat' dir='ltr'><strong>vestris</strong></span> <span class='ocrx_word' id='word_1_162' title='bbox 1653 2196 1900 2252; x_wconf 88' lang='lat' dir='ltr'><strong>conciliis</strong></span> <span class='ocrx_word' id='word_1_163' title='bbox 1920 2209 2042 2266; x_wconf 88' lang='lat' dir='ltr'><strong>pro-</strong></span> 
     </span>
    </p>
   </div>
   <div class='ocr_carea' id='block_1_23' title="bbox 445 2285 2038 2357">
    <p class='ocr_par' dir='ltr' id='par_1_23' title="bbox 445 2285 2038 2357">
     <span class='ocr_line' id='line_1_23' title="bbox 445 2285 2038 2357; baseline -0.002 -14"><span class='ocrx_word' id='word_1_164' title='bbox 445 2289 674 2343; x_wconf 84' lang='lat' dir='ltr'><strong>hibitum</strong></span> <span class='ocrx_word' id='word_1_165' title='bbox 720 2289 736 2319; x_wconf 75' lang='grc' dir='ltr'>ί</span> <span class='ocrx_word' id='word_1_166' title='bbox 779 2295 893 2351; x_wconf 88' lang='lat' dir='ltr'><strong>est,</strong></span> <span class='ocrx_word' id='word_1_167' title='bbox 943 2288 1135 2343; x_wconf 70' lang='lat' dir='ltr'><strong>viduas</strong></span> <span class='ocrx_word' id='word_1_168' title='bbox 1181 2286 1501 2343; x_wconf 86' lang='lat' dir='ltr'><strong>inconsultis</strong></span> <span class='ocrx_word' id='word_1_169' title='bbox 1547 2286 1818 2357; x_wconf 86' lang='lat' dir='ltr'><strong>episcopis</strong></span> <span class='ocrx_word' id='word_1_170' title='bbox 1872 2285 2038 2341; x_wconf 77' lang='lat' dir='ltr'><strong>velari</strong></span> 
     </span>
    </p>
   </div>
   <div class='ocr_carea' id='block_1_24' title="bbox 444 2376 2038 2448">
    <p class='ocr_par' dir='ltr' id='par_1_24' title="bbox 444 2376 2038 2448">
     <span class='ocr_line' id='line_1_24' title="bbox 444 2376 2038 2448; baseline -0.001 -17"><span class='ocrx_word' id='word_1_171' title='bbox 444 2394 552 2432; x_wconf 86' lang='lat' dir='ltr'><strong>non</strong></span> <span class='ocrx_word' id='word_1_172' title='bbox 575 2378 792 2441; x_wconf 86' lang='lat' dir='ltr'><strong>debere,</strong></span> <span class='ocrx_word' id='word_1_173' title='bbox 819 2385 874 2432; x_wconf 89' lang='lat' dir='ltr'><strong>et</strong></span> <span class='ocrx_word' id='word_1_174' title='bbox 899 2379 1126 2433; x_wconf 90' lang='lat' dir='ltr'><strong>eandem</strong></span> <span class='ocrx_word' id='word_1_175' title='bbox 1168 2378 1614 2433; x_wconf 87' lang='lat' dir='ltr'><strong>constitutionem</strong></span> <span class='ocrx_word' id='word_1_176' title='bbox 1646 2393 1676 2432; x_wconf 91' lang='lat' dir='ltr'><strong>a</strong></span> <span class='ocrx_word' id='word_1_177' title='bbox 1714 2376 2038 2448; x_wconf 87' lang='lat' dir='ltr'><strong>quibusdam</strong></span> 
     </span>
    </p>
   </div>
   <div class='ocr_carea' id='block_1_25' title="bbox 441 2453 2036 2541">
    <p class='ocr_par' dir='ltr' id='par_1_25' title="bbox 441 2453 2036 2541">
     <span class='ocr_line' id='line_1_25' title="bbox 441 2453 2036 2541; baseline 0.001 -19"><span class='ocrx_word' id='word_1_178' title='bbox 441 2453 805 2539; x_wconf 78' lang='lat' dir='ltr'><strong>praevaricari</strong></span> <span class='ocrx_word' id='word_1_179' title='bbox 833 2485 976 2526; x_wconf 90' lang='lat' dir='ltr'><strong>nunc</strong></span> <span class='ocrx_word' id='word_1_180' title='bbox 1004 2469 1376 2541; x_wconf 82' lang='lat' dir='ltr'><strong>cognovimus,</strong></span> <span class='ocrx_word' id='word_1_181' title='bbox 1405 2483 1631 2540; x_wconf 87' lang='lat' dir='ltr'><strong>prorsus</strong></span> <span class='ocrx_word' id='word_1_182' title='bbox 1646 2484 1717 2525; x_wconf 92' lang='lat' dir='ltr'><strong>ne</strong></span> <span class='ocrx_word' id='word_1_183' title='bbox 1744 2469 1998 2539; x_wconf 86' lang='lat' dir='ltr'><strong>deinceps</strong></span> <span class='ocrx_word' id='word_1_184' title='bbox 2015 2470 2036 2500; x_wconf 80' lang='lat'>&#39;</span> 
     </span>
    </p>
   </div>
   <div class='ocr_carea' id='block_1_26' title="bbox 443 2546 2038 2632">
    <p class='ocr_par' dir='ltr' id='par_1_26' title="bbox 443 2546 2038 2632">
     <span class='ocr_line' id='line_1_26' title="bbox 443 2546 2038 2632; baseline 0 -18"><span class='ocrx_word' id='word_1_185' title='bbox 443 2546 597 2614; x_wconf 86' lang='lat' dir='ltr'><strong>lieret</strong></span> <span class='ocrx_word' id='word_1_186' title='bbox 661 2560 1071 2627; x_wconf 71' lang='lat' dir='ltr'><strong>interdiximus;</strong></span> <span class='ocrx_word' id='word_1_187' title='bbox 1103 2568 1172 2616; x_wconf 78' lang='lat' dir='ltr'><strong>&#39;et</strong></span> <span class='ocrx_word' id='word_1_188' title='bbox 1215 2560 1261 2614; x_wconf 91' lang='lat' dir='ltr'><strong>si</strong></span> <span class='ocrx_word' id='word_1_189' title='bbox 1301 2559 1571 2632; x_wconf 85' lang='lat' dir='ltr'><strong>quispiam</strong></span> <span class='ocrx_word' id='word_1_190' title='bbox 1611 2560 2038 2630; x_wconf 83' lang='lat' dir='ltr'><strong>presbiterorum</strong></span> 
     </span>
    </p>
   </div>
   <div class='ocr_carea' id='block_1_27' title="bbox 441 2651 2038 2722">
    <p class='ocr_par' dir='ltr' id='par_1_27' title="bbox 441 2651 2038 2722">
     <span class='ocr_line' id='line_1_27' title="bbox 441 2651 2038 2722; baseline 0 -16"><span class='ocrx_word' id='word_1_191' title='bbox 441 2653 696 2722; x_wconf 85' lang='lat' dir='ltr'><strong>deinceps</strong></span> <span class='ocrx_word' id='word_1_192' title='bbox 737 2653 895 2707; x_wconf 90' lang='lat' dir='ltr'><strong>huius</strong></span> <span class='ocrx_word' id='word_1_193' title='bbox 935 2652 1342 2708; x_wconf 90' lang='lat' dir='ltr'><strong>constitutionis</strong></span> <span class='ocrx_word' id='word_1_194' title='bbox 1369 2652 1390 2684; x_wconf 86' lang='grc'><strong><em>⁸</em></strong></span> <span class='ocrx_word' id='word_1_195' title='bbox 1432 2651 1826 2708; x_wconf 88' lang='lat' dir='ltr'><strong>contumaciter</strong></span> <span class='ocrx_word' id='word_1_196' title='bbox 1863 2659 2038 2706; x_wconf 88' lang='lat' dir='ltr'><strong>trans-</strong></span> 
     </span>
    </p>
   </div>
   <div class='ocr_carea' id='block_1_28' title="bbox 439 2742 2038 2814">
    <p class='ocr_par' dir='ltr' id='par_1_28' title="bbox 439 2742 2038 2814">
     <span class='ocr_line' id='line_1_28' title="bbox 439 2742 2038 2814; baseline 0 -16"><span class='ocrx_word' id='word_1_197' title='bbox 439 2758 656 2813; x_wconf 86' lang='lat' dir='ltr'><strong>gressor</strong></span> <span class='ocrx_word' id='word_1_198' title='bbox 678 2743 938 2809; x_wconf 75' lang='lat' dir='ltr'><strong>extiterit,</strong></span> <span class='ocrx_word' id='word_1_199' title='bbox 980 2744 1186 2800; x_wconf 87' lang='lat' dir='ltr'><strong>scilicet</strong></span> <span class='ocrx_word' id='word_1_200' title='bbox 1225 2750 1288 2797; x_wconf 85' lang='lat' dir='ltr'><strong>ut</strong></span> <span class='ocrx_word' id='word_1_201' title='bbox 1308 2742 1549 2814; x_wconf 84' lang='lat' dir='ltr'><strong>aliquam</strong></span> <span class='ocrx_word' id='word_1_202' title='bbox 1590 2743 1810 2797; x_wconf 88' lang='lat' dir='ltr'><strong>viduam</strong></span> <span class='ocrx_word' id='word_1_203' title='bbox 1847 2743 2038 2798; x_wconf 89' lang='lat' dir='ltr'><strong>incon-</strong></span> 
     </span>
    </p>
   </div>
   <div class='ocr_carea' id='block_1_29' title="bbox 440 2834 2035 2905">
    <p class='ocr_par' dir='ltr' id='par_1_29' title="bbox 440 2834 2035 2905">
     <span class='ocr_line' id='line_1_29' title="bbox 440 2834 2035 2905; baseline 0.001 -18"><span class='ocrx_word' id='word_1_204' title='bbox 440 2834 584 2888; x_wconf 81' lang='lat' dir='ltr'><strong>sulto</strong></span> <span class='ocrx_word' id='word_1_205' title='bbox 611 2835 864 2904; x_wconf 85' lang='lat' dir='ltr'><strong>episeopo</strong></span> <span class='ocrx_word' id='word_1_206' title='bbox 899 2835 1080 2891; x_wconf 83' lang='lat' dir='ltr'><strong>velare</strong></span> <span class='ocrx_word' id='word_1_207' title='bbox 1103 2841 1436 2904; x_wconf 86' lang='lat' dir='ltr'><strong>praesumat,</strong></span> <span class='ocrx_word' id='word_1_208' title='bbox 1467 2834 1668 2895; x_wconf 67' lang='lat' dir='ltr'><strong>gradus</strong></span> <span class='ocrx_word' id='word_1_209' title='bbox 1708 2834 1792 2889; x_wconf 91' lang='lat' dir='ltr'><strong>sui</strong></span> <span class='ocrx_word' id='word_1_210' title='bbox 1818 2835 2035 2905; x_wconf 78' lang='lat' dir='ltr'><strong>pericu~</strong></span> 
     </span>
    </p>
   </div>
   <div class='ocr_carea' id='block_1_30' title="bbox 441 2922 841 2977">
    <p class='ocr_par' dir='ltr' id='par_1_30' title="bbox 441 2922 841 2977">
     <span class='ocr_line' id='line_1_30' title="bbox 441 2922 841 2977; baseline 0 -1"><span class='ocrx_word' id='word_1_211' title='bbox 441 2922 550 2976; x_wconf 87' lang='lat' dir='ltr'><strong>lum</strong></span> <span class='ocrx_word' id='word_1_212' title='bbox 579 2922 841 2977; x_wconf 77' lang='lat' dir='ltr'><strong>incurrat.</strong></span> 
     </span>
    </p>
   </div>
   <div class='ocr_carea' id='block_1_31' title="bbox 511 3012 2034 3087">
    <p class='ocr_par' dir='ltr' id='par_1_31' title="bbox 511 3012 2034 3087">
     <span class='ocr_line' id='line_1_31' title="bbox 511 3012 2034 3087; baseline 0.004 -21"><span class='ocrx_word' id='word_1_213' title='bbox 511 3012 600 3066; x_wconf 74' lang='lat' dir='ltr'><strong>M.</strong></span> <span class='ocrx_word' id='word_1_214' title='bbox 643 3012 912 3068; x_wconf 89' lang='lat' dir='ltr'><strong>Similiter</strong></span> <span class='ocrx_word' id='word_1_215' title='bbox 929 3024 951 3053; x_wconf 75' lang='grc' dir='ltr'><strong>ο</strong></span> <span class='ocrx_word' id='word_1_216' title='bbox 977 3023 1032 3070; x_wconf 92' lang='lat' dir='ltr'><strong>et</strong></span> <span class='ocrx_word' id='word_1_217' title='bbox 1059 3017 1125 3070; x_wconf 91' lang='lat' dir='ltr'><strong>de</strong></span> <span class='ocrx_word' id='word_1_218' title='bbox 1145 3013 1342 3084; x_wconf 89' lang='lat' dir='ltr'><strong>puellis</strong></span> <span class='ocrx_word' id='word_1_219' title='bbox 1369 3014 1670 3087; x_wconf 87' lang='lat' dir='ltr'><strong>virginibus</strong></span> <span class='ocrx_word' id='word_1_220' title='bbox 1706 3028 1735 3069; x_wconf 91' lang='lat' dir='ltr'><strong>a</strong></span> <span class='ocrx_word' id='word_1_221' title='bbox 1765 3014 2034 3086; x_wconf 87' lang='lat' dir='ltr'><strong>presbite-</strong></span> 
     </span>
    </p>
   </div>
   <div class='ocr_carea' id='block_1_32' title="bbox 442 3103 2034 3175">
    <p class='ocr_par' dir='ltr' id='par_1_32' title="bbox 442 3103 2034 3175">
     <span class='ocr_line' id='line_1_32' title="bbox 442 3103 2034 3175; baseline 0.003 -17"><span class='ocrx_word' id='word_1_222' title='bbox 442 3103 515 3158; x_wconf 88' lang='lat' dir='ltr'><strong>ris</strong></span> <span class='ocrx_word' id='word_1_223' title='bbox 562 3119 671 3157; x_wconf 89' lang='lat' dir='ltr'><strong>non</strong></span> <span class='ocrx_word' id='word_1_224' title='bbox 719 3104 962 3159; x_wconf 84' lang='lat' dir='ltr'><strong>velandis</strong></span> <span class='ocrx_word' id='word_1_225' title='bbox 997 3105 1360 3172; x_wconf 85' lang='lat' dir='ltr'><strong>inhibuimus;</strong></span> <span class='ocrx_word' id='word_1_226' title='bbox 1412 3105 1468 3160; x_wconf 91' lang='lat' dir='ltr'><strong>in</strong></span> <span class='ocrx_word' id='word_1_227' title='bbox 1508 3121 1616 3175; x_wconf 89' lang='lat' dir='ltr'><strong>qua</strong></span> <span class='ocrx_word' id='word_1_228' title='bbox 1666 3120 1727 3160; x_wconf 90' lang='lat' dir='ltr'><strong>re</strong></span> <span class='ocrx_word' id='word_1_229' title='bbox 1774 3107 2034 3163; x_wconf 85' lang='lat' dir='ltr'><strong>hactenus</strong></span> 
     </span>
    </p>
   </div>
   <div class='ocr_carea' id='block_1_33' title="bbox 346 3193 2034 3268">
    <p class='ocr_par' dir='ltr' id='par_1_33' title="bbox 346 3193 2034 3268">
     <span class='ocr_line' id='line_1_33' title="bbox 346 3193 2034 3268; baseline 0.005 -24"><span class='ocrx_word' id='word_1_230' title='bbox 346 3217 356 3225; x_wconf 86' lang='lat'><strong>-</strong></span> <span class='ocrx_word' id='word_1_231' title='bbox 436 3193 638 3249; x_wconf 83' lang='lat' dir='ltr'><strong>multos</strong></span> <span class='ocrx_word' id='word_1_232' title='bbox 685 3195 1110 3264; x_wconf 85' lang='lat' dir='ltr'><strong>presbitcrorum</strong></span> <span class='ocrx_word' id='word_1_233' title='bbox 1154 3195 1357 3266; x_wconf 87' lang='lat' dir='ltr'><strong>partim</strong></span> <span class='ocrx_word' id='word_1_234' title='bbox 1401 3193 1707 3266; x_wconf 77' lang='lat' dir='ltr'><strong>ignorantia</strong></span> <span class='ocrx_word' id='word_1_235' title='bbox 1736 3197 1788 3266; x_wconf 68' lang='grc'><em>⁸,</em></span> <span class='ocrx_word' id='word_1_236' title='bbox 1834 3199 2034 3268; x_wconf 79' lang='lat' dir='ltr'><strong>partim</strong></span> 
     </span>
    </p>
   </div>
   <div class='ocr_carea' id='block_1_34' title="bbox 410 3285 1579 3364">
    <p class='ocr_par' dir='ltr' id='par_1_34' title="bbox 410 3285 1579 3364">
     <span class='ocr_line' id='line_1_34' title="bbox 410 3285 1579 3364; baseline 0.003 -28"><span class='ocrx_word' id='word_1_237' title='bbox 410 3361 413 3364; x_wconf 18' lang='grc' dir='ltr'><strong><em>η</em></strong></span> <span class='ocrx_word' id='word_1_238' title='bbox 439 3285 745 3339; x_wconf 79' lang='lat' dir='ltr'><strong>temeritate</strong></span> <span class='ocrx_word' id='word_1_239' title='bbox 769 3285 1065 3360; x_wconf 72' lang='lat' dir='ltr'><strong>deliquisse</strong></span> <span class='ocrx_word' id='word_1_240' title='bbox 1101 3286 1579 3358; x_wconf 85' lang='lat' dir='ltr'><strong>deprehendimus.</strong></span> 
     </span>
    </p>
   </div>
   <div class='ocr_carea' id='block_1_35' title="bbox 510 3374 2035 3452">
    <p class='ocr_par' dir='ltr' id='par_1_35' title="bbox 510 3374 2035 3452">
     <span class='ocr_line' id='line_1_35' title="bbox 510 3374 2035 3452; baseline 0.004 -24"><span class='ocrx_word' id='word_1_241' title='bbox 510 3374 597 3429; x_wconf 75' lang='grc'><strong>15.</strong></span> <span class='ocrx_word' id='word_1_242' title='bbox 638 3376 1102 3447; x_wconf 86' lang='lat' dir='ltr'><strong>Deprehendiruus</strong></span> <span class='ocrx_word' id='word_1_243' title='bbox 1118 3376 1145 3416; x_wconf 69' lang='grc' dir='ltr'><em>ά</em></span> <span class='ocrx_word' id='word_1_244' title='bbox 1171 3377 1413 3434; x_wconf 84' lang='lat' dir='ltr'><strong>etiamet</strong></span> <span class='ocrx_word' id='word_1_245' title='bbox 1433 3379 1598 3434; x_wconf 90' lang='lat' dir='ltr'><strong>aliam</strong></span> <span class='ocrx_word' id='word_1_246' title='bbox 1620 3378 2035 3452; x_wconf 72' lang='lat' dir='ltr'><strong>neglegentiam,</strong></span> 
     </span>
    </p>
   </div>
   <div class='ocr_carea' id='block_1_36' title="bbox 436 3466 2038 3536">
    <p class='ocr_par' dir='ltr' id='par_1_36' title="bbox 436 3466 2038 3536">
     <span class='ocr_line' id='line_1_36' title="bbox 436 3466 2038 3536; baseline 0.005 -18"><span class='ocrx_word' id='word_1_247' title='bbox 436 3466 581 3534; x_wconf 82' lang='lat' dir='ltr'><strong>quod</strong></span> <span class='ocrx_word' id='word_1_248' title='bbox 608 3467 887 3536; x_wconf 84' lang='lat' dir='ltr'><strong>quaedam</strong></span> <span class='ocrx_word' id='word_1_249' title='bbox 927 3467 1162 3524; x_wconf 84' lang='lat' dir='ltr'><strong>feminae</strong></span> <span class='ocrx_word' id='word_1_250' title='bbox 1211 3469 1332 3525; x_wconf 87' lang='lat' dir='ltr'><strong>sine</strong></span> <span class='ocrx_word' id='word_1_251' title='bbox 1379 3483 1651 3526; x_wconf 89' lang='lat' dir='ltr'><strong>consensu</strong></span> <span class='ocrx_word' id='word_1_252' title='bbox 1693 3473 2038 3528; x_wconf 81' lang='lat' dir='ltr'><strong>sacerdotum</strong></span> 
     </span>
    </p>
   </div>
   <div class='ocr_carea' id='block_1_37' title="bbox 438 3560 2036 3632">
    <p class='ocr_par' dir='ltr' id='par_1_37' title="bbox 438 3560 2036 3632">
     <span class='ocr_line' id='line_1_37' title="bbox 438 3560 2036 3632; baseline 0.004 -20"><span class='ocrx_word' id='word_1_253' title='bbox 438 3560 615 3614; x_wconf 77' lang='lat' dir='ltr'><strong>velum</strong></span> <span class='ocrx_word' id='word_1_254' title='bbox 640 3561 742 3616; x_wconf 89' lang='lat' dir='ltr'><strong>sibi</strong></span> <span class='ocrx_word' id='word_1_255' title='bbox 774 3561 990 3616; x_wconf 88' lang='lat' dir='ltr'><strong>incaute</strong></span> <span class='ocrx_word' id='word_1_256' title='bbox 1029 3561 1319 3631; x_wconf 88' lang='lat' dir='ltr'><strong>inponant;</strong></span> <span class='ocrx_word' id='word_1_257' title='bbox 1351 3561 1504 3632; x_wconf 86' lang='lat' dir='ltr'><strong>quod</strong></span> <span class='ocrx_word' id='word_1_258' title='bbox 1525 3562 1782 3618; x_wconf 79' lang='lat' dir='ltr'><strong>similiter</strong></span> <span class='ocrx_word' id='word_1_259' title='bbox 1805 3578 1875 3620; x_wconf 89' lang='lat' dir='ltr'><strong>ne</strong></span> <span class='ocrx_word' id='word_1_260' title='bbox 1895 3564 2036 3619; x_wconf 83' lang='lat' dir='ltr'><strong>ulte-</strong></span> 
     </span>
    </p>
   </div>
   <div class='ocr_carea' id='block_1_38' title="bbox 438 3641 1128 3707">
    <p class='ocr_par' dir='ltr' id='par_1_38' title="bbox 438 3641 1128 3707">
     <span class='ocr_line' id='line_1_38' title="bbox 438 3641 1128 3707; baseline 0.003 -4"><span class='ocrx_word' id='word_1_261' title='bbox 438 3651 553 3706; x_wconf 83' lang='lat' dir='ltr'><strong>rius</strong></span> <span class='ocrx_word' id='word_1_262' title='bbox 588 3649 743 3705; x_wconf 77' lang='lat' dir='ltr'><strong>ﬁeret</strong></span> <span class='ocrx_word' id='word_1_263' title='bbox 769 3641 1128 3707; x_wconf 75' lang='lat' dir='ltr'><strong>inhibuimirs.‘</strong></span> 
     </span>
    </p>
   </div>
   <div class='ocr_carea' id='block_1_39' title="bbox 507 3741 2039 3813">
    <p class='ocr_par' dir='ltr' id='par_1_39' title="bbox 507 3741 2039 3813">
     <span class='ocr_line' id='line_1_39' title="bbox 507 3741 2039 3813; baseline 0.005 -19"><span class='ocrx_word' id='word_1_264' title='bbox 507 3741 595 3794; x_wconf 78' lang='grc'><strong>16.</strong></span> <span class='ocrx_word' id='word_1_265' title='bbox 638 3741 1000 3798; x_wconf 80' lang='lat' dir='ltr'><strong>Nlliilominus</strong></span> <span class='ocrx_word' id='word_1_266' title='bbox 1035 3754 1059 3782; x_wconf 74' lang='grc' dir='ltr'><strong>ο</strong></span> <span class='ocrx_word' id='word_1_267' title='bbox 1081 3743 1249 3798; x_wconf 87' lang='lat' dir='ltr'><strong>etiam</strong></span> <span class='ocrx_word' id='word_1_268' title='bbox 1277 3743 1333 3796; x_wconf 91' lang='lat' dir='ltr'><strong>in</strong></span> <span class='ocrx_word' id='word_1_269' title='bbox 1357 3742 1683 3813; x_wconf 87' lang='lat' dir='ltr'><strong>quibusdam</strong></span> <span class='ocrx_word' id='word_1_270' title='bbox 1714 3743 1850 3801; x_wconf 90' lang='lat' dir='ltr'><strong>locis</strong></span> <span class='ocrx_word' id='word_1_271' title='bbox 1880 3745 2039 3802; x_wconf 87' lang='lat' dir='ltr'><strong>ineli-</strong></span> 
     </span>
    </p>
   </div>
   <div class='ocr_carea' id='block_1_40' title="bbox 438 3831 2039 3904">
    <p class='ocr_par' dir='ltr' id='par_1_40' title="bbox 438 3831 2039 3904">
     <span class='ocr_line' id='line_1_40' title="bbox 438 3831 2039 3904; baseline 0.006 -21"><span class='ocrx_word' id='word_1_272' title='bbox 438 3840 553 3884; x_wconf 86' lang='lat' dir='ltr'><strong>ium</strong></span> <span class='ocrx_word' id='word_1_273' title='bbox 587 3831 892 3887; x_wconf 79' lang='lat' dir='ltr'><strong>invenimus</strong></span> <span class='ocrx_word' id='word_1_274' title='bbox 938 3832 1099 3888; x_wconf 81' lang='lat' dir='ltr'><strong>usum</strong></span> <span class='ocrx_word' id='word_1_275' title='bbox 1126 3832 1390 3888; x_wconf 85' lang='lat' dir='ltr'><strong>stultitiae</strong></span> <span class='ocrx_word' id='word_1_276' title='bbox 1427 3834 1648 3904; x_wconf 88' lang='lat' dir='ltr'><strong>plenum</strong></span> <span class='ocrx_word' id='word_1_277' title='bbox 1695 3843 1751 3890; x_wconf 87' lang='lat' dir='ltr'><strong>et</strong></span> <span class='ocrx_word' id='word_1_278' title='bbox 1777 3837 2039 3892; x_wconf 87' lang='lat' dir='ltr'><strong>ecclesia-</strong></span> 
     </span>
    </p>
   </div>
   <div class='ocr_carea' id='block_1_41' title="bbox 436 3925 2038 3995">
    <p class='ocr_par' dir='ltr' id='par_1_41' title="bbox 436 3925 2038 3995">
     <span class='ocr_line' id='line_1_41' title="bbox 436 3925 2038 3995; baseline 0.004 -18"><span class='ocrx_word' id='word_1_279' title='bbox 436 3925 606 3978; x_wconf 84' lang='lat' dir='ltr'><strong>sticae</strong></span> <span class='ocrx_word' id='word_1_280' title='bbox 635 3925 947 3980; x_wconf 88' lang='lat' dir='ltr'><strong>auctoritati</strong></span> <span class='ocrx_word' id='word_1_281' title='bbox 974 3925 1330 3991; x_wconf 88' lang='lat' dir='ltr'><strong>contrarium,</strong></span> <span class='ocrx_word' id='word_1_282' title='bbox 1362 3940 1430 3981; x_wconf 91' lang='lat' dir='ltr'><strong>eo</strong></span> <span class='ocrx_word' id='word_1_283' title='bbox 1449 3925 1594 3995; x_wconf 91' lang='lat' dir='ltr'><strong>quod</strong></span> <span class='ocrx_word' id='word_1_284' title='bbox 1617 3927 1876 3984; x_wconf 89' lang='lat' dir='ltr'><strong>videlicet</strong></span> <span class='ocrx_word' id='word_1_285' title='bbox 1903 3944 2038 3984; x_wconf 91' lang='lat' dir='ltr'><strong>non-</strong></span> 
     </span>
    </p>
   </div>
   <div class='ocr_carea' id='block_1_42' title="bbox 437 4015 2040 4086">
    <p class='ocr_par' dir='ltr' id='par_1_42' title="bbox 437 4015 2040 4086">
     <span class='ocr_line' id='line_1_42' title="bbox 437 4015 2040 4086; baseline 0.004 -19"><span class='ocrx_word' id='word_1_286' title='bbox 437 4015 616 4069; x_wconf 88' lang='lat' dir='ltr'><strong>nullae</strong></span> <span class='ocrx_word' id='word_1_287' title='bbox 641 4016 950 4072; x_wconf 77' lang='lat' dir='ltr'><strong>abbatissae</strong></span> <span class='ocrx_word' id='word_1_288' title='bbox 973 4026 1030 4073; x_wconf 88' lang='lat' dir='ltr'><strong>et</strong></span> <span class='ocrx_word' id='word_1_289' title='bbox 1064 4017 1278 4086; x_wconf 82' lang='lat' dir='ltr'><strong>aliquae</strong></span> <span class='ocrx_word' id='word_1_290' title='bbox 1323 4030 1389 4070; x_wconf 79' lang='lat' dir='ltr'><strong>ex</strong></span> <span class='ocrx_word' id='word_1_291' title='bbox 1421 4018 1932 4075; x_wconf 88' lang='lat' dir='ltr'><strong>sanctimonialibus</strong></span> <span class='ocrx_word' id='word_1_292' title='bbox 1960 4020 2040 4076; x_wconf 83' lang='lat' dir='ltr'><strong>vi-</strong></span> 
     </span>
    </p>
   </div>
   <div class='ocr_carea' id='block_1_43' title="bbox 437 4106 2039 4178">
    <p class='ocr_par' dir='ltr' id='par_1_43' title="bbox 437 4106 2039 4178">
     <span class='ocr_line' id='line_1_43' title="bbox 437 4106 2039 4178; baseline 0.002 -20"><span class='ocrx_word' id='word_1_293' title='bbox 437 4108 562 4160; x_wconf 87' lang='lat' dir='ltr'><strong>duis</strong></span> <span class='ocrx_word' id='word_1_294' title='bbox 578 4116 629 4160; x_wconf 90' lang='lat' dir='ltr'><strong>et</strong></span> <span class='ocrx_word' id='word_1_295' title='bbox 661 4107 858 4177; x_wconf 82' lang='lat' dir='ltr'><strong>puellis</strong></span> <span class='ocrx_word' id='word_1_296' title='bbox 884 4107 1191 4178; x_wconf 76' lang='lat' dir='ltr'><strong>virginibus</strong></span> <span class='ocrx_word' id='word_1_297' title='bbox 1211 4114 1403 4162; x_wconf 90' lang='lat' dir='ltr'><strong>contra</strong></span> <span class='ocrx_word' id='word_1_298' title='bbox 1433 4106 1516 4161; x_wconf 88' lang='lat' dir='ltr'><strong>fas</strong></span> <span class='ocrx_word' id='word_1_299' title='bbox 1539 4107 1716 4162; x_wconf 90' lang='lat' dir='ltr'><strong>velum</strong></span> <span class='ocrx_word' id='word_1_300' title='bbox 1742 4108 2039 4178; x_wconf 80' lang='lat' dir='ltr'><strong>inponere&#39;</strong></span> 
     </span>
    </p>
   </div>
   <div class='ocr_carea' id='block_1_44' title="bbox 438 4189 2037 4268">
    <p class='ocr_par' dir='ltr' id='par_1_44' title="bbox 438 4189 2037 4268">
     <span class='ocr_line' id='line_1_44' title="bbox 438 4189 2037 4268; baseline 0.004 -18"><span class='ocrx_word' id='word_1_301' title='bbox 438 4209 786 4268; x_wconf 85' lang='lat' dir='ltr'><strong>prcsumant;</strong></span> <span class='ocrx_word' id='word_1_302' title='bbox 826 4189 910 4255; x_wconf 5' lang='lat' dir='ltr'><strong>iet</strong></span> <span class='ocrx_word' id='word_1_303' title='bbox 971 4200 1093 4256; x_wconf 92' lang='lat' dir='ltr'><strong>ideo</strong></span> <span class='ocrx_word' id='word_1_304' title='bbox 1138 4199 1431 4255; x_wconf 90' lang='lat' dir='ltr'><strong>nonnullae</strong></span> <span class='ocrx_word' id='word_1_305' title='bbox 1469 4199 1652 4255; x_wconf 90' lang='lat' dir='ltr'><strong>taliter</strong></span> <span class='ocrx_word' id='word_1_306' title='bbox 1707 4200 1728 4232; x_wconf 82' lang='lat'><strong>‘</strong></span> <span class='ocrx_word' id='word_1_307' title='bbox 1780 4200 1991 4257; x_wconf 88' lang='lat' dir='ltr'><strong>velatae</strong></span> <span class='ocrx_word' id='word_1_308' title='bbox 2020 4243 2037 4268; x_wconf 90' lang='lat'><strong>,</strong></span> 
     </span>
    </p>
   </div>
   <div class='ocr_carea' id='block_1_45' title="bbox 439 4291 2039 4363">
    <p class='ocr_par' dir='ltr' id='par_1_45' title="bbox 439 4291 2039 4363">
     <span class='ocr_line' id='line_1_45' title="bbox 439 4291 2039 4363; baseline 0.003 -19"><span class='ocrx_word' id='word_1_309' title='bbox 439 4301 629 4363; x_wconf 79' lang='lat' dir='ltr'><strong>putant</strong></span> <span class='ocrx_word' id='word_1_310' title='bbox 665 4308 724 4348; x_wconf 89' lang='lat' dir='ltr'><strong>se</strong></span> <span class='ocrx_word' id='word_1_311' title='bbox 753 4293 980 4348; x_wconf 83' lang='lat' dir='ltr'><strong>liberius</strong></span> <span class='ocrx_word' id='word_1_312' title='bbox 1027 4292 1143 4348; x_wconf 89' lang='lat' dir='ltr'><strong>suis</strong></span> <span class='ocrx_word' id='word_1_313' title='bbox 1189 4291 1500 4347; x_wconf 88' lang='lat' dir='ltr'><strong>carnalibus</strong></span> <span class='ocrx_word' id='word_1_314' title='bbox 1545 4291 1831 4348; x_wconf 89' lang='lat' dir='ltr'><strong>desideriis</strong></span> <span class='ocrx_word' id='word_1_315' title='bbox 1878 4307 2039 4363; x_wconf 88' lang='lat' dir='ltr'><strong>posse</strong></span> 
     </span>
    </p>
   </div>
   <div class='ocr_carea' id='block_1_46' title="bbox 441 4381 2038 4458">
    <p class='ocr_par' dir='ltr' id='par_1_46' title="bbox 441 4381 2038 4458">
     <span class='ocr_line' id='line_1_46' title="bbox 441 4381 2038 4458; baseline 0.001 -21"><span class='ocrx_word' id='word_1_316' title='bbox 441 4400 652 4450; x_wconf 74' lang='lat' dir='ltr'><strong>vacare,</strong></span> <span class='ocrx_word' id='word_1_317' title='bbox 679 4393 882 4440; x_wconf 87' lang='lat' dir='ltr'><strong>etsuas</strong></span> <span class='ocrx_word' id='word_1_318' title='bbox 908 4384 1217 4440; x_wconf 85' lang='lat' dir='ltr'><strong>voluntates</strong></span> <span class='ocrx_word' id='word_1_319' title='bbox 1254 4383 1494 4458; x_wconf 77' lang='lat' dir='ltr'><strong>explere.</strong></span> <span class='ocrx_word' id='word_1_320' title='bbox 1547 4381 1889 4453; x_wconf 84' lang='lat' dir='ltr'><strong>Quapropter</strong></span> <span class='ocrx_word' id='word_1_321' title='bbox 1925 4392 2038 4439; x_wconf 90' lang='lat' dir='ltr'><strong>sta-</strong></span> 
     </span>
    </p>
   </div>
   <div class='ocr_carea' id='block_1_47' title="bbox 439 4473 2037 4545">
    <p class='ocr_par' dir='ltr' id='par_1_47' title="bbox 439 4473 2037 4545">
     <span class='ocr_line' id='line_1_47' title="bbox 439 4473 2037 4545; baseline 0.001 -16"><span class='ocrx_word' id='word_1_322' title='bbox 439 4477 664 4541; x_wconf 88' lang='lat' dir='ltr'><strong>tuimus,</strong></span> <span class='ocrx_word' id='word_1_323' title='bbox 689 4485 748 4530; x_wconf 92' lang='lat' dir='ltr'><strong>ut</strong></span> <span class='ocrx_word' id='word_1_324' title='bbox 774 4478 818 4530; x_wconf 91' lang='lat' dir='ltr'><strong>si</strong></span> <span class='ocrx_word' id='word_1_325' title='bbox 847 4475 1124 4532; x_wconf 86' lang='lat' dir='ltr'><strong>abbatissa</strong></span> <span class='ocrx_word' id='word_1_326' title='bbox 1157 4482 1252 4530; x_wconf 84' lang='lat' dir='ltr'><strong>aut</strong></span> <span class='ocrx_word' id='word_1_327' title='bbox 1287 4473 1564 4545; x_wconf 87' lang='lat' dir='ltr'><strong>quaelibet</strong></span> <span class='ocrx_word' id='word_1_328' title='bbox 1605 4473 2037 4531; x_wconf 87' lang='lat' dir='ltr'><strong>sanctimonialis</strong></span> 
     </span>
    </p>
   </div>
   <div class='ocr_carea' id='block_1_48' title="bbox 439 4557 2032 4637">
    <p class='ocr_par' dir='ltr' id='par_1_48' title="bbox 439 4557 2032 4637">
     <span class='ocr_line' id='line_1_48' title="bbox 439 4557 2032 4637; baseline 0.002 -18"><span class='ocrx_word' id='word_1_329' title='bbox 439 4578 558 4637; x_wconf 80' lang='lat' dir='ltr'><strong>post</strong></span> <span class='ocrx_word' id='word_1_330' title='bbox 575 4568 712 4622; x_wconf 90' lang='lat' dir='ltr'><strong>hanc</strong></span> <span class='ocrx_word' id='word_1_331' title='bbox 730 4566 1097 4622; x_wconf 80' lang='lat' dir='ltr'><strong>deﬁnitionem</strong></span> <span class='ocrx_word' id='word_1_332' title='bbox 1117 4567 1172 4631; x_wconf 90' lang='lat' dir='ltr'><strong>in</strong></span> <span class='ocrx_word' id='word_1_333' title='bbox 1188 4570 1395 4620; x_wconf 88' lang='lat' dir='ltr'><strong>tantam</strong></span> <span class='ocrx_word' id='word_1_334' title='bbox 1415 4557 1688 4620; x_wconf 85' lang='lat' dir='ltr'><strong>audatiam</strong></span> <span class='ocrx_word' id='word_1_335' title='bbox 1707 4568 2032 4636; x_wconf 90' lang='lat' dir='ltr'><strong>proruperit,</strong></span> 
     </span>
    </p>
   </div>
   <div class='ocr_carea' id='block_1_49' title="bbox 440 4656 2036 4728">
    <p class='ocr_par' dir='ltr' id='par_1_49' title="bbox 440 4656 2036 4728">
     <span class='ocr_line' id='line_1_49' title="bbox 440 4656 2036 4728; baseline 0.001 -16"><span class='ocrx_word' id='word_1_336' title='bbox 440 4670 497 4713; x_wconf 86' lang='lat' dir='ltr'><strong>ut</strong></span> <span class='ocrx_word' id='word_1_337' title='bbox 514 4669 607 4714; x_wconf 89' lang='lat' dir='ltr'><strong>aut</strong></span> <span class='ocrx_word' id='word_1_338' title='bbox 623 4660 836 4714; x_wconf 88' lang='lat' dir='ltr'><strong>viduam</strong></span> <span class='ocrx_word' id='word_1_339' title='bbox 861 4667 955 4714; x_wconf 91' lang='lat' dir='ltr'><strong>aut</strong></span> <span class='ocrx_word' id='word_1_340' title='bbox 968 4659 1202 4728; x_wconf 86' lang='lat' dir='ltr'><strong>puellam</strong></span> <span class='ocrx_word' id='word_1_341' title='bbox 1217 4657 1482 4728; x_wconf 78' lang='lat' dir='ltr'><strong>virginem</strong></span> <span class='ocrx_word' id='word_1_342' title='bbox 1498 4656 1680 4711; x_wconf 88' lang='lat' dir='ltr'><strong>velare</strong></span> <span class='ocrx_word' id='word_1_343' title='bbox 1690 4671 2036 4728; x_wconf 80' lang='lat' dir='ltr'><strong>prosumpse-</strong></span> 
     </span>
    </p>
   </div>
   <div class='ocr_carea' id='block_1_50' title="bbox 441 4748 2033 4821">
    <p class='ocr_par' dir='ltr' id='par_1_50' title="bbox 441 4748 2033 4821">
     <span class='ocr_line' id='line_1_50' title="bbox 441 4748 2033 4821; baseline 0.001 -15"><span class='ocrx_word' id='word_1_344' title='bbox 441 4753 528 4815; x_wconf 83' lang='lat' dir='ltr'><strong>rit,</strong></span> <span class='ocrx_word' id='word_1_345' title='bbox 549 4753 748 4806; x_wconf 85' lang='lat' dir='ltr'><strong>iudicio</strong></span> <span class='ocrx_word' id='word_1_346' title='bbox 767 4753 1028 4808; x_wconf 88' lang='lat' dir='ltr'><strong>canonico</strong></span> <span class='ocrx_word' id='word_1_347' title='bbox 1042 4763 1214 4821; x_wconf 86' lang='lat' dir='ltr'><strong>usque</strong></span> <span class='ocrx_word' id='word_1_348' title='bbox 1227 4751 1294 4805; x_wconf 90' lang='lat' dir='ltr'><strong>ad</strong></span> <span class='ocrx_word' id='word_1_349' title='bbox 1309 4748 1734 4806; x_wconf 84' lang='lat' dir='ltr'><strong>satisfactionem</strong></span> <span class='ocrx_word' id='word_1_350' title='bbox 1751 4750 2033 4807; x_wconf 90' lang='lat' dir='ltr'><strong>subdatur.</strong></span> 
     </span>
    </p>
   </div>
   <div class='ocr_carea' id='block_1_51' title="bbox 514 4841 2036 4912">
    <p class='ocr_par' dir='ltr' id='par_1_51' title="bbox 514 4841 2036 4912">
     <span class='ocr_line' id='line_1_51' title="bbox 514 4841 2036 4912; baseline -0.001 -14"><span class='ocrx_word' id='word_1_351' title='bbox 514 4847 601 4899; x_wconf 82' lang='lat' dir='ltr'><strong>l7.</strong></span> <span class='ocrx_word' id='word_1_352' title='bbox 644 4845 718 4900; x_wconf 87' lang='lat' dir='ltr'><strong>De</strong></span> <span class='ocrx_word' id='word_1_353' title='bbox 751 4845 767 4884; x_wconf 73' lang='grc' dir='ltr'><em>τ</em></span> <span class='ocrx_word' id='word_1_354' title='bbox 807 4845 1078 4901; x_wconf 87' lang='lat' dir='ltr'><strong>nobilibus</strong></span> <span class='ocrx_word' id='word_1_355' title='bbox 1103 4842 1321 4897; x_wconf 83' lang='lat' dir='ltr'><strong>feminis</strong></span> <span class='ocrx_word' id='word_1_356' title='bbox 1354 4855 1493 4912; x_wconf 88' lang='lat' dir='ltr'><strong>quae</strong></span> <span class='ocrx_word' id='word_1_357' title='bbox 1530 4841 1749 4896; x_wconf 87' lang='lat' dir='ltr'><strong>amissis</strong></span> <span class='ocrx_word' id='word_1_358' title='bbox 1792 4841 1924 4897; x_wconf 90' lang='lat' dir='ltr'><strong>viris</strong></span> <span class='ocrx_word' id='word_1_359' title='bbox 1952 4858 2036 4897; x_wconf 80' lang='lat' dir='ltr'><strong>re-</strong></span> 
     </span>
    </p>
   </div>
   <div class='ocr_carea' id='block_1_52' title="bbox 442 4912 2035 5006">
    <p class='ocr_par' dir='ltr' id='par_1_52' title="bbox 442 4912 2035 5006">
     <span class='ocr_line' id='line_1_52' title="bbox 442 4912 2035 5006; baseline 0.001 -18"><span class='ocrx_word' id='word_1_360' title='bbox 442 4945 602 5006; x_wconf 80' lang='lat' dir='ltr'><strong>pente</strong></span> <span class='ocrx_word' id='word_1_361' title='bbox 625 4939 894 5003; x_wconf 82' lang='lat' dir='ltr'><strong>velantur,</strong></span> <span class='ocrx_word' id='word_1_362' title='bbox 924 4912 979 4992; x_wconf 69' lang='lat' dir='ltr'><strong>ei</strong></span> <span class='ocrx_word' id='word_1_363' title='bbox 1027 4937 1081 4991; x_wconf 89' lang='lat' dir='ltr'><strong>in</strong></span> <span class='ocrx_word' id='word_1_364' title='bbox 1117 4933 1350 5006; x_wconf 89' lang='lat' dir='ltr'><strong>propriis</strong></span> <span class='ocrx_word' id='word_1_365' title='bbox 1377 4933 1629 4989; x_wconf 89' lang='lat' dir='ltr'><strong>domibus</strong></span> <span class='ocrx_word' id='word_1_366' title='bbox 1662 4931 1906 4988; x_wconf 83' lang='lat' dir='ltr'><strong>diversas</strong></span> <span class='ocrx_word' id='word_1_367' title='bbox 1941 4949 2035 4991; x_wconf 87' lang='lat' dir='ltr'><strong>ne-</strong></span> 
     </span>
    </p>
   </div>
   <div class='ocr_carea' id='block_1_53' title="bbox 2150 543 3705 610">
    <p class='ocr_par' dir='ltr' id='par_1_53' title="bbox 2150 543 3705 610">
     <span class='ocr_line' id='line_1_53' title="bbox 2150 543 3705 610; baseline 0.008 -12"><span class='ocrx_word' id='word_1_368' title='bbox 2150 544 2203 598; x_wconf 88' lang='lat' dir='ltr'><strong>in</strong></span> <span class='ocrx_word' id='word_1_369' title='bbox 2231 543 2353 598; x_wconf 89' lang='lat' dir='ltr'><strong>aliis</strong></span> <span class='ocrx_word' id='word_1_370' title='bbox 2381 546 2736 601; x_wconf 84' lang='lat' dir='ltr'><strong>conventibus</strong></span> <span class='ocrx_word' id='word_1_371' title='bbox 2757 562 2943 602; x_wconf 86' lang='lat' dir='ltr'><strong>coram</strong></span> <span class='ocrx_word' id='word_1_372' title='bbox 2987 548 3279 603; x_wconf 88' lang='lat' dir='ltr'><strong>serenitate</strong></span> <span class='ocrx_word' id='word_1_373' title='bbox 3304 558 3482 604; x_wconf 77' lang='lat' dir='ltr'><strong>vestra</strong></span> <span class='ocrx_word' id='word_1_374' title='bbox 3509 550 3607 606; x_wconf 88' lang='lat' dir='ltr'><strong>iam</strong></span> <span class='ocrx_word' id='word_1_375' title='bbox 3626 554 3705 610; x_wconf 83' lang='lat' dir='ltr'><strong>du-</strong></span> 
     </span>
    </p>
   </div>
   <div class='ocr_carea' id='block_1_54' title="bbox 2147 637 3705 714">
    <p class='ocr_par' dir='ltr' id='par_1_54' title="bbox 2147 637 3705 714">
     <span class='ocr_line' id='line_1_54' title="bbox 2147 637 3705 714; baseline 0.005 -22"><span class='ocrx_word' id='word_1_376' title='bbox 2147 637 2275 694; x_wconf 87' lang='lat' dir='ltr'><strong>dum</strong></span> <span class='ocrx_word' id='word_1_377' title='bbox 2299 640 2619 694; x_wconf 87' lang='lat' dir='ltr'><strong>ventilatum</strong></span> <span class='ocrx_word' id='word_1_378' title='bbox 2646 648 2701 694; x_wconf 90' lang='lat' dir='ltr'><strong>et</strong></span> <span class='ocrx_word' id='word_1_379' title='bbox 2726 639 3006 696; x_wconf 78' lang='lat' dir='ltr'><strong>deﬁnitum</strong></span> <span class='ocrx_word' id='word_1_380' title='bbox 3030 648 3151 707; x_wconf 89' lang='lat' dir='ltr'><strong>est,</strong></span> <span class='ocrx_word' id='word_1_381' title='bbox 3192 640 3386 696; x_wconf 85' lang='lat' dir='ltr'><strong>maiori</strong></span> <span class='ocrx_word' id='word_1_382' title='bbox 3427 641 3705 714; x_wconf 82' lang='lat' dir='ltr'><strong>sollertiqur.</strong></span> 
     </span>
    </p>
   </div>
   <div class='ocr_carea' id='block_1_55' title="bbox 2147 729 3702 803">
    <p class='ocr_par' dir='ltr' id='par_1_55' title="bbox 2147 729 3702 803">
     <span class='ocr_line' id='line_1_55' title="bbox 2147 729 3702 803; baseline 0.004 -19"><span class='ocrx_word' id='word_1_383' title='bbox 2147 729 2326 785; x_wconf 88' lang='lat' dir='ltr'><strong>studio</strong></span> <span class='ocrx_word' id='word_1_384' title='bbox 2347 732 2709 787; x_wconf 87' lang='lat' dir='ltr'><strong>admonendas</strong></span> <span class='ocrx_word' id='word_1_385' title='bbox 2745 739 2799 785; x_wconf 91' lang='lat' dir='ltr'><strong>ct</strong></span> <span class='ocrx_word' id='word_1_386' title='bbox 2833 731 3173 788; x_wconf 89' lang='lat' dir='ltr'><strong>instrucndas</strong></span> <span class='ocrx_word' id='word_1_387' title='bbox 3218 732 3287 787; x_wconf 88' lang='lat' dir='ltr'><strong>ab</strong></span> <span class='ocrx_word' id='word_1_388' title='bbox 3315 732 3577 803; x_wconf 85' lang='lat' dir='ltr'><strong>episcopis</strong></span> <span class='ocrx_word' id='word_1_389' title='bbox 3610 739 3702 790; x_wconf 84' lang='lat' dir='ltr'><strong>sla-</strong></span> 
     </span>
    </p>
   </div>
   <div class='ocr_carea' id='block_1_56' title="bbox 2148 815 3704 892">
    <p class='ocr_par' dir='ltr' id='par_1_56' title="bbox 2148 815 3704 892">
     <span class='ocr_line' id='line_1_56' title="bbox 2148 815 3704 892; baseline 0.003 -16"><span class='ocrx_word' id='word_1_390' title='bbox 2148 820 2349 876; x_wconf 90' lang='lat' dir='ltr'><strong>tuimus</strong></span> <span class='ocrx_word' id='word_1_391' title='bbox 2374 839 2387 888; x_wconf 91' lang='lat'><strong>;</strong></span> <span class='ocrx_word' id='word_1_392' title='bbox 2417 823 2671 892; x_wconf 90' lang='lat' dir='ltr'><strong>quatinus</strong></span> <span class='ocrx_word' id='word_1_393' title='bbox 2697 837 2827 878; x_wconf 89' lang='lat' dir='ltr'><strong>suae</strong></span> <span class='ocrx_word' id='word_1_394' title='bbox 2852 823 3010 878; x_wconf 88' lang='lat' dir='ltr'><strong>saluti</strong></span> <span class='ocrx_word' id='word_1_395' title='bbox 3035 815 3341 889; x_wconf 84' lang='lat' dir='ltr'><strong>consulant,</strong></span> <span class='ocrx_word' id='word_1_396' title='bbox 3363 839 3463 879; x_wconf 87' lang='lat' dir='ltr'><strong>nec</strong></span> <span class='ocrx_word' id='word_1_397' title='bbox 3489 825 3565 881; x_wconf 89' lang='lat' dir='ltr'><strong>sic</strong></span> <span class='ocrx_word' id='word_1_398' title='bbox 3590 827 3704 881; x_wconf 69' lang='lat' dir='ltr'><strong>indi.</strong></span> 
     </span>
    </p>
   </div>
   <div class='ocr_carea' id='block_1_57' title="bbox 2145 913 3704 986">
    <p class='ocr_par' dir='ltr' id='par_1_57' title="bbox 2145 913 3704 986">
     <span class='ocr_line' id='line_1_57' title="bbox 2145 913 3704 986; baseline 0.003 -17"><span class='ocrx_word' id='word_1_399' title='bbox 2145 923 2322 969; x_wconf 88' lang='lat' dir='ltr'><strong>screte</strong></span> <span class='ocrx_word' id='word_1_400' title='bbox 2347 913 2576 969; x_wconf 83' lang='lat' dir='ltr'><strong>vivendo</strong></span> <span class='ocrx_word' id='word_1_401' title='bbox 2619 925 2675 971; x_wconf 90' lang='lat' dir='ltr'><strong>et</strong></span> <span class='ocrx_word' id='word_1_402' title='bbox 2700 915 2914 986; x_wconf 87' lang='lat' dir='ltr'><strong>propria</strong></span> <span class='ocrx_word' id='word_1_403' title='bbox 2943 916 3212 986; x_wconf 83' lang='lat' dir='ltr'><strong>noxiaqne</strong></span> <span class='ocrx_word' id='word_1_404' title='bbox 3245 915 3495 971; x_wconf 88' lang='lat' dir='ltr'><strong>libertate</strong></span> <span class='ocrx_word' id='word_1_405' title='bbox 3533 918 3704 973; x_wconf 87' lang='lat' dir='ltr'><strong>utendo</strong></span> 
     </span>
    </p>
   </div>
   <div class='ocr_carea' id='block_1_58' title="bbox 2145 993 3700 1080">
    <p class='ocr_par' dir='ltr' id='par_1_58' title="bbox 2145 993 3700 1080">
     <span class='ocr_line' id='line_1_58' title="bbox 2145 993 3700 1080; baseline 0.001 -17"><span class='ocrx_word' id='word_1_406' title='bbox 2145 1016 2200 1063; x_wconf 86' lang='lat' dir='ltr'><strong>et</strong></span> <span class='ocrx_word' id='word_1_407' title='bbox 2226 1022 2324 1079; x_wconf 88' lang='lat' dir='ltr'><strong>per</strong></span> <span class='ocrx_word' id='word_1_408' title='bbox 2349 1008 2559 1064; x_wconf 87' lang='lat' dir='ltr'><strong>diversa</strong></span> <span class='ocrx_word' id='word_1_409' title='bbox 2587 1009 2830 1080; x_wconf 81' lang='lat' dir='ltr'><strong>vagando</strong></span> <span class='ocrx_word' id='word_1_410' title='bbox 2850 1007 3149 1079; x_wconf 91' lang='lat' dir='ltr'><strong>periculum</strong></span> <span class='ocrx_word' id='word_1_411' title='bbox 3175 993 3480 1071; x_wconf 71' lang='lat' dir='ltr'><strong>animarum</strong></span> <span class='ocrx_word' id='word_1_412' title='bbox 3509 1023 3700 1065; x_wconf 89' lang='lat' dir='ltr'><strong>suarum</strong></span> 
     </span>
    </p>
   </div>
   <div class='ocr_carea' id='block_1_59' title="bbox 2145 1097 3704 1170">
    <p class='ocr_par' dir='ltr' id='par_1_59' title="bbox 2145 1097 3704 1170">
     <span class='ocr_line' id='line_1_59' title="bbox 2145 1097 3704 1170; baseline 0.002 -18"><span class='ocrx_word' id='word_1_413' title='bbox 2145 1098 2456 1164; x_wconf 87' lang='lat' dir='ltr'><strong>incurrant;</strong></span> <span class='ocrx_word' id='word_1_414' title='bbox 2490 1113 2703 1170; x_wconf 74' lang='lat' dir='ltr'><strong>semper</strong></span> <span class='ocrx_word' id='word_1_415' title='bbox 2728 1099 2860 1154; x_wconf 92' lang='lat' dir='ltr'><strong>illud</strong></span> <span class='ocrx_word' id='word_1_416' title='bbox 2883 1097 3238 1170; x_wconf 82' lang='lat' dir='ltr'><strong>apostolicum</strong></span> <span class='ocrx_word' id='word_1_417' title='bbox 3277 1107 3404 1152; x_wconf 89' lang='lat' dir='ltr'><strong>ante</strong></span> <span class='ocrx_word' id='word_1_418' title='bbox 3428 1099 3606 1154; x_wconf 91' lang='lat' dir='ltr'><strong>oculos</strong></span> <span class='ocrx_word' id='word_1_419' title='bbox 3624 1098 3704 1154; x_wconf 87' lang='lat' dir='ltr'><strong>ha-</strong></span> 
     </span>
    </p>
   </div>
   <div class='ocr_carea' id='block_1_60' title="bbox 2144 1188 3700 1261">
    <p class='ocr_par' dir='ltr' id='par_1_60' title="bbox 2144 1188 3700 1261">
     <span class='ocr_line' id='line_1_60' title="bbox 2144 1188 3700 1261; baseline 0 -16"><span class='ocrx_word' id='word_1_420' title='bbox 2144 1189 2334 1245; x_wconf 85' lang='lat' dir='ltr'><strong>bentes</strong></span> <span class='ocrx_word' id='word_1_421' title='bbox 2370 1189 2517 1260; x_wconf 88' lang='lat' dir='ltr'><strong>quod</strong></span> <span class='ocrx_word' id='word_1_422' title='bbox 2565 1191 2800 1247; x_wconf 88' lang='lat' dir='ltr'><strong>dicitur:</strong></span> <span class='ocrx_word' id='word_1_423' title='bbox 2855 1189 3027 1246; x_wconf 83' lang='lat' dir='ltr'><strong>Vidua</strong></span> <span class='ocrx_word' id='word_1_424' title='bbox 3063 1207 3198 1261; x_wconf 82' lang='lat' dir='ltr'><strong>quae</strong></span> <span class='ocrx_word' id='word_1_425' title='bbox 3242 1191 3302 1245; x_wconf 85' lang='lat' dir='ltr'><strong>in</strong></span> <span class='ocrx_word' id='word_1_426' title='bbox 3328 1188 3531 1245; x_wconf 74' lang='lat' dir='ltr'><strong>deliciis”</strong></span> <span class='ocrx_word' id='word_1_427' title='bbox 3564 1191 3583 1222; x_wconf 92' lang='lat'><strong><em>&quot;</em></strong></span> <span class='ocrx_word' id='word_1_428' title='bbox 3620 1202 3700 1256; x_wconf 73' lang='lat' dir='ltr'><strong>est,</strong></span> 
     </span>
    </p>
   </div>
   <div class='ocr_carea' id='block_1_61' title="bbox 2144 1277 2667 1356">
    <p class='ocr_par' dir='ltr' id='par_1_61' title="bbox 2144 1277 2667 1356">
     <span class='ocr_line' id='line_1_61' title="bbox 2144 1277 2667 1356; baseline 0.002 -22"><span class='ocrx_word' id='word_1_429' title='bbox 2144 1277 2312 1336; x_wconf 73' lang='lat' dir='ltr'><strong>vivens</strong></span> <span class='ocrx_word' id='word_1_430' title='bbox 2333 1291 2542 1356; x_wconf 81' lang='lat' dir='ltr'><strong>mortua</strong></span> <span class='ocrx_word' id='word_1_431' title='bbox 2571 1291 2667 1336; x_wconf 82' lang='lat' dir='ltr'><strong>est.</strong></span> 
     </span>
    </p>
   </div>
   <div class='ocr_carea' id='block_1_62' title="bbox 2217 1371 3704 1448">
    <p class='ocr_par' dir='ltr' id='par_1_62' title="bbox 2217 1371 3704 1448">
     <span class='ocr_line' id='line_1_62' title="bbox 2217 1371 3704 1448; baseline 0.002 -22"><span class='ocrx_word' id='word_1_432' title='bbox 2217 1372 2304 1448; x_wconf 77' lang='grc'><strong>18.</strong></span> <span class='ocrx_word' id='word_1_433' title='bbox 2349 1371 2423 1428; x_wconf 84' lang='lat' dir='ltr'><strong>Ut</strong></span> <span class='ocrx_word' id='word_1_434' title='bbox 2455 1373 2741 1429; x_wconf 63' lang='lat' dir='ltr'><strong>Ilinlicitus</strong></span> <span class='ocrx_word' id='word_1_435' title='bbox 2783 1386 3036 1428; x_wconf 88' lang='lat' dir='ltr'><strong>accessus</strong></span> <span class='ocrx_word' id='word_1_436' title='bbox 3080 1371 3405 1428; x_wconf 90' lang='lat' dir='ltr'><strong>feminarum</strong></span> <span class='ocrx_word' id='word_1_437' title='bbox 3453 1372 3519 1426; x_wconf 91' lang='lat' dir='ltr'><strong>ad</strong></span> <span class='ocrx_word' id='word_1_438' title='bbox 3557 1373 3704 1429; x_wconf 85' lang='lat' dir='ltr'><strong>altare</strong></span> 
     </span>
    </p>
   </div>
   <div class='ocr_carea' id='block_1_63' title="bbox 2145 1463 3702 1534">
    <p class='ocr_par' dir='ltr' id='par_1_63' title="bbox 2145 1463 3702 1534">
     <span class='ocr_line' id='line_1_63' title="bbox 2145 1463 3702 1534; baseline 0.001 -17"><span class='ocrx_word' id='word_1_439' title='bbox 2145 1478 2252 1518; x_wconf 88' lang='lat' dir='ltr'><strong>non</strong></span> <span class='ocrx_word' id='word_1_440' title='bbox 2281 1463 2395 1529; x_wconf 81' lang='lat' dir='ltr'><strong>ﬁat,</strong></span> <span class='ocrx_word' id='word_1_441' title='bbox 2434 1463 2610 1519; x_wconf 89' lang='lat' dir='ltr'><strong>modis</strong></span> <span class='ocrx_word' id='word_1_442' title='bbox 2647 1464 2899 1519; x_wconf 90' lang='lat' dir='ltr'><strong>omnibus</strong></span> <span class='ocrx_word' id='word_1_443' title='bbox 2935 1463 3287 1531; x_wconf 88' lang='lat' dir='ltr'><strong>inhibuimus,</strong></span> <span class='ocrx_word' id='word_1_444' title='bbox 3330 1464 3456 1534; x_wconf 88' lang='lat' dir='ltr'><strong>quia</strong></span> <span class='ocrx_word' id='word_1_445' title='bbox 3491 1480 3702 1534; x_wconf 84' lang='lat' dir='ltr'><strong>quorun-</strong></span> 
     </span>
    </p>
   </div>
   <div class='ocr_carea' id='block_1_64' title="bbox 2144 1555 3701 1625">
    <p class='ocr_par' dir='ltr' id='par_1_64' title="bbox 2144 1555 3701 1625">
     <span class='ocr_line' id='line_1_64' title="bbox 2144 1555 3701 1625; baseline 0.001 -14"><span class='ocrx_word' id='word_1_446' title='bbox 2144 1555 2268 1612; x_wconf 90' lang='lat' dir='ltr'><strong>dam</strong></span> <span class='ocrx_word' id='word_1_447' title='bbox 2297 1555 2469 1611; x_wconf 87' lang='lat' dir='ltr'><strong>relatu</strong></span> <span class='ocrx_word' id='word_1_448' title='bbox 2499 1556 2812 1621; x_wconf 89' lang='lat' dir='ltr'><strong>didicimus,</strong></span> <span class='ocrx_word' id='word_1_449' title='bbox 2837 1556 2891 1610; x_wconf 91' lang='lat' dir='ltr'><strong>in</strong></span> <span class='ocrx_word' id='word_1_450' title='bbox 2923 1555 3244 1625; x_wconf 87' lang='lat' dir='ltr'><strong>quibusdam</strong></span> <span class='ocrx_word' id='word_1_451' title='bbox 3275 1556 3566 1625; x_wconf 89' lang='lat' dir='ltr'><strong>provinciis</strong></span> <span class='ocrx_word' id='word_1_452' title='bbox 3586 1573 3701 1612; x_wconf 83' lang='lat' dir='ltr'><strong>con-</strong></span> 
     </span>
    </p>
   </div>
   <div class='ocr_carea' id='block_1_65' title="bbox 2143 1646 3702 1718">
    <p class='ocr_par' dir='ltr' id='par_1_65' title="bbox 2143 1646 3702 1718">
     <span class='ocr_line' id='line_1_65' title="bbox 2143 1646 3702 1718; baseline 0.003 -17"><span class='ocrx_word' id='word_1_453' title='bbox 2143 1654 2227 1701; x_wconf 89' lang='lat' dir='ltr'><strong>tra</strong></span> <span class='ocrx_word' id='word_1_454' title='bbox 2250 1647 2425 1718; x_wconf 88' lang='lat' dir='ltr'><strong>legem</strong></span> <span class='ocrx_word' id='word_1_455' title='bbox 2451 1648 2687 1702; x_wconf 82' lang='lat' dir='ltr'><strong>divinam</strong></span> <span class='ocrx_word' id='word_1_456' title='bbox 2710 1647 3134 1716; x_wconf 89' lang='lat' dir='ltr'><strong>canonicamque</strong></span> <span class='ocrx_word' id='word_1_457' title='bbox 3157 1646 3545 1702; x_wconf 81' lang='lat' dir='ltr'><strong>institutionem</strong></span> <span class='ocrx_word' id='word_1_458' title='bbox 3571 1647 3702 1705; x_wconf 86' lang='lat' dir='ltr'><strong>femi-</strong></span> 
     </span>
    </p>
   </div>
   <div class='ocr_carea' id='block_1_66' title="bbox 2143 1737 3703 1810">
    <p class='ocr_par' dir='ltr' id='par_1_66' title="bbox 2143 1737 3703 1810">
     <span class='ocr_line' id='line_1_66' title="bbox 2143 1737 3703 1810; baseline 0.001 -18"><span class='ocrx_word' id='word_1_459' title='bbox 2143 1752 2244 1793; x_wconf 89' lang='lat' dir='ltr'><strong>nas</strong></span> <span class='ocrx_word' id='word_1_460' title='bbox 2273 1738 2478 1793; x_wconf 90' lang='lat' dir='ltr'><strong>sanctis</strong></span> <span class='ocrx_word' id='word_1_461' title='bbox 2502 1737 2766 1793; x_wconf 86' lang='lat' dir='ltr'><strong>altaribus</strong></span> <span class='ocrx_word' id='word_1_462' title='bbox 2808 1750 2868 1792; x_wconf 88' lang='lat' dir='ltr'><strong>se</strong></span> <span class='ocrx_word' id='word_1_463' title='bbox 2907 1737 3052 1792; x_wconf 90' lang='lat' dir='ltr'><strong>ultro</strong></span> <span class='ocrx_word' id='word_1_464' title='bbox 3098 1737 3366 1808; x_wconf 74' lang='lat' dir='ltr'><strong>ingerere,</strong></span> <span class='ocrx_word' id='word_1_465' title='bbox 3414 1747 3703 1810; x_wconf 87' lang='lat' dir='ltr'><strong>sacrataque</strong></span> 
     </span>
    </p>
   </div>
   <div class='ocr_carea' id='block_1_67' title="bbox 2145 1829 3706 1901">
    <p class='ocr_par' dir='ltr' id='par_1_67' title="bbox 2145 1829 3706 1901">
     <span class='ocr_line' id='line_1_67' title="bbox 2145 1829 3706 1901; baseline 0.004 -18"><span class='ocrx_word' id='word_1_466' title='bbox 2145 1844 2273 1884; x_wconf 85' lang='lat' dir='ltr'><strong>vasa</strong></span> <span class='ocrx_word' id='word_1_467' title='bbox 2300 1829 2630 1900; x_wconf 79' lang='lat' dir='ltr'><strong>inpudenter</strong></span> <span class='ocrx_word' id='word_1_468' title='bbox 2665 1831 3002 1901; x_wconf 86' lang='lat' dir='ltr'><strong>contingere,</strong></span> <span class='ocrx_word' id='word_1_469' title='bbox 3047 1837 3103 1886; x_wconf 89' lang='lat' dir='ltr'><strong>et</strong></span> <span class='ocrx_word' id='word_1_470' title='bbox 3142 1831 3455 1886; x_wconf 89' lang='lat' dir='ltr'><strong>indumenta</strong></span> <span class='ocrx_word' id='word_1_471' title='bbox 3479 1833 3706 1890; x_wconf 82' lang='lat' dir='ltr'><strong>sacerdo-</strong></span> 
     </span>
    </p>
   </div>
   <div class='ocr_carea' id='block_1_68' title="bbox 2145 1919 3700 1993">
    <p class='ocr_par' dir='ltr' id='par_1_68' title="bbox 2145 1919 3700 1993">
     <span class='ocr_line' id='line_1_68' title="bbox 2145 1919 3700 1993; baseline 0.003 -19"><span class='ocrx_word' id='word_1_472' title='bbox 2145 1919 2271 1974; x_wconf 88' lang='lat' dir='ltr'><strong>talia</strong></span> <span class='ocrx_word' id='word_1_473' title='bbox 2298 1920 2618 1988; x_wconf 88' lang='lat' dir='ltr'><strong>presbitcris</strong></span> <span class='ocrx_word' id='word_1_474' title='bbox 2639 1920 3040 1988; x_wconf 77' lang='lat' dir='ltr'><strong>administrare,</strong></span> <span class='ocrx_word' id='word_1_475' title='bbox 3077 1922 3297 1991; x_wconf 90' lang='lat' dir='ltr'><strong>etquod</strong></span> <span class='ocrx_word' id='word_1_476' title='bbox 3335 1921 3426 1977; x_wconf 89' lang='lat' dir='ltr'><strong>bis</strong></span> <span class='ocrx_word' id='word_1_477' title='bbox 3444 1923 3605 1993; x_wconf 88' lang='lat' dir='ltr'><strong>magis</strong></span> <span class='ocrx_word' id='word_1_478' title='bbox 3631 1924 3700 1978; x_wconf 83' lang='lat' dir='ltr'><strong>in-</strong></span> 
     </span>
    </p>
   </div>
   <div class='ocr_carea' id='block_1_69' title="bbox 2146 2009 3701 2094">
    <p class='ocr_par' dir='ltr' id='par_1_69' title="bbox 2146 2009 3701 2094">
     <span class='ocr_line' id='line_1_69' title="bbox 2146 2009 3701 2094; baseline 0.001 -30"><span class='ocrx_word' id='word_1_479' title='bbox 2146 2009 2426 2065; x_wconf 87' lang='lat' dir='ltr'><strong>decentius</strong></span> <span class='ocrx_word' id='word_1_480' title='bbox 2465 2010 2808 2080; x_wconf 90' lang='lat' dir='ltr'><strong>ineptiusque</strong></span> <span class='ocrx_word' id='word_1_481' title='bbox 2836 2018 2920 2065; x_wconf 91' lang='lat' dir='ltr'><strong>est</strong></span> <span class='ocrx_word' id='word_1_482' title='bbox 2960 2019 3016 2064; x_wconf 92' lang='lat' dir='ltr'><strong>et</strong></span> <span class='ocrx_word' id='word_1_483' title='bbox 3063 2024 3261 2082; x_wconf 91' lang='lat' dir='ltr'><strong>corpus</strong></span> <span class='ocrx_word' id='word_1_484' title='bbox 3310 2018 3375 2094; x_wconf 65' lang='lat' dir='ltr'><strong>et</strong></span> <span class='ocrx_word' id='word_1_485' title='bbox 3413 2011 3701 2082; x_wconf 81' lang='lat' dir='ltr'><strong>sanguinein</strong></span> 
     </span>
    </p>
   </div>
   <div class='ocr_carea' id='block_1_70' title="bbox 2141 2099 3702 2174">
    <p class='ocr_par' dir='ltr' id='par_1_70' title="bbox 2141 2099 3702 2174">
     <span class='ocr_line' id='line_1_70' title="bbox 2141 2099 3702 2174; baseline 0.002 -19"><span class='ocrx_word' id='word_1_486' title='bbox 2141 2099 2354 2156; x_wconf 88' lang='lat' dir='ltr'><strong>Domini</strong></span> <span class='ocrx_word' id='word_1_487' title='bbox 2379 2100 2401 2132; x_wconf 82' lang='grc'><strong>⁸</strong></span> <span class='ocrx_word' id='word_1_488' title='bbox 2439 2101 2654 2170; x_wconf 87' lang='lat' dir='ltr'><strong>populis</strong></span> <span class='ocrx_word' id='word_1_489' title='bbox 2693 2101 2988 2172; x_wconf 75' lang='lat' dir='ltr'><strong>porrigere,</strong></span> <span class='ocrx_word' id='word_1_490' title='bbox 3026 2108 3082 2156; x_wconf 88' lang='lat' dir='ltr'><strong>et</strong></span> <span class='ocrx_word' id='word_1_491' title='bbox 3113 2102 3218 2157; x_wconf 90' lang='lat' dir='ltr'><strong>alia</strong></span> <span class='ocrx_word' id='word_1_492' title='bbox 3252 2116 3392 2173; x_wconf 91' lang='lat' dir='ltr'><strong>quae</strong></span> <span class='ocrx_word' id='word_1_493' title='bbox 3429 2103 3542 2174; x_wconf 89' lang='lat' dir='ltr'><strong>ipso</strong></span> <span class='ocrx_word' id='word_1_494' title='bbox 3576 2103 3702 2158; x_wconf 88' lang='lat' dir='ltr'><strong>dicto</strong></span> 
     </span>
    </p>
   </div>
   <div class='ocr_carea' id='block_1_71' title="bbox 2141 2174 3700 2260">
    <p class='ocr_par' dir='ltr' id='par_1_71' title="bbox 2141 2174 3700 2260">
     <span class='ocr_line' id='line_1_71' title="bbox 2141 2174 3700 2260; baseline 0.003 -15"><span class='ocrx_word' id='word_1_495' title='bbox 2141 2191 2319 2260; x_wconf 89' lang='lat' dir='ltr'><strong>turpia</strong></span> <span class='ocrx_word' id='word_1_496' title='bbox 2362 2198 2489 2246; x_wconf 90' lang='lat' dir='ltr'><strong>sunt</strong></span> <span class='ocrx_word' id='word_1_497' title='bbox 2524 2203 2808 2258; x_wconf 83' lang='lat' dir='ltr'><strong>exercere;</strong></span> <span class='ocrx_word' id='word_1_498' title='bbox 2862 2191 3192 2248; x_wconf 89' lang='lat' dir='ltr'><strong>inbibuimus</strong></span> <span class='ocrx_word' id='word_1_499' title='bbox 3235 2207 3304 2247; x_wconf 91' lang='lat' dir='ltr'><strong>ne</strong></span> <span class='ocrx_word' id='word_1_500' title='bbox 3340 2195 3562 2248; x_wconf 88' lang='lat' dir='ltr'><strong>ulterius</strong></span> <span class='ocrx_word' id='word_1_501' title='bbox 3588 2174 3700 2249; x_wconf 51' lang='lat' dir='ltr'><strong>&#39;iieri</strong></span> 
     </span>
    </p>
   </div>
   <div class='ocr_carea' id='block_1_72' title="bbox 2139 2282 3703 2357">
    <p class='ocr_par' dir='ltr' id='par_1_72' title="bbox 2139 2282 3703 2357">
     <span class='ocr_line' id='line_1_72' title="bbox 2139 2282 3703 2357; baseline 0.001 -20"><span class='ocrx_word' id='word_1_502' title='bbox 2139 2292 2503 2354; x_wconf 90' lang='lat' dir='ltr'><strong>presumatur.</strong></span> <span class='ocrx_word' id='word_1_503' title='bbox 2531 2282 2684 2351; x_wconf 83' lang='lat' dir='ltr'><strong>Quod</strong></span> <span class='ocrx_word' id='word_1_504' title='bbox 2717 2292 2896 2340; x_wconf 89' lang='lat' dir='ltr'><strong>autem</strong></span> <span class='ocrx_word' id='word_1_505' title='bbox 2940 2284 3197 2340; x_wconf 88' lang='lat' dir='ltr'><strong>mulieres</strong></span> <span class='ocrx_word' id='word_1_506' title='bbox 3229 2285 3437 2357; x_wconf 89' lang='lat' dir='ltr'><strong>ingredi</strong></span> <span class='ocrx_word' id='word_1_507' title='bbox 3470 2284 3534 2338; x_wconf 88' lang='lat' dir='ltr'><strong>ad</strong></span> <span class='ocrx_word' id='word_1_508' title='bbox 3556 2285 3703 2339; x_wconf 84' lang='lat' dir='ltr'><strong>altare</strong></span> 
     </span>
    </p>
   </div>
   <div class='ocr_carea' id='block_1_73' title="bbox 2139 2372 3702 2440">
    <p class='ocr_par' dir='ltr' id='par_1_73' title="bbox 2139 2372 3702 2440">
     <span class='ocr_line' id='line_1_73' title="bbox 2139 2372 3702 2440; baseline 0.004 -15"><span class='ocrx_word' id='word_1_509' title='bbox 2139 2387 2248 2428; x_wconf 90' lang='lat' dir='ltr'><strong>non</strong></span> <span class='ocrx_word' id='word_1_510' title='bbox 2270 2372 2532 2440; x_wconf 86' lang='lat' dir='ltr'><strong>debeant,</strong></span> <span class='ocrx_word' id='word_1_511' title='bbox 2562 2373 2618 2428; x_wconf 90' lang='lat' dir='ltr'><strong>in</strong></span> <span class='ocrx_word' id='word_1_512' title='bbox 2643 2374 2874 2430; x_wconf 90' lang='lat' dir='ltr'><strong>concilio</strong></span> <span class='ocrx_word' id='word_1_513' title='bbox 2915 2373 3318 2431; x_wconf 87' lang='lat' dir='ltr'><strong>Calcidonensi&#39;</strong></span> <span class='ocrx_word' id='word_1_514' title='bbox 3339 2375 3472 2431; x_wconf 80' lang='lat' dir='ltr'><strong>etin</strong></span> <span class='ocrx_word' id='word_1_515' title='bbox 3499 2375 3702 2432; x_wconf 72' lang='lat' dir='ltr'><strong>decretis</strong></span> 
     </span>
    </p>
   </div>
   <div class='ocr_carea' id='block_1_74' title="bbox 2139 2458 2858 2532">
    <p class='ocr_par' dir='ltr' id='par_1_74' title="bbox 2139 2458 2858 2532">
     <span class='ocr_line' id='line_1_74' title="bbox 2139 2458 2858 2532; baseline 0 -16"><span class='ocrx_word' id='word_1_516' title='bbox 2139 2458 2340 2516; x_wconf 83' lang='lat' dir='ltr'><strong>Gclasii</strong></span> <span class='ocrx_word' id='word_1_517' title='bbox 2365 2477 2537 2532; x_wconf 90' lang='lat' dir='ltr'><strong>papae</strong></span> <span class='ocrx_word' id='word_1_518' title='bbox 2565 2462 2858 2517; x_wconf 90' lang='lat' dir='ltr'><strong>invenitur.</strong></span> 
     </span>
    </p>
   </div>
   <div class='ocr_carea' id='block_1_75' title="bbox 2161 2549 3701 2623">
    <p class='ocr_par' dir='ltr' id='par_1_75' title="bbox 2161 2549 3701 2623">
     <span class='ocr_line' id='line_1_75' title="bbox 2161 2549 3701 2623; baseline 0.003 -19"><span class='ocrx_word' id='word_1_519' title='bbox 2161 2569 2194 2596; x_wconf 74' lang='grc' dir='ltr'><strong>ο-</strong></span> <span class='ocrx_word' id='word_1_520' title='bbox 2212 2550 2300 2605; x_wconf 83' lang='grc'><strong>19.</strong></span> <span class='ocrx_word' id='word_1_521' title='bbox 2341 2549 2479 2617; x_wconf 88' lang='lat' dir='ltr'><strong>Quia</strong></span> <span class='ocrx_word' id='word_1_522' title='bbox 2504 2551 2530 2590; x_wconf 69' lang='grc' dir='ltr'><strong>ιι</strong></span> <span class='ocrx_word' id='word_1_523' title='bbox 2558 2551 2721 2609; x_wconf 89' lang='lat' dir='ltr'><strong>etiam</strong></span> <span class='ocrx_word' id='word_1_524' title='bbox 2748 2551 3128 2621; x_wconf 89' lang='lat' dir='ltr'><strong>comperimus,</strong></span> <span class='ocrx_word' id='word_1_525' title='bbox 3155 2551 3416 2623; x_wconf 89' lang='lat' dir='ltr'><strong>quosdam</strong></span> <span class='ocrx_word' id='word_1_526' title='bbox 3440 2553 3701 2609; x_wconf 85' lang='lat' dir='ltr'><strong>canonicos</strong></span> 
     </span>
    </p>
   </div>
   <div class='ocr_carea' id='block_1_76' title="bbox 2137 2641 3705 2715">
    <p class='ocr_par' dir='ltr' id='par_1_76' title="bbox 2137 2641 3705 2715">
     <span class='ocr_line' id='line_1_76' title="bbox 2137 2641 3705 2715; baseline 0.003 -21"><span class='ocrx_word' id='word_1_527' title='bbox 2137 2647 2194 2694; x_wconf 81' lang='lat' dir='ltr'><strong>et</strong></span> <span class='ocrx_word' id='word_1_528' title='bbox 2218 2641 2514 2696; x_wconf 87' lang='lat' dir='ltr'><strong>monachos</strong></span> <span class='ocrx_word' id='word_1_529' title='bbox 2552 2641 2855 2711; x_wconf 86' lang='lat' dir='ltr'><strong>postposito</strong></span> <span class='ocrx_word' id='word_1_530' title='bbox 2895 2642 3177 2713; x_wconf 85' lang='lat' dir='ltr'><strong>religionis</strong></span> <span class='ocrx_word' id='word_1_531' title='bbox 3210 2657 3342 2698; x_wconf 88' lang='lat' dir='ltr'><strong>suae</strong></span> <span class='ocrx_word' id='word_1_532' title='bbox 3374 2642 3574 2715; x_wconf 88' lang='lat' dir='ltr'><strong>pudore</strong></span> <span class='ocrx_word' id='word_1_533' title='bbox 3605 2659 3705 2698; x_wconf 89' lang='lat' dir='ltr'><strong>mo-</strong></span> 
     </span>
    </p>
   </div>
   <div class='ocr_carea' id='block_1_77' title="bbox 2138 2731 3704 2804">
    <p class='ocr_par' dir='ltr' id='par_1_77' title="bbox 2138 2731 3704 2804">
     <span class='ocr_line' id='line_1_77' title="bbox 2138 2731 3704 2804; baseline 0.003 -18"><span class='ocrx_word' id='word_1_534' title='bbox 2138 2733 2376 2788; x_wconf 87' lang='lat' dir='ltr'><strong>nasteria</strong></span> <span class='ocrx_word' id='word_1_535' title='bbox 2414 2732 2436 2764; x_wconf 82' lang='grc'><strong>⁹</strong></span> <span class='ocrx_word' id='word_1_536' title='bbox 2472 2731 2965 2790; x_wconf 87' lang='lat' dir='ltr'><strong>sanctimonialium</strong></span> <span class='ocrx_word' id='word_1_537' title='bbox 3005 2744 3116 2789; x_wconf 90' lang='lat' dir='ltr'><strong>tam</strong></span> <span class='ocrx_word' id='word_1_538' title='bbox 3148 2735 3536 2796; x_wconf 81' lang='lat' dir='ltr'><strong>monachamm</strong></span> <span class='ocrx_word' id='word_1_539' title='bbox 3563 2747 3704 2804; x_wconf 84' lang='lat' dir='ltr'><strong>quam</strong></span> 
     </span>
    </p>
   </div>
   <div class='ocr_carea' id='block_1_78' title="bbox 2137 2825 3703 2897">
    <p class='ocr_par' dir='ltr' id='par_1_78' title="bbox 2137 2825 3703 2897">
     <span class='ocr_line' id='line_1_78' title="bbox 2137 2825 3703 2897; baseline 0.001 -16"><span class='ocrx_word' id='word_1_540' title='bbox 2137 2825 2522 2881; x_wconf 87' lang='lat' dir='ltr'><strong>canonicarum</strong></span> <span class='ocrx_word' id='word_1_541' title='bbox 2551 2825 2592 2856; x_wconf 81' lang='lat'>“</span> <span class='ocrx_word' id='word_1_542' title='bbox 2620 2825 2926 2882; x_wconf 83' lang='lat' dir='ltr'><strong>inconsulto</strong></span> <span class='ocrx_word' id='word_1_543' title='bbox 2966 2827 3220 2897; x_wconf 87' lang='lat' dir='ltr'><strong>episcopo</strong></span> <span class='ocrx_word' id='word_1_544' title='bbox 3265 2842 3366 2884; x_wconf 88' lang='lat' dir='ltr'><strong>suo</strong></span> <span class='ocrx_word' id='word_1_545' title='bbox 3391 2826 3703 2897; x_wconf 84' lang='lat' dir='ltr'><strong>impudenter</strong></span> 
     </span>
    </p>
   </div>
   <div class='ocr_carea' id='block_1_79' title="bbox 2137 2917 3704 2988">
    <p class='ocr_par' dir='ltr' id='par_1_79' title="bbox 2137 2917 3704 2988">
     <span class='ocr_line' id='line_1_79' title="bbox 2137 2917 3704 2988; baseline 0.002 -15"><span class='ocrx_word' id='word_1_546' title='bbox 2137 2925 2301 2988; x_wconf 89' lang='lat' dir='ltr'><strong>atque</strong></span> <span class='ocrx_word' id='word_1_547' title='bbox 2337 2918 2712 2973; x_wconf 70' lang='lat' dir='ltr'><strong>inreverentur</strong></span> <span class='ocrx_word' id='word_1_548' title='bbox 2737 2917 2919 2983; x_wconf 90' lang='lat' dir='ltr'><strong>adire,</strong></span> <span class='ocrx_word' id='word_1_549' title='bbox 2956 2919 3050 2988; x_wconf 84' lang='lat' dir='ltr'><strong>qui</strong></span> <span class='ocrx_word' id='word_1_550' title='bbox 3094 2920 3391 2975; x_wconf 86' lang='lat' dir='ltr'><strong>obtendere</strong></span> <span class='ocrx_word' id='word_1_551' title='bbox 3428 2919 3614 2985; x_wconf 85' lang='lat' dir='ltr'><strong>solent,</strong></span> <span class='ocrx_word' id='word_1_552' title='bbox 3655 2935 3704 2976; x_wconf 87' lang='lat' dir='ltr'><strong>se</strong></span> 
     </span>
    </p>
   </div>
   <div class='ocr_carea' id='block_1_80' title="bbox 2136 3010 3702 3084">
    <p class='ocr_par' dir='ltr' id='par_1_80' title="bbox 2136 3010 3702 3084">
     <span class='ocr_line' id='line_1_80' title="bbox 2136 3010 3702 3084; baseline 0.001 -20"><span class='ocrx_word' id='word_1_553' title='bbox 2136 3025 2246 3066; x_wconf 88' lang='lat' dir='ltr'><strong>non</strong></span> <span class='ocrx_word' id='word_1_554' title='bbox 2279 3011 2351 3066; x_wconf 93' lang='lat' dir='ltr'><strong>ob</strong></span> <span class='ocrx_word' id='word_1_555' title='bbox 2375 3010 2522 3066; x_wconf 90' lang='lat' dir='ltr'><strong>aliud</strong></span> <span class='ocrx_word' id='word_1_556' title='bbox 2565 3010 2695 3066; x_wconf 90' lang='lat' dir='ltr'><strong>illuc</strong></span> <span class='ocrx_word' id='word_1_557' title='bbox 2729 3010 3020 3078; x_wconf 87' lang='lat' dir='ltr'><strong>accedere,</strong></span> <span class='ocrx_word' id='word_1_558' title='bbox 3055 3011 3167 3067; x_wconf 88' lang='lat' dir='ltr'><strong>nisi</strong></span> <span class='ocrx_word' id='word_1_559' title='bbox 3188 3019 3280 3067; x_wconf 89' lang='lat' dir='ltr'><strong>aut</strong></span> <span class='ocrx_word' id='word_1_560' title='bbox 3310 3012 3702 3084; x_wconf 75' lang='lat' dir='ltr'><strong>propinquitatis</strong></span> 
     </span>
    </p>
   </div>
   <div class='ocr_carea' id='block_1_81' title="bbox 2139 3099 3704 3180">
    <p class='ocr_par' dir='ltr' id='par_1_81' title="bbox 2139 3099 3704 3180">
     <span class='ocr_line' id='line_1_81' title="bbox 2139 3099 3704 3180; baseline 0.004 -26"><span class='ocrx_word' id='word_1_561' title='bbox 2139 3108 2233 3154; x_wconf 90' lang='lat' dir='ltr'><strong>aut</strong></span> <span class='ocrx_word' id='word_1_562' title='bbox 2262 3099 2757 3180; x_wconf 81' lang='lat' dir='ltr'><strong>lamiliaritatisaut</strong></span> <span class='ocrx_word' id='word_1_563' title='bbox 2789 3108 2938 3158; x_wconf 88' lang='lat' dir='ltr'><strong>certe</strong></span> <span class='ocrx_word' id='word_1_564' title='bbox 2956 3101 3143 3158; x_wconf 90' lang='lat' dir='ltr'><strong>nescio</strong></span> <span class='ocrx_word' id='word_1_565' title='bbox 3163 3102 3318 3158; x_wconf 85' lang='lat' dir='ltr'><strong>cuius</strong></span> <span class='ocrx_word' id='word_1_566' title='bbox 3341 3103 3704 3160; x_wconf 86' lang='lat' dir='ltr'><strong>conlocutionis</strong></span> 
     </span>
    </p>
   </div>
   <div class='ocr_carea' id='block_1_82' title="bbox 2139 3189 3704 3264">
    <p class='ocr_par' dir='ltr' id='par_1_82' title="bbox 2139 3189 3704 3264">
     <span class='ocr_line' id='line_1_82' title="bbox 2139 3189 3704 3264; baseline 0.004 -19"><span class='ocrx_word' id='word_1_567' title='bbox 2139 3192 2343 3263; x_wconf 85' lang='lat' dir='ltr'><strong>gratia;</strong></span> <span class='ocrx_word' id='word_1_568' title='bbox 2381 3192 2528 3262; x_wconf 91' lang='lat' dir='ltr'><strong>quod</strong></span> <span class='ocrx_word' id='word_1_569' title='bbox 2550 3189 2767 3247; x_wconf 88' lang='lat' dir='ltr'><strong>factum</strong></span> <span class='ocrx_word' id='word_1_570' title='bbox 2783 3193 2918 3264; x_wconf 89' lang='lat' dir='ltr'><strong>quia</strong></span> <span class='ocrx_word' id='word_1_571' title='bbox 2936 3206 3038 3249; x_wconf 90' lang='lat' dir='ltr'><strong>nec</strong></span> <span class='ocrx_word' id='word_1_572' title='bbox 3059 3193 3321 3250; x_wconf 87' lang='lat' dir='ltr'><strong>canonico</strong></span> <span class='ocrx_word' id='word_1_573' title='bbox 3346 3209 3448 3251; x_wconf 91' lang='lat' dir='ltr'><strong>nec</strong></span> <span class='ocrx_word' id='word_1_574' title='bbox 3475 3195 3514 3227; x_wconf 79' lang='lat'>“</span> <span class='ocrx_word' id='word_1_575' title='bbox 3541 3209 3704 3251; x_wconf 83' lang='lat' dir='ltr'><strong>mona-</strong></span> 
     </span>
    </p>
   </div>
   <div class='ocr_carea' id='block_1_83' title="bbox 2139 3281 3704 3357">
    <p class='ocr_par' dir='ltr' id='par_1_83' title="bbox 2139 3281 3704 3357">
     <span class='ocr_line' id='line_1_83' title="bbox 2139 3281 3704 3357; baseline 0.002 -17"><span class='ocrx_word' id='word_1_576' title='bbox 2139 3284 2277 3341; x_wconf 86' lang='lat' dir='ltr'><strong>stico</strong></span> <span class='ocrx_word' id='word_1_577' title='bbox 2305 3285 2555 3356; x_wconf 87' lang='lat' dir='ltr'><strong>congruit</strong></span> <span class='ocrx_word' id='word_1_578' title='bbox 2573 3286 2876 3355; x_wconf 80' lang='lat' dir='ltr'><strong>proposito,</strong></span> <span class='ocrx_word' id='word_1_579' title='bbox 2919 3281 3146 3357; x_wconf 83' lang='lat' dir='ltr'><strong>prorsus</strong></span> <span class='ocrx_word' id='word_1_580' title='bbox 3186 3286 3577 3355; x_wconf 81' lang='lat' dir='ltr'><strong>interdicimus,</strong></span> <span class='ocrx_word' id='word_1_581' title='bbox 3618 3287 3704 3344; x_wconf 87' lang='lat' dir='ltr'><strong>nisi</strong></span> 
     </span>
    </p>
   </div>
   <div class='ocr_carea' id='block_1_84' title="bbox 2137 3376 3704 3446">
    <p class='ocr_par' dir='ltr' id='par_1_84' title="bbox 2137 3376 3704 3446">
     <span class='ocr_line' id='line_1_84' title="bbox 2137 3376 3704 3446; baseline 0.001 -14"><span class='ocrx_word' id='word_1_582' title='bbox 2137 3377 2278 3434; x_wconf 89' lang='lat' dir='ltr'><strong>forte</strong></span> <span class='ocrx_word' id='word_1_583' title='bbox 2301 3391 2466 3432; x_wconf 90' lang='lat' dir='ltr'><strong>causa</strong></span> <span class='ocrx_word' id='word_1_584' title='bbox 2490 3376 2876 3446; x_wconf 85' lang='lat' dir='ltr'><strong>predicationis</strong></span> <span class='ocrx_word' id='word_1_585' title='bbox 2904 3386 2998 3433; x_wconf 87' lang='lat' dir='ltr'><strong>aut</strong></span> <span class='ocrx_word' id='word_1_586' title='bbox 3017 3385 3166 3433; x_wconf 91' lang='lat' dir='ltr'><strong>certe</strong></span> <span class='ocrx_word' id='word_1_587' title='bbox 3193 3377 3521 3434; x_wconf 84' lang='lat' dir='ltr'><strong>inevitabilis</strong></span> <span class='ocrx_word' id='word_1_588' title='bbox 3544 3392 3704 3434; x_wconf 57' lang='lat' dir='ltr'><strong>neces.</strong></span> 
     </span>
    </p>
   </div>
   <div class='ocr_carea' id='block_1_85' title="bbox 2138 3467 3704 3539">
    <p class='ocr_par' dir='ltr' id='par_1_85' title="bbox 2138 3467 3704 3539">
     <span class='ocr_line' id='line_1_85' title="bbox 2138 3467 3704 3539; baseline 0 -14"><span class='ocrx_word' id='word_1_589' title='bbox 2138 3470 2276 3525; x_wconf 89' lang='lat' dir='ltr'><strong>sitas</strong></span> <span class='ocrx_word' id='word_1_590' title='bbox 2301 3469 2356 3523; x_wconf 92' lang='lat' dir='ltr'><strong>id</strong></span> <span class='ocrx_word' id='word_1_591' title='bbox 2381 3467 2561 3524; x_wconf 89' lang='lat' dir='ltr'><strong>facere</strong></span> <span class='ocrx_word' id='word_1_592' title='bbox 2586 3469 2802 3539; x_wconf 88' lang='lat' dir='ltr'><strong>coegit;</strong></span> <span class='ocrx_word' id='word_1_593' title='bbox 2842 3476 2900 3524; x_wconf 90' lang='lat' dir='ltr'><strong>et</strong></span> <span class='ocrx_word' id='word_1_594' title='bbox 2934 3469 3040 3525; x_wconf 91' lang='lat' dir='ltr'><strong>boe</strong></span> <span class='ocrx_word' id='word_1_595' title='bbox 3082 3468 3391 3525; x_wconf 85' lang='lat' dir='ltr'><strong>nullatenus</strong></span> <span class='ocrx_word' id='word_1_596' title='bbox 3423 3469 3540 3525; x_wconf 90' lang='lat' dir='ltr'><strong>sine</strong></span> <span class='ocrx_word' id='word_1_597' title='bbox 3564 3469 3704 3525; x_wconf 84' lang='lat' dir='ltr'><strong>licen-</strong></span> 
     </span>
    </p>
   </div>
   <div class='ocr_carea' id='block_1_86' title="bbox 2139 3558 3702 3632">
    <p class='ocr_par' dir='ltr' id='par_1_86' title="bbox 2139 3558 3702 3632">
     <span class='ocr_line' id='line_1_86' title="bbox 2139 3558 3702 3632; baseline -0.002 -16"><span class='ocrx_word' id='word_1_598' title='bbox 2139 3563 2215 3618; x_wconf 90' lang='lat' dir='ltr'><strong>tia</strong></span> <span class='ocrx_word' id='word_1_599' title='bbox 2242 3560 2480 3632; x_wconf 88' lang='lat' dir='ltr'><strong>episcopi</strong></span> <span class='ocrx_word' id='word_1_600' title='bbox 2505 3599 2522 3626; x_wconf 91' lang='lat'><strong>,</strong></span> <span class='ocrx_word' id='word_1_601' title='bbox 2557 3566 2652 3614; x_wconf 91' lang='lat' dir='ltr'><strong>aut</strong></span> <span class='ocrx_word' id='word_1_602' title='bbox 2679 3559 2826 3616; x_wconf 89' lang='lat' dir='ltr'><strong>illius</strong></span> <span class='ocrx_word' id='word_1_603' title='bbox 2854 3560 2948 3630; x_wconf 81' lang='lat' dir='ltr'><strong>qui</strong></span> <span class='ocrx_word' id='word_1_604' title='bbox 2975 3559 3095 3615; x_wconf 89' lang='lat' dir='ltr'><strong>vice</strong></span> <span class='ocrx_word' id='word_1_605' title='bbox 3119 3558 3266 3616; x_wconf 91' lang='lat' dir='ltr'><strong>illius</strong></span> <span class='ocrx_word' id='word_1_606' title='bbox 3313 3558 3573 3630; x_wconf 81' lang='lat' dir='ltr'><strong>iungitur,</strong></span> <span class='ocrx_word' id='word_1_607' title='bbox 3604 3558 3702 3614; x_wconf 81' lang='lat' dir='ltr'><strong>ﬁeri</strong></span> 
     </span>
    </p>
   </div>
   <div class='ocr_carea' id='block_1_87' title="bbox 2137 3649 3702 3726">
    <p class='ocr_par' dir='ltr' id='par_1_87' title="bbox 2137 3649 3702 3726">
     <span class='ocr_line' id='line_1_87' title="bbox 2137 3649 3702 3726; baseline -0.003 -17"><span class='ocrx_word' id='word_1_608' title='bbox 2137 3659 2536 3726; x_wconf 87' lang='lat' dir='ltr'><strong>praesumatur.</strong></span> <span class='ocrx_word' id='word_1_609' title='bbox 2555 3650 2709 3719; x_wconf 89' lang='lat' dir='ltr'><strong>Quod</strong></span> <span class='ocrx_word' id='word_1_610' title='bbox 2728 3651 2774 3707; x_wconf 89' lang='lat' dir='ltr'><strong>si</strong></span> <span class='ocrx_word' id='word_1_611' title='bbox 2789 3665 2969 3707; x_wconf 89' lang='lat' dir='ltr'><strong>sermo</strong></span> <span class='ocrx_word' id='word_1_612' title='bbox 2983 3649 3374 3722; x_wconf 86' lang='lat' dir='ltr'><strong>predicationis</strong></span> <span class='ocrx_word' id='word_1_613' title='bbox 3387 3649 3650 3707; x_wconf 84' lang='lat' dir='ltr'><strong>faciendus</strong></span> <span class='ocrx_word' id='word_1_614' title='bbox 3668 3651 3702 3680; x_wconf 85' lang='lat'>&quot;</span> 
     </span>
    </p>
   </div>
   <div class='ocr_carea' id='block_1_88' title="bbox 2138 3744 3702 3818">
    <p class='ocr_par' dir='ltr' id='par_1_88' title="bbox 2138 3744 3702 3818">
     <span class='ocr_line' id='line_1_88' title="bbox 2138 3744 3702 3818; baseline -0.005 -15"><span class='ocrx_word' id='word_1_615' title='bbox 2138 3755 2244 3815; x_wconf 87' lang='lat' dir='ltr'><strong>est,</strong></span> <span class='ocrx_word' id='word_1_616' title='bbox 2291 3755 2348 3801; x_wconf 89' lang='lat' dir='ltr'><strong>et</strong></span> <span class='ocrx_word' id='word_1_617' title='bbox 2391 3747 2496 3803; x_wconf 86' lang='lat' dir='ltr'><strong>hoc</strong></span> <span class='ocrx_word' id='word_1_618' title='bbox 2541 3761 2781 3818; x_wconf 84' lang='lat' dir='ltr'><strong>congruo</strong></span> <span class='ocrx_word' id='word_1_619' title='bbox 2827 3746 2882 3800; x_wconf 91' lang='lat' dir='ltr'><strong>in</strong></span> <span class='ocrx_word' id='word_1_620' title='bbox 2924 3746 3044 3801; x_wconf 92' lang='lat' dir='ltr'><strong>loco</strong></span> <span class='ocrx_word' id='word_1_621' title='bbox 3081 3760 3265 3801; x_wconf 90' lang='lat' dir='ltr'><strong>coram</strong></span> <span class='ocrx_word' id='word_1_622' title='bbox 3305 3745 3558 3800; x_wconf 88' lang='lat' dir='ltr'><strong>omnibus</strong></span> <span class='ocrx_word' id='word_1_623' title='bbox 3606 3744 3702 3799; x_wconf 72' lang='lat' dir='ltr'><strong>ﬁat.</strong></span> 
     </span>
    </p>
   </div>
   <div class='ocr_carea' id='block_1_89' title="bbox 2141 3834 3703 3907">
    <p class='ocr_par' dir='ltr' id='par_1_89' title="bbox 2141 3834 3703 3907">
     <span class='ocr_line' id='line_1_89' title="bbox 2141 3834 3703 3907; baseline -0.003 -14"><span class='ocrx_word' id='word_1_624' title='bbox 2141 3839 2200 3894; x_wconf 87' lang='lat' dir='ltr'><strong>Si</strong></span> <span class='ocrx_word' id='word_1_625' title='bbox 2228 3853 2357 3893; x_wconf 90' lang='lat' dir='ltr'><strong>vero</strong></span> <span class='ocrx_word' id='word_1_626' title='bbox 2383 3837 2816 3907; x_wconf 81' lang='lat' dir='ltr'><strong>conloquendum</strong></span> <span class='ocrx_word' id='word_1_627' title='bbox 2856 3851 2978 3892; x_wconf 91' lang='lat' dir='ltr'><strong>cum</strong></span> <span class='ocrx_word' id='word_1_628' title='bbox 3010 3837 3190 3906; x_wconf 88' lang='lat' dir='ltr'><strong>aliqua</strong></span> <span class='ocrx_word' id='word_1_629' title='bbox 3237 3834 3703 3892; x_wconf 77' lang='lat' dir='ltr'><strong>sanctimonialium</strong></span> 
     </span>
    </p>
   </div>
   <div class='ocr_carea' id='block_1_90' title="bbox 2141 3925 3703 3998">
    <p class='ocr_par' dir='ltr' id='par_1_90' title="bbox 2141 3925 3703 3998">
     <span class='ocr_line' id='line_1_90' title="bbox 2141 3925 3703 3998; baseline -0.005 -13"><span class='ocrx_word' id='word_1_630' title='bbox 2141 3930 2284 3985; x_wconf 85' lang='lat' dir='ltr'><strong>ratio</strong></span> <span class='ocrx_word' id='word_1_631' title='bbox 2309 3928 2639 3998; x_wconf 78' lang='lat' dir='ltr'><strong>expostulat,</strong></span> <span class='ocrx_word' id='word_1_632' title='bbox 2665 3927 2720 3982; x_wconf 90' lang='lat' dir='ltr'><strong>id</strong></span> <span class='ocrx_word' id='word_1_633' title='bbox 2743 3943 2851 3982; x_wconf 88' lang='lat' dir='ltr'><strong>non</strong></span> <span class='ocrx_word' id='word_1_634' title='bbox 2873 3926 3039 3981; x_wconf 89' lang='lat' dir='ltr'><strong>aliubi</strong></span> <span class='ocrx_word' id='word_1_635' title='bbox 3065 3926 3169 3982; x_wconf 91' lang='lat' dir='ltr'><strong>nisi</strong></span> <span class='ocrx_word' id='word_1_636' title='bbox 3196 3925 3499 3980; x_wconf 84' lang='lat' dir='ltr'><strong>constituto</strong></span> <span class='ocrx_word' id='word_1_637' title='bbox 3527 3925 3570 3956; x_wconf 86' lang='grc'><strong>¹³</strong></span> <span class='ocrx_word' id='word_1_638' title='bbox 3585 3925 3703 3986; x_wconf 74' lang='lat' dir='ltr'><strong>low,</strong></span> 
     </span>
    </p>
   </div>
   <div class='ocr_carea' id='block_1_91' title="bbox 2141 4014 3711 4084">
    <p class='ocr_par' dir='ltr' id='par_1_91' title="bbox 2141 4014 3711 4084">
     <span class='ocr_line' id='line_1_91' title="bbox 2141 4014 3711 4084; baseline -0.006 -8"><span class='ocrx_word' id='word_1_639' title='bbox 2141 4021 2196 4076; x_wconf 91' lang='lat' dir='ltr'><strong>id</strong></span> <span class='ocrx_word' id='word_1_640' title='bbox 2219 4029 2304 4076; x_wconf 89' lang='lat' dir='ltr'><strong>est</strong></span> <span class='ocrx_word' id='word_1_641' title='bbox 2345 4021 2399 4075; x_wconf 93' lang='lat' dir='ltr'><strong>in</strong></span> <span class='ocrx_word' id='word_1_642' title='bbox 2427 4018 2717 4083; x_wconf 88' lang='lat' dir='ltr'><strong>auditorio,</strong></span> <span class='ocrx_word' id='word_1_643' title='bbox 2748 4018 2849 4072; x_wconf 92' lang='lat' dir='ltr'><strong>sub</strong></span> <span class='ocrx_word' id='word_1_644' title='bbox 2876 4017 3184 4073; x_wconf 90' lang='lat' dir='ltr'><strong>testimonio</strong></span> <span class='ocrx_word' id='word_1_645' title='bbox 3232 4016 3477 4070; x_wconf 87' lang='lat' dir='ltr'><strong>virorum</strong></span> <span class='ocrx_word' id='word_1_646' title='bbox 3516 4014 3711 4084; x_wconf 86' lang='lat' dir='ltr'><strong>religio-</strong></span> 
     </span>
    </p>
   </div>
   <div class='ocr_carea' id='block_1_92' title="bbox 2141 4104 3705 4174">
    <p class='ocr_par' dir='ltr' id='par_1_92' title="bbox 2141 4104 3705 4174">
     <span class='ocr_line' id='line_1_92' title="bbox 2141 4104 3705 4174; baseline -0.009 -4"><span class='ocrx_word' id='word_1_647' title='bbox 2141 4128 2324 4170; x_wconf 87' lang='lat' dir='ltr'><strong>sorum</strong></span> <span class='ocrx_word' id='word_1_648' title='bbox 2351 4120 2407 4168; x_wconf 92' lang='lat' dir='ltr'><strong>et</strong></span> <span class='ocrx_word' id='word_1_649' title='bbox 2435 4110 2760 4167; x_wconf 84' lang='lat' dir='ltr'><strong>feminarum</strong></span> <span class='ocrx_word' id='word_1_650' title='bbox 2784 4108 2901 4162; x_wconf 83' lang='lat' dir='ltr'><strong>ﬂat.</strong></span> <span class='ocrx_word' id='word_1_651' title='bbox 2947 4106 3188 4174; x_wconf 85' lang='lat' dir='ltr'><strong>Quando</strong></span> <span class='ocrx_word' id='word_1_652' title='bbox 3207 4121 3339 4162; x_wconf 90' lang='lat' dir='ltr'><strong>vero</strong></span> <span class='ocrx_word' id='word_1_653' title='bbox 3373 4121 3405 4160; x_wconf 92' lang='lat' dir='ltr'><strong>a</strong></span> <span class='ocrx_word' id='word_1_654' title='bbox 3437 4104 3705 4161; x_wconf 85' lang='lat' dir='ltr'><strong>sacerdoti-</strong></span> 
     </span>
    </p>
   </div>
   <div class='ocr_carea' id='block_1_93' title="bbox 2140 4196 3705 4271">
    <p class='ocr_par' dir='ltr' id='par_1_93' title="bbox 2140 4196 3705 4271">
     <span class='ocr_line' id='line_1_93' title="bbox 2140 4196 3705 4271; baseline -0.008 -9"><span class='ocrx_word' id='word_1_655' title='bbox 2140 4207 2243 4262; x_wconf 89' lang='lat' dir='ltr'><strong>bus</strong></span> <span class='ocrx_word' id='word_1_656' title='bbox 2267 4206 2322 4260; x_wconf 91' lang='lat' dir='ltr'><strong>in</strong></span> <span class='ocrx_word' id='word_1_657' title='bbox 2351 4202 2697 4260; x_wconf 90' lang='lat' dir='ltr'><strong>monasteriis</strong></span> <span class='ocrx_word' id='word_1_658' title='bbox 2720 4201 3052 4271; x_wconf 86' lang='lat' dir='ltr'><strong>puellaribus</strong></span> <span class='ocrx_word' id='word_1_659' title='bbox 3089 4199 3378 4254; x_wconf 87' lang='lat' dir='ltr'><strong>missarum</strong></span> <span class='ocrx_word' id='word_1_660' title='bbox 3407 4196 3705 4253; x_wconf 82' lang='lat' dir='ltr'><strong>celebratio—</strong></span> 
     </span>
    </p>
   </div>
   <div class='ocr_carea' id='block_1_94' title="bbox 2142 4288 3706 4361">
    <p class='ocr_par' dir='ltr' id='par_1_94' title="bbox 2142 4288 3706 4361">
     <span class='ocr_line' id='line_1_94' title="bbox 2142 4288 3706 4361; baseline -0.008 -8"><span class='ocrx_word' id='word_1_661' title='bbox 2142 4311 2240 4353; x_wconf 89' lang='lat' dir='ltr'><strong>nes</strong></span> <span class='ocrx_word' id='word_1_662' title='bbox 2267 4296 2547 4352; x_wconf 88' lang='lat' dir='ltr'><strong>faciendae</strong></span> <span class='ocrx_word' id='word_1_663' title='bbox 2572 4301 2715 4358; x_wconf 89' lang='lat' dir='ltr'><strong>sunt,</strong></span> <span class='ocrx_word' id='word_1_664' title='bbox 2754 4308 2876 4349; x_wconf 91' lang='lat' dir='ltr'><strong>cum</strong></span> <span class='ocrx_word' id='word_1_665' title='bbox 2897 4292 3162 4348; x_wconf 90' lang='lat' dir='ltr'><strong>ministris</strong></span> <span class='ocrx_word' id='word_1_666' title='bbox 3183 4291 3284 4347; x_wconf 90' lang='lat' dir='ltr'><strong>sibi</strong></span> <span class='ocrx_word' id='word_1_667' title='bbox 3311 4289 3581 4361; x_wconf 85' lang='lat' dir='ltr'><strong>deputatis</strong></span> <span class='ocrx_word' id='word_1_668' title='bbox 3600 4288 3706 4343; x_wconf 90' lang='lat' dir='ltr'><strong>illuc</strong></span> 
     </span>
    </p>
   </div>
   <div class='ocr_carea' id='block_1_95' title="bbox 2141 4380 3706 4459">
    <p class='ocr_par' dir='ltr' id='par_1_95' title="bbox 2141 4380 3706 4459">
     <span class='ocr_line' id='line_1_95' title="bbox 2141 4380 3706 4459; baseline -0.008 -17"><span class='ocrx_word' id='word_1_669' title='bbox 2141 4387 2544 4459; x_wconf 82' lang='lat' dir='ltr'><strong>ingrediantur;</strong></span> <span class='ocrx_word' id='word_1_670' title='bbox 2570 4385 2771 4456; x_wconf 88' lang='lat' dir='ltr'><strong>quibus</strong></span> <span class='ocrx_word' id='word_1_671' title='bbox 2811 4384 2915 4438; x_wconf 92' lang='lat' dir='ltr'><strong>rite</strong></span> <span class='ocrx_word' id='word_1_672' title='bbox 2947 4383 3219 4452; x_wconf 78' lang='lat' dir='ltr'><strong>peractis,</strong></span> <span class='ocrx_word' id='word_1_673' title='bbox 3260 4380 3468 4438; x_wconf 76' lang='lat' dir='ltr'><strong>non&#39;ad</strong></span> <span class='ocrx_word' id='word_1_674' title='bbox 3497 4387 3706 4436; x_wconf 84' lang='lat' dir='ltr'><strong>secretas</strong></span> 
     </span>
    </p>
   </div>
   <div class='ocr_carea' id='block_1_96' title="bbox 2142 4471 3706 4535">
    <p class='ocr_par' dir='ltr' id='par_1_96' title="bbox 2142 4471 3706 4535">
     <span class='ocr_line' id='line_1_96' title="bbox 2142 4471 3706 4535; baseline -0.009 0"><span class='ocrx_word' id='word_1_675' title='bbox 2142 4477 2549 4535; x_wconf 77' lang='lat' dir='ltr'><strong>conlocationes</strong></span> <span class='ocrx_word' id='word_1_676' title='bbox 2588 4474 3079 4532; x_wconf 85' lang='lat' dir='ltr'><strong>sanctimonialium</strong></span> <span class='ocrx_word' id='word_1_677' title='bbox 3118 4488 3177 4528; x_wconf 90' lang='lat' dir='ltr'><strong>se</strong></span> <span class='ocrx_word' id='word_1_678' title='bbox 3219 4473 3332 4528; x_wconf 91' lang='lat' dir='ltr'><strong>ullo</strong></span> <span class='ocrx_word' id='word_1_679' title='bbox 3363 4473 3526 4529; x_wconf 90' lang='lat' dir='ltr'><strong>modo</strong></span> <span class='ocrx_word' id='word_1_680' title='bbox 3553 4471 3706 4526; x_wconf 84' lang='lat' dir='ltr'><strong>diver-</strong></span> 
     </span>
    </p>
   </div>
   <div class='ocr_carea' id='block_1_97' title="bbox 2145 4561 3707 4636">
    <p class='ocr_par' dir='ltr' id='par_1_97' title="bbox 2145 4561 3707 4636">
     <span class='ocr_line' id='line_1_97' title="bbox 2145 4561 3707 4636; baseline -0.006 -11"><span class='ocrx_word' id='word_1_681' title='bbox 2145 4579 2282 4636; x_wconf 88' lang='lat' dir='ltr'><strong>tant,</strong></span> <span class='ocrx_word' id='word_1_682' title='bbox 2311 4568 2404 4624; x_wconf 87' lang='lat' dir='ltr'><strong>sed</strong></span> <span class='ocrx_word' id='word_1_683' title='bbox 2428 4583 2552 4623; x_wconf 91' lang='lat' dir='ltr'><strong>cum</strong></span> <span class='ocrx_word' id='word_1_684' title='bbox 2575 4565 2845 4622; x_wconf 89' lang='lat' dir='ltr'><strong>ministris</strong></span> <span class='ocrx_word' id='word_1_685' title='bbox 2866 4567 2980 4621; x_wconf 86' lang='lat' dir='ltr'><strong>suis</strong></span> <span class='ocrx_word' id='word_1_686' title='bbox 3007 4566 3151 4620; x_wconf 85' lang='lat' dir='ltr'><strong>illico</strong></span> <span class='ocrx_word' id='word_1_687' title='bbox 3169 4566 3535 4636; x_wconf 87' lang='lat' dir='ltr'><strong>egrediantur.</strong></span> <span class='ocrx_word' id='word_1_688' title='bbox 3561 4561 3707 4617; x_wconf 88' lang='lat' dir='ltr'><strong>Porro</strong></span> 
     </span>
    </p>
   </div>
   <div class='ocr_carea' id='block_1_98' title="bbox 2145 4650 3706 4724">
    <p class='ocr_par' dir='ltr' id='par_1_98' title="bbox 2145 4650 3706 4724">
     <span class='ocr_line' id='line_1_98' title="bbox 2145 4650 3706 4724; baseline -0.008 -7"><span class='ocrx_word' id='word_1_689' title='bbox 2145 4662 2192 4718; x_wconf 90' lang='lat' dir='ltr'><strong>si</strong></span> <span class='ocrx_word' id='word_1_690' title='bbox 2221 4659 2594 4716; x_wconf 84' lang='lat' dir='ltr'><strong>sacerdotibus</strong></span> <span class='ocrx_word' id='word_1_691' title='bbox 2615 4654 3054 4711; x_wconf 88' lang='lat' dir='ltr'><strong>sanctimoniales</strong></span> <span class='ocrx_word' id='word_1_692' title='bbox 3085 4663 3306 4724; x_wconf 89' lang='lat' dir='ltr'><strong>peccata</strong></span> <span class='ocrx_word' id='word_1_693' title='bbox 3346 4669 3446 4709; x_wconf 88' lang='lat' dir='ltr'><strong>sua</strong></span> <span class='ocrx_word' id='word_1_694' title='bbox 3488 4650 3706 4709; x_wconf 81' lang='lat' dir='ltr'><strong>conﬁteri</strong></span> 
     </span>
    </p>
   </div>
   <div class='ocr_carea' id='block_1_99' title="bbox 2143 4741 3707 4816">
    <p class='ocr_par' dir='ltr' id='par_1_99' title="bbox 2143 4741 3707 4816">
     <span class='ocr_line' id='line_1_99' title="bbox 2143 4741 3707 4816; baseline -0.009 -9"><span class='ocrx_word' id='word_1_695' title='bbox 2143 4751 2436 4816; x_wconf 84' lang='lat' dir='ltr'><strong>voluerint,</strong></span> <span class='ocrx_word' id='word_1_696' title='bbox 2467 4749 2520 4804; x_wconf 92' lang='lat' dir='ltr'><strong>id</strong></span> <span class='ocrx_word' id='word_1_697' title='bbox 2544 4763 2649 4803; x_wconf 92' lang='lat' dir='ltr'><strong>non</strong></span> <span class='ocrx_word' id='word_1_698' title='bbox 2679 4747 2782 4802; x_wconf 89' lang='lat' dir='ltr'><strong>nisi</strong></span> <span class='ocrx_word' id='word_1_699' title='bbox 2826 4747 2880 4801; x_wconf 91' lang='lat' dir='ltr'><strong>in</strong></span> <span class='ocrx_word' id='word_1_700' title='bbox 2919 4745 3180 4800; x_wconf 86' lang='lat' dir='ltr'><strong>accelesia</strong></span> <span class='ocrx_word' id='word_1_701' title='bbox 3221 4760 3404 4800; x_wconf 88' lang='lat' dir='ltr'><strong>coram</strong></span> <span class='ocrx_word' id='word_1_702' title='bbox 3442 4753 3623 4800; x_wconf 90' lang='lat' dir='ltr'><strong>sancto</strong></span> <span class='ocrx_word' id='word_1_703' title='bbox 3641 4741 3707 4794; x_wconf 85' lang='lat' dir='ltr'><strong>al-</strong></span> 
     </span>
    </p>
   </div>
   <div class='ocr_carea' id='block_1_100' title="bbox 2146 4835 3708 4909">
    <p class='ocr_par' dir='ltr' id='par_1_100' title="bbox 2146 4835 3708 4909">
     <span class='ocr_line' id='line_1_100' title="bbox 2146 4835 3708 4909; baseline -0.008 -9"><span class='ocrx_word' id='word_1_704' title='bbox 2146 4844 2272 4908; x_wconf 88' lang='lat' dir='ltr'><strong>tari,</strong></span> <span class='ocrx_word' id='word_1_705' title='bbox 2297 4843 2635 4898; x_wconf 87' lang='lat' dir='ltr'><strong>adstantibus</strong></span> <span class='ocrx_word' id='word_1_706' title='bbox 2657 4840 2800 4895; x_wconf 81' lang='lat' dir='ltr'><strong>haud</strong></span> <span class='ocrx_word' id='word_1_707' title='bbox 2820 4839 3007 4909; x_wconf 88' lang='lat' dir='ltr'><strong>procul</strong></span> <span class='ocrx_word' id='word_1_708' title='bbox 3037 4839 3287 4904; x_wconf 88' lang='lat' dir='ltr'><strong>testibus,</strong></span> <span class='ocrx_word' id='word_1_709' title='bbox 3314 4835 3534 4893; x_wconf 83' lang='lat' dir='ltr'><strong>faciant.</strong></span> <span class='ocrx_word' id='word_1_710' title='bbox 3559 4835 3613 4890; x_wconf 88' lang='lat' dir='ltr'><strong>Si</strong></span> <span class='ocrx_word' id='word_1_711' title='bbox 3632 4849 3708 4887; x_wconf 85' lang='lat' dir='ltr'><strong>au-</strong></span> 
     </span>
    </p>
   </div>
   <div class='ocr_carea' id='block_1_101' title="bbox 2145 4927 3708 5001">
    <p class='ocr_par' dir='ltr' id='par_1_101' title="bbox 2145 4927 3708 5001">
     <span class='ocr_line' id='line_1_101' title="bbox 2145 4927 3708 5001; baseline -0.007 -11"><span class='ocrx_word' id='word_1_712' title='bbox 2145 4945 2256 4990; x_wconf 90' lang='lat' dir='ltr'><strong>tem</strong></span> <span class='ocrx_word' id='word_1_713' title='bbox 2303 4933 2592 4988; x_wconf 77' lang='lat' dir='ltr'><strong>inﬁrmitas</strong></span> <span class='ocrx_word' id='word_1_714' title='bbox 2633 4931 2998 5001; x_wconf 88' lang='lat' dir='ltr'><strong>prcpedierit,</strong></span> <span class='ocrx_word' id='word_1_715' title='bbox 3045 4938 3106 4984; x_wconf 91' lang='lat' dir='ltr'><strong>ut</strong></span> <span class='ocrx_word' id='word_1_716' title='bbox 3144 4931 3197 4984; x_wconf 93' lang='lat' dir='ltr'><strong>in</strong></span> <span class='ocrx_word' id='word_1_717' title='bbox 3238 4928 3502 4986; x_wconf 85' lang='lat' dir='ltr'><strong>accclesia</strong></span> <span class='ocrx_word' id='word_1_718' title='bbox 3543 4927 3708 4984; x_wconf 84' lang='lat' dir='ltr'><strong>eadem</strong></span> 
     </span>
    </p>
   </div>
   <div class='ocr_carea' id='block_1_102' title="bbox 1665 5068 2490 5146">
    <p class='ocr_par' dir='ltr' id='par_1_102' title="bbox 1665 5068 2490 5146">
     <span class='ocr_line' id='line_1_102' title="bbox 1665 5068 2490 5146; baseline -0.005 -1"><span class='ocrx_word' id='word_1_719' title='bbox 1665 5088 2058 5146; x_wconf 77' lang='lat' dir='ltr'><strong>VARIANTES</strong></span> <span class='ocrx_word' id='word_1_720' title='bbox 2085 5068 2490 5146; x_wconf 76' lang='lat' dir='ltr'><strong>LECTIO’NES.</strong></span> 
     </span>
    </p>
   </div>
   <div class='ocr_carea' id='block_1_103' title="bbox 522 5202 2019 5281">
    <p class='ocr_par' dir='ltr' id='par_1_103' title="bbox 522 5202 2019 5281">
     <span class='ocr_line' id='line_1_103' title="bbox 522 5202 2019 5281; baseline -0.007 -14"><span class='ocrx_word' id='word_1_721' title='bbox 522 5215 535 5243; x_wconf 86' lang='grc'>¹</span> <span class='ocrx_word' id='word_1_722' title='bbox 565 5213 835 5281; x_wconf 87' lang='lat' dir='ltr'><strong>probitum</strong></span> <span class='ocrx_word' id='word_1_723' title='bbox 863 5229 910 5264; x_wconf 69' lang='grc' dir='ltr'><strong>τ.</strong></span> <span class='ocrx_word' id='word_1_724' title='bbox 1015 5210 1038 5238; x_wconf 81' lang='grc'>¹</span> <span class='ocrx_word' id='word_1_725' title='bbox 1063 5209 1276 5277; x_wconf 84' lang='lat' dir='ltr'><strong>deiceps</strong></span> <span class='ocrx_word' id='word_1_726' title='bbox 1303 5223 1351 5259; x_wconf 77' lang='grc' dir='ltr'><strong>ε.</strong></span> <span class='ocrx_word' id='word_1_727' title='bbox 1396 5277 1407 5281; x_wconf 89' lang='lat'>_</span> <span class='ocrx_word' id='word_1_728' title='bbox 1463 5203 1482 5234; x_wconf 85' lang='grc'>³</span> <span class='ocrx_word' id='word_1_729' title='bbox 1521 5202 1941 5281; x_wconf 75' lang='lat' dir='ltr'><strong>constitutiones</strong></span> <span class='ocrx_word' id='word_1_730' title='bbox 1973 5221 2019 5258; x_wconf 88' lang='lat' dir='ltr'><strong>c.</strong></span> 
     </span>
    </p>
   </div>
   <div class='ocr_carea' id='block_1_104' title="bbox 447 5277 1522 5336">
    <p class='ocr_par' dir='ltr' id='par_1_104' title="bbox 447 5277 1522 5336">
     <span class='ocr_line' id='line_1_104' title="bbox 447 5277 1522 5336; baseline -0.008 -2"><span class='ocrx_word' id='word_1_731' title='bbox 447 5284 542 5336; x_wconf 77' lang='lat' dir='ltr'><strong>riis</strong></span> <span class='ocrx_word' id='word_1_732' title='bbox 565 5277 626 5336; x_wconf 71' lang='grc' dir='ltr'><strong>ἐ.</strong></span> <span class='ocrx_word' id='word_1_733' title='bbox 703 5284 724 5314; x_wconf 81' lang='grc'>⁸</span> <span class='ocrx_word' id='word_1_734' title='bbox 765 5282 902 5335; x_wconf 62' lang='lat' dir='ltr'><strong>deest</strong></span> <span class='ocrx_word' id='word_1_735' title='bbox 934 5297 980 5333; x_wconf 65' lang='grc' dir='ltr'><strong>ρ.</strong></span> <span class='ocrx_word' id='word_1_736' title='bbox 1029 5281 1078 5310; x_wconf 76' lang='grc'><strong>’⁸</strong></span> <span class='ocrx_word' id='word_1_737' title='bbox 1120 5277 1446 5334; x_wconf 82' lang='lat' dir='ltr'><strong>niouesteria</strong></span> <span class='ocrx_word' id='word_1_738' title='bbox 1475 5291 1522 5326; x_wconf 89' lang='lat' dir='ltr'><strong>c.</strong></span> 
     </span>
    </p>
   </div>
   <div class='ocr_carea' id='block_1_105' title="bbox 446 5347 2098 5421">
    <p class='ocr_par' dir='ltr' id='par_1_105' title="bbox 446 5347 2098 5421">
     <span class='ocr_line' id='line_1_105' title="bbox 446 5347 2098 5421; baseline -0.005 -15"><span class='ocrx_word' id='word_1_739' title='bbox 446 5357 629 5408; x_wconf 67' lang='lat' dir='ltr'><strong>desiuit</strong></span> <span class='ocrx_word' id='word_1_740' title='bbox 654 5371 702 5408; x_wconf 87' lang='lat' dir='ltr'><strong>c.</strong></span> <span class='ocrx_word' id='word_1_741' title='bbox 783 5354 823 5383; x_wconf 82' lang='lat'>”</span> <span class='ocrx_word' id='word_1_742' title='bbox 859 5350 1360 5421; x_wconf 83' lang='lat' dir='ltr'><strong>prcdicationis.....</strong></span> <span class='ocrx_word' id='word_1_743' title='bbox 1413 5347 1800 5417; x_wconf 84' lang='lat' dir='ltr'><strong>prcdicationis</strong></span> <span class='ocrx_word' id='word_1_744' title='bbox 1826 5347 2011 5401; x_wconf 80' lang='lat' dir='ltr'><strong>desunt</strong></span> <span class='ocrx_word' id='word_1_745' title='bbox 2051 5362 2098 5398; x_wconf 87' lang='lat' dir='ltr'><strong>c.</strong></span> 
     </span>
    </p>
   </div>
   <div class='ocr_carea' id='block_1_106' title="bbox 2130 5179 3709 5273">
    <p class='ocr_par' dir='ltr' id='par_1_106' title="bbox 2130 5179 3709 5273">
     <span class='ocr_line' id='line_1_106' title="bbox 2130 5179 3709 5273; baseline -0.003 -17"><span class='ocrx_word' id='word_1_746' title='bbox 2130 5201 2151 5233; x_wconf 74' lang='lat'><strong>‘</strong></span> <span class='ocrx_word' id='word_1_747' title='bbox 2191 5201 2456 5273; x_wconf 84' lang='lat' dir='ltr'><strong>ignoratia</strong></span> <span class='ocrx_word' id='word_1_748' title='bbox 2493 5179 2597 5273; x_wconf 36' lang='grc' dir='ltr'><em>ες</em></span> <span class='ocrx_word' id='word_1_749' title='bbox 2639 5199 2661 5231; x_wconf 80' lang='grc'>⁸</span> <span class='ocrx_word' id='word_1_750' title='bbox 2699 5200 3019 5269; x_wconf 88' lang='lat' dir='ltr'><strong>inponerere</strong></span> <span class='ocrx_word' id='word_1_751' title='bbox 3044 5214 3092 5251; x_wconf 89' lang='lat' dir='ltr'><strong>c.</strong></span> <span class='ocrx_word' id='word_1_752' title='bbox 3188 5197 3210 5273; x_wconf 63' lang='grc' dir='ltr'><strong>ξ</strong></span> <span class='ocrx_word' id='word_1_753' title='bbox 3244 5195 3403 5252; x_wconf 88' lang='lat' dir='ltr'><strong>aliter</strong></span> <span class='ocrx_word' id='word_1_754' title='bbox 3427 5213 3477 5252; x_wconf 73' lang='grc' dir='ltr'><strong>ο.</strong></span> <span class='ocrx_word' id='word_1_755' title='bbox 3501 5197 3569 5273; x_wconf 86' lang='lat'><strong>__&#39;</strong></span> <span class='ocrx_word' id='word_1_756' title='bbox 3604 5195 3709 5252; x_wconf 84' lang='lat' dir='ltr'><strong>dili-</strong></span> 
     </span>
    </p>
   </div>
   <div class='ocr_carea' id='block_1_107' title="bbox 1653 5267 3704 5340">
    <p class='ocr_par' dir='ltr' id='par_1_107' title="bbox 1653 5267 3704 5340">
     <span class='ocr_line' id='line_1_107' title="bbox 1653 5267 3704 5340; baseline -0.004 -12"><span class='ocrx_word' id='word_1_757' title='bbox 1653 5276 1693 5305; x_wconf 90' lang='grc'><strong>¹⁰</strong></span> <span class='ocrx_word' id='word_1_758' title='bbox 1734 5277 1852 5329; x_wconf 79' lang='lat' dir='ltr'><strong>cod.</strong></span> <span class='ocrx_word' id='word_1_759' title='bbox 1899 5267 2288 5330; x_wconf 70' lang='lat' dir='ltr'><strong>rnonaclioriirn</strong></span> <span class='ocrx_word' id='word_1_760' title='bbox 2343 5288 2396 5340; x_wconf 90' lang='lat' dir='ltr'><strong>q.</strong></span> <span class='ocrx_word' id='word_1_761' title='bbox 2450 5267 2768 5326; x_wconf 72' lang='lat' dir='ltr'><strong>canicaruni</strong></span> <span class='ocrx_word' id='word_1_762' title='bbox 2823 5286 2962 5324; x_wconf 86' lang='lat' dir='ltr'><strong>corr.</strong></span> <span class='ocrx_word' id='word_1_763' title='bbox 3015 5267 3420 5325; x_wconf 88' lang='lat' dir='ltr'><strong>canonicorum.</strong></span> <span class='ocrx_word' id='word_1_764' title='bbox 3457 5319 3460 5322; x_wconf 88' lang='lat'><strong><em>.</em></strong></span> <span class='ocrx_word' id='word_1_765' title='bbox 3499 5269 3538 5300; x_wconf 82' lang='lat'>“</span> <span class='ocrx_word' id='word_1_766' title='bbox 3577 5282 3624 5324; x_wconf 89' lang='lat' dir='ltr'><strong>c.</strong></span> <span class='ocrx_word' id='word_1_767' title='bbox 3657 5283 3704 5323; x_wconf 78' lang='grc' dir='ltr'><strong>ιι.</strong></span> 
     </span>
    </p>
   </div>
   <div class='ocr_carea' id='block_1_108' title="bbox 2130 5341 2997 5399">
    <p class='ocr_par' dir='ltr' id='par_1_108' title="bbox 2130 5341 2997 5399">
     <span class='ocr_line' id='line_1_108' title="bbox 2130 5341 2997 5399; baseline -0.001 -2"><span class='ocrx_word' id='word_1_768' title='bbox 2130 5344 2434 5399; x_wconf 83' lang='lat' dir='ltr'><strong>faciendum</strong></span> <span class='ocrx_word' id='word_1_769' title='bbox 2471 5359 2517 5396; x_wconf 75' lang='grc' dir='ltr'><strong>ε.</strong></span> <span class='ocrx_word' id='word_1_770' title='bbox 2599 5341 2641 5371; x_wconf 77' lang='grc'><strong>³³</strong></span> <span class='ocrx_word' id='word_1_771' title='bbox 2673 5349 2923 5396; x_wconf 84' lang='lat' dir='ltr'><strong>constuto</strong></span> <span class='ocrx_word' id='word_1_772' title='bbox 2949 5356 2997 5396; x_wconf 74' lang='grc' dir='ltr'><strong>ε.</strong></span> 
     </span>
    </p>
   </div>
   <div class='ocr_carea' id='block_1_109' title="bbox 1981 5457 2214 5515">
    <p class='ocr_par' dir='ltr' id='par_1_109' title="bbox 1981 5457 2214 5515">
     <span class='ocr_line' id='line_1_109' title="bbox 1981 5457 2214 5515; baseline -0.03 1"><span class='ocrx_word' id='word_1_773' title='bbox 1981 5457 2187 5515; x_wconf 62' lang='lat' dir='ltr'><strong>NOTAE</strong></span> <span class='ocrx_word' id='word_1_774' title='bbox 2200 5499 2214 5509; x_wconf 95' lang='lat'><strong>.</strong></span> 
     </span>
    </p>
   </div>
   <div class='ocr_carea' id='block_1_110' title="bbox 2223 5580 2245 5605">
    <p class='ocr_par' dir='ltr' id='par_1_110' title="bbox 2223 5580 2245 5605">
     <span class='ocr_line' id='line_1_110' title="bbox 2223 5580 2245 5605; baseline 0 0"><span class='ocrx_word' id='word_1_775' title='bbox 2223 5580 2245 5605; x_wconf 75' lang='lat' dir='ltr'><strong><em>L‘</em></strong></span> 
     </span>
    </p>
   </div>
   <div class='ocr_carea' id='block_1_111' title="bbox 2225 5637 2241 5674">
    <p class='ocr_par' dir='ltr' id='par_1_111' title="bbox 2225 5637 2241 5674">
     <span class='ocr_line' id='line_1_111' title="bbox 2225 5637 2241 5674; baseline 0 0"><span class='ocrx_word' id='word_1_776' title='bbox 2225 5637 2241 5674; x_wconf 89' lang='lat' dir='ltr'><strong>i&#39;</strong></span> 
     </span>
    </p>
   </div>
   <div class='ocr_carea' id='block_1_112' title="bbox 2393 5592 2448 5621">
    <p class='ocr_par' dir='ltr' id='par_1_112' title="bbox 2393 5592 2448 5621">
     <span class='ocr_line' id='line_1_112' title="bbox 2393 5592 2448 5621; baseline 0.036 -2"><span class='ocrx_word' id='word_1_777' title='bbox 2393 5592 2448 5621; x_wconf 73' lang='grc' dir='ltr'><strong>ο).</strong></span> 
     </span>
    </p>
   </div>
   <div class='ocr_carea' id='block_1_113' title="bbox 2393 5639 2443 5762">
    <p class='ocr_par' dir='ltr' id='par_1_113' title="bbox 2393 5639 2443 5762">
     <span class='ocr_line' id='line_1_113' title="bbox 2395 5639 2436 5728; baseline 0 -38"><span class='ocrx_word' id='word_1_778' title='bbox 2395 5639 2436 5728; x_wconf 55' lang='grc' dir='ltr'><strong>ξ.</strong></span> 
     </span>
     <span class='ocr_line' id='line_1_114' title="bbox 2393 5729 2443 5762; baseline 0.08 -4"><span class='ocrx_word' id='word_1_779' title='bbox 2393 5729 2443 5762; x_wconf 66' lang='grc' dir='ltr'><strong>δ.</strong></span> 
     </span>
    </p>
   </div>
   <div class='ocr_carea' id='block_1_114' title="bbox 2389 5783 2420 5832">
    <p class='ocr_par' dir='ltr' id='par_1_114' title="bbox 2389 5783 2420 5832">
     <span class='ocr_line' id='line_1_115' title="bbox 2389 5783 2420 5832; baseline 0 0"><span class='ocrx_word' id='word_1_780' title='bbox 2389 5783 2420 5832; x_wconf 78' lang='lat' dir='ltr'><strong>ii</strong></span> 
     </span>
    </p>
   </div>
   <div class='ocr_carea' id='block_1_115' title="bbox 2355 5583 2390 5689">
    <p class='ocr_par' dir='ltr' id='par_1_115' title="bbox 2355 5583 2390 5689">
     <span class='ocr_line' id='line_1_116' title="bbox 2357 5583 2390 5620; baseline 0 0"><span class='ocrx_word' id='word_1_781' title='bbox 2357 5583 2390 5620; x_wconf 71' lang='grc'><strong>4</strong></span> 
     </span>
     <span class='ocr_line' id='line_1_117' title="bbox 2355 5638 2390 5689; baseline 0 -9"><span class='ocrx_word' id='word_1_782' title='bbox 2355 5638 2390 5689; x_wconf 71' lang='grc' dir='ltr'><strong>Ιι.</strong></span> 
     </span>
    </p>
   </div>
   <div class='ocr_carea' id='block_1_116' title="bbox 2221 5711 2243 5747">
    <p class='ocr_par' dir='ltr' id='par_1_116' title="bbox 2221 5711 2243 5747">
     <span class='ocr_line' id='line_1_118' title="bbox 2221 5711 2243 5747; baseline 0 0"><span class='ocrx_word' id='word_1_783' title='bbox 2221 5711 2243 5747; x_wconf 74' lang='grc' dir='ltr'>ὅ</span> 
     </span>
    </p>
   </div>
   <div class='ocr_carea' id='block_1_117' title="bbox 2285 5568 2324 5630">
    <p class='ocr_par' dir='ltr' id='par_1_117' title="bbox 2285 5568 2324 5630">
     <span class='ocr_line' id='line_1_119' title="bbox 2285 5568 2324 5630; baseline 0 0"><span class='ocrx_word' id='word_1_784' title='bbox 2285 5568 2324 5630; x_wconf 80' lang='grc'><strong>1,</strong></span> 
     </span>
    </p>
   </div>
   <div class='ocr_carea' id='block_1_118' title="bbox 2287 5639 2320 5695">
    <p class='ocr_par' dir='ltr' id='par_1_118' title="bbox 2287 5639 2320 5695">
     <span class='ocr_line' id='line_1_120' title="bbox 2287 5639 2320 5695; baseline 0 0"><span class='ocrx_word' id='word_1_785' title='bbox 2287 5639 2320 5695; x_wconf 88' lang='grc' dir='ltr'><strong>Ι.</strong></span> 
     </span>
    </p>
   </div>
   <div class='ocr_carea' id='block_1_119' title="bbox 2285 5708 2322 5769">
    <p class='ocr_par' dir='ltr' id='par_1_119' title="bbox 2285 5708 2322 5769">
     <span class='ocr_line' id='line_1_121' title="bbox 2285 5708 2322 5769; baseline 0 0"><span class='ocrx_word' id='word_1_786' title='bbox 2285 5708 2322 5769; x_wconf 73' lang='grc' dir='ltr'><strong>Ι.</strong></span> 
     </span>
    </p>
   </div>
   <div class='ocr_carea' id='block_1_120' title="bbox 2216 5778 2322 5843">
    <p class='ocr_par' dir='ltr' id='par_1_120' title="bbox 2216 5778 2322 5843">
     <span class='ocr_line' id='line_1_122' title="bbox 2216 5778 2322 5843; baseline 0 -25"><span class='ocrx_word' id='word_1_787' title='bbox 2216 5778 2322 5843; x_wconf 65' lang='lat' dir='ltr'><strong>bl,</strong></span> 
     </span>
    </p>
   </div>
   <div class='ocr_carea' id='block_1_121' title="bbox 2354 5709 2386 5832">
    <p class='ocr_par' dir='ltr' id='par_1_121' title="bbox 2354 5709 2386 5832">
     <span class='ocr_line' id='line_1_123' title="bbox 2356 5709 2386 5759; baseline 0 0"><span class='ocrx_word' id='word_1_788' title='bbox 2356 5709 2386 5759; x_wconf 67' lang='grc'><strong><em>4</em></strong></span> 
     </span>
     <span class='ocr_line' id='line_1_124' title="bbox 2354 5779 2385 5832; baseline 0 0"><span class='ocrx_word' id='word_1_789' title='bbox 2354 5779 2385 5832; x_wconf 65' lang='grc'><em>4</em></span> 
     </span>
    </p>
   </div>
  </div>
