3828 6220
117 370 198 426 seu
378 367 607 423 connx
653 361 1170 443 mrmmricus.
1203 394 1269 404 -
1295 360 1614 418 ιυυογιοι
1656 363 1681 415 r
1714 359 1798 414 er
1838 356 2170 415 Lemma
2201 319 2682 414 ominum.
2726 356 2916 410 --A.v.
2953 354 3077 412 329.
3259 351 3366 408 6:2

115 481 364 541 confessio
412 479 524 534 fieri
571 486 819 547 nequeat,
849 489 927 535 .et
973 485 1311 547 quacumque
1357 478 1487 533 libet
1520 477 1681 534 domo
1709 484 1756 540 Α
1785 473 2196 546 ceterarumque
2229 469 2530 545 specierum
2555 488 2754 528 usurae
2775 472 2937 544 exigi,
2966 473 3080 528 sive
3105 481 3164 527 ut
3188 472 3372 542 appel-

118 571 339 629 facienda
359 580 462 635 est,
492 585 599 624 non
629 569 731 624 nisi
765 571 994 624 testibus
1033 569 1286 625 similiter
1328 565 1678 640 ha'ud'procul
1783 567 1855 622 lat
1879 582 2057 624 sermo
2100 561 2313 622 divinus
2360 555 2958 634 superhabundantiae;
3012 561 3167 618 verbi
3193 559 3370 632 gratia

117 660 436 718 adstantibus
483 659 594 714 ﬂat.
658 657 976 714 Nullomodo
1024 661 1221 730 quippe
1249 660 1480 716 videtur
1524 661 1681 717 nobis
1780 653 1841 713 ut
1865 648 2059 714 hiemis
2085 653 2331 727 tempore
2356 649 2549 712 demus
2573 653 2760 710 decem
2792 653 3002 709 modios
3037 653 3168 737 etin
3191 663 3372 707 messe

114 751 404 813 convenire,
431 757 490 804 ut
512 750 811 809 monachus
836 749 1025 805 relicto
1086 746 1414 806 monasterio
1437 767 1554 819 suo,
1595 751 1680 808 id.
1782 742 2462 821 recipiamus‘q'uindecim,
2503 737 2610 802 hoc
2630 738 2721 800 est
2748 739 2982 814 amplius
3017 751 3229 814 partem
3255 757 3376 798 me-

115 845 244 899 cireo
267 841 753 898 sanctimonialium
779 842 1106 898 monasteria
1129 845 1303 909 adeat,
1334 853 1392 899 ut
1414 845 1678 901 eonﬂten-
1782 839 1926 898 diam
1944 859 1959 906 ;
1978 833 2071 911 qui
2086 831 2439 895 iustissimum
2454 852 2514 893 se
2534 828 2828 909 putaverit,
2841 843 3089 906 quartam
3102 833 3224 908 plus
3235 837 3375 892 acci-

116 935 243 989 tibus
261 943 479 1004 peccata
506 949 600 988 sua
637 934 854 989 modum
883 935 1245 1003 poenitentiae
1272 936 1532 1007 imponat.
1781 935 1892 1004 pict
1914 928 2235 1005 portionem.
2254 926 2321 987 Et
2343 931 2518 987 solent
2544 928 2911 1014 argumentari
2937 934 2993 984 et
3014 927 3224 983 dicere:
3242 929 3374 986 Dedi

172 1027 256 1082 20.
283 1029 299 1059 ⁸
321 1026 502 1094 Quiaa
523 1041 653 1098 ergo
682 1029 732 1082 in
756 1027 1088 1084 multimodis
1113 1044 1399 1084 usurarum
1426 1029 1683 1087 adiuven-
1781 1041 1947 1080 unum
1974 1019 2218 1080 niodium'
2237 1021 2328 1093 qui
2365 1029 2516 1078 satus
2542 1021 2671 1076 fecit
2714 1019 2902 1075 decem
2938 1018 3169 1084 modios,
3197 1035 3377 1077 nonne

116 1121 332 1178 tionibus
355 1119 613 1190 quosdam
655 1121 882 1176 clericos
934 1129 988 1175 et
1028 1121 1192 1176 laicos
1234 1119 1432 1177 oblitos
1461 1124 1683 1193 praece-
1784 1114 1983 1171 iustum
2010 1113 2092 1171 ésl
2113 1123 2174 1169 ιιι
2193 1107 2428 1168 ῐῆίέίιὶιὶηἱ
2448 1103 2691 1167 "mdium
2713 1109 2779 1166 de
2806 1125 2927 1164 meo
2949 1109 3071 1178 Plus
3087 1109 3374 1180 accipiam,

115 1210 294 1283 ptionis
318 1209 622 1265 dominicae
662 1225 769 1280 qua
809 1209 1040 1265 dicitur:
1081 1213 1352 1281 pecuniam
1402 1195 1679 1267 tuumnon
1783 1220 1906 1261 cum
1935 1204 2024 1262 ille
2046 1204 2162 1261 mea
2203 1203 2453 1260 libertate
2495 1218 2689 1258 novem
2735 1209 2791 1257 et
2823 1200 2988 1256 semis
3022 1199 3091 1256 de
3124 1217 3246 1258 meo
3265 1193 3374 1257 ha-

113 1303 246 1359 dabis
268 1301 336 1356 ad
365 1317 581 1356 usuram
625 1310 674 1355 et
701 1299 916 1370 frugum
960 1301 1534 1371 superlmbundantiam
1577 1320 1680 1356 non
1783 1297 1950 1352 beat?
1987 1294 2166 1362 Nolite
2190 1289 2373 1354 errare
2402 1293 2592 1365 inquit”
2618 1293 2893 1371 apostolus
2918 1290 3060 1374 Deus
3101 1309 3205 1348 non
3245 1293 3379 1348 inri-

115 1398 268 1466 exiges
293 1396 348 1458 ’;
377 1409 470 1465 ego
514 1393 769 1447 dominus‘
802 1391 954 1446 Deus
973 1403 1169 1457 vester,
1226 1394 1279 1448 in
1312 1402 1519 1450 tantum
1567 1386 1682 1450 turi
1782 1387 1952 1442 detur.
1992 1382 2334 1460 Respondeat
2371 1385 2528 1442 nobis
2567 1373 2806 1441 breviit'cr
2852 1384 3125 1457 fenerator
3159 1386 3378 1441 miseri-

114 1485 300 1557 pissimi
329 1484 460 1540 lucri
489 1484 664 1539 labem
694 1483 962 1539 exarsisse
1009 1484 1384 1554 cognovimus,
1417 1493 1478 1539 ut
1502 1485 1684 1540 multi—
1783 1496 1923 1543 cors,
1974 1469 2154 1535 utruiu
2203 1477 2422 1535 habenti
2468 1477 2696 1544 dederit,
2725 1493 2795 1532 an
2822 1495 2928 1533 non
2965 1479 3233 1533 babenti?
3271 1479 3380 1534 lla-

113 1577 320 1649 plicibus
364 1583 526 1646 atque
574 1575 870 1630 innumeris
923 1592 1206 1631 usurarum
1263 1568 1682 1648 generibussua
1783 1572 1930 1627 benti
1957 1572 2143 1642 utique
2168 1571 2296 1628 dare
2323 1587 2429 1626 non
2460 1570 2752 1649 debuerat,
2783 1560 2880 1625 sed
2903 1569 3050 1624 dedit
3076 1570 3228 1639 quasi
3266 1585 3376 1625 nou

115 1645 471 1722 adiuventione
485 1675 539 1721 et
559 1666 854 1735 cupiditate
879 1645 1406 1737 repertis,.pauperes
1425 1667 1682 1739 adﬂigant
1784 1661 2040 1727 habenti;
2072 1675 2201 1732 ergo
2223 1674 2390 1730 quare
2420 1645 2541 1729 1)th
2585 1659 2787 1729 exigit?
2817 1649 2973 1729 (Πιθεῖ
3016 1659 3084 1714 ab
3109 1658 3381 1716 habente?

114 1757 400 1827 obprimant
426 1765 480 1812 et
504 1757 848 1821 exhauriant,
867 1757 1000 1812 adeo
1018 1767 1077 1810 ut
1103 1756 1257 1811 multi
1284 1756 1422 1812 fame
1445 1757 1679 1814 confecti
1783 1752 1888 1806 Alii
1914 1769 2014 1823 pro
2043 1752 2272 1823 pecunia
2299 1749 2543 1806 fenerata
2582 1750 2760 1805 solent
2783 1748 3102 1805 munuscula
3131 1751 3381 1820 accipere

115 1837 331 1918 pereant,
364 1845 518 1901 multi
547 1846 712 1900 etiam
757 1847 993 1916 propriis
1027 1846 1300 1918 derelictis
1339 1846 1544 1903 alienas
1573 1857 1680 1903 ter:
1710 1835 1758 1894 Β
1789 1844 1984 1901 diversi
2016 1843 2247 1915 generis,
2279 1836 2334 1898 et
2357 1846 2464 1897 nea
2500 1841 2815 1912 intellegunt
2855 1844 3077 1896 usuram
3116 1842 3376 1912 appellari

116 1953 190 1991 ras
220 1937 240 1968 ³
269 1944 549 2006 expetant;
580 1936 634 1989 in
663 1935 1094 2006 quibuscumque
1117 1917 1254 1990 locis
1290 1936 1424 1992 haec
1465 1935 1578 1991 fieri
1606 1937 1681 1993 di—
1785 1944 1840 1991 ct
1865 1933 2454 2006 superhabundantiam
2508 1933 2768 2004 quicquid
2817 1933 2946 1989 illud
2975 1941 3087 1998 est,
3132 1934 3176 1989 si
3217 1934 3286 1989 ab
3313 1949 3380 1991 eo

117 2027 338 2088 dicimus,
370 2040 437 2080 ne
470 2025 702 2081 ulterius
739 2023 891 2079 ﬂeret
934 2040 1054 2079 cum
1100 2025 1304 2096 ingenti
1348 2026 1369 2056 ⁸
1397 2026 1679 2098 'protestaL
1785 2027 1929 2096 quod
1954 2025 2201 2082 dederint
2245 2024 2279 2091 '_
2300 2021 2418 2096 plus
2468 2025 2796 2094 acceperint.
2831 2043 2850 2076 ι
2895 2024 2971 2080 De
3002 2039 3378 2081 mensurarum

119 2118 243 2172 tione
289 2117 462 2173 modis
495 2117 747 2195 omnibus
780 2106 1129 2182 inhibuimus,
1180 2118 1519 2174 attendentes
1551 2119 1682 2175 illud
1784 2131 2017 2193 namque
2041 2113 2425 2188 inaequalitate
2467 2125 2522 2171 et
2560 2116 2755 2171 modiis
2799 2116 3016 2179 iniustis
3059 2125 3114 2172 et
3137 2117 3379 2193 sestariis

118 2211 240 2281 quod
264 2211 316 2265 in
337 2209 473 2265 libro
495 2209 666 2264 Exodi
693 2208 953 2264 Dominus
997 2223 1096 2279 per
1127 2209 1467 2280 legislator'es
1509 2211 1640 2266 dicit
1663 2227 1698 2266 ε.
1727 2251 1730 2253 λ
1779 2210 1921 2277 quae
1944 2204 2159 2290 Domini
2181 2206 2297 2278 lege
2320 2207 2520 2262 habere
2541 2205 2919 2276 prohibentur,
2944 2205 3176 2277 qualiter
3201 2221 3289 2263 res
3309 2207 3379 2262 ad

120 2303 168 2358 Si
190 2304 459 2374 pecuniam
497 2311 644 2356 tuam
686 2301 892 2356 dederis
934 2301 1126 2373 populo
1170 2319 1283 2357 meo
1323 2305 1542 2375 pauperi
1590 2306 1680 2375 qui
1784 2305 1987 2351 eertam
2013 2295 2408 2354 correctionem
2447 2296 2672 2367 perduci
2703 2297 2898 2366 possit,
2946 2302 3055 2352 non
3096 2297 3231 2352 satis
3254 2311 3378 2368 per-

119 2394 291 2447 habitat
315 2401 502 2458 tecum,
529 2407 634 2447 non
661 2408 813 2463 urges
839 2409 956 2446 eum
986 2393 1138 2464 quasi
1169 2403 1402 2456 exactor,
1440 2411 1531 2448 nec
1549 2413 1680 2450 usu-
1707 2423 1712 2427 -
1749 2406 1752 2410 λ
1783 2389 1968 2458 spicue
1996 2387 2158 2444 nobis
2196 2395 2366 2457 pallii,
2417 2402 2484 2442 ρο
2519 2388 2663 2458 quod
2709 2387 2763 2442 ill
2800 2376 3032 2444 dii'ef'SiS
3085 2388 3378 2457 Ρΐονὶθεὶίδ

120 2485 178 2537 ris
200 2483 465 2553 obprimes.
507 2483 564 2538 In
599 2483 740 2538 libro
776 2497 990 2552 quoque
1016 2483 1239 2540 Levitici
1277 2501 1288 2536 :
1335 2482 1395 2539 St
1430 2495 1676 2540 altenua-
1783 2478 1995 2533 diverse
2031 2478 2099 2533 ab
2118 2477 2368 2533 omnibus
2401 2492 2575 2548 poene
2618 2477 2661 2508 ¹⁰
2697 2465 3031 2543 habeantur;
3066 2479 3169 2534 hoc
3196 2489 3376 2534 tamen

119 2582 187 2628 tus
210 2575 230 2606 ⁸
263 2572 432 2643 fuerat
463 2574 628 2644 frater
659 2584 786 2645 tuus
820 2583 868 2628 et
898 2574 1120 2643 inﬁrmis
1148 2586 1338 2639 manu,
1367 2587 1415 2630 et
1441 2574 1682 2650 s'uscepe-
1783 2568 1957 2624 l301155
2006 2569 2256 2624 omnibus
2299 2576 2549 2639 Oplamus
2593 2577 2648 2624 ’δι
2682 2570 3056 2635 admonemus.
3108 2577 3169 2624 ιη
3195 2569 3373 2627 83mm

121 2666 178 2719 ris
199 2682 305 2719 cum
328 2667 476 2736 quasi
514 2664 767 2720 advenam
791 2675 838 2719 et
864 2667 1192 2737 peregrinum
1217 2674 1264 2720 et
1285 2667 1468 2722 vixerit
1487 2676 1633 2724 tecun

1862 2658 1962 2714 llus
1989 2659 2228 2729 duplities
2251 2660 2536 2715 mensuras
2573 2659 2627 2714 in
2656 2675 2753 2716 sua
2783 2657 3149 2716 dominatione
3172 2670 3264 2716 aut
3289 2662 3374 2716 ha-

122 2772 205 2810 non
220 2757 437 2828 accipias
463 2757 527 2810 ab
553 2772 612 2811 eo
642 2754 889 2821 usuram,
932 2773 1023 2810 nec
1052 2757 1277 2828 amplius
1323 2765 1481 2830 quam
1532 2761 1632 2815 ded

1863 2759 1911 2805 at
1933 2759 2028 2806 aut
2057 2745 2588 2821 haberi’pcn‘nittat;
2631 2750 2888 2822 quoniam
2939 2742 3054 2807 hac
3089 2752 3375 2808 occasione

120 2845 191 2902 αἱ.
229 2845 364 2902 τίω
395 2848 569 2901 Deum
610 2857 789 2914 "mm,
828 2858 882 2902 υ,
929 2849 1092 2903 vivere
1138 2851 1299 2921 possit
1352 2851 1519 2920 [mter
1555 2852 1678 2907 mu;
1783 2841 1997 2897 multos
2026 2848 2293 2918 pauperes
2327 2840 2505 2913 adﬂigi
2554 2842 2607 2896 iu
2635 2842 2908 2912 plerisque
2941 2842 3076 2899 locis
3121 2842 3376 2921 cognovi-

123 2937 337 3006 apud'te.
376 2938 442 2999 Et
469 2938 524 2992 in
549 2937 688 3006 libro
715 2917 1167 2994 Dettteronomli':
1227 2938 1290 2996 Si
1333 2917 1470 2995 unus
1502 2923 1709 3012 inquit“
1781 2946 1902 2986 mus
1927 2933 1977 2986 δό
2029 2931 2175 3009 sum,
2210 2947 2340 2987 sane
2383 2927 2721 2987 diversorum
2762 2923 3028 2988 malorum
3071 2917 3374 3004 βθινθίδτθέ

121 3027 434 3103 defratribus
474 3031 577 3084 tuis
616 3031 705 3100 qui
732 3039 1006 3085 morantur
1043 3032 1183 3086 intra
1225 3044 1402 3102 portas
1450 3031 1633 3090 civitati

1863 3037 1918 3077 os
1943 3029 1997 3078 et
2024 3021 2106 3078 lex
2134 3023 2322 3078 divina
2339 3021 2611 3093 improbat
2654 3027 2714 3078 et
2734 3019 3089 3092 condemnat,
3120 3041 3218 3094 pro
3244 3042 3375 3096 quo-

124 3128 221 3174 tuae
260 3121 312 3175 in
353 3129 493 3177 terra
535 3137 694 3192 quam
740 3122 984 3177 dominus
1017 3122 1156 3177 Deus
1200 3133 1320 3178 tuus
1347 3126 1570 3181 daturus
1598 3146 1636 3182 Bt

1861 3131 1903 3169 αι
1949 3116 2113 3170 etiam
2161 3116 2390 3172 diversis
2423 3114 2719 3172 sceleribus
2768 3125 2824 3172 et
2871 3104 3088 3189 ﬂagitiis
3143 3122 3373 3191 populus

123 3211 215 3278 tibi,
240 3213 302 3266 ad
323 3224 680 3284 paupertatem
706 3216 930 3281 venerit,
963 3224 1067 3270 non
1093 3216 1373 3273 obdurabis
1410 3234 1501 3271 cor
1525 3229 1635 3273 tum

1861 3222 1924 3263 ne
1947 3214 2004 3262 et
2029 3207 2339 3279 pestilentia
2365 3207 2684 3280 ﬂagellatur,
2713 3218 2768 3264 et
2787 3209 3051 3288 ecclesiae
3087 3188 3266 3267 status
3291 3213 3373 3268 in<

125 3318 196 3356 nec
215 3292 471 3359 contrahes
496 3321 731 3371 manant,
768 3306 858 3362 sed
883 3307 1084 3378 aperies
1107 3311 1222 3362 eam’
1241 3311 1480 3381 pauperi,
1509 3320 1556 3366 et
1583 3311 1676 3366 da—
1779 3300 2046 3370 ﬁrmatur.
2084 3293 2139 3358 ἀι
2185 3296 2410 3374 regnum
2455 3303 2814 3372 periclitatur.
2855 3303 3056 3359 Contra
3103 3321 3240 3376 quos
3271 3320 3373 3362 nos

125 3389 188 3444 bis
204 3401 369 3446 mutuo
391 3409 494 3464 quo
527 3409 648 3449 eum
674 3395 906 3467 indigere
954 3399 1298 3468 perspexeris.
1340 3399 1550 3456 ltemin
1577 3388 1673 3457 eo-
1776 3385 2260 3469 ορνυίιιίηάιίιίδῐη
2299 3403 2684 3465 exageranteS.
2730 3410 3058 3466 quamquam
3103 3396 3158 3451 in
3201 3398 3373 3454 sacris

125 3480 257 3538 dein:
291 3481 422 3538 Cave
445 3501 509 3538 ne
552 3484 689 3554 forte
731 3487 981 3556 surripiat
1029 3487 1048 3518 ⁶
1075 3487 1169 3541 tibi
1201 3489 1362 3560 impia
1402 3491 1671 3561 cogitatio,
1776 3483 2007 3554 eloquiis
2033 3477 2168 3540 satis
2191 3484 2300 3541 sint
2327 3494 2602 3552 execrata,
2649 3479 2748 3542 nos
2769 3487 3137 3543 necessarium
3159 3488 3374 3561 praevi-

125 3580 162 3625 et
183 3573 309 3628 dicas
331 3575 384 3628 in
407 3577 564 3631 corde
599 3586 731 3631 tuo:
761 3597 780 3629 ι
803 3577 1186 3650 adpropinquat
1222 3560 1476 3651 septimus
1503 3599 1675 3638 annus
1778 3575 1982 3641 dimus,
2027 3576 2220 3632 iterum
2270 3585 2454 3632 nostra
2498 3566 2867 3633 admonitione
2914 3585 2969 3633 et
2995 3560 3376 3635 exhortatione

127 3665 406 3723 remissionis
427 3689 470 3734 ι,
496 3677 546 3723 ει
573 3679 778 3726 avertas
807 3671 1015 3726 occu‘los
1038 3681 1155 3727 tuos
1191 3690 1222 3727 a
1248 3675 1473 3745 paupere
1510 3674 1676 3746 fratre
1776 3669 2087 3737 praecaveri
2113 3669 2335 3724 omnino
2372 3677 2643 3740 oportere.
2698 3668 2852 3724 Sicut
2876 3676 3005 3724 sunt
3033 3661 3372 3726 diversarum

127 3766 214 3823 tuo,
239 3759 481 3817 nolens‘ei
506 3762 648 3836 quod
670 3763 899 3835 postulat
937 3772 1119 3822 mutuo
1145 3765 1510 3832 commodare,
1550 3787 1613 3823 nc
1651 3770 1670 3799 "
1777 3758 2132 3832 pollutionum
2164 3771 2489 3834 patratores,
2538 3777 2675 3832 quos
2701 3767 2824 3818 cum
2854 3760 3108 3817 masculis
3138 3747 3376 3840 et'pcco-

125 3848 278 3904 dasset
306 3862 483 3908 contra
519 3863 569 3907 te
593 3853 663 3908 ad
693 3853 974 3910 Dominum
999 3865 1046 3910 et
1074 3856 1274 3925 fiettibi
1305 3851 1670 3927 in’peccatuiu.
1778 3853 1933 3908 ribus
1963 3849 2205 3909 nonnulli
2247 3853 2636 3909 diversissimis
2672 3839 3200 3920 modisadmittunt,
3235 3839 3376 3925 quac

129 3937 215 3993 Sed
242 3941 398 4007 dabis,
433 3945 525 3999 n'ec
560 3947 972 4018 ages'quippia'm
1009 3947 1200 4001 callide
1235 3949 1291 4002 in
1320 3949 1430 4002 eius
1455 3950 1675 4002 necessi-
1776 3938 2234 4025 iucoriparabilem
2289 3946 2625 4002 dulcedinem
2687 3946 2916 4015 piissimi
2972 3933 3247 4003 Creatoris
3307 3950 3376 4004 ad

128 4030 300 4086 latibus
321 4034 678 4115 sublevandis,
731 4046 787 4092 ut
824 4038 1090 4093 benedicat
1122 4036 1217 4093 tibi
1252 4039 1496 4095 dominus
1530 4037 1674 4095 Deus
1775 4032 2187 4093 amaritudinem
2210 4045 2587 4108 provocantes,
2615 4046 2768 4092 tanto
2790 4038 3009 4115 gravius
3030 4038 3374 4110 delinquunt,

129 4128 225 4174 titus
260 4123 309 4177 in
333 4126 468 4179 omni
493 4112 722 4198 tempore
767 4138 814 4183 et
855 4129 912 4184 in
952 4120 1153 4185 cunctis
1184 4130 1255 4185 ad
1286 4147 1420 4201 quae
1458 4147 1672 4186 manum
1775 4123 1984 4204 quanto
2013 4124 2200 4187 contra
2230 4124 2478 4186 naturam
2499 4133 2746 4201 peccant.
2777 4112 2883 4186 Pro
2911 4147 3019 4201 quo
3044 4131 3213 4187 etiam
3257 4144 3370 4188 sce-

129 4211 314 4268 miseris.
344 4216 506 4272 Amos
539 4220 841 4291 propheta:
881 4221 1072 4275 Audite
1121 4221 1247 4287 hoc,
1281 4223 1378 4292 qui
1407 4223 1686 4278 conteritis‘
1774 4221 1886 4276 lere
1914 4207 2045 4294 igne.
2060 4222 2278 4280 caelesti
2310 4222 2672 4294 conﬂagratae
2707 4223 3012 4294 infernique
3037 4224 3189 4292 hiatu
3212 4225 3376 4296 quin-

130 4315 363 4371 pauperem
387 4316 432 4360 et
455 4298 677 4378 deﬁcere
706 4310 902 4380 facitis.
945 4305 1088 4382 Ergo
1117 4317 1295 4366 nostra
1323 4322 1397 4367 est
1422 4323 1564 4367 terra
1591 4315 1672 4367 di-
1774 4305 1885 4383 que'
1904 4299 2189 4384 absorptae
2211 4322 2338 4369 sunt
2358 4314 2626 4380 civitates,
2655 4330 2758 4372 nec
2782 4331 2890 4371 non
2917 4324 2973 4370 et
2998 4315 3068 4371 40
3085 4325 3140 4371 et
3162 4330 3226 4372 ω
3249 4332 3368 4372 am-

130 4399 284 4456 centes,
309 4397 512 4465 quando
537 4397 780 4452 transibit
810 4400 1011 4465 messis,
1041 4409 1088 4453 et
1110 4397 1674 4456 venundabimusmer-
1773 4401 1916 4473 plius
1944 4392 2303 4474 milia'stirpis
2331 4404 2611 4460 Beniamin
2638 4422 2668 4459 a
2688 4422 2948 4463 mucrone
2974 4407 3218 4463 fraterno
3237 4423 3371 4464 con-

131 4492 196 4532 crs
217 4489 257 4534 et
275 4483 557 4554 sabbatum,
600 4497 649 4541 et
685 4491 977 4560 aperiemus
1014 4489 1364 4560 frumentum,
1407 4498 1463 4572 ut
1515 4493 1672 4546 inmi—
1703 4530 1749 4572 _.
1778 4489 1922 4550 fossa
1957 4489 2104 4550 sunt.
2143 4495 2290 4551 Haec
2315 4511 2481 4567 porro
2502 4496 2702 4551 iuditia’
2720 4505 2776 4553 et
2801 4498 3078 4554 evidentes
3104 4498 3375 4554 vindictae

133 4583 316 4630 namus
337 4593 628 4635 mensuram
655 4591 702 4636 et
731 4581 1015 4653 augeanius
1037 4581 1224 4638 siclum
1246 4579 1293 4638 et
1316 4569 1672 4656 subponamus
1699 4565 1750 4623 Β
1778 4577 2074 4654 declarant,
2100 4605 2262 4660 quam
2289 4565 2608 4646 detestabile
2641 4598 2701 4644 et
2733 4592 3038 4658 execrabile
3068 4591 3211 4663 apud
3232 4590 3368 4647 diviv

132 4669 314 4720 steteras
345 4667 572 4738 dolosas,
603 4682 659 4727 ut
689 4674 1128 4745 possideamus‘in
1157 4683 1373 4746 argento
1399 4669 1590 4747 'egenos
1625 4669 1690 4733 σι’
1777 4699 1902 4738 nam
1951 4683 2289 4739 maiestatem
2327 4685 2432 4740 hoc
2479 4685 2674 4739 vitium
2722 4691 2889 4740 extet.
2943 4683 3144 4740 Extant
3180 4692 3236 4742 et
3263 4684 3368 4741 alia

132 4768 340 4825 mrem
376 4779 468 4832 pro
505 4764 880 4834 calciamentis,
921 4777 970 4821 et
1011 4768 1320 4840 quisquilias
1364 4770 1386 4802 ⁸
1424 4769 1691 4842 frumenti
1775 4763 2225 4845 pernitiosissima
2250 4775 2398 4850 mala
2426 4769 2572 4846 quae
2599 4789 2665 4831 ex
2712 4775 2820 4831 ritu
2847 4776 3126 4848 gentilium
3157 4776 3357 4833 remair

135 4851 452 4911 mandemus.
509 4854 855 4917 Hieronimus
901 4861 957 4916 in
997 4863 1335 4933 expositione
1372 4856 1691 4922 Ezechielis.
1777 4866 1911 4922 sisse
1932 4882 2040 4922 non
2065 4867 2286 4922 dubium
2311 4874 2415 4934 est,
2454 4876 2514 4922 ut
2541 4875 2668 4923 sunt
2691 4867 2856 4939 magi,
2886 4867 3062 4933 arioli,
3104 4869 3366 4940 sortilegi,

134 4941 379 5008 PT‘lphetae
403 4963 417 5002 :
452 4969 470 5000 ‹
493 4950 692 5008 Putant
732 4953 950 5024 quidam
977 4964 1196 5010 usuram
1239 4963 1447 5011 tantum
1474 4972 1594 5014 esse
1620 4959 1672 5013 iu
1778 4947 2023 5024 venefici,
2047 4957 2234 5025 divini,
2264 4958 2653 5024 incantatores,
2682 4959 3075 5014 somniatorum
3099 4960 3373 5015 coniecto-

136 5034 336 5101 Ρειτιιηία,
360 5043 497 5109 quod
536 5044 855 5113 praevidens
885 5045 1354 5115 scriptura'omnis
1390 5049 1465 5103 rei
1490 5047 1670 5104 aufert
1780 5062 1899 5116 res,
1938 5064 2074 5118 quos
2101 5046 2293 5104 divina”
2328 5049 2414 5104 lex
2463 5049 2942 5106 inretractabiliter
2988 5049 3166 5120 puniri
3203 5049 3370 5104 iubet.

106 5123 686 5218 rvpi-trbabundantiam,
734 5143 794 5189 ut
819 5134 939 5205 plus
972 5151 1080 5190 non
1128 5136 1358 5206 rccipias
1385 5153 1546 5217 quam
1581 5139 1671 5194 de—
1782 5130 1856 5195 De
1881 5141 2078 5212 quibus
2110 5141 2162 5196 in
2191 5142 2308 5213 lege
2337 5142 2536 5198 dicitur
2553 5121 2571 5195 ἐ
2623 5142 2801 5197 anima
2837 5157 2986 5214 quae
3033 5138 3372 5195 declinaverit

139 5206 255 5267 diSIi.
279 5216 451 5276 Solent
475 5224 530 5278 in
555 5222 700 5296 agris
726 5224 982 5281 frumenti
1013 5234 1067 5281 et
1091 5226 1224 5282 milii
1256 5236 1311 5282 et
1349 5206 1461 5286 vini
1490 5236 1544 5282 et
1569 5229 1672 5284 olei
1782 5243 1850 5286 aa
1878 5206 2058 5304 magos
2089 5243 2136 5288 et
2165 5206 2382 5300 arietes,
2416 5244 2463 5288 et
2491 5232 2752 5304 fornicata
2797 5206 2956 5304 fuerit
3002 5247 3119 5286 cum
3142 5231 3238 5297 eis,
3267 5247 3363 5302 po-

1338 5366 1732 5424 VARIANTES
1771 5369 2172 5427 LECTIONES.

140 5550 159 5584 .
300 5500 430 5584 (in:
467 5515 513 5551 c.
559 5502 818 5584 exigiesn
861 5507 881 5532 ³
909 5517 1104 5584 ternas
1130 5520 1175 5556 c.
1225 5507 1458 5584 “ﬁgenti
1489 5518 1536 5553 ε.
1634 5502 1985 5584 iatenuatur
2010 5523 2060 5564 c.
2163 5506 2183 5537 °
2223 5506 2490 5578 subripiat
2539 5506 2676 5563 corr.
2720 5507 2999 5578 surripiat.
3076 5506 3097 5540 ⁷
3171 5520 3272 5564 nec
3311 5521 3363 5564 c.

187 5565 286 5625 Quis
306 5565 497 5632 qualias
549 5565 689 5624 corr.
729 5575 852 5641 quis
878 5573 1121 5642 siliquas.
1225 5573 1244 5602 ⁹
1285 5565 1457 5628 dérint
1502 5589 1548 5625 ε.
1633 5572 1673 5602 ¹⁰
1713 5590 1885 5643 poena
1909 5595 1962 5643 _c.
2377 5565 2393 5578 ⁸
2864 5565 2878 5578 ⁸
3064 5608 3070 5618 κ

1601 5710 1833 5767 ΝΟΤᾹΞ.

199 5799 220 5829 ⁸
253 5792 285 5852 Ι,
317 5795 396 5850 55.

199 5858 222 5900 δ
250 5861 326 5925 lll,
353 5868 412 5933 ἢ,
441 5886 508 5951 ‘p.
551 5871 706 5929 1658.
749 5873 844 5930 llic
881 5875 1183 5931 Addiuonis
1226 5892 1267 5930 ll
1306 5884 1467 5945 caput
1492 5875 1556 5928 21
1587 5875 1798 5946 incipit.
