3828 6220
444 349 550 401 ίνὲἦ

498 350 550 401 3,“,
1200 322 1205 335 '
1266 302 1322 396 u.
1365 341 1610 397 canon
1650 339 1860 395 MAle
1893 338 2042 395 ore.
2085 340 2262 395 mus
2299 341 2336 393 l.
2380 340 2619 398 sscno
2658 343 2888 398 “una.
3590 351 3675 403 on

448 472 565 510 imm
593 455 777 522 faciem
814 470 980 506 meum
1004 463 1183 506 contra
1206 469 1341 515 eam,
1369 462 1416 506 et
1442 451 1753 520 inter/icium
1779 450 1925 504 illam
1949 451 2013 505 de
2041 457 2093 517 Α
2118 454 2421 521 exemplum
2437 454 2556 511 aliis
2583 458 2842 525 praebere
2869 456 3131 519 volumus,
3159 466 3213 512 et
3239 458 3483 515 ﬁdelibus
3507 468 3676 520 vestris

447 547 612 600 medio
636 544 812 615 populi
837 544 939 597 sui.
972 541 1389 621 Sanctiﬁcumini
1412 552 1460 597 et
1495 543 1661 597 dstote
1686 541 1808 614 (sic)
1828 543 2016 608 sancti,

443 638 566 707 quia
577 652 668 705 ego
679 642 888 688 sanctus
900 649 1012 686 sum
1026 632 1267 688 dominus
1283 631 1421 687 Deus
1436 642 1612 686 vester.
1629 629 1895 688 Custodite
1903 649 2023 703 pre-

444 736 589 795 cepta
614 741 729 778 mea
758 731 806 777 et
829 722 987 792 facite
1012 739 1103 787 ea,
1138 723 1262 793 quia
1293 738 1387 793 ego
1424 721 1681 777 Dominus
1713 723 1802 793 qui
1824 722 2030 776 sancti-.

441 816 545 885 ﬁco
590 831 697 869 vos.
768 814 837 869 Et
862 813 1015 869 'alibi
1064 827 1079 867 :
1131 812 1316 885 Magos
1351 822 1402 867 et
1438 812 1631 868 ariolos
1669 822 1718 868 et
1753 812 2018 883 maleﬁcos

442 918 613 960 terrae
634 905 798 960 vivere
826 920 929 959 non
952 903 1257 975 paciamini.
1291 902 1523 958 Dubium
1550 901 1751 958 etenim
1773 918 1882 959 non
1914 913 2018 969 est,

442 999 583 1053 sicut
607 996 792 1052 multis
819 1003 902 1051 est
921 987 1130 1062 'notum,
1158 994 1300 1066 quod
1340 1010 1371 1049 a
1410 995 1727 1066 quibusdam
1751 995 2021 1066 prestigiis

442 1103 605 1161 atque
630 1088 922 1163 .diabolicis
962 1088 1316 1144 inlusionibns
1353 1088 1424 1143 ita
1454 1096 1660 1145 mentes
1684 1089 2020 1158 quorundam

443 1181 685 1237 inﬁciant
719 1180 928 1251 poculis
972 1178 1273 1244 amatoriis,
1311 1179 1447 1236 cibis
1490 1178 1575 1235 vel
1606 1178 1920 1251 fylacteriis,
1963 1188 2023 1234 u-t

443 1273 496 1327 in
528 1273 544 1303 ί
591 1271 856 1329 insaniam
918 1270 1060 1326 versi
1098 1272 1140 1325 ‘a
1189 1270 1457 1340 plerisque
1507 1270 1843 1340 iudicentur,
1895 1268 2021 1324 dum

441 1364 688 1434 proprias
735 1378 844 1418 non
895 1361 1135 1420 sentiunt
1196 1360 1570 1416 contumelias.
1622 1359 1825 1417 Ferunt
1874 1359 2021 1416 enim

439 1454 555 1507 suis
591 1446 874 1508 maleﬁciis
915 1466 1043 1506 aera
1087 1464 1243 1520 posse
1267 1450 1612 1516 conturbare,
1640 1458 1694 1506 et
1731 1450 2021 1522 grandines

341 1551 345 1555 '
440 1540 733 1608 inmittere,
784 1539 964 1596 futura
1021 1540 1319 1610 predicere,
1364 1538 1570 1598 fructus
1601 1548 1655 1595 et
1684 1540 1765 1595 lac
1807 1541 2021 1596 aulerre

441 1630 669 1702 aliisque
693 1631 843 1696 dare,
885 1630 1261 1685 etinnumera
1302 1644 1333 1683 a
1372 1630 1566 1686 talibus
1595 1630 1711 1686 ﬁeri
1738 1630 2015 1698 dicuntur;

438 1721 533 1792 qui
561 1728 619 1775 ut
652 1718 853 1776 fuerint
896 1718 1201 1777 huiusmodi
1228 1721 1425 1791 reperti
1456 1721 1577 1785 viri,
1605 1721 1719 1777 sive
1742 1719 2015 1789 ~feininae,

2119 541 2394 599 humiliter
2420 545 2772 610 innotescere,
2796 555 2851 602 et
2872 548 3102 601 ﬁdeliter
3122 549 3440 605 denuntiare
3464 568 3675 610 necessa-

2120 634 2203 689 rio
2238 635 2560 719 iudicamus.
2598 636 2705 692 Sed
2746 646 2801 692 et
2833 639 3190 707 parroecbias-
3213 650 3425 696 vestras
3458 643 3480 674 ⁸
3511 660 3676 701 omnes

2120 728 2457 785 admonendo
2488 731 2756 786 instruere
2796 732 3062 801 cupimus,
3091 748 3161 789 ne
3195 734 3346 803 quod
3383 735 3557 801 absit,
3599 751 3677 806 per

2118 831 2273 873 suam
2310 818 2665 888 ignorantiam
2705 826 2756 873 et
2795 828 3037 875 nostram
3081 822 3476 892 neglegentiam
3516 824 3678 882 huius-

2120 906 2327 961 cemodi
2346 905 2635 963 mortiferis
2655 908 2967 963 subiaceant
2982 909 3258 977 periculis.
3276 909 3640 981 Congessimus
3653 915 3677 955 δ

2119 999 2285 1053 etiam
2326 999 2377 1052 in
2412 1013 2573 1068 opere
2606 1008 2903 1054 conventus
2939 1000 3110 1055 nostri
3158 1002 3415 1056 nonnulla
3457 1003 3556 1058 alia
3600 990 3677 1061 ca—

2118 1088 2286 1157 pitula
2334 1089 2403 1143 ad
2452 1089 2715 1145 laicorum
2759 1090 2996 1146 ﬁdelium
3040 1092 3477 1148 observationem
3518 1104 3569 1149 et
3605 1111 3675 1151 sa-

2120 1177 2286 1232 lutem
2323 1179 2665 1248 pertinentia,
2708 1194 2937 1249 quorum
2974 1180 3063 1236 hic
3090 1181 3173 1271 9b
3205 1181 3431 1238 nimiam
3475 1186 3666 1254 preﬁxi-

2120 1264 2286 1324 tatem
2340 1271 2667 1325 mentionem
2708 1278 2919 1324 tantum
2977 1264 3237 1339 facimus,
3299 1272 3503 1329 scilicet
3553 1279 3677 1345 quod

2118 1374 2278 1415 nosse
2313 1375 2407 1415 eos
2440 1367 2685 1430 oporteat
2717 1359 3025 1428 coniugium
3065 1374 3096 1413 a
3138 1360 3249 1416 Deo
3279 1375 3400 1417 esse
3441 1364 3675 1417 constitu-

2120 1458 2255 1515 tum,
2299 1459 2353 1505 et
2387 1452 2531 1520 quod
2562 1466 2670 1506 non
2708 1450 2778 1504 sit
2800 1465 2964 1506 causa
2991 1448 3241 1508 luxuriae
3279 1453 3376 1508 sed
3410 1468 3569 1509 causa
3595 1470 3677 1523 po-

2121 1539 2225 1594 tius
2264 1538 2494 1595 ﬁliorum
2532 1540 2927 1609 appetendum.‘
2964 1539 3030 1594 Et
3087 1548 3144 1595 ut
3188 1540 3471 1612 virginitas
3495 1579 3515 1610 ,
3557 1543 3678 1598 sicut

2120 1631 2369 1686 doctores
2404 1630 2574 1685 nostri
2604 1630 2838 1696 tradunt,
2876 1645 3047 1699 usque
3086 1631 3154 1685 ad
3207 1632 3425 1701 nuptias
3467 1633 3538 1687 sit
3573 1647 3679 1688 cus-

2120 1721 2389 1787 todienda,
2437 1730 2493 1775 et
2525 1736 2723 1777 uxores
2755 1720 3012 1775 habentes
3042 1734 3217 1790 neque
3255 1720 3482 1792 pelicem
3526 1736 3678 1794 neque

441 1812 495 1867 in
532 1818 743 1866 tantum
771 1809 1051 1879 disciplina
1076 1818 1131 1864 et
1154 1810 1337 1881 vigore
1365 1810 1623 1881 principis
1648 1812 1827 1877 aerius
1849 1814 2021 1868 corri-
2059 1809 2096 1866 Β
2123 1811 2477 1866 concubinam
2512 1810 2710 1865 habere
2752 1809 3000 1865 debeant.
3038 1806 3320 1889 Quomodo
3359 1810 3416 1864 in
3456 1812 3678 1866 castitate

440 1901 601 1971 gendi
644 1901 665 1931 ¹¹
692 1908 835 1964 sunt,
865 1902 919 1954 in
952 1908 1213 1969 quantum
1251 1900 1588 1957 manifestius
1621 1918 1756 1958 ausu
1788 1902 2020 1961 nefando

386 2027 415 2059 ε,
438 2001 496 2047 et
531 1990 818 2047 temerario
847 1990 1055 2047 servire
1094 1990 1309 2047 diabolo
1356 2007 1464 2048 non
1518 2001 1781 2050 metuunt.
1820 1976 1895 2052 De
1933 1997 2022 2056 his

440 2098 659 2156 quoque
683 2084 736 2139 in
780 2082 1010 2139 concilio
1040 2082 1353 2140 Anciritano
1379 2083 1532 2141 titulo
1557 2084 1629 2141 23
1656 2086 1730 2140 ita
1761 2088 2022 2158 scriptum

439 2181 561 2228 est:
601 2191 620 2224 ι
653 2172 754 2241 Qui
796 2172 1151 2231 divinationes
1193 2179 1451 2243 expetunt
1476 2181 1531 2230 et
1566 2190 1718 2231 more
1744 2175 2023 2246 gentilium

438 2266 840 2337 subsequuntur
865 2264 907 2330 ³,
935 2272 1027 2319 aut
1061 2265 1115 2320 in
1154 2266 1343 2321 domos
1366 2282 1493 2323 suas
1521 2267 1888 2327 huiuscemodi
1928 2260 2022 2327 bo-

440 2358 615 2413 mines
658 2356 1003 2413 introducunt
1035 2357 1351 2429 exquirendi
1392 2359 1592 2429 aliquid
1634 2369 1750 2416 arte
1780 2362 2021 2419 maleﬁca

438 2460 534 2506 aut
554 2451 805 2521 expiandi
842 2465 1025 2515 causa,
1069 2450 1170 2507 sub
1206 2449 1388 2523 regula
1422 2452 1772 2523 quinquennii
1815 2454 2025 2509 iaceant

439 2544 736 2598 secundum
777 2541 977 2613 gradus
1024 2540 1390 2611 poenitentiae
1424 2540 1694 2598 deﬁnitos.
1727 2561 1746 2595 ι
1801 2542 2026 2615 Oportet

438 2632 584 2686 enim
599 2631 796 2700 baecjn
814 2630 1084 2696 omnibus,
1101 2637 1155 2684 et
1174 2629 1408 2685 maxime
1420 2630 1475 2684 in
1491 2629 1576 2686 his
1592 2631 1743 2699 locis,
1772 2632 1863 2689 ubi
1882 2632 2025 2689 licite

437 2728 495 2776 et
516 2721 713 2791 inpune
737 2719 891 2775 multi
906 2734 981 2793 se.
988 2734 1148 2789 posse
1171 2719 1275 2775 hoc
1298 2729 1609 2789 perpetrare
1630 2722 1937 2787 conﬁdunt,
1967 2731 2025 2779 ut

437 2809 732 2866 studiosius
783 2817 838 2866 et
881 2809 1190 2881 diligentius
1242 2810 1635 2866 admoneamur
1680 2821 1736 2866 et
1784 2814 2025 2870 severius

438 2902 799 2973 corrigantur.
840 2900 978 2956 Sunt
1008 2913 1035 2942 ι
1091 2910 1145 2957 et
1194 2900 1301 2956 alia
1348 2901 1660 2957 detestanda
1701 2901 1849 2969 vitia,
1884 2919 2025 2974 quae

439 2993 514 3048 ita
539 2993 805 3048 habentur
829 2993 985 3063 quasi
1022 2992 1341 3057 naturaliter
1368 2991 1423 3047 in
1469 3008 1572 3048 usu
1616 2993 1660 3058 ‘,
1699 3005 1757 3049 ut
1792 3010 1855 3049 ea
1896 3010 2019 3066 per-

437 3090 729 3153 petrantes,
761 3082 948 3152 quanti
975 3081 1082 3137 sint
1108 3082 1372 3149 criminis,
1401 3098 1508 3139 non
1544 3083 1847 3140 advertant.
1873 3084 2023 3141 Sicut

436 3146 566 3227 sunt
590 3186 657 3227 ea
682 3146 819 3243 quae
843 3171 1118 3242 apostolus
1148 3180 1335 3243 aperte
1353 3146 1657 3241 enumerat,
1681 3174 1734 3231 id
1758 3182 1840 3231 est
1857 3176 2026 3233 ebrie-
2050 3146 2095 3209 (ἶ

437 3268 599 3328 tates,
655 3262 1150 3327 commessationes,
1206 3263 1607 3331 contentiones,
1664 3263 1795 3330 irae,
1850 3265 2022 3333 rixae,

437 3352 831 3418 dissensiones,
896 3351 1287 3419 detractiones,
1350 3352 1614 3419 invidiae,
1680 3354 2019 3421 inimicitiae,

438 3458 583 3515 quae
615 3444 863 3501 homines
896 3443 1046 3500 iuxta
1080 3445 1312 3501 eundem
1338 3445 1638 3516 apostolum
1672 3460 1704 3502 a
1736 3460 1902 3518 regno
1927 3447 2023 3503 Dei

436 3534 747 3601 excludunt,
793 3536 867 3591 ita
906 3536 1155 3606 inquiens
1198 3551 1213 3590 :
1263 3534 1366 3603 Qui
1404 3538 1542 3592 enim
1567 3536 1699 3593 talia
1739 3548 1900 3611 agunt
1944 3556 2025 3595 re-

430 3648 603 3704 gnum
628 3628 726 3685 Dei
752 3646 855 3686 non
878 3639 1245 3703 consecuntur.
1271 3629 1329 3684 In
1363 3638 1572 3685 tantum
1600 3631 1744 3687 enim
1777 3645 1841 3687 ea
1870 3632 2024 3701 inpu-

429 3723 629 3777 denter
654 3728 709 3777 et
731 3718 959 3776 ﬁdenter
995 3720 1213 3790 quidam
1253 3720 1619 3787 committunt,
1646 3726 1705 3775 ut
1730 3720 1924 3777 merito
1955 3721 2024 3778 de

429 3812 536 3868 illis
566 3812 673 3867 dici
694 3810 864 3881 possit
888 3824 903 3864 :
939 3808 1195 3865 Letantur.
1224 3826 1343 3864 cum
1374 3808 1750 3881 malefecerint,
1795 3820 1844 3866 et
1869 3809 2020 3866 eaml-

431 3912 545 3957 tant
573 3904 629 3957 in
654 3902 807 3956 rebus
829 3902 1084 3973 pessimis.
1121 3902 1272 3958 Unde
1297 3909 1529 3971 oportet,
1562 3910 1619 3957 ut
1643 3888 1833 3959 omnes
1871 3902 2018 3959 chri-

434 3994 595 4048 stiani
623 3993 758 4048 haec
801 4001 857 4047 et
884 3991 1151 4048 subtiliter
1178 3992 1491 4063 intellegant
1532 4002 1587 4049 et
1631 3993 2021 4051 studiosissime

436 4089 698 4145 caveant,
753 4095 822 4137 ne
861 4094 926 4135 ea
978 4088 1386 4151 perpetrantes,
1438 4089 1493 4138 et
1546 4082 1652 4138 alia
1698 4084 1840 4141 bona
1883 4099 2020 4156 quae

435 4176 604 4239 ag-mt
632 4168 881 4237 perdant,
926 4175 980 4222 et
1004 4175 1226 4237 propter
1264 4167 1399 4223 haec
1428 4182 1459 4223 a
1485 4184 1653 4240 regno
1684 4170 1779 4225 Dei
1808 4171 2021 4227 sevalie-

435 4271 536 4312 nos
562 4254 782 4311 faciant.
812 4255 1075 4314 Similiter
1099 4256 1263 4311 etiam
1295 4257 1575 4315 de.otioso
1605 4274 1852 4316 sermone
1871 4301 1887 4327 ,
1921 4276 2019 4331 pro

433 4365 544 4421 quo
571 4351 719 4405 iuxta
765 4351 978 4411 Domini
1008 4366 1194 4407 vocem
1241 4366 1418 4407 omnes
1464 4353 1720 4409 reddituri
1753 4372 1934 4411 sumus
1963 4358 2019 4412 in

433 4442 519 4495 die
562 4441 738 4495 iuditii
780 4442 1055 4509 rationem,
1082 4443 1148 4498 de
1189 4434 1486 4500 scurilitate
1523 4451 1575 4500 et
1614 4444 1943 4517 stultiloquio
1968 4456 2021 4502 et

436 4531 934 4597 maledictionibus;
974 4532 1230 4601 quoniam
1268 4530 1418 4588 iuxta
1451 4534 1754 4604 apostolum
1799 4536 2018 4591 maledi-
2050 4522 2100 4582 D

435 4628 605 4675 centes
631 4635 845 4690 regnum
871 4619 969 4675 Dei
995 4637 1100 4674 non
1118 4621 1487 4691 possidebunt;
1523 4623 1590 4679 de
1631 4625 1920 4692 mendatio,
1950 4626 2017 4683 de

434 4712 758 4781 periculoso,
786 4712 966 4777 noxio,
1004 4712 1327 4782 assiduoque
1374 4714 1695 4782 iuramento,
1732 4725 1787 4773 et
1830 4719 2019 4775 obsce-

436 4805 522 4859 nis
551 4805 901 4874 turpibusque
924 4804 1169 4870 canticis,
1198 4806 1450 4862 omnibus
1481 4808 1787 4866 christianis
1812 4811 2020 4867 intelle-

437 4897 670 4963 gendum
710 4904 764 4950 et
788 4897 1182 4952 observandum
1216 4906 1317 4961 est,
1362 4906 1422 4953 ut
1452 4914 1793 4969 summopere
1834 4903 1903 4959 ab
1936 4903 2021 4959 his

435 5001 495 5041 se
520 4994 767 5049 caveant,
797 5000 864 5039 ne
889 4986 972 5041 his
994 4988 1269 5043 studentes
1293 5004 1391 5058 per
1433 4989 1832 5061 neglegentiam
1855 4992 2021 5049 detri-

435 5084 679 5131 mentum
728 5089 947 5130 suarum
988 5078 1273 5145 paciantur
1299 5079 1624 5136 animarum.
1667 5081 1812 5137 llaec
1856 5083 2021 5154 igitur

437 5184 578 5240 quae
623 5170 860 5226 breviter
894 5171 1190 5241 praemissa
1251 5182 1395 5237 sunt,
1442 5175 1679 5243 primum
1734 5177 2021 5235 adiuvante

439 5261 617 5317 divina
658 5264 829 5333 gratia
872 5279 900 5317 a
929 5266 1331 5336 nobismetipsis
1354 5270 1679 5338 abdicando,
1709 5272 1943 5329 formam
1966 5284 2021 5331 et

2123 1918 2318 1958 uxores
2359 1917 2489 1957 suas
2515 1902 2754 1970 diligere,
2781 1902 2969 1970 eisque
2996 1908 3180 1970 utpote
3204 1902 3363 1970 quasi
3392 1900 3677 1957 inﬁrmiori-

2122 1994 2223 2049 bus
2258 1994 2788 2067 honoremdebitum
2846 1993 3077 2049 debeant
3117 1991 3427 2062 inpendere.
3458 1992 3524 2046 Et
3556 1993 3678 2062 quod

2121 2086 2434 2142 commixtio
2471 2085 2703 2142 carnalis
2731 2086 2751 2115 ⁸
2775 2100 2900 2141 cum
2944 2086 3204 2141 uxoribus
3245 2084 3425 2156 gratia
3464 2083 3575 2139 ﬁeri
3598 2084 3678 2139 de-

2122 2180 2248 2234 beat
2276 2178 2458 2248 prolis,
2498 2191 2605 2233 non
2647 2175 2952 2245 voluptatis,
2987 2185 3043 2232 et
3066 2174 3301 2246 qualiter
3335 2189 3367 2228 a
3401 2174 3541 2230 coitu
3566 2190 3676 2244 pre-

2123 2247 2402 2341 gnantium
2446 2283 2675 2324 uxorum
2726 2267 2856 2323 viris
2900 2267 3281 2323 abstinendum
3329 2266 3421 2331 sit,
3468 2247 3523 2321 et
3555 2267 3680 2336 quod

2124 2362 2228 2419 nisi
2248 2378 2410 2419 causa
2427 2361 2817 2427 fornicationis,
2842 2371 2901 2417 ut
2924 2361 3185 2417 Dominus
3212 2361 3447 2426 ait,'non
3475 2359 3544 2417 sit
3562 2375 3679 2415 uxor

2124 2439 2461 2521 dimittenda,
2490 2455 2585 2511 sed
2628 2455 2807 2525 potius
2852 2454 3187 2520 sustinenda,
3232 2462 3309 2510 et-
3335 2454 3480 2524 quod
3510 2453 3562 2508 bi
3600 2453 3680 2523 qui

2124 2561 2287 2602 causa
2314 2544 2683 2600 fornicationis
2728 2544 2964 2600 dimissis
3008 2543 3270 2600 uxoribus
3318 2541 3454 2599 alias
3480 2544 3680 2608 ducunt,

2125 2636 2339 2692 Domini
2369 2635 2633 2694 sententia
2673 2634 2902 2690 adulteri
2927 2648 3047 2690 esse
3082 2641 3356 2691 notentur.
3386 2632 3512 2688 Sive
3535 2632 3679 2689 etiam

2124 2727 2356 2798 qualiter
2383 2727 2589 2805 incesta
2615 2742 2646 2781 a
2676 2726 2992 2784 christianis
3022 2725 3261 2783 cavenda
3308 2725 3445 2792 sint,
3474 2732 3527 2780 et
3556 2723 3681 2795 quod

2124 2817 2242 2873 loca
2269 2817 2379 2872 Deo
2408 2816 2585 2872 dicata
2620 2814 2954 2887 frequentius
3000 2815 3357 2883 devotiusque
3384 2828 3415 2867 a
3460 2813 3681 2867 ﬁdelibus

2124 2910 2194 2964 ad
2242 2908 2410 2963 Deum
2458 2909 2790 2964 exorandum
2827 2905 3037 2976 sibique
3076 2904 3344 2976 propitius
3398 2902 3680 2958 faciendum

2124 2998 2233 3054 sint
2261 2999 2524 3054 adeunda.
2553 2996 2623 3053 Et
2668 2997 2812 3067 quod
2841 2998 2897 3051 in
2944 2982 3183 3052 basilicis
3215 2997 3327 3052 Deo
3364 2994 3552 3052 dicatis
3588 3008 3680 3048 non

2125 3091 2196 3147 sit
2222 3089 2415 3148 fabulis
2441 3090 2628 3147 otiosis
2653 3089 3003 3161 turpibusque
3027 3096 3082 3144 et
3107 3088 3358 3147 obscenis
3386 3085 3681 3144 sermotinac

2129 3183 2362 3239 tionibus
2396 3182 2712 3248 vacandum,
2754 3188 2809 3236 et
2853 3180 3064 3252 negotia
3095 3178 3362 3235 secularia
3402 3180 3423 3210 ⁷
3466 3176 3679 3248 publica.

2124 3289 2228 3345 que
2262 3274 2460 3346 placita
2500 3274 2769 3339 habenda,
2814 3282 2871 3330 et
2892 3273 3035 3343 quod
3065 3273 3158 3343 qui
3194 3272 3331 3328 haec
3372 3272 3427 3327 in
3463 3269 3683 3328 ccclesiis

2123 3364 2220 3420 Dei
2267 3362 2475 3421 faciunt
2525 3364 2734 3420 maiora
2789 3364 2892 3420 sibi
2941 3372 3164 3435 peccata
3210 3361 3566 3420 accumulent.
3616 3360 3679 3414 De

2121 3457 2264 3514 iusto
2295 3458 2483 3513 iuditio
2525 3457 2831 3523 iudicando,
2860 3466 2915 3513 et
2948 3471 3237 3513 munerum
3270 3456 3576 3525 acceptione
3605 3468 3680 3509 ca-

2122 3550 2315 3605 venda.
2366 3549 2441 3604 De
2491 3547 2630 3605 falso
2679 3548 2988 3605 testimonio
3033 3548 3252 3603 vitando
3286 3555 3342 3602 et
3373 3544 3684 3601 detractione

2123 3637 2364 3704 vitanda,
2403 3653 2504 3692 nec
2523 3653 2629 3693 non
2649 3646 2704 3693 et
2738 3638 2803 3694 de
2833 3636 3063 3693 caeteris
3086 3650 3225 3706 quae
3250 3648 3565 3691 enumerare
3584 3632 3671 3689 lon-

2121 3743 2249 3800 gum
2276 3736 2377 3783 est.
2410 3726 2549 3783 Sunt
2582 3728 2748 3784 etiam
2792 3727 2895 3782 alia
2937 3727 3093 3798 plura
3126 3725 3327 3797 ﬂagitia
3358 3738 3675 3797 pernecessa-

2122 3822 2263 3877 rium
2302 3821 2646 3891 corrigenda,
2695 3836 2835 3891 quae
2883 3835 2982 3877 nos
3032 3821 3154 3877 ideo
3201 3820 3291 3876 hic
3325 3820 3561 3876 inserere
3591 3832 3683 3872 non

2122 3912 2487 3987 necessarium
2542 3912 2811 3977 duximus,
2870 3911 3124 3981 quoniam
3173 3910 3307 3966 satis
3340 3910 3607 3966 evidenter
3636 3906 3682 3961 in

2122 4001 2317 4056 vestris
2344 4000 2598 4071 capitulis
2620 4016 2683 4056 ea
2715 4001 3101 4070 comprehensa
3133 4015 3253 4057 esse
3299 4000 3521 4065 scimus,
3563 4013 3679 4069 quae

2122 4107 2217 4148 vos
2252 4100 2430 4147 vestra
2464 4092 2785 4148 auctoritate
2814 4101 2868 4147 et
2894 4092 3130 4153 ﬁdelium
3162 4093 3415 4150 consultu
3439 4108 3535 4164 per
3559 4100 3670 4147 stre-

2121 4199 2259 4241 nuos
2289 4185 2485 4241 missos
2522 4192 2732 4242 vestros
2762 4186 3078 4257 corrigenda
3108 4201 3228 4243 esse
3257 4187 3620 4243 consuevistis.

2430 4352 2431 4357 χ
2530 4278 2619 4333 DE
2653 4276 2972 4352 reasons
3010 4277 3287 4336 REGALI.

2193 4367 2326 4422 Item
2352 4367 2476 4423 alia.
2505 4367 2652 4427 Haec
2678 4380 2699 4408 ο
2736 4385 2835 4426 nos
2866 4370 3053 4427 ﬁdeles
3077 4379 3133 4425 et
3158 4371 3495 4428 devotissimi
3524 4368 3679 4425 fanntli

2121 4464 2176 4511 et
2209 4466 2455 4514 oratores
2501 4460 2667 4517 vestri
2719 4461 2869 4515 iuxta
2920 4462 3246 4531 parvitatem
3293 4478 3487 4518 sensus
3534 4458 3680 4517 nostri

2122 4558 2282 4619 prout
2310 4552 2547 4607 brevitas
2573 4554 2831 4623 temporis
2857 4553 3120 4622 permisit,
3146 4555 3446 4610 secundum
3467 4560 3679 4610 sanctam

2122 4639 2518 4696 ordinationem
2567 4651 2822 4709 vestram,
2858 4644 2924 4699 de
2975 4644 3061 4699 his
3094 4659 3232 4713 quae
3266 4645 3336 4700 ad
3373 4653 3603 4702 nostram
3638 4646 3679 4696 et

2122 4732 2463 4805 sacerdotum
2490 4734 2963 4805 subiectorumque
2984 4744 3297 4792 nostrorum
3318 4737 3678 4793 correctionem

2122 4828 2177 4875 et
2206 4824 2636 4881 emendationem
2670 4828 2942 4895 pertinere
2973 4829 3372 4900 perspeximus,
3396 4845 3501 4886 nec
3516 4844 3610 4885 non
3638 4833 3679 4881 et

2125 4912 2191 4968 de
2215 4913 2301 4969 his
2331 4928 2470 4983 quae
2508 4918 2722 4987 populis
2757 4922 3063 4978 necessario
3113 4925 3486 4980 adnuntianda
3510 4930 3561 4978 et
3600 4918 3679 4974 ad-

2126 5006 2405 5061 mouenda
2422 5010 2807 5078 praevidimus,
2841 5014 2973 5070 illud
3001 5016 3167 5072 etiam
3196 5016 3339 5087 quod
3368 5028 3573 5073 vestrae
3591 5013 3683 5083 pie-

2128 5096 2226 5150 tati
2270 5097 2665 5167 deposcendum
2708 5106 3083 5162 tantummodo
3115 5105 3495 5174 indicavimus,
3534 5115 3677 5176 palla

2130 5185 2197 5242 (le
2226 5188 2412 5244 multis
2436 5206 2574 5261 quae
2598 5191 2653 5246 in
2679 5196 2882 5249 nostris
2906 5198 3266 5253 conventibus
3292 5206 3440 5268 gesta
3466 5204 3587 5253 sunt
3604 5206 3683 5252 es-

2128 5289 2432 5347 cerpentes,
2479 5284 2533 5337 in
2563 5300 2731 5338 unum
2781 5287 3071 5357 redigenda
3113 5288 3355 5344 succinte
3400 5297 3455 5345 et
3489 5286 3679 5347 ordim-

1648 5384 2040 5444 VARIANTES
2075 5390 2476 5450 LECTIONES.

510 5490 527 5522 ³
552 5490 714 5545 deest.
790 5492 809 5520 '
831 5493 1115 5548 eorruendi
1140 5510 1187 5546 c.
1299 5495 1319 5525 ³
1354 5497 1718 5554 subsecuntur
1741 5518 1787 5554 c.
1862 5502 1882 5532 ⁸
1905 5519 2060 5558 nsum
2092 5523 2141 5559 c.
2218 5508 2336 5563 “sic.
2414 5511 2436 5541 ⁸
2458 5513 2767 5569 carnalibus
2782 5532 2828 5567 c.
2893 5515 3170 5571 'secnlara
3197 5534 3246 5571 c.

1973 5616 2202 5673 NOT/E.

506 5710 533 5774 ξ
560 5695 656 5774 lite
688 5701 739 5774 in
770 5700 1140 5774 Additionen,
1165 5718 1285 5774 cap.
1317 5703 1405 5767 22,
1440 5704 1643 5774 incipit.

509 5767 536 5808 ι
566 5770 662 5824 llic
692 5772 877 5841 incipit
905 5772 1206 5829 Additionis
1233 5767 1271 5826 it
1300 5788 1417 5844 cap.
1441 5773 1529 5827 23.

2190 5724 2211 5752 ε
2239 5713 2354 5769 Lib.
2388 5734 2468 5781 Ill,
2500 5731 2563 5771 ex
2588 5720 2834 5788 epistola,
2866 5736 2919 5791 p.
2951 5721 3107 5789 1656,
3133 5724 3275 5778 med.
