3828 6220
158 272 267 328 64.5

434 262 658 321 CODEX
700 254 1216 344 DIPLOMATICUS.
1248 284 1317 293 —
1346 250 1665 309 LUDOVICI
1706 252 1724 306 l

1832 251 1850 307 Γ
1888 248 2211 307 ιΟΤΙΙΜιΙΙ
2245 245 2729 304 ϐΑριτυιΛιιιΑ.
2762 275 2828 291 -—-
2858 242 2957 315 Au.
2999 244 3122 302 8‘29.

3311 248 3422 301 6‘25

157 386 256 438 tim
283 376 669 437 adnotavimus.
704 370 810 427 Sed
839 382 1163 441 quamquam
1197 364 1386 421 ordine
1417 371 1731 435 prcpostcro
1764 370 1805 427 Α
1833 370 2129 433 potestates
2151 360 2489 417 necessariae
2514 373 2621 414 non
2666 365 2870 422 essent,
2903 354 3007 411 nisi
3036 364 3094 411 ut
3122 354 3263 426 quod
3309 372 3416 413 non

160 473 226 528 de
255 472 343 525 his
368 481 499 537 quae
521 462 788 536 promissa
818 461 832 492 '
873 467 1000 516 sunt
1029 467 1207 514 vestro
1232 453 1611 511 ardentissimo
1645 453 1736 508 de-

187 561 362 631 itlerio
402 556 551 627 prius
598 551 910 610 satisfacere
966 547 1313 620 elegerimus,
1372 544 1501 601 illud
1555 551 1734 597 tamen

156 653 303 727 quod
330 652 380 706 in
404 648 577 718 capite
600 644 750 716 prius
772 640 1077 715 ponendum
1104 638 1278 694 fuerat
1303 644 1356 693 et
1391 635 1460 691 ad
1499 642 1733 727 vestram

155 726 459 813 specialiter
480 740 766 809 personam
792 731 1267 814 ministeriumque
1280 727 1551 799 pertinere
1592 726 1614 756 ¹
1640 739 1734 781 co-

155 832 455 902 gnovimus,
501 826 806 881 nullatenus
848 820 1105 878 oblivioni
1133 819 1470 883 tradidimus,
1502 815 1596 872 sed
1640 829 1733 884 po—

156 925 266 980 tius
312 926 518 974 vestrae
546 914 705 971 saluti
741 912 1161 984 prospicientes,
1211 907 1468 965 nonnulla
1497 905 1732 977 capitula

153 1005 717 1068 nccessariaiideliter
763 1002 1078 1073 collegimus
1118 1008 1173 1073 et
1196 999 1349 1055 vobis
1394 996 1736 1053 familiariter

152 1098 533 1159 admonitionis
555 1097 728 1170 gratia
756 1095 1078 1167 porrigenda
1110 1092 1441 1153 devovimus,
1467 1097 1528 1145 ut
1550 1095 1736 1159 aperte

151 1201 313 1263 atque
339 1188 584 1247 distincte
617 1186 954 1257 inspiciendo
996 1183 1222 1256 legendo
1248 1190 1306 1239 et
1328 1181 1613 1246 audiendo,
1650 1194 1737 1235 ve-

150 1290 259 1342 stra
290 1292 619 1350 cognoscere
636 1278 813 1348 possit
833 1274 1094 1338 sollertia,
1119 1272 1185 1330 de
1202 1272 1400 1343 quibus
1418 1279 1473 1326 et
1496 1285 1594 1342 pro
1616 1272 1737 1342 qui—

150 1372 248 1425 bus
286 1370 345 1425 in
375 1368 684 1426 memoratis
711 1365 1063 1423 conventibus
1088 1363 1298 1436 nostris
1325 1360 1619 1419 secundum
1664 1362 1736 1419 νίτ

151 1462 289 1516 rium
316 1457 1049 1531 possibilitatem'nostrarum
1080 1455 1309 1512 ﬁdeliter
1335 1454 1625 1527 egerimus.

218 1553 268 1605 i.
303 1550 378 1607 Ut
397 1562 421 1592 ι
452 1549 581 1620 quid
610 1564 708 1606 rex
737 1548 913 1605 dictus
942 1548 1030 1614 sit,
1068 1546 1324 1603 Ysidorus
1350 1546 1405 1601 in
1430 1545 1572 1601 libro
1606 1558 1734 1601 sen-

150 1642 435 1699 tentiarum
462 1640 674 1696 scribit.
713 1657 733 1691 ι
768 1637 884 1695 Rex
911 1637 1061 1693 enim
1090 1636 1266 1707 inquit
1292 1651 1324 1692 a
1347 1642 1497 1693 recte
1524 1633 1735 1707 agendo

1838 450 2108 521 praevalet
2153 449 2406 507 sacerdos
2435 447 2645 505 efficere
2664 461 2763 519 per
2785 445 3063 503 doctrinae
3090 460 3416 514 sermonem,

1835 550 2075 614 potestas
2097 544 2201 599 hoc
2230 543 2457 613 imperet
2474 555 2575 613 per
2607 538 2927 611 disciplinae
2951 547 3236 595 terrorem.
3267 558 3287 592 s
3320 539 3419 595 Sa-

1836 633 2015 689 lomon
2059 634 2114 689 in
2139 632 2478 705 proverbiis:
2513 630 2879 713 Misericordia
2923 639 2971 684 et
3012 631 3202 686 veritas
3241 640 3416 684 custo-

1835 726 1985 781 diunt
2012 741 2202 796 regem,
2229 734 2278 779 et
2305 722 2877 797 roboraturciementia
2905 721 3124 776 thronus
3148 722 3280 777 eius.
3309 721 3417 775 lle-

1835 817 1953 889 galc
1992 816 2014 849 ⁸
2035 816 2061 858 ἀ
2093 832 2324 888 namque
2345 810 2708 873 ministerium
2732 813 3036 887 specialiter
3056 824 3140 870 est
3159 815 3418 885 populum

1837 906 1932 962 Dei
1965 907 2266 977 gubernare
2290 914 2346 962 et
2369 919 2557 979 regere
2586 920 2711 962 cum
2753 904 2994 977 equitate
3019 912 3075 961 et
3109 905 3337 969 iustitia,
3365 917 3420 961 ct

1835 1004 1895 1052 ut
1920 1010 2105 1068 pacem
2147 1004 2202 1053 et
2223 997 2569 1053 concordiam
2596 994 2835 1051 habeant
2867 994 3104 1051 studere.
3138 994 3255 1066 ipse
3272 994 3419 1049 enim

1835 1087 1995 1145 debet
2015 1088 2192 1160 primo
2217 1087 2472 1145 defensor
2490 1100 2611 1143 esse
2634 1084 3012 1152 ecclesiarum,
3058 1093 3115 1141 et
3138 1100 3418 1140 servorum

1837 1177 1953 1245 Dei,
1999 1178 2304 1246 viduarum,
2355 1175 2690 1244 orfanorum,
2733 1185 3179 1248 caeterorumque
3220 1191 3424 1247 paupe-

1836 1285 1976 1336 rum,
2022 1285 2122 1327 nec
2153 1286 2263 1327 non
2305 1276 2360 1326 et
2380 1269 2622 1326 omnium
2657 1266 3035 1339 indigentium.
3063 1267 3239 1338 Ipsius
3274 1266 3420 1321 enim

1837 1368 2013 1417 terror
2038 1368 2095 1415 et
2117 1358 2357 1416 studium
2384 1358 2760 1415 huiuscemodi
2786 1358 2842 1413 in
2873 1365 3136 1429 quantum
3164 1355 3424 1429 possibile

1836 1457 1921 1507 est
1943 1463 2064 1507 esse
2086 1450 2264 1517 debet,
2305 1449 2485 1521 primo
2516 1448 2749 1519 utnulla
2777 1449 3043 1506 iniustitia
3070 1448 3187 1517 ﬁat,
3228 1448 3424 1504 deinde

1836 1540 1883 1596 si
1907 1540 2149 1599 evenerit
2185 1549 2248 1597 ut
2287 1539 2437 1597 nullo
2468 1542 2630 1598 modo
2649 1554 2769 1596 eam
2792 1540 3091 1597 subsistere
3113 1539 3417 1611 permittat,

1837 1646 1939 1689 nec
1978 1647 2129 1705 spem
2181 1631 2530 1689 delitescendi
2571 1631 2687 1688 sive
2731 1617 3007 1687 audatiam
3051 1629 3194 1687 male
3227 1630 3419 1700 agendi

147 1739 391 1797 vocatur,
421 1731 464 1787 si
487 1731 633 1787 enim
658 1730 745 1802 pie
764 1739 820 1787 et
842 1731 983 1787 iuste
1018 1737 1073 1786 et
1098 1726 1524 1793 misericOrditer
1565 1711 1723 1797 regit;
1760 1721 1806 1784 Β
1834 1730 2085 1801 cuiquam
2111 1729 2401 1800 relinquat.
2433 1725 2541 1785 Sed
2566 1726 2743 1787 sciant
2761 1741 2968 1791 omnes,
3001 1725 3256 1797 quoniam
3283 1724 3332 1781 si
3353 1725 3422 1780 ad

151 1821 339 1879 merito
374 1836 464 1877 rex
493 1820 823 1891 appellatur.”
844 1819 901 1876 Si
932 1820 1021 1876 bis
1061 1818 1318 1884 caruerit,
1345 1832 1454 1873 non
1494 1829 1591 1871 rex
1630 1814 1725 1872 s‘ed

150 1919 409 1979 tyrannus
437 1917 539 1963 est.
576 1928 595 1961 ι
629 1908 850 1980 Antiqui
882 1917 1083 1974 autem,
1130 1917 1190 1963 ut
1225 1907 1365 1964 idem
1393 1905 1631 1964 lsidorus
1669 1905 1726 1962 in

151 1999 282 2054 libro
313 1997 783 2069 etbimologiarum
811 1999 1019 2065 scribit,
1048 2012 1237 2054 omnes
1281 2010 1439 2070 reges
1466 2005 1725 2069 tyrannos

150 2088 428 2142 vocabant.
457 2086 563 2144 Sed
600 2097 786 2158 postea
819 2089 907 2159 pie
937 2097 993 2145 et
1020 2089 1446 2146 misericorditer
1489 2088 1728 2160 regenti-

149 2176 243 2233 bus
269 2178 415 2249 regis
439 2193 634 2234 nomen
668 2178 895 2251 adeptis,
923 2180 1086 2251 impie
1111 2192 1259 2247 vero,
1289 2179 1505 2246 iniuste,
1530 2179 1727 2237 crude-

152 2266 369 2336 literque
418 2268 866 2339 principantibus,
899 2286 1005 2326 non
1034 2270 1179 2343 regis
1220 2271 1289 2328 ad
1323 2270 1353 2314 ιθ
1384 2271 1725 2344 tyrannicum

154 2365 378 2429 aptatum
427 2366 510 2414 est
547 2374 768 2416 nomen.
811 2360 965 2419 Unde
1002 2370 1059 2419 et
1097 2362 1290 2419 beatus
1321 2361 1617 2433 Gregorius
1651 2362 1729 2419 ait

153 2450 202 2505 in
224 2450 514 2507 moralibus
558 2469 573 2506 :
612 2470 629 2504 ι
663 2452 822 2509 Viros
850 2468 1081 2524 namque
1106 2462 1324 2511 sanctos
1368 2454 1595 2525 proinde
1636 2469 1726 2512 re-

152 2554 235 2613 ges
253 2541 438 2596 vocari
464 2540 519 2596 in
553 2542 727 2599 sacris
753 2543 865 2598 suis
890 2543 1123 2613 eloquiis,
1141 2543 1430 2608 didicimus
1446 2583 1459 2609 ,
1493 2558 1559 2599 eo
1582 2544 1726 2614 quod

155 2639 287 2689 recte
311 2639 479 2703 agunt
503 2647 802 2703 sensusque
830 2635 1078 2706 proprios
1103 2636 1240 2691 bene
1266 2643 1486 2707 regant,
1513 2634 1569 2690 et
1609 2649 1726 2690 mo-

154 2734 231 2783 tus
272 2725 588 2782 resistentes
626 2726 729 2783 sibi
778 2727 1084 2783 rationabili
1133 2727 1465 2785 discretione
1511 2743 1726 2801 compo-

156 2824 289 2872 nant.
321 2836 339 2868 ι
367 2815 538 2873 Recte
571 2817 737 2888 igitur
764 2818 840 2874 illi
878 2833 1035 2890 reges
1066 2827 1347 2886 vocantur,
1383 2820 1475 2890 qui
1503 2828 1612 2875 tam
1638 2834 1724 2876 se-

158 2907 401 2978 metipsos
430 2900 591 2978 quam
616 2909 889 2966 subiectos
912 2910 1050 2965 bene
1075 2911 1309 2981 gerendo
1326 2910 1616 2981 paciﬁcare
1635 2925 1728 2967 no-

156 2992 345 3054 verunt.
374 2998 447 3054 At
473 3009 496 3038 ο
531 2993 655 3070 quid
693 3000 857 3055 etiam
908 3000 1231 3057 constitutus
1265 3001 1285 3032 ³
1312 3001 1384 3056 sit
1411 3002 1729 3071 imperator,

157 3086 448 3159 Fulgentius
497 3088 551 3143 in
579 3088 720 3144 libro
769 3090 835 3145 de
880 3091 1106 3146 veritate
1150 3091 1626 3161 predestinationis
1669 3080 1799 3150 etC

160 3184 341 3245 mtiae
376 3184 603 3240 scribit:
648 3201 666 3263 ᾳ
696 3182 1159 3272 Clementissimus
1196 3200 1409 3261 quoque
1434 3187 1728 3257 imperator

157 3287 249 3328 non
276 3271 393 3328 ideo
439 3282 524 3329 est
574 3257 673 3347 vas
698 3257 1476 3347 misericordiae‘prcparatum
1518 3277 1572 3332 in
1614 3276 1775 3350 glo-_-

160 3367 245 3434 ria,
277 3367 398 3436 quia
427 3354 634 3437 apicem
663 3369 863 3423 terreni
906 3369 1245 3439 principatus
1286 3369 1513 3440 accepit,
1554 3371 1650 3425 sed
1677 3369 1723 3424 si

159 3442 401 3524 imperiali
450 3456 689 3512 culmine
735 3466 882 3512 recta
928 3457 1032 3513 ﬁde
1075 3458 1240 3521 vivat,
1280 3463 1336 3513 'et
1376 3474 1504 3515 vera
1544 3459 1727 3516 cordis

161 3545 439 3601 humilitate
486 3548 750 3617 preditus,
796 3547 1009 3604 culmen
1057 3550 1239 3619 regiae
1280 3549 1560 3622 dignitatis
1600 3566 1726 3607 san-

159 3646 262 3692 ctae
296 3639 539 3710 religioni
573 3641 832 3708 subiciat;
885 3641 931 3697 si
981 3643 1155 3714 magis
1183 3644 1238 3698 in
1281 3644 1477 3700 timore
1517 3644 1727 3699 servire

165 3728 276 3795 Deo,
308 3746 467 3801 quam
510 3732 567 3787 in
622 3733 821 3789 timore
864 3734 1131 3790 dominari
1176 3734 1372 3805 popqu
1403 3736 1721 3803 delectetur,

161 3819 197 3873 si
222 3819 267 3874 in
292 3837 353 3876 eo
380 3821 575 3879 lenitas
615 3823 949 3881 iracundiam
976 3826 1206 3897 mitiget,
1235 3835 1392 3884 ornet
1417 3828 1725 3898 benignitas

162 3917 481 3978 potestatem,
523 3914 569 3969 si
594 3928 653 3969 se
696 3916 868 3986 magis
902 3915 1230 3986 diligendum
1274 3932 1437 3988 quam
1471 3899 1722 3975 metuen-

163 3998 269 4053 dnm
293 4004 497 4059 cunctis
518 4007 751 4072 exibeat,
782 4006 829 4061 si
855 4007 1114 4063 subiectis
1137 4007 1430 4065 salubriter
1451 4009 1719 4075 consulat,

162 4088 199 4141 si
222 4090 467 4150 iustitiam
512 4095 591 4151 sic
616 4104 798 4152 teneat
841 4108 903 4153 ut
942 4099 1368 4155 misericordiam
1412 4116 1520 4157 non
1561 4102 1724 4158 relin-

164 4189 291 4246 quat,
334 4182 377 4237 si
418 4197 515 4255 pre
554 4187 807 4242 omnibus
833 4188 905 4243 ita
942 4204 1001 4244 se
1032 4197 1218 4245 sancte
1242 4191 1434 4246 matris
1459 4190 1722 4247 ecclesiae

167 4271 433 4353 catholicae
462 4278 772 4333 meminerit
801 4278 992 4346 ﬁlium,
1019 4289 1079 4335 ut
1099 4281 1217 4337 eius
1239 4283 1362 4352 paci
1385 4274 1548 4353 atque
1572 4293 1722 4339 tran-

163 4358 385 4425 auillitati
410 4378 506 4433 per
535 4366 847 4424 universum
877 4370 1135 4426 mundum
1163 4372 1419 4441 prodesse
1441 4388 1598 4428 suum
1638 4372 1713 4427 fa-

1827 1821 2000 1893 ipsius
2022 1821 2272 1879 notitiam
2296 1819 2607 1890 pervenerit
2626 1818 2903 1903 quippiam
2935 1816 3061 1873 mali
3087 1817 3231 1888 quod
3247 1816 3419 1871 admi-

1825 1910 2017 1978 serint,
2046 1924 2386 1982 nequaquam
2410 1908 2771 1966 incorrectum
2800 1918 2893 1964 aut
2918 1908 3149 1965 inultum
3173 1915 3415 1964 remane-

1824 2000 1925 2067 bit,
1953 2002 2048 2058 sed
2075 2001 2223 2057 iuxta
2251 1999 2379 2057 facti
2402 1999 2722 2072 qualitatem
2747 1999 2852 2056 erit
2878 1999 3069 2056 modus
3093 1996 3271 2054 iustae
3292 2013 3415 2054 cor-

1826 2092 2103 2150 rectionis.
2135 2090 2291 2150 Unde
2317 2097 2551 2163 oportet,
2582 2098 2645 2146 ut
2684 2090 2802 2161 ipse
2843 2089 2937 2160 qui
2965 2088 3128 2145 iudex
3157 2094 3242 2144 est
3266 2086 3411 2142 indi-

1826 2203 1968 2254 cum,
1997 2202 2217 2244 causam
2250 2201 2547 2258 pauperum
2573 2184 2642 2241 ad
2667 2199 2726 2242 se
2761 2183 2969 2256 ingredi
2990 2184 3012 2217 τ
3041 2180 3224 2248 faciat,
3259 2189 3314 2238 et
3335 2180 3418 2236 di-

1825 2283 2056 2355 ligenter
2078 2279 2336 2352 inquirat,
2369 2294 2439 2336 ne
2466 2277 2606 2335 forte
2630 2277 2796 2349 aliqui
2825 2275 2917 2348 qui
2941 2276 3010 2333 ab
3034 2289 3100 2332 eo
3125 2272 3409 2332 constituti

1827 2383 1955 2431 sunt
1997 2381 2054 2431 et
2080 2374 2255 2430 vicem
2276 2373 2395 2430 eius
2432 2386 2595 2446 agere
2640 2371 2836 2445 debent
2868 2370 2923 2426 in
2964 2367 3184 2441 populo,
3215 2366 3416 2423 iniuste

1828 2474 1922 2521 aut
1954 2464 2302 2537 neglegenter
2325 2477 2595 2534 pauperes
2618 2460 2999 2532 oppres‘siones
3031 2459 3143 2530 pati
3188 2455 3415 2537 permit-

1828 2556 1966 2612 tant.
1995 2535 2148 2611 Scire
2176 2562 2360 2610 autem
2393 2564 2835 2622 unumquemque
2860 2547 3150 2605 cuiuslibet
3176 2535 3249 2603 sit
3272 2545 3419 2602 ordi-

1828 2649 1913 2706 nis
1944 2656 2178 2719 oportet,
2224 2646 2348 2717 quia
2385 2646 2431 2702 si
2473 2645 2539 2702 de
2579 2644 2764 2701 ocioso
2797 2656 3048 2714 sermone
3092 2638 3204 2697 Deo
3252 2640 3417 2697 ratio-

1828 2758 1951 2799 nem
1975 2740 2284 2798 redditurus
2312 2747 2413 2803 est,
2441 2737 2611 2794 multo
2650 2736 2823 2808 magis
2864 2735 2929 2791 de
2964 2732 3271 2790 ministerio
3312 2733 3416 2788 sibi

1827 2833 2086 2890 divinitus
2109 2833 2420 2890 commisso.
2449 2830 2603 2887 Unde
2632 2830 2825 2885 beatus
2868 2828 2960 2884 Iob
3009 2845 3022 2882 :
3058 2825 3292 2898 Cumque
3327 2841 3413 2880 se-

1826 2926 2002 2982 derem
2047 2916 2200 2997 quasi
2242 2941 2332 2980 rea:
2357 2925 2724 2979 circumstante
2766 2922 3027 2988 exercitu,
3055 2936 3201 2975 eram
3241 2928 3416 2974 tamen

1828 3017 2138 3071 merentium
2163 3014 2493 3080 consolator;
2520 3014 2665 3069 auris
2690 3012 2912 3066 audiens
2953 3008 3284 3080 beati/icabat
3313 3025 3413 3069 me,

1828 3116 1876 3161 et
1902 3086 2111 3161 occulus
2140 3106 2315 3162 videns
2340 3104 2692 3160 testimonium
2719 3101 2966 3156 reddebat
2993 3098 3152 3155 michi
3176 3098 3317 3170 quod
3346 3096 3414 3151 li-

1829 3200 2087 3254 berassem
2128 3212 2410 3268 pauperem
2435 3193 2803 3265 vociferantem
2826 3200 2875 3247 et
2903 3190 3161 3265 pupillum
3196 3190 3280 3244 cui
3313 3206 3416 3244 non

1827 3298 1959 3345 esset
1982 3287 2213 3342 adiutor.
2261 3285 2562 3340 Benedictio
2585 3285 2829 3357 pauperis
2860 3300 3018 3356 super
3036 3299 3117 3338 me
3159 3282 3416 3346 veniebat,

1826 3388 1875 3433 et
1898 3395 1990 3433 cor
2029 3377 2216 3433 viduae
2240 3376 2538 3433 consolatus
2566 3372 2716 3441 sum;
2742 3377 2943 3431 iustitia
2966 3376 3180 3430 indutus
3202 3391 3340 3440 sum,
3368 3385 3417 3430 et

1828 3467 2001 3523 aestivi
2041 3482 2125 3521 me
2148 3468 2282 3521 sicut
2309 3467 2609 3521 vestimento
2637 3476 2685 3521 et
2723 3465 3022 3520 diademate
3045 3464 3234 3520 iuditio
3276 3481 3412 3518 meo.

1828 3556 2026 3612 Oculus
2051 3555 2131 3628 fui
2154 3573 2273 3613 ceco
2303 3566 2351 3612 et
2378 3574 2466 3629 pes
2505 3555 2726 3623 claudo;
2755 3566 2906 3629 pater
2948 3573 3093 3612 eram
3128 3574 3416 3629 pauperum

1824 3661 1872 3706 et
1900 3669 2113 3707 causam
2155 3655 2311 3724 qu’am
2357 3653 2647 3708 nesciebam
2691 3652 3087 3724 diligentissime
3133 3654 3415 3723 investiga-

1826 3742 1963 3798 bam.
1998 3742 2340 3799 Conterebam
2367 3744 2528 3799 moles
2558 3744 2764 3815 iniquas
2798 3755 2844 3799 et
2869 3745 3112 3799 dentibus
3145 3744 3290 3799 illius
3326 3761 3415 3798 au-

1825 3835 2055 3906 ferebam
2080 3837 2352 3908 praedam.
2382 3836 2496 3891 Rex
2517 3838 2605 3909 qui
2628 3836 2769 3891 sedet
2793 3838 2847 3891 in
2874 3836 3007 3893 solio
3050 3837 3228 3891 iuditii
3257 3837 3416 3891 dissi-

1823 3934 1912 3996 pat
1933 3943 2084 3981 omne
2110 3925 2308 3981 malum
2332 3937 2459 3982 nutu
2487 3944 2604 3983 suo.
2634 3926 2766 3983 ltcm
2790 3926 2932 3983 idem
2955 3928 3009 3983 in
3037 3928 3174 3985 libro
3197 3929 3412 3999 sapien-

1826 4018 1962 4073 tiae:
1988 4017 2203 4090 Diligite
2227 4020 2482 4073 iustitiam
2510 4021 2598 4091 qui
2622 4019 2871 4075 iudicatis
2901 4031 3117 4087 terram,
3147 4022 3332 4076 sentite
3351 4022 3416 4077 de

1824 4108 2047 4162 Domino
2071 4109 2127 4162 in
2165 4108 2413 4176 bonitate,
2438 4118 2486 4165 et
2512 4110 2568 4165 in
2604 4111 2937 4183 simplicitate
2959 4112 3133 4167 cordis
3178 4113 3416 4185 quaerite

1821 4201 1993 4256 illum.
2035 4203 2165 4258 Item
2195 4204 2268 4258 ibi
2314 4222 2326 4257 :
2360 4204 2550 4259 Audite
2588 4220 2710 4275 ergo
2733 4221 2877 4275 rcges
2909 4215 2957 4260 ct
2983 4204 3283 4277 intellegite,
3309 4206 3417 4260 dis-

1821 4295 1920 4349 cite
1944 4296 2144 4350 iudices
2182 4295 2369 4365 ﬁnium
2396 4304 2597 4362 terrae;
2645 4297 2884 4367 praebete
2912 4313 3066 4353 aures
3092 4308 3291 4353 vestras
3325 4299 3414 4368 qui

1820 4388 2095 4442 continetis
2122 4387 2501 4453 multitudines,
2539 4400 2585 4443 e‘
2620 4389 2836 4460 placetis
2873 4389 3012 4444 vobis
3037 4390 3092 4443 in
3125 4389 3289 4444 turbis
3322 4406 3414 4444 na-

166 4448 256 4546 fiat
283 4454 653 4550 principatum.
700 4459 869 4531 Magis
914 4464 1059 4517 enim
1105 4463 1460 4520 christianum
1506 4466 1714 4536 regitur

1832 4476 2037 4542 fionum,
2063 4478 2314 4548 quoniam
2343 4478 2469 4531 data
2504 4489 2579 4533 est
2610 4497 2641 4533 (ι
2670 4478 2900 4534 Domino
2940 4490 3168 4550 potestas
3201 4479 3341 4534 vobis
3363 4490 3415 4535 ct

166 4541 435 4611 imperium,
474 4548 601 4602 dum
643 4550 1012 4607 ecclesiastico
1044 4554 1206 4608 statui
1234 4569 1331 4624 per
1354 4570 1571 4611 onmem
1598 4564 1708 4611 ter—

1832 4566 1974 4621 Iirtus
2000 4567 2065 4622 ab
2089 4567 2367 4622 altissimo.
2400 4570 2503 4636 Qui
2526 4587 2627 4625 non
2657 4541 2958 4625 custodistis
2987 4569 3150 4644 legem
3181 4570 3416 4625 iustitiae

166 4639 261 4682 ram
296 4635 602 4702 consulitur,
629 4648 791 4709 quam
822 4657 945 4696 cum
971 4643 1024 4696 in
1050 4653 1203 4713 parte
1235 4659 1573 4715 quacumque
1602 4655 1711 4701 ter—

1832 4674 1973 4728 ieque
1994 4660 2279 4714 secundum
2307 4661 2624 4716 voluntatem
2660 4663 2758 4717 Dei
2786 4662 3117 4728 ambulastis,
3156 4662 3415 4718 horrende

168 4731 435 4825 ῗτξιξι-ρνο
461 4730 1059 4825 ιοιηρργειίεοςυνίιεηυ
1097 4745 1367 4806 Pugnatur
1414 4738 1455 4792 ⁸ο
1488 4759 1507 4792 ι
1557 4739 1714 4795 Umle
1811 4757 1859 4801 et
1888 4748 1991 4802 cito
2036 4750 2303 4821 apparebit
2349 4753 2490 4807 vobis
2523 4753 2811 4821 Dominus,
2858 4757 3105 4825 quoniam
3156 4754 3409 4809 iuditium

497 4821 689 4920 φτὶὺίι
714 4840 727 4876 :
753 4841 782 4920 ⁵ι
814 4823 1093 4920 Principes
1122 4843 1354 4899 namque
1380 4830 1547 4886 seculi
1576 4847 1711 4886 non-
1814 4807 2156 4895 durissimum
2202 4841 2256 4895 in
2279 4843 2359 4897 bis
2409 4845 2497 4914 qui
2547 4807 2810 4915 praesunt,
2841 4807 3241 4916 ν
3436 4829 3440 4837 ’

169 4910 423 5005 ξδ-Ψφξθῐη
465 4910 606 4965 intra
656 4913 939 4971 ecclesiam
992 4920 1277 4988 potestatis
1324 4922 1553 4992 adeptae
1593 4924 1710 4979 cul-
1816 4930 2122 4985 conceditur
2167 4910 2555 4995 misericordia,
2594 4910 2993 5005 potentes‘cnim
3029 4910 3264 5005 potenter
3302 4944 3410 4987 tor-

170 4998 289 5100 lllllfa
314 5001 504 5100 tenent,
549 5010 609 5054 ut
635 5015 731 5072 per
753 5007 977 5061 eandem
1020 5017 1342 5077 potestatem
1371 5012 1709 5081 disciplinam

1832 5031 1989 5089 ncnta
2012 5023 2310 5091 paciuntur.
2344 5024 2465 5078 Non
2490 5026 2625 5079 cnim
2654 5026 3210 5096 subtraltctpersonam
3236 5024 3413 5078 cuius-

171 5078 548 5147 twesnasticam
593 5096 855 5152 muniant.
890 5099 1144 5156 Ceterum
1186 5102 1327 5157 intra
1371 5105 1655 5160 ecclesiam
1691 5109 1711 5139 ⁸
1813 5129 1971 5182 quam
2036 5112 2330 5181 Dominus,
2400 5134 2491 5172 nec
2552 5117 2864 5172 rcrcrcbitur
2928 5078 3236 5187 iuiusqnmn
3297 5133 3410 5168 ma-

1297 5288 1303 5295 .
1371 5236 1761 5294 \‘.\lil.~\NTl~lS
1791 5239 2195 5298 LECTIONES.

233 5328 578 5397 'promissuc.
658 5344 675 5371 ’
704 5345 841 5399 deest
889 5366 933 5400 r.
1016 5350 1319 5404 “t'ottstitus
1362 5367 1407 5403 ι’.

178 5351 578 5466 h'promlssuc.
658 5351 675 5371 '
704 5351 841 5399 deest
889 5366 933 5400 r.
1016 5351 1319 5404 “rottstitus
1362 5367 1427 5424 r.~
1507 5351 1818 5422 ‘purgatur
1864 5356 1979 5409 cod.

204 5432 261 5466 ειη
290 5435 331 5466 ε.
442 5427 642 5466 ini-nuli
678 5452 701 5466 ρ

204 5432 261 5469 nn
290 5435 331 5473 ε.

444 5358 509 5438 '15:!
532 5358 578 5392 r.
659 5358 675 5371 '
704 5358 841 5399 dtu‘st
889 5366 933 5400 r.
1016 5358 1319 5404 “t'tillsllills
1362 5367 1427 5424 r,
1507 5358 1523 5381 ⁸
1557 5361 1818 5422 purgatur
1864 5358 1979 5409 cod.
2074 5358 2094 5388 ⁵
2121 5361 2496 5428 potestatis...
2525 5363 2808 5419 ecclesiam
2840 5365 3028 5418 desunt
3075 5378 3122 5417 c.
3201 5361 3220 5391 θ
3253 5377 3406 5434 rega—

442 5433 642 5487 iucredi
676 5452 720 5488 c.

1655 5518 1882 5591 NU'I'IE.

1896 5642 1904 5664 ⁸
1950 5630 1984 5682 l.
2014 5646 2085 5694 0.,
2119 5634 2203 5686 ad.

1895 5699 1918 5737 ἀ
1956 5701 2013 5767 ll,
2048 5702 2100 5765 ‘2,
2133 5718 2182 5773 ιι.
2236 5706 2389 5762 1659,

381 5616 435 5662 II,
466 5604 509 5669 l,
541 5622 591 5677 ν,
631 5611 776 5666 lb‘l'iii.

237 5659 258 5698 δ
281 5664 314 5716 Ι-
342 5685 408 5736 0.,
426 5659 500 5725 'ut.‘
