3868 6214
96 206 254 265 629

433 204 657 265 CODEX
702 200 1224 262 DIPLOMATICUS.
1260 234 1329 261 τ-
1360 201 1679 261 ιυοονιοι
1719 201 1738 256 Ι

1847 200 1868 255 Γ
1904 200 2231 259 ιοτιιΛΒιι
2269 204 2756 262 (Ὰιιιτυωιιιςλ.
2796 237 2864 247 -
2894 207 2993 263 As.
3034 208 3160 265 8‘29.

3342 211 3454 267 (ω

96 326 429 389 erudiatis,
450 324 608 380 siculi
634 332 689 379 et
707 322 906 388 facitis,
930 331 985 378 et
1006 302 1061 377 in
1092 331 1277 379 mutua
1313 321 1621 377 dilectionis
1647 336 1738 376 ca-
1768 318 1818 379 Δ
1844 322 2198 379 ecclesiarum
2246 330 2302 378 ct
2346 332 2376 377 a
2430 322 2771 392 principibus
2824 332 2880 379 et
2919 340 2950 378 a
3003 324 3211 396 reliquo
3244 327 3445 397 munito
3491 327 3506 356 ί

98 417 310 472 ritate
335 424 391 472 ct
416 413 770 470 fraternitatis
810 428 996 468 amore
1022 422 1185 483 atque
1207 412 1587 471 unanimitatis
1613 428 1745 468 con-

95 507 330 561 cordia
359 504 595 560 vicissim
623 505 942 567 consistant,
975 504 1157 561 sedula
1186 513 1519 575 paternaque
1559 504 1747 559 admo-

99 600 353 653 stitione
374 598 673 662 insinnctis,
702 604 758 653 et
778 612 846 653 ne
876 597 1096 653 inlicitis
1122 598 1329 652 actibus
1358 598 1623 665 creatoris
1660 597 1744 652 sui

104 689 416 745 offensam
430 690 727 753 incurrant,
740 690 961 759 provida
975 688 1288 758 solicrtique
1310 687 1747 760 circumspectio-

102 796 212 836 ne
240 780 597 839 nihilominus
624 780 942 854 invigiletis,
982 782 1338 838 adtendentcs
1376 782 1597 838 beatum
1618 781 1743 847 iob,

100 873 298 937 cuius
320 870 553 935 studium
582 872 665 926 vir
690 872 881 931 beatus
907 871 1574 943 Gregoriusinmoralibus
1593 874 1747 929 libris

95 961 379 1017 scribit:
412 959 565 1016 Circa
604 960 745 1032 ﬁlios
790 962 1105 1017 erudiendos
1156 963 1277 1019 talis
1304 964 1497 1030 extitit,
1538 973 1594 1023 ut
1642 980 1747 1019 non

97 1049 314 1105 solum
342 1068 428 1108 eos
456 1053 683 1108 exterius
707 1052 935 1124 perfecto
973 1071 1125 1124 opere
1165 1065 1212 1109 et
1238 1072 1479 1110 sennone
1506 1056 1745 1127 efﬁceret,

94 1156 321 1196 verum
376 1142 535 1197 etiam
592 1144 755 1203 corda
807 1146 1064 1216 aacﬁﬁcii
1124 1146 1390 1205 oblatione
1439 1150 1745 1205 mandaret.

96 1228 427 1288 Adtendite
476 1234 740 1311 etiamet
785 1235 955 1293 David
994 1238 1352 1295 instruentem
1390 1239 1746 1299 Salomonem

98 1321 309 1379 tilium
347 1339 522 1390 suum,
550 1326 617 1382 de
636 1342 743 1397 quo
767 1327 820 1382 in
841 1329 1019 1397 primo
1042 1330 1182 1386 libro
1205 1329 1494 1389 Malacbim
1518 1333 1744 1407 legitur:

96 1410 170 1465 ε
167 1429 253 1484 go
302 1415 477 1486 inquit
507 1417 779 1488 ingredior
808 1420 946 1475 viam
996 1421 1268 1478 universae
1294 1432 1504 1492 terrae;
1529 1426 1744 1498 confor-

1847 411 2111 468 bactenus
2138 412 2382 483 neglecta
2418 411 2719 478 extiterint,
2763 421 2819 469 ct
2870 413 3032 469 aliter
3062 431 3228 486 quam
3262 418 3444 475 divina

1847 502 2149 557 auctoritas
2172 517 2231 558 sc
2264 502 2467 558 habeat
2498 501 2552 557 in
2586 501 2671 557 his
2717 517 2813 558 eos
2845 504 3024 574 egisse
3064 514 3122 559 ct
3154 520 3317 576 agere
3350 524 3449 563 no-

1848 592 2042 648 vimus.
2091 592 2198 649 Sed
2243 594 2288 648 si
2327 593 2465 649 haec
2510 604 2695 649 nostra
2736 596 3093 653 sacerdotalis
3146 599 3446 655 admonitio

1848 684 2098 740 effectum
2122 685 2234 742 Deo
2275 695 2536 757 operante
2579 703 2677 758 per
2699 697 2944 745 vestrum
2973 690 3175 747 bonum
3205 676 3445 750 studium

1849 775 2048 831 abhinc
2068 777 2389 843 obtinuerit,
2422 778 2696 836 credimus
2721 782 2865 851 quod
2891 781 3061 839 multa
3083 799 3224 854 quae
3246 802 3279 841 a
3310 786 3447 841 mnl-
3496 858 3497 861 η

1849 867 1940 935 tis,
1969 868 2129 924 aliter
2146 885 2310 940 quam
2339 871 2519 929 divina
2555 873 2853 932 auctoritas
2872 890 2932 930 se
2971 875 3194 943 habeat.
3223 876 3445 935 dimissa

1848 970 1996 1026 sunt,
2019 978 2160 1033 quae
2191 979 2299 1021 non
2335 965 2680 1031 tenebantur,
2720 968 3082 1037 cerrigcntur.
3118 969 3254 1024 Nam
3301 979 3358 1025 et
3384 971 3452 1025 il-

1849 1050 1941 1107 lud
1965 1053 2111 1122 quod
2148 1052 2204 1107 in
2245 1052 2450 1115 eisdem
2494 1056 2752 1125 capitulis
2797 1057 3141 1123 continetur,
3169 1067 3229 1113 ut
3274 1060 3450 1115 mani-

1844 1139 2048 1203 festum
2067 1141 2246 1209 ﬁeret,
2276 1158 2419 1214 quae
2438 1158 2603 1200 causa
2634 1136 2691 1201 id
2711 1143 2953 1202 eticeerit
2976 1155 3040 1203 ut
3061 1149 3374 1206 sacerdotes
3394 1159 3453 1206 et

1847 1232 2120 1304 principes
2146 1248 2177 1289 a
2199 1242 2349 1290 recto
2386 1237 2604 1293 tramite
2631 1237 2970 1304 deviassent,
3017 1241 3260 1311 exceptis
3292 1256 3450 1313 praeu

1847 1322 2031 1378 missis
2066 1324 2321 1394 capitulis
2360 1325 2415 1380 in
2462 1326 2663 1396 quibus
2696 1328 2839 1384 sicut
2866 1330 3105 1388 diximus
3136 1332 3306 1387 multa
3349 1350 3447 1390 nc-

1846 1411 2224 1485 gicgebantur,
2261 1415 2573 1486 specialiter
2602 1434 2772 1474 unum
2798 1420 3143 1478 obstacnlum
3171 1437 3239 1479 ex
3277 1426 3452 1481 multo

94 1517 249 1562 tare
267 1518 320 1562 et
352 1519 459 1565 esto
504 1511 583 1566 vir
606 1510 781 1581 fortis,
812 1524 859 1569 ct
899 1513 1112 1571 observa
1136 1527 1193 1572 ut
1214 1520 1482 1575 custodias
1503 1532 1746 1595 precepta
1847 1514 2093 1577 tem[’0re
2129 1508 2237 1563 iam
2263 1508 2556 1567 ίηοιθνίδδθ
2592 1513 2980 1585 cognovimus:
3015 1516 3072 1572 id
3101 1527 3187 1573 εει
3228 1519 3360 1590 (ima
3395 1528 3453 1577 ει

93 1595 340 1653 domini
368 1598 465 1653 Dei
502 1600 600 1665 tui,
630 1610 687 1662 ut
710 1602 945 1661 ambules
975 1605 1030 1660 in
1069 1606 1163 1661 an
1203 1608 1349 1675 eius,
1381 1620 1433 1674 et
1475 1613 1743 1675 custodias
1778 1672 1809 1675 _
1838 1597 2160 1667 .P‘rincipalis
2198 1607 2464 1669 potestas.
2511 1601 2745 1659 diversis
2787 1606 3172 1665 occasionibus
3215 1608 3453 1668 interve-

94 1689 460 1745 ceremonias
483 1691 597 1747 eius
625 1700 674 1747 et
692 1692 1106 1762 inditig'eius,et
1131 1672 1412 1772 praecepta
1434 1711 1484 1757 et
1515 1704 1745 1769 testimo-
1776 1672 1820 1732 Β
1847 1686 2146 1755 ηίθηῖίδῑδν
2168 1704 2331 1747 δθαη
2371 1706 2537 1763 quam
2570 1696 2873 1753 “om
2892 1697 3082 1757 δίνίιη
3132 1715 3193 1756 ει
3230 1702 3452 1769 hbeat.

96 1776 219 1831 nia
238 1820 255 1843 ,
280 1780 418 1834 sicut
438 1782 690 1854 scriptum
710 1796 788 1848 est
811 1772 997 1859 inleye
1023 1785 1217 1860 Moysi,
1242 1801 1290 1845 et
1311 1791 1368 1848 in
1405 1791 1539 1851 libro
1568 1793 1743 1850 Para-

95 1864 453 1937 lipomenon.
500 1869 579 1926 Tu
605 1882 782 1929 autem
812 1875 1068 1933 Salomon
1088 1919 1103 1944 ,
1151 1878 1233 1950 ﬁli
1263 1882 1358 1950 mi,
1416 1885 1551 1939 scito
1569 1884 1740 1943 Deum

94 1960 299 2027 patris
322 1962 423 2025 tui,
448 1971 497 2017 et
537 1965 671 2020 servi
696 1966 745 2021 ei
775 1963 931 2024 corde
959 1968 1261 2039 perfectoet
1288 1973 1465 2035 animo
1509 1974 1744 2033 volunta-

97 2048 233 2104 rio.
268 2048 559 2109 Adtendite
608 2056 775 2112 etiam
810 2057 1038 2116 Tobiam
1071 2061 1137 2118 de
1167 2077 1276 2134 quo
1324 2063 1551 2139 legitur,
1597 2070 1742 2140 quod

100 2154 255 2196 cum
305 2141 485 2202 factus
528 2157 675 2203 esset
732 2148 836 2224 vir,
875 2151 1087 2223 accepit
1139 2170 1365 2214 uxorem
1401 2156 1619 2223 Annam
1672 2176 1741 2217 ex

100 2233 276 2289 tribu
297 2249 421 2300 sua,
457 2244 514 2303 et
541 2239 728 2310 genuit
761 2255 827 2297 ex
855 2257 918 2297 ea
947 2242 1117 2299 tilium
1154 2260 1354 2304 nomen
1390 2264 1552 2313 suum
1587 2252 1741 2324 inpo-

102 2340 269 2381 nens
312 2327 396 2393 ei;
435 2343 597 2399 quem
632 2332 702 2388 ab
739 2331 966 2391 infantia
1004 2336 1196 2393 timere
1245 2340 1415 2405 Deum
1471 2342 1656 2403 docuit
1686 2354 1741 2402 et

103 2415 413 2507 abstinere
467 2420 537 2486 ab
572 2422 722 2487 omni
771 2431 1018 2494 peccato.
1057 2426 1190 2483 item
1249 2430 1389 2487 idem
1442 2434 1741 2507 adloquens

103 2505 362 2563 eundem
398 2508 571 2566 lilium
596 2527 753 2568 suum
788 2532 802 2569 :
843 2514 1099 2574 Omnibus
1137 2518 1336 2590 inquit
1372 2522 1557 2580 diebus
1588 2505 1741 2583 vitae

105 2608 256 2653 tuae
280 2599 417 2655 habe
445 2600 614 2658 Deum
654 2604 712 2659 in
741 2618 934 2674 mente,
961 2618 1010 2663 et
1038 2626 1163 2671 cave
1198 2629 1263 2667 ne
1304 2614 1594 2685 aliquando
1620 2634 1739 2688 pec-

105 2699 246 2745 cato
272 2696 607 2765 consentias,
657 2707 705 2753 et
730 2701 1079 2770 pretermittas
1110 2704 1125 2735 ¹
1165 2716 1407 2778 precepta
1431 2707 1532 2764 Dei
1550 2712 1735 2765 nostri.

112 2782 214 2838 Ex
236 2784 535 2870 substantia
562 2800 656 2845 tua
671 2790 761 2864 [ac
779 2790 1141 2872 elimosynam,
1166 2807 1213 2851 et
1248 2797 1357 2852 noli
1392 2813 1628 2856 avertere
1654 2802 1738 2872 fa-

113 2868 266 2929 cient
294 2884 445 2932 tuam
476 2864 541 2933 ab
580 2880 689 2935 ullo
712 2864 1080 2953 paupererlta
1107 2886 1245 2941 enim
1274 2887 1394 2957 ﬁet,
1424 2900 1481 2944 ut
1509 2908 1601 2946 nec
1627 2864 1666 2947 ti
1686 2903 1737 2948 te

110 2975 404 3022 avertatur
440 2969 609 3043 [acies
647 2971 881 3027 Domini.
913 2973 1189 3041 Quomodo
1215 2982 1471 3048 potueris,
1511 2982 1586 3041 ita
1624 2993 1735 3039 esto

112 3026 459 3125 misericors:
470 3069 521 3115 et
558 3049 748 3117 cetera.
789 3064 931 3120 Item.
962 3066 1121 3136 paulo
1153 3026 1318 3158 pqrst:
1355 3072 1595 3126 Adtende
1641 3074 1735 3128 tibi
1762 3026 1813 3092 ο

109 3145 200 3213 ﬁli
225 3147 299 3202 ab
327 3150 467 3204 omni
492 3149 844 3220 fornicatione
865 3164 911 3209 et
937 3166 1110 3226 preter
1132 3145 1347 3220 ux'orem
1369 3170 1515 3214 tuam
1544 3180 1739 3237 nequa-

111 3252 290 3306 quam
315 3241 552 3310 paciaris
582 3244 783 3298 crimen
816 3246 971 3300 scire.
1011 3246 1324 3315 Superbiam
1364 3269 1652 3324 numquam
1682 3256 1736 3312 in

112 3336 216 3380 tuo
268 3337 429 3385 sensu
478 3334 657 3388 autin
695 3344 788 3389 tuo
825 3336 982 3392 corde
1028 3338 1298 3394 dominari
1345 3345 1637 3411 permittas.
1670 3346 1739 3402 In

113 3418 242 3487 ipsa
278 3420 420 3475 enim
452 3422 663 3477 initium
696 3426 917 3497 sumpsit
973 3428 1143 3482 omnis
1196 3430 1442 3501 perditio.
1475 3433 1542 3488 Et
1596 3435 1739 3492 idem

120 3524 238 3564 non
265 3519 391 3581 post
417 3514 644 3581 multum
673 3535 686 3571 :
719 3517 1012 3574 Consilium
1037 3537 1242 3593 semper
1279 3541 1313 3577 a
1341 3528 1576 3597 sapiente
1620 3546 1740 3600 per-

115 3602 305 3669 quire,
333 3604 475 3660 omni
495 3614 727 3680 tempore
751 3610 965 3667 benedic
986 3612 1119 3680 Deo,
1146 3624 1194 3669 et
1214 3625 1328 3687 pete
1354 3619 1420 3672 ab
1454 3637 1515 3674 eo
1540 3633 1594 3676 ut
1627 3624 1738 3679 vias

119 3704 251 3749 tuas
277 3695 497 3767 dirigat,
521 3708 571 3755 et
592 3703 771 3765 omnia
795 3705 1016 3761 consilia
1038 3716 1131 3761 tua
1163 3708 1218 3762 in
1236 3708 1350 3780 ipso
1369 3720 1735 3782 permaneant.
1791 3770 1798 3778 ,
1845 3714 1882 3768 ti

120 3784 264 3839 item
301 3786 465 3843 idem.
507 3789 700 3859 Audite
727 3806 851 3875 ergo
895 3795 1001 3872 ﬁlii
1043 3800 1147 3853 mei
1176 3799 1198 3830 ¹
1243 3811 1446 3872 patrem
1486 3816 1736 3875 vestrum,

120 3878 320 3932 servits
357 3878 583 3936 Domino
627 3884 684 3939 in
738 3885 986 3955 bonitate,
1026 3899 1076 3945 et
1127 3893 1374 3963 inquirite
1430 3907 1487 3949 ut
1526 3897 1740 3967 faciatis

119 3983 263 4037 quae
289 3977 414 4023 sunt
437 3970 636 4043 placita
679 3974 780 4043 illi,
826 3987 876 4033 et
902 3978 1033 4057 ﬁliis
1056 3983 1239 4038 vestris
1275 3987 1524 4043 mandate
1550 3998 1607 4043 ut
1655 3989 1738 4063 fa-

122 4060 272 4115 ciant
294 4063 527 4120 iustitias
564 4075 614 4122 et
638 4066 986 4146 elemosynas,
1006 4084 1055 4130 et
1075 4085 1131 4131 ut
1156 4077 1262 4132 sint
1288 4095 1544 4137 memores
1571 4060 1669 4140 Dei
1686 4094 1737 4140 et

122 4151 441 4213 benedicant
461 4174 581 4219 eum
600 4160 656 4216 in
693 4165 1102 4237 omnitempore,
1124 4170 1181 4224 in
1206 4172 1421 4229 veritate
1450 4184 1499 4229 et
1535 4177 1592 4231 in
1626 4186 1740 4233 tota

126 4246 328 4301 virtute
352 4266 469 4305 sua.

1847 1781 1902 1837 in
1928 1796 2128 1839 causas
2176 1782 2585 1843 ecclesiasticas
2634 1788 2972 1859 prosiluerit,
3001 1801 3059 1870 et
3099 1793 3413 1851 sacerdotes
3433 1838 3449 1860 ,

1845 1875 2045 1945 partim
2077 1875 2420 1949 neglegentia
2444 1880 2644 1949 partim
2666 1881 2975 1952 ignorantia
3002 1886 3203 1965 partim
3242 1887 3455 1959 cupidi-

1845 1976 1975 2033 tate,
2002 1969 2056 2024 in
2080 1968 2424 2029 'sewlaribus
2455 1974 2693 2045 negotiis
2733 1983 2792 2030 et
2819 1976 3279 2036 sollicitudinibus
3308 1980 3451 2037 ultra

1845 2076 2009 2131 quam
2049 2064 2352 2119 debuerant
2378 2079 2439 2120 se
2474 2068 2882 2137 occupaverint,
2927 2076 2986 2126 et
3020 2070 3126 2126 hac
3164 2072 3459 2129 occasione

1846 2150 2007 2207 aliter
2034 2166 2199 2223 quam
2249 2151 2434 2209 divina
2494 2156 2800 2212 auctoritas
2847 2158 3062 2224 doceat,
3110 2161 3167 2216 in
3222 2171 3456 2233 utraque

1842 2251 2002 2314 parte
2023 2252 2207 2302 actum
2233 2245 2485 2303 extitisse
2512 2247 2738 2303 dubium
2768 2264 2875 2308 non
2902 2257 3009 2306 est.
3035 2250 3145 2307 Sed
3162 2253 3313 2322 quia,
3344 2254 3457 2313 Deo

1844 2333 2159 2400 miserante,
2197 2350 2229 2390 a
2265 2336 2708 2407 progenitoribus
2743 2347 2799 2394 et
2826 2341 3078 2411 genitore
3104 2351 3288 2399 vestro
3322 2353 3379 2400 et
3422 2362 3453 2401 a

1843 2423 1999 2481 vobis
2017 2424 2192 2480 multa
2224 2435 2473 2482 correcta
2508 2429 2945 2500 gratulabantur,
2990 2432 3035 2487 si
3083 2447 3150 2489 ea
3183 2449 3325 2505 quae
3358 2436 3458 2491 ad-

1844 2532 2129 2576 monemus
2152 2534 2478 2590 prosperum
2500 2535 2815 2581 successum
2836 2524 3153 2593 habuerint,
3181 2528 3458 2584 credimus

1842 2611 1987 2680 quod
2005 2612 2075 2667 ad
2096 2610 2452 2681 perfectionis
2487 2620 2691 2669 statuta
2714 2623 2898 2671 vestra
2940 2618 3172 2675 intentio
3192 2619 3215 2656 ⁸
3239 2629 3458 2677 ucstra-

1842 2716 1949 2772 que
1988 2703 2206 2761 devotio
2240 2704 2354 2760 Deo
2385 2715 2716 2778 cooperante
2753 2712 3045 2779 pervenire
3069 2712 3090 2743 ⁷
3120 2714 3311 2783 possit.
3346 2716 3456 2772 Ve-

1842 2809 1961 2849 rum
1987 2804 2176 2852 tamen
2206 2796 2336 2867 quia
2358 2798 2614 2861 novimus
2634 2807 2841 2856 statum
2871 2802 3037 2858 huius
3056 2805 3209 2876 regni
3233 2807 3338 2862 sub
3359 2806 3455 2861 tati

1839 2886 2152 2943 conditione
2174 2895 2231 2943 et
2251 2888 2427 2943 teneri
2448 2899 2504 2945 et
2528 2892 2766 2947 crevisse
2782 2902 2948 2963 atque
2977 2894 3265 2952 diiatatum
3305 2910 3451 2963 esse,

1844 2985 1898 3033 et
1932 2992 1963 3031 a
1995 2979 2440 3049 prudentissimis
2487 2970 2801 3054 sanctisque
2826 2985 3312 3054 'predccessoribus
3356 3005 3453 3045 no-

1843 3069 1990 3133 stris,
2019 3070 2137 3126 sive
2175 3070 2387 3127 scilicet
2431 3074 2503 3129 ab
2558 3075 2830 3146 episcopis
2876 3077 2994 3133 sive
3031 3094 3064 3133 a
3094 3081 3453 3151 principibus,

1842 3161 1986 3219 hanc
2028 3178 2252 3220 causam
2277 3179 2345 3221 ex
2387 3172 2507 3221 toto
2542 3176 2847 3224 correctam
2884 3185 2993 3229 non
3032 3168 3201 3229 fuisse
3227 3166 3471 3253 propter

1842 3255 1979 3326 haec
1995 3268 2137 3325 quae
2167 3271 2267 3312 suo
2299 3264 2546 3326 tempore
2574 3258 2683 3315 dici
2707 3268 2957 3329 possunt,
3008 3270 3065 3317 ct
3092 3264 3306 3334 pondus
3338 3275 3453 3321 tan-

1842 3354 1934 3401 tae
1984 3347 2445 3407 eonsiderationis
2478 3350 2768 3420 parvitatis
2794 3360 2983 3411 nostra
3024 3354 3171 3411 vires
3193 3358 3453 3423 excessit,

1824 3436 2100 3517 quoniam
2127 3452 2230 3493 nec
2248 3438 2421 3494 otium
2453 3455 2556 3496 nec
2592 3442 2832 3512 spatium
2854 3445 3117 3515 temporis
3150 3462 3253 3503 nec
3281 3448 3457 3519 pleni-

1841 3806 2044 3871 nuerit,
2075 3807 2362 3862 tractanda
2391 3822 2456 3862 ac
2503 3808 2902 3864 consideranda
2931 3810 3270 3870 Minus.
3307 3814 3458 3882 Quo-

1842 3897 1989 3953 niam
2049 3903 2234 3953 tantae
2279 3897 2736 3957 considerationis
2770 3899 3037 3972 perfectio
3103 3902 3313 3976 indiget
3366 3920 3457 3961 as-

1839 4003 2007 4049 sensu
2048 3997 2107 4049 et
2153 3989 2429 4059 adiutorio
2455 3989 2790 4063 principum,
2828 4000 2889 4047 et
2913 3994 3266 4059 multitudine
3290 4004 3459 4068 atque

1842 4080 2129 4143 devotione
2156 4096 2259 4140 nec
2285 4097 2397 4139 non
2445 4080 2513 4139 et
2548 4084 2731 4141 studio
2769 4082 3142 4153 sacerdotum,
3189 4098 3248 4145 et
3280 4090 3453 4146 oboe-

1841 4173 2045 4233 dientia
2083 4173 2169 4235 vei
2211 4173 2508 4233 concordia
2559 4174 2767 4247 populi,
2821 4184 2879 4231 et
2915 4178 3276 4249 congruaitia
3324 4178 3453 4246 loci,

1842 4268 2211 4339 temporisque
2233 4268 2431 4339 spatio.

195 4334 272 4451 ϐ.Ι
298 4335 397 4394 liis
434 4350 460 4381 ι
499 4343 754 4405 omnibus
809 4349 1127 4417 praelibatis
1180 4356 1513 4414 notescimus
1557 4362 1734 4429 vobis,

1918 4334 1976 4413 '1:
2018 4334 2191 4416 Porro
2231 4334 2362 4425 bide
2385 4360 2684 4432 episcopali
2717 4360 2991 4429 libertate,
3033 4378 3196 4439 quam
3218 4364 3332 4430 Deo
3355 4380 3455 4421 an-

126 4429 275 4495 quod
307 4444 374 4484 ea
412 4447 551 4504 quae
602 4434 657 4490 in
706 4438 958 4508 capitulis
992 4443 1190 4500 vestris
1235 4446 1393 4503 nobis
1448 4453 1734 4508 tractanda

129 4518 507 4589 commisistis,
544 4525 752 4583 scilicet
783 4532 914 4600 quid
939 4532 962 4564 ³
1008 4549 1038 4586 a
1067 4534 1402 4605 principibus
1428 4550 1483 4595 et
1524 4543 1735 4613 reliquo

128 4610 337 4679 populo
360 4614 442 4667 vel
463 4614 535 4670 ita
558 4624 617 4672 ut
642 4619 823 4676 divina
870 4625 1169 4680 auctoritas
1205 4628 1417 4696 doceat,
1456 4642 1548 4688 aut
1579 4610 1737 4691 aliter

135 4708 390 4757 teneatur
422 4705 505 4760 vel
538 4709 668 4779 quid
698 4711 720 4742 ⁸
755 4712 879 4768 inde
931 4730 999 4770 ex
1030 4702 1184 4785 parte
1240 4730 1335 4775 aut
1384 4738 1453 4777 ex
1491 4733 1604 4782 toto
1653 4729 1737 4783 di—

134 4791 365 4848 missum
400 4796 471 4851 sit
503 4806 563 4853 ut
582 4814 691 4855 non
712 4808 979 4870 teneatur,
1006 4805 1243 4864 fatemur
1264 4812 1395 4880 quia
1432 4812 1486 4869 in
1532 4816 1617 4872 bis
1641 4834 1737 4873 ea-

136 4880 327 4948 pitnlis
354 4899 456 4955 que
478 4890 728 4958 superius
749 4894 1115 4960 continentur,
1149 4914 1359 4956 necnon
1387 4902 1441 4955 in
1488 4899 1573 4961 liis
1600 4923 1740 4977 quae

136 4980 412 5044 praesenti
459 4997 602 5040 anno
635 4987 912 5044 conscribi
957 4998 1013 5045 et
1059 5006 1158 5060 per
1186 4994 1384 5050 missos
1430 5008 1642 5057 vestros
1669 5005 1741 5060 ob

140 5065 266 5121 vitia
316 5072 719 5147 comprimenda
753 5091 852 5154 per
907 5078 1196 5150 imperium
1240 5096 1484 5142 vestrum
1541 5092 1743 5149 direxi-

142 5155 239 5215 Slis
279 5157 327 5223 ⁸,
364 5160 533 5219 multa
582 5163 958 5224 demonstrata
1012 5179 1138 5225 sunt
1183 5187 1325 5242 quae
1356 5190 1385 5229 a
1432 5180 1744 5246 pastoribus

1845 4462 2048 4507 nucnte
2077 4460 2369 4522 vestroque
2391 4451 2723 4515 adminiculo
2757 4453 3093 4528 suffragante
3124 4456 3356 4533 adipisci
3381 4461 3450 4517 ad

1844 4542 1941 4598 Dei
1966 4543 2248 4599 servitium
2284 4545 2652 4616 peragendum
2680 4547 2946 4618 cupimus,
2996 4544 3097 4605 suo
3132 4550 3186 4605 in
3210 4560 3455 4623 tempore

1845 4635 1998 4690 vobis
2027 4634 2254 4692 dicenda
2287 4644 2451 4706 atque
2485 4637 2768 4693 vobiscum
2792 4638 3122 4698 conferenda
3158 4646 3454 4699 reservavi-

1847 4742 1990 4794 mus,
2035 4728 2294 4798 quatinus
2319 4728 2393 4782 ita
2420 4728 2511 4794 sit,
2539 4738 2602 4784 ut
2644 4739 2701 4785 et
2725 4732 3092 4810 nosmetipsos
3128 4734 3365 4802 salvare,
3396 4746 3455 4790 ct

1847 4818 2047 4889 populo
2109 4818 2268 4876 nobis
2307 4817 2553 4879 subiecto
2595 4820 2802 4879 utiliter
2822 4821 3103 4892 prodesse.
3139 4833 3305 4895 atque
3353 4840 3455 4896 pro

1844 4912 1998 4968 vobis
2042 4920 2097 4967 et
2121 4912 2421 4967 stabilitate
2462 4912 2678 4983 imperii
2712 4914 2881 4971 vestri
2925 4915 3150 4971 liberius
3175 4918 3456 4973 valeamus

1843 5023 2092 5074 exorare,
2128 5016 2265 5065 etut
2298 4996 2497 5064 vestris
2519 5009 2795 5081 obsequiis
2821 5018 2877 5065 et
2899 5010 3050 5083 regni
3074 5011 3345 5068 adiutorio
3369 5026 3453 5069 so-

1844 5100 2034 5157 latium
2054 5101 2301 5157 debitum
2327 5099 2553 5157 minime
2589 5101 2966 5166 subtrahatur,
3000 5103 3095 5163 md
3117 5103 3165 5161 si
3188 5103 3454 5174 possibile

1846 5190 2032 5259 fuerit,
2059 5193 2241 5265 potius
2276 5201 2559 5262 augeatur.

1360 5315 1756 5379 VARIANTES
1793 5324 2202 5382 LECTIONES.

149 5468 167 5503 '
194 5401 242 5503 n"
261 5410 631 5503 pretermitas
658 5432 706 5469 c.
782 5419 802 5449 ¹
838 5417 914 5473 mi
942 5435 990 5472 c.
1069 5419 1090 5452 ⁸
1114 5422 1241 5491 quia
1271 5439 1318 5478 c.

192 5485 510 5543 νεαιωοοτθ
530 5499 577 5537 ιτ.

1420 5425 1441 5455 ⁸
1461 5427 1605 5485 deest
1629 5448 1676 5486 ε.
1756 5434 1777 5466 ⁸
1796 5451 2103 5495 uernam...
2130 5435 2414 5494 direxistis
2441 5436 2629 5495 desunt
2673 5456 2720 5496 c.

2823 5441 2845 5472 ‘
2881 5451 2952 5498 st.
2979 5453 3271 5519 uestraun
3306 5444 3363 5503 d.
3395 5465 3446 5503 c.

1681 5634 1821 5694 N0?
1824 5636 1915 5694 .13.

218 5717 244 5749 ι
270 5705 350 5775 ill,
526 5712 529 5715 ’

1918 5723 1943 5762 b
1984 5709 2051 5791 n,‘
2085 5721 2176 5777 27.
