3828 6220
467 204 563 261 Gil

1191 244 1194 247 τ
1282 204 1337 259 Β.
1377 205 1625 266 ῦλιεοιλ
1666 209 1873 265 ΜᾹΟΧΙ
1914 209 2278 297 ΟΙΨηΡᾹΙεὸ
2315 212 2352 265 1.
2397 210 2635 267 SECTIO
2678 209 2907 265 PRIMA.
3604 226 3685 283 552

465 336 3678 383 *ῥῷ-*Μὴ

726 414 729 415 ⁷
1216 490 1221 493 .
1441 433 1966 499 PAPITULABM
2024 432 2685 507 wonnntsnsu.

522 642 831 724 capitulum
850 631 1250 728 \fmmatignsé.
1274 641 1467 711 triplex
1493 639 1759 728 potitavit}.
1775 640 2095 728 imperatore
2116 652 2379 728 premente
2419 646 2838 728 promulgatum,
2867 658 2923 704 et
2951 650 3334 728 interltalicas
3380 656 3519 728 leges
3540 662 3686 721 locum

658 729 879 805 ἱρείης
903 713 957 767 in
980 726 1047 797 eo
1073 711 1284 805 aint:qu
1307 710 1414 795 non
1433 710 1887 805 solut‘n'gidiAcum
1914 710 2197 805 duodecigt
2234 729 2394 805 supra
2420 710 2871 805 :cnunietfatoruin
2913 721 3008 805 sed
3034 724 3210 805 _et_iam
3255 710 3664 805 uiginté‘niidigiyi

460 780 1080 864 rﬁhmilutinensis,
1110 781 1530 864 Parisiensishn.
1555 780 2105 864 46l_3,_Ambrosiani,
2136 780 2456 864 lorentini,
2493 785 2887 864 ‘Londinensis,
2913 780 3684 864 νῇιιιξοιιοηθηείεξῆὲῆυᾘξ

458 862 515 907 τι
536 852 783 911 [hiemis
805 854 947 927 apud
985 853 1338 910 liuratorium
1367 852 1630 910 rationem
1652 851 1957 907 habuimus.
1998 852 2055 907 ln
2089 851 2236 908 nullo
2255 867 2444 909 eorum
2489 855 2786 924 capitulare
2817 851 2999 916 missis
3019 861 3204 919 datum
3229 851 3702 924 inveniturI-mw'

1610 986 1822 1049 HAEC
1869 988 1884 1020 ¹
1929 983 2129 1047 SUNT
2171 982 2569 1048 CAPITULA

591 1150 761 1208 quas
792 1151 1015 1206 auom,
1038 1152 1119 1196 ιι
1158 1150 1358 1197 lissts
1385 1133 1407 1164 ’
1438 1151 1523 1195 AD
1560 1147 1852 1194 αοδτιιηι
1889 1144 2015 1189 nor

2126 1142 2206 1186 Δὶι
2239 1141 2665 1186 υκτυιεκυητ
2696 1143 2861 1187 ANNO
2884 1137 2977 1190 iJ’
3007 1146 3254 1193 [MPERII
3287 1148 3509 1197 NOSTII
3535 1138 3573 1197 ³.

836 1274 1181 1332 εΑΡιτυιΑ
1214 1238 1611 1331 cessum

523 1391 577 1446 1.
608 1389 685 1445 De
716 1387 803 1444 his
834 1387 927 1458 qui
951 1387 1070 1442 sine
1106 1397 1375 1442 consensu
1403 1384 1640 1456 episcopi
1686 1382 2033 1453 presbyteros

450 1485 507 1540 in
529 1481 776 1537 ecclesiis
804 1480 919 1535 suis
946 1478 1305 1542 constituunt,
1339 1476 1423 1532 vel
1450 1478 1518 1532 de
1534 1474 1776 1533 ecclesiis
1807 1473 2030 1537 eiciunt,

448 1584 505 1630 et
525 1575 596 1629 ab
621 1572 877 1643 episcopo
915 1568 999 1625 vel
1019 1584 1051 1624 a
1079 1567 1322 1639 quolibet
1354 1567 1523 1623 misso
1544 1567 1817 1623 dominico
1849 1566 2032 1621 admo-

350 1694 351 1701 ι
448 1664 551 1721 uiti
574 1663 827 1720 oboedire
847 1661 1145 1728 noluerint,
1171 1670 1233 1717 ut
1259 1661 1498 1717 bannum
1524 1668 1764 1716 nostrum
1798 1658 2032 1715 revvadi-

446 1769 543 1810 are
562 1762 844 1823 cogantur,
864 1760 920 1808 et
940 1765 1039 1822 per
1056 1750 1401 1807 fideiussores
1416 1750 1484 1806 ad
1503 1749 1759 1819 palatium
1780 1757 2026 1805 nostrum

447 1824 635 1901 venire
671 1845 965 1906 iubeantur
990 1842 1034 1896 ⁵.
1062 1842 1131 1897 Et
1155 1850 1285 1897 tunc
1308 1856 1410 1897 nos
1440 1840 1814 1903 decernamus,
1843 1847 2024 1897 utrum

446 1935 606 1991 nobis
622 1934 854 2005 placeat,
888 1944 950 1990 ut
983 1942 1080 1990 aut
1108 1933 1261 1989 illum
1291 1932 1532 1989 bannum
1559 1932 1829 2002 persolvat
1870 1931 1913 1998 ',
1934 1939 2030 1990 aut

443 2026 606 2082 aliam
640 2020 1028 2081 barmiscaram
1054 2024 1074 2055 ⁸
1096 2024 1379 2080 sustineat.

501 2120 558 2173 2.
598 2119 675 2174 De
715 2118 962 2180 ecclesiis
988 2133 1131 2188 quae
1156 2118 1298 2172 inter
1321 2114 1615 2173 coheredes
1641 2115 1846 2171 divisae
1876 2120 2021 2177 sunt,

440 2210 840 2267 consideratum
864 2210 884 2241 ⁷
919 2218 1025 2274 est,
1066 2218 1334 2279 quatenus
1355 2207 1402 2263 si
1424 2206 1716 2263 secundum
1738 2204 2025 2277 providen-

438 2304 575 2357 tiam
623 2309 680 2358 et
711 2300 1135 2356 admonitionem
1164 2298 1424 2369 episcopi,
1472 2298 1575 2368 ipsi
1594 2297 1888 2354 coheredes
1930 2310 2024 2350 eas

437 2391 707 2446 voluerint
733 2390 755 2423 ⁸
782 2398 989 2455 tenere,
1029 2399 1086 2445 et
1129 2390 1400 2446 bonumve
1450 2388 1670 2444 faciant.
1710 2388 1806 2443 Sin
1840 2394 2023 2442 autem

436 2482 540 2538 hoc
558 2481 1005 2546 contradixerint,
1033 2488 1093 2535 ut
1122 2479 1177 2536 in
1203 2479 1440 2551 episcopi
1479 2488 1749 2550 potestate
1783 2488 2020 2543 maneat,

434 2583 618 2631 utrum
654 2588 749 2630 eas
779 2574 853 2629 ita
886 2574 1186 2629 consistere
1205 2573 1502 2642 permittat,
1529 2581 1623 2628 aut
1655 2572 1909 2642 reliquias
1929 2586 2021 2627 ex-

434 2666 562 2725 inde
580 2668 812 2725 auferat.
850 2668 918 2725 Et
943 2668 1035 2724 ubi
1058 2668 1125 2723 ad
1146 2675 1392 2724 nostrum
1415 2663 1737 2725 beneficium
1760 2666 2022 2723 ecclesiae

432 2759 768 2831 pertinentes
807 2760 885 2816 ita
915 2758 1121 2817 divisae
1149 2759 1400 2817 inventae
1420 2758 1642 2824 fuerint,
1669 2768 1728 2815 ut
1746 2760 2021 2816 describa-

434 2860 526 2907 tur
564 2850 608 2918 ',
643 2859 699 2908 et
724 2852 883 2909 nobis
913 2853 1277 2935 renuntietur.
1404 2853 1411 2859 '

500 2966 555 3019 5.
597 2964 674 3020 De
698 2963 945 3020 ecclesiis
975 2963 1290 3042 destructis,
1319 2972 1379 3020 ut
1407 2965 1643 3036 episcopi
1680 2973 1735 3019 et
1756 2964 1908 3022 missi
1943 2965 2021 3020 in-

428 3055 775 3127 quisitionem
807 3054 1031 3123 faciant,
1090 3066 1273 3112 utrum
1323 3072 1421 3127 per
1476 3058 1870 3129 neglegentiam
1924 3066 2018 3113 aut

430 3146 901 3216 inpessibilitatem
943 3147 1253 3204 destruetae
1295 3149 1423 3203 sint.
1466 3148 1533 3202 Et
1558 3149 1649 3203 ubi
1682 3148 2015 3220 neglegentia

427 3238 644 3292 inventa
672 3236 855 3303 fuerit,
900 3238 1192 3309 episcopali
1236 3238 1559 3296 auctoritate
1589 3242 1881 3297 emendare
1914 3257 2011 3298 co-

426 3336 623 3398 gantur
648 3328 713 3394 ⁸⁶,
761 3329 853 3399 qui
897 3344 1021 3385 eam
1055 3336 1363 3386 restaurare
1417 3330 1734 3387 debuerant.
1778 3332 1837 3388 Si
1885 3348 2015 3389 vero

424 3435 522 3489 per
550 3420 1018 3492 inpossibilitatem
1043 3422 1288 3495 contigit,
1318 3432 1374 3479 ut
1396 3433 1489 3479 aut
1512 3425 1693 3494 plures
1715 3426 1824 3480 sint
1846 3442 2012 3496 quam

422 3528 647 3569 necesse
673 3514 765 3578 sit,
788 3522 882 3567 aut
903 3504 1127 3571 maioris
1152 3515 1538 3586 magnitudinis
1565 3530 1729 3585 quam
1753 3525 1811 3572 ut
1836 3532 1903 3573 ex
1931 3532 2015 3574 re-

421 3606 526 3658 bus
549 3604 617 3658 ad
656 3618 750 3658 eas
775 3604 1178 3673 pertinentibus
1223 3607 1511 3661 restaurari
1552 3607 1779 3675 possint,
1812 3607 2015 3678 episco-

423 3708 528 3765 pus
550 3695 768 3750 modum
814 3694 1074 3761 inveniat,
1124 3696 1355 3766 qualiter
1397 3712 1635 3769 congrue
1659 3698 1934 3754 emendari
1958 3706 2013 3753 et

421 3786 724 3842 consistere
758 3787 989 3857 possint.

493 3895 527 3949 ι
554 3897 619 3950 ⁸⁸.
634 3896 712 3953 De
729 3900 837 3953 uno
857 3913 1050 3955 manso
1071 3898 1139 3954 ad
1160 3899 1445 3969 ecclesiam
1464 3900 1610 3965 dato,
1626 3901 1693 3957 de
1715 3916 1823 3971 quo
1845 3902 2010 3972 aliqui

2059 1267 2104 1327 Α
2134 1261 2381 1317 volumus
2401 1272 2460 1317 ut
2513 1278 2615 1334 per
2664 1264 2860 1322 missos
2906 1276 3124 1326 nostros
3165 1273 3609 1347 constringantur,
3634 1295 3681 1339 ut

2139 1351 2435 1407 secundum
2476 1354 2829 1425 capitularem
2873 1357 3110 1428 priorem
3150 1361 3363 1419 solvant
3398 1369 3547 1425 unius
3575 1378 3679 1431 anni

2137 1455 2336 1497 nonam
2358 1452 2413 1498 et
2438 1443 2707 1500 decimam
2729 1461 2853 1502 cum
2876 1463 2973 1503 sua
3000 1448 3135 1522 lege,
3159 1460 3215 1508 et
3236 1453 3456 1527 insuper
3476 1459 3679 1520 bannum

2134 1541 2400 1624 nostrum.
2440 1535 2510 1591 Et
2539 1535 2643 1593 hoc
2685 1537 2767 1594 eis
2815 1538 3180 1611 denuntietur,
3215 1547 3361 1616 quod
3391 1550 3681 1624 quicumque

2134 1620 2275 1680 hanc
2308 1624 2701 1696 neglegentiam
2736 1628 3033 1699 iteraverit,
3069 1632 3391 1694 beneﬁcium
3415 1643 3546 1698 unde
3566 1620 3680 1702 haec

2131 1725 2274 1767 nona
2321 1720 2378 1768 et
2425 1712 2634 1770 decima
2676 1717 2912 1786 persolvi
2955 1716 3142 1777 debuit
3165 1720 3228 1790 “,
3281 1725 3590 1785 amissurum
3626 1749 3682 1792 se

2128 1803 2285 1859 sciat.
2326 1803 2403 1860 lta
2447 1805 2593 1861 enim
2619 1806 2929 1864 continetur
2963 1808 3017 1865 in
3058 1812 3356 1883 capitulare
3385 1817 3550 1875 bonae
3585 1836 3680 1879 me-

2129 1894 2335 1950 moriae
2353 1896 2615 1967 genitoris
2634 1899 2805 1955 nostri
2830 1899 2882 1955 in
2909 1899 3049 1959 libro
3069 1905 3263 1974 primo,
3292 1922 3412 1978 cap.
3437 1909 3550 1965 157.
3576 1932 3592 1965 ι
3620 1913 3681 1971 Ut

2129 1986 2221 2056 qui
2263 1988 2618 2046 ecclesiarum
2663 1991 2926 2049 beneficia
2970 1994 3189 2066 habent,
3225 2014 3427 2056 nonam
3472 2012 3523 2060 et
3558 2006 3677 2062 deci-

2132 2093 2275 2134 mam
2300 2094 2365 2136 ex
2389 2081 2471 2137 eis
2499 2083 2764 2140 ecclesiae
2784 2085 2940 2143 cuius
2961 2102 3051 2144 res
3091 2098 3239 2157 sunt,
3267 2092 3485 2149 donent.
3524 2096 3579 2151 Et
3601 2081 3678 2168 qui

2130 2171 2240 2228 tale
2252 2172 2571 2231 beneficium
2592 2176 2792 2233 habent
2805 2186 2860 2234 ct
2874 2180 2915 2211 "’
2930 2180 2997 2236 ad
3012 2180 3356 2240 medietatem
3380 2183 3608 2242 laborant
3621 2190 3673 2255 "',

2126 2272 2183 2320 et
2215 2263 2257 2297 "
2303 2265 2369 2322 de
2392 2281 2580 2323 eorum
2628 2270 2875 2339 portione
2929 2272 3148 2343 proprio
3179 2273 3223 2305 "
3260 2275 3565 2348 presbytero
3601 2277 3677 2335 dc-

2126 2358 2296 2416 cimas
2325 2359 2543 2416 donent.
2581 2379 2601 2414 ι
2644 2362 2776 2418 ltcm
2818 2362 2873 2418 in
2918 2365 3213 2435 capitulare
3261 2376 3446 2424 nostro
3472 2370 3522 2425 in
3561 2370 3676 2427 libro

2125 2454 2383 2519 secundo,
2412 2469 2531 2524 cap.
2566 2454 2630 2510 2!
2664 2456 2729 2511 de
2755 2457 2943 2513 eadem
2969 2472 3064 2514 re:
3102 2477 3120 2511 ι
3175 2458 3252 2515 De
3291 2460 3449 2517 nonis
3487 2462 3673 2533 quidem

2124 2553 2180 2600 et
2203 2545 2446 2612 decimis,
2472 2547 2614 2602 unde
2655 2557 2711 2604 et
2737 2548 2950 2620 genitor
2981 2558 3171 2607 noster
3194 2560 3249 2608 et
3276 2568 3377 2609 nos
3399 2552 3676 2626 frequenter

2056 2629 2098 2689 Β
2123 2646 2177 2694 et
2200 2639 2254 2697 in
2284 2639 2512 2695 diversis
2532 2638 2747 2709 placitis
2793 2641 3217 2699 admonitionem
3259 2643 3503 2712 fecimus,
3529 2656 3577 2702 et
3596 2662 3676 2719 per

2122 2732 2438 2803 capitularia
2474 2742 2665 2790 nostra
2722 2735 2957 2806 qualiter
2994 2738 3127 2794 haec
3169 2738 3521 2794 observentur
3554 2740 3676 2796 ordi-

2121 2823 2385 2887 navimus,
2418 2825 2670 2881 volumus
2696 2833 2860 2896 atque
2901 2826 3148 2885 iubemus
3168 2835 3229 2883 ut
3255 2828 3325 2884 de
3347 2830 3491 2885 omni
3520 2830 3675 2886 conia.

2120 2915 2331 2981 borattf,
2358 2926 2412 2971 et
2437 2917 2479 2948 ¹¹
2505 2917 2572 2975 de
2610 2917 2735 2973 vino
2772 2926 2828 2973 et
2856 2918 2900 2949 ²²
2937 2918 3080 2984 feno,
3112 2918 3343 2977 fideliter
3383 2930 3436 2978 et
3475 2922 3673 2993 plcnitcr

2119 3009 2188 3065 ab
2223 3008 2475 3065 omnibus
2508 3023 2652 3064 nona
2704 3015 2759 3064 ct
2791 3008 2996 3063 decima
3032 3010 3393 3079 persolvatur.
3437 3013 3509 3079 De
3528 3014 3675 3069 nutri-

2118 3099 2263 3154 mine
2284 3113 2412 3155 vero
2437 3113 2537 3168 pro
2562 3097 2789 3164 decima,
2820 3096 2959 3155 sicut
2981 3109 3203 3157 actenus
3226 3104 3552 3159 consuetudo
3572 3101 3671 3168 fuit,
3722 3115 3726 3123 '

2117 3190 2186 3244 ab
2221 3189 2473 3243 omnibus
2508 3188 2846 3244 observetur.
2890 3189 2947 3245 Si
2975 3190 3098 3260 quis
3121 3200 3303 3246 tamen
3325 3193 3670 3264 episcoporum

2116 3278 2280 3333 fuerit
2309 3277 2401 3348 qui
2433 3286 2714 3349 argentum
2749 3294 2846 3349 pro
2877 3280 2982 3335 hoc
3026 3282 3272 3351 accipere
3317 3283 3464 3348 velit,
3500 3285 3549 3339 in
3591 3299 3671 3339 sua

2117 3375 2332 3424 maneat
2359 3376 2647 3437 potestate,
2690 3369 2838 3423 iuxta
2872 3370 3016 3440 quod
3039 3371 3087 3426 ei
3127 3380 3181 3426 et
3209 3371 3285 3426 illi
3324 3375 3413 3445 qui
3449 3373 3545 3431 hoc
3577 3388 3675 3444 per-

2115 3458 2325 3513 solvere
2346 3458 2524 3523 debet,
2553 3460 2909 3515 cumvenerit.
2957 3479 2977 3514 ι

2183 3550 2217 3605 6
2239 3551 2306 3604 ⁸³.
2347 3549 2684 3620 Quicumque
2709 3550 2973 3607 decimam
3004 3553 3271 3611 abstrahit
3291 3555 3368 3613 de'
3381 3557 3594 3614 ecclesia
3615 3556 3672 3610 ad

2112 3655 2275 3711 quam
2320 3655 2419 3710 per
2450 3641 2710 3695 iustitiam
2747 3640 2863 3697 dari
2902 3643 3080 3711 debet,
3128 3654 3183 3701 et
3225 3661 3345 3719 eam
3381 3661 3671 3718 praesump-

2114 3732 2250 3788 tiose
2271 3731 2356 3787 vel
2379 3732 2424 3763 "
2460 3743 2680 3803 propter
2705 3748 2926 3790 munera
2962 3746 3055 3792 aut
3086 3737 3403 3805 amicitiam,
3430 3739 3511 3794 vel
3532 3739 3669 3794 aliam

2111 3824 2408 3895 quamlibet
2419 3824 2777 3891 occasionem,
2793 3826 2861 3881 ad
2873 3827 3096 3885 alteram
3110 3829 3391 3886 ecclesiam
3406 3831 3669 3895 dederit",

2113 3931 2144 3970 a
2196 3916 2396 3989 comite
2442 3917 2579 3972 vela
2628 3917 2793 3973 misso
2838 3926 3027 3976 nostro
3048 3918 3421 3996 distringatur,
3459 3930 3518 3976 ut
3548 3921 3669 3975 eius-

420 3985 669 4041 hommes
688 3996 881 4043 (³0⁸³⁸³⁸³
902 3997 1102 4045 sum“
1129 3992 1170 4022 ’³
1193 4003 1218 4031 ⁸
1246 3991 1348 4047 Sibi
1381 3992 1424 4023 ’³
1451 3993 1735 4048 servilium
1761 3995 2003 4067 exigunt,
2038 3997 2085 4061 C
2115 3986 2237 4064 dem
2264 4008 2505 4065 decimae
2539 4009 2895 4079 quantitatem
2920 4026 3044 4066 cum
3067 4027 3161 4069 sua
3205 3985 3321 4085 lege
3350 4013 3591 4069 restituat
3612 4009 3665 4064 “.

420 4077 747 4149 quicumque
778 4095 877 4150 pro
905 4081 1009 4136 hac
1051 4097 1214 4137 causa
1262 4093 1548 4141 accusatus
1596 4085 1777 4152 fuerit,
1827 4103 2013 4145 comes

420 4168 507 4222 vel
543 4169 692 4224 missi
737 4169 841 4226 hoc
876 4173 1022 4241 quod
1067 4172 1191 4226 inde
1216 4173 1552 4229 subtractum
1586 4185 1687 4239 est,
1725 4179 2010 4250 presbyte-

422 4256 504 4313 ris
534 4257 581 4289 "
614 4272 735 4313 eum
761 4275 858 4314 sua
889 4260 1007 4331 lege
1041 4262 1329 4319 restituere
1357 4263 1579 4319 faciant.

2182 4101 2235 4156 7.
2290 4102 2367 4157 De
2394 4102 2638 4167 decimis,
2667 4117 2805 4172 quae
2828 4104 2870 4134 "
2890 4104 3123 4174 populus
3148 4104 3280 4171 dare
3301 4120 3408 4161 non
3430 4105 3556 4169 vult,
3580 4101 3667 4160 nisi

2107 4186 2349 4256 quolibet
2394 4187 2555 4244 modo
2586 4190 2653 4246 ab
2687 4204 2753 4244 co
2788 4190 3142 4255 redimantur,
3171 4192 3240 4248 ab
3262 4192 3525 4262 episcopis
3562 4205 3668 4260 pro-

2106 4276 2397 4334 bibendum
2422 4289 2505 4335 est
2530 4295 2597 4336 ne
2622 4279 2733 4335 ﬁat.
2765 4280 2830 4336 Et
2862 4281 2907 4335 si
2932 4280 3054 4351 quis
3080 4290 3421 4353 contemptor
3443 4282 3670 4336 inventus

493 4347 530 4403 5
558 4348 624 4402 η.
661 4350 738 4404 De
763 4350 846 4405 bis
880 4352 971 4421 qui
999 4367 1172 4407 nonas
1205 4362 1262 4408 et
1286 4352 1525 4419 decimas
1553 4357 1657 4412 iam
1685 4372 1781 4428 per
1805 4360 2010 4418 multos
2105 4367 2287 4435 fuerit,
2315 4380 2370 4427 et
2397 4385 2504 4426 nec
2534 4372 2843 4442 episcopum
2893 4347 2993 4428 nec
3036 4347 3518 4430 comitem-audire
3540 4368 3667 4435 velit,

419 4452 610 4504 annos,
636 4448 733 4494 aut
764 4455 829 4495 ex
864 4448 1018 4509 parte
1059 4450 1154 4497 aut
1178 4457 1243 4499 ex
1293 4452 1428 4509 toto,
1464 4446 1596 4503 dare
1631 4448 2003 4520 neglexerunt,

2105 4461 2150 4516 si
2191 4472 2377 4517 noster
2408 4462 2569 4518 homo
2603 4462 2783 4527 fuerit,
2833 4465 2899 4518 ad
2930 4466 3292 4535 praesentiam
3334 4474 3573 4523 nostram
3592 4476 3665 4518 ve

1642 4585 2035 4645 VARIANTES
2066 4591 2467 4649 LECTIONES.

492 4713 513 4746 ⁸
537 4730 605 4798 ea:
640 4713 795 4795 codd.
834 4713 886 4796 l.
973 4715 1029 4769 b.
1058 4715 1079 4769 Ι
1109 4729 1159 4771 c.
1189 4715 1330 4798 :2..3.
1517 4717 1568 4769 7.
1601 4718 1654 4773 8.
1682 4720 1735 4775 9.
1765 4720 1850 4798 10..
1886 4722 2040 4798 ᾷοιΙι.
2064 4723 2200 4777 Μαι.
2278 4725 2299 4756 ⁸
2325 4739 2402 4798 m.
2425 4726 2626 4782 nostris
2651 4726 2786 4782 Mitt.
2863 4729 2884 4761 ³
2906 4733 2981 4784 ita
3014 4730 3169 4785 codd.
3197 4747 3376 4787 ontnes
3394 4749 3415 4798 ;
3449 4732 3668 4790 Sirmon-

415 4787 519 4869 duo
542 4783 1097 4869 hemina-intimam
1121 4785 1323 4869 celtibet
1346 4802 1364 4839 :
1401 4786 1545 4869 Haec
1575 4792 2365 4869 suntcapitulaquac-propter
2391 4796 2870 4869 interrogationem
2915 4783 3668 4869 aliquorummissorum'con-

415 4856 651 4938 siderat:
673 4861 733 4939 et
754 4854 958 4936 scripta
983 4854 1352 4939 vel‘ordinata
1369 4865 1527 4939 sunt,
1548 4859 1661 4914 sive
1686 4861 1752 4939 de
1789 4854 2175 4939 ecclesiasticis
2213 4854 2413 4930 causis,
2458 4866 2572 4939 sive
2600 4854 2680 4939 71c
2725 4869 2955 4939 caeteris
3000 4854 3255 4939 quaemad
3294 4854 3665 4927 correciionem

417 4926 686 5002 maiorum
710 4923 1013 5002 nominum,
1042 4930 1261 5002 etquae
1287 4926 1353 4979 ad
1371 4927 1654 5002 publicum
1687 4930 1946 5002 honorem
1971 4933 2241 5000 pertinent
2268 4951 2281 4998 ;
2323 4923 2461 5002 quae
2488 4937 2587 4991 sub
2610 4938 2783 4991 tribus
2805 4923 3254 4995 distinctionibus
3266 4923 3519 4997 ordinata
3535 4923 3662 4994 sunt.

414 4996 439 5025 ⁸
477 4994 695 5050 iubeant
722 4994 775 5048 l.

414 5062 711 5121 derandum
736 5064 790 5120 5.
819 5064 873 5118 5.
901 5062 1053 5119 740.

901 4996 923 5026 '
959 4995 1272 5055 persoluam
1295 5033 1309 5046 .
1338 5034 1352 5047 .
1380 5034 1393 5048 .
1421 4998 1722 5054 sustineant
1748 4998 1833 5053 BI.
1869 4995 2025 5055 Catii.

2133 5003 2155 5033 ⁵
2189 5004 2538 5060 armiscaram
2584 5006 2668 5059 Bl.
2696 5008 2999 5064 ariscadam
3035 5008 3098 5063 V.
3138 5008 3239 5063 Vn.
3281 5009 3349 5065 E.
3460 5012 3480 5044 ⁷
3506 5008 3667 5064 consi-

1164 5064 1498 5150 '.uol_ueru’nt
1613 5070 1672 5150 ﬂ"
1694 5069 2073 5150 describantur
2096 5074 2148 5150 5..
2178 5072 2238 5150 5.-
2257 5074 2353 5150 [ξς
2394 5074 2477 5150 BI.
2505 5083 2562 5129 ut
2582 5077 2671 5131 ubi
2696 5079 2965 5150 scribetur
2992 5077 3147 5135 Goth.
3230 5064 3287 5150 ‘A'V
3305 5095 3356 5145 c,
3382 5081 3436 5136 hi
3472 5081 3558 5150 qui
3582 5093 3666 5134 eas

415 5134 472 5223 ἓ
499 5132 792 5223 ἓξὲξ*
998 5144 1161 5223 caput
1174 5135 1314 5223 deest
1344 5136 1396 5189 in
1419 5136 1573 5223 90th.
1603 5138 1659 5223 ,ιζ
1664 5149 1738 5192 ut.
1767 5139 2187 5223 -ροάεπ-Ρᾳνὶδ.
2214 5143 2353 5223 «iii-l3
2375 5154 2422 5223 et
2446 5147 2540 5223 [ioc
2565 5157 2611 5200 ct
2639 5132 2837 5223 reliqua
2872 5132 3027 5223 huius
3048 5132 3364 5223 capitulum;
3468 5132 3664 5223 emittit.

419 5204 464 5236 "
488 5212 677 5260 contra
697 5218 965 5259 canonum
994 5212 1198 5259 statuta
1229 5205 1311 5259 ιο.
1427 5208 1469 5238 ’³
1492 5209 1606 5262 siue
1637 5209 1687 5262 l.

414 5274 775 5344 hane/nouam
797 5284 852 5330 et
890 5274 1154 5330 decimam
1181 5274 1489 5344 persolvere
1511 5278 1715 5341 debuit,
1743 5292 1841 5334 etc.
1870 5274 1955 5336 l0.

1804 5212 1846 5241 ”
1869 5214 2185 5284 presbytero
2216 5213 2299 5268 Bl.
2380 5215 2422 5245 ¹⁸
2456 5217 2551 5269 hoc
2601 5212 2755 5284 caput
2799 5219 2937 5273 deest
2966 5219 3021 5274 2.
3050 5212 3205 5275 05th.
3258 5220 3395 5276 Mat.
3471 5220 3512 5251 ¹⁶
3537 5216 3667 5272 unde

2036 5285 2075 5316 ¹⁷
2106 5292 2164 5338 ut
2201 5284 2254 5338 5.
2283 5284 2431 5339 5-10.
2513 5286 2553 5315 ”
2576 5285 2817 5341 laborent
2856 5290 2909 5343 3.
2943 5289 3093 5343 5-10.
3174 5289 3497 5345 "1119.10.
3534 5287 3664 5341 decu

414 5344 471 5398 5.
654 5343 939 5426 ’ἄειδε-ιτ
1016 5347 1059 5376 ⁸³
1088 5361 1139 5401 c.
1161 5342 1235 5426 de
1251 5360 1463 5426 annona
1486 5356 1541 5400 ct
1566 5349 1612 5415 l.
1689 5351 1733 5380 "
1766 5351 1850 5426 uel
1874 5350 1955 5405 Bl.
2033 5354 2194 5407 “hoc
2237 5365 2390 5426 caput
2413 5355 2571 5410 deest.
2597 5354 2752 5410 Goth.
2786 5342 2919 5412 Mur.
2950 5342 2961 5343 ί
2997 5342 3122 5413 πει
3144 5360 3197 5415 2.
3225 5342 3301 5414 ὅ(
3331 5342 3477 5415 8416.
3548 5357 3593 5387 ⁸⁸
3613 5360 3661 5426 ἀς

414 5422 539 5497 post
1060 5416 1448 5497 mstigatioqes
1479 5422 1976 5477 cxcommunicetur
1997 5429 2051 5476 et
2072 5437 2168 5492 per
2190 5416 2443 5480 comitem
2489 5436 2573 5479 aut
2603 5440 2698 5497 per
2724 5429 2945 5484 missum
2972 5439 3077 5485 etc.
3120 5427 3179 5479 ν.
3214 5427 3318 5484 Vn.
3344 5428 3412 5484 Ε.
3485 5427 3528 5460 ¹⁶
3549 5442 3592 5481 r.
3616 5422 3663 5479 id

414 5493 499 5538 est
532 5499 585 5537 Vl
620 5483 807 5540 solidis
840 5483 940 5538 γ..
966 5484 1035 5539 ε.
1110 5487 1153 5517 ³⁷
1185 5483 1322 5553 quas
1348 5485 1432 5539 BI.

1943 5577 2173 5636 ΝΟΤᾸ-Σ.

497 5651 524 5682 ⁸
552 5642 613 5697 ν.
638 5682 651 5708 ,
683 5658 865 5713 supra,
900 5659 1022 5716 cap.
1058 5661 1107 5698 a.
1141 5643 1266 5711 8l7,
1292 5660 1411 5715 cap.
1460 5646 1537 5700 iO.
1600 5720 1601 5723 η
