3828 6220
416 220 645 278 CODEX
686 217 1306 277 DlI‘LOll.\TICUS..-
1343 216 1660 276 LUDOVICI
1696 220 1716 274 ι
1754 218 1840 275 ΕΤ
1878 219 2200 276 ιοτηιιιιι
2235 217 2718 276 (ἈΡΙΤΗΙΛΒΙΛ.
2751 248 2821 259 -
2854 220 2956 275 As.
2999 221 3123 279 8'29.

3302 223 3408 279 63$

151 339 260 394 nire
305 336 678 406 conpellatur;
746 333 909 388 ceteri
958 347 1084 387 vero
1138 331 1548 401 distringantur,
1598 333 1615 363 ¹
1664 339 1724 386 ιιι
1755 339 1797 395 Α
1826 331 2060 401 capitulo
2095 333 2183 387 56.
2218 353 2237 383 ι
2276 331 2614 403 Quicumque
2636 349 2795 389 suum
2819 335 2866 366 ”
2892 335 3215 393 beneficium
3254 347 3415 397 occa'

152 428 291 486 inviti
338 427 597 484 ecclesiae
647 425 972 487 restituant.
1020 423 1111 493 qtti
1142 424 1162 455 ⁸
1201 423 1538 480 voluntariae
1583 422 1716 478 dare
1815 424 1968 480 sione
1985 425 2185 496 proprii
2202 423 2474 481 desertum
2498 426 2765 492 habuerit,
2788 436 2842 482 et
2878 428 3021 485 intra
3040 420 3241 486 annum
3262 444 3410 504 post-

148 520 507 591 neglexerunt.

206 633 238 688 8
282 630 323 682 '.
364 627 702 698 Quicumque
734 626 802 683 de
853 628 1013 682 rebus
1052 626 1403 682 ecclesiarum
1466 642 1603 698 quas
1652 627 1711 682 in

145 720 447 776 beneficium
495 720 523 752 ⁸
558 720 778 784 habent,
824 720 1249 775 rcstaurationes
1293 734 1482 774 earum
1530 717 1712 775 facere

144 812 494 884 neglexerunt,
545 812 695 867 iuxta
746 812 1098 883 capitularem
1139 813 1466 868 anteriorem
1505 811 1561 867 in
1600 827 1710 882 quo

140 905 199 959 de
220 904 474 973 operibus
502 919 568 959 ac
589 905 747 959 nonis
782 913 837 959 et
862 904 1085 959 decimis
1122 904 1474 959 constitutum
1498 913 1601 968 est,
1626 906 1707 961 sic

140 999 197 1052 de
224 996 324 1051 illis
348 994 728 1065 adimpleatur,
769 996 822 1052 id
843 1003 928 1050 est
971 997 1026 1050 in
1052 995 1189 1051 libro
1227 1006 1422 1065 quarto
1463 996 1707 1067 capitulo

139 1087 216 1141 38.
253 1104 270 1136 ι
306 1085 383 1141 De
416 1100 579 1155 opere
599 1095 655 1141 et
696 1087 1088 1143 restauratione
1134 1087 1518 1143 ecclesiarum:
1560 1089 1706 1144 Con-

138 1176 418 1231 sideratum
443 1176 465 1207 ⁸
498 1186 602 1241 est,
641 1184 701 1232 ut
739 1176 808 1233 de
844 1177 1089 1249 frugibus
1112 1186 1291 1235 terrae
1311 1187 1366 1235 et
1386 1179 1703 1235 animalium

136 1267 415 1326 nutrimine
442 1269 835 1339 persolvantur.
876 1270 953 1326 De
975 1285 1138 1339 opere
1158 1286 1289 1328 vero
1313 1271 1394 1328 vel
1435 1282 1704 1328 restaura-

136 1362 268 1417 tione
287 1360 636 1417 ecclesiarum
662 1378 845 1419 comes
860 1370 914 1419 et
934 1362 1219 1433 episcopus
1242 1365 1359 1421 sive
1385 1365 1569 1430 abbas,
1591 1381 1700 1420 una

134 1468 245 1509 cum
280 1453 444 1508 misso
464 1463 671 1519 nostro,
711 1470 869 1525 quem
907 1455 1007 1524 ipsi
1046 1455 1147 1511 sibi
1186 1459 1252 1512 ad
1290 1457 1394 1512 hoc
1414 1456 1699 1526 elegerint,

133 1544 604 1601 considerationem
630 1543 852 1613 faciant,
879 1555 939 1601 ιιι
969 1542 1339 1618 unuSqnisque
1375 1562 1562 1604 eorum
1587 1533 1701 1603 tan-

136 1644 237 1690 tum
262 1634 386 1691 inde
406 1636 637 1707 accipiat
667 1638 689 1669 '
728 1636 795 1693 ad
818 1639 1150 1708 operandum
1176 1648 1230 1695 et
1257 1640 1694 1705 restaurandum,

1815 530 1978 585 quam
2004 515 2054 570 ei
2085 532 2113 570 a
2138 517 2334 572 comite
2358 516 2620 574 velutisso
2642 526 2831 574 nostro
2854 527 3043 575 notum
3074 520 3274 580 factum
3299 522 3411 579 fue-

1814 605 1905 667 rit,
1967 605 2096 659 illud
2141 607 2483 662 emendatum
2522 623 2631 663 non
2674 608 2950 675 habuerit,
2990 611 3163 682 ipsum
3201 612 3410 670 benefl-

1812 697 1956 752 cium
1984 697 2219 751 amittat.
2261 717 2279 749 ι

1882 786 1936 841 2.
1980 787 2047 842 Ut
2099 789 2245 843 missi
2290 789 2461 845 nostri
2493 790 2821 861 ubicumque
2849 793 3022 851 malos
3071 797 3328 854 scabinos
3358 799 3403 831 “

1812 879 2088 935 inveniant
2117 882 2184 944 ",
2218 880 2441 947 eiciant,
2491 891 2545 937 et
2593 884 2763 940 totius
2805 886 2995 955 populi
3046 904 3314 946 consensu
3347 890 3403 946 in

1810 969 1986 1026 locum
2012 988 2201 1028 eorum
2236 974 2410 1029 bonos
2433 974 2653 1046 eligant.
2702 976 2771 1031 Et
2818 994 2942 1034 cum
2985 979 3401 1049 electi’fuerint,

1806 1062 1992 1118 iurare
2017 1063 2220 1119 faciant
2243 1072 2304 1119 ut
2329 1065 2566 1122 scienter
2589 1068 2636 1098 “
2672 1068 2873 1125 iniuste
2904 1070 3145 1128 iudicare
3172 1087 3280 1129 non
3301 1072 3402 1130 de-

1808 1154 1992 1209 beant.
3288 1160 3294 1165 ’

1876 1265 1912 1320 5
1942 1264 2007 1319 ’³.
2053 1266 2122 1323 Ut
2146 1269 2199 1325 in
2239 1269 2386 1325 omni
2425 1269 2687 1326 comitatu
2723 1271 2781 1327 bi
2808 1272 2901 1342 qui
2928 1272 3185 1331 meliores
3225 1282 3400 1333 etve-

1805 1354 2035 1412 ratiores
2078 1358 2308 1415 inveniri
2331 1370 2581 1430 possunt,
2615 1361 2886 1433 eligantur
2906 1378 2935 1417 a
2963 1365 3147 1421 missis
3192 1366 3400 1425 nostris

1803 1444 1872 1498 ad
1894 1444 2270 1524 inquisitiones
2292 1448 2566 1507 faciendas
2591 1460 2646 1519 et
2666 1453 2743 1508 rei
2771 1454 3052 1510 veritatem
3074 1456 3395 1526 dicendam;

1803 1544 1858 1591 et
1887 1547 1948 1592 ut
1978 1539 2024 1571 "
2048 1539 2325 1599 adiutores
2359 1543 2622 1599 comitum
2642 1545 2751 1600 sint
2770 1544 2839 1601 ad
2860 1545 2907 1577 ”
2934 1546 3171 1604 iustitias
3190 1548 3398 1606 facien-

1806 1626 1926 1684 das.

134 1726 509 1823 quantum
523 1699 602 1783 de
626 1729 787 1823 rebus
809 1699 1160 1823 ecclesiarum
1184 1730 1384 1786 habere
1420 1699 1703 1802 cognosci-
1734 1699 1781 1761 Β
1878 1740 1930 1795 4.
1975 1743 2234 1800 Volumus
2262 1755 2322 1801 ut
2361 1747 2691 1819 quicumque
2741 1748 2808 1805 de
2831 1750 3069 1807 scabinis
3096 1750 3397 1823 deprehen-

134 1823 228 1899 tur.
267 1815 529 1873 Similiter
555 1826 609 1872 et
629 1819 771 1875 vassi
795 1820 963 1875 nostri
988 1829 1081 1874 aut
1102 1821 1154 1875 in
1177 1835 1464 1876 commune
1487 1829 1697 1875 tantum

132 1911 291 1982 operis
327 1910 596 1979 accipiant
653 1921 915 1981 quantum
955 1928 1135 1969 rerum
1202 1913 1695 1969 ecclesiasticarum

133 2004 331 2069 habent,
369 2001 453 2057 vel
497 2004 868 2073 unusquisque
911 2020 1008 2074 per
1049 2020 1107 2060 se
1145 2005 1294 2059 iuxta
1335 2006 1700 2074 quantitatem

133 2111 274 2166 quam
311 2095 424 2164 ipse
460 2102 627 2150 tenet.
668 2095 776 2150 Aut
814 2098 858 2152 si
886 2100 1028 2152 inter
1056 2111 1149 2153 cos
1172 2097 1487 2153 convenerit
1519 2102 1577 2153 nt
1597 2111 1699 2168 pro

134 2199 276 2256 opere
315 2185 559 2241 faciendo
600 2194 883 2258 argentum
908 2188 1129 2252 donent,
1173 2188 1321 2242 iusta
1361 2189 1700 2250 aestimatio-

133 2295 238 2334 nem
276 2278 453 2347 operis
475 2278 531 2332 in
557 2287 782 2348 argento
821 2281 1167 2351 persolvant:
1210 2297 1332 2337 cum
1374 2297 1481 2351 quo
1520 2282 1697 2351 pretio

134 2377 288 2423 rector
316 2369 578 2425 ecclesiae
599 2368 667 2425 ad
707 2371 1039 2438 praedictam
1082 2372 1531 2427 restaurationem
1568 2387 1699 2442 ope-

131 2460 280 2515 rarios
310 2461 330 2491 ⁷
377 2461 678 2517 conducere
718 2470 772 2517 et
817 2464 1168 2518 materiamen
1217 2463 1238 2493 ⁸
1278 2478 1458 2518 emere
1499 2464 1689 2533 possit.

133 2551 188 2605 Et
209 2551 289 2620 qui
322 2567 490 2607 nonas
527 2560 581 2621 et
623 2553 858 2609 decimas
903 2554 1034 2609 dare
1086 2554 1399 2625 neglexerit,
1452 2538 1691 2624 primum

133 2641 319 2710 quidem
344 2641 461 2697 illas
483 2658 606 2699 cum
649 2659 746 2700 sua
769 2644 888 2716 lege
910 2646 1179 2709 restituat,
1219 2646 1442 2715 insuper
1482 2646 1692 2701 et'ban-

131 2747 238 2785 num
277 2740 515 2809 nostrum
560 2735 769 2803 solvat;
812 2747 871 2791 ut
903 2738 973 2792 ita
1024 2737 1322 2808 castigatus
1364 2734 1573 2804 caveat,
1622 2754 1691 2794 ne

132 2824 319 2894 saepius
347 2825 593 2883 iterando
617 2830 639 2861 ⁹
675 2818 998 2885 beneficium
1021 2831 1256 2885 amittat.
1315 2848 1334 2882 ι

189 2914 218 2968 9
241 2914 297 2966 ‘°‘.
334 2914 410 2970 De
447 2918 553 2974 illis
582 2920 620 2950 “
647 2920 739 2989 qui
765 2936 924 2991 agros
953 2920 1308 2976 dominieatos
1336 2920 1686 2990 "propterea

133 3010 395 3081 neglexerit
437 3010 702 3076 excolere,
748 3020 809 3065 ut
855 3026 1025 3067 nonas
1057 3010 1098 3041 ¹³
1130 3018 1184 3065 et
1227 3010 1468 3065 decimas
1492 3010 1687 3066 exinde

133 3115 220 3155 nou
249 3102 597 3172 “persolvat,
649 3110 707 3157 et
755 3102 960 3157 alienas
1008 3102 1273 3167 ιρι-ωδ,ᾼά
1329 3102 1682 3158 excolendum

133 3202 317 3265 pmpter
338 3195 438 3252 hoo
459 3193 674 3265 accipit,
700 3196 946 3251 volumus
967 3202 1025 3250 ut
1047 3194 1112 3251 de
1135 3195 1310 3250 tribus
1329 3194 1484 3251 annis
1510 3195 1683 3266 ipsam

134 3297 375 3362 nouantet
399 3287 665 3342 decimam
690 3272 742 3318 1”
783 3302 906 3341 cum
947 3302 1045 3342 sua
1084 3286 1200 3357 lege
1224 3287 1497 3358 persolvat
1526 3287 1590 3341 ¹⁶.
1615 3287 1683 3343 Et

136 3376 171 3428 si
194 3378 300 3445 quis
321 3387 659 3449 contemptor
689 3391 782 3433 aut
802 3380 1016 3433 comitis
1040 3387 1134 3432 aut
1159 3366 1445 3433 missorum
1470 3388 1683 3435 nostro-

131 3483 228 3525 rum
249 3485 453 3546 propter
477 3475 579 3532 boc
616 3476 906 3541 exstiterit,
934 3490 1030 3545 per
1055 3475 1400 3531 fideiussores
1429 3475 1494 3530 ad
1535 3476 1684 3546 pala-

135 3561 243 3614 tium
267 3566 441 3620 venire
462 3564 833 3635 compellatur.

192 3653 331 3708 10".
373 3656 441 3712 Ut
462 3656 530 3711 de
572 3657 737 3711 rebus
774 3655 1124 3711 ecclesiarum
1171 3670 1310 3725 quae
1350 3656 1418 3711 ab
1458 3656 1537 3711 eis
1580 3671 1678 3728 per

133 3746 320 3816 triginta
365 3763 627 3803 annorum
668 3748 901 3817 spatium
944 3747 1061 3803 sine
1097 3747 1203 3801 nlla
1249 3748 1679 3817 interpellatione

130 3852 341 3907 possessa
392 3842 435 3872 ¹⁸
458 3849 605 3903 sunt,
640 3840 948 3897 testimonia
974 3854 1079 3894 non
1120 3840 1466 3908 recipiantur.
1497 3840 1591 3894 sed
1613 3854 1678 3895 eo

134 3931 263 3986 modo
295 3934 684 3997 contineantur,
714 3932 855 3986 sicut
878 3947 965 3986 res
1004 3932 1070 3986 ad
1112 3930 1305 3987 iiscum
1348 3931 1677 3987 dominicum

132 4022 423 4089 pertinentes
454 4023 725 4080 contineri
749 4006 946 4079 solent.

591 4151 722 4190 ιτειιι
761 4151 883 4190 ΑιιΑ
927 4149 1211 4191 CAPITULA.

190 4246 210 4300 l
240 4247 296 4300 ".
334 4248 405 4303 De
428 4248 705 4304 beneficiis
743 4248 1029 4303 destructis
1051 4248 1154 4302 hoc
1184 4248 1503 4302 observetur
1528 4247 1672 4316 quod

134 4333 175 4387 iu
193 4339 459 4408 capitulare
479 4340 644 4411 priori
672 4340 996 4404 continetur,
1033 4340 1083 4394 id
1111 4340 1267 4395 estin
1305 4339 1444 4396 libro
1474 4347 1670 4409 quarto

1805 1847 1898 1889 sus
1920 1833 2082 1891 fuerit
2106 1848 2330 1909 propter
2358 1856 2578 1895 munera
2614 1850 2708 1896 aut
2726 1850 2951 1912 propter
2977 1844 3396 1901 amicitiam'vel

1805 1926 2144 1985 inimicitiam
2169 1931 2212 1961 ³⁷
2241 1930 2443 1987 iniuste
2477 1932 2766 1999 iudicasse,
2817 1942 2877 1988 ut
2905 1935 2951 1966 "'
2994 1950 3092 2005 per
3116 1936 3396 1993 fideiusso-

1802 2034 1891 2074 res
1933 2021 2131 2076 missus
2160 2021 2225 2085 ad
2253 2024 2616 2091 praesentiam
2662 2034 2906 2081 nostram
2936 2026 2982 2057 ”
3012 2027 3163 2081 illum
3205 2028 3393 2085 venire

1801 2109 1984 2165 faciat.
2024 2112 2100 2167 De
2122 2120 2306 2168 cetero
2336 2114 2590 2169 omnibus
2637 2115 2877 2170 scabinis
2907 2116 3273 2181 denuntietur,
3319 2132 3391 2174 ne

1799 2202 1922 2274 quis
1950 2203 2203 2274 deinceps
2229 2204 2393 2259 etiam
2432 2205 2633 2261 iustum
2666 2206 2925 2262 iudicium
2968 2208 3202 2265 vendere
3225 2224 3390 2279 prae-

1798 2306 1997 2354 sumat.

1865 2408 1900 2464 5
1923 2409 1989 2463 3°.
2014 2409 2352 2480 Ubicumque
2385 2412 2843 2468 commutationes
2868 2420 2978 2467 tam
3006 2419 3247 2484 tempore
3269 2430 3391 2472 nos-

1794 2510 1881 2558 tro
1906 2516 2175 2572 quamque
2203 2502 2465 2574 genitoris
2487 2502 2530 2534 ⁸¹
2554 2504 2726 2559 nostri
2758 2503 3033 2575 legitimae
3065 2504 3110 2536 “
3132 2513 3187 2560 et
3216 2507 3389 2562 ratio-

1793 2594 2002 2649 nabiles
2031 2603 2193 2664 atque
2244 2592 2407 2649 utiles
2437 2594 2684 2650 ecclesiis
2711 2595 2808 2650 Dei
2859 2593 3036 2652 factae
3081 2605 3229 2661 sunt,
3256 2611 3387 2669 per-

1790 2696 2065 2742 maneant.
2110 2686 2448 2757 Ubicumque
2492 2703 2621 2744 vero
2663 2687 2882 2773 inutiles
2923 2699 2979 2746 et
3011 2690 3388 2747 incommodae

1789 2785 1951 2848 atque
1994 2777 2401 2833 inrationabiles
2446 2774 2621 2833 factae
2667 2786 2815 2845 sunt,
2891 2778 3279 2845 dissolvantur,
3329 2788 3385 2835 et

1789 2869 2017 2938 recipiat
2046 2870 2418 2939 unusquisque
2461 2871 2604 2939 quod
2629 2870 2797 2926 dedit.
2842 2869 2948 2926 Ubi
2992 2886 3122 2928 vero
3168 2879 3382 2927 mortua

1787 2974 1982 3014 manus
2004 2959 2307 3024 interiacet,
2341 2969 2434 3014 aut
2467 2959 2571 3015 alia
2613 2960 2887 3030 quaelibet
2923 2976 3087 3016 causa
3121 2976 3260 3032 quae
3293 2977 3384 3019 ra-

1717 3053 1762 3118 ο
1795 3049 2071 3105 tionabilis
2103 3050 2149 3083 ³³
2180 3065 2301 3106 esse
2331 3050 2566 3116 videtur,
2617 3050 2835 3106 inventa
2859 3048 3043 3116 fuerit,
3093 3051 3381 3124 diligenter

1786 3141 2146 3205 describatur,
2180 3151 2235 3197 et
2259 3141 2327 3197 ad
2358 3151 2604 3197 nostram
2636 3143 2884 3198 notitiam
2924 3141 3250 3212 perferatur.

1858 3234 1891 3291 6
1914 3235 1980 3288 ".
2021 3235 2361 3305 Quicumque
2397 3237 2780 3305 comprobatus
2834 3236 2995 3290 fuerit
3026 3236 3095 3291 de
3119 3251 3205 3301 eo,
3233 3237 3380 3307 quod

1783 3327 2019 3382 scienter
2066 3333 2234 3382 testes
2257 3326 2312 3381 in
2361 3327 2659 3396 periurium
2688 3317 3009 3390 induxisset,
3039 3328 3141 3383 sub
3159 3326 3379 3383 ﬁdeius-

1783 3420 1937 3475 sione
1958 3418 2025 3473 ad
2053 3419 2312 3489 placitum
2341 3419 2388 3450 ³⁸
2412 3428 2658 3474 nostrum
2688 3419 2873 3474 venire
2898 3418 3273 3488 compellatur,
3316 3427 3378 3472 ut

1782 3515 1856 3569 ibi
1884 3530 2006 3569 cum
2045 3514 2292 3569 fidelibus
2319 3513 2522 3568 nostris
2566 3512 2994 3579 consideremus,
3022 3511 3157 3582 quid
3181 3510 3249 3566 de
3282 3512 3375 3567 tali

1782 3604 1999 3662 homine
2037 3603 2343 3660 faciendum
2367 3605 2458 3658 sit.

1852 3697 1905 3750 7-.
1946 3697 2023 3751 De
2045 3696 2131 3752 his
2169 3698 2259 3766 qui
2286 3697 2574 3752 discordiis
2598 3705 2654 3751 et
2684 3696 3122 3752 contentionibus
3151 3694 3375 3751 studere

1781 3787 1956 3845 solent
1976 3795 2030 3842 et
2055 3788 2107 3841 in
2133 3803 2267 3857 pace
2290 3787 2473 3841 vivere
2494 3787 2539 3818 ³⁸
2564 3786 2774 3851 nolunt,
2796 3795 2852 3840 ct
2871 3786 2994 3843 inde
3016 3784 3246 3840 convicti
3264 3782 3373 3839 fue-

1780 3882 1911 3945 rint,
1976 3881 2227 3936 similiter
2274 3879 2523 3935 volumns
2550 3920 2566 3946 ,
2610 3889 2670 3933 ut
2708 3881 2810 3935 sub
2854 3878 3272 3935 ﬁdeiussoribus
3302 3876 3370 3930 ad

1779 3980 2025 4026 nostrum
2064 3970 2323 4041 placitum
2356 3970 2598 4035 veniant,
2653 3978 2714 4024 ut
2744 3968 2819 4025 ibi
2844 3985 2969 4024 cum
3005 3967 3368 4023 fidelibusuo—

1777 4062 1907 4118 stris
1920 4061 2325 4117 consideremus
2346 4058 2476 4129 quid
2501 4060 2569 4114 de
2594 4060 2793 4114 talibus
2830 4056 3137 4113 faciendum
3164 4057 3256 4112 sit.

1846 4155 1879 4211 8
1911 4155 1975 4207 ³⁷.
2019 4155 2094 4209 De
2122 4154 2278 4208 bonis
2301 4153 2536 4208 denariis
2562 4168 2699 4222 quos
2726 4150 2957 4221 populus
2982 4165 3088 4206 non
3136 4148 3248 4202 vult
3280 4163 3366 4202 re-

1774 4245 1955 4316 cipere
2003 4245 2080 4310 ³⁸,
2125 4244 2374 4300 volumus
2402 4251 2460 4297 ut
2496 4243 2597 4297 hoc
2644 4244 2967 4298 observetur
3008 4249 3064 4294 et
3112 4247 3365 4294 teneatur

1774 4337 1918 4408 quod
1939 4336 1992 4391 in
2018 4337 2200 4405 priore
2222 4333 2522 4403 capitulare
2548 4342 2736 4388 nostro
2770 4332 3128 4388 constitutum
3169 4339 3275 4395 est,
3310 4329 3363 4384 itl

1310 4534 1703 4591 VARIANTES
1731 4532 2129 4591 LECTIONES.

191 4689 209 4761 ἶ
239 4699 289 4745 ut
314 4691 393 4747 uel
416 4691 570 4746 iniuti
602 4691 687 4745 10.
764 4692 784 4722 ³
814 4706 952 4761 quae
986 4690 1039 4745 5.
1068 4688 1216 4743 5-10.
1247 4688 1390 4761 quod
1414 4688 1571 4761 Goth.
1649 4688 1788 4761 Utoc
1810 4700 1964 4759 caput
1991 4690 2151 4761 deest.
2190 4687 2345 4761 Gothi.
2379 4688 2515 4743 Mitt.
2541 4691 2605 4743 Α.
2632 4688 2722 4743 Fl.
2750 4689 2811 4743 L.
2850 4690 2907 4761 Υ.
2948 4690 3043 4745 Vn.
3076 4691 3144 4745 E.
3222 4691 3242 4720 ⁸
3265 4692 3356 4747 be-

137 4759 292 4814 neficio
316 4761 393 4815 Bl.
468 4763 490 4794 ⁸
529 4759 982 4817 considerandum
1014 4761 1059 4813 1.
1110 4761 1131 4813 1
1174 4776 1223 4813 c.
1267 4759 1321 4791 ’⁸
1347 4760 1621 4817 accipiant
1650 4760 1697 4813 1.

139 4830 267 4883 "hoc
284 4842 423 4901 caput
440 4832 582 4887 deest
607 4833 661 4885 in
679 4831 832 4886 Goth.
861 4830 995 4883 Mitt.
1023 4831 1086 4884 Α.
1120 4828 1207 4883 Fl.
1247 4828 1308 4882 L.
1347 4828 1408 4883 V.

1772 4761 1791 4791 "
1821 4766 2001 4829 operis
2034 4760 2080 4813 1.
2116 4761 2135 4813 1
2178 4777 2228 4815 c.
2269 4759 2353 4812 BI.
2449 4761 2470 4791 ⁸
2517 4762 2774 4817 materias
2807 4760 2891 4814 BI.
2968 4761 2990 4791 ’
3022 4762 3272 4817 itarando
3303 4763 3352 4815 l.

1494 4848 1547 4903 ιι.
1576 4830 1715 4903 Etet
1742 4828 1990 4903 Bitjipnll.
2072 4831 2110 4903 ἒξ
2139 4833 2212 4903 ita
2240 4831 2286 4883 l.
2401 4830 2451 4884 6.
2482 4831 2534 4885 9..
2575 4832 2735 4903 (corr.
2774 4832 2888 4903 illo)
2920 4832 3001 4887 10.
3027 4832 3114 4886 Bl.
3196 4834 3237 4863 “
3261 4833 3357 4887 do-

137 4900 402 4957 minicos'G.
483 4903 526 4933 ⁸³
548 4909 603 4957 et
624 4902 677 4954 d.
713 4901 897 4955 desunt
935 4902 981 4953 l.
1024 4916 1222 4955 nonam
1243 4916 1364 4956 cum
1398 4900 1606 4956 decima
1641 4900 1693 4954 2.
1737 4900 1789 4953 4.
1816 4900 1868 4954 8.
1908 4902 1986 4955 10.
2068 4902 2110 4932 ³³
2152 4902 2291 4955 deest
2322 4902 2367 4953 l.

2450 4902 2569 4973 "et
2592 4903 2653 4973 (1.
2695 4902 2879 4973 desunt
2905 4903 2956 4956 1.
2996 4972 2999 4973 ν
3034 4903 3355 4973 “neglexe-

137 4971 221 5042 rint
243 5009 293 5042 ._.
312 4973 617 5042 persoluant
639 5012 652 5025 .
684 5012 697 5025 .
725 4973 996 5040 accipiunt
1017 5011 1030 5023 .
1060 5012 1071 5024 .
1114 4971 1424 5040 persoluant
1455 4970 1539 5025 Bt.
1575 5041 1582 5042 ί
1618 4972 1656 5042 ’7
1681 4972 1777 5025 hoc
1802 4982 1955 5042 caput
1981 4972 2119 5026 deest
2143 4973 2195 5025 in
2227 4973 2271 5024 1.
2309 4972 2388 5025 16.
2421 4972 2473 5025 7.
2500 4972 2586 5027 BI.
2616 4972 2771 5029 Goth.
2806 4972 2943 5026 Μαι.
2969 4972 3032 5026 Α.
3066 4972 3153 5026 ιί.
3179 4970 3247 5027 1..
3288 4971 3351 5027 ν.

146 5034 221 5113 γη.
254 5034 421 5113 Εἶρα)
446 5045 614 5113 capite
633 5052 813 5113 octavo
843 5034 1056 5113 'cotrtput

1062 5044 1272 5113 qtur__in
1311 5041 1363 5113 2.
1394 5043 1447 5095 5.
1476 5041 1530 5113 5.
1559 5041 1612 5094 6.
1637 5041 1689 5095 8.
1714 5042 1766 5097 9.
1824 5042 1923 5107 tu;
1966 5043 2079 5096 loco
2108 5059 2223 5097 vero
2251 5042 2346 5095 hoc
2378 5044 2429 5095 in
2461 5044 2479 5097 l
2505 5058 2553 5098 c.
2631 5043 2674 5074 ¹⁸
2697 5044 2770 5096 ita
2800 5044 2855 5113 5.
2882 5043 2933 5098 6.
3014 5043 3055 5074 ¹⁹
3080 5044 3176 5097 ltoc
3197 5052 3351 5113 caput

138 5108 248 5161 deat
270 5108 423 5166 in’Bl.
450 5108 608 5167 eam.
636 5111 771 5166 Mitt.
790 5112 851 5165 Α.
873 5108 1048 5165 Γιςι.
1074 5110 1133 5163 ι’.
1175 5110 1273 5165 Vn.
1317 5111 1384 5165 Ε.
1423 5123 1470 5166 et
1501 5112 1675 5166 Paris.
1755 5114 1797 5143 ²⁰
1826 5114 1942 5167 s.b.
1966 5115 2010 5167 1.
2046 5114 2134 5166 ie.
2155 5115 2204 5166 h.
2232 5130 2276 5166 s.
2298 5113 2391 5165 rel.

2467 5117 2509 5144 ‘”
2539 5113 2809 5169 scabinios
2834 5112 2888 5167 2.
2914 5114 2966 5168 5.
2991 5115 3043 5169 8.
3071 5115 3124 5168 9.
3203 5112 3353 5167 “in-

140 5180 431 5255 generiutBl.
458 5183 745 5255 inueniunt
758 5182 824 5255 Β.
855 5183 972 5255 loco
1004 5181 1113 5255 Bl._
1137 5181 1205 5255 fit
1222 5184 1453 5255 scientes
1484 5184 1527 5235 1.
1561 5183 1654 5236 le.
1694 5180 1755 5255 V.
1832 5184 1875 5214 "'
1900 5194 2051 5255 caput
2082 5183 2498 5255 deestt'nﬂaris.
2530 5183 2689 5255 4615.
2745 5185 2790 5214 ³⁸
2814 5185 2953 5239 deest
2974 5184 3017 5237 l.
3060 5185 3105 5215 ’³⁸
3131 5184 3269 5237 dest
3300 5185 3346 5238 Ι.

141 5242 173 5274 ’⁷
193 5249 279 5301 v.i.
302 5251 474 5307 desunt
494 5254 514 5306 1
534 5268 583 5308 c.
602 5253 688 5306 10.
705 5253 861 5306 (ἱοιΙι.
894 5252 1067 5306 Paris.
1089 5252 1246 5308 4615.
1342 5254 1385 5284 ³⁸
1408 5254 1546 5307 deest
1571 5254 1624 5308 '5.

1714 5253 1759 5284 ”
1787 5269 1839 5307 n.
1864 5253 2043 5308 veniat
2064 5257 2117 5309 5.
2140 5254 2191 5308 5.
2218 5254 2268 5307 7.
2300 5253 2384 5306 Bl.
2408 5254 2584 5308 Puris.
2613 5253 2772 5315 4615.

2854 5255 2896 5286 ³⁰
2910 5256 3007 5308 hoc
3030 5264 3182 5325 caput
3207 5255 3348 5325 deest

139 5311 182 5367 in
199 5314 327 5373 Cotta.
354 5320 506 5395 Μαι.
563 5324 873 5395 “Aienitorei
886 5333 1069 5378 nostro
1096 5322 1330 5395 legitime
1354 5333 1408 5378 et
1437 5323 1829 5380 rationabiliter
1853 5325 2026 5394 adque
2050 5325 2249 5395 utiliter
2276 5324 2454 5379 elesiis
2473 5325 2566 5380 Dei
2590 5311 2735 5380 facte
2756 5336 2879 5380 sunt
2905 5311 3201 5395 perten'eat.
3222 5324 3353 5379 Ubi-

142 5396 327 5467 fuutque
347 5406 469 5447 vero
494 5393 838 5467 inutiliteret
864 5393 1228 5467 incommodes
1260 5395 1442 5467 adque
1473 5394 1833 5467 rationabiles
1860 5393 2000 5451 facte
2025 5406 2151 5451 sunt
2189 5394 2364 5449 Paris.
2404 5395 2561 5451 M313.
2604 5405 2848 5451 nostram
2894 5393 3116 5467 iustitia.
3178 5396 3238 5467 Α³¹
3264 5396 3349 5467 in-

143 5447 368 5536 lfﬁiffmae
409 5472 461 5536 et
497 5463 904 5536 inrationabiles
934 5447 1113 5536 atque
1139 5447 1617 5536 inutiles'ecclesiis
1642 5447 1734 5536 Dei
1780 5447 3114 5536 iicti’ckiiiit'aestimarunt:(ni'eﬁié'désziiiii'iﬂ.
3152 5465 3216 5519 Α.
3258 5447 3345 5518 ιἰ.

143 5517 269 5606 ξίν.
298 5526 481 5606 [ιδ-Ε.
540 5533 590 5606 _‘_'
614 5517 1129 5606 codices_Reg._ﬂllet.
1158 5517 1650 5606 ceperis.
2140 5517 2243 5591 9.-
2262 5517 3121 5606 ἶί
3153 5517 3247 5567 ﬂ”
3272 5517 3347 5588 ita

148 5587 281 5685 Lif-
303 5596 442 5685 (ῖςιιίις
474 5602 658 5683 νςιίτιιιί
681 5587 1128 5685 νιιιίῃίιιιιίβιαρι
1150 5604 1235 5685 lit.
1268 5604 1343 5685 Μ.
1373 5608 1447 5685 τι..
1474 5587 1889 5685 Ῠ.1ξιξ.1έ.“έξ
1918 5587 2493 5685 abiganttentati;
2513 5587 2780 5685 apag“;
2807 5587 2993 5685 iijgtiini
3017 5587 3117 5661 tit.
3180 5606 3221 5685 ξπ
3253 5608 3349 5685 ligo

145 5672 263 5730 (aput
285 5672 518 5724 πριιιινὶοή
538 5675 823 5741 praemittit
873 5675 1035 5727 eodem
1065 5675 1109 5727 l.
1144 5675 1282 5730 deest
1320 5677 1373 5730 in
1406 5675 1561 5730 Colit.
1589 5675 1724 5730 Mitt.
1760 5676 1937 5731 Puris.
1963 5672 2120 5733 4615.
2146 5677 2208 5732 Λ.
2241 5678 2325 5732 1’1.
2359 5678 2418 5731 L.
2458 5677 2519 5732 1⁷.
2557 5672 2655 5732 Vn.
2687 5678 2754 5733 Ε.
2833 5680 2877 5710 ³⁸
2912 5695 2956 5733 r.
2983 5694 3087 5732 non
3114 5677 3232 5733 uult
3260 5676 3345 5730 BI.
