3828 6220
426 216 451 225 “”
488 304 489 307 γ
530 244 634 300 (εδει

1337 244 1399 300 B.
1433 244 1681 303 cauom
1725 243 1937 302 suam
1972 201 2095 301 ore

2207 243 2341 298 AllS
2376 244 2413 298 1.
2448 244 2689 300 SECTIO
2726 245 2953 302 PRIMA.
3661 257 3738 312 (iiii

528 356 855 412 continetur.
908 374 927 408 ι
958 356 1016 413 Si
1061 356 1180 427 quis
1201 354 1378 426 aliqua
1418 354 1739 411 necessitate
1757 362 1984 425 cogente
2003 352 2101 409 lio-
2133 357 2181 415 Α
2211 353 2311 408 bus
2335 351 2401 407 ad
2428 354 2509 407 ius
2532 353 2645 407 ﬁsci
2668 354 2834 406 nostri
2855 352 3246 422 pertinentibus
3273 352 3514 410 facienda
3545 368 3635 423 est,
3657 379 3738 417 in)"

512 447 806 502 inicitlium
850 446 1141 510 commisit,
1189 461 1372 502 eomes
1416 446 1469 499 in
1517 445 1671 499 cuius
1699 444 2001 518 ministerio
2023 457 2110 499 res

315 576 330 588 .
416 584 422 592 ,
525 543 833 604 perpetrata
857 546 963 600 est,
991 542 1049 589 ct
1088 533 1534 604 compositionem
1579 533 1788 589 solvere
1813 541 1867 588 et
1906 533 2108 588 faidam

524 638 621 691 per
642 632 1037 687 sacramentum
1066 620 1353 694 paciﬁcare
1374 621 1556 678 faciat.
1588 621 1742 690 Quod
1771 622 1817 677 si
1848 637 1954 677 una
1974 637 2110 692 pars

524 713 574 766 ei
599 712 667 767 ad
689 706 1119 770 boc.consentire
1130 713 1385 777 noluerit,
1410 711 1464 768 id
1488 722 1575 775 est
1592 720 1686 769 aut
1710 712 1800 768 ille
1821 713 1911 783 qui
1937 713 2104 768 homi-

523 801 726 856 cidium
759 802 1064 868 commisit,
1090 802 1258 858 aut'is
1288 802 1382 872 (ιυί
1412 802 1837 872 conpositionem
1865 802 2107 871 recipere

521 892 704 959 debet,
745 893 911 949 faciat
952 894 1104 950 illum
1130 894 1224 965 qui
1264 894 1314 951 ei
1353 903 1646 951 contumax
1674 894 1836 951 fuerit
1857 896 1923 951 ad
1953 911 2107 965 prae-

521 986 754 1042 sentiant
777 986 1243 1054 nostramvenire,
1270 994 1332 1042 ut
1354 987 1421 1043 ad
1452 996 1664 1057 tempus
1689 1002 1812 1043 eum
1843 987 1986 1056 quod
2011 1003 2107 1043 no-

444 1091 460 1105 ·
518 1076 605 1131 bis
624 1074 887 1146 placuerit
905 1078 960 1132 in
982 1077 1145 1133 exilio
1168 1077 1463 1141 mittamus,
1492 1076 1665 1132 donec
1687 1076 1761 1133 ibi
1786 1078 2101 1148 castigctur,

518 1174 580 1222 ut
604 1167 790 1228 comiti
823 1183 925 1226 suo
963 1167 1318 1224 inoboediens
1345 1182 1467 1239 esse
1498 1167 1726 1222 ulterius
1752 1182 1859 1222 non
1886 1167 2098 1230 audeat,

516 1266 573 1314 et
595 1257 769 1314 maius
792 1257 1082 1328 dampnum
1111 1255 1236 1313 inde
1269 1272 1376 1312 non
1404 1256 1706 1312 adcrescat.
1739 1276 1759 1309 ι
2049 1255 2056 1264 ’

875 1371 1216 1431 CAPITULA
1265 1370 1487 1429 MlSSlS
1526 1370 1729 1426 DATA.

963 1498 1095 1550 usit
1133 1498 1256 1539 ΑιιΑ
1294 1497 1555 1538 (ςλιιιτυιι
1599 1480 1639 1534 ι.

588 1576 638 1629 l.
667 1574 932 1632 Volumus
958 1584 1018 1630 ut
1041 1589 1231 1631 omnes
1262 1575 1284 1606 ⁸
1309 1588 1398 1629 res
1432 1571 1829 1630 ecclesiasticae
1845 1568 1920 1628 'co
1942 1572 2101 1628 modo

513 1669 911 1732 contineantur,
941 1667 1083 1724 sicut
1106 1682 1194 1723 res
1217 1664 1300 1722 ad
1328 1665 1517 1721 ﬁscum
1552 1673 1797 1719 nostrum
1820 1664 2097 1720 continere

512 1759 708 1824 solent,
738 1774 910 1830 usque
932 1760 1058 1815 dum
1084 1773 1183 1815 nos
1205 1759 1273 1815 ad
1296 1756 1544 1828 generale
1564 1756 1819 1827 placitum
1850 1764 2094 1821 nostrum

509 1863 634 1903 cum
661 1847 906 1905 ﬁdelibus
931 1848 1131 1905 nostris
1164 1847 1544 1913 invenerimus,
1576 1854 1631 1902 et
1650 1845 2097 1903 constituerimus

506 1938 747 2009 qualiter
772 1937 830 1993 in
869 1936 1108 1994 futurum
1138 1938 1205 1993 de
1236 1936 1323 1994 bis
1357 1935 1472 1993 ﬁeri
1499 1937 1710 1993 debeat.
1784 2005 1788 2008 h

575 2027 631 2083 2.
679 2027 814 2085 item
839 2028 1103 2092 volumus,
1135 2038 1199 2084 ut
1221 2028 1399 2085 omnis
1429 2027 1709 2099 inquisitio
1734 2042 1873 2099 quae
1896 2028 1966 2084 de
2008 2042 2094 2085 re-

578 2163 613 2219 5
637 2164 678 2218 ⁸.
711 2163 973 2222 Volumus
995 2170 1157 2235 atque
1184 2163 1451 2228 iubemus,
1496 2172 1558 2217 ut
1591 2161 1739 2217 missi
1768 2162 1938 2217 nostri
1968 2161 2089 2218 dili-

438 2252 446 2260 ’
505 2264 696 2327 genter
724 2255 1024 2327 inquirant,
1062 2254 1246 2325 quanti
1284 2254 1530 2311 homines
1565 2253 1719 2309 liberi
1758 2253 1813 2308 in
1859 2252 2087 2325 singulis

505 2348 852 2404 comitatibus
878 2355 1130 2404 maneant
1154 2346 1246 2417 qui
1282 2347 1490 2417 possint
1513 2344 1909 2415 expeditionem
1930 2360 2088 2402 exer-

506 2440 723 2497 citalem
744 2455 844 2511 per
869 2456 929 2497 se
952 2439 1150 2504 facere,
1174 2439 1259 2494 vel
1281 2439 1467 2509 quanti
1497 2438 1562 2495 de
1585 2437 1672 2495 bis
1692 2438 1783 2509 qui
1809 2452 1841 2493 a
1879 2438 2088 2495 duobus

502 2531 697 2586 tertius
714 2530 934 2587 adiutus
960 2539 1017 2588 et
1039 2538 1406 2601 praeparatus,
1431 2536 1485 2585 et
1511 2529 1577 2585 de
1597 2528 1684 2584 bis
1709 2528 1801 2598 qui
1845 2542 1877 2583 a
1915 2527 2090 2584 tribus

441 2672 444 2674 ν
500 2631 727 2691 quartus
754 2621 971 2678 adiutus
992 2628 1048 2678 et
1070 2630 1445 2692 praeparatus,
1488 2630 1544 2678 et
1568 2622 1634 2677 de
1654 2619 1741 2675 bis
1759 2620 1850 2689 qui
1874 2635 1904 2674 a
1927 2628 2087 2690 quat-

503 2721 626 2768 tuor
650 2712 872 2781 quintus
891 2711 977 2765 vel
1000 2720 1188 2768 sextus
1213 2712 1429 2767 adiutus
1453 2719 1508 2768 et
1529 2715 1881 2780 praeparatus
1906 2707 1973 2762 ad
2000 2723 2090 2764 ex-

497 2803 833 2871 peditionem
845 2803 1202 2879 .cxercitalem
1229 2802 1407 2861 facere
1426 2820 1440 2872 ;
1467 2802 1730 2873 nobisque
1749 2814 1848 2872 per
1867 2801 2086 2857 brevem

498 2910 688 2953 eorum
716 2911 983 2953 summam
1011 2893 1255 2954 deferant
1277 2895 1319 2951 '.

2208 456 2307 511 per
2336 450 2501 496 testes
2528 443 2619 511 qui
2655 441 2897 517 producti
2940 437 3157 505 fuerint,
3192 444 3285 499 sed
3327 458 3426 514 per
3459 446 3570 501 illos
3590 453 3667 518 qui
3699 454 3737 508 in

2206 548 2274 589 co
2312 536 2569 599 comitatu
2600 534 2849 590 meliores
2882 542 2938 589 et
2956 535 3261 591 veraciores
3295 552 3418 592 esse
3452 546 3738 609 cegnoscun-

2208 632 2315 688 tur,
2341 639 2439 694 per
2462 624 2674 681 illorum
2700 625 3064 680 testimonium
3093 626 3376 696 inquisitio
3406 626 3525 691 ﬁat,
3554 638 3605 685 et
3626 631 3738 690 iuxta

2206 714 2352 783 quod
2396 714 2468 769 illi
2518 714 2641 770 inde
2678 715 2699 789 ἒ
2743 715 3013 770 testiﬁcati
3041 715 3261 782 fuerint,
3298 716 3382 772 vel
3408 720 3733 779 contineantur

2206 805 2289 866 vel
2318 806 2625 863 reddantur.

2276 895 2329 949 3.
2378 895 2509 949 item
2555 895 2822 962 volumus,
2857 905 2920 951 ut
2943 896 3009 952 de
3042 896 3205 953 rebus
3232 912 3368 967 quas
3411 911 3436 940 ι
3466 898 3736 958 Μηιιιῐτίἀιιδ

2206 998 2304 1054 per
2347 984 2559 1041 diversa
2586 984 2702 1041 loca
2736 992 2792 1040 et
2816 1000 2913 1055 per
2934 986 3174 1042 diversos
3199 985 3450 1042 homines
3471 988 3723 1058 adquisivit

2205 1072 2306 1144 ipsi
2333 1075 2426 1144 qui
2450 1076 2668 1131 easdem
2692 1086 2781 1131 res
2801 1076 2850 1130 ci
2876 1077 3138 1131 dederunt
3162 1077 3577 1149 interrogentur,
3597 1081 3637 1136 si
3660 1083 3734 1137 ali-

2203 1164 2326 1233 quis
2361 1180 2547 1223 eorum
2574 1180 2668 1221 eas
2690 1173 2933 1236 repetere
2967 1166 3113 1220 velit.
3149 1165 3217 1220 Et
3244 1166 3563 1238 quicumque
3588 1169 3675 1225 hoc
3693 1188 3737 1227 se

2203 1253 2339 1309 velle
2383 1256 2831 1326 pronuntiaverit,
2861 1258 2928 1312 ad
2953 1258 3202 1329 generale
3233 1258 3493 1329 placitum
3528 1270 3734 1320 nostrum

2203 1351 2388 1406 venire
2410 1351 2673 1416 iubeatur,
2701 1362 2762 1408 ut
2782 1353 2907 1412 inde
2932 1370 3053 1411 cum
3080 1357 3272 1413 eodem
3299 1355 3578 1417 Mabtfrido
3602 1364 3735 1419 ratio-

2203 1454 2325 1496 nem
2352 1442 2550 1497 habere
2569 1443 2762 1511 possit.
3592 1430 3595 1433 ’

2270 1530 2323 1586 Ai.
2358 1531 2636 1598 Volumus,
2669 1541 2731 1588 ut
2751 1532 2900 1589 missi
2939 1535 3109 1591 nostri
3134 1549 3233 1606 per
3259 1544 3428 1592 totam
3451 1538 3734 1611 legationem

2201 1634 2353 1676 suam
2374 1622 2550 1691 primo
2571 1622 2811 1678 omnium
2834 1624 3125 1694 inquirant,
3152 1626 3242 1696 qui
3261 1626 3370 1682 sint
3394 1628 3459 1682 de
3477 1629 3643 1685 liberis
3659 1632 3734 1687 lio-

2128 1710 2173 1770 B
2200 1710 2433 1767 minibus
2453 1713 2542 1781 qui
2568 1711 2879 1770 ﬁdelitatem
2902 1716 3057 1772 nobis
3077 1718 3313 1773 nondum
3336 1720 3639 1789 promissum
3660 1724 3735 1778 ba-

2196 1800 2379 1864 beant,
2416 1809 2474 1856 et
2511 1800 2713 1859 faciant
2746 1803 2868 1860 illos
2898 1819 3017 1860 eam
3049 1807 3369 1876 premittere
3391 1810 3735 1868 sicuteonsue-

2195 1891 2325 1947 tudo
2345 1906 2558 1963 semper
2579 1894 2707 1961 fuit;
2733 1903 2788 1951 et
2804 1905 2990 1967 postea
3005 1898 3267 1969 incipiant
3282 1899 3594 1973 legationem
3609 1919 3734 1960 suam

2195 1993 2294 2051 per
2316 1988 2496 2037 cetera
2528 1984 2764 2054 capitula
2785 2000 3064 2059 peragere.
3577 2013 3585 2020 ·

2264 2160 2300 2216 5
2332 2159 2396 2241 “
2420 2160 2678 2219 Volumus
2699 2172 2861 2234 atque
2887 2164 3154 2233 iubemus,
3193 2174 3251 2221 ut
3274 2165 3427 2222 missi
3456 2168 3615 2223 nostri
3639 2170 3735 2225 dili-

2191 2260 2383 2321 genter
2430 2253 2740 2324 inquirant,
2781 2256 2966 2325 quanti
2997 2255 3152 2312 liberi
3181 2256 3429 2312 homines
3471 2258 3522 2313 in
3546 2259 3735 2327 singulis

2193 2341 2539 2399 comitatibus
2563 2353 2834 2399 maneant.
2860 2343 2999 2401 Hinc
3025 2356 3155 2403 vero
3175 2360 3239 2401 ea
3263 2345 3531 2416 diligentia
3556 2356 3606 2403 et
3627 2348 3735 2406 haec

2194 2433 2333 2487 ratio
2358 2434 2698 2490 examinetur
2720 2448 2818 2505 per
2840 2434 3082 2506 singulas
3114 2444 3391 2501 centenas,
3424 2446 3482 2492 ut
3508 2438 3735 2494 veraciter

2192 2522 2369 2578 sciant
2412 2523 2535 2580 illos
2562 2531 2725 2595 atque
2754 2525 3064 2582 describant
3103 2525 3196 2598 qui
3236 2527 3292 2582 in
3320 2529 3648 2586 exercitalein
3669 2530 3734 2586 ire

2188 2626 2415 2685 possunt
2440 2614 2869 2686 expeditionem;
2902 2633 2968 2674 ac
2989 2618 3182 2676 deinde
3197 2619 3449 2676 videlicet
3473 2621 3726 2677 secundum

2189 2703 2435 2761 ordinem
2471 2704 2541 2761 de
2584 2707 2672 2762 bis
2697 2706 2788 2778 qui
2812 2722 2912 2777 per
2939 2724 2998 2765 se
3034 2709 3116 2765 ire
3157 2724 3266 2767 non
3291 2720 3534 2782 possunt,
3565 2720 3619 2767 ut
3648 2712 3731 2768 duo

2188 2794 2408 2849 tertium
2444 2794 2772 2851 adiutorium
2799 2807 3010 2868 parent.
3039 2799 3107 2854 Et
3132 2800 3225 2869 qui
3252 2802 3481 2857 necdum
3521 2803 3660 2858 nobis
3682 2803 3730 2857 ﬁ-

2189 2884 2462 2941 delitatem
2488 2886 2873 2955 promiserunt,
2899 2903 3020 2942 cum
3047 2898 3392 2948 sacramento
3419 2893 3565 2949 nobis
3590 2892 3730 2948 ﬁdeli-

2191 2982 2355 3031 tatem
2386 2977 2703 3048 promittere
2727 2975 2926 3034 faciant
2951 2979 2972 3011 ⁷
3000 2978 3051 3034 ιι.

1720 3106 2113 3165 VARIANTES
2160 3107 2561 3166 LECTIONES.

572 3227 587 3257 '
627 3226 810 3284 missis
833 3224 956 3281 data
994 3241 1059 3281 ex
1084 3224 1239 3279 codd.
1268 3224 1316 3277 ί.
1347 3234 1394 3277 et
1422 3221 1475 3276 5.
1506 3224 1561 3277 in
1586 3222 1607 3276 i
1637 3239 1683 3275 ε.
1714 3222 1919 3276 nonnisi
1930 3199 2024 3274 ’θα

572 3237 587 3257 ¹
627 3237 810 3284 missis
833 3237 956 3281 data
994 3241 1059 3281 ex
1084 3237 1239 3279 cadd.
1268 3237 1316 3277 ι.
1347 3237 1394 3277 et
1422 3237 1475 3276 ὃ.
1506 3240 1561 3277 in
1586 3237 1607 3276 ι
1637 3239 1683 3275 c.
1714 3238 1917 3276 nonnisi
1963 3237 2024 3274 ca

499 3302 519 3330 ’
543 3297 682 3352 deest
705 3297 759 3352 5.
836 3296 943 3351 'de
974 3296 1024 3351 l.
1097 3294 1201 3348 “ea:
1222 3294 1407 3355 cod.i.
1487 3293 1508 3325 '
1534 3292 1651 3346 cod.
1707 3291 1760 3346 5.
1798 3292 1924 3347 haec

500 3377 681 3423 mento
705 3367 859 3423 nobis
896 3366 1208 3423 ﬁdelitatem
1236 3366 1554 3434 promittere
1579 3361 1798 3419 faciant.

498 3439 624 3492 dum
649 3437 917 3493 inseritur.
993 3439 1013 3471 ⁷
1043 3435 1257 3492 faciatis
1277 3436 1363 3490 ed.

2083 3259 2114 3345 ii
2145 3259 2169 3345 ἒ
2210 3290 2278 3347 Et
2296 3259 2672 3363 ’φιίῖἱὶἵῐὶιῖιῖ
2696 3259 3005 3351 (ἶῖιὲἳίέιὲἔη
3022 3259 3726 3363 ’ῥ’τόῗιῗὲὲτῖιίἱ,ἒῖι”ιῖι“ὲεῗτῗὶ

1889 3364 1911 3395 °
1931 3376 1995 3416 ea:
2014 3362 2133 3417 cod.
2158 3363 2209 3419 5.
2230 3372 2277 3417 et
2301 3360 2527 3420 editione
2549 3360 2840 3431 Sirmondi,
2868 3365 2956 3420 ubi
2974 3360 3088 3437 post
3109 3377 3264 3439 caput
3290 3366 3322 3422 6
3348 3367 3539 3440 legibus
3562 3372 3727 3424 adden-

2145 3221 2195 3275 l.
2224 3231 2271 3274 et
2292 3220 2346 3275 2.
2397 3221 2672 3277 habentur.
2709 3224 2906 3281 Desunt
2930 3235 2978 3280 et
3021 3224 3077 3279 in
3097 3225 3253 3280 codd.
3307 3226 3393 3281 Bl.
3435 3226 3581 3284 (ἔσιθι.
3614 3227 3723 3284 lfut.

2027 3540 2258 3599 ΝΟΤιΕ.

570 3681 594 3709 ι·
622 3667 817 3722 Comes
836 3664 1261 3720 Aurelianensis.
1289 3663 1423 3733 Vide
1444 3670 1601 3718 notas
1623 3661 1690 3717 ad
1705 3659 2077 3733 Agebardum,
2106 3657 2154 3721 C
2184 3659 2457 3733 Ceterum,
2488 3659 2533 3715 si
2558 3659 3047 3733 impletistriginta
3073 3659 3228 3715 annis
3256 3669 3419 3733 terra,
3449 3677 3480 3716 a
3506 3676 3725 3733 quocum-

497 3755 617 3810 pag.
646 3738 732 3810 78__.
766 3736 843 3810 De
864 3735 1049 3791 eodem
1071 3743 1212 3810 puto
1226 3732 1311 3804 agi
1340 3733 1393 3810 in
1414 3739 1683 3810 praceth
1704 3730 1949 3810 Letharii
1981 3730 2083 3785 im-

497 3800 617 3880 in}.
648 3807 792 3880 odiio
827 3806 971 3880 inter
1002 3800 1352 3880 probationes
1376 3800 1616 3880 historia:
1643 3800 2080 3880 ire-norcbiaiizc,

496 3871 620 3951 pag.
658 3876 785 3951 26],
836 3876 928 3931 ubi
977 3871 1200 3931 vocatur
1231 3892 1249 3924 (
1296 3873 1587 3929 Matfredus
1614 3872 1698 3927 vir
1740 3871 1967 3927 inluster
1992 3886 2113 3927 σοι

501 3947 635 4004 ilics.
670 3967 688 3998 ι
717 3947 914 4001 Βλιυι.
2037 3983 2043 3987 .

571 4019 597 4058 δ
630 4016 922 4087 Sequentia
946 4012 1327 4087 tria‘capitula,
1356 4016 1869 4087 quaesumptasunt
1907 4026 1973 4087 ex
2019 4009 2081 4064 li—

495 4091 596 4146 bro
617 4080 794 4158 legum
817 4080 1280 4158 Burgundicaruni
1299 4080 1442 4158 etiex
1465 4080 1663 4158 Codice
1684 4080 2078 4158 Theodosiano,

494 4151 765 4227 descripta
789 4151 1132 4280 Traduntur
1160 4155 1217 4208 in
1233 4152 1533 4235 .Codicibus
1559 4151 1804 4234 Palatino
1825 4159 1880 4206 et
1907 4151 2080 4235 sancti

497 4226 768 4280 Vincentii
862 4235 1089 4280 ettensis
1121 4232 1305 4279 statim
1337 4231 1462 4280 post
1504 4237 1781 4280 superiora
1821 4221 2077 4277 Ludovici

497 4221 768 4284 Vincentii
810 4221 1089 4281 Mettensis
1121 4224 1305 4279 statim
1337 4231 1477 4293 post
1504 4223 1781 4293 superiora
1821 4221 2077 4293 Ludovici

499 4238 768 4284 Vincentii
811 4238 1089 4281 mettensis
1121 4238 1305 4279 statim
1440 4238 1462 4277 ι
1504 4238 1781 4293 superiora
1821 4238 2077 4277 LUGOVICI

491 4298 575 4354 Pii
602 4296 856 4367 capitula.
889 4295 1095 4367 [ἱεςίηο
1116 4309 1245 4367 vero
1266 4238 1437 4367 absit):
1452 4291 1785 4367 Prumiensis
1818 4307 1882 4347 ea
1915 4291 2080 4349 refert

490 4386 560 4424 ex
600 4360 997 4432 capitularibus
1018 4362 1256 4432 ejusdem
1283 4361 1558 4419 Ludovici.
1603 4360 1683 4432 οι)
1714 4375 1836 4417 eam
1859 4377 2076 4418 causam

492 4455 592 4494 nos
626 4431 716 4493 illa
752 4437 841 4492 hic
864 4431 1065 4491 omissa
1090 4434 1379 4497 noluimus,
1409 4442 1522 4491 tum
1546 4431 1708 4487 etiam
1746 4432 1874 4497 quia
1909 4432 2076 4487 multa

492 4510 602 4565 illic
643 4509 853 4565 diversa
889 4514 1016 4576 sunt
1040 4521 1071 4560 a
1099 4504 1330 4576 vulgatis
1358 4501 1700 4576 Editionibtis
1729 4500 1954 4576 illarum
2001 4502 2077 4558 lc-

527 4595 636 4634 um.
662 4570 1297 4634 Bswz.-—-Contulimus
1324 4590 1388 4629 ea
1414 4586 1537 4627 cum
1560 4570 1692 4627 Cod.
1723 4571 1777 4636 9,
1805 4572 1893 4626 ubi
1916 4586 2071 4642 capp.

537 4658 593 4706 et
613 4649 649 4703 2
674 4663 771 4714 pro
799 4663 907 4704 uno
926 4653 1299 4701 numerantur.
1321 4644 1402 4698 (1.
1425 4642 1497 4714 De
1516 4642 1853 4714 inscriptione
1880 4652 2078 4713 tempo-

488 4737 626 4775 rum.
657 4712 807 4774 Licet
831 4716 1153 4787 iampridem
1175 4731 1205 4787 a
1230 4715 1385 4787 nobis
1414 4713 1592 4787 fuerat
1609 4712 1915 4787 ordinatum
1941 4712 2001 4766 ut
2025 4714 2073 4768 si

486 4791 610 4861 quis
642 4790 699 4844 in
735 4781 1159 4861 populo'nostro
1190 4786 1456 4861 barbarae
1473 4781 1710 4861 nationis
1730 4796 1957 4861 persona
1978 4792 2073 4838 aut

488 4853 543 4915 iii
585 4875 644 4915 re
665 4853 759 4914 sui
782 4853 1108 4914 consisteret
1142 4862 1234 4910 aut
1259 4856 1420 4911 alium
1446 4854 1745 4916 invitasset,
1769 4861 1861 4906 aut
1883 4853 1929 4907 si
1968 4861 2073 4909 ter-

488 4946 605 4985 ram
655 4930 727 4985 ad
764 4927 1117 4984 habitandum
1153 4926 1490 4981 voluntarius
1534 4925 2073 4994 deputasset,ieaque

525 5015 753 5074 eamque
778 4996 938 5074 Beli]
965 5012 1062 5068 per
1090 5012 1259 5074 annos
1282 4993 1610 5066 quindecim
1624 4993 1745 5074 sine
1767 4993 1957 5074 tertiis
1976 4994 2068 5074 ba-
2098 5014 2146 5074 υ

486 5002 753 5126 ieamque
778 5002 896 5053 Bal.
920 5002 938 5070 ]
965 5012 1062 5068 per
1090 5012 1259 5053 annos
1282 5002 1590 5066 quindecim
1628 5002 1745 5049 sine
1767 5002 1939 5048 tertiis
1976 5002 2068 5048 lia-

508 5072 710 5137 inisset,
734 5071 789 5124 in
811 5068 1086 5125 voluntate
1110 5068 1280 5137 ipsius
1300 5071 1658 5137 permaneret,
1685 5079 1855 5133 neque
1877 5065 2069 5137 exinde

484 5133 774 5211 quicquam
822 5138 927 5211 sibi
964 5138 1055 5193 ille
1094 5133 1189 5211 qui
1234 5133 1457 5193 dederat
1498 5135 1663 5211 sciret
1690 5150 1809 5211 esse
1848 5133 2067 5188 redden-

484 5204 643 5275 tium,"
661 5222 841 5266 tamen
864 5210 1068 5279 absque
1096 5204 1205 5264 tilla
1241 5206 1637 5279 permutatione
1658 5204 2070 5279 omnitempore

484 5283 812 5349 generaliter
830 5274 1126 5337 memorata
1142 5274 1381 5337 conditio
1393 5276 1583 5332 debeat
1605 5274 1895 5339 custodire,
1917 5288 2067 5343 prae-

482 5348 621 5406 Senti
661 5351 865 5422 placuit
899 5351 1016 5422 lege
1038 5348 1315 5406 constitui.

563 5441 580 5471 ι
593 5422 646 5476 ﬂ.
662 5414 809 5500 terit
832 5421 896 5476 de
917 5414 1252 5500 inscriptione
1279 5429 1588 5500 temporum.
1607 5414 1804 5500 Siquis
1815 5426 1944 5500 vero
1958 5423 2063 5469 ter—

487 5508 604 5546 ram
639 5493 707 5548 ab
738 5492 909 5548 altero
936 5492 1038 5549 sibi
1062 5486 1313 5547 traditam
1342 5486 1606 5544 violenter
1637 5486 1834 5542 dixerit
1858 5494 1912 5540 et
1938 5502 2066 5540 con-

486 5564 677 5618 vicerit
701 5562 867 5619 fuisse
890 5562 1156 5618 sublatam
1184 5561 1335 5633 prius
1361 5574 1519 5628 quam
1546 5558 1773 5633 triginta
1806 5571 2066 5610 annorum

487 5638 750 5689 terminus
778 5634 1128 5704 compleatur,
1167 5629 1223 5687 et
1251 5647 1363 5685 rem
1388 5629 1691 5704 constiterit
1730 5636 2064 5704 occupatam,

484 5712 540 5758 et
566 5704 840 5776 requirere
854 5696 1072 5775 poterit,
1096 5696 1149 5760 ct
1172 5701 1464 5773 repetentis
1486 5699 1729 5771 partibus
1752 5696 2064 5754 reformare.

2186 3744 2290 3800 que
2313 3730 2475 3784 etiam
2501 3744 2727 3800 pervasa
2746 3730 3163 3795 fuisse—dicatur,
3186 3746 3294 3786 non
3316 3730 3721 3797 fueritrestituta,

2184 3800 2318 3855 nihil
2345 3800 2448 3873 sibi
2473 3800 2799 3873 reddendum
2818 3816 2937 3873 esse
2961 3810 3268 3873 cognoscat.
3294 3800 3620 3873 Quapropter
3635 3820 3725 3858 om»

2183 3885 2280 3943 nes
2305 3870 2550 3930 comites.
2576 3870 2884 3943 quotieside
2904 3872 3130 3943 privatis
3156 3872 3334 3928 causis
3354 3870 3616 3943 contentio
3637 3873 3725 3926 fue-

2182 3941 2288 4016 rit“
2305 3949 2577 4011 generata,
2602 3941 2918 4016 secundum
2935 3944 3193 4016 ordinem
3204 3942 3339 4016 legis
3367 3941 3384 4015 [
3412 3943 3566 4016 istius
3587 3943 3686 3999 Bal.
3710 3943 3723 4016 ]

2181 4010 2421 4083 indicare
2468 4012 2755 4083 curabunt.
2789 4011 2857 4083 Et
2888 4012 3013 4082 quia
3048 4013 3231 4069 omnia
3263 4010 3331 4068 ad
3370 4010 3596 4083 quietem
3634 4010 3724 4069 cini

2180 4081 2329 4154 nium
2375 4082 2699 4154 pertinentia
2736 4097 2801 4138 ex
2839 4081 2956 4154 lege
2998 4083 3248 4139 convenit
3287 4081 3582 4154 provideri,
3616 4100 3725 4154 quas

2178 4151 2400 4223 omnino
2434 4166 2627 4207 causas
2664 4152 2730 4207 de
2755 4153 3184 4223 _quibuscunque
3224 4151 3389 4209 rebus
3435 4168 3570 4223 quae
3610 4151 3721 4209 intra

2179 4222 2398 4295 triginta
2425 4236 2595 4295 annos
2616 4238 2732 4295 non
2739 4219 2956 4295 fuerint
2971 4219 3262 4295 difﬁnitae,
3300 4219 3572 4295 nullo'eas
3599 4235 3723 4295 post-

2176 4288 2397 4363 modum
2425 4288 2608 4347 licebit
2638 4291 2825 4363 ordine
2850 4293 3211 4363 commoveri:
3235 4288 3362 4363 quia
3383 4294 3516 4350 satis
3541 4288 3720 4350 unicui-

2175 4376 2281 4486 que
2296 4359 2378 4444 _ad
2403 4359 2779 4445 requirendum
2802 4370 2857 4418 et
2876 4362 3239 4434 recipiendum
3253 4359 3411 4434 'quod
3434 4364 3484 4420 ei
3517 4364 3720 4421 debitum

2200 4439 2357 4486 uertt.
2384 4441 2781 4486 sunrascrmtus
2800 4447 3064 4486 annorum
3084 4448 3341 4486 numerus
3367 4443 3572 4486 constat
3591 4448 3720 4486 nosse

2200 4432 2357 4555 uegit,
2384 4432 2781 4503 suprascriptus
2800 4432 3064 4489 annorum
3084 4432 3341 4490 numerus
3367 4443 3572 4491 constat
3590 4448 3721 4506 posse

2200 4519 2238 4555 .u
2304 4517 2446 4555 cere.

2175 4516 2446 4557 ευιιιοεω.

2264 4590 2281 4621 ι
2319 4571 2372 4645 ᾗ.
2404 4569 2481 4626 De
2509 4570 2777 4645 inquilinis
2796 4580 2846 4627 et
2872 4571 3089 4628 colonis.
3106 4572 3176 4645 _Si
3202 4574 3326 4645 quis
3349 4576 3592 4632 colonum
3614 4573 3718 4630 alic-

2172 4641 2385 4712 numin
2409 4656 2468 4696 re
2493 4641 2607 4712 sua
2633 4642 2852 4712 triginta
2891 4657 3061 4698 annos
3104 4641 3372 4709 habuerit,
3421 4663 3484 4701 ac
3523 4646 3565 4701 si
3589 4658 3716 4700 suum

2172 4711 2443 4796 vendicct.
2476 4710 2577 4778 Qui
2601 4713 2646 4767 si
2857 4712 3079 4796 triginta
3099 4729 3271 4796 annos
3296 4715 3544 4796 inventus
3562 4714 3715 4793 fuerit,

2171 4798 2201 4855 a
2246 4782 2462 4837 domino
2496 4782 2793 4855 cumhﬁliis
2849 4778 2955 4837 sibi
2998 4784 3227 4855 debitis,
3284 4795 3341 4840 et
3392 4786 3536 4843 omni

2171 4853 2244 4908 lio
2272 4860 2570 4908 revocetur.
2603 4851 2661 4908 Si
2695 4867 2823 4924 vero
2854 4861 3100 4909 mortuus
3139 4854 3320 4917 fuerit,
3345 4851 3602 4924 peculium
3621 4851 3717 4910 eius

2170 4924 2419 4994 dominus
2443 4921 2901 4994 revocet.‘Colona
2926 4939 3054 4979 vero
3072 4925 3117 4979 si
3142 4925 3327 4994 viginti
3346 4921 3516 4981 annos
3540 4927 3590 4980 in
3611 4924 3715 4994 alic-

2171 5010 2242 5048 no
2266 4992 2503 5064 dominio
2536 4992 2910 5064 permanserit,
2937 5008 2967 5047 a
2993 4995 3172 5063 priore
3196 4992 3415 5051 domino
3443 5012 3544 5051 non
3567 4992 3716 5062 requi-

2172 5072 2340 5117 ratur.
2365 5062 2568 5119 Coloni)
2580 5064 2726 5135 duae
2752 5070 2935 5132 partes
2950 5062 3251 5135 agnationis
3272 5075 3576 5135 sequantur,
3598 5064 3714 5135 coit»

2170 5133 2633 5214 nae.vero.te.rcia
2649 5132 3081 5214 parsscquatnr.
3122 5133 3255 5214 Nam
3293 5136 3337 5214 s_i
3352 5132 3579 5214 ’agnatio
3601 5132 3712 5214 infra

2171 5202 2389 5275 triginta
2440 5202 2664 5275 [viginti
2695 5202 2851 5275 Bal.)
2888 5202 3063 5259 annos
3108 5204 3251 5259 edita
3301 5202 3492 5270 fuerit,
3533 5203 3715 5275 quando

2169 5274 2344 5328 adhuc
2373 5273 2561 5329 colona
2590 5273 2808 5329 domino
2837 5273 3207 5344 fcompctcbat,
3238 5273 3598 5344 repetentibus
3627 5289 3711 5344 non

2172 5351 2425 5413 negetur;
2449 5345 2573 5414 quia
2591 5345 2652 5414 in
2671 5343 2896 5399 novellis
2919 5342 3125 5413 legibus
3144 5354 3228 5400 est
3253 5342 3612 5401 constitutum.
3638 5342 3714 5414 Sa-

2174 5431 2243 5469 ne
2269 5429 2337 5466 ne
2367 5413 2639 5485 separatio
2678 5414 2915 5485 coniugii
2953 5416 3062 5477 liat,
3093 5415 3455 5485 praecipimus
3493 5425 3550 5471 ut
3576 5413 3714 5469 domi-

2172 5501 2274 5557 nus
2298 5483 2472 5539 coloni
2498 5485 2697 5540 vicaria
2720 5483 2948 5539 muliere
2982 5483 3106 5540 cum
3135 5483 3424 5556 agnatione
3447 5486 3607 5557 partis
3628 5494 3713 5536 ter-

2173 5555 2288 5609 ciac
2310 5571 2414 5610 non
2446 5564 2670 5625 negetur
2687 5559 2725 5607 ‘.
2768 5575 2786 5606 ι

2237 5645 2253 5660 ⁸
2281 5642 2391 5707 lta;_
2424 5643 2643 5707 secunda
2667 5647 3103 5707 manu‘correclum
3128 5646 3195 5694 uti
3224 5639 3328 5694 Bal.
3353 5643 3475 5707 legit
3527 5644 3577 5696 ut
3594 5651 3620 5689 tt
3641 5636 3711 5689 (ιοο

2172 5704 2300 5756 mitto
2318 5702 2477 5764 coloni
2497 5704 2701 5757 vicariae
2725 5702 2914 5755 mulieri
2935 5705 2983 5755 9.
