  <div class='ocr_page' id='page_1' title='image "/cluster/home/n/w/nwhite01/storage/ocr_20150623/97/uva.x000827070/328.png"; bbox 0 0 3828 6220; ppageno 0'>
   <div class='ocr_carea' id='block_1_1' title="bbox 109 273 1621 335">
    <p class='ocr_par' dir='ltr' id='par_1_1' title="bbox 109 273 1621 330">
     <span class='ocr_line' id='line_1_1' title="bbox 109 273 1621 330; baseline 0 -4"><span class='ocrx_word' id='word_1_1' title='bbox 109 275 207 327; x_wconf 71' lang='lat' dir='ltr'><strong>Gil</strong></span> <span class='ocrx_word' id='word_1_2' title='bbox 417 273 639 328; x_wconf 71' lang='lat' dir='ltr'><strong>CODEX</strong></span> <span class='ocrx_word' id='word_1_3' title='bbox 683 273 1196 328; x_wconf 69' lang='lat' dir='ltr'><strong>DlPl.0.\l.\TlCiIS.</strong></span> <span class='ocrx_word' id='word_1_4' title='bbox 1227 306 1293 313; x_wconf 92' lang='lat'><strong>—-</strong></span> <span class='ocrx_word' id='word_1_5' title='bbox 1323 273 1621 330; x_wconf 69' lang='lat' dir='ltr'><strong>LL&#39;DUVIC</strong></span> 
     </span>
    </p>
   </div>
   <div class='ocr_carea' id='block_1_2' title="bbox 1857 273 3369 335">
    <p class='ocr_par' dir='ltr' id='par_1_2' title="bbox 1857 275 3369 335">
     <span class='ocr_line' id='line_1_2' title="bbox 1857 275 3369 335; baseline 0.001 -7"><span class='ocrx_word' id='word_1_6' title='bbox 1857 275 2173 335; x_wconf 69' lang='lat' dir='ltr'><strong>LO&#39;I&#39;llARll</strong></span> <span class='ocrx_word' id='word_1_7' title='bbox 2198 275 2676 332; x_wconf 64' lang='lat' dir='ltr'><strong>CAl‘lTllLM&#39;tlA.</strong></span> <span class='ocrx_word' id='word_1_8' title='bbox 2702 307 2772 318; x_wconf 90' lang='lat'><strong>-</strong></span> <span class='ocrx_word' id='word_1_9' title='bbox 2803 279 2901 332; x_wconf 65' lang='lat' dir='ltr'><strong>AN.</strong></span> <span class='ocrx_word' id='word_1_10' title='bbox 2937 276 3062 334; x_wconf 76' lang='lat'><strong>830.</strong></span> <span class='ocrx_word' id='word_1_11' title='bbox 3262 276 3369 331; x_wconf 66' lang='lat' dir='ltr'><strong>Gl‘z</strong></span> 
     </span>
    </p>
   </div>
   <div class='ocr_carea' id='block_1_3' title="bbox 607 505 2886 590">
    <p class='ocr_par' dir='ltr' id='par_1_3' title="bbox 607 505 2886 590">
     <span class='ocr_line' id='line_1_3' title="bbox 607 505 2886 590; baseline 0 -21"><span class='ocrx_word' id='word_1_12' title='bbox 607 509 989 570; x_wconf 76' lang='lat' dir='ltr'><strong>LOTHARII</strong></span> <span class='ocrx_word' id='word_1_13' title='bbox 1028 507 1050 569; x_wconf 93' lang='grc' dir='ltr'><strong>Ι</strong></span> <span class='ocrx_word' id='word_1_14' title='bbox 1089 506 1617 570; x_wconf 83' lang='lat' dir='ltr'><strong>CONSTITUTIO</strong></span> <span class='ocrx_word' id='word_1_15' title='bbox 1653 505 2261 571; x_wconf 80' lang='lat' dir='ltr'><strong>ECCLESIASTICA</strong></span> <span class='ocrx_word' id='word_1_16' title='bbox 2309 507 2520 587; x_wconf 87' lang='lat' dir='ltr'><strong>(Circa</strong></span> <span class='ocrx_word' id='word_1_17' title='bbox 2567 524 2676 568; x_wconf 81' lang='lat' dir='ltr'><strong>an.</strong></span> <span class='ocrx_word' id='word_1_18' title='bbox 2711 507 2886 590; x_wconf 83' lang='lat'><strong>830).</strong></span> 
     </span>
    </p>
   </div>
   <div class='ocr_carea' id='block_1_4' title="bbox 174 693 3365 772">
    <p class='ocr_par' dir='ltr' id='par_1_4' title="bbox 174 693 3365 772">
     <span class='ocr_line' id='line_1_4' title="bbox 174 693 3365 772; baseline -0.002 -14"><span class='ocrx_word' id='word_1_19' title='bbox 174 700 577 772; x_wconf 78' lang='lat' dir='ltr'><strong>Capitulahaec</strong></span> <span class='ocrx_word' id='word_1_20' title='bbox 603 699 658 752; x_wconf 93' lang='lat' dir='ltr'><strong>in</strong></span> <span class='ocrx_word' id='word_1_21' title='bbox 689 697 975 772; x_wconf 80' lang='lat' dir='ltr'><strong>Codicibus</strong></span> <span class='ocrx_word' id='word_1_22' title='bbox 1006 697 1054 750; x_wconf 95' lang='grc'><strong>1.</strong></span> <span class='ocrx_word' id='word_1_23' title='bbox 1077 696 1552 772; x_wconf 66' lang='lat' dir='ltr'><strong>_Blankenburgico</strong></span> <span class='ocrx_word' id='word_1_24' title='bbox 1577 703 1632 750; x_wconf 93' lang='lat' dir='ltr'><strong>et</strong></span> <span class='ocrx_word' id='word_1_25' title='bbox 1659 695 1712 748; x_wconf 92' lang='lat'><strong>2.</strong></span> <span class='ocrx_word' id='word_1_26' title='bbox 1738 693 2004 772; x_wconf 82' lang='lat' dir='ltr'><strong>_Gothano_</strong></span> <span class='ocrx_word' id='word_1_27' title='bbox 2025 695 2203 772; x_wconf 66' lang='lat' dir='ltr'><strong>obvia,</strong></span> <span class='ocrx_word' id='word_1_28' title='bbox 2243 710 2367 772; x_wconf 74' lang='lat' dir='ltr'><strong>cum</strong></span> <span class='ocrx_word' id='word_1_29' title='bbox 2391 703 2544 751; x_wconf 70' lang='lat' dir='ltr'><strong>certo</strong></span> <span class='ocrx_word' id='word_1_30' title='bbox 2587 694 2816 772; x_wconf 73' lang='lat' dir='ltr'><strong>tempori</strong></span> <span class='ocrx_word' id='word_1_31' title='bbox 2854 708 2959 748; x_wconf 91' lang='lat' dir='ltr'><strong>non</strong></span> <span class='ocrx_word' id='word_1_32' title='bbox 2997 695 3365 772; x_wconf 67' lang='lat' dir='ltr'><strong>assignentur,</strong></span> 
     </span>
    </p>
   </div>
   <div class='ocr_carea' id='block_1_5' title="bbox 104 765 3369 838">
    <p class='ocr_par' dir='ltr' id='par_1_5' title="bbox 104 765 3369 838">
     <span class='ocr_line' id='line_1_5' title="bbox 104 765 3369 838; baseline -0.002 -9"><span class='ocrx_word' id='word_1_33' title='bbox 104 765 294 830; x_wconf 59' lang='lat' dir='ltr'><strong>itineri</strong></span> <span class='ocrx_word' id='word_1_34' title='bbox 328 770 556 828; x_wconf 86' lang='lat' dir='ltr'><strong>Lotharii</strong></span> <span class='ocrx_word' id='word_1_35' title='bbox 593 771 753 824; x_wconf 90' lang='lat' dir='ltr'><strong>tertio</strong></span> <span class='ocrx_word' id='word_1_36' title='bbox 781 769 1003 836; x_wconf 88' lang='lat' dir='ltr'><strong>ideoque</strong></span> <span class='ocrx_word' id='word_1_37' title='bbox 1019 767 1241 838; x_wconf 77' lang='lat' dir='ltr'><strong>ultimis</strong></span> <span class='ocrx_word' id='word_1_38' title='bbox 1269 767 1395 820; x_wconf 88' lang='lat' dir='ltr'><strong>anni</strong></span> <span class='ocrx_word' id='word_1_39' title='bbox 1425 765 1646 838; x_wconf 33' lang='lat' dir='ltr'><strong>829Aaut</strong></span> <span class='ocrx_word' id='word_1_40' title='bbox 1670 765 2006 838; x_wconf 75' lang='lat' dir='ltr'><strong>primisanni</strong></span> <span class='ocrx_word' id='word_1_41' title='bbox 2032 766 2143 838; x_wconf 55' lang='grc' dir='ltr'>βω</span> <span class='ocrx_word' id='word_1_42' title='bbox 2173 766 2450 838; x_wconf 76' lang='lat' dir='ltr'><strong>mensibus</strong></span> <span class='ocrx_word' id='word_1_43' title='bbox 2477 766 2679 838; x_wconf 76' lang='lat' dir='ltr'><strong>ascribi</strong></span> <span class='ocrx_word' id='word_1_44' title='bbox 2723 779 2881 834; x_wconf 85' lang='lat' dir='ltr'><strong>posse</strong></span> <span class='ocrx_word' id='word_1_45' title='bbox 2924 767 3128 838; x_wconf 79' lang='lat' dir='ltr'><strong>putavi.</strong></span> <span class='ocrx_word' id='word_1_46' title='bbox 3176 765 3369 838; x_wconf 81' lang='lat' dir='ltr'><strong>Respi-</strong></span> 
     </span>
    </p>
   </div>
   <div class='ocr_carea' id='block_1_6' title="bbox 103 834 3368 908">
    <p class='ocr_par' dir='ltr' id='par_1_6' title="bbox 103 834 3368 908">
     <span class='ocr_line' id='line_1_6' title="bbox 103 834 3368 908; baseline -0.002 -9"><span class='ocrx_word' id='word_1_47' title='bbox 103 847 257 899; x_wconf 87' lang='lat' dir='ltr'><strong>ciunt</strong></span> <span class='ocrx_word' id='word_1_48' title='bbox 285 850 456 896; x_wconf 86' lang='lat' dir='ltr'><strong>autem</strong></span> <span class='ocrx_word' id='word_1_49' title='bbox 475 839 544 896; x_wconf 89' lang='lat' dir='ltr'><strong>ad</strong></span> <span class='ocrx_word' id='word_1_50' title='bbox 566 834 975 895; x_wconf 78' lang='lat' dir='ltr'><strong>constitutiones</strong></span> <span class='ocrx_word' id='word_1_51' title='bbox 1002 836 1335 901; x_wconf 82' lang='lat' dir='ltr'><strong>Olonnenses</strong></span> <span class='ocrx_word' id='word_1_52' title='bbox 1356 836 1482 890; x_wconf 91' lang='lat' dir='ltr'><strong>anni</strong></span> <span class='ocrx_word' id='word_1_53' title='bbox 1499 834 1624 900; x_wconf 82' lang='lat'><strong>825,</strong></span> <span class='ocrx_word' id='word_1_54' title='bbox 1649 834 2008 905; x_wconf 85' lang='lat' dir='ltr'><strong>nonnullaque</strong></span> <span class='ocrx_word' id='word_1_55' title='bbox 2031 835 2103 890; x_wconf 98' lang='lat' dir='ltr'><strong>ibi</strong></span> <span class='ocrx_word' id='word_1_56' title='bbox 2131 836 2184 890; x_wconf 90' lang='lat' dir='ltr'><strong>in</strong></span> <span class='ocrx_word' id='word_1_57' title='bbox 2203 836 2456 906; x_wconf 90' lang='lat' dir='ltr'><strong>capitulis</strong></span> <span class='ocrx_word' id='word_1_58' title='bbox 2473 835 2770 891; x_wconf 80' lang='lat' dir='ltr'><strong>minoribus</strong></span> <span class='ocrx_word' id='word_1_59' title='bbox 2795 835 3132 908; x_wconf 85' lang='lat' dir='ltr'><strong>praescripta</strong></span> <span class='ocrx_word' id='word_1_60' title='bbox 3159 834 3368 893; x_wconf 81' lang='lat' dir='ltr'><strong>arctius</strong></span> 
     </span>
    </p>
   </div>
   <div class='ocr_carea' id='block_1_7' title="bbox 102 913 1413 967">
    <p class='ocr_par' dir='ltr' id='par_1_7' title="bbox 102 913 1413 967">
     <span class='ocr_line' id='line_1_7' title="bbox 102 913 1413 967; baseline -0.013 0"><span class='ocrx_word' id='word_1_61' title='bbox 102 913 393 967; x_wconf 72' lang='lat' dir='ltr'><strong>deﬁniunt.</strong></span> <span class='ocrx_word' id='word_1_62' title='bbox 1409 935 1413 938; x_wconf 83' lang='lat'><strong><em>-</em></strong></span> 
     </span>
    </p>
   </div>
   <div class='ocr_carea' id='block_1_8' title="bbox 174 1015 3364 1090">
    <p class='ocr_par' dir='ltr' id='par_1_8' title="bbox 174 1015 3364 1090">
     <span class='ocr_line' id='line_1_8' title="bbox 174 1015 3364 1090; baseline -0.001 -13"><span class='ocrx_word' id='word_1_63' title='bbox 174 1024 227 1077; x_wconf 99' lang='grc'><strong>1.</strong></span> <span class='ocrx_word' id='word_1_64' title='bbox 258 1021 460 1078; x_wconf 76' lang='lat' dir='ltr'><strong>Placuit</strong></span> <span class='ocrx_word' id='word_1_65' title='bbox 486 1020 659 1085; x_wconf 89' lang='lat' dir='ltr'><strong>nobis,</strong></span> <span class='ocrx_word' id='word_1_66' title='bbox 689 1028 746 1074; x_wconf 92' lang='lat' dir='ltr'><strong>ut</strong></span> <span class='ocrx_word' id='word_1_67' title='bbox 776 1019 953 1074; x_wconf 89' lang='lat' dir='ltr'><strong>nullus</strong></span> <span class='ocrx_word' id='word_1_68' title='bbox 981 1019 1353 1090; x_wconf 88' lang='lat' dir='ltr'><strong>episcoporum</strong></span> <span class='ocrx_word' id='word_1_69' title='bbox 1383 1018 1448 1074; x_wconf 90' lang='lat' dir='ltr'><strong>de</strong></span> <span class='ocrx_word' id='word_1_70' title='bbox 1479 1031 1673 1074; x_wconf 88' lang='lat' dir='ltr'><strong>conse-</strong></span> <span class='ocrx_word' id='word_1_71' title='bbox 1701 1021 1751 1082; x_wconf 77' lang='grc' dir='ltr'><strong>Α</strong></span> <span class='ocrx_word' id='word_1_72' title='bbox 1778 1024 1937 1071; x_wconf 77' lang='lat' dir='ltr'><strong>retur</strong></span> <span class='ocrx_word' id='word_1_73' title='bbox 1979 1017 2247 1074; x_wconf 77' lang='lat' dir='ltr'><strong>voluntas.</strong></span> <span class='ocrx_word' id='word_1_74' title='bbox 2273 1015 2333 1073; x_wconf 85' lang='lat' dir='ltr'><strong>In</strong></span> <span class='ocrx_word' id='word_1_75' title='bbox 2359 1018 2446 1073; x_wconf 91' lang='lat' dir='ltr'><strong>his</strong></span> <span class='ocrx_word' id='word_1_76' title='bbox 2473 1032 2601 1073; x_wconf 81' lang='lat' dir='ltr'><strong>vero</strong></span> <span class='ocrx_word' id='word_1_77' title='bbox 2629 1033 2769 1089; x_wconf 87' lang='lat' dir='ltr'><strong>quae</strong></span> <span class='ocrx_word' id='word_1_78' title='bbox 2811 1018 2880 1073; x_wconf 92' lang='lat' dir='ltr'><strong>ab</strong></span> <span class='ocrx_word' id='word_1_79' title='bbox 2911 1018 3067 1073; x_wconf 89' lang='lat' dir='ltr'><strong>initio</strong></span> <span class='ocrx_word' id='word_1_80' title='bbox 3112 1018 3288 1076; x_wconf 85' lang='lat' dir='ltr'><strong>iustae</strong></span> <span class='ocrx_word' id='word_1_81' title='bbox 3320 1021 3364 1052; x_wconf 84' lang='grc'><strong>¹⁶</strong></span> 
     </span>
    </p>
   </div>
   <div class='ocr_carea' id='block_1_9' title="bbox 99 1108 3366 1180">
    <p class='ocr_par' dir='ltr' id='par_1_9' title="bbox 99 1108 3366 1180">
     <span class='ocr_line' id='line_1_9' title="bbox 99 1108 3366 1180; baseline -0.001 -10"><span class='ocrx_word' id='word_1_82' title='bbox 99 1115 345 1171; x_wconf 70' lang='lat' dir='ltr'><strong>oratione</strong></span> <span class='ocrx_word' id='word_1_83' title='bbox 369 1120 458 1167; x_wconf 90' lang='lat' dir='ltr'><strong>aut</strong></span> <span class='ocrx_word' id='word_1_84' title='bbox 479 1113 546 1168; x_wconf 89' lang='lat' dir='ltr'><strong>de</strong></span> <span class='ocrx_word' id='word_1_85' title='bbox 578 1113 593 1142; x_wconf 88' lang='grc'>¹</span> <span class='ocrx_word' id='word_1_86' title='bbox 624 1111 958 1167; x_wconf 88' lang='lat' dir='ltr'><strong>dedicatione</strong></span> <span class='ocrx_word' id='word_1_87' title='bbox 983 1110 1382 1179; x_wconf 87' lang='lat' dir='ltr'><strong>baptismalium</strong></span> <span class='ocrx_word' id='word_1_88' title='bbox 1411 1108 1674 1164; x_wconf 88' lang='lat' dir='ltr'><strong>ecclesia-</strong></span> <span class='ocrx_word' id='word_1_89' title='bbox 1779 1108 2004 1164; x_wconf 73' lang='lat' dir='ltr'><strong>rationis</strong></span> <span class='ocrx_word' id='word_1_90' title='bbox 2027 1109 2376 1180; x_wconf 88' lang='lat' dir='ltr'><strong>dispositione</strong></span> <span class='ocrx_word' id='word_1_91' title='bbox 2431 1117 2756 1174; x_wconf 85' lang='lat' dir='ltr'><strong>caruerunt,</strong></span> <span class='ocrx_word' id='word_1_92' title='bbox 2794 1108 3126 1179; x_wconf 68' lang='lat' dir='ltr'><strong>volumusut</strong></span> <span class='ocrx_word' id='word_1_93' title='bbox 3175 1111 3366 1180; x_wconf 88' lang='lat' dir='ltr'><strong>quinta</strong></span> 
     </span>
    </p>
   </div>
   <div class='ocr_carea' id='block_1_10' title="bbox 103 1198 3367 1272">
    <p class='ocr_par' dir='ltr' id='par_1_10' title="bbox 103 1198 3367 1272">
     <span class='ocr_line' id='line_1_10' title="bbox 103 1198 3367 1272; baseline -0.001 -13"><span class='ocrx_word' id='word_1_94' title='bbox 103 1200 217 1260; x_wconf 88' lang='lat' dir='ltr'><strong>rum</strong></span> <span class='ocrx_word' id='word_1_95' title='bbox 258 1212 353 1259; x_wconf 90' lang='lat' dir='ltr'><strong>aut</strong></span> <span class='ocrx_word' id='word_1_96' title='bbox 373 1202 857 1258; x_wconf 78' lang='lat' dir='ltr'><strong>exenodocbiorum</strong></span> <span class='ocrx_word' id='word_1_97' title='bbox 899 1201 919 1231; x_wconf 80' lang='grc'>²</span> <span class='ocrx_word' id='word_1_98' title='bbox 952 1215 1046 1256; x_wconf 89' lang='lat' dir='ltr'><strong>seu</strong></span> <span class='ocrx_word' id='word_1_99' title='bbox 1074 1200 1413 1256; x_wconf 86' lang='lat' dir='ltr'><strong>oraculorum</strong></span> <span class='ocrx_word' id='word_1_100' title='bbox 1441 1200 1672 1269; x_wconf 82' lang='lat' dir='ltr'><strong>pretium</strong></span> <span class='ocrx_word' id='word_1_101' title='bbox 1777 1213 1902 1268; x_wconf 89' lang='lat' dir='ltr'><strong>pars</strong></span> <span class='ocrx_word' id='word_1_102' title='bbox 1926 1198 2196 1256; x_wconf 82' lang='lat' dir='ltr'><strong>fructuum</strong></span> <span class='ocrx_word' id='word_1_103' title='bbox 2209 1200 2536 1270; x_wconf 86' lang='lat' dir='ltr'><strong>pauperibus</strong></span> <span class='ocrx_word' id='word_1_104' title='bbox 2549 1201 2723 1256; x_wconf 88' lang='lat' dir='ltr'><strong>detur.</strong></span> <span class='ocrx_word' id='word_1_105' title='bbox 2749 1198 3012 1255; x_wconf 88' lang='lat' dir='ltr'><strong>Similiter</strong></span> <span class='ocrx_word' id='word_1_106' title='bbox 3027 1201 3082 1255; x_wconf 91' lang='lat' dir='ltr'><strong>in</strong></span> <span class='ocrx_word' id='word_1_107' title='bbox 3099 1201 3206 1256; x_wconf 88' lang='lat' dir='ltr'><strong>illis</strong></span> <span class='ocrx_word' id='word_1_108' title='bbox 3226 1216 3367 1272; x_wconf 90' lang='lat' dir='ltr'><strong>quae</strong></span> 
     </span>
    </p>
   </div>
   <div class='ocr_carea' id='block_1_11' title="bbox 97 1288 3363 1364">
    <p class='ocr_par' dir='ltr' id='par_1_11' title="bbox 97 1288 3363 1364">
     <span class='ocr_line' id='line_1_11' title="bbox 97 1288 3363 1364; baseline -0.002 -14"><span class='ocrx_word' id='word_1_109' title='bbox 97 1295 376 1364; x_wconf 80' lang='lat' dir='ltr'><strong>quodlibet</strong></span> <span class='ocrx_word' id='word_1_110' title='bbox 412 1301 600 1349; x_wconf 88' lang='lat' dir='ltr'><strong>contra</strong></span> <span class='ocrx_word' id='word_1_111' title='bbox 626 1293 1002 1349; x_wconf 85' lang='lat' dir='ltr'><strong>auctoritatem</strong></span> <span class='ocrx_word' id='word_1_112' title='bbox 1026 1292 1411 1346; x_wconf 91' lang='lat' dir='ltr'><strong>canonicorum</strong></span> <span class='ocrx_word' id='word_1_113' title='bbox 1457 1299 1672 1360; x_wconf 88' lang='lat' dir='ltr'><strong>patrum</strong></span> <span class='ocrx_word' id='word_1_114' title='bbox 1777 1288 2150 1344; x_wconf 89' lang='lat' dir='ltr'><strong>rationabilem</strong></span> <span class='ocrx_word' id='word_1_115' title='bbox 2180 1290 2221 1319; x_wconf 86' lang='lat'>“</span> <span class='ocrx_word' id='word_1_116' title='bbox 2250 1289 2654 1360; x_wconf 87' lang='lat' dir='ltr'><strong>dispositionem</strong></span> <span class='ocrx_word' id='word_1_117' title='bbox 2693 1288 3032 1354; x_wconf 90' lang='lat' dir='ltr'><strong>habuerunt,</strong></span> <span class='ocrx_word' id='word_1_118' title='bbox 3077 1297 3134 1345; x_wconf 92' lang='lat' dir='ltr'><strong>et</strong></span> <span class='ocrx_word' id='word_1_119' title='bbox 3180 1289 3363 1344; x_wconf 86' lang='lat' dir='ltr'><strong>tamen</strong></span> 
     </span>
    </p>
   </div>
   <div class='ocr_carea' id='block_1_12' title="bbox 102 1379 3358 1454">
    <p class='ocr_par' dir='ltr' id='par_1_12' title="bbox 102 1379 3358 1454">
     <span class='ocr_line' id='line_1_12' title="bbox 102 1379 3358 1454; baseline -0.001 -16"><span class='ocrx_word' id='word_1_120' title='bbox 102 1385 180 1440; x_wconf 85' lang='lat' dir='ltr'><strong>vel</strong></span> <span class='ocrx_word' id='word_1_121' title='bbox 208 1385 359 1439; x_wconf 78' lang='lat' dir='ltr'><strong>iuxta</strong></span> <span class='ocrx_word' id='word_1_122' title='bbox 386 1384 660 1454; x_wconf 89' lang='lat' dir='ltr'><strong>antiquam</strong></span> <span class='ocrx_word' id='word_1_123' title='bbox 706 1381 1168 1447; x_wconf 83' lang='lat' dir='ltr'><strong>consuetudinem,</strong></span> <span class='ocrx_word' id='word_1_124' title='bbox 1187 1381 1403 1452; x_wconf 90' lang='lat' dir='ltr'><strong>penitus</strong></span> <span class='ocrx_word' id='word_1_125' title='bbox 1426 1381 1674 1452; x_wconf 85' lang='lat' dir='ltr'><strong>accipere</strong></span> <span class='ocrx_word' id='word_1_126' title='bbox 1774 1379 2011 1447; x_wconf 89' lang='lat' dir='ltr'><strong>qualibet</strong></span> <span class='ocrx_word' id='word_1_127' title='bbox 2048 1379 2382 1449; x_wconf 75' lang='lat' dir='ltr'><strong>neglegentia</strong></span> <span class='ocrx_word' id='word_1_128' title='bbox 2412 1379 2628 1450; x_wconf 88' lang='lat' dir='ltr'><strong>pristini</strong></span> <span class='ocrx_word' id='word_1_129' title='bbox 2665 1387 2842 1435; x_wconf 85' lang='lat' dir='ltr'><strong>status</strong></span> <span class='ocrx_word' id='word_1_130' title='bbox 2881 1379 3224 1436; x_wconf 86' lang='lat' dir='ltr'><strong>ordinatione</strong></span> <span class='ocrx_word' id='word_1_131' title='bbox 3265 1395 3358 1435; x_wconf 88' lang='lat' dir='ltr'><strong>ca-</strong></span> 
     </span>
    </p>
   </div>
   <div class='ocr_carea' id='block_1_13' title="bbox 98 1466 3358 1545">
    <p class='ocr_par' dir='ltr' id='par_1_13' title="bbox 98 1466 3358 1545">
     <span class='ocr_line' id='line_1_13' title="bbox 98 1466 3358 1545; baseline -0.001 -15"><span class='ocrx_word' id='word_1_132' title='bbox 98 1483 448 1545; x_wconf 74' lang='lat' dir='ltr'><strong>praesumat.‘</strong></span> <span class='ocrx_word' id='word_1_133' title='bbox 706 1466 708 1469; x_wconf 74' lang='grc'><em>’</em></span> <span class='ocrx_word' id='word_1_134' title='bbox 1774 1478 1914 1535; x_wconf 90' lang='lat' dir='ltr'><strong>rent,</strong></span> <span class='ocrx_word' id='word_1_135' title='bbox 1950 1471 2198 1526; x_wconf 90' lang='lat' dir='ltr'><strong>volumus</strong></span> <span class='ocrx_word' id='word_1_136' title='bbox 2231 1480 2290 1527; x_wconf 92' lang='lat' dir='ltr'><strong>ut</strong></span> <span class='ocrx_word' id='word_1_137' title='bbox 2333 1472 2570 1528; x_wconf 91' lang='lat' dir='ltr'><strong>conditio</strong></span> <span class='ocrx_word' id='word_1_138' title='bbox 2602 1472 2970 1542; x_wconf 88' lang='lat' dir='ltr'><strong>suprascripta</strong></span> <span class='ocrx_word' id='word_1_139' title='bbox 3015 1472 3058 1504; x_wconf 82' lang='grc'><strong>¹⁹</strong></span> <span class='ocrx_word' id='word_1_140' title='bbox 3090 1482 3358 1534; x_wconf 83' lang='lat' dir='ltr'><strong>servetur.</strong></span> 
     </span>
    </p>
   </div>
   <div class='ocr_carea' id='block_1_14' title="bbox 165 1560 3364 1635">
    <p class='ocr_par' dir='ltr' id='par_1_14' title="bbox 165 1560 3364 1635">
     <span class='ocr_line' id='line_1_14' title="bbox 165 1560 3364 1635; baseline 0 -16"><span class='ocrx_word' id='word_1_141' title='bbox 165 1567 198 1619; x_wconf 87' lang='lat'><strong>2</strong></span> <span class='ocrx_word' id='word_1_142' title='bbox 232 1567 253 1597; x_wconf 86' lang='grc'>³</span> <span class='ocrx_word' id='word_1_143' title='bbox 279 1577 331 1618; x_wconf 72' lang='grc' dir='ltr'><strong>ι.</strong></span> <span class='ocrx_word' id='word_1_144' title='bbox 382 1565 453 1620; x_wconf 91' lang='lat' dir='ltr'><strong>De</strong></span> <span class='ocrx_word' id='word_1_145' title='bbox 485 1564 698 1621; x_wconf 82' lang='lat' dir='ltr'><strong>feminis</strong></span> <span class='ocrx_word' id='word_1_146' title='bbox 727 1579 848 1620; x_wconf 92' lang='lat' dir='ltr'><strong>cum</strong></span> <span class='ocrx_word' id='word_1_147' title='bbox 877 1561 1194 1635; x_wconf 91' lang='lat' dir='ltr'><strong>presbiteris</strong></span> <span class='ocrx_word' id='word_1_148' title='bbox 1227 1560 1672 1618; x_wconf 85' lang='lat' dir='ltr'><strong>cobabitantibus</strong></span> <span class='ocrx_word' id='word_1_149' title='bbox 1770 1577 2048 1634; x_wconf 86' lang='lat' dir='ltr'><strong>quousque</strong></span> <span class='ocrx_word' id='word_1_150' title='bbox 2061 1580 2158 1635; x_wconf 87' lang='lat' dir='ltr'><strong>per</strong></span> <span class='ocrx_word' id='word_1_151' title='bbox 2179 1565 2442 1620; x_wconf 91' lang='lat' dir='ltr'><strong>bonorum</strong></span> <span class='ocrx_word' id='word_1_152' title='bbox 2481 1563 2849 1620; x_wconf 88' lang='lat' dir='ltr'><strong>ordinatorum</strong></span> <span class='ocrx_word' id='word_1_153' title='bbox 2873 1563 3266 1634; x_wconf 75' lang='lat' dir='ltr'><strong>providentiam</strong></span> <span class='ocrx_word' id='word_1_154' title='bbox 3305 1574 3364 1620; x_wconf 91' lang='lat' dir='ltr'><strong>et</strong></span> 
     </span>
    </p>
   </div>
   <div class='ocr_carea' id='block_1_15' title="bbox 100 1655 3363 1726">
    <p class='ocr_par' dir='ltr' id='par_1_15' title="bbox 100 1655 3363 1726">
     <span class='ocr_line' id='line_1_15' title="bbox 100 1655 3363 1726; baseline 0.001 -18"><span class='ocrx_word' id='word_1_155' title='bbox 100 1657 295 1725; x_wconf 80' lang='lat' dir='ltr'><strong>placuit</strong></span> <span class='ocrx_word' id='word_1_156' title='bbox 330 1671 415 1712; x_wconf 89' lang='lat' dir='ltr'><strong>eas</strong></span> <span class='ocrx_word' id='word_1_157' title='bbox 440 1658 691 1726; x_wconf 85' lang='lat' dir='ltr'><strong>poenitus</strong></span> <span class='ocrx_word' id='word_1_158' title='bbox 718 1657 820 1712; x_wconf 89' lang='lat' dir='ltr'><strong>eici</strong></span> <span class='ocrx_word' id='word_1_159' title='bbox 840 1697 856 1721; x_wconf 94' lang='lat'><strong>,</strong></span> <span class='ocrx_word' id='word_1_160' title='bbox 900 1671 1002 1712; x_wconf 91' lang='lat' dir='ltr'><strong>nec</strong></span> <span class='ocrx_word' id='word_1_161' title='bbox 1027 1655 1252 1710; x_wconf 90' lang='lat' dir='ltr'><strong>ulterius</strong></span> <span class='ocrx_word' id='word_1_162' title='bbox 1273 1671 1397 1710; x_wconf 93' lang='lat' dir='ltr'><strong>cum</strong></span> <span class='ocrx_word' id='word_1_163' title='bbox 1423 1655 1510 1710; x_wconf 90' lang='lat' dir='ltr'><strong>his</strong></span> <span class='ocrx_word' id='word_1_164' title='bbox 1536 1670 1670 1726; x_wconf 90' lang='lat' dir='ltr'><strong>quo-</strong></span> <span class='ocrx_word' id='word_1_165' title='bbox 1772 1663 2075 1726; x_wconf 88' lang='lat' dir='ltr'><strong>temporum</strong></span> <span class='ocrx_word' id='word_1_166' title='bbox 2107 1656 2528 1712; x_wconf 85' lang='lat' dir='ltr'><strong>habundantiam</strong></span> <span class='ocrx_word' id='word_1_167' title='bbox 2561 1656 2628 1712; x_wconf 90' lang='lat' dir='ltr'><strong>ad</strong></span> <span class='ocrx_word' id='word_1_168' title='bbox 2662 1655 2899 1725; x_wconf 85' lang='lat' dir='ltr'><strong>priorem</strong></span> <span class='ocrx_word' id='word_1_169' title='bbox 2924 1655 3139 1712; x_wconf 76' lang='lat' dir='ltr'><strong>valeant</strong></span> <span class='ocrx_word' id='word_1_170' title='bbox 3170 1671 3363 1715; x_wconf 89' lang='lat' dir='ltr'><strong>ascen-</strong></span> 
     </span>
    </p>
   </div>
   <div class='ocr_carea' id='block_1_16' title="bbox 103 1743 2349 1818">
    <p class='ocr_par' dir='ltr' id='par_1_16' title="bbox 103 1743 2349 1818">
     <span class='ocr_line' id='line_1_16' title="bbox 103 1743 2349 1818; baseline -0.001 -17"><span class='ocrx_word' id='word_1_171' title='bbox 103 1749 362 1817; x_wconf 89' lang='lat' dir='ltr'><strong>quomodo</strong></span> <span class='ocrx_word' id='word_1_172' title='bbox 397 1750 736 1815; x_wconf 82' lang='lat' dir='ltr'><strong>conversari,</strong></span> <span class='ocrx_word' id='word_1_173' title='bbox 765 1756 820 1804; x_wconf 87' lang='lat' dir='ltr'><strong>et</strong></span> <span class='ocrx_word' id='word_1_174' title='bbox 850 1748 895 1803; x_wconf 90' lang='lat' dir='ltr'><strong>si</strong></span> <span class='ocrx_word' id='word_1_175' title='bbox 926 1756 1048 1818; x_wconf 86' lang='lat' dir='ltr'><strong>post</strong></span> <span class='ocrx_word' id='word_1_176' title='bbox 1070 1747 1301 1818; x_wconf 85' lang='lat' dir='ltr'><strong>primam</strong></span> <span class='ocrx_word' id='word_1_177' title='bbox 1328 1746 1669 1802; x_wconf 80' lang='lat' dir='ltr'><strong>contestatio—</strong></span> <span class='ocrx_word' id='word_1_178' title='bbox 1770 1746 1899 1802; x_wconf 89' lang='lat' dir='ltr'><strong>dere</strong></span> <span class='ocrx_word' id='word_1_179' title='bbox 1919 1743 2349 1816; x_wconf 86' lang='lat' dir='ltr'><strong>dispositionem.</strong></span> 
     </span>
    </p>
   </div>
   <div class='ocr_carea' id='block_1_17' title="bbox 102 1836 3356 1913">
    <p class='ocr_par' dir='ltr' id='par_1_17' title="bbox 102 1836 3356 1913">
     <span class='ocr_line' id='line_1_17' title="bbox 102 1836 3356 1913; baseline 0.001 -22"><span class='ocrx_word' id='word_1_180' title='bbox 102 1853 211 1892; x_wconf 87' lang='lat' dir='ltr'><strong>nem</strong></span> <span class='ocrx_word' id='word_1_181' title='bbox 239 1838 474 1908; x_wconf 84' lang='lat' dir='ltr'><strong>episcopi</strong></span> <span class='ocrx_word' id='word_1_182' title='bbox 509 1840 593 1894; x_wconf 91' lang='lat' dir='ltr'><strong>sui</strong></span> <span class='ocrx_word' id='word_1_183' title='bbox 627 1839 678 1904; x_wconf 72' lang='grc'><strong>⁸,</strong></span> <span class='ocrx_word' id='word_1_184' title='bbox 710 1855 741 1893; x_wconf 90' lang='lat' dir='ltr'><strong>a</strong></span> <span class='ocrx_word' id='word_1_185' title='bbox 782 1839 954 1894; x_wconf 87' lang='lat' dir='ltr'><strong>tribus</strong></span> <span class='ocrx_word' id='word_1_186' title='bbox 995 1853 1167 1908; x_wconf 89' lang='lat' dir='ltr'><strong>usque</strong></span> <span class='ocrx_word' id='word_1_187' title='bbox 1209 1837 1276 1892; x_wconf 92' lang='lat' dir='ltr'><strong>ad</strong></span> <span class='ocrx_word' id='word_1_188' title='bbox 1313 1846 1520 1908; x_wconf 87' lang='lat' dir='ltr'><strong>septem</strong></span> <span class='ocrx_word' id='word_1_189' title='bbox 1553 1836 1668 1893; x_wconf 90' lang='lat' dir='ltr'><strong>ido-</strong></span> <span class='ocrx_word' id='word_1_190' title='bbox 1834 1837 1872 1892; x_wconf 66' lang='grc' dir='ltr'><strong><em>ι</em></strong></span> <span class='ocrx_word' id='word_1_191' title='bbox 1901 1849 1948 1892; x_wconf 75' lang='grc' dir='ltr'><strong>ο.</strong></span> <span class='ocrx_word' id='word_1_192' title='bbox 1980 1838 2166 1913; x_wconf 84' lang='lat' dir='ltr'><strong>Visum</strong></span> <span class='ocrx_word' id='word_1_193' title='bbox 2196 1845 2279 1893; x_wconf 90' lang='lat' dir='ltr'><strong>est</strong></span> <span class='ocrx_word' id='word_1_194' title='bbox 2318 1837 2506 1903; x_wconf 91' lang='lat' dir='ltr'><strong>nobis,</strong></span> <span class='ocrx_word' id='word_1_195' title='bbox 2553 1845 2612 1892; x_wconf 92' lang='lat' dir='ltr'><strong>ut</strong></span> <span class='ocrx_word' id='word_1_196' title='bbox 2635 1837 2922 1908; x_wconf 88' lang='lat' dir='ltr'><strong>presbiteri</strong></span> <span class='ocrx_word' id='word_1_197' title='bbox 2949 1838 3356 1910; x_wconf 89' lang='lat' dir='ltr'><strong>baptismalium</strong></span> 
     </span>
    </p>
   </div>
   <div class='ocr_carea' id='block_1_18' title="bbox 100 1927 3360 2001">
    <p class='ocr_par' dir='ltr' id='par_1_18' title="bbox 100 1927 3360 2001">
     <span class='ocr_line' id='line_1_18' title="bbox 100 1927 3360 2001; baseline 0.001 -17"><span class='ocrx_word' id='word_1_198' title='bbox 100 1931 209 1988; x_wconf 87' lang='lat' dir='ltr'><strong>neis</strong></span> <span class='ocrx_word' id='word_1_199' title='bbox 234 1931 462 1987; x_wconf 82' lang='lat' dir='ltr'><strong>testibus</strong></span> <span class='ocrx_word' id='word_1_200' title='bbox 487 1930 828 1987; x_wconf 85' lang='lat' dir='ltr'><strong>convincitur</strong></span> <span class='ocrx_word' id='word_1_201' title='bbox 864 1927 1281 2001; x_wconf 84' lang='lat' dir='ltr'><strong>praevaricasse,</strong></span> <span class='ocrx_word' id='word_1_202' title='bbox 1312 1928 1517 2000; x_wconf 87' lang='lat' dir='ltr'><strong>proprii</strong></span> <span class='ocrx_word' id='word_1_203' title='bbox 1539 1943 1665 1999; x_wconf 84' lang='lat' dir='ltr'><strong>gra-</strong></span> <span class='ocrx_word' id='word_1_204' title='bbox 1767 1929 2139 1996; x_wconf 87' lang='lat' dir='ltr'><strong>ecclesiarum,</strong></span> <span class='ocrx_word' id='word_1_205' title='bbox 2174 1929 2470 1986; x_wconf 88' lang='lat' dir='ltr'><strong>secundum</strong></span> <span class='ocrx_word' id='word_1_206' title='bbox 2495 1945 2648 1985; x_wconf 88' lang='lat' dir='ltr'><strong>suam</strong></span> <span class='ocrx_word' id='word_1_207' title='bbox 2673 1931 3090 2000; x_wconf 83' lang='lat' dir='ltr'><strong>possibilitatem</strong></span> <span class='ocrx_word' id='word_1_208' title='bbox 3117 1931 3360 1988; x_wconf 88' lang='lat' dir='ltr'><strong>debitam</strong></span> 
     </span>
    </p>
   </div>
   <div class='ocr_carea' id='block_1_19' title="bbox 101 2017 3358 2094">
    <p class='ocr_par' dir='ltr' id='par_1_19' title="bbox 101 2017 3358 2094">
     <span class='ocr_line' id='line_1_19' title="bbox 101 2017 3358 2094; baseline 0.002 -22"><span class='ocrx_word' id='word_1_209' title='bbox 101 2019 189 2073; x_wconf 92' lang='lat' dir='ltr'><strong>dus</strong></span> <span class='ocrx_word' id='word_1_210' title='bbox 208 2019 448 2088; x_wconf 88' lang='lat' dir='ltr'><strong>periculo</strong></span> <span class='ocrx_word' id='word_1_211' title='bbox 480 2019 776 2074; x_wconf 80' lang='lat' dir='ltr'><strong>subiaceat.</strong></span> <span class='ocrx_word' id='word_1_212' title='bbox 807 2018 958 2086; x_wconf 86' lang='lat' dir='ltr'><strong>Quod</strong></span> <span class='ocrx_word' id='word_1_213' title='bbox 984 2018 1028 2072; x_wconf 89' lang='lat' dir='ltr'><strong>si</strong></span> <span class='ocrx_word' id='word_1_214' title='bbox 1047 2017 1330 2089; x_wconf 83' lang='lat' dir='ltr'><strong>episcopus</strong></span> <span class='ocrx_word' id='word_1_215' title='bbox 1356 2017 1665 2074; x_wconf 86' lang='lat' dir='ltr'><strong>conventio-</strong></span> <span class='ocrx_word' id='word_1_216' title='bbox 1765 2022 2162 2080; x_wconf 89' lang='lat' dir='ltr'><strong>oboedientiam</strong></span> <span class='ocrx_word' id='word_1_217' title='bbox 2203 2029 2259 2077; x_wconf 94' lang='lat' dir='ltr'><strong>et</strong></span> <span class='ocrx_word' id='word_1_218' title='bbox 2294 2021 2556 2077; x_wconf 88' lang='lat' dir='ltr'><strong>honorem</strong></span> <span class='ocrx_word' id='word_1_219' title='bbox 2600 2022 2714 2078; x_wconf 87' lang='lat' dir='ltr'><strong>suis</strong></span> <span class='ocrx_word' id='word_1_220' title='bbox 2755 2022 3046 2079; x_wconf 76' lang='lat' dir='ltr'><strong>exhibeant</strong></span> <span class='ocrx_word' id='word_1_221' title='bbox 3082 2024 3358 2094; x_wconf 90' lang='lat' dir='ltr'><strong>episcopis</strong></span> 
     </span>
    </p>
   </div>
   <div class='ocr_carea' id='block_1_20' title="bbox 99 2095 3366 2189">
    <p class='ocr_par' dir='ltr' id='par_1_20' title="bbox 99 2095 3366 2189">
     <span class='ocr_line' id='line_1_20' title="bbox 99 2095 3366 2189; baseline 0.003 -29"><span class='ocrx_word' id='word_1_222' title='bbox 99 2123 215 2189; x_wconf 69' lang='lat' dir='ltr'><strong>nam</strong></span> <span class='ocrx_word' id='word_1_223' title='bbox 255 2107 434 2177; x_wconf 88' lang='lat' dir='ltr'><strong>aliqua</strong></span> <span class='ocrx_word' id='word_1_224' title='bbox 479 2108 688 2163; x_wconf 89' lang='lat' dir='ltr'><strong>ratione</strong></span> <span class='ocrx_word' id='word_1_225' title='bbox 729 2107 1033 2163; x_wconf 91' lang='lat' dir='ltr'><strong>huiusmodi</strong></span> <span class='ocrx_word' id='word_1_226' title='bbox 1060 2095 1500 2176; x_wconf 74' lang='lat' dir='ltr'><strong>ncglexerit,‘aut</strong></span> <span class='ocrx_word' id='word_1_227' title='bbox 1541 2108 1666 2177; x_wconf 85' lang='lat' dir='ltr'><strong>post</strong></span> <span class='ocrx_word' id='word_1_228' title='bbox 1765 2114 1967 2183; x_wconf 86' lang='lat' dir='ltr'><strong>absque</strong></span> <span class='ocrx_word' id='word_1_229' title='bbox 1995 2111 2284 2184; x_wconf 78' lang='lat' dir='ltr'><strong>gravedine</strong></span> <span class='ocrx_word' id='word_1_230' title='bbox 2309 2113 2372 2178; x_wconf 78' lang='lat'><strong>&quot;,</strong></span> <span class='ocrx_word' id='word_1_231' title='bbox 2403 2111 2520 2167; x_wconf 81' lang='lat' dir='ltr'><strong>ut“</strong></span> <span class='ocrx_word' id='word_1_232' title='bbox 2544 2114 2841 2169; x_wconf 85' lang='lat' dir='ltr'><strong>necessitas</strong></span> <span class='ocrx_word' id='word_1_233' title='bbox 2865 2122 2921 2171; x_wconf 92' lang='lat' dir='ltr'><strong>et</strong></span> <span class='ocrx_word' id='word_1_234' title='bbox 2947 2115 3083 2174; x_wconf 87' lang='lat' dir='ltr'><strong>ordo</strong></span> <span class='ocrx_word' id='word_1_235' title='bbox 3106 2131 3366 2188; x_wconf 83' lang='lat' dir='ltr'><strong>poposce-</strong></span> 
     </span>
    </p>
   </div>
   <div class='ocr_carea' id='block_1_21' title="bbox 102 2197 3361 2278">
    <p class='ocr_par' dir='ltr' id='par_1_21' title="bbox 102 2197 3361 2278">
     <span class='ocr_line' id='line_1_21' title="bbox 102 2197 3361 2278; baseline 0.004 -27"><span class='ocrx_word' id='word_1_236' title='bbox 102 2200 192 2253; x_wconf 91' lang='lat' dir='ltr'><strong>hoc</strong></span> <span class='ocrx_word' id='word_1_237' title='bbox 231 2197 486 2270; x_wconf 84' lang='lat' dir='ltr'><strong>synodale</strong></span> <span class='ocrx_word' id='word_1_238' title='bbox 531 2199 819 2255; x_wconf 89' lang='lat' dir='ltr'><strong>concilium</strong></span> <span class='ocrx_word' id='word_1_239' title='bbox 843 2239 859 2266; x_wconf 95' lang='lat'><strong>,</strong></span> <span class='ocrx_word' id='word_1_240' title='bbox 920 2197 1059 2253; x_wconf 83' lang='lat' dir='ltr'><strong>inira</strong></span> <span class='ocrx_word' id='word_1_241' title='bbox 1111 2199 1228 2256; x_wconf 88' lang='lat' dir='ltr'><strong>dies</strong></span> <span class='ocrx_word' id='word_1_242' title='bbox 1275 2198 1662 2270; x_wconf 74' lang='lat' dir='ltr'><strong>quinquaginta</strong></span> <span class='ocrx_word' id='word_1_243' title='bbox 1764 2204 1854 2258; x_wconf 90' lang='lat' dir='ltr'><strong>rit.</strong></span> <span class='ocrx_word' id='word_1_244' title='bbox 1879 2203 2014 2258; x_wconf 86' lang='lat' dir='ltr'><strong>Nam</strong></span> <span class='ocrx_word' id='word_1_245' title='bbox 2037 2203 2081 2259; x_wconf 92' lang='lat' dir='ltr'><strong>si</strong></span> <span class='ocrx_word' id='word_1_246' title='bbox 2100 2202 2440 2262; x_wconf 84' lang='lat' dir='ltr'><strong>oboedientia</strong></span> <span class='ocrx_word' id='word_1_247' title='bbox 2463 2203 2542 2259; x_wconf 90' lang='lat' dir='ltr'><strong>rei</strong></span> <span class='ocrx_word' id='word_1_248' title='bbox 2568 2203 2612 2236; x_wconf 80' lang='grc'><strong>³⁸</strong></span> <span class='ocrx_word' id='word_1_249' title='bbox 2634 2204 2882 2275; x_wconf 89' lang='lat' dir='ltr'><strong>publicae</strong></span> <span class='ocrx_word' id='word_1_250' title='bbox 2911 2205 3037 2262; x_wconf 86' lang='lat' dir='ltr'><strong>talis</strong></span> <span class='ocrx_word' id='word_1_251' title='bbox 3059 2206 3361 2278; x_wconf 76' lang='lat' dir='ltr'><strong>iniungitur</strong></span> 
     </span>
    </p>
   </div>
   <div class='ocr_carea' id='block_1_22' title="bbox 99 2291 3406 2370">
    <p class='ocr_par' dir='ltr' id='par_1_22' title="bbox 99 2291 3406 2370">
     <span class='ocr_line' id='line_1_22' title="bbox 99 2291 3406 2370; baseline 0.004 -26"><span class='ocrx_word' id='word_1_252' title='bbox 99 2291 458 2347; x_wconf 87' lang='lat' dir='ltr'><strong>emendatione</strong></span> <span class='ocrx_word' id='word_1_253' title='bbox 470 2292 630 2364; x_wconf 88' lang='lat' dir='ltr'><strong>digna</strong></span> <span class='ocrx_word' id='word_1_254' title='bbox 653 2309 759 2349; x_wconf 92' lang='lat' dir='ltr'><strong>non</strong></span> <span class='ocrx_word' id='word_1_255' title='bbox 775 2294 1157 2359; x_wconf 85' lang='lat' dir='ltr'><strong>emendaverit,</strong></span> <span class='ocrx_word' id='word_1_256' title='bbox 1189 2295 1379 2350; x_wconf 89' lang='lat' dir='ltr'><strong>iuditio</strong></span> <span class='ocrx_word' id='word_1_257' title='bbox 1393 2301 1663 2364; x_wconf 83' lang='lat' dir='ltr'><strong>metropo-</strong></span> <span class='ocrx_word' id='word_1_258' title='bbox 1766 2295 2062 2368; x_wconf 83' lang='lat' dir='ltr'><strong>episcopis,</strong></span> <span class='ocrx_word' id='word_1_259' title='bbox 2093 2311 2252 2370; x_wconf 88' lang='lat' dir='ltr'><strong>quam</strong></span> <span class='ocrx_word' id='word_1_260' title='bbox 2279 2311 2376 2366; x_wconf 86' lang='lat' dir='ltr'><strong>per</strong></span> <span class='ocrx_word' id='word_1_261' title='bbox 2413 2311 2472 2352; x_wconf 90' lang='lat' dir='ltr'><strong>se</strong></span> <span class='ocrx_word' id='word_1_262' title='bbox 2499 2295 2677 2354; x_wconf 81' lang='lat' dir='ltr'><strong>facere</strong></span> <span class='ocrx_word' id='word_1_263' title='bbox 2702 2297 3074 2368; x_wconf 87' lang='lat' dir='ltr'><strong>nequiverint,</strong></span> <span class='ocrx_word' id='word_1_264' title='bbox 3107 2301 3361 2356; x_wconf 87' lang='lat' dir='ltr'><strong>volumus</strong></span> <span class='ocrx_word' id='word_1_265' title='bbox 3397 2323 3406 2334; x_wconf 62' lang='grc' dir='ltr'><strong><em>ί</em></strong></span> 
     </span>
    </p>
   </div>
   <div class='ocr_carea' id='block_1_23' title="bbox 102 2375 3360 2462">
    <p class='ocr_par' dir='ltr' id='par_1_23' title="bbox 102 2375 3360 2462">
     <span class='ocr_line' id='line_1_23' title="bbox 102 2375 3360 2462; baseline 0.004 -28"><span class='ocrx_word' id='word_1_266' title='bbox 102 2382 236 2436; x_wconf 87' lang='lat' dir='ltr'><strong>litani</strong></span> <span class='ocrx_word' id='word_1_267' title='bbox 263 2383 350 2438; x_wconf 91' lang='lat' dir='ltr'><strong>sui</strong></span> <span class='ocrx_word' id='word_1_268' title='bbox 374 2383 682 2453; x_wconf 84' lang='lat' dir='ltr'><strong>subiaceat;</strong></span> <span class='ocrx_word' id='word_1_269' title='bbox 723 2385 1010 2456; x_wconf 90' lang='lat' dir='ltr'><strong>presbiteri</strong></span> <span class='ocrx_word' id='word_1_270' title='bbox 1037 2401 1163 2442; x_wconf 87' lang='lat' dir='ltr'><strong>vero</strong></span> <span class='ocrx_word' id='word_1_271' title='bbox 1190 2375 1418 2441; x_wconf 80' lang='lat' dir='ltr'><strong>clericos</strong></span> <span class='ocrx_word' id='word_1_272' title='bbox 1440 2385 1566 2441; x_wconf 89' lang='lat' dir='ltr'><strong>boni</strong></span> <span class='ocrx_word' id='word_1_273' title='bbox 1592 2391 1668 2440; x_wconf 90' lang='lat' dir='ltr'><strong>te-</strong></span> <span class='ocrx_word' id='word_1_274' title='bbox 1697 2382 1744 2444; x_wconf 81' lang='lat' dir='ltr'><strong>B</strong></span> <span class='ocrx_word' id='word_1_275' title='bbox 1770 2395 1829 2442; x_wconf 92' lang='lat' dir='ltr'><strong>ut</strong></span> <span class='ocrx_word' id='word_1_276' title='bbox 1866 2387 2160 2458; x_wconf 90' lang='lat' dir='ltr'><strong>praebeant</strong></span> <span class='ocrx_word' id='word_1_277' title='bbox 2188 2387 2438 2444; x_wconf 85' lang='lat' dir='ltr'><strong>solatium</strong></span> <span class='ocrx_word' id='word_1_278' title='bbox 2471 2385 2701 2462; x_wconf 80' lang='lat' dir='ltr'><strong>subiecti</strong></span> <span class='ocrx_word' id='word_1_279' title='bbox 2725 2390 2770 2421; x_wconf 82' lang='lat'>“</span> <span class='ocrx_word' id='word_1_280' title='bbox 2794 2392 3089 2446; x_wconf 87' lang='lat' dir='ltr'><strong>secundum</strong></span> <span class='ocrx_word' id='word_1_281' title='bbox 3125 2393 3360 2462; x_wconf 83' lang='lat' dir='ltr'><strong>qualita—</strong></span> 
     </span>
    </p>
   </div>
   <div class='ocr_carea' id='block_1_24' title="bbox 101 2476 3362 2552">
    <p class='ocr_par' dir='ltr' id='par_1_24' title="bbox 101 2476 3362 2552">
     <span class='ocr_line' id='line_1_24' title="bbox 101 2476 3362 2552; baseline 0.003 -24"><span class='ocrx_word' id='word_1_282' title='bbox 101 2476 323 2531; x_wconf 87' lang='lat' dir='ltr'><strong>stimonii</strong></span> <span class='ocrx_word' id='word_1_283' title='bbox 358 2491 538 2533; x_wconf 87' lang='lat' dir='ltr'><strong>secum</strong></span> <span class='ocrx_word' id='word_1_284' title='bbox 567 2480 974 2535; x_wconf 84' lang='lat' dir='ltr'><strong>conversatione</strong></span> <span class='ocrx_word' id='word_1_285' title='bbox 1013 2480 1266 2547; x_wconf 82' lang='lat' dir='ltr'><strong>habeant,</strong></span> <span class='ocrx_word' id='word_1_286' title='bbox 1302 2481 1392 2552; x_wconf 89' lang='lat' dir='ltr'><strong>qui</strong></span> <span class='ocrx_word' id='word_1_287' title='bbox 1423 2481 1494 2538; x_wconf 91' lang='lat' dir='ltr'><strong>ob</strong></span> <span class='ocrx_word' id='word_1_288' title='bbox 1519 2481 1664 2536; x_wconf 75' lang='lat' dir='ltr'><strong>vitae</strong></span> <span class='ocrx_word' id='word_1_289' title='bbox 1769 2489 1879 2537; x_wconf 92' lang='lat' dir='ltr'><strong>tem</strong></span> <span class='ocrx_word' id='word_1_290' title='bbox 1909 2480 2134 2536; x_wconf 85' lang='lat' dir='ltr'><strong>iniuncti</strong></span> <span class='ocrx_word' id='word_1_291' title='bbox 2165 2479 2394 2535; x_wconf 90' lang='lat' dir='ltr'><strong>servitii.</strong></span> <span class='ocrx_word' id='word_1_292' title='bbox 2432 2479 2490 2536; x_wconf 88' lang='lat' dir='ltr'><strong>Si</strong></span> <span class='ocrx_word' id='word_1_293' title='bbox 2516 2479 2638 2551; x_wconf 91' lang='lat' dir='ltr'><strong>quis</strong></span> <span class='ocrx_word' id='word_1_294' title='bbox 2673 2488 2826 2536; x_wconf 77' lang='lat' dir='ltr'><strong>extra</strong></span> <span class='ocrx_word' id='word_1_295' title='bbox 2855 2481 2896 2513; x_wconf 85' lang='grc'><strong>¹⁷</strong></span> <span class='ocrx_word' id='word_1_296' title='bbox 2937 2482 3078 2540; x_wconf 90' lang='lat' dir='ltr'><strong>hanc</strong></span> <span class='ocrx_word' id='word_1_297' title='bbox 3125 2484 3362 2539; x_wconf 90' lang='lat' dir='ltr'><strong>necessi-</strong></span> 
     </span>
    </p>
   </div>
   <div class='ocr_carea' id='block_1_25' title="bbox 104 2566 3360 2647">
    <p class='ocr_par' dir='ltr' id='par_1_25' title="bbox 104 2566 3360 2647">
     <span class='ocr_line' id='line_1_25' title="bbox 104 2566 3360 2647; baseline 0.003 -29"><span class='ocrx_word' id='word_1_298' title='bbox 104 2566 334 2634; x_wconf 86' lang='lat' dir='ltr'><strong>propriae</strong></span> <span class='ocrx_word' id='word_1_299' title='bbox 356 2568 692 2634; x_wconf 89' lang='lat' dir='ltr'><strong>munditiam,</strong></span> <span class='ocrx_word' id='word_1_300' title='bbox 723 2578 888 2626; x_wconf 90' lang='lat' dir='ltr'><strong>testes</strong></span> <span class='ocrx_word' id='word_1_301' title='bbox 922 2570 1108 2627; x_wconf 88' lang='lat' dir='ltr'><strong>ﬁdeles</strong></span> <span class='ocrx_word' id='word_1_302' title='bbox 1130 2571 1342 2642; x_wconf 87' lang='lat' dir='ltr'><strong>possint</strong></span> <span class='ocrx_word' id='word_1_303' title='bbox 1369 2571 1487 2627; x_wconf 91' lang='lat' dir='ltr'><strong>ﬁeri</strong></span> <span class='ocrx_word' id='word_1_304' title='bbox 1517 2571 1664 2627; x_wconf 83' lang='lat' dir='ltr'><strong>vitae</strong></span> <span class='ocrx_word' id='word_1_305' title='bbox 1768 2585 1935 2634; x_wconf 84' lang='lat' dir='ltr'><strong>tatem</strong></span> <span class='ocrx_word' id='word_1_306' title='bbox 1957 2575 2216 2632; x_wconf 88' lang='lat' dir='ltr'><strong>ecclesias</strong></span> <span class='ocrx_word' id='word_1_307' title='bbox 2237 2584 2487 2647; x_wconf 86' lang='lat' dir='ltr'><strong>gravatas</strong></span> <span class='ocrx_word' id='word_1_308' title='bbox 2523 2576 2725 2630; x_wconf 90' lang='lat' dir='ltr'><strong>habent</strong></span> <span class='ocrx_word' id='word_1_309' title='bbox 2749 2583 2914 2646; x_wconf 90' lang='lat' dir='ltr'><strong>atque</strong></span> <span class='ocrx_word' id='word_1_310' title='bbox 2953 2575 3276 2639; x_wconf 86' lang='lat' dir='ltr'><strong>destructas,</strong></span> <span class='ocrx_word' id='word_1_311' title='bbox 3304 2582 3360 2630; x_wconf 87' lang='lat' dir='ltr'><strong>et</strong></span> 
     </span>
    </p>
   </div>
   <div class='ocr_carea' id='block_1_26' title="bbox 103 2656 3360 2740">
    <p class='ocr_par' dir='ltr' id='par_1_26' title="bbox 103 2656 3360 2740">
     <span class='ocr_line' id='line_1_26' title="bbox 103 2656 3360 2740; baseline 0.004 -30"><span class='ocrx_word' id='word_1_312' title='bbox 103 2656 313 2714; x_wconf 87' lang='lat' dir='ltr'><strong>alienae.</strong></span> <span class='ocrx_word' id='word_1_313' title='bbox 1769 2670 1824 2724; x_wconf 91' lang='lat' dir='ltr'><strong>in</strong></span> <span class='ocrx_word' id='word_1_314' title='bbox 1851 2679 2008 2724; x_wconf 90' lang='lat' dir='ltr'><strong>antea</strong></span> <span class='ocrx_word' id='word_1_315' title='bbox 2038 2684 2264 2740; x_wconf 82' lang='lat' dir='ltr'><strong>gravare</strong></span> <span class='ocrx_word' id='word_1_316' title='bbox 2284 2667 2765 2740; x_wconf 88' lang='lat' dir='ltr'><strong>praesumpseriut,</strong></span> <span class='ocrx_word' id='word_1_317' title='bbox 2779 2681 2877 2738; x_wconf 89' lang='lat' dir='ltr'><strong>per</strong></span> <span class='ocrx_word' id='word_1_318' title='bbox 2888 2667 3206 2724; x_wconf 88' lang='lat' dir='ltr'><strong>relationem</strong></span> <span class='ocrx_word' id='word_1_319' title='bbox 3223 2667 3360 2722; x_wconf 90' lang='lat' dir='ltr'><strong>mis-</strong></span> 
     </span>
    </p>
   </div>
   <div class='ocr_carea' id='block_1_27' title="bbox 161 2747 3357 2833">
    <p class='ocr_par' dir='ltr' id='par_1_27' title="bbox 161 2747 3357 2833">
     <span class='ocr_line' id='line_1_27' title="bbox 161 2747 3357 2833; baseline 0.004 -31"><span class='ocrx_word' id='word_1_320' title='bbox 161 2747 260 2804; x_wconf 74' lang='grc'><strong>51³.</strong></span> <span class='ocrx_word' id='word_1_321' title='bbox 318 2748 387 2806; x_wconf 90' lang='lat' dir='ltr'><strong>Ut</strong></span> <span class='ocrx_word' id='word_1_322' title='bbox 418 2750 473 2805; x_wconf 92' lang='lat' dir='ltr'><strong>in</strong></span> <span class='ocrx_word' id='word_1_323' title='bbox 498 2753 880 2810; x_wconf 77' lang='lat' dir='ltr'><strong>exenodocbiis</strong></span> <span class='ocrx_word' id='word_1_324' title='bbox 930 2754 952 2786; x_wconf 84' lang='lat'><strong>&#39;</strong></span> <span class='ocrx_word' id='word_1_325' title='bbox 997 2754 1390 2812; x_wconf 86' lang='lat' dir='ltr'><strong>rationabiliter</strong></span> <span class='ocrx_word' id='word_1_326' title='bbox 1424 2754 1664 2826; x_wconf 84' lang='lat' dir='ltr'><strong>disposi-</strong></span> <span class='ocrx_word' id='word_1_327' title='bbox 1769 2777 1952 2818; x_wconf 81' lang='lat' dir='ltr'><strong>sorum</strong></span> <span class='ocrx_word' id='word_1_328' title='bbox 1975 2761 2176 2833; x_wconf 78' lang='lat' dir='ltr'><strong>cogniti</strong></span> <span class='ocrx_word' id='word_1_329' title='bbox 2199 2763 2572 2818; x_wconf 83' lang='lat' dir='ltr'><strong>huiuscemodi</strong></span> <span class='ocrx_word' id='word_1_330' title='bbox 2609 2769 2867 2828; x_wconf 88' lang='lat' dir='ltr'><strong>rectores,</strong></span> <span class='ocrx_word' id='word_1_331' title='bbox 2914 2761 3177 2819; x_wconf 88' lang='lat' dir='ltr'><strong>canonica</strong></span> <span class='ocrx_word' id='word_1_332' title='bbox 3205 2761 3357 2816; x_wconf 78' lang='lat' dir='ltr'><strong>inve-</strong></span> 
     </span>
    </p>
   </div>
   <div class='ocr_carea' id='block_1_28' title="bbox 105 2838 2974 2924">
    <p class='ocr_par' dir='ltr' id='par_1_28' title="bbox 105 2838 2974 2924">
     <span class='ocr_line' id='line_1_28' title="bbox 105 2838 2974 2924; baseline 0.006 -33"><span class='ocrx_word' id='word_1_333' title='bbox 105 2838 164 2891; x_wconf 88' lang='lat' dir='ltr'><strong>tis</strong></span> <span class='ocrx_word' id='word_1_334' title='bbox 192 2838 229 2903; x_wconf 82' lang='lat'><strong>&#39;,</strong></span> <span class='ocrx_word' id='word_1_335' title='bbox 257 2841 359 2894; x_wconf 88' lang='lat' dir='ltr'><strong>et&quot;</strong></span> <span class='ocrx_word' id='word_1_336' title='bbox 384 2841 557 2899; x_wconf 90' lang='lat' dir='ltr'><strong>adhuc</strong></span> <span class='ocrx_word' id='word_1_337' title='bbox 583 2844 636 2898; x_wconf 91' lang='lat' dir='ltr'><strong>in</strong></span> <span class='ocrx_word' id='word_1_338' title='bbox 664 2845 892 2914; x_wconf 89' lang='lat' dir='ltr'><strong>pristino</strong></span> <span class='ocrx_word' id='word_1_339' title='bbox 930 2853 1082 2900; x_wconf 88' lang='lat' dir='ltr'><strong>statu</strong></span> <span class='ocrx_word' id='word_1_340' title='bbox 1131 2847 1474 2902; x_wconf 89' lang='lat' dir='ltr'><strong>manentibus</strong></span> <span class='ocrx_word' id='word_1_341' title='bbox 1519 2847 1562 2912; x_wconf 82' lang='grc'><strong>⁸,</strong></span> <span class='ocrx_word' id='word_1_342' title='bbox 1607 2847 1664 2902; x_wconf 87' lang='lat' dir='ltr'><strong>in</strong></span> <span class='ocrx_word' id='word_1_343' title='bbox 1770 2853 1950 2910; x_wconf 82' lang='lat' dir='ltr'><strong>ctione</strong></span> <span class='ocrx_word' id='word_1_344' title='bbox 1980 2867 2012 2907; x_wconf 91' lang='lat' dir='ltr'><strong>a</strong></span> <span class='ocrx_word' id='word_1_345' title='bbox 2045 2851 2204 2909; x_wconf 89' lang='lat' dir='ltr'><strong>nobis</strong></span> <span class='ocrx_word' id='word_1_346' title='bbox 2241 2852 2582 2924; x_wconf 77' lang='lat' dir='ltr'><strong>promulgata</strong></span> <span class='ocrx_word' id='word_1_347' title='bbox 2615 2852 2659 2885; x_wconf 80' lang='lat'>“</span> <span class='ocrx_word' id='word_1_348' title='bbox 2685 2851 2974 2910; x_wconf 73' lang='lat' dir='ltr'><strong>feriantur;</strong></span> 
     </span>
    </p>
   </div>
   <div class='ocr_carea' id='block_1_29' title="bbox 106 2928 1666 3009">
    <p class='ocr_par' dir='ltr' id='par_1_29' title="bbox 106 2928 1666 3009">
     <span class='ocr_line' id='line_1_29' title="bbox 106 2928 1666 3009; baseline 0.006 -26"><span class='ocrx_word' id='word_1_349' title='bbox 106 2928 258 2997; x_wconf 90' lang='lat' dir='ltr'><strong>primo</strong></span> <span class='ocrx_word' id='word_1_350' title='bbox 278 2939 598 2991; x_wconf 87' lang='lat' dir='ltr'><strong>testamento</strong></span> <span class='ocrx_word' id='word_1_351' title='bbox 624 2937 898 2994; x_wconf 88' lang='lat' dir='ltr'><strong>testatoris</strong></span> <span class='ocrx_word' id='word_1_352' title='bbox 917 2938 1137 2993; x_wconf 88' lang='lat' dir='ltr'><strong>omnino</strong></span> <span class='ocrx_word' id='word_1_353' title='bbox 1157 2941 1463 3009; x_wconf 86' lang='lat' dir='ltr'><strong>conscripta</strong></span> <span class='ocrx_word' id='word_1_354' title='bbox 1501 2937 1523 2969; x_wconf 80' lang='grc'><strong>⁹</strong></span> <span class='ocrx_word' id='word_1_355' title='bbox 1550 2953 1666 2993; x_wconf 89' lang='lat' dir='ltr'><strong>ser-</strong></span> 
     </span>
    </p>
   </div>
   <div class='ocr_carea' id='block_1_30' title="bbox 1358 3015 2186 3111">
    <p class='ocr_par' dir='ltr' id='par_1_30' title="bbox 1358 3015 2186 3111">
     <span class='ocr_line' id='line_1_30' title="bbox 1358 3015 2186 3111; baseline 0 -2"><span class='ocrx_word' id='word_1_356' title='bbox 1358 3015 1748 3109; x_wconf 77' lang='lat' dir='ltr'><strong>VARIANTES</strong></span> <span class='ocrx_word' id='word_1_357' title='bbox 1786 3051 2186 3111; x_wconf 84' lang='lat' dir='ltr'><strong>LECTIONES.</strong></span> 
     </span>
    </p>
   </div>
   <div class='ocr_carea' id='block_1_31' title="bbox 165 3231 3356 3305">
    <p class='ocr_par' dir='ltr' id='par_1_31' title="bbox 165 3231 3356 3305">
     <span class='ocr_line' id='line_1_31' title="bbox 165 3231 3356 3305; baseline -0.001 -18"><span class='ocrx_word' id='word_1_358' title='bbox 165 3232 247 3287; x_wconf 80' lang='lat' dir='ltr'><strong>&#39;c.</strong></span> <span class='ocrx_word' id='word_1_359' title='bbox 272 3245 444 3303; x_wconf 89' lang='lat' dir='ltr'><strong>neque</strong></span> <span class='ocrx_word' id='word_1_360' title='bbox 461 3232 516 3287; x_wconf 95' lang='lat'><strong>2.</strong></span> <span class='ocrx_word' id='word_1_361' title='bbox 593 3237 615 3266; x_wconf 80' lang='grc'>¹</span> <span class='ocrx_word' id='word_1_362' title='bbox 636 3237 1080 3294; x_wconf 87' lang='lat' dir='ltr'><strong>senodochiorum</strong></span> <span class='ocrx_word' id='word_1_363' title='bbox 1101 3238 1156 3291; x_wconf 93' lang='lat'><strong>2.</strong></span> <span class='ocrx_word' id='word_1_364' title='bbox 1231 3236 1366 3291; x_wconf 76' lang='lat' dir='ltr'><strong>‘ltoe</strong></span> <span class='ocrx_word' id='word_1_365' title='bbox 1391 3244 1546 3305; x_wconf 81' lang='lat' dir='ltr'><strong>caput</strong></span> <span class='ocrx_word' id='word_1_366' title='bbox 1571 3233 1718 3305; x_wconf 72' lang='lat' dir='ltr'><strong>deest</strong></span> <span class='ocrx_word' id='word_1_367' title='bbox 1735 3234 1791 3305; x_wconf 71' lang='lat' dir='ltr'><strong>in</strong></span> <span class='ocrx_word' id='word_1_368' title='bbox 1817 3232 1935 3286; x_wconf 83' lang='lat' dir='ltr'><strong>cod.</strong></span> <span class='ocrx_word' id='word_1_369' title='bbox 1959 3233 2006 3305; x_wconf 12' lang='lat' dir='ltr'><strong>l7.</strong></span> <span class='ocrx_word' id='word_1_370' title='bbox 2036 3233 2256 3305; x_wconf 79' lang='lat' dir='ltr'><strong>habetur</strong></span> <span class='ocrx_word' id='word_1_371' title='bbox 2278 3241 2326 3287; x_wconf 89' lang='lat' dir='ltr'><strong>et</strong></span> <span class='ocrx_word' id='word_1_372' title='bbox 2351 3233 2408 3287; x_wconf 83' lang='lat' dir='ltr'><strong>in</strong></span> <span class='ocrx_word' id='word_1_373' title='bbox 2430 3233 2584 3288; x_wconf 82' lang='lat' dir='ltr'><strong>codd.</strong></span> <span class='ocrx_word' id='word_1_374' title='bbox 2609 3231 2927 3305; x_wconf 13' lang='lat' dir='ltr'><strong>Florentino,</strong></span> <span class='ocrx_word' id='word_1_375' title='bbox 2941 3242 2988 3287; x_wconf 88' lang='lat' dir='ltr'><strong>et</strong></span> <span class='ocrx_word' id='word_1_376' title='bbox 3014 3231 3356 3305; x_wconf 57' lang='lat' dir='ltr'><strong>Laudiceni.</strong></span> 
     </span>
    </p>
   </div>
   <div class='ocr_carea' id='block_1_32' title="bbox 111 3299 3360 3374">
    <p class='ocr_par' dir='ltr' id='par_1_32' title="bbox 111 3299 3360 3374">
     <span class='ocr_line' id='line_1_32' title="bbox 111 3299 3360 3374; baseline -0.003 -8"><span class='ocrx_word' id='word_1_377' title='bbox 111 3299 130 3332; x_wconf 73' lang='lat'><strong>&quot;</strong></span> <span class='ocrx_word' id='word_1_378' title='bbox 159 3310 242 3374; x_wconf 63' lang='grc' dir='ltr'><strong>θυι</strong></span> <span class='ocrx_word' id='word_1_379' title='bbox 276 3299 564 3366; x_wconf 45' lang='lat' dir='ltr'><strong>sec—undam</strong></span> <span class='ocrx_word' id='word_1_380' title='bbox 608 3308 692 3363; x_wconf 85' lang='lat' dir='ltr'><strong>vel</strong></span> <span class='ocrx_word' id='word_1_381' title='bbox 716 3311 928 3366; x_wconf 88' lang='lat' dir='ltr'><strong>tertiam</strong></span> <span class='ocrx_word' id='word_1_382' title='bbox 951 3307 1042 3360; x_wconf 85' lang='lat' dir='ltr'><strong>Fl.</strong></span> <span class='ocrx_word' id='word_1_383' title='bbox 1117 3309 1139 3340; x_wconf 84' lang='grc'><strong><em>⁸</em></strong></span> <span class='ocrx_word' id='word_1_384' title='bbox 1168 3299 1510 3362; x_wconf 72' lang='grc' dir='ltr'><strong>εεηοόοοιιῖἰε</strong></span> <span class='ocrx_word' id='word_1_385' title='bbox 1542 3305 1593 3358; x_wconf 93' lang='grc'><strong>1.</strong></span> <span class='ocrx_word' id='word_1_386' title='bbox 1702 3304 1723 3334; x_wconf 81' lang='grc'><strong>⁸</strong></span> <span class='ocrx_word' id='word_1_387' title='bbox 1745 3304 1799 3358; x_wconf 91' lang='lat' dir='ltr'><strong>d.</strong></span> <span class='ocrx_word' id='word_1_388' title='bbox 1828 3312 1883 3358; x_wconf 93' lang='lat' dir='ltr'><strong>et</strong></span> <span class='ocrx_word' id='word_1_389' title='bbox 1911 3304 2107 3374; x_wconf 79' lang='lat' dir='ltr'><strong>adhuc</strong></span> <span class='ocrx_word' id='word_1_390' title='bbox 2135 3304 2189 3358; x_wconf 91' lang='lat' dir='ltr'><strong>in</strong></span> <span class='ocrx_word' id='word_1_391' title='bbox 2217 3305 2444 3374; x_wconf 91' lang='lat' dir='ltr'><strong>pristino</strong></span> <span class='ocrx_word' id='word_1_392' title='bbox 2493 3313 2638 3360; x_wconf 88' lang='lat' dir='ltr'><strong>statu</strong></span> <span class='ocrx_word' id='word_1_393' title='bbox 2674 3304 3037 3374; x_wconf 86' lang='lat' dir='ltr'><strong>manentibus,</strong></span> <span class='ocrx_word' id='word_1_394' title='bbox 3080 3302 3360 3374; x_wconf 78' lang='lat' dir='ltr'><strong>testatnris</strong></span> 
     </span>
    </p>
   </div>
   <div class='ocr_carea' id='block_1_33' title="bbox 106 3371 3361 3447">
    <p class='ocr_par' dir='ltr' id='par_1_33' title="bbox 106 3371 3361 3447">
     <span class='ocr_line' id='line_1_33' title="bbox 106 3371 3361 3447; baseline -0.003 -12"><span class='ocrx_word' id='word_1_395' title='bbox 106 3373 298 3447; x_wconf 50' lang='lat' dir='ltr'><strong>omnino</strong></span> <span class='ocrx_word' id='word_1_396' title='bbox 323 3375 629 3447; x_wconf 73' lang='lat' dir='ltr'><strong>conscripta</strong></span> <span class='ocrx_word' id='word_1_397' title='bbox 650 3389 946 3434; x_wconf 89' lang='lat' dir='ltr'><strong>serventur.</strong></span> <span class='ocrx_word' id='word_1_398' title='bbox 976 3378 1032 3432; x_wconf 89' lang='lat' dir='ltr'><strong>ln</strong></span> <span class='ocrx_word' id='word_1_399' title='bbox 1056 3377 1109 3432; x_wconf 91' lang='lat'><strong>2.</strong></span> <span class='ocrx_word' id='word_1_400' title='bbox 1185 3379 1206 3410; x_wconf 84' lang='lat'><strong>&#39;</strong></span> <span class='ocrx_word' id='word_1_401' title='bbox 1237 3378 1376 3432; x_wconf 76' lang='lat' dir='ltr'><strong>deest</strong></span> <span class='ocrx_word' id='word_1_402' title='bbox 1403 3377 1456 3430; x_wconf 77' lang='lat' dir='ltr'><strong>in</strong></span> <span class='ocrx_word' id='word_1_403' title='bbox 1490 3377 1539 3429; x_wconf 83' lang='lat' dir='ltr'><strong>l.</strong></span> <span class='ocrx_word' id='word_1_404' title='bbox 1616 3375 1638 3406; x_wconf 84' lang='grc'>⁸</span> <span class='ocrx_word' id='word_1_405' title='bbox 1665 3374 1717 3447; x_wconf 87' lang='lat' dir='ltr'><strong>in</strong></span> <span class='ocrx_word' id='word_1_406' title='bbox 1743 3389 1827 3443; x_wconf 91' lang='lat' dir='ltr'><strong>pr.</strong></span> <span class='ocrx_word' id='word_1_407' title='bbox 1851 3384 1925 3447; x_wconf 81' lang='lat' dir='ltr'><strong>st.</strong></span> <span class='ocrx_word' id='word_1_408' title='bbox 1956 3390 2029 3447; x_wconf 69' lang='grc' dir='ltr'><strong>πῃ.</strong></span> <span class='ocrx_word' id='word_1_409' title='bbox 2072 3371 2351 3447; x_wconf 56' lang='lat' dir='ltr'><strong>desunt].</strong></span> <span class='ocrx_word' id='word_1_410' title='bbox 2415 3375 2450 3447; x_wconf 33' lang='lat' dir='ltr'><strong>A’</strong></span> <span class='ocrx_word' id='word_1_411' title='bbox 2476 3374 2788 3447; x_wconf 74' lang='lat' dir='ltr'><strong>conscripta</strong></span> <span class='ocrx_word' id='word_1_412' title='bbox 2807 3374 2859 3428; x_wconf 93' lang='grc'><strong>1.</strong></span> <span class='ocrx_word' id='word_1_413' title='bbox 2914 3373 2982 3447; x_wconf 63' lang='grc' dir='ltr'><strong>Δξ’</strong></span> <span class='ocrx_word' id='word_1_414' title='bbox 3009 3371 3361 3447; x_wconf 26' lang='lat' dir='ltr'><strong>iuxtaAratio-</strong></span> 
     </span>
    </p>
   </div>
   <div class='ocr_carea' id='block_1_34' title="bbox 107 3442 3353 3515">
    <p class='ocr_par' dir='ltr' id='par_1_34' title="bbox 107 3442 3353 3515">
     <span class='ocr_line' id='line_1_34' title="bbox 107 3442 3353 3515; baseline -0 -17"><span class='ocrx_word' id='word_1_415' title='bbox 107 3456 208 3515; x_wconf 76' lang='lat' dir='ltr'><strong>nem</strong></span> <span class='ocrx_word' id='word_1_416' title='bbox 224 3442 625 3515; x_wconf 67' lang='lat' dir='ltr'><strong>dispositionem</strong></span> <span class='ocrx_word' id='word_1_417' title='bbox 655 3448 718 3502; x_wconf 74' lang='lat' dir='ltr'><strong>l.’</strong></span> <span class='ocrx_word' id='word_1_418' title='bbox 788 3451 826 3482; x_wconf 82' lang='lat'>“</span> <span class='ocrx_word' id='word_1_419' title='bbox 853 3449 1241 3504; x_wconf 86' lang='lat' dir='ltr'><strong>rationabiliter</strong></span> <span class='ocrx_word' id='word_1_420' title='bbox 1258 3447 1312 3502; x_wconf 90' lang='lat'><strong>2.</strong></span> <span class='ocrx_word' id='word_1_421' title='bbox 1392 3448 1434 3478; x_wconf 78' lang='grc'><strong>⁸²</strong></span> <span class='ocrx_word' id='word_1_422' title='bbox 1455 3442 1814 3515; x_wconf 82' lang='lat' dir='ltr'><strong>superscripta</strong></span> <span class='ocrx_word' id='word_1_423' title='bbox 1841 3445 1896 3499; x_wconf 91' lang='lat'><strong>2.</strong></span> <span class='ocrx_word' id='word_1_424' title='bbox 1977 3445 2021 3476; x_wconf 86' lang='grc'><strong>¹³</strong></span> <span class='ocrx_word' id='word_1_425' title='bbox 2044 3444 2384 3515; x_wconf 78' lang='lat' dir='ltr'><strong>grauitudine</strong></span> <span class='ocrx_word' id='word_1_426' title='bbox 2407 3443 2461 3500; x_wconf 91' lang='lat'><strong>2.</strong></span> <span class='ocrx_word' id='word_1_427' title='bbox 2541 3445 2585 3477; x_wconf 73' lang='lat'>&quot;</span> <span class='ocrx_word' id='word_1_428' title='bbox 2607 3442 2732 3501; x_wconf 83' lang='lat' dir='ltr'><strong>cum</strong></span> <span class='ocrx_word' id='word_1_429' title='bbox 2759 3443 2813 3497; x_wconf 87' lang='lat'><strong>2.</strong></span> <span class='ocrx_word' id='word_1_430' title='bbox 2910 3444 2954 3476; x_wconf 82' lang='lat'><strong>&quot;</strong></span> <span class='ocrx_word' id='word_1_431' title='bbox 2987 3442 3353 3500; x_wconf 85' lang='lat' dir='ltr'><strong>oboedientia.</strong></span> 
     </span>
    </p>
   </div>
   <div class='ocr_carea' id='block_1_35' title="bbox 111 3512 2815 3591">
    <p class='ocr_par' dir='ltr' id='par_1_35' title="bbox 111 3512 2815 3591">
     <span class='ocr_line' id='line_1_35' title="bbox 111 3512 2815 3591; baseline 0 -23"><span class='ocrx_word' id='word_1_432' title='bbox 111 3512 152 3564; x_wconf 84' lang='grc'><strong>1.</strong></span> <span class='ocrx_word' id='word_1_433' title='bbox 219 3513 258 3545; x_wconf 81' lang='grc'><strong>⁸⁸</strong></span> <span class='ocrx_word' id='word_1_434' title='bbox 277 3512 416 3572; x_wconf 70' lang='lat' dir='ltr'><strong>decu</strong></span> <span class='ocrx_word' id='word_1_435' title='bbox 436 3519 491 3575; x_wconf 86' lang='lat'><strong>2.</strong></span> <span class='ocrx_word' id='word_1_436' title='bbox 570 3518 610 3553; x_wconf 80' lang='lat'><strong>&quot;</strong></span> <span class='ocrx_word' id='word_1_437' title='bbox 633 3519 691 3575; x_wconf 89' lang='lat' dir='ltr'><strong>Si</strong></span> <span class='ocrx_word' id='word_1_438' title='bbox 719 3536 773 3591; x_wconf 90' lang='lat' dir='ltr'><strong>q.</strong></span> <span class='ocrx_word' id='word_1_439' title='bbox 800 3535 866 3576; x_wconf 78' lang='lat' dir='ltr'><strong>ex</strong></span> <span class='ocrx_word' id='word_1_440' title='bbox 896 3521 1216 3575; x_wconf 85' lang='lat' dir='ltr'><strong>necessitate</strong></span> <span class='ocrx_word' id='word_1_441' title='bbox 1241 3512 1535 3574; x_wconf 40' lang='lat' dir='ltr'><strong>ecclesias.—</strong></span> <span class='ocrx_word' id='word_1_442' title='bbox 1558 3517 1612 3570; x_wconf 87' lang='grc'><strong>1.</strong></span> <span class='ocrx_word' id='word_1_443' title='bbox 1685 3512 1740 3547; x_wconf 28' lang='grc' dir='ltr'><strong>¹⁸ί</strong></span> <span class='ocrx_word' id='word_1_444' title='bbox 1765 3512 2105 3585; x_wconf 75' lang='lat' dir='ltr'><strong>promulgata</strong></span> <span class='ocrx_word' id='word_1_445' title='bbox 2141 3516 2197 3568; x_wconf 90' lang='lat'><strong>2.</strong></span> <span class='ocrx_word' id='word_1_446' title='bbox 2338 3512 2343 3515; x_wconf 69' lang='grc'><strong>⁷</strong></span> <span class='ocrx_word' id='word_1_447' title='bbox 2813 3533 2815 3536; x_wconf 46' lang='grc'><em>⁴</em></span> 
     </span>
    </p>
   </div>
   <div class='ocr_carea' id='block_1_36' title="bbox 1605 3629 1837 3688">
    <p class='ocr_par' dir='ltr' id='par_1_36' title="bbox 1605 3629 1837 3688">
     <span class='ocr_line' id='line_1_36' title="bbox 1605 3629 1837 3688; baseline -0.013 -2"><span class='ocrx_word' id='word_1_448' title='bbox 1605 3629 1837 3688; x_wconf 69' lang='grc' dir='ltr'><strong>ΝΟΤιΕ.</strong></span> 
     </span>
    </p>
   </div>
   <div class='ocr_carea' id='block_1_37' title="bbox 165 3741 2428 3822">
    <p class='ocr_par' dir='ltr' id='par_1_37' title="bbox 165 3741 2428 3822">
     <span class='ocr_line' id='line_1_37' title="bbox 165 3741 2428 3822; baseline 0 -23"><span class='ocrx_word' id='word_1_449' title='bbox 165 3753 186 3781; x_wconf 74' lang='grc' dir='ltr'>α</span> <span class='ocrx_word' id='word_1_450' title='bbox 215 3741 292 3798; x_wconf 83' lang='lat' dir='ltr'><strong>Cf.</strong></span> <span class='ocrx_word' id='word_1_451' title='bbox 321 3748 758 3809; x_wconf 87' lang='lat' dir='ltr'><strong>constitutionem</strong></span> <span class='ocrx_word' id='word_1_452' title='bbox 783 3751 1145 3808; x_wconf 88' lang='lat' dir='ltr'><strong>Olonnensem</strong></span> <span class='ocrx_word' id='word_1_453' title='bbox 1172 3767 1223 3805; x_wconf 89' lang='lat' dir='ltr'><strong>a.</strong></span> <span class='ocrx_word' id='word_1_454' title='bbox 1269 3749 1394 3815; x_wconf 71' lang='lat'><strong>825,</strong></span> <span class='ocrx_word' id='word_1_455' title='bbox 1435 3765 1554 3822; x_wconf 85' lang='lat' dir='ltr'><strong>cap.</strong></span> <span class='ocrx_word' id='word_1_456' title='bbox 1593 3749 1648 3816; x_wconf 82' lang='lat'><strong>5,</strong></span> <span class='ocrx_word' id='word_1_457' title='bbox 1681 3747 1728 3812; x_wconf 88' lang='lat' dir='ltr'><strong><em>C</em></strong></span> <span class='ocrx_word' id='word_1_458' title='bbox 1827 3746 1856 3786; x_wconf 74' lang='grc' dir='ltr'>δ</span> <span class='ocrx_word' id='word_1_459' title='bbox 1883 3745 1968 3822; x_wconf 64' lang='grc' dir='ltr'><strong>(ξς.</strong></span> <span class='ocrx_word' id='word_1_460' title='bbox 1992 3749 2260 3822; x_wconf 73' lang='lat' dir='ltr'><strong>eamdem,</strong></span> <span class='ocrx_word' id='word_1_461' title='bbox 2285 3764 2334 3804; x_wconf 92' lang='lat' dir='ltr'><strong>c.</strong></span> <span class='ocrx_word' id='word_1_462' title='bbox 2375 3748 2428 3802; x_wconf 88' lang='lat'><strong>7.</strong></span> 
     </span>
    </p>
   </div>
   <div class='ocr_carea' id='block_1_38' title="bbox 107 3807 2605 3890">
    <p class='ocr_par' dir='ltr' id='par_1_38' title="bbox 107 3807 2605 3890">
     <span class='ocr_line' id='line_1_38' title="bbox 107 3807 2605 3890; baseline 0.002 -23"><span class='ocrx_word' id='word_1_463' title='bbox 107 3807 151 3873; x_wconf 83' lang='lat'><strong>6,</strong></span> <span class='ocrx_word' id='word_1_464' title='bbox 171 3828 336 3885; x_wconf 86' lang='lat' dir='ltr'><strong>supra.</strong></span> <span class='ocrx_word' id='word_1_465' title='bbox 612 3807 622 3809; x_wconf 13' lang='grc' dir='ltr'>ἡ</span> <span class='ocrx_word' id='word_1_466' title='bbox 802 3807 809 3808; x_wconf 22' lang='grc' dir='ltr'>ί</span> <span class='ocrx_word' id='word_1_467' title='bbox 1382 3807 1393 3815; x_wconf 81' lang='grc'><strong>’</strong></span> <span class='ocrx_word' id='word_1_468' title='bbox 1501 3807 1518 3822; x_wconf 86' lang='grc'><em>’</em></span> <span class='ocrx_word' id='word_1_469' title='bbox 1635 3807 1646 3816; x_wconf 83' lang='grc'><strong>’</strong></span> <span class='ocrx_word' id='word_1_470' title='bbox 1693 3807 1726 3812; x_wconf 38' lang='grc' dir='ltr'>ν</span> <span class='ocrx_word' id='word_1_471' title='bbox 1835 3831 1856 3860; x_wconf 76' lang='grc' dir='ltr'><strong>ε</strong></span> <span class='ocrx_word' id='word_1_472' title='bbox 1883 3819 1965 3874; x_wconf 80' lang='lat' dir='ltr'><strong>Cf.</strong></span> <span class='ocrx_word' id='word_1_473' title='bbox 1993 3807 2259 3889; x_wconf 72' lang='lat' dir='ltr'><strong>eamdem,</strong></span> <span class='ocrx_word' id='word_1_474' title='bbox 2295 3835 2415 3890; x_wconf 88' lang='lat' dir='ltr'><strong>cap.</strong></span> <span class='ocrx_word' id='word_1_475' title='bbox 2453 3817 2507 3883; x_wconf 88' lang='lat'><strong>2,</strong></span> <span class='ocrx_word' id='word_1_476' title='bbox 2549 3818 2605 3874; x_wconf 77' lang='lat'><strong>3.</strong></span> 
     </span>
    </p>
   </div>
   <div class='ocr_carea' id='block_1_39' title="bbox 120 3976 3337 4009">
    <p class='ocr_par' dir='ltr' id='par_1_39' title="bbox 120 3976 3337 4009">
     <span class='ocr_line' id='line_1_39' title="bbox 120 3976 3337 4009; baseline 0 -7"><span class='ocrx_word' id='word_1_477' title='bbox 120 3976 3337 4009; x_wconf 47' lang='grc' dir='ltr'><em>Μ</em></span> 
     </span>
    </p>
   </div>
   <div class='ocr_carea' id='block_1_40' title="bbox 1079 4053 2348 4158">
    <p class='ocr_par' dir='ltr' id='par_1_40' title="bbox 1079 4053 2348 4158">
     <span class='ocr_line' id='line_1_40' title="bbox 1079 4053 2348 4158; baseline -0.002 -20"><span class='ocrx_word' id='word_1_478' title='bbox 1079 4076 1377 4140; x_wconf 67' lang='lat' dir='ltr'><strong>nmmo</strong></span> <span class='ocrx_word' id='word_1_479' title='bbox 1409 4078 1712 4140; x_wconf 78' lang='lat' dir='ltr'><strong>IMPBRII</strong></span> <span class='ocrx_word' id='word_1_480' title='bbox 1755 4076 1900 4158; x_wconf 86' lang='lat' dir='ltr'><strong>(An.</strong></span> <span class='ocrx_word' id='word_1_481' title='bbox 1934 4053 2078 4153; x_wconf 71' lang='lat' dir='ltr'><strong>&#39;sao,</strong></span> <span class='ocrx_word' id='word_1_482' title='bbox 2133 4074 2348 4156; x_wconf 58' lang='lat' dir='ltr'><strong>Non).</strong></span> 
     </span>
    </p>
   </div>
   <div class='ocr_carea' id='block_1_41' title="bbox 165 4253 3350 4380">
    <p class='ocr_par' dir='ltr' id='par_1_41' title="bbox 165 4253 3350 4380">
     <span class='ocr_line' id='line_1_41' title="bbox 165 4253 3345 4331; baseline -0.002 -15"><span class='ocrx_word' id='word_1_483' title='bbox 165 4261 397 4322; x_wconf 85' lang='lat' dir='ltr'><strong>Chartam</strong></span> <span class='ocrx_word' id='word_1_484' title='bbox 439 4265 603 4322; x_wconf 91' lang='lat' dir='ltr'><strong>huius</strong></span> <span class='ocrx_word' id='word_1_485' title='bbox 639 4264 920 4322; x_wconf 89' lang='lat' dir='ltr'><strong>divisionis</strong></span> <span class='ocrx_word' id='word_1_486' title='bbox 944 4281 976 4321; x_wconf 90' lang='lat' dir='ltr'><strong>a</strong></span> <span class='ocrx_word' id='word_1_487' title='bbox 1018 4265 1230 4321; x_wconf 76' lang='lat' dir='ltr'><strong>Pithreo</strong></span> <span class='ocrx_word' id='word_1_488' title='bbox 1259 4265 1313 4320; x_wconf 91' lang='lat' dir='ltr'><strong>in</strong></span> <span class='ocrx_word' id='word_1_489' title='bbox 1343 4263 1442 4320; x_wconf 91' lang='lat' dir='ltr'><strong>SS.</strong></span> <span class='ocrx_word' id='word_1_490' title='bbox 1472 4263 1808 4319; x_wconf 82' lang='lat' dir='ltr'><strong>Francorum</strong></span> <span class='ocrx_word' id='word_1_491' title='bbox 1832 4275 1942 4324; x_wconf 70' lang='grc' dir='ltr'>χιι,</span> <span class='ocrx_word' id='word_1_492' title='bbox 1977 4274 2100 4331; x_wconf 87' lang='lat' dir='ltr'><strong>pag.</strong></span> <span class='ocrx_word' id='word_1_493' title='bbox 2130 4256 2374 4314; x_wconf 72' lang='lat'><strong>350-336</strong></span> <span class='ocrx_word' id='word_1_494' title='bbox 2396 4271 2465 4311; x_wconf 81' lang='lat' dir='ltr'><strong>ex</strong></span> <span class='ocrx_word' id='word_1_495' title='bbox 2511 4274 2531 4308; x_wconf 72' lang='grc' dir='ltr'>ι</span> <span class='ocrx_word' id='word_1_496' title='bbox 2567 4254 2938 4326; x_wconf 78' lang='lat' dir='ltr'><strong>vetustissima</strong></span> <span class='ocrx_word' id='word_1_497' title='bbox 2969 4253 3288 4310; x_wconf 76' lang='lat' dir='ltr'><strong>membrana</strong></span> <span class='ocrx_word' id='word_1_498' title='bbox 3325 4275 3345 4310; x_wconf 71' lang='grc' dir='ltr'><strong>ι</strong></span> 
     </span>
     <span class='ocr_line' id='line_1_42' title="bbox 168 4323 3350 4380; baseline 0 0"><span class='ocrx_word' id='word_1_499' title='bbox 168 4331 363 4380; x_wconf 65' lang='lat' dir='ltr'><strong>lentam-</strong></span> <span class='ocrx_word' id='word_1_500' title='bbox 400 4337 648 4380; x_wconf 72' lang='lat' dir='ltr'><strong>Cninline</strong></span> <span class='ocrx_word' id='word_1_501' title='bbox 675 4345 727 4380; x_wconf 75' lang='lat' dir='ltr'><strong>nl.</strong></span> <span class='ocrx_word' id='word_1_502' title='bbox 753 4335 949 4380; x_wconf 66' lang='lat' dir='ltr'><strong>Dimitte</strong></span> <span class='ocrx_word' id='word_1_503' title='bbox 976 4352 1118 4380; x_wconf 69' lang='lat' dir='ltr'><strong>arma</strong></span> <span class='ocrx_word' id='word_1_504' title='bbox 1151 4335 1274 4380; x_wconf 62' lang='lat'><strong>£35-</strong></span> <span class='ocrx_word' id='word_1_505' title='bbox 1315 4335 1605 4380; x_wconf 67' lang='lat' dir='ltr'><strong>ﬁnitimum:</strong></span> <span class='ocrx_word' id='word_1_506' title='bbox 1633 4341 1688 4380; x_wconf 74' lang='lat' dir='ltr'><strong>et</strong></span> <span class='ocrx_word' id='word_1_507' title='bbox 1713 4331 1965 4380; x_wconf 79' lang='lat' dir='ltr'><strong>Raluzius</strong></span> <span class='ocrx_word' id='word_1_508' title='bbox 1991 4329 2152 4380; x_wconf 83' lang='lat' dir='ltr'><strong>annis</strong></span> <span class='ocrx_word' id='word_1_509' title='bbox 2174 4327 2279 4380; x_wconf 80' lang='grc'><strong>857</strong></span> <span class='ocrx_word' id='word_1_510' title='bbox 2313 4335 2369 4380; x_wconf 93' lang='lat' dir='ltr'><strong>et</strong></span> <span class='ocrx_word' id='word_1_511' title='bbox 2395 4328 2500 4380; x_wconf 76' lang='grc'><strong>858</strong></span> <span class='ocrx_word' id='word_1_512' title='bbox 2542 4327 2931 4380; x_wconf 78' lang='lat' dir='ltr'><strong>ascripserunt.</strong></span> <span class='ocrx_word' id='word_1_513' title='bbox 2969 4323 3078 4380; x_wconf 89' lang='lat' dir='ltr'><strong>Sed</strong></span> <span class='ocrx_word' id='word_1_514' title='bbox 3101 4323 3350 4380; x_wconf 86' lang='lat' dir='ltr'><strong>Goldasti</strong></span> 
     </span>
    </p>
   </div>
   <div class='ocr_carea' id='block_1_42' title="bbox 113 4327 3352 4478">
    <p class='ocr_par' dir='ltr' id='par_1_42' title="bbox 113 4327 3352 4478">
     <span class='ocr_line' id='line_1_43' title="bbox 113 4327 3352 4410; baseline -0.001 -24"><span class='ocrx_word' id='word_1_515' title='bbox 113 4331 364 4403; x_wconf 79' lang='lat' dir='ltr'><strong>vulgatam,</strong></span> <span class='ocrx_word' id='word_1_516' title='bbox 400 4337 648 4394; x_wconf 86' lang='lat' dir='ltr'><strong>Cointius</strong></span> <span class='ocrx_word' id='word_1_517' title='bbox 675 4345 728 4392; x_wconf 90' lang='lat' dir='ltr'><strong>et</strong></span> <span class='ocrx_word' id='word_1_518' title='bbox 753 4335 949 4408; x_wconf 83' lang='lat' dir='ltr'><strong>Pagius</strong></span> <span class='ocrx_word' id='word_1_519' title='bbox 976 4352 1118 4392; x_wconf 89' lang='lat' dir='ltr'><strong>anno</strong></span> <span class='ocrx_word' id='word_1_520' title='bbox 1151 4335 1276 4400; x_wconf 75' lang='lat'><strong>835,</strong></span> <span class='ocrx_word' id='word_1_521' title='bbox 1315 4335 1605 4392; x_wconf 86' lang='lat' dir='ltr'><strong>Goldastus</strong></span> <span class='ocrx_word' id='word_1_522' title='bbox 1628 4341 1688 4404; x_wconf 89' lang='lat' dir='ltr'><strong>et</strong></span> <span class='ocrx_word' id='word_1_523' title='bbox 1713 4327 2152 4406; x_wconf 57' lang='lat' dir='ltr'><strong>Baluzius&#39;an&#39;nis</strong></span> <span class='ocrx_word' id='word_1_524' title='bbox 2174 4327 2279 4385; x_wconf 81' lang='grc'><strong>857</strong></span> <span class='ocrx_word' id='word_1_525' title='bbox 2313 4328 2500 4410; x_wconf 60' lang='grc' dir='ltr'><strong>ςιβᾷε</strong></span> <span class='ocrx_word' id='word_1_526' title='bbox 2542 4327 2931 4396; x_wconf 85' lang='lat' dir='ltr'><strong>ascripserunt.</strong></span> <span class='ocrx_word' id='word_1_527' title='bbox 2969 4327 3078 4380; x_wconf 88' lang='lat' dir='ltr'><strong>Sed</strong></span> <span class='ocrx_word' id='word_1_528' title='bbox 3101 4327 3352 4382; x_wconf 86' lang='lat' dir='ltr'><strong>Goldasti</strong></span> 
     </span>
     <span class='ocr_line' id='line_1_44' title="bbox 113 4396 3350 4478; baseline -0.002 -18"><span class='ocrx_word' id='word_1_529' title='bbox 113 4400 379 4478; x_wconf 63' lang='lat' dir='ltr'><strong>Baluziiqne</strong></span> <span class='ocrx_word' id='word_1_530' title='bbox 407 4408 676 4464; x_wconf 85' lang='lat' dir='ltr'><strong>sententia</strong></span> <span class='ocrx_word' id='word_1_531' title='bbox 699 4416 898 4478; x_wconf 62' lang='lat' dir='ltr'><strong>praster</strong></span> <span class='ocrx_word' id='word_1_532' title='bbox 919 4408 1053 4478; x_wconf 79' lang='lat' dir='ltr'><strong>alias</strong></span> <span class='ocrx_word' id='word_1_533' title='bbox 1082 4409 1319 4463; x_wconf 90' lang='lat' dir='ltr'><strong>rationes</strong></span> <span class='ocrx_word' id='word_1_534' title='bbox 1359 4421 1424 4462; x_wconf 90' lang='lat' dir='ltr'><strong>eo</strong></span> <span class='ocrx_word' id='word_1_535' title='bbox 1461 4406 1698 4478; x_wconf 74' lang='lat' dir='ltr'><strong>minime</strong></span> <span class='ocrx_word' id='word_1_536' title='bbox 1723 4409 1867 4478; x_wconf 74' lang='lat' dir='ltr'><strong>stare</strong></span> <span class='ocrx_word' id='word_1_537' title='bbox 1890 4409 2090 4478; x_wconf 83' lang='lat' dir='ltr'><strong>potest,</strong></span> <span class='ocrx_word' id='word_1_538' title='bbox 2125 4398 2268 4470; x_wconf 90' lang='lat' dir='ltr'><strong>quod</strong></span> <span class='ocrx_word' id='word_1_539' title='bbox 2292 4399 2898 4478; x_wconf 48' lang='lat' dir='ltr'><strong>dnvnsnonggnannorum</strong></span> <span class='ocrx_word' id='word_1_540' title='bbox 2926 4396 3032 4478; x_wconf 79' lang='lat'><strong>83_7</strong></span> <span class='ocrx_word' id='word_1_541' title='bbox 3065 4397 3247 4478; x_wconf 56' lang='lat' dir='ltr'><strong>et_838</strong></span> <span class='ocrx_word' id='word_1_542' title='bbox 3273 4399 3350 4478; x_wconf 76' lang='lat' dir='ltr'><strong>ab</strong></span> 
     </span>
    </p>
   </div>
   <div class='ocr_carea' id='block_1_43' title="bbox 115 4466 3353 4550">
    <p class='ocr_par' dir='ltr' id='par_1_43' title="bbox 115 4466 3353 4550">
     <span class='ocr_line' id='line_1_45' title="bbox 115 4466 3353 4550; baseline -0.002 -22"><span class='ocrx_word' id='word_1_543' title='bbox 115 4471 194 4528; x_wconf 83' lang='lat' dir='ltr'><strong>hac</strong></span> <span class='ocrx_word' id='word_1_544' title='bbox 215 4466 352 4550; x_wconf 75' lang='lat' dir='ltr'><strong>valde</strong></span> <span class='ocrx_word' id='word_1_545' title='bbox 371 4479 598 4550; x_wconf 71' lang='lat' dir='ltr'><strong>diversa:</strong></span> <span class='ocrx_word' id='word_1_546' title='bbox 631 4480 684 4534; x_wconf 93' lang='lat' dir='ltr'><strong>in</strong></span> <span class='ocrx_word' id='word_1_547' title='bbox 699 4466 1004 4550; x_wconf 58' lang='lat' dir='ltr'><strong>&#39;annalibus</strong></span> <span class='ocrx_word' id='word_1_548' title='bbox 1030 4477 1306 4550; x_wconf 68' lang='lat' dir='ltr'><strong>Prudentii</strong></span> <span class='ocrx_word' id='word_1_549' title='bbox 1337 4486 1392 4532; x_wconf 91' lang='lat' dir='ltr'><strong>et</strong></span> <span class='ocrx_word' id='word_1_550' title='bbox 1427 4476 1568 4550; x_wconf 80' lang='lat' dir='ltr'><strong>apud</strong></span> <span class='ocrx_word' id='word_1_551' title='bbox 1593 4466 2234 4550; x_wconf 42' lang='lat' dir='ltr'><strong>Qithardumnleguntur;</strong></span> <span class='ocrx_word' id='word_1_552' title='bbox 2255 4477 2331 4550; x_wconf 90' lang='lat' dir='ltr'><strong>et</strong></span> <span class='ocrx_word' id='word_1_553' title='bbox 2355 4484 2498 4550; x_wconf 77' lang='lat' dir='ltr'><strong>anno</strong></span> <span class='ocrx_word' id='word_1_554' title='bbox 2521 4468 2625 4524; x_wconf 74' lang='lat'><strong>855</strong></span> <span class='ocrx_word' id='word_1_555' title='bbox 2654 4469 2718 4550; x_wconf 66' lang='lat' dir='ltr'><strong>in</strong></span> <span class='ocrx_word' id='word_1_556' title='bbox 2754 4475 3043 4550; x_wconf 62' lang='lat' dir='ltr'><strong>conventu.</strong></span> <span class='ocrx_word' id='word_1_557' title='bbox 3068 4466 3353 4550; x_wconf 24' lang='lat' dir='ltr'><strong>‘Stremia—</strong></span> 
     </span>
    </p>
   </div>
   <div class='ocr_carea' id='block_1_44' title="bbox 113 4537 3352 4626">
    <p class='ocr_par' dir='ltr' id='par_1_44' title="bbox 113 4537 3352 4626">
     <span class='ocr_line' id='line_1_46' title="bbox 113 4537 3352 4626; baseline -0.002 -26"><span class='ocrx_word' id='word_1_558' title='bbox 113 4545 229 4626; x_wconf 60' lang='lat' dir='ltr'><strong>censi</strong></span> <span class='ocrx_word' id='word_1_559' title='bbox 248 4545 450 4626; x_wconf 82' lang='lat' dir='ltr'><strong>imperii</strong></span> <span class='ocrx_word' id='word_1_560' title='bbox 476 4549 792 4612; x_wconf 84' lang='lat' dir='ltr'><strong>divisionem</strong></span> <span class='ocrx_word' id='word_1_561' title='bbox 816 4548 1012 4626; x_wconf 63' lang='lat' dir='ltr'><strong>factam</strong></span> <span class='ocrx_word' id='word_1_562' title='bbox 1038 4548 1203 4603; x_wconf 80' lang='lat' dir='ltr'><strong>fuisse</strong></span> <span class='ocrx_word' id='word_1_563' title='bbox 1230 4563 1390 4626; x_wconf 70' lang='lat' dir='ltr'><strong>nemo</strong></span> <span class='ocrx_word' id='word_1_564' title='bbox 1411 4537 1579 4626; x_wconf 53' lang='lat' dir='ltr'><strong>novit:</strong></span> <span class='ocrx_word' id='word_1_565' title='bbox 1605 4546 1766 4626; x_wconf 76' lang='lat' dir='ltr'><strong>certe</strong></span> <span class='ocrx_word' id='word_1_566' title='bbox 1790 4537 2113 4626; x_wconf 63' lang='lat' dir='ltr'><strong>ascribe&#39;nda</strong></span> <span class='ocrx_word' id='word_1_567' title='bbox 2136 4549 2219 4596; x_wconf 91' lang='lat' dir='ltr'><strong>est</strong></span> <span class='ocrx_word' id='word_1_568' title='bbox 2247 4540 2498 4626; x_wconf 65' lang='lat' dir='ltr'><strong>tempori,</strong></span> <span class='ocrx_word' id='word_1_569' title='bbox 2525 4555 2632 4610; x_wconf 90' lang='lat' dir='ltr'><strong>quo</strong></span> <span class='ocrx_word' id='word_1_570' title='bbox 2654 4537 3352 4626; x_wconf 26' lang='lat' dir='ltr'><strong>hudovicuskLo‘thariq‘in-</strong></span> 
     </span>
    </p>
   </div>
   <div class='ocr_carea' id='block_1_45' title="bbox 116 4606 3351 4693">
    <p class='ocr_par' dir='ltr' id='par_1_45' title="bbox 116 4606 3351 4693">
     <span class='ocr_line' id='line_1_47' title="bbox 116 4606 3351 4693; baseline -0.002 -22"><span class='ocrx_word' id='word_1_571' title='bbox 116 4610 271 4693; x_wconf 63' lang='lat' dir='ltr'><strong>festus,</strong></span> <span class='ocrx_word' id='word_1_572' title='bbox 295 4606 408 4693; x_wconf 58' lang='lat' dir='ltr'><strong>eius</strong></span> <span class='ocrx_word' id='word_1_573' title='bbox 429 4636 498 4693; x_wconf 87' lang='lat' dir='ltr'><strong>ne</strong></span> <span class='ocrx_word' id='word_1_574' title='bbox 521 4636 718 4676; x_wconf 71' lang='lat' dir='ltr'><strong>nomrn</strong></span> <span class='ocrx_word' id='word_1_575' title='bbox 745 4606 959 4693; x_wconf 80' lang='lat' dir='ltr'><strong>quidem</strong></span> <span class='ocrx_word' id='word_1_576' title='bbox 987 4629 1042 4674; x_wconf 90' lang='lat' dir='ltr'><strong>et</strong></span> <span class='ocrx_word' id='word_1_577' title='bbox 1073 4633 1221 4693; x_wconf 84' lang='lat' dir='ltr'><strong>spem</strong></span> <span class='ocrx_word' id='word_1_578' title='bbox 1250 4617 1444 4693; x_wconf 75' lang='lat' dir='ltr'><strong>futura:</strong></span> <span class='ocrx_word' id='word_1_579' title='bbox 1466 4619 1520 4672; x_wconf 94' lang='lat' dir='ltr'><strong>in</strong></span> <span class='ocrx_word' id='word_1_580' title='bbox 1548 4616 1745 4693; x_wconf 68' lang='lat' dir='ltr'><strong>fratres</strong></span> <span class='ocrx_word' id='word_1_581' title='bbox 1779 4614 2127 4693; x_wconf 73' lang='lat' dir='ltr'><strong>auctoritatis</strong></span> <span class='ocrx_word' id='word_1_582' title='bbox 2157 4606 2567 4693; x_wconf 67' lang='lat' dir='ltr'><strong>memor-audam</strong></span> <span class='ocrx_word' id='word_1_583' title='bbox 2588 4618 2826 4693; x_wconf 85' lang='lat' dir='ltr'><strong>putaret,</strong></span> <span class='ocrx_word' id='word_1_584' title='bbox 2859 4616 2916 4693; x_wconf 79' lang='lat' dir='ltr'><strong>et</strong></span> <span class='ocrx_word' id='word_1_585' title='bbox 2954 4616 3109 4693; x_wconf 77' lang='lat' dir='ltr'><strong>grato</strong></span> <span class='ocrx_word' id='word_1_586' title='bbox 3142 4607 3196 4693; x_wconf 80' lang='lat' dir='ltr'><strong>in</strong></span> <span class='ocrx_word' id='word_1_587' title='bbox 3221 4606 3351 4693; x_wconf 77' lang='lat' dir='ltr'><strong>Pip-</strong></span> 
     </span>
    </p>
   </div>
   <div class='ocr_carea' id='block_1_46' title="bbox 113 4680 3352 4762">
    <p class='ocr_par' dir='ltr' id='par_1_46' title="bbox 113 4680 3352 4762">
     <span class='ocr_line' id='line_1_48' title="bbox 113 4680 3352 4762; baseline -0.002 -26"><span class='ocrx_word' id='word_1_588' title='bbox 113 4680 266 4762; x_wconf 65' lang='lat' dir='ltr'><strong>pinum</strong></span> <span class='ocrx_word' id='word_1_589' title='bbox 295 4680 727 4762; x_wconf 64' lang='lat' dir='ltr'><strong>hudovlcumque</strong></span> <span class='ocrx_word' id='word_1_590' title='bbox 751 4680 1135 4762; x_wconf 68' lang='lat' dir='ltr'><strong>animo</strong></span> <span class='ocrx_word' id='word_1_591' title='bbox 1160 4690 1242 4745; x_wconf 90' lang='lat' dir='ltr'><strong>eis</strong></span> <span class='ocrx_word' id='word_1_592' title='bbox 1267 4689 1478 4762; x_wconf 82' lang='lat' dir='ltr'><strong>pridem</strong></span> <span class='ocrx_word' id='word_1_593' title='bbox 1513 4684 2179 4762; x_wconf 28' lang='lat' dir='ltr'><strong>attributa,‘_A__qu_itaniam</strong></span> <span class='ocrx_word' id='word_1_594' title='bbox 2212 4680 2644 4762; x_wconf 51' lang='lat' dir='ltr'><strong>Baioariamqne,</strong></span> <span class='ocrx_word' id='word_1_595' title='bbox 2685 4680 3024 4762; x_wconf 66' lang='lat' dir='ltr'><strong>extendenda</strong></span> <span class='ocrx_word' id='word_1_596' title='bbox 3062 4686 3352 4762; x_wconf 45' lang='lat' dir='ltr'><strong>statueret“.</strong></span> 
     </span>
    </p>
   </div>
   <div class='ocr_carea' id='block_1_47' title="bbox 114 4749 3352 4829">
    <p class='ocr_par' dir='ltr' id='par_1_47' title="bbox 114 4749 3352 4829">
     <span class='ocr_line' id='line_1_49' title="bbox 114 4749 3352 4829; baseline -0.002 -19"><span class='ocrx_word' id='word_1_597' title='bbox 114 4749 220 4810; x_wconf 84' lang='lat' dir='ltr'><strong>Cum</strong></span> <span class='ocrx_word' id='word_1_598' title='bbox 246 4759 398 4829; x_wconf 82' lang='lat' dir='ltr'><strong>igitur</strong></span> <span class='ocrx_word' id='word_1_599' title='bbox 426 4749 720 4816; x_wconf 81' lang='lat' dir='ltr'><strong>Nithardus</strong></span> <span class='ocrx_word' id='word_1_600' title='bbox 759 4761 897 4816; x_wconf 87' lang='lat' dir='ltr'><strong>libro</strong></span> <span class='ocrx_word' id='word_1_601' title='bbox 926 4749 1283 4816; x_wconf 72' lang='lat' dir='ltr'><strong>Historiarum</strong></span> <span class='ocrx_word' id='word_1_602' title='bbox 1308 4760 1484 4829; x_wconf 91' lang='lat' dir='ltr'><strong>primo</strong></span> <span class='ocrx_word' id='word_1_603' title='bbox 1512 4761 1651 4814; x_wconf 87' lang='lat' dir='ltr'><strong>hanc</strong></span> <span class='ocrx_word' id='word_1_604' title='bbox 1695 4749 1981 4829; x_wconf 46' lang='lat' dir='ltr'><strong>auxilii—ab</strong></span> <span class='ocrx_word' id='word_1_605' title='bbox 2001 4766 2244 4829; x_wconf 79' lang='lat' dir='ltr'><strong>utroque</strong></span> <span class='ocrx_word' id='word_1_606' title='bbox 2286 4749 2459 4807; x_wconf 63' lang='lat' dir='ltr'><strong>fratre</strong></span> <span class='ocrx_word' id='word_1_607' title='bbox 2486 4749 2674 4829; x_wconf 60' lang='lat' dir='ltr'><strong>contra</strong></span> <span class='ocrx_word' id='word_1_608' title='bbox 2704 4750 3024 4829; x_wconf 77' lang='lat' dir='ltr'><strong>Lotharium</strong></span> <span class='ocrx_word' id='word_1_609' title='bbox 3053 4764 3221 4829; x_wconf 42' lang='lat' dir='ltr'><strong>annon</strong></span> <span class='ocrx_word' id='word_1_610' title='bbox 3241 4749 3352 4804; x_wconf 78' lang='lat'><strong>830</strong></span> 
     </span>
    </p>
   </div>
   <div class='ocr_carea' id='block_1_48' title="bbox 115 4818 3350 4912">
    <p class='ocr_par' dir='ltr' id='par_1_48' title="bbox 115 4818 3350 4912">
     <span class='ocr_line' id='line_1_50' title="bbox 115 4818 3350 4912; baseline -0.003 -29"><span class='ocrx_word' id='word_1_611' title='bbox 115 4818 776 4912; x_wconf 42' lang='lat' dir='ltr'><strong>prastiii&#39;eonditionemab</strong></span> <span class='ocrx_word' id='word_1_612' title='bbox 803 4831 1125 4912; x_wconf 66' lang='lat' dir='ltr'><strong>imperatore</strong></span> <span class='ocrx_word' id='word_1_613' title='bbox 1155 4818 1431 4912; x_wconf 59' lang='lat' dir='ltr'><strong>impietate</strong></span> <span class='ocrx_word' id='word_1_614' title='bbox 1460 4831 1638 4912; x_wconf 40' lang='lat' dir='ltr'><strong>fuisse.</strong></span> <span class='ocrx_word' id='word_1_615' title='bbox 1651 4826 1873 4891; x_wconf 82' lang='lat' dir='ltr'><strong>referat,</strong></span> <span class='ocrx_word' id='word_1_616' title='bbox 1903 4826 2106 4912; x_wconf 76' lang='lat' dir='ltr'><strong>divisio</strong></span> <span class='ocrx_word' id='word_1_617' title='bbox 2213 4833 2483 4912; x_wconf 80' lang='lat' dir='ltr'><strong>conventu</strong></span> <span class='ocrx_word' id='word_1_618' title='bbox 2513 4818 3350 4912; x_wconf 44' lang='lat' dir='ltr'><strong>quiomggensimense“</strong></span> 
     </span>
    </p>
   </div>
   <div class='ocr_carea' id='block_1_49' title="bbox 117 4890 3350 5027">
    <p class='ocr_par' dir='ltr' id='par_1_49' title="bbox 117 4890 3350 5027">
     <span class='ocr_line' id='line_1_51' title="bbox 117 4890 3350 4972; baseline -0 -27"><span class='ocrx_word' id='word_1_619' title='bbox 117 4895 181 4947; x_wconf 81' lang='lat' dir='ltr'><strong>bri</strong></span> <span class='ocrx_word' id='word_1_620' title='bbox 201 4906 247 4951; x_wconf 85' lang='lat' dir='ltr'><strong>et</strong></span> <span class='ocrx_word' id='word_1_621' title='bbox 268 4898 549 4957; x_wconf 80' lang='lat' dir='ltr'><strong>Novembri</strong></span> <span class='ocrx_word' id='word_1_622' title='bbox 573 4891 776 4966; x_wconf 78' lang='lat' dir='ltr'><strong>habito,</strong></span> <span class='ocrx_word' id='word_1_623' title='bbox 804 4890 957 4972; x_wconf 63' lang='lat' dir='ltr'><strong>cuius</strong></span> <span class='ocrx_word' id='word_1_624' title='bbox 977 4903 1064 4959; x_wconf 89' lang='lat' dir='ltr'><strong>die</strong></span> <span class='ocrx_word' id='word_1_625' title='bbox 1088 4890 1374 4959; x_wconf 76' lang='lat' dir='ltr'><strong>undecima</strong></span> <span class='ocrx_word' id='word_1_626' title='bbox 1403 4899 1644 4957; x_wconf 89' lang='lat' dir='ltr'><strong>Lotharii</strong></span> <span class='ocrx_word' id='word_1_627' title='bbox 1667 4890 1876 4955; x_wconf 81' lang='lat' dir='ltr'><strong>nomen</strong></span> <span class='ocrx_word' id='word_1_628' title='bbox 1887 4897 2080 4952; x_wconf 87' lang='lat' dir='ltr'><strong>ultima</strong></span> <span class='ocrx_word' id='word_1_629' title='bbox 2106 4897 2224 4952; x_wconf 86' lang='lat' dir='ltr'><strong>vice</strong></span> <span class='ocrx_word' id='word_1_630' title='bbox 2248 4896 2420 4968; x_wconf 90' lang='lat' dir='ltr'><strong>patris</strong></span> <span class='ocrx_word' id='word_1_631' title='bbox 2447 4894 2653 4951; x_wconf 86' lang='lat' dir='ltr'><strong>nomini</strong></span> <span class='ocrx_word' id='word_1_632' title='bbox 2678 4890 2844 4951; x_wconf 78' lang='lat' dir='ltr'><strong>solito</strong></span> <span class='ocrx_word' id='word_1_633' title='bbox 2870 4890 3185 4962; x_wconf 71' lang='lat' dir='ltr'><strong>adiunctum</strong></span> <span class='ocrx_word' id='word_1_634' title='bbox 3215 4890 3350 4962; x_wconf 87' lang='lat' dir='ltr'><strong>legi-</strong></span> 
     </span>
     <span class='ocr_line' id='line_1_52' title="bbox 117 4970 920 5027; baseline 0 0"><span class='ocrx_word' id='word_1_635' title='bbox 117 4976 228 5027; x_wconf 70' lang='lat' dir='ltr'><strong>mus.</strong></span> <span class='ocrx_word' id='word_1_636' title='bbox 247 4970 470 5027; x_wconf 85' lang='lat' dir='ltr'><strong>Derl&#39;ecta</strong></span> <span class='ocrx_word' id='word_1_637' title='bbox 495 4970 666 5027; x_wconf 76' lang='lat' dir='ltr'><strong>fuisse</strong></span> <span class='ocrx_word' id='word_1_638' title='bbox 689 4973 920 5027; x_wconf 86' lang='lat' dir='ltr'><strong>videtur.</strong></span> 
     </span>
    </p>
   </div>
   <div class='ocr_carea' id='block_1_50' title="bbox 117 4973 920 5038">
    <p class='ocr_par' dir='ltr' id='par_1_50' title="bbox 117 4973 920 5038">
     <span class='ocr_line' id='line_1_53' title="bbox 117 4973 920 5038; baseline 0.002 -13"><span class='ocrx_word' id='word_1_639' title='bbox 117 4976 228 5030; x_wconf 68' lang='lat' dir='ltr'><strong>MS,</strong></span> <span class='ocrx_word' id='word_1_640' title='bbox 247 4973 470 5038; x_wconf 81' lang='lat' dir='ltr'><strong>perlecta</strong></span> <span class='ocrx_word' id='word_1_641' title='bbox 495 4973 666 5030; x_wconf 76' lang='lat' dir='ltr'><strong>fuisse</strong></span> <span class='ocrx_word' id='word_1_642' title='bbox 689 4973 920 5029; x_wconf 86' lang='lat' dir='ltr'><strong>videtur.</strong></span> 
     </span>
    </p>
   </div>
   <div class='ocr_carea' id='block_1_51' title="bbox 169 5064 3348 5152">
    <p class='ocr_par' dir='ltr' id='par_1_51' title="bbox 169 5064 3348 5152">
     <span class='ocr_line' id='line_1_54' title="bbox 169 5064 3348 5152; baseline -0.003 -17"><span class='ocrx_word' id='word_1_643' title='bbox 169 5074 215 5130; x_wconf 86' lang='lat' dir='ltr'><strong>ln</strong></span> <span class='ocrx_word' id='word_1_644' title='bbox 248 5083 452 5138; x_wconf 88' lang='lat' dir='ltr'><strong>nomine</strong></span> <span class='ocrx_word' id='word_1_645' title='bbox 484 5083 692 5140; x_wconf 89' lang='lat' dir='ltr'><strong>domini</strong></span> <span class='ocrx_word' id='word_1_646' title='bbox 741 5083 837 5139; x_wconf 85' lang='lat' dir='ltr'><strong>Dei</strong></span> <span class='ocrx_word' id='word_1_647' title='bbox 878 5093 934 5139; x_wconf 92' lang='lat' dir='ltr'><strong>et</strong></span> <span class='ocrx_word' id='word_1_648' title='bbox 975 5082 1258 5140; x_wconf 82' lang='lat' dir='ltr'><strong>salvatoris</strong></span> <span class='ocrx_word' id='word_1_649' title='bbox 1304 5083 1478 5139; x_wconf 88' lang='lat' dir='ltr'><strong>nostri</strong></span> <span class='ocrx_word' id='word_1_650' title='bbox 1527 5082 1648 5138; x_wconf 90' lang='lat' dir='ltr'><strong>Iesu</strong></span> <span class='ocrx_word' id='word_1_651' title='bbox 1674 5089 1728 5152; x_wconf 79' lang='grc' dir='ltr'><strong>ι)</strong></span> <span class='ocrx_word' id='word_1_652' title='bbox 1750 5080 1902 5151; x_wconf 89' lang='lat' dir='ltr'><strong>perio</strong></span> <span class='ocrx_word' id='word_1_653' title='bbox 1929 5095 1994 5136; x_wconf 89' lang='lat' dir='ltr'><strong>ac</strong></span> <span class='ocrx_word' id='word_1_654' title='bbox 2042 5079 2302 5149; x_wconf 86' lang='lat' dir='ltr'><strong>regimine</strong></span> <span class='ocrx_word' id='word_1_655' title='bbox 2344 5084 2532 5133; x_wconf 90' lang='lat' dir='ltr'><strong>nostro</strong></span> <span class='ocrx_word' id='word_1_656' title='bbox 2579 5064 2909 5132; x_wconf 63' lang='lat' dir='ltr'><strong>cbnstitntae</strong></span> <span class='ocrx_word' id='word_1_657' title='bbox 2953 5081 3098 5144; x_wconf 78' lang='lat' dir='ltr'><strong>sunt.</strong></span> <span class='ocrx_word' id='word_1_658' title='bbox 3144 5070 3348 5127; x_wconf 83' lang='lat' dir='ltr'><strong>Notum</strong></span> 
     </span>
    </p>
   </div>
   <div class='ocr_carea' id='block_1_52' title="bbox 118 5162 3351 5247">
    <p class='ocr_par' dir='ltr' id='par_1_52' title="bbox 118 5162 3351 5247">
     <span class='ocr_line' id='line_1_55' title="bbox 118 5162 3351 5247; baseline -0.002 -22"><span class='ocrx_word' id='word_1_659' title='bbox 118 5162 294 5227; x_wconf 67' lang='lat' dir='ltr'><strong>Christi.</strong></span> <span class='ocrx_word' id='word_1_660' title='bbox 345 5175 711 5242; x_wconf 82' lang='lat' dir='ltr'><strong>Hludowicus,</strong></span> <span class='ocrx_word' id='word_1_661' title='bbox 757 5177 936 5233; x_wconf 89' lang='lat' dir='ltr'><strong>divina</strong></span> <span class='ocrx_word' id='word_1_662' title='bbox 977 5176 1262 5232; x_wconf 91' lang='lat' dir='ltr'><strong>ordinante</strong></span> <span class='ocrx_word' id='word_1_663' title='bbox 1305 5175 1645 5247; x_wconf 86' lang='lat' dir='ltr'><strong>providentia</strong></span> <span class='ocrx_word' id='word_1_664' title='bbox 1751 5171 1868 5226; x_wconf 90' lang='lat' dir='ltr'><strong>ﬁeri</strong></span> <span class='ocrx_word' id='word_1_665' title='bbox 1900 5171 2150 5226; x_wconf 85' lang='lat' dir='ltr'><strong>volumus</strong></span> <span class='ocrx_word' id='word_1_666' title='bbox 2175 5169 2418 5225; x_wconf 87' lang='lat' dir='ltr'><strong>omnium</strong></span> <span class='ocrx_word' id='word_1_667' title='bbox 2453 5177 2695 5224; x_wconf 88' lang='lat' dir='ltr'><strong>vestrum</strong></span> <span class='ocrx_word' id='word_1_668' title='bbox 2719 5165 2993 5236; x_wconf 80' lang='lat' dir='ltr'><strong>solertiae,</strong></span> <span class='ocrx_word' id='word_1_669' title='bbox 3023 5164 3167 5235; x_wconf 89' lang='lat' dir='ltr'><strong>quod</strong></span> <span class='ocrx_word' id='word_1_670' title='bbox 3203 5164 3351 5219; x_wconf 89' lang='lat' dir='ltr'><strong>inter</strong></span> 
     </span>
    </p>
   </div>
   <div class='ocr_carea' id='block_1_53' title="bbox 121 5254 3346 5340">
    <p class='ocr_par' dir='ltr' id='par_1_53' title="bbox 121 5254 3346 5340">
     <span class='ocr_line' id='line_1_56' title="bbox 121 5254 3346 5340; baseline -0.004 -20"><span class='ocrx_word' id='word_1_671' title='bbox 121 5254 360 5326; x_wconf 78' lang='lat' dir='ltr'><strong>imperator</strong></span> <span class='ocrx_word' id='word_1_672' title='bbox 403 5279 684 5340; x_wconf 87' lang='lat' dir='ltr'><strong>angustus,</strong></span> <span class='ocrx_word' id='word_1_673' title='bbox 726 5270 978 5327; x_wconf 91' lang='lat' dir='ltr'><strong>omnibus</strong></span> <span class='ocrx_word' id='word_1_674' title='bbox 1025 5269 1275 5325; x_wconf 88' lang='lat' dir='ltr'><strong>ﬁdelibus</strong></span> <span class='ocrx_word' id='word_1_675' title='bbox 1305 5279 1526 5326; x_wconf 88' lang='lat' dir='ltr'><strong>sanctae</strong></span> <span class='ocrx_word' id='word_1_676' title='bbox 1549 5269 1646 5325; x_wconf 89' lang='lat' dir='ltr'><strong>Dei</strong></span> <span class='ocrx_word' id='word_1_677' title='bbox 1749 5262 1974 5318; x_wconf 90' lang='lat' dir='ltr'><strong>dilectos</strong></span> <span class='ocrx_word' id='word_1_678' title='bbox 1997 5260 2136 5316; x_wconf 90' lang='lat' dir='ltr'><strong>ﬁlios</strong></span> <span class='ocrx_word' id='word_1_679' title='bbox 2155 5268 2372 5316; x_wconf 87' lang='lat' dir='ltr'><strong>nostros</strong></span> <span class='ocrx_word' id='word_1_680' title='bbox 2397 5257 2704 5330; x_wconf 85' lang='lat' dir='ltr'><strong>Pippinum,</strong></span> <span class='ocrx_word' id='word_1_681' title='bbox 2743 5256 3140 5319; x_wconf 79' lang='lat' dir='ltr'><strong>Hludowicum,</strong></span> <span class='ocrx_word' id='word_1_682' title='bbox 3171 5254 3346 5309; x_wconf 82' lang='lat' dir='ltr'><strong>Karo-</strong></span> 
     </span>
    </p>
   </div>
   <div class='ocr_carea' id='block_1_54' title="bbox 120 5346 3347 5432">
    <p class='ocr_par' dir='ltr' id='par_1_54' title="bbox 120 5346 3347 5432">
     <span class='ocr_line' id='line_1_57' title="bbox 120 5346 3347 5432; baseline -0.002 -24"><span class='ocrx_word' id='word_1_683' title='bbox 120 5350 346 5424; x_wconf 63' lang='lat' dir='ltr'><strong>ecclesiae,</strong></span> <span class='ocrx_word' id='word_1_684' title='bbox 374 5370 426 5416; x_wconf 88' lang='lat' dir='ltr'><strong>et</strong></span> <span class='ocrx_word' id='word_1_685' title='bbox 459 5371 658 5418; x_wconf 89' lang='lat' dir='ltr'><strong>cuncto</strong></span> <span class='ocrx_word' id='word_1_686' title='bbox 683 5361 948 5418; x_wconf 88' lang='lat' dir='ltr'><strong>catholico</strong></span> <span class='ocrx_word' id='word_1_687' title='bbox 970 5362 1188 5432; x_wconf 84' lang='lat' dir='ltr'><strong>populo,</strong></span> <span class='ocrx_word' id='word_1_688' title='bbox 1211 5361 1482 5431; x_wconf 90' lang='lat' dir='ltr'><strong>praesenti</strong></span> <span class='ocrx_word' id='word_1_689' title='bbox 1504 5360 1644 5416; x_wconf 85' lang='lat' dir='ltr'><strong>scili-</strong></span> <span class='ocrx_word' id='word_1_690' title='bbox 1748 5354 1880 5418; x_wconf 91' lang='lat' dir='ltr'><strong>lum,</strong></span> <span class='ocrx_word' id='word_1_691' title='bbox 1932 5352 2084 5424; x_wconf 85' lang='lat' dir='ltr'><strong>regni</strong></span> <span class='ocrx_word' id='word_1_692' title='bbox 2112 5351 2266 5407; x_wconf 87' lang='lat' dir='ltr'><strong>nobis</strong></span> <span class='ocrx_word' id='word_1_693' title='bbox 2293 5365 2324 5405; x_wconf 92' lang='lat' dir='ltr'><strong>a</strong></span> <span class='ocrx_word' id='word_1_694' title='bbox 2368 5351 2478 5406; x_wconf 90' lang='lat' dir='ltr'><strong>Deo</strong></span> <span class='ocrx_word' id='word_1_695' title='bbox 2507 5349 2780 5407; x_wconf 89' lang='lat' dir='ltr'><strong>commissi</strong></span> <span class='ocrx_word' id='word_1_696' title='bbox 2817 5348 2979 5404; x_wconf 87' lang='lat' dir='ltr'><strong>talem</strong></span> <span class='ocrx_word' id='word_1_697' title='bbox 3025 5346 3347 5404; x_wconf 85' lang='lat' dir='ltr'><strong>divisionem</strong></span> 
     </span>
    </p>
   </div>
   <div class='ocr_carea' id='block_1_55' title="bbox 122 5436 3350 5524">
    <p class='ocr_par' dir='ltr' id='par_1_55' title="bbox 122 5436 3350 5524">
     <span class='ocr_line' id='line_1_58' title="bbox 122 5436 3350 5524; baseline -0.001 -28"><span class='ocrx_word' id='word_1_698' title='bbox 122 5447 184 5494; x_wconf 71' lang='grc' dir='ltr'><strong>αι</strong></span> <span class='ocrx_word' id='word_1_699' title='bbox 205 5451 250 5498; x_wconf 90' lang='lat' dir='ltr'><strong>et</strong></span> <span class='ocrx_word' id='word_1_700' title='bbox 292 5445 480 5516; x_wconf 79' lang='lat' dir='ltr'><strong>futuro,</strong></span> <span class='ocrx_word' id='word_1_701' title='bbox 508 5453 747 5524; x_wconf 84' lang='lat' dir='ltr'><strong>gentium</strong></span> <span class='ocrx_word' id='word_1_702' title='bbox 777 5468 840 5510; x_wconf 89' lang='lat' dir='ltr'><strong>ac</strong></span> <span class='ocrx_word' id='word_1_703' title='bbox 874 5453 1152 5510; x_wconf 90' lang='lat' dir='ltr'><strong>nationum</strong></span> <span class='ocrx_word' id='word_1_704' title='bbox 1191 5452 1373 5522; x_wconf 75' lang='lat' dir='ltr'><strong>&#39;quae</strong></span> <span class='ocrx_word' id='word_1_705' title='bbox 1412 5451 1511 5506; x_wconf 90' lang='lat' dir='ltr'><strong>sub</strong></span> <span class='ocrx_word' id='word_1_706' title='bbox 1543 5451 1645 5505; x_wconf 90' lang='lat' dir='ltr'><strong>im-</strong></span> <span class='ocrx_word' id='word_1_707' title='bbox 1747 5447 1926 5504; x_wconf 81' lang='lat' dir='ltr'><strong>facere</strong></span> <span class='ocrx_word' id='word_1_708' title='bbox 1966 5446 2317 5513; x_wconf 85' lang='lat' dir='ltr'><strong>decrevimus,</strong></span> <span class='ocrx_word' id='word_1_709' title='bbox 2356 5453 2416 5501; x_wconf 92' lang='lat' dir='ltr'><strong>ut</strong></span> <span class='ocrx_word' id='word_1_710' title='bbox 2444 5453 2565 5516; x_wconf 87' lang='lat' dir='ltr'><strong>post</strong></span> <span class='ocrx_word' id='word_1_711' title='bbox 2587 5451 2834 5501; x_wconf 86' lang='lat' dir='ltr'><strong>nostrum</strong></span> <span class='ocrx_word' id='word_1_712' title='bbox 2869 5442 2938 5499; x_wconf 89' lang='lat' dir='ltr'><strong>ah</strong></span> <span class='ocrx_word' id='word_1_713' title='bbox 2967 5440 3068 5496; x_wconf 89' lang='lat' dir='ltr'><strong>hac</strong></span> <span class='ocrx_word' id='word_1_714' title='bbox 3104 5436 3350 5495; x_wconf 82' lang='lat' dir='ltr'><strong>mortali-</strong></span> 
     </span>
    </p>
   </div>
   <div class='ocr_carea' id='block_1_56' title="bbox 1265 5585 2104 5646">
    <p class='ocr_par' dir='ltr' id='par_1_56' title="bbox 1265 5585 2104 5646">
     <span class='ocr_line' id='line_1_59' title="bbox 1265 5585 2104 5646; baseline 0.001 -3"><span class='ocrx_word' id='word_1_715' title='bbox 1265 5585 1658 5643; x_wconf 72' lang='lat' dir='ltr'><strong>VARIANTES</strong></span> <span class='ocrx_word' id='word_1_716' title='bbox 1696 5585 2104 5646; x_wconf 83' lang='lat' dir='ltr'><strong>LECTIONES.</strong></span> 
     </span>
    </p>
   </div>
   <div class='ocr_carea' id='block_1_57' title="bbox 179 5665 570 5736">
    <p class='ocr_par' dir='ltr' id='par_1_57' title="bbox 179 5665 570 5736">
     <span class='ocr_line' id='line_1_60' title="bbox 179 5665 570 5736; baseline 0.02 -9"><span class='ocrx_word' id='word_1_717' title='bbox 179 5665 193 5698; x_wconf 83' lang='lat'>&#39;</span> <span class='ocrx_word' id='word_1_718' title='bbox 217 5673 393 5735; x_wconf 78' lang='lat' dir='ltr'><strong>nationi</strong></span> <span class='ocrx_word' id='word_1_719' title='bbox 427 5679 570 5736; x_wconf 76' lang='lat' dir='ltr'><strong>Pith.</strong></span> 
     </span>
    </p>
   </div>
  </div>
