3868 6214
453 341 457 345 ’
515 357 620 413 cis
1105 357 1111 370 '
1355 358 1415 410 ις.
1457 355 1712 414 canon
1742 329 1952 411 nicas:
1981 356 2079 412 om

2190 358 2343 412 ’.λικε
2377 359 2414 412 l.
2447 357 2684 415 samo
2712 358 2937 414 PRIMA.
3194 339 3196 341 ’
3227 381 3230 383 -
3687 367 3765 422 cn

516 484 626 529 tale
661 473 935 527 decessum
967 471 1329 540 unusquisque
1363 470 1575 525 illorum
1623 470 1761 524 scire
1793 466 1989 532 valeat,
2039 470 2082 525 si
2114 469 2162 532 Δ
2191 467 2460 536 linquatur
2482 467 2712 522 occasio.
2766 468 2871 524 Sed
2899 470 2955 523 ct'
2979 471 3076 526 hoc
3104 471 3484 542 praecipimus,
3522 483 3584 527 ut
3615 477 3771 530 nullas

513 580 608 617 eos
630 563 806 616 divina
839 554 1176 630 pietasnohis
1197 563 1513 630 superstites
1530 577 1648 617 esse
1675 559 1922 626 voluerit,
1954 576 2092 631 quae
2192 568 2263 614 ex
2293 558 2379 613 his
2404 559 2574 613 tribus
2601 558 2875 622 fratribus,
2910 560 3064 614 nobis
3102 560 3156 614 in
3183 577 3412 628 corpore
3438 564 3769 617 consistenti-

513 652 689 722 portio
721 651 823 706 sibi
857 651 924 705 ad
979 652 1263 705 tenendum
1307 662 1469 718 atque
1499 652 1905 721 gubernandum
1937 667 1966 704 a
1999 668 2095 706 no-
2190 648 2312 711 bus,
2341 648 2422 703 vel
2448 656 2689 702 nostrum
2717 648 2800 701 vel
2826 649 3112 703 cuiuslibet
3141 650 3362 706 alterius
3391 653 3675 707 hominem
3702 670 3770 708 sa-

515 741 596 795 bis
624 741 899 810 adsignata
932 741 1022 795 sit.
1072 740 1241 806 Quam
1276 742 1589 796 divisionem
1610 741 1864 797 eo-modo
1891 742 2093 807 descri-
2189 746 2528 792 crumentum
2577 736 2847 792 fidelitatis
2882 738 2981 792 sibi
3010 740 3326 808 promittere
3368 740 3559 806 faciat,
3603 753 3658 796 et
3693 761 3770 813 per

513 833 639 886 here
673 845 735 885 ac
757 831 1036 901 designare
1071 833 1331 896 volumus,
1382 838 1441 885 ut
1466 832 1662 902 singuli
1707 833 1853 888 iuxta
1878 834 2091 888 ordina-
2189 829 2290 883 hoc
2316 843 2436 882 eum
2462 828 2542 882 vel
2590 843 2618 881 a
2648 829 2799 884 nobis
2834 831 2917 885 vel
2944 832 3010 884 ab
3041 828 3211 886 altero
3258 835 3478 889 domino
3534 850 3642 890 suo
3688 853 3769 905 per

513 918 713 972 tionem
737 929 975 974 nostram
1000 921 1208 975 etfiues
1245 921 1389 990 regni
1417 920 1499 976 sui
1525 922 1614 991 qui
1662 922 1715 975 in
1763 922 2090 992 alienigenas
2187 919 2489 974 huiusmodi
2542 929 2937 974 sacramentum
2985 931 3196 976 avertat
3255 933 3310 978 et
3363 925 3433 980 ad
3491 940 3554 981 se
3603 927 3766 980 adtra-

512 1010 890 1074 extenduntur,
937 1027 1058 1066 cum
1104 1011 1195 1066 Dei
1231 1013 1409 1066 adiuto
1445 1012 1497 1067 io
1532 1014 1817 1068 defendere
1851 1020 2090 1067 statuant

511 1118 576 1157 ac
602 1102 616 1132 ⁸
645 1102 916 1167 studeant,
953 1111 1007 1157 et
1039 1115 1226 1171 pacem
1258 1118 1320 1157 ac
1365 1103 1658 1158 fraternam
1693 1105 1974 1158 caritatem
2009 1103 2089 1157 in-

511 1201 595 1245 ter
626 1202 685 1246 se
727 1191 1000 1247 custodire
1050 1188 1280 1247 valeant.
1337 1191 1504 1249 Cuius
1542 1194 1819 1250 divisionis
1870 1195 2086 1249 modum

509 1287 672 1346 atque
697 1278 1088 1335 ordinationem
1118 1279 1278 1335 talem
1301 1281 1456 1336 nobis
1481 1295 1504 1322 ι
1529 1280 1706 1337 facere
1731 1282 1952 1351 placuit.

582 1367 632 1421 l.
671 1367 814 1422 llaec
848 1375 1028 1423 autem
1067 1368 1157 1423 tali
1181 1368 1515 1424 ordinatione
1537 1371 1912 1440 disposuimus,
1960 1367 2084 1424 utsi

507 1469 628 1526 post
654 1466 896 1513 nostrum
920 1457 988 1514 ab
1017 1459 1116 1514 hac
1149 1459 1263 1514 luce
1295 1461 1588 1516 discessum
1637 1460 1832 1530 aliquis
1874 1475 2082 1524 eorum,

507 1549 819 1620 priusquam
843 1548 1039 1604 fratres
1068 1549 1170 1613 sui,
1198 1549 1338 1604 diem
1385 1549 1596 1612 obicrit,
1642 1557 1696 1605 et
1724 1550 1886 1605 talem
1915 1549 2083 1604 filium

507 1639 784 1708 reliquerit
815 1652 983 1709 quem'
1017 1639 1247 1708 populus
1281 1638 1448 1708 ipsius
1496 1639 1694 1708 eligere
1747 1639 1975 1694 voluerit
2025 1645 2085 1692 ut

505 1729 644 1799 patri
673 1746 771 1786 suo
808 1729 1059 1786 succedat
1088 1729 1140 1783 in
1171 1731 1318 1799 regni
1346 1731 1696 1796 haereditate,
1744 1729 1991 1785 volumus
2024 1737 2084 1783 ut

2189 1010 2302 1064 hat.

2255 1100 2308 1156 5.
2348 1100 2488 1168 Quin
2533 1101 2696 1156 etiam
2738 1103 3173 1173 praecipiendum
3221 1105 3374 1159 nobis
3423 1107 3675 1170 videtur,
3720 1123 3766 1163 ut

2185 1201 2306 1263 post
2336 1203 2579 1248 nostrum
2611 1210 2676 1248 ex
2703 1195 2805 1249 hac
2833 1195 3160 1251 mortalitate
3205 1197 3498 1252 discessum
3529 1199 3766 1255 homines

2187 1282 2608 1353 uniuscuiusque
2636 1297 2821 1339 eorum
2855 1278 3128 1354 accipiant
3159 1285 3439 1354 beneflCia,
3481 1290 3761 1359 unusquis-
3836 1315 3837 1320 π

2185 1389 2289 1444 que
2314 1375 2368 1430 in
2399 1389 2561 1444 regno
2583 1374 2783 1429 domini
2820 1376 2901 1430 sui
2949 1386 3002 1430 et
3039 1390 3145 1431 non
3173 1377 3412 1440 alterius,
3447 1392 3513 1434 ne
3560 1383 3762 1450 quando

2184 1480 2282 1534 per
2311 1466 2432 1530 hoc,
2482 1466 2528 1520 si
2564 1464 2717 1518 aliter
2759 1465 2939 1532 fuerit,
2991 1464 3301 1523 scandalum
3351 1467 3570 1539 aliquod
3607 1472 3760 1540 possit

2185 1557 2448 1611 accidere.
2506 1555 2872 1610 Hereditatem
2923 1566 3101 1612 autem
3145 1573 3298 1612 suam
3354 1559 3556 1613 haheat
3613 1575 3762 1615 unus-

2186 1645 2412 1716 quisque
2438 1645 2712 1700 hominum
2738 1646 2948 1701 illorum
2977 1649 3177 1718 absque
3219 1650 3669 1725 contradictione,
3715 1653 3758 1705 in

2186 1741 2527 1807 quocumque
2553 1739 2719 1808 regno
2765 1739 2867 1793 hoc
2900 1751 3038 1794 eum‘
3064 1738 3301 1811 legitime
3352 1741 3548 1796 habere
3604 1743 3759 1796 conti-

506 1823 608 1876 hoc
642 1821 981 1876 consentiant
1020 1819 1196 1888 patrui
1225 1818 1390 1887 ipsius
1422 1817 1595 1886 pueri,
1627 1827 1681 1872 et
1708 1833 1932 1888 regnare
1961 1832 2084 1887 pcr-
2116 1803 2159 1865 Β
2187 1803 2326 1901 gem
2345 1830 2366 1861 δ

506 1912 722 1966 mittant
743 1908 910 1965 tilium
931 1909 1113 1966 fratris
1141 1911 1222 1964 sul
1247 1910 1300 1964 in
1332 1914 1396 1964 eo
1421 1925 1584 1980 regno
1607 1911 1748 1980 quod
1772 1917 1924 1979 pater
1943 1911 2077 1974 eius,

504 2003 674 2058 frater
694 2017 902 2067 eorum,
937 2001 1144 2056 habuit.
1186 1999 1339 2068 Quod
1386 2001 1430 2056 si
1463 2002 1623 2056 talem
1653 2000 1823 2055 filium
1853 2017 1958 2056 non
1987 2001 2083 2054 ha-

501 2094 696 2158 buerit,
722 2101 850 2148 tunc
869 2092 1134 2157 volumus,
1181 2099 1239 2146 ut
1273 2091 1362 2146 illa
1407 2107 1532 2161 pars
1559 2093 1708 2162 regni
1739 2107 1901 2161 quam
1941 2092 2080 2145 idem

502 2185 752 2249 habebat,
784 2183 1053 2254 dividatur
1081 2183 1376 2253 aequaliter
1419 2183 1559 2238 inter
1594 2183 1714 2238 illos
1761 2181 1956 2238 fratres
1988 2181 2080 2252 qui

497 2273 820 2344 superstites
843 2275 1220 2327 remanserunt
1242 2274 1284 2326 '.

569 2365 622 2419 2.
660 2363 867 2419 Placuit
912 2363 1076 2417 etiam
1125 2362 1266 2418 inter
1313 2362 1619 2430 praedictos
1659 2361 1798 2430 filios
1839 2370 2079 2417 statuere

502 2463 664 2527 atque
716 2455 1052 2526 praecipere,
1114 2460 1334 2523 propter
1380 2468 1568 2528 pacem
1628 2461 1682 2508 et
1736 2453 2078 2509 concordiam

499 2564 659 2618 quam
687 2548 827 2602 inter
854 2561 949 2604 eos
965 2553 1224 2616 perpetuo
1256 2555 1570 2614 permanere
1601 2543 1985 2608 desideramus,
2021 2547 2081 2597 ut

500 2637 676 2692 nullus
707 2652 894 2692 eorum
937 2634 1119 2689 fratris
1167 2634 1251 2688 sul
1284 2633 1544 2688 terminos
1589 2633 1670 2688 vel
1708 2633 1858 2704 regni
1882 2634 2080 2689 limites

497 2727 750 2783 invadere
780 2733 1108 2796 praesumat,
1157 2723 1334 2794 neque
1377 2721 1746 2796 fraudulenter
1780 2723 1983 2794 ingredi
2013 2723 2082 2778 ad

495 2810 925 2875 conturbandum
953 2831 1175 2888 regnum
1198 2817 1316 2872 eius
1350 2813 1435 2871 vel
1463 2829 1674 2870 marcas
1721 2814 2074 2880 minuendas;

499 2911 593 2967 sed
655 2908 847 2984 potius
902 2890 1117 2962 adiuvet
1169 2905 1537 2976 nmisquisque
1588 2905 1803 2960 illorum
1854 2903 2076 2960 fratrem

494 3017 674 3066 suum,
709 2995 870 3070 prout
914 2999 1170 3069 temporis
1202 2998 1542 3068 oportunitas
1583 2997 1604 3030 ⁸
1646 2995 1973 3066 permiserit,
2023 3005 2079 3053 et

497 3092 756 3146 auxilium
780 3090 830 3144 ei
855 3088 992 3144 ferat
1011 3097 1197 3144 contra
1217 3087 1462 3144 inimicos
1495 3087 1612 3144 eius
1633 3088 1782 3142 iuxta
1811 3085 2076 3161 rationem

495 3190 551 3238 et
571 3176 1016 3252 possibilitatem;
1118 3165 1130 3185 ’

565 3269 620 3325 3.
646 3269 756 3326 Nec
779 3268 973 3340 aliquis
994 3269 1161 3325 ullum
1189 3258 1460 3326 hominem
1485 3268 1668 3327 fratris
1711 3270 1796 3327 sui
1827 3266 1931 3342 pro
1956 3272 2076 3343 qui-

495 3345 733 3420 buslibet
747 3362 924 3417 causis
947 3360 1032 3415 vel
1059 3360 1229 3430 culpis
1274 3359 1341 3415 ad
1364 3373 1422 3415 se
1455 3359 1851 3431 confugientem
1897 3363 2073 3418 susci-

495 3454 610 3523 piat
635 3452 703 3508 ad
727 3451 1164 3508 intercessionem
1187 3466 1288 3521 pro
1311 3466 1378 3506 eo
1407 3449 1740 3520 faciendam;
1771 3453 1895 3523 quia
1925 3453 2077 3510 volu-

498 3559 618 3598 mus
638 3551 697 3596 ut
729 3541 953 3612 quilibet
973 3541 1133 3595 homo
1156 3555 1386 3610 peccans
1423 3548 1479 3596 et
1516 3541 1900 3598 intercessione
1939 3544 2077 3600 indi-

497 3648 648 3703 gens,
685 3632 824 3685 intra
846 3645 1066 3701 regnum
1092 3630 1292 3686 domini
1316 3631 1398 3686 sui
1423 3631 1507 3685 vel
1545 3632 1612 3687 ad
1638 3631 1754 3688 loca
1779 3642 1965 3689 sancta
1991 3634 2076 3690 vel

498 3727 566 3781 ad
587 3726 878 3778 honoratos
908 3723 1152 3777 homines
1175 3721 1469 3794 confugiat,
1512 3730 1568 3779 et
1594 3723 1718 3778 inde
1756 3725 1956 3782 iustam
1980 3727 2074 3783 in-

498 3815 876 3870 tercessionem
910 3821 1198 3869 mereatur.

565 3909 620 3962 4.
666 3906 924 3962 Similiter
955 3905 1341 3977 praecipimus,
1388 3914 1448 3960 ut
1492 3907 1522 3946 δ
1560 3908 1851 3977 quemlibet
1895 3909 2065 3976 illum,

495 3999 590 4072 qui
625 3999 898 4055 dominum
923 4011 1080 4052 suum
1107 4004 1296 4051 contra
1315 3996 1643 4052 voluntatem
1674 3999 1791 4054 eius
1812 4000 2089 4056 dimiserit
2120 4018 2122 4020 ν

495 4090 638 4145 etde
665 4104 770 4143 uno
796 4077 962 4158 regno
997 4087 1050 4140 in
1080 4087 1222 4141 aliud
1250 4085 1523 4155 profectus
1556 4086 1737 4153 fuerit,
1763 4090 1936 4160 neque
1959 4092 2075 4161 ipse

500 4196 593 4235 rex
622 4179 897 4247 suscipiat,
942 4191 1116 4246 neque
1157 4177 1462 4232 hominibus
1508 4179 1620 4233 suis
1653 4182 1977 4246 consentiat,
2014 4191 2075 4238 ut

498 4273 660 4328 talem
698 4272 967 4342 hominem
1012 4270 1273 4339 recipiant
1309 4271 1393 4326 vel
1429 4271 1626 4326 iniuste
1653 4274 1888 4330 retinere
1922 4289 2078 4344 prae-

496 4371 733 4419 sumant.
762 4359 871 4417 Nec
898 4359 1071 4417 solum
1096 4353 1163 4417 de
1187 4361 1311 4427 illis,
1333 4361 1427 4418 sed
1459 4364 1624 4418 etiam
1657 4365 1724 4420 de
1749 4366 1919 4421 servis
1941 4365 2080 4436 fugi-

2254 1923 2305 1977 6.
2341 1923 2409 1985 Et
2434 1923 2801 1992 unusquisque
2826 1922 2962 1978 liber
2982 1923 3144 1978 homo
3172 1930 3292 1992 post
3320 1931 3544 1978 mortem
3568 1923 3754 1979 domini

2181 2016 2264 2070 sui
2298 2015 2566 2070 licentiam
2603 2015 2800 2068 habeat
2829 2029 2885 2069 se
2911 2015 3320 2069 commendandi
3350 2014 3488 2068 inter
3512 2014 3646 2069 haec
3664 2015 3753 2067 tria

2182 2124 2344 2178 regna
2371 2107 2437 2161 ad
2465 2120 2856 2176 quemcumque
2885 2105 3134 2159 voluerit.
3187 2104 3446 2160 Similiter
3472 2114 3526 2161 et
3553 2106 3642 2160 ille
3673 2107 3752 2176 qui

2181 2201 2418 2253 nondum
2439 2197 2597 2251 alicui
2628 2195 3032 2250 commendatus
3061 2203 3163 2248 est.

2251 2288 2302 2341 7.
2346 2288 2421 2342 De
2476 2286 2856 2342 traditionibus
2917 2289 3094 2338 autem
3156 2291 3319 2352 atque
3372 2282 3750 2337 venditionibus

2179 2392 2317 2448 quae
2343 2377 2483 2431 inter
2511 2387 2692 2446 partes
2717 2375 2829 2430 ﬁeri
2865 2376 3056 2437 solent,
3087 2373 3466 2442 praecipimus,
3507 2383 3565 2426 ut
3589 2374 3750 2426 nullus

2180 2485 2245 2523 cx
2281 2468 2364 2524 his
2392 2469 2564 2522 tribus
2598 2465 2857 2520 fratribus
2898 2463 3153 2533 suscipiat
3178 2463 3242 2518 de
3277 2478 3442 2533 regno
3487 2462 3747 2517 alteriusa

2180 2558 2418 2630 quolibet
2445 2557 2660 2611 homine
2686 2555 3025 2610 traditionem
3055 2553 3137 2607 vel
3162 2552 3522 2606 venditionem
3564 2551 3641 2605 rei
3665 2553 3749 2604 im-

2182 2649 2415 2712 mobilis,
2446 2647 2547 2702 hoc
2581 2652 2684 2711 est,
2735 2652 3020 2710 terrarum,
3056 2643 3357 2706 vinearum,
3407 2651 3567 2711 atque
3592 2643 3750 2712 sylva—

2182 2757 2320 2805 rum,
2350 2753 2736 2808 servorumque
2759 2736 2850 2806 qui
2872 2736 2978 2790 iam
3004 2734 3172 2788 casati
3213 2741 3356 2796 sunt,
3393 2732 3502 2787 sive
3523 2733 3745 2787 caetera-

2182 2847 2301 2888 rum
2328 2840 2524 2886 rerum
2542 2841 2680 2899 quae
2706 2825 3050 2883 haereditatis
3077 2823 3294 2878 nomine
3323 2833 3646 2886 censentur;
3673 2837 3746 2876 ex-

2181 2929 2336 2994 ecpto
2357 2937 2505 2987 auro,
2535 2927 2778 2990 argento,
2822 2926 2877 2973 et
2904 2915 3148 2988 gemmis,
3181 2915 3349 2969 armis
3386 2929 3451 2968 ac
3495 2912 3739 2974 vestibus,

2179 3023 2387 3070 necnon
2435 3019 2490 3068 et
2522 3009 2822 3079 mancipiis
2850 3020 2957 3062 non
3003 3005 3237 3071 casatis,
3283 3008 3338 3060 et
3376 3004 3442 3058 iis
3481 3002 3743 3072 speciebus

2181 3119 2317 3177 quae
2365 3102 2580 3175 proprie
2616 3101 2685 3156 ad
2737 3098 3093 3176 negotiatores
3135 3096 3407 3167 pertinere
3442 3101 3736 3150 noscuntur.

2099 3156 2147 3220 ϐ
2180 3156 2422 3252 Eaetcris
2448 3156 2575 3248 vero
2597 3191 2703 3246 illis
2723 3156 3029 3245 hominibus
3059 3188 3160 3242 hoc
3188 3187 3408 3241 minime
3441 3185 3742 3241 interdicen-

2179 3286 2306 3343 dum
2330 3282 2648 3339 iudicamus.

2247 3377 2301 3433 8.
2333 3375 2390 3431 Si
2424 3382 2603 3428 autem
2629 3370 2878 3435 feminae,
2910 3369 3050 3424 sicut
3079 3367 3195 3423 fieri
3221 3367 3378 3432 solet,
3412 3367 3551 3422 inter
3575 3375 3738 3437 partes
3836 3397 3837 3416 ἦ

2177 3474 2234 3522 et
2273 3479 2438 3536 regna
2477 3462 2713 3532 legitime
2741 3459 2940 3516 fuerint
2984 3459 3051 3514 ad
3087 3456 3395 3528 coniUgium
3438 3457 3733 3528 postulatae,

2179 3572 2286 3613 non
2309 3557 2638 3626 denegentur
2666 3552 2804 3608 iuste
2827 3550 3172 3621 poscentibus
3198 3565 3213 3615 ;
3256 3549 3350 3603 sed
3380 3547 3536 3604 liceat
3559 3564 3651 3604 eas
3673 3549 3737 3601 vi-

2180 3647 2364 3703 cissim
2390 3647 2519 3700 dare
2547 3652 2601 3698 et
2642 3643 2903 3713 accipere,
2935 3649 2990 3696 et
3018 3639 3387 3699 adﬁnitatibus
3418 3640 3639 3711 populos
3674 3641 3738 3692 in-

2181 3745 2263 3792 ter
2289 3751 2347 3790 se
2384 3735 2610 3790 sociare.
2668 3732 2817 3802 Ipsae
2856 3746 2984 3787 vero
3018 3729 3250 3786 feminae
3299 3739 3616 3801 potestatem
3657 3733 3737 3784 ba-

2175 3831 2338 3885 beant
2366 3827 2547 3882 rerum
2577 3830 2796 3881 s‘uarum
2848 3824 2901 3879 in
2937 3838 3100 3894 regno
3122 3825 3262 3878 unde
3286 3823 3536 3889 exierint,
3566 3839 3738 3893 quam-
3836 3893 3837 3898 η

2174 3935 2334 3990 quam
2365 3917 2419 3972 in
2440 3917 2546 3973 alio
2576 3923 2795 3986 propter
2820 3915 2998 3970 mariti
3038 3914 3352 3970 societatem
3390 3915 3629 3969 habitare
3661 3914 3735 3967 de-

2176 4011 2411 4155 begtlthe
2439 4097 2719 4153 obsidibus
2743 4103 2920 4150 autem
2949 4095 3037 4163 qui
3064 4102 3283 4164 propter
3310 4093 3612 4148 crcdentias
3645 4092 3737 4146 dati

2175 4199 2320 4256 sunt,
2363 4198 2417 4244 et
2441 4205 2472 4243 a
2511 4188 2667 4242 nobis
2695 4202 2792 4256 per
2838 4187 3046 4240 diversa
3086 4185 3200 4240 loca
3247 4185 3313 4239 ad
3354 4184 3736 4239 custodiendum

2176 4281 2428 4338 destinati
2471 4287 2618 4344 sunt,
2645 4278 2896 4332 nolumus
2921 4278 2962 4341 ⁵,
2995 4285 3054 4330 ut
3083 4276 3169 4331 ille
3193 4292 3286 4330 rex
3317 4276 3371 4329 in
3405 4276 3559 4331 cuius
3593 4290 3737 4345 regno
3836 4343 3837 4352 χ

2177 4377 2323 4435 sunt,
2370 4371 2574 4439 absque
2619 4368 2893 4424 voluntate
2939 4365 3125 4422 fratris
3164 4368 3269 4433 sui,
3307 4360 3373 4423 de
3417 4367 3568 4422 cuius
3592 4381 3737 4435 regno

500 4454 624 4509 tivis
654 4452 939 4510 statuimus
965 4451 1377 4517 observandum,
1409 4460 1470 4507 ut
1493 4452 1638 4508 nulla
1667 4442 1968 4511 discordiae
1987 4471 2073 4512 re-
2100 4457 2154 4537 ι)
2175 4461 2370 4519 sublati
2392 4469 2538 4526 sunt,
2575 4459 2642 4514 ad
2660 4459 2889 4530 patriam
2913 4472 3006 4514 eos
3030 4457 3204 4514 redire
3226 4458 3524 4530 permittat,
3542 4457 3637 4514 sed
3661 4469 3739 4527 po-

1692 4577 2519 4650 VARIANTES'LECTIONES.
3026 4543 3036 4558 l

559 4715 590 4762 ,⁸
619 4723 688 4770 st.
715 4728 779 4769 ac
802 4711 988 4766 desunt
1011 4699 1078 4766 Ρ.
1152 4712 1172 4742 ²
1208 4712 1565 4768 remanserint
1592 4714 1655 4769 Β.
1732 4717 1754 4748 ³
1780 4720 2079 4788 opportunil

2190 4721 2251 4774 P.
2330 4720 2352 4752 ⁸
2378 4737 2454 4775 ua
2478 4722 2720 4783 correxi;
2751 4721 3060 4791 cognoverit
3084 4722 3204 4776 edd.
3245 4725 3266 4754 ⁸
3302 4719 3641 4781 νοΙιιπιιιεῬ.

2043 4823 2274 4908 Nom.

573 4976 596 5003 ο
627 4961 724 5015 llic
744 4958 1028 5014 Goldastus
1054 4957 1169 5012 haec
1189 4950 1414 5030 adnotat
1439 4971 1454 5010 :
1485 4977 1503 5008 ‹
1527 4956 1686 5012 Deest
1705 4956 1898 5014 divisio
1918 4965 2079 5030 atque

501 5031 768 5089 ordinatio
791 5043 1151 5099 regnorum.)
1183 5027 1405 5099 Supplet
1432 5037 1610 5099 autem
1639 5037 1908 5099 utcunque
1936 5027 2080 5086 hunc

503 5105 709 5160 hiatum
757 5096 1064 5169 Nithardus,
1099 5096 1195 5169 lib.
1225 5113 1263 5163 ι,
1311 5097 1622 5169 describens
1670 5096 1876 5167 partem
1928 5103 2078 5169 regni

542 5188 622 5227 me
650 5167 1039 5240 carolo_Calvo
1081 5167 1204 5222 data
1231 5175 1359 5240 est;
1419 5168 1676 5240 «idest,
1726 5185 1774 5223 a-
1801 5170 1935 5223 mari
1983 5167 2081 5240 per

542 5189 622 5227 ιικ
650 5189 843 5225 barow
875 5189 1039 5221 halVO
1081 5189 1204 5222 uata
1239 5189 1359 5230 εδις
1419 5189 1438 5218 ι
1475 5189 1528 5222 ια
1553 5189 1639 5222 651.
1662 5209 1676 5232 ν
1726 5189 1774 5223 ει-
1802 5189 1935 5223 man
1984 5189 2081 5240 per

503 5189 639 5296 lines
686 5237 931 5294 Saxonim
974 5252 1141 5306 usque
1179 5238 1246 5291 ad
1273 5236 1425 5307 fines
1455 5237 1856 5302 Ribuariorum,
1913 5248 2081 5307 totam

505 5312 752 5370 Frisiam,
797 5315 851 5361 et
875 5322 971 5376 per
1006 5305 1140 5362 lines
1168 5305 1854 5363 Ribiiariorum'comitatus
1882 5305 2080 5374 illoilla,

505 5381 645 5444 llalt,
677 5378 1133 5439 Trahammoiant,
1187 5377 1512 5446 Masagobbi',
1558 5379 1748 5432 deinde
1776 5395 1901 5434 vero
1927 5380 2081 5447 quid-

503 5453 631 5521 quid
669 5447 1032 5521 interjlosam
1071 5455 1124 5521 et
1154 5447 1457 5521 Sequanam
1506 5463 1673 5521 usque
1717 5447 2080 5521 Burgundiam

503 5516 608 5574 una
636 5535 757 5574 cum
787 5517 1128 5572 Viridunensi
1157 5516 1422 5579 consistit,
1463 5526 1516 5571 et
1543 5518 1606 5571 de
1634 5516 1939 5584 Burgundia
1962 5518 2082 5571 Tul-

505 5591 728 5652 lensem,
767 5587 1160 5648 Odornensem,
1210 5586 1519 5647 Bedensem,
1568 5587 1904 5651 Blesensem,
1953 5587 2082 5640 Par-

506 5663 770 5720 thensem,
799 5665 1051 5723 utrosque
1079 5655 1387 5717 llarrenses,
1430 5657 1796 5718 Brionenscm,
1849 5657 2088 5711 Tricasi-

507 5744 654 5788 num,
699 5725 1232 5787 Antissiodorensem,
1277 5725 1621 5788 Senonicum,
1663 5725 2078 5789 Wastincnse’m,

514 5797 944 5859 Miliduncnsem,
988 5796 1382 5864 Stanipensem,
1429 5796 1800 5860 Castrensem,
1850 5797 2082 5852 Parisia-

2179 4978 2324 5027 cum,
2359 4969 2412 5015 et
2436 4962 2627 5016 deinde
2671 4975 2770 5031 per
2807 4961 3108 5032 Sequanam
3134 4975 3305 5031 usque
3331 4964 3385 5016 in
3414 4979 3559 5019 mare
3589 4970 3733 5023 Ocea-

2180 5049 2328 5088 num.
2377 5042 2432 5086 et
2483 5034 2781 5102 peripsum
2820 5047 2966 5086 mare
2991 5046 3161 5100 usque
3187 5033 3239 5086 in
3283 5032 3529 5096 Frisiam,
3571 5052 3735 5091 omnes

2180 5103 2429 5157 videlicet
2457 5103 2816 5172 episcopatus,
2853 5103 3114 5164 abbatias,
3147 5104 3456 5172 comitatus,
3489 5105 3664 5171 fiscos,
3694 5117 3736 5161 et

2180 5174 2367 5226 omnia
2391 5170 2528 5226 infra
2553 5172 2838 5240 praedictos
2872 5172 3004 5226 fines
3039 5171 3409 5238 consistentia,
3440 5189 3563 5230 cum
3589 5178 3736 5231 omni-

2181 5243 2282 5314 bus
2316 5242 2384 5314 ad
2413 5256 2472 5296 se
2500 5242 2912 5314 pertinentibus,
2959 5242 3013 5295 in
3040 5251 3357 5314 quacunque
3383 5245 3604 5314 regione
3628 5263 3733 5302 con-

2183 5311 2481 5376 sistebant,
2521 5319 2575 5366 et
2620 5313 2702 5365 sui
2727 5311 2863 5380 juris
2905 5325 3025 5366 esse
3071 5311 3584 5376 videbanturfuna
3634 5332 3731 5372 cum

2183 5382 2503 5436 auctoritate
2529 5382 2704 5436 divina
2730 5391 2887 5450 atque
2914 5392 3130 5450 paterna
3156 5382 3376 5451 praefato
3402 5384 3512 5439 filio
3538 5401 3636 5442 suo
3655 5387 3734 5440 Ca-

2185 5451 2299 5505 rolo
2324 5451 2546 5522 dedit.)
2584 5451 2716 5506 Vide
2741 5453 2899 5506 etiam
2920 5451 3154 5508 Annales
3175 5453 3534 5522 Bertinianos,
3561 5459 3630 5512 ad
3655 5474 3729 5510 an.

2185 5535 2313 5573 num
2339 5520 2460 5574 857.
2491 5521 2690 5574 B.u.oz.

2256 5589 2284 5629 ι)
2311 5589 2386 5643 lta
2416 5590 2599 5660 habuit
2628 5600 2780 5644 vetus
2817 5590 3010 5645 scheda
3050 5606 3209 5660 quam
3234 5608 3334 5648 nos
3370 5593 3621 5649 vidimus.
3664 5595 3732 5649 Sic

2184 5659 2346 5733 etiam
2376 5659 2550 5733 edidit
2577 5659 2818 5733 Pithoeus
2849 5659 3178 5733 Dueln-snius
3205 5662 3364 5717 habet
3390 5664 3660 5733 quemlibet
3685 5664 3732 5716 li-

2186 5729 2362 5780 berum
2412 5727 2690 5781 hominem.
2743 5731 2873 5785 Puto
2909 5739 3085 5784 autem
3133 5732 3281 5785 illum
3326 5727 3430 5787 ista
3460 5745 3731 5790 mutuatum

2185 5814 2303 5855 esse
2330 5815 2396 5853 ex
2422 5801 2594 5867 capite
2620 5811 2810 5856 octavo
2836 5802 3111 5856 divisionis
3133 5802 3310 5858 Caroli
3336 5803 3534 5875 Magni.
