  <div class='ocr_page' id='page_1' title='image "/cluster/home/n/w/nwhite01/storage/ocr_20150623/97/uva.x000827070/334.png"; bbox 0 0 3828 6220; ppageno 0'>
   <div class='ocr_carea' id='block_1_1' title="bbox 117 168 3031 258">
    <p class='ocr_par' dir='ltr' id='par_1_1' title="bbox 117 168 3031 258">
     <span class='ocr_line' id='line_1_1' title="bbox 117 168 3031 258; baseline -0.003 -1"><span class='ocrx_word' id='word_1_1' title='bbox 117 201 206 258; x_wconf 60' lang='grc' dir='ltr'><strong>(ζ’ίῶ</strong></span> <span class='ocrx_word' id='word_1_2' title='bbox 408 168 655 257; x_wconf 19' lang='lat' dir='ltr'><strong>CODEX‘</strong></span> <span class='ocrx_word' id='word_1_3' title='bbox 678 193 1620 256; x_wconf 65' lang='lat' dir='ltr'><strong>DlPLO)l.\TlCUS.~LUDOV’ICI</strong></span> <span class='ocrx_word' id='word_1_4' title='bbox 1656 193 1676 249; x_wconf 90' lang='lat' dir='ltr'><strong>l</strong></span> <span class='ocrx_word' id='word_1_5' title='bbox 1708 191 1795 249; x_wconf 84' lang='lat' dir='ltr'><strong>ET</strong></span> <span class='ocrx_word' id='word_1_6' title='bbox 1827 193 2151 250; x_wconf 70' lang='lat' dir='ltr'><strong>LOTllARll</strong></span> <span class='ocrx_word' id='word_1_7' title='bbox 2182 190 2866 251; x_wconf 68' lang='lat' dir='ltr'><strong>C.\PlTUL:\Rl.-\.—As.</strong></span> <span class='ocrx_word' id='word_1_8' title='bbox 2904 191 3031 250; x_wconf 75' lang='grc'><strong>852.</strong></span> 
     </span>
    </p>
   </div>
   <div class='ocr_carea' id='block_1_2' title="bbox 3277 190 3381 245">
    <p class='ocr_par' dir='ltr' id='par_1_2' title="bbox 3277 190 3381 245">
     <span class='ocr_line' id='line_1_2' title="bbox 3277 190 3381 245; baseline 0.01 -1"><span class='ocrx_word' id='word_1_9' title='bbox 3277 190 3381 245; x_wconf 64' lang='grc' dir='ltr'><strong>κει</strong></span> 
     </span>
    </p>
   </div>
   <div class='ocr_carea' id='block_1_3' title="bbox 182 304 3383 386">
    <p class='ocr_par' dir='ltr' id='par_1_3' title="bbox 182 304 3383 386">
     <span class='ocr_line' id='line_1_3' title="bbox 182 304 3383 386; baseline -0.003 -19"><span class='ocrx_word' id='word_1_10' title='bbox 182 318 256 371; x_wconf 66' lang='lat' dir='ltr'><strong>tsi.</strong></span> <span class='ocrx_word' id='word_1_11' title='bbox 285 315 353 371; x_wconf 84' lang='lat' dir='ltr'><strong>llt</strong></span> <span class='ocrx_word' id='word_1_12' title='bbox 377 331 568 374; x_wconf 89' lang='lat' dir='ltr'><strong>omnes</strong></span> <span class='ocrx_word' id='word_1_13' title='bbox 597 317 687 386; x_wconf 90' lang='lat' dir='ltr'><strong>qui</strong></span> <span class='ocrx_word' id='word_1_14' title='bbox 729 330 825 385; x_wconf 88' lang='lat' dir='ltr'><strong>per</strong></span> <span class='ocrx_word' id='word_1_15' title='bbox 852 313 1031 383; x_wconf 85' lang='lat' dir='ltr'><strong>aliqua</strong></span> <span class='ocrx_word' id='word_1_16' title='bbox 1058 315 1262 371; x_wconf 76' lang='lat' dir='ltr'><strong>scelera</strong></span> <span class='ocrx_word' id='word_1_17' title='bbox 1286 314 1515 371; x_wconf 79' lang='lat' dir='ltr'><strong>rebelles</strong></span> <span class='ocrx_word' id='word_1_18' title='bbox 1542 319 1685 374; x_wconf 85' lang='lat' dir='ltr'><strong>sunt,</strong></span> <span class='ocrx_word' id='word_1_19' title='bbox 1723 317 1768 373; x_wconf 81' lang='grc' dir='ltr'><strong>Λ</strong></span> <span class='ocrx_word' id='word_1_20' title='bbox 1865 309 1920 365; x_wconf 85' lang='lat'><strong>9.</strong></span> <span class='ocrx_word' id='word_1_21' title='bbox 1949 307 2007 365; x_wconf 78' lang='lat' dir='ltr'><strong>Si</strong></span> <span class='ocrx_word' id='word_1_22' title='bbox 2028 308 2149 379; x_wconf 90' lang='lat' dir='ltr'><strong>quis</strong></span> <span class='ocrx_word' id='word_1_23' title='bbox 2161 321 2259 378; x_wconf 88' lang='lat' dir='ltr'><strong>per</strong></span> <span class='ocrx_word' id='word_1_24' title='bbox 2281 304 2422 361; x_wconf 87' lang='lat' dir='ltr'><strong>faida</strong></span> <span class='ocrx_word' id='word_1_25' title='bbox 2444 305 2678 376; x_wconf 60' lang='lat' dir='ltr'><strong>prvtium</strong></span> <span class='ocrx_word' id='word_1_26' title='bbox 2699 304 2941 375; x_wconf 86' lang='lat' dir='ltr'><strong>recipere</strong></span> <span class='ocrx_word' id='word_1_27' title='bbox 2963 320 3070 359; x_wconf 83' lang='lat' dir='ltr'><strong>nun</strong></span> <span class='ocrx_word' id='word_1_28' title='bbox 3095 305 3230 371; x_wconf 83' lang='lat' dir='ltr'><strong>vult,</strong></span> <span class='ocrx_word' id='word_1_29' title='bbox 3254 313 3383 362; x_wconf 73' lang='lat' dir='ltr'><strong>tunc</strong></span> 
     </span>
    </p>
   </div>
   <div class='ocr_carea' id='block_1_4' title="bbox 120 400 1179 480">
    <p class='ocr_par' dir='ltr' id='par_1_4' title="bbox 120 400 1179 480">
     <span class='ocr_line' id='line_1_4' title="bbox 120 400 1179 480; baseline -0.005 -15"><span class='ocrx_word' id='word_1_30' title='bbox 120 411 540 480; x_wconf 67' lang='lat' dir='ltr'><strong>mxustringantur</strong></span> <span class='ocrx_word' id='word_1_31' title='bbox 563 410 631 464; x_wconf 87' lang='lat' dir='ltr'><strong>ab</strong></span> <span class='ocrx_word' id='word_1_32' title='bbox 656 410 818 465; x_wconf 87' lang='lat' dir='ltr'><strong>onmi.</strong></span> <span class='ocrx_word' id='word_1_33' title='bbox 833 400 1179 480; x_wconf 85' lang='lat' dir='ltr'><strong>generaliter.</strong></span> 
     </span>
    </p>
   </div>
   <div class='ocr_carea' id='block_1_5' title="bbox 180 496 1690 573">
    <p class='ocr_par' dir='ltr' id='par_1_5' title="bbox 180 496 1690 573">
     <span class='ocr_line' id='line_1_5' title="bbox 180 496 1690 573; baseline -0.006 -15"><span class='ocrx_word' id='word_1_34' title='bbox 180 503 258 558; x_wconf 84' lang='lat' dir='ltr'><strong>lb&#39;.</strong></span> <span class='ocrx_word' id='word_1_35' title='bbox 288 503 362 557; x_wconf 90' lang='lat' dir='ltr'><strong>De</strong></span> <span class='ocrx_word' id='word_1_36' title='bbox 390 502 475 558; x_wconf 93' lang='lat' dir='ltr'><strong>his</strong></span> <span class='ocrx_word' id='word_1_37' title='bbox 516 501 607 572; x_wconf 95' lang='lat' dir='ltr'><strong>qui</strong></span> <span class='ocrx_word' id='word_1_38' title='bbox 644 501 818 573; x_wconf 83' lang='lat' dir='ltr'><strong>legem</strong></span> <span class='ocrx_word' id='word_1_39' title='bbox 845 514 1065 556; x_wconf 84' lang='lat' dir='ltr'><strong>servare</strong></span> <span class='ocrx_word' id='word_1_40' title='bbox 1105 496 1552 568; x_wconf 70' lang='lat' dir='ltr'><strong>contempserint,</strong></span> <span class='ocrx_word' id='word_1_41' title='bbox 1586 506 1645 550; x_wconf 91' lang='lat' dir='ltr'><strong>ut</strong></span> <span class='ocrx_word' id='word_1_42' title='bbox 1675 499 1690 527; x_wconf 74' lang='lat'><strong><em>‘</em></strong></span> 
     </span>
    </p>
   </div>
   <div class='ocr_carea' id='block_1_6' title="bbox 119 589 1696 668">
    <p class='ocr_par' dir='ltr' id='par_1_6' title="bbox 119 589 1696 668">
     <span class='ocr_line' id='line_1_6' title="bbox 119 589 1696 668; baseline -0.005 -18"><span class='ocrx_word' id='word_1_43' title='bbox 119 611 201 668; x_wconf 87' lang='lat' dir='ltr'><strong>per</strong></span> <span class='ocrx_word' id='word_1_44' title='bbox 227 596 247 626; x_wconf 79' lang='lat'>&#39;</span> <span class='ocrx_word' id='word_1_45' title='bbox 276 594 620 651; x_wconf 88' lang='lat' dir='ltr'><strong>ﬁdeiussores</strong></span> <span class='ocrx_word' id='word_1_46' title='bbox 668 594 723 648; x_wconf 91' lang='lat' dir='ltr'><strong>in</strong></span> <span class='ocrx_word' id='word_1_47' title='bbox 748 592 1108 663; x_wconf 80' lang='lat' dir='ltr'><strong>praesentiam</strong></span> <span class='ocrx_word' id='word_1_48' title='bbox 1146 589 1696 648; x_wconf 82' lang='lat' dir='ltr'><strong>nostramdeducan-</strong></span> 
     </span>
    </p>
   </div>
   <div class='ocr_carea' id='block_1_7' title="bbox 120 688 1621 745">
    <p class='ocr_par' dir='ltr' id='par_1_7' title="bbox 120 688 1621 745">
     <span class='ocr_line' id='line_1_7' title="bbox 120 688 1621 745; baseline -0.001 0"><span class='ocrx_word' id='word_1_49' title='bbox 120 703 215 745; x_wconf 88' lang='lat' dir='ltr'><strong>tur.</strong></span> <span class='ocrx_word' id='word_1_50' title='bbox 1620 688 1621 691; x_wconf 54' lang='grc'><em>“</em></span> 
     </span>
    </p>
   </div>
   <div class='ocr_carea' id='block_1_8' title="bbox 181 774 1698 845">
    <p class='ocr_par' dir='ltr' id='par_1_8' title="bbox 181 774 1698 845">
     <span class='ocr_line' id='line_1_8' title="bbox 181 774 1698 845; baseline -0.003 -12"><span class='ocrx_word' id='word_1_51' title='bbox 181 780 263 833; x_wconf 82' lang='lat' dir='ltr'><strong>l7.</strong></span> <span class='ocrx_word' id='word_1_52' title='bbox 290 778 368 835; x_wconf 89' lang='lat' dir='ltr'><strong>De</strong></span> <span class='ocrx_word' id='word_1_53' title='bbox 394 778 683 845; x_wconf 89' lang='lat' dir='ltr'><strong>mensuris,</strong></span> <span class='ocrx_word' id='word_1_54' title='bbox 728 786 788 833; x_wconf 92' lang='lat' dir='ltr'><strong>ut</strong></span> <span class='ocrx_word' id='word_1_55' title='bbox 813 777 1107 834; x_wconf 89' lang='lat' dir='ltr'><strong>secundum</strong></span> <span class='ocrx_word' id='word_1_56' title='bbox 1135 774 1430 832; x_wconf 85' lang='lat' dir='ltr'><strong>iussionem</strong></span> <span class='ocrx_word' id='word_1_57' title='bbox 1454 782 1698 829; x_wconf 84' lang='lat' dir='ltr'><strong>nostram</strong></span> 
     </span>
    </p>
   </div>
   <div class='ocr_carea' id='block_1_9' title="bbox 120 869 538 941">
    <p class='ocr_par' dir='ltr' id='par_1_9' title="bbox 120 869 538 941">
     <span class='ocr_line' id='line_1_9' title="bbox 120 869 538 941; baseline -0.007 -14"><span class='ocrx_word' id='word_1_58' title='bbox 120 870 355 941; x_wconf 80' lang='lat' dir='ltr'><strong>aequales</strong></span> <span class='ocrx_word' id='word_1_59' title='bbox 384 869 538 925; x_wconf 90' lang='lat' dir='ltr'><strong>ﬁant.</strong></span> 
     </span>
    </p>
   </div>
   <div class='ocr_carea' id='block_1_10' title="bbox 122 963 1702 1055">
    <p class='ocr_par' dir='ltr' id='par_1_10' title="bbox 122 963 1702 1055">
     <span class='ocr_line' id='line_1_10' title="bbox 122 963 1702 1055; baseline -0.006 -15"><span class='ocrx_word' id='word_1_60' title='bbox 122 984 274 1040; x_wconf 81' lang='lat' dir='ltr'><strong>Facto</strong></span> <span class='ocrx_word' id='word_1_61' title='bbox 304 983 596 1055; x_wconf 9' lang='lat' dir='ltr'><strong>copitrulare</strong></span> <span class='ocrx_word' id='word_1_62' title='bbox 645 999 784 1055; x_wconf 68' lang='lat' dir='ltr'><strong>anno</strong></span> <span class='ocrx_word' id='word_1_63' title='bbox 818 982 1021 1055; x_wconf 81' lang='lat' dir='ltr'><strong>imperii</strong></span> <span class='ocrx_word' id='word_1_64' title='bbox 1062 981 1083 1013; x_wconf 84' lang='grc'><strong>⁸</strong></span> <span class='ocrx_word' id='word_1_65' title='bbox 1125 963 1457 1055; x_wconf 68' lang='lat' dir='ltr'><strong>dominorum</strong></span> <span class='ocrx_word' id='word_1_66' title='bbox 1500 989 1702 1055; x_wconf 54' lang='lat' dir='ltr'><strong>nostrae</strong></span> 
     </span>
    </p>
   </div>
   <div class='ocr_carea' id='block_1_11' title="bbox 181 1049 1700 1111">
    <p class='ocr_par' dir='ltr' id='par_1_11' title="bbox 181 1049 1700 1111">
     <span class='ocr_line' id='line_1_11' title="bbox 181 1049 1700 1111; baseline -0.006 0"><span class='ocrx_word' id='word_1_67' title='bbox 181 1073 295 1111; x_wconf 75' lang='lat' dir='ltr'><strong>rum</strong></span> <span class='ocrx_word' id='word_1_68' title='bbox 333 1049 599 1110; x_wconf 75' lang='lat' dir='ltr'><strong>Ludowici</strong></span> <span class='ocrx_word' id='word_1_69' title='bbox 628 1064 676 1109; x_wconf 82' lang='lat' dir='ltr'><strong>et</strong></span> <span class='ocrx_word' id='word_1_70' title='bbox 706 1049 943 1109; x_wconf 76' lang='lat' dir='ltr'><strong>Lonorio</strong></span> <span class='ocrx_word' id='word_1_71' title='bbox 983 1050 1321 1106; x_wconf 82' lang='lat' dir='ltr'><strong>nonodecimo</strong></span> <span class='ocrx_word' id='word_1_72' title='bbox 1357 1061 1404 1104; x_wconf 80' lang='lat' dir='ltr'><strong>et</strong></span> <span class='ocrx_word' id='word_1_73' title='bbox 1450 1049 1700 1104; x_wconf 81' lang='lat' dir='ltr'><strong>tertiode-</strong></span> 
     </span>
    </p>
   </div>
   <div class='ocr_carea' id='block_1_12' title="bbox 175 1119 1442 1193">
    <p class='ocr_par' dir='ltr' id='par_1_12' title="bbox 175 1119 1442 1193">
     <span class='ocr_line' id='line_1_12' title="bbox 175 1119 1442 1193; baseline -0.005 -12"><span class='ocrx_word' id='word_1_74' title='bbox 175 1128 333 1193; x_wconf 80' lang='lat' dir='ltr'><strong>cimo,</strong></span> <span class='ocrx_word' id='word_1_75' title='bbox 372 1141 546 1181; x_wconf 75' lang='lat' dir='ltr'><strong>mense</strong></span> <span class='ocrx_word' id='word_1_76' title='bbox 584 1123 900 1188; x_wconf 82' lang='lat' dir='ltr'><strong>Februario,</strong></span> <span class='ocrx_word' id='word_1_77' title='bbox 930 1119 1193 1177; x_wconf 63' lang='lat' dir='ltr'><strong>iudiciaria</strong></span> <span class='ocrx_word' id='word_1_78' title='bbox 1220 1121 1442 1176; x_wconf 80' lang='lat' dir='ltr'><strong>decima.</strong></span> 
     </span>
    </p>
   </div>
   <div class='ocr_carea' id='block_1_13' title="bbox 146 1237 1197 1285">
    <p class='ocr_par' dir='ltr' id='par_1_13' title="bbox 146 1237 1197 1285">
     <span class='ocr_line' id='line_1_13' title="bbox 146 1237 1197 1285; baseline -0.009 0"><span class='ocrx_word' id='word_1_79' title='bbox 146 1280 147 1285; x_wconf 50' lang='grc' dir='ltr'><strong>η</strong></span> <span class='ocrx_word' id='word_1_80' title='bbox 602 1239 735 1282; x_wconf 65' lang='grc' dir='ltr'><strong>ιτεὶι</strong></span> <span class='ocrx_word' id='word_1_81' title='bbox 763 1239 888 1279; x_wconf 62' lang='grc' dir='ltr'><strong>Αιιλ</strong></span> <span class='ocrx_word' id='word_1_82' title='bbox 912 1237 1197 1278; x_wconf 67' lang='grc' dir='ltr'><strong>(ΖΛΡιτυω.</strong></span> 
     </span>
    </p>
   </div>
   <div class='ocr_carea' id='block_1_14' title="bbox 185 1310 1705 1384">
    <p class='ocr_par' dir='ltr' id='par_1_14' title="bbox 185 1310 1705 1384">
     <span class='ocr_line' id='line_1_14' title="bbox 185 1310 1705 1384; baseline -0.006 -9"><span class='ocrx_word' id='word_1_83' title='bbox 185 1320 233 1375; x_wconf 77' lang='grc' dir='ltr'><strong>Ι.</strong></span> <span class='ocrx_word' id='word_1_84' title='bbox 259 1319 337 1375; x_wconf 88' lang='lat' dir='ltr'><strong>De</strong></span> <span class='ocrx_word' id='word_1_85' title='bbox 368 1317 593 1377; x_wconf 86' lang='lat' dir='ltr'><strong>cerariis</strong></span> <span class='ocrx_word' id='word_1_86' title='bbox 625 1316 649 1349; x_wconf 74' lang='grc'>⁸</span> <span class='ocrx_word' id='word_1_87' title='bbox 685 1324 741 1373; x_wconf 92' lang='lat' dir='ltr'><strong>et</strong></span> <span class='ocrx_word' id='word_1_88' title='bbox 765 1315 1046 1372; x_wconf 89' lang='lat' dir='ltr'><strong>tabulariis</strong></span> <span class='ocrx_word' id='word_1_89' title='bbox 1070 1323 1233 1384; x_wconf 86' lang='lat' dir='ltr'><strong>atque</strong></span> <span class='ocrx_word' id='word_1_90' title='bbox 1258 1310 1601 1379; x_wconf 82' lang='lat' dir='ltr'><strong>cartulariis,</strong></span> <span class='ocrx_word' id='word_1_91' title='bbox 1619 1312 1705 1367; x_wconf 61' lang='lat' dir='ltr'><strong>‘si-</strong></span> 
     </span>
    </p>
   </div>
   <div class='ocr_carea' id='block_1_15' title="bbox 121 1406 1163 1482">
    <p class='ocr_par' dir='ltr' id='par_1_15' title="bbox 121 1406 1163 1482">
     <span class='ocr_line' id='line_1_15' title="bbox 121 1406 1163 1482; baseline -0.012 -12"><span class='ocrx_word' id='word_1_92' title='bbox 121 1421 204 1470; x_wconf 88' lang='lat' dir='ltr'><strong>cut</strong></span> <span class='ocrx_word' id='word_1_93' title='bbox 225 1426 256 1466; x_wconf 88' lang='lat' dir='ltr'><strong>a</strong></span> <span class='ocrx_word' id='word_1_94' title='bbox 285 1410 441 1482; x_wconf 84' lang='lat' dir='ltr'><strong>longo</strong></span> <span class='ocrx_word' id='word_1_95' title='bbox 466 1419 712 1480; x_wconf 88' lang='lat' dir='ltr'><strong>tempore</strong></span> <span class='ocrx_word' id='word_1_96' title='bbox 736 1406 860 1472; x_wconf 88' lang='lat' dir='ltr'><strong>fuit,</strong></span> <span class='ocrx_word' id='word_1_97' title='bbox 897 1413 1163 1462; x_wconf 74' lang='lat' dir='ltr'><strong>servetur.</strong></span> 
     </span>
    </p>
   </div>
   <div class='ocr_carea' id='block_1_16' title="bbox 182 1493 1703 1568">
    <p class='ocr_par' dir='ltr' id='par_1_16' title="bbox 182 1493 1703 1568">
     <span class='ocr_line' id='line_1_16' title="bbox 182 1493 1703 1568; baseline -0.006 -12"><span class='ocrx_word' id='word_1_98' title='bbox 182 1500 235 1556; x_wconf 70' lang='lat'><strong>2.</strong></span> <span class='ocrx_word' id='word_1_99' title='bbox 266 1501 341 1556; x_wconf 86' lang='lat' dir='ltr'><strong>De</strong></span> <span class='ocrx_word' id='word_1_100' title='bbox 367 1498 722 1556; x_wconf 80' lang='lat' dir='ltr'><strong>sacramentis</strong></span> <span class='ocrx_word' id='word_1_101' title='bbox 744 1511 844 1568; x_wconf 86' lang='lat' dir='ltr'><strong>per</strong></span> <span class='ocrx_word' id='word_1_102' title='bbox 874 1495 1086 1552; x_wconf 82' lang='lat' dir='ltr'><strong>ildonea</strong></span> <span class='ocrx_word' id='word_1_103' title='bbox 1126 1494 1357 1551; x_wconf 87' lang='lat' dir='ltr'><strong>invicem</strong></span> <span class='ocrx_word' id='word_1_104' title='bbox 1385 1508 1509 1550; x_wconf 89' lang='lat' dir='ltr'><strong>cum</strong></span> <span class='ocrx_word' id='word_1_105' title='bbox 1553 1493 1703 1548; x_wconf 89' lang='lat' dir='ltr'><strong>iura-</strong></span> 
     </span>
    </p>
   </div>
   <div class='ocr_carea' id='block_1_17' title="bbox 121 1588 1703 1665">
    <p class='ocr_par' dir='ltr' id='par_1_17' title="bbox 121 1588 1703 1665">
     <span class='ocr_line' id='line_1_17' title="bbox 121 1588 1703 1665; baseline -0.003 -15"><span class='ocrx_word' id='word_1_106' title='bbox 121 1595 320 1651; x_wconf 90' lang='lat' dir='ltr'><strong>toribus</strong></span> <span class='ocrx_word' id='word_1_107' title='bbox 344 1610 501 1651; x_wconf 71' lang='lat' dir='ltr'><strong>ncnto</strong></span> <span class='ocrx_word' id='word_1_108' title='bbox 523 1594 704 1652; x_wconf 85' lang='lat' dir='ltr'><strong>facere</strong></span> <span class='ocrx_word' id='word_1_109' title='bbox 730 1601 1063 1665; x_wconf 80' lang='lat' dir='ltr'><strong>praesumat.</strong></span> <span class='ocrx_word' id='word_1_110' title='bbox 1109 1590 1233 1647; x_wconf 82' lang='lat' dir='ltr'><strong>Alio</strong></span> <span class='ocrx_word' id='word_1_111' title='bbox 1260 1605 1388 1646; x_wconf 90' lang='lat' dir='ltr'><strong>vero</strong></span> <span class='ocrx_word' id='word_1_112' title='bbox 1428 1588 1590 1645; x_wconf 90' lang='lat' dir='ltr'><strong>modo</strong></span> <span class='ocrx_word' id='word_1_113' title='bbox 1637 1589 1703 1645; x_wconf 86' lang='lat' dir='ltr'><strong>de</strong></span> 
     </span>
    </p>
   </div>
   <div class='ocr_carea' id='block_1_18' title="bbox 1800 400 3385 474">
    <p class='ocr_par' dir='ltr' id='par_1_18' title="bbox 1800 400 3385 474">
     <span class='ocr_line' id='line_1_18' title="bbox 1800 400 3385 474; baseline 0 -16"><span class='ocrx_word' id='word_1_114' title='bbox 1800 404 1866 459; x_wconf 90' lang='lat' dir='ltr'><strong>ad</strong></span> <span class='ocrx_word' id='word_1_115' title='bbox 1887 419 1988 460; x_wconf 92' lang='lat' dir='ltr'><strong>nos</strong></span> <span class='ocrx_word' id='word_1_116' title='bbox 2015 403 2088 458; x_wconf 88' lang='lat' dir='ltr'><strong>sit</strong></span> <span class='ocrx_word' id='word_1_117' title='bbox 2132 401 2506 467; x_wconf 80' lang='lat' dir='ltr'><strong>transmissus,</strong></span> <span class='ocrx_word' id='word_1_118' title='bbox 2550 409 2607 455; x_wconf 92' lang='lat' dir='ltr'><strong>et</strong></span> <span class='ocrx_word' id='word_1_119' title='bbox 2649 416 2749 456; x_wconf 89' lang='lat' dir='ltr'><strong>nos</strong></span> <span class='ocrx_word' id='word_1_120' title='bbox 2778 415 2902 457; x_wconf 91' lang='lat' dir='ltr'><strong>eum</strong></span> <span class='ocrx_word' id='word_1_121' title='bbox 2953 400 3249 474; x_wconf 77' lang='lat' dir='ltr'><strong>dirigamus</strong></span> <span class='ocrx_word' id='word_1_122' title='bbox 3295 401 3385 458; x_wconf 89' lang='lat' dir='ltr'><strong>ubi</strong></span> 
     </span>
    </p>
   </div>
   <div class='ocr_carea' id='block_1_19' title="bbox 1799 490 3077 563">
    <p class='ocr_par' dir='ltr' id='par_1_19' title="bbox 1799 490 3077 563">
     <span class='ocr_line' id='line_1_19' title="bbox 1799 490 3077 563; baseline -0.009 -12"><span class='ocrx_word' id='word_1_123' title='bbox 1799 496 2054 551; x_wconf 90' lang='lat' dir='ltr'><strong>damnum</strong></span> <span class='ocrx_word' id='word_1_124' title='bbox 2074 494 2296 549; x_wconf 88' lang='lat' dir='ltr'><strong>minime</strong></span> <span class='ocrx_word' id='word_1_125' title='bbox 2318 490 2494 548; x_wconf 90' lang='lat' dir='ltr'><strong>facere</strong></span> <span class='ocrx_word' id='word_1_126' title='bbox 2521 490 2712 563; x_wconf 78' lang='lat' dir='ltr'><strong>possit.</strong></span> <span class='ocrx_word' id='word_1_127' title='bbox 3070 505 3077 511; x_wconf 87' lang='grc'>·</span> 
     </span>
    </p>
   </div>
   <div class='ocr_carea' id='block_1_20' title="bbox 1871 580 3391 654">
    <p class='ocr_par' dir='ltr' id='par_1_20' title="bbox 1871 580 3391 654">
     <span class='ocr_line' id='line_1_20' title="bbox 1871 580 3391 654; baseline -0.001 -13"><span class='ocrx_word' id='word_1_128' title='bbox 1871 584 1959 642; x_wconf 75' lang='grc'><strong>10.</strong></span> <span class='ocrx_word' id='word_1_129' title='bbox 1993 583 2168 640; x_wconf 81' lang='lat' dir='ltr'><strong>Simili</strong></span> <span class='ocrx_word' id='word_1_130' title='bbox 2192 583 2352 638; x_wconf 87' lang='lat' dir='ltr'><strong>modo</strong></span> <span class='ocrx_word' id='word_1_131' title='bbox 2376 590 2430 638; x_wconf 91' lang='lat' dir='ltr'><strong>et</strong></span> <span class='ocrx_word' id='word_1_132' title='bbox 2456 582 2548 653; x_wconf 88' lang='lat' dir='ltr'><strong>qui</strong></span> <span class='ocrx_word' id='word_1_133' title='bbox 2571 581 2592 610; x_wconf 85' lang='lat'>&quot;</span> <span class='ocrx_word' id='word_1_134' title='bbox 2618 596 2719 652; x_wconf 85' lang='lat' dir='ltr'><strong>pro</strong></span> <span class='ocrx_word' id='word_1_135' title='bbox 2751 580 2891 638; x_wconf 81' lang='lat' dir='ltr'><strong>faida</strong></span> <span class='ocrx_word' id='word_1_136' title='bbox 2917 583 3150 654; x_wconf 76' lang='lat' dir='ltr'><strong>pretium</strong></span> <span class='ocrx_word' id='word_1_137' title='bbox 3180 583 3391 639; x_wconf 75' lang='lat' dir='ltr'><strong>solvere</strong></span> 
     </span>
    </p>
   </div>
   <div class='ocr_carea' id='block_1_21' title="bbox 1800 675 3392 741">
    <p class='ocr_par' dir='ltr' id='par_1_21' title="bbox 1800 675 3392 741">
     <span class='ocr_line' id='line_1_21' title="bbox 1800 675 3392 741; baseline -0.002 -5"><span class='ocrx_word' id='word_1_138' title='bbox 1800 680 2086 737; x_wconf 86' lang='lat' dir='ltr'><strong>noluerunt</strong></span> <span class='ocrx_word' id='word_1_139' title='bbox 2116 692 2217 735; x_wconf 87' lang='lat' dir='ltr'><strong>nec</strong></span> <span class='ocrx_word' id='word_1_140' title='bbox 2244 676 2506 733; x_wconf 89' lang='lat' dir='ltr'><strong>iustitiam</strong></span> <span class='ocrx_word' id='word_1_141' title='bbox 2531 675 2726 731; x_wconf 76' lang='lat' dir='ltr'><strong>exinde</strong></span> <span class='ocrx_word' id='word_1_142' title='bbox 2773 675 2972 741; x_wconf 84' lang='lat' dir='ltr'><strong>facere,</strong></span> <span class='ocrx_word' id='word_1_143' title='bbox 3013 677 3070 731; x_wconf 91' lang='lat' dir='ltr'><strong>in</strong></span> <span class='ocrx_word' id='word_1_144' title='bbox 3130 676 3221 732; x_wconf 90' lang='lat' dir='ltr'><strong>tali</strong></span> <span class='ocrx_word' id='word_1_145' title='bbox 3273 676 3392 733; x_wconf 83' lang='lat' dir='ltr'><strong>loco</strong></span> 
     </span>
    </p>
   </div>
   <div class='ocr_carea' id='block_1_22' title="bbox 1798 766 3389 837">
    <p class='ocr_par' dir='ltr' id='par_1_22' title="bbox 1798 766 3389 837">
     <span class='ocr_line' id='line_1_22' title="bbox 1798 766 3389 837; baseline -0.002 -11"><span class='ocrx_word' id='word_1_146' title='bbox 1798 786 1923 827; x_wconf 85' lang='lat' dir='ltr'><strong>cum</strong></span> <span class='ocrx_word' id='word_1_147' title='bbox 1952 771 2168 825; x_wconf 90' lang='lat' dir='ltr'><strong>mittere</strong></span> <span class='ocrx_word' id='word_1_148' title='bbox 2198 768 2470 835; x_wconf 82' lang='lat' dir='ltr'><strong>volumus,</strong></span> <span class='ocrx_word' id='word_1_149' title='bbox 2493 773 2553 822; x_wconf 92' lang='lat' dir='ltr'><strong>ut</strong></span> <span class='ocrx_word' id='word_1_150' title='bbox 2575 780 2674 837; x_wconf 89' lang='lat' dir='ltr'><strong>pro</strong></span> <span class='ocrx_word' id='word_1_151' title='bbox 2696 766 2891 823; x_wconf 85' lang='lat' dir='ltr'><strong>eodem</strong></span> <span class='ocrx_word' id='word_1_152' title='bbox 2920 766 3097 823; x_wconf 82' lang='lat' dir='ltr'><strong>maior</strong></span> <span class='ocrx_word' id='word_1_153' title='bbox 3131 767 3389 823; x_wconf 89' lang='lat' dir='ltr'><strong>damnum</strong></span> 
     </span>
    </p>
   </div>
   <div class='ocr_carea' id='block_1_23' title="bbox 1804 869 2158 919">
    <p class='ocr_par' dir='ltr' id='par_1_23' title="bbox 1804 869 2158 919">
     <span class='ocr_line' id='line_1_23' title="bbox 1804 869 2158 919; baseline -0.008 -1"><span class='ocrx_word' id='word_1_154' title='bbox 1804 877 1909 919; x_wconf 82' lang='grc' dir='ltr'><strong>ιιοη</strong></span> <span class='ocrx_word' id='word_1_155' title='bbox 1930 869 2158 919; x_wconf 90' lang='lat' dir='ltr'><strong>crescat.</strong></span> 
     </span>
    </p>
   </div>
   <div class='ocr_carea' id='block_1_24' title="bbox 1874 948 3392 1020">
    <p class='ocr_par' dir='ltr' id='par_1_24' title="bbox 1874 948 3392 1020">
     <span class='ocr_line' id='line_1_24' title="bbox 1874 948 3392 1020; baseline -0.003 -10"><span class='ocrx_word' id='word_1_156' title='bbox 1874 955 1963 1010; x_wconf 83' lang='lat' dir='ltr'><strong>ll.</strong></span> <span class='ocrx_word' id='word_1_157' title='bbox 2013 954 2090 1010; x_wconf 85' lang='lat' dir='ltr'><strong>De</strong></span> <span class='ocrx_word' id='word_1_158' title='bbox 2126 951 2427 1008; x_wconf 87' lang='lat' dir='ltr'><strong>latronibus</strong></span> <span class='ocrx_word' id='word_1_159' title='bbox 2470 950 2546 1006; x_wconf 92' lang='lat' dir='ltr'><strong>ita</strong></span> <span class='ocrx_word' id='word_1_160' title='bbox 2575 948 2937 1020; x_wconf 85' lang='lat' dir='ltr'><strong>praecipimus</strong></span> <span class='ocrx_word' id='word_1_161' title='bbox 2973 948 3392 1016; x_wconf 81' lang='lat' dir='ltr'><strong>observandum,</strong></span> 
     </span>
    </p>
   </div>
   <div class='ocr_carea' id='block_1_25' title="bbox 1801 1040 3397 1119">
    <p class='ocr_par' dir='ltr' id='par_1_25' title="bbox 1801 1040 3397 1119">
     <span class='ocr_line' id='line_1_25' title="bbox 1801 1040 3397 1119; baseline -0.004 -16"><span class='ocrx_word' id='word_1_162' title='bbox 1801 1056 1861 1103; x_wconf 91' lang='lat' dir='ltr'><strong>ut</strong></span> <span class='ocrx_word' id='word_1_163' title='bbox 1882 1047 2054 1119; x_wconf 89' lang='lat' dir='ltr'><strong>prima</strong></span> <span class='ocrx_word' id='word_1_164' title='bbox 2075 1044 2229 1116; x_wconf 86' lang='lat' dir='ltr'><strong>culpa</strong></span> <span class='ocrx_word' id='word_1_165' title='bbox 2258 1058 2366 1099; x_wconf 91' lang='lat' dir='ltr'><strong>non</strong></span> <span class='ocrx_word' id='word_1_166' title='bbox 2404 1042 2689 1100; x_wconf 88' lang='lat' dir='ltr'><strong>moriatur.</strong></span> <span class='ocrx_word' id='word_1_167' title='bbox 2714 1042 2790 1099; x_wconf 89' lang='lat' dir='ltr'><strong>Dc</strong></span> <span class='ocrx_word' id='word_1_168' title='bbox 2828 1042 3065 1099; x_wconf 86' lang='lat' dir='ltr'><strong>secunda</strong></span> <span class='ocrx_word' id='word_1_169' title='bbox 3095 1058 3225 1100; x_wconf 89' lang='lat' dir='ltr'><strong>vero</strong></span> <span class='ocrx_word' id='word_1_170' title='bbox 3277 1040 3397 1101; x_wconf 83' lang='lat' dir='ltr'><strong>cul-</strong></span> 
     </span>
    </p>
   </div>
   <div class='ocr_carea' id='block_1_26' title="bbox 1802 1133 3394 1215">
    <p class='ocr_par' dir='ltr' id='par_1_26' title="bbox 1802 1133 3394 1215">
     <span class='ocr_line' id='line_1_26' title="bbox 1802 1133 3394 1215; baseline -0.002 -20"><span class='ocrx_word' id='word_1_171' title='bbox 1802 1154 1871 1210; x_wconf 92' lang='lat' dir='ltr'><strong>pa</strong></span> <span class='ocrx_word' id='word_1_172' title='bbox 1896 1152 2088 1194; x_wconf 90' lang='lat' dir='ltr'><strong>nasum</strong></span> <span class='ocrx_word' id='word_1_173' title='bbox 2105 1136 2315 1209; x_wconf 85' lang='lat' dir='ltr'><strong>perdat.</strong></span> <span class='ocrx_word' id='word_1_174' title='bbox 2338 1134 2416 1191; x_wconf 89' lang='lat' dir='ltr'><strong>De</strong></span> <span class='ocrx_word' id='word_1_175' title='bbox 2437 1134 2617 1201; x_wconf 91' lang='lat' dir='ltr'><strong>tertia,</strong></span> <span class='ocrx_word' id='word_1_176' title='bbox 2648 1133 2824 1215; x_wconf 79' lang='lat' dir='ltr'><strong>sinon</strong></span> <span class='ocrx_word' id='word_1_177' title='bbox 2858 1136 3249 1204; x_wconf 86' lang='lat' dir='ltr'><strong>emendaverit,</strong></span> <span class='ocrx_word' id='word_1_178' title='bbox 3273 1151 3394 1192; x_wconf 84' lang='lat' dir='ltr'><strong>mo-</strong></span> 
     </span>
    </p>
   </div>
   <div class='ocr_carea' id='block_1_27' title="bbox 1807 1229 1998 1284">
    <p class='ocr_par' dir='ltr' id='par_1_27' title="bbox 1807 1229 1998 1284">
     <span class='ocr_line' id='line_1_27' title="bbox 1807 1229 1998 1284; baseline 0.005 -1"><span class='ocrx_word' id='word_1_179' title='bbox 1807 1229 1998 1284; x_wconf 87' lang='lat' dir='ltr'><strong>riatur.</strong></span> 
     </span>
    </p>
   </div>
   <div class='ocr_carea' id='block_1_28' title="bbox 1876 1318 3397 1391">
    <p class='ocr_par' dir='ltr' id='par_1_28' title="bbox 1876 1318 3397 1391">
     <span class='ocr_line' id='line_1_28' title="bbox 1876 1318 3397 1391; baseline 0.002 -15"><span class='ocrx_word' id='word_1_180' title='bbox 1876 1318 1964 1376; x_wconf 72' lang='grc' dir='ltr'><strong>η.</strong></span> <span class='ocrx_word' id='word_1_181' title='bbox 1990 1320 2066 1378; x_wconf 88' lang='lat' dir='ltr'><strong>De</strong></span> <span class='ocrx_word' id='word_1_182' title='bbox 2097 1320 2423 1378; x_wconf 88' lang='lat' dir='ltr'><strong>monasteria</strong></span> <span class='ocrx_word' id='word_1_183' title='bbox 2438 1329 2502 1375; x_wconf 81' lang='lat' dir='ltr'><strong>et</strong></span> <span class='ocrx_word' id='word_1_184' title='bbox 2527 1318 2842 1377; x_wconf 86' lang='lat' dir='ltr'><strong>sinodocbia</strong></span> <span class='ocrx_word' id='word_1_185' title='bbox 2870 1318 2961 1391; x_wconf 88' lang='lat' dir='ltr'><strong>qui</strong></span> <span class='ocrx_word' id='word_1_186' title='bbox 2999 1334 3102 1391; x_wconf 89' lang='lat' dir='ltr'><strong>per</strong></span> <span class='ocrx_word' id='word_1_187' title='bbox 3151 1320 3397 1379; x_wconf 81' lang='lat' dir='ltr'><strong>diversos</strong></span> 
     </span>
    </p>
   </div>
   <div class='ocr_carea' id='block_1_29' title="bbox 1805 1411 3396 1495">
    <p class='ocr_par' dir='ltr' id='par_1_29' title="bbox 1805 1411 3396 1495">
     <span class='ocr_line' id='line_1_29' title="bbox 1805 1411 3396 1495; baseline 0.001 -27"><span class='ocrx_word' id='word_1_188' title='bbox 1805 1412 2091 1470; x_wconf 86' lang='lat' dir='ltr'><strong>comitatos</strong></span> <span class='ocrx_word' id='word_1_189' title='bbox 2114 1426 2238 1469; x_wconf 88' lang='lat' dir='ltr'><strong>esse</strong></span> <span class='ocrx_word' id='word_1_190' title='bbox 2272 1411 2531 1491; x_wconf 78' lang='lat' dir='ltr'><strong>videntur</strong></span> <span class='ocrx_word' id='word_1_191' title='bbox 2557 1419 2614 1495; x_wconf 71' lang='lat' dir='ltr'><strong>et</strong></span> <span class='ocrx_word' id='word_1_192' title='bbox 2638 1411 2788 1483; x_wconf 82' lang='lat' dir='ltr'><strong>regia</strong></span> <span class='ocrx_word' id='word_1_193' title='bbox 2842 1422 2994 1479; x_wconf 86' lang='lat' dir='ltr'><strong>sunt,</strong></span> <span class='ocrx_word' id='word_1_194' title='bbox 3043 1421 3109 1469; x_wconf 89' lang='lat' dir='ltr'><strong>ut</strong></span> <span class='ocrx_word' id='word_1_195' title='bbox 3145 1412 3396 1485; x_wconf 85' lang='lat' dir='ltr'><strong>quicum-</strong></span> 
     </span>
    </p>
   </div>
   <div class='ocr_carea' id='block_1_30' title="bbox 1805 1504 3399 1584">
    <p class='ocr_par' dir='ltr' id='par_1_30' title="bbox 1805 1504 3399 1584">
     <span class='ocr_line' id='line_1_30' title="bbox 1805 1504 3399 1584; baseline 0.003 -23"><span class='ocrx_word' id='word_1_196' title='bbox 1805 1520 1913 1577; x_wconf 87' lang='lat' dir='ltr'><strong>que</strong></span> <span class='ocrx_word' id='word_1_197' title='bbox 1935 1521 2028 1562; x_wconf 89' lang='lat' dir='ltr'><strong>cas</strong></span> <span class='ocrx_word' id='word_1_198' title='bbox 2047 1507 2252 1564; x_wconf 84' lang='lat' dir='ltr'><strong>habere</strong></span> <span class='ocrx_word' id='word_1_199' title='bbox 2268 1505 2565 1584; x_wconf 76' lang='lat' dir='ltr'><strong>voluerint,</strong></span> <span class='ocrx_word' id='word_1_200' title='bbox 2595 1514 2695 1579; x_wconf 84' lang='lat' dir='ltr'><strong>per</strong></span> <span class='ocrx_word' id='word_1_201' title='bbox 2719 1504 3042 1564; x_wconf 83' lang='lat' dir='ltr'><strong>beneﬁcium</strong></span> <span class='ocrx_word' id='word_1_202' title='bbox 3071 1507 3270 1566; x_wconf 89' lang='lat' dir='ltr'><strong>domno</strong></span> <span class='ocrx_word' id='word_1_203' title='bbox 3295 1523 3399 1566; x_wconf 85' lang='lat' dir='ltr'><strong>no-</strong></span> 
     </span>
    </p>
   </div>
   <div class='ocr_carea' id='block_1_31' title="bbox 1805 1596 2705 1667">
    <p class='ocr_par' dir='ltr' id='par_1_31' title="bbox 1805 1596 2705 1667">
     <span class='ocr_line' id='line_1_31' title="bbox 1805 1596 2705 1667; baseline -0.007 -14"><span class='ocrx_word' id='word_1_204' title='bbox 1805 1603 1922 1653; x_wconf 88' lang='lat' dir='ltr'><strong>stro</strong></span> <span class='ocrx_word' id='word_1_205' title='bbox 1944 1597 2087 1667; x_wconf 84' lang='lat' dir='ltr'><strong>regis</strong></span> <span class='ocrx_word' id='word_1_206' title='bbox 2113 1596 2364 1653; x_wconf 85' lang='lat' dir='ltr'><strong>habeant.</strong></span> <span class='ocrx_word' id='word_1_207' title='bbox 2701 1640 2705 1647; x_wconf 94' lang='lat'><strong>.</strong></span> 
     </span>
    </p>
   </div>
   <div class='ocr_carea' id='block_1_32' title="bbox 124 1671 3396 1769">
    <p class='ocr_par' dir='ltr' id='par_1_32' title="bbox 124 1671 3396 1769">
     <span class='ocr_line' id='line_1_32' title="bbox 124 1671 3396 1769; baseline 0.004 -31"><span class='ocrx_word' id='word_1_208' title='bbox 124 1684 324 1741; x_wconf 88' lang='lat' dir='ltr'><strong>illorum</strong></span> <span class='ocrx_word' id='word_1_209' title='bbox 348 1671 648 1742; x_wconf 82' lang='lat' dir='ltr'><strong>elimosinis</strong></span> <span class='ocrx_word' id='word_1_210' title='bbox 679 1694 782 1769; x_wconf 81' lang='lat' dir='ltr'><strong>aut</strong></span> <span class='ocrx_word' id='word_1_211' title='bbox 807 1686 873 1742; x_wconf 91' lang='lat' dir='ltr'><strong>de</strong></span> <span class='ocrx_word' id='word_1_212' title='bbox 915 1682 1181 1740; x_wconf 89' lang='lat' dir='ltr'><strong>mceudiis</strong></span> <span class='ocrx_word' id='word_1_213' title='bbox 1205 1690 1300 1737; x_wconf 93' lang='lat' dir='ltr'><strong>aut</strong></span> <span class='ocrx_word' id='word_1_214' title='bbox 1324 1680 1391 1737; x_wconf 89' lang='lat' dir='ltr'><strong>de</strong></span> <span class='ocrx_word' id='word_1_215' title='bbox 1423 1679 1704 1752; x_wconf 81' lang='lat' dir='ltr'><strong>naufragio</strong></span> <span class='ocrx_word' id='word_1_216' title='bbox 1733 1688 1780 1751; x_wconf 71' lang='grc' dir='ltr'><strong>υ</strong></span> <span class='ocrx_word' id='word_1_217' title='bbox 1880 1688 1967 1745; x_wconf 72' lang='grc'><strong>15.</strong></span> <span class='ocrx_word' id='word_1_218' title='bbox 2009 1688 2085 1745; x_wconf 84' lang='lat' dir='ltr'><strong>De</strong></span> <span class='ocrx_word' id='word_1_219' title='bbox 2113 1689 2275 1745; x_wconf 81' lang='lat' dir='ltr'><strong>rebus</strong></span> <span class='ocrx_word' id='word_1_220' title='bbox 2301 1688 2396 1760; x_wconf 78' lang='lat' dir='ltr'><strong>qui</strong></span> <span class='ocrx_word' id='word_1_221' title='bbox 2433 1686 2757 1746; x_wconf 81' lang='lat' dir='ltr'><strong>ilildccarde</strong></span> <span class='ocrx_word' id='word_1_222' title='bbox 2803 1689 2999 1769; x_wconf 78' lang='lat' dir='ltr'><strong>regine</strong></span> <span class='ocrx_word' id='word_1_223' title='bbox 3025 1692 3225 1750; x_wconf 84' lang='lat' dir='ltr'><strong>tradite</strong></span> <span class='ocrx_word' id='word_1_224' title='bbox 3273 1692 3396 1752; x_wconf 86' lang='lat' dir='ltr'><strong>fue-</strong></span> 
     </span>
    </p>
   </div>
   <div class='ocr_carea' id='block_1_33' title="bbox 122 1763 1704 1851">
    <p class='ocr_par' dir='ltr' id='par_1_33' title="bbox 122 1763 1704 1851">
     <span class='ocr_line' id='line_1_33' title="bbox 122 1763 1704 1851; baseline -0.004 -17"><span class='ocrx_word' id='word_1_225' title='bbox 122 1780 356 1851; x_wconf 89' lang='lat' dir='ltr'><strong>quamvis</strong></span> <span class='ocrx_word' id='word_1_226' title='bbox 395 1763 782 1836; x_wconf 80' lang='lat' dir='ltr'><strong>convenentias</strong></span> <span class='ocrx_word' id='word_1_227' title='bbox 827 1776 1051 1849; x_wconf 78' lang='lat' dir='ltr'><strong>faciant,</strong></span> <span class='ocrx_word' id='word_1_228' title='bbox 1100 1789 1261 1832; x_wconf 90' lang='lat' dir='ltr'><strong>nemo</strong></span> <span class='ocrx_word' id='word_1_229' title='bbox 1294 1773 1350 1829; x_wconf 87' lang='lat' dir='ltr'><strong>in</strong></span> <span class='ocrx_word' id='word_1_230' title='bbox 1388 1774 1491 1830; x_wconf 91' lang='lat' dir='ltr'><strong>hoc</strong></span> <span class='ocrx_word' id='word_1_231' title='bbox 1525 1773 1704 1829; x_wconf 83' lang='lat' dir='ltr'><strong>iurare</strong></span> 
     </span>
    </p>
   </div>
   <div class='ocr_carea' id='block_1_34' title="bbox 123 1881 438 1942">
    <p class='ocr_par' dir='ltr' id='par_1_34' title="bbox 123 1881 438 1942">
     <span class='ocr_line' id='line_1_34' title="bbox 123 1881 438 1942; baseline 0 -15"><span class='ocrx_word' id='word_1_232' title='bbox 123 1881 438 1942; x_wconf 79' lang='lat' dir='ltr'><strong>praesumat.</strong></span> 
     </span>
    </p>
   </div>
   <div class='ocr_carea' id='block_1_35' title="bbox 182 1963 1440 2034">
    <p class='ocr_par' dir='ltr' id='par_1_35' title="bbox 182 1963 1440 2034">
     <span class='ocr_line' id='line_1_35' title="bbox 182 1963 1440 2034; baseline -0.006 -13"><span class='ocrx_word' id='word_1_233' title='bbox 182 1966 234 2021; x_wconf 81' lang='grc'><strong>5.</strong></span> <span class='ocrx_word' id='word_1_234' title='bbox 264 1964 342 2021; x_wconf 90' lang='lat' dir='ltr'><strong>De</strong></span> <span class='ocrx_word' id='word_1_235' title='bbox 365 1974 537 2022; x_wconf 89' lang='lat' dir='ltr'><strong>truste</strong></span> <span class='ocrx_word' id='word_1_236' title='bbox 569 1963 818 2022; x_wconf 88' lang='lat' dir='ltr'><strong>faciendo</strong></span> <span class='ocrx_word' id='word_1_237' title='bbox 848 1978 1008 2021; x_wconf 87' lang='lat' dir='ltr'><strong>nemo</strong></span> <span class='ocrx_word' id='word_1_238' title='bbox 1034 1968 1440 2034; x_wconf 83' lang='lat' dir='ltr'><strong>praesumatur.</strong></span> 
     </span>
    </p>
   </div>
   <div class='ocr_carea' id='block_1_36' title="bbox 183 2054 1703 2128">
    <p class='ocr_par' dir='ltr' id='par_1_36' title="bbox 183 2054 1703 2128">
     <span class='ocr_line' id='line_1_36' title="bbox 183 2054 1703 2128; baseline -0.006 -15"><span class='ocrx_word' id='word_1_239' title='bbox 183 2057 234 2113; x_wconf 69' lang='grc' dir='ltr'><strong>ὁ.</strong></span> <span class='ocrx_word' id='word_1_240' title='bbox 263 2056 362 2126; x_wconf 81' lang='lat' dir='ltr'><strong>Qui</strong></span> <span class='ocrx_word' id='word_1_241' title='bbox 391 2057 460 2113; x_wconf 89' lang='lat' dir='ltr'><strong>ad</strong></span> <span class='ocrx_word' id='word_1_242' title='bbox 484 2056 743 2128; x_wconf 82' lang='lat' dir='ltr'><strong>palatium</strong></span> <span class='ocrx_word' id='word_1_243' title='bbox 780 2064 875 2111; x_wconf 90' lang='lat' dir='ltr'><strong>aut</strong></span> <span class='ocrx_word' id='word_1_244' title='bbox 901 2054 1065 2111; x_wconf 86' lang='lat' dir='ltr'><strong>aliubi</strong></span> <span class='ocrx_word' id='word_1_245' title='bbox 1099 2060 1352 2125; x_wconf 67' lang='lat' dir='ltr'><strong>pergunt,</strong></span> <span class='ocrx_word' id='word_1_246' title='bbox 1382 2059 1442 2107; x_wconf 92' lang='lat' dir='ltr'><strong>ut</strong></span> <span class='ocrx_word' id='word_1_247' title='bbox 1465 2065 1560 2108; x_wconf 92' lang='lat' dir='ltr'><strong>eos</strong></span> <span class='ocrx_word' id='word_1_248' title='bbox 1579 2064 1703 2106; x_wconf 92' lang='lat' dir='ltr'><strong>cum</strong></span> 
     </span>
    </p>
   </div>
   <div class='ocr_carea' id='block_1_37' title="bbox 124 2142 1703 2205">
    <p class='ocr_par' dir='ltr' id='par_1_37' title="bbox 124 2142 1703 2205">
     <span class='ocr_line' id='line_1_37' title="bbox 124 2142 1703 2205; baseline -0.004 -1"><span class='ocrx_word' id='word_1_249' title='bbox 124 2148 334 2204; x_wconf 86' lang='lat' dir='ltr'><strong>collecta</strong></span> <span class='ocrx_word' id='word_1_250' title='bbox 360 2164 521 2205; x_wconf 89' lang='lat' dir='ltr'><strong>nemo</strong></span> <span class='ocrx_word' id='word_1_251' title='bbox 547 2148 619 2204; x_wconf 89' lang='lat' dir='ltr'><strong>sit</strong></span> <span class='ocrx_word' id='word_1_252' title='bbox 645 2162 812 2203; x_wconf 89' lang='lat' dir='ltr'><strong>ausus</strong></span> <span class='ocrx_word' id='word_1_253' title='bbox 836 2145 1091 2203; x_wconf 85' lang='lat' dir='ltr'><strong>adsalire.</strong></span> <span class='ocrx_word' id='word_1_254' title='bbox 1129 2144 1197 2200; x_wconf 83' lang='lat' dir='ltr'><strong>Et</strong></span> <span class='ocrx_word' id='word_1_255' title='bbox 1224 2157 1383 2199; x_wconf 88' lang='lat' dir='ltr'><strong>nemo</strong></span> <span class='ocrx_word' id='word_1_256' title='bbox 1407 2144 1591 2199; x_wconf 89' lang='lat' dir='ltr'><strong>erbam</strong></span> <span class='ocrx_word' id='word_1_257' title='bbox 1621 2142 1703 2198; x_wconf 88' lang='lat' dir='ltr'><strong>al—</strong></span> 
     </span>
    </p>
   </div>
   <div class='ocr_carea' id='block_1_38' title="bbox 126 2231 1703 2308">
    <p class='ocr_par' dir='ltr' id='par_1_38' title="bbox 126 2231 1703 2308">
     <span class='ocr_line' id='line_1_38' title="bbox 126 2231 1703 2308; baseline -0.003 -16"><span class='ocrx_word' id='word_1_258' title='bbox 126 2238 282 2294; x_wconf 86' lang='lat' dir='ltr'><strong>terius</strong></span> <span class='ocrx_word' id='word_1_259' title='bbox 311 2246 550 2308; x_wconf 88' lang='lat' dir='ltr'><strong>tempore</strong></span> <span class='ocrx_word' id='word_1_260' title='bbox 573 2236 906 2293; x_wconf 80' lang='lat' dir='ltr'><strong>defensionis</strong></span> <span class='ocrx_word' id='word_1_261' title='bbox 931 2234 1121 2292; x_wconf 90' lang='lat' dir='ltr'><strong>tollere</strong></span> <span class='ocrx_word' id='word_1_262' title='bbox 1144 2240 1477 2305; x_wconf 86' lang='lat' dir='ltr'><strong>praesumat,</strong></span> <span class='ocrx_word' id='word_1_263' title='bbox 1515 2232 1619 2294; x_wconf 85' lang='lat' dir='ltr'><strong>nisi</strong></span> <span class='ocrx_word' id='word_1_264' title='bbox 1648 2231 1703 2288; x_wconf 92' lang='lat' dir='ltr'><strong>in</strong></span> 
     </span>
    </p>
   </div>
   <div class='ocr_carea' id='block_1_39' title="bbox 125 2323 1705 2400">
    <p class='ocr_par' dir='ltr' id='par_1_39' title="bbox 125 2323 1705 2400">
     <span class='ocr_line' id='line_1_39' title="bbox 125 2323 1705 2400; baseline 0.001 -19"><span class='ocrx_word' id='word_1_265' title='bbox 125 2325 266 2383; x_wconf 89' lang='lat' dir='ltr'><strong>hoste</strong></span> <span class='ocrx_word' id='word_1_266' title='bbox 288 2327 640 2400; x_wconf 81' lang='lat' dir='ltr'><strong>pergendum,</strong></span> <span class='ocrx_word' id='word_1_267' title='bbox 667 2335 762 2383; x_wconf 89' lang='lat' dir='ltr'><strong>aut</strong></span> <span class='ocrx_word' id='word_1_268' title='bbox 786 2327 988 2383; x_wconf 88' lang='lat' dir='ltr'><strong>missus</strong></span> <span class='ocrx_word' id='word_1_269' title='bbox 1013 2336 1201 2383; x_wconf 89' lang='lat' dir='ltr'><strong>noster</strong></span> <span class='ocrx_word' id='word_1_270' title='bbox 1224 2324 1317 2382; x_wconf 90' lang='lat' dir='ltr'><strong>sit.</strong></span> <span class='ocrx_word' id='word_1_271' title='bbox 1348 2324 1520 2395; x_wconf 88' lang='lat' dir='ltr'><strong>thui</strong></span> <span class='ocrx_word' id='word_1_272' title='bbox 1544 2323 1705 2382; x_wconf 86' lang='lat' dir='ltr'><strong>aliter</strong></span> 
     </span>
    </p>
   </div>
   <div class='ocr_carea' id='block_1_40' title="bbox 127 2417 944 2487">
    <p class='ocr_par' dir='ltr' id='par_1_40' title="bbox 127 2417 944 2487">
     <span class='ocr_line' id='line_1_40' title="bbox 127 2417 944 2487; baseline 0 -15"><span class='ocrx_word' id='word_1_273' title='bbox 127 2428 421 2487; x_wconf 72' lang='lat' dir='ltr'><strong>praesentet</strong></span> <span class='ocrx_word' id='word_1_274' title='bbox 446 2418 649 2486; x_wconf 84' lang='lat' dir='ltr'><strong>facere,</strong></span> <span class='ocrx_word' id='word_1_275' title='bbox 675 2417 944 2475; x_wconf 90' lang='lat' dir='ltr'><strong>emendet.</strong></span> 
     </span>
    </p>
   </div>
   <div class='ocr_carea' id='block_1_41' title="bbox 142 2510 1704 2587">
    <p class='ocr_par' dir='ltr' id='par_1_41' title="bbox 142 2510 1704 2587">
     <span class='ocr_line' id='line_1_41' title="bbox 142 2510 1704 2587; baseline 0.001 -23"><span class='ocrx_word' id='word_1_276' title='bbox 142 2546 155 2573; x_wconf 61' lang='grc' dir='ltr'><strong>ι</strong></span> <span class='ocrx_word' id='word_1_277' title='bbox 188 2510 239 2564; x_wconf 81' lang='lat'><strong>5.</strong></span> <span class='ocrx_word' id='word_1_278' title='bbox 273 2511 344 2566; x_wconf 91' lang='lat' dir='ltr'><strong>De</strong></span> <span class='ocrx_word' id='word_1_279' title='bbox 385 2511 615 2587; x_wconf 88' lang='lat' dir='ltr'><strong>teloncis</strong></span> <span class='ocrx_word' id='word_1_280' title='bbox 658 2525 797 2582; x_wconf 88' lang='lat' dir='ltr'><strong>quae</strong></span> <span class='ocrx_word' id='word_1_281' title='bbox 833 2512 941 2568; x_wconf 89' lang='lat' dir='ltr'><strong>iam</strong></span> <span class='ocrx_word' id='word_1_282' title='bbox 987 2520 1147 2568; x_wconf 85' lang='lat' dir='ltr'><strong>antea</strong></span> <span class='ocrx_word' id='word_1_283' title='bbox 1189 2510 1497 2568; x_wconf 82' lang='lat' dir='ltr'><strong>forbanuita</strong></span> <span class='ocrx_word' id='word_1_284' title='bbox 1529 2511 1550 2542; x_wconf 80' lang='lat'><strong><em>&quot;</em></strong></span> <span class='ocrx_word' id='word_1_285' title='bbox 1581 2510 1704 2566; x_wconf 85' lang='lat' dir='ltr'><strong>fuc-</strong></span> 
     </span>
    </p>
   </div>
   <div class='ocr_carea' id='block_1_42' title="bbox 130 2603 1512 2685">
    <p class='ocr_par' dir='ltr' id='par_1_42' title="bbox 130 2603 1512 2685">
     <span class='ocr_line' id='line_1_42' title="bbox 130 2603 1512 2685; baseline 0.001 -28"><span class='ocrx_word' id='word_1_286' title='bbox 130 2610 262 2665; x_wconf 86' lang='lat' dir='ltr'><strong>runt;</strong></span> <span class='ocrx_word' id='word_1_287' title='bbox 294 2617 450 2661; x_wconf 89' lang='lat' dir='ltr'><strong>nemo</strong></span> <span class='ocrx_word' id='word_1_288' title='bbox 478 2603 653 2670; x_wconf 85' lang='lat' dir='ltr'><strong>tollat,</strong></span> <span class='ocrx_word' id='word_1_289' title='bbox 683 2604 788 2659; x_wconf 87' lang='lat' dir='ltr'><strong>nisi</strong></span> <span class='ocrx_word' id='word_1_290' title='bbox 821 2603 912 2662; x_wconf 92' lang='lat' dir='ltr'><strong>ubi</strong></span> <span class='ocrx_word' id='word_1_291' title='bbox 940 2604 1246 2685; x_wconf 76' lang='lat' dir='ltr'><strong>antiquitus</strong></span> <span class='ocrx_word' id='word_1_292' title='bbox 1274 2603 1512 2666; x_wconf 88' lang='lat' dir='ltr'><strong>fuerunt.</strong></span> 
     </span>
    </p>
   </div>
   <div class='ocr_carea' id='block_1_43' title="bbox 192 2686 1706 2767">
    <p class='ocr_par' dir='ltr' id='par_1_43' title="bbox 192 2686 1706 2767">
     <span class='ocr_line' id='line_1_43' title="bbox 192 2686 1706 2767; baseline 0.001 -18"><span class='ocrx_word' id='word_1_293' title='bbox 192 2686 242 2750; x_wconf 77' lang='grc' dir='ltr'><strong>Β.</strong></span> <span class='ocrx_word' id='word_1_294' title='bbox 270 2695 341 2752; x_wconf 88' lang='lat' dir='ltr'><strong>De</strong></span> <span class='ocrx_word' id='word_1_295' title='bbox 374 2696 659 2767; x_wconf 81' lang='lat' dir='ltr'><strong>mancipiis</strong></span> <span class='ocrx_word' id='word_1_296' title='bbox 684 2712 824 2767; x_wconf 87' lang='lat' dir='ltr'><strong>quae</strong></span> <span class='ocrx_word' id='word_1_297' title='bbox 852 2696 1179 2762; x_wconf 81' lang='lat' dir='ltr'><strong>vendantur,</strong></span> <span class='ocrx_word' id='word_1_298' title='bbox 1230 2704 1289 2751; x_wconf 93' lang='lat' dir='ltr'><strong>ut</strong></span> <span class='ocrx_word' id='word_1_299' title='bbox 1317 2696 1372 2751; x_wconf 92' lang='lat' dir='ltr'><strong>iu</strong></span> <span class='ocrx_word' id='word_1_300' title='bbox 1396 2696 1706 2766; x_wconf 82' lang='lat' dir='ltr'><strong>praesentia</strong></span> 
     </span>
    </p>
   </div>
   <div class='ocr_carea' id='block_1_44' title="bbox 131 2786 1704 2865">
    <p class='ocr_par' dir='ltr' id='par_1_44' title="bbox 131 2786 1704 2865">
     <span class='ocr_line' id='line_1_44' title="bbox 131 2786 1704 2865; baseline 0.001 -24"><span class='ocrx_word' id='word_1_301' title='bbox 131 2786 346 2859; x_wconf 76' lang='lat' dir='ltr'><strong>episcopi</strong></span> <span class='ocrx_word' id='word_1_302' title='bbox 375 2788 456 2843; x_wconf 87' lang='lat' dir='ltr'><strong>vel</strong></span> <span class='ocrx_word' id='word_1_303' title='bbox 478 2788 700 2865; x_wconf 81' lang='lat' dir='ltr'><strong>comitis</strong></span> <span class='ocrx_word' id='word_1_304' title='bbox 730 2789 842 2845; x_wconf 82' lang='lat' dir='ltr'><strong>si&#39;ht</strong></span> <span class='ocrx_word' id='word_1_305' title='bbox 867 2789 1085 2845; x_wconf 79' lang='lat' dir='ltr'><strong>vendita</strong></span> <span class='ocrx_word' id='word_1_306' title='bbox 1115 2787 1158 2854; x_wconf 80' lang='lat'><strong>‘,</strong></span> <span class='ocrx_word' id='word_1_307' title='bbox 1187 2795 1282 2844; x_wconf 87' lang='lat' dir='ltr'><strong>aut</strong></span> <span class='ocrx_word' id='word_1_308' title='bbox 1311 2787 1366 2843; x_wconf 91' lang='lat' dir='ltr'><strong>in</strong></span> <span class='ocrx_word' id='word_1_309' title='bbox 1398 2788 1704 2858; x_wconf 87' lang='lat' dir='ltr'><strong>praesentia</strong></span> 
     </span>
    </p>
   </div>
   <div class='ocr_carea' id='block_1_45' title="bbox 130 2880 1706 2949">
    <p class='ocr_par' dir='ltr' id='par_1_45' title="bbox 130 2880 1706 2949">
     <span class='ocr_line' id='line_1_45' title="bbox 130 2880 1706 2949; baseline 0.003 -17"><span class='ocrx_word' id='word_1_310' title='bbox 130 2880 432 2938; x_wconf 76' lang='lat' dir='ltr'><strong>vicedomini</strong></span> <span class='ocrx_word' id='word_1_311' title='bbox 462 2880 547 2937; x_wconf 81' lang='lat' dir='ltr'><strong>vel</strong></span> <span class='ocrx_word' id='word_1_312' title='bbox 576 2881 772 2939; x_wconf 90' lang='lat' dir='ltr'><strong>indicis</strong></span> <span class='ocrx_word' id='word_1_313' title='bbox 797 2881 817 2915; x_wconf 81' lang='lat'>&#39;</span> <span class='ocrx_word' id='word_1_314' title='bbox 847 2880 1085 2949; x_wconf 84' lang='lat' dir='ltr'><strong>comitis,</strong></span> <span class='ocrx_word' id='word_1_315' title='bbox 1120 2889 1215 2937; x_wconf 90' lang='lat' dir='ltr'><strong>aut</strong></span> <span class='ocrx_word' id='word_1_316' title='bbox 1249 2889 1377 2937; x_wconf 89' lang='lat' dir='ltr'><strong>ante</strong></span> <span class='ocrx_word' id='word_1_317' title='bbox 1412 2881 1549 2938; x_wconf 86' lang='lat' dir='ltr'><strong>bene</strong></span> <span class='ocrx_word' id='word_1_318' title='bbox 1577 2888 1706 2937; x_wconf 84' lang='lat' dir='ltr'><strong>nota</strong></span> 
     </span>
    </p>
   </div>
   <div class='ocr_carea' id='block_1_46' title="bbox 132 2971 1702 3043">
    <p class='ocr_par' dir='ltr' id='par_1_46' title="bbox 132 2971 1702 3043">
     <span class='ocr_line' id='line_1_46' title="bbox 132 2971 1702 3043; baseline 0.001 -18"><span class='ocrx_word' id='word_1_319' title='bbox 132 2971 441 3028; x_wconf 67' lang='lat' dir='ltr'><strong>teatlmonia.</strong></span> <span class='ocrx_word' id='word_1_320' title='bbox 492 2972 560 3027; x_wconf 86' lang='lat' dir='ltr'><strong>Et</strong></span> <span class='ocrx_word' id='word_1_321' title='bbox 585 2971 737 3029; x_wconf 84' lang='lat' dir='ltr'><strong>foris‘</strong></span> <span class='ocrx_word' id='word_1_322' title='bbox 759 2986 939 3029; x_wconf 87' lang='lat' dir='ltr'><strong>marca</strong></span> <span class='ocrx_word' id='word_1_323' title='bbox 965 2985 1127 3029; x_wconf 83' lang='lat' dir='ltr'><strong>nemo</strong></span> <span class='ocrx_word' id='word_1_324' title='bbox 1158 2972 1427 3043; x_wconf 86' lang='lat' dir='ltr'><strong>mancipia</strong></span> <span class='ocrx_word' id='word_1_325' title='bbox 1471 2971 1702 3038; x_wconf 77' lang='lat' dir='ltr'><strong>vendat;</strong></span> 
     </span>
    </p>
   </div>
   <div class='ocr_carea' id='block_1_47' title="bbox 1806 1776 3400 1856">
    <p class='ocr_par' dir='ltr' id='par_1_47' title="bbox 1806 1776 3400 1856">
     <span class='ocr_line' id='line_1_47' title="bbox 1806 1776 3400 1856; baseline 0.005 -22"><span class='ocrx_word' id='word_1_326' title='bbox 1806 1786 1955 1847; x_wconf 91' lang='lat' dir='ltr'><strong>runt,</strong></span> <span class='ocrx_word' id='word_1_327' title='bbox 1978 1778 2227 1836; x_wconf 85' lang='lat' dir='ltr'><strong>volumus</strong></span> <span class='ocrx_word' id='word_1_328' title='bbox 2251 1787 2312 1835; x_wconf 91' lang='lat' dir='ltr'><strong>ut</strong></span> <span class='ocrx_word' id='word_1_329' title='bbox 2332 1776 2469 1834; x_wconf 86' lang='lat' dir='ltr'><strong>ﬁant</strong></span> <span class='ocrx_word' id='word_1_330' title='bbox 2486 1776 2759 1850; x_wconf 89' lang='lat' dir='ltr'><strong>descripte</strong></span> <span class='ocrx_word' id='word_1_331' title='bbox 2800 1793 2900 1851; x_wconf 88' lang='lat' dir='ltr'><strong>per</strong></span> <span class='ocrx_word' id='word_1_332' title='bbox 2922 1780 3150 1851; x_wconf 83' lang='lat' dir='ltr'><strong>breves;</strong></span> <span class='ocrx_word' id='word_1_333' title='bbox 3184 1791 3247 1839; x_wconf 85' lang='lat' dir='ltr'><strong>et</strong></span> <span class='ocrx_word' id='word_1_334' title='bbox 3293 1784 3400 1856; x_wconf 85' lang='lat' dir='ltr'><strong>ipsi</strong></span> 
     </span>
    </p>
   </div>
   <div class='ocr_carea' id='block_1_48' title="bbox 1804 1869 3376 1929">
    <p class='ocr_par' dir='ltr' id='par_1_48' title="bbox 1804 1869 3376 1929">
     <span class='ocr_line' id='line_1_48' title="bbox 1804 1869 3376 1929; baseline -0.003 -2"><span class='ocrx_word' id='word_1_335' title='bbox 1804 1870 1998 1928; x_wconf 78' lang='lat' dir='ltr'><strong>breves</strong></span> <span class='ocrx_word' id='word_1_336' title='bbox 2030 1871 2098 1928; x_wconf 92' lang='lat' dir='ltr'><strong>ad</strong></span> <span class='ocrx_word' id='word_1_337' title='bbox 2112 1886 2213 1929; x_wconf 89' lang='lat' dir='ltr'><strong>nos</strong></span> <span class='ocrx_word' id='word_1_338' title='bbox 2246 1869 2451 1928; x_wconf 81' lang='lat' dir='ltr'><strong>faciant</strong></span> <span class='ocrx_word' id='word_1_339' title='bbox 2486 1870 2702 1929; x_wconf 89' lang='lat' dir='ltr'><strong>adduci.</strong></span> <span class='ocrx_word' id='word_1_340' title='bbox 3362 1874 3376 1895; x_wconf 64' lang='grc' dir='ltr'><em>ί</em></span> 
     </span>
    </p>
   </div>
   <div class='ocr_carea' id='block_1_49' title="bbox 1878 1949 3473 2037">
    <p class='ocr_par' dir='ltr' id='par_1_49' title="bbox 1878 1949 3473 2037">
     <span class='ocr_line' id='line_1_49' title="bbox 1878 1949 3473 2037; baseline 0.004 -18"><span class='ocrx_word' id='word_1_341' title='bbox 1878 1962 1966 2020; x_wconf 76' lang='grc'><strong>14.</strong></span> <span class='ocrx_word' id='word_1_342' title='bbox 1993 1949 2206 2020; x_wconf 65' lang='lat' dir='ltr'><strong>Placuit</strong></span> <span class='ocrx_word' id='word_1_343' title='bbox 2227 1961 2385 2020; x_wconf 89' lang='lat' dir='ltr'><strong>nobis</strong></span> <span class='ocrx_word' id='word_1_344' title='bbox 2406 1962 2473 2020; x_wconf 90' lang='lat' dir='ltr'><strong>de</strong></span> <span class='ocrx_word' id='word_1_345' title='bbox 2496 1961 2736 2021; x_wconf 86' lang='lat' dir='ltr'><strong>cartulas</strong></span> <span class='ocrx_word' id='word_1_346' title='bbox 2764 1962 2907 2032; x_wconf 85' lang='lat' dir='ltr'><strong>illas,</strong></span> <span class='ocrx_word' id='word_1_347' title='bbox 2937 1979 3046 2037; x_wconf 79' lang='lat' dir='ltr'><strong>que</strong></span> <span class='ocrx_word' id='word_1_348' title='bbox 3086 1964 3232 2022; x_wconf 82' lang='lat' dir='ltr'><strong>facta</strong></span> <span class='ocrx_word' id='word_1_349' title='bbox 3270 1975 3401 2024; x_wconf 88' lang='lat' dir='ltr'><strong>sunt</strong></span> <span class='ocrx_word' id='word_1_350' title='bbox 3468 2013 3473 2017; x_wconf 84' lang='lat'><strong>.</strong></span> 
     </span>
    </p>
   </div>
   <div class='ocr_carea' id='block_1_50' title="bbox 1806 2054 3401 2128">
    <p class='ocr_par' dir='ltr' id='par_1_50' title="bbox 1806 2054 3401 2128">
     <span class='ocr_line' id='line_1_50' title="bbox 1806 2054 3401 2128; baseline 0.003 -16"><span class='ocrx_word' id='word_1_351' title='bbox 1806 2054 1874 2112; x_wconf 89' lang='lat' dir='ltr'><strong>de</strong></span> <span class='ocrx_word' id='word_1_352' title='bbox 1892 2054 2119 2126; x_wconf 78' lang='lat' dir='ltr'><strong>singulis</strong></span> <span class='ocrx_word' id='word_1_353' title='bbox 2142 2054 2471 2121; x_wconf 84' lang='lat' dir='ltr'><strong>hominibus,</strong></span> <span class='ocrx_word' id='word_1_354' title='bbox 2494 2054 2591 2128; x_wconf 89' lang='lat' dir='ltr'><strong>qui</strong></span> <span class='ocrx_word' id='word_1_355' title='bbox 2613 2069 2676 2113; x_wconf 90' lang='lat' dir='ltr'><strong>se</strong></span> <span class='ocrx_word' id='word_1_356' title='bbox 2694 2062 2752 2112; x_wconf 88' lang='lat' dir='ltr'><strong>et</strong></span> <span class='ocrx_word' id='word_1_357' title='bbox 2773 2071 2974 2114; x_wconf 80' lang='lat' dir='ltr'><strong>uxores</strong></span> <span class='ocrx_word' id='word_1_358' title='bbox 2993 2056 3134 2115; x_wconf 85' lang='lat' dir='ltr'><strong>ﬁlios</strong></span> <span class='ocrx_word' id='word_1_359' title='bbox 3151 2055 3236 2116; x_wconf 80' lang='lat' dir='ltr'><strong>vel</strong></span> <span class='ocrx_word' id='word_1_360' title='bbox 3261 2058 3401 2117; x_wconf 86' lang='lat' dir='ltr'><strong>ﬁlias</strong></span> 
     </span>
    </p>
   </div>
   <div class='ocr_carea' id='block_1_51' title="bbox 1806 2146 3400 2223">
    <p class='ocr_par' dir='ltr' id='par_1_51' title="bbox 1806 2146 3400 2223">
     <span class='ocr_line' id='line_1_51' title="bbox 1806 2146 3400 2223; baseline 0.005 -20"><span class='ocrx_word' id='word_1_361' title='bbox 1806 2146 1863 2203; x_wconf 89' lang='lat' dir='ltr'><strong>in</strong></span> <span class='ocrx_word' id='word_1_362' title='bbox 1891 2148 2116 2205; x_wconf 90' lang='lat' dir='ltr'><strong>servitio</strong></span> <span class='ocrx_word' id='word_1_363' title='bbox 2137 2146 2498 2215; x_wconf 88' lang='lat' dir='ltr'><strong>tradiderunt,</strong></span> <span class='ocrx_word' id='word_1_364' title='bbox 2522 2156 2584 2204; x_wconf 90' lang='lat' dir='ltr'><strong>ut</strong></span> <span class='ocrx_word' id='word_1_365' title='bbox 2600 2147 2932 2221; x_wconf 86' lang='lat' dir='ltr'><strong>ubicumque</strong></span> <span class='ocrx_word' id='word_1_366' title='bbox 2950 2150 3157 2208; x_wconf 82' lang='lat' dir='ltr'><strong>inventi</strong></span> <span class='ocrx_word' id='word_1_367' title='bbox 3172 2152 3400 2223; x_wconf 76' lang='lat' dir='ltr'><strong>fuerint,</strong></span> 
     </span>
    </p>
   </div>
   <div class='ocr_carea' id='block_1_52' title="bbox 1807 2239 3253 2311">
    <p class='ocr_par' dir='ltr' id='par_1_52' title="bbox 1807 2239 3253 2311">
     <span class='ocr_line' id='line_1_52' title="bbox 1807 2239 3253 2311; baseline 0.002 -15"><span class='ocrx_word' id='word_1_368' title='bbox 1807 2239 2119 2306; x_wconf 88' lang='lat' dir='ltr'><strong>reddantur,</strong></span> <span class='ocrx_word' id='word_1_369' title='bbox 2149 2249 2209 2299; x_wconf 89' lang='lat' dir='ltr'><strong>et</strong></span> <span class='ocrx_word' id='word_1_370' title='bbox 2226 2239 2338 2297; x_wconf 91' lang='lat' dir='ltr'><strong>sint</strong></span> <span class='ocrx_word' id='word_1_371' title='bbox 2369 2239 2529 2297; x_wconf 87' lang='lat' dir='ltr'><strong>liberi</strong></span> <span class='ocrx_word' id='word_1_372' title='bbox 2555 2239 2700 2298; x_wconf 89' lang='lat' dir='ltr'><strong>sicut</strong></span> <span class='ocrx_word' id='word_1_373' title='bbox 2730 2240 2986 2311; x_wconf 85' lang='lat' dir='ltr'><strong>primitus</strong></span> <span class='ocrx_word' id='word_1_374' title='bbox 3010 2239 3253 2299; x_wconf 83' lang='lat' dir='ltr'><strong>fuerunt.</strong></span> 
     </span>
    </p>
   </div>
   <div class='ocr_carea' id='block_1_53' title="bbox 1879 2329 3402 2399">
    <p class='ocr_par' dir='ltr' id='par_1_53' title="bbox 1879 2329 3402 2399">
     <span class='ocr_line' id='line_1_53' title="bbox 1879 2329 3402 2399; baseline 0.005 -11"><span class='ocrx_word' id='word_1_375' title='bbox 1879 2331 1966 2388; x_wconf 72' lang='grc'><strong>15.</strong></span> <span class='ocrx_word' id='word_1_376' title='bbox 1997 2331 2074 2389; x_wconf 88' lang='lat' dir='ltr'><strong>De</strong></span> <span class='ocrx_word' id='word_1_377' title='bbox 2099 2346 2252 2388; x_wconf 87' lang='lat' dir='ltr'><strong>arma</strong></span> <span class='ocrx_word' id='word_1_378' title='bbox 2282 2331 2336 2385; x_wconf 91' lang='lat' dir='ltr'><strong>in</strong></span> <span class='ocrx_word' id='word_1_379' title='bbox 2366 2329 2690 2399; x_wconf 77' lang='lat' dir='ltr'><strong>exercitum,</strong></span> <span class='ocrx_word' id='word_1_380' title='bbox 2720 2330 2864 2388; x_wconf 90' lang='lat' dir='ltr'><strong>sicut</strong></span> <span class='ocrx_word' id='word_1_381' title='bbox 2892 2339 3054 2388; x_wconf 78' lang='lat' dir='ltr'><strong>antea</strong></span> <span class='ocrx_word' id='word_1_382' title='bbox 3088 2332 3145 2388; x_wconf 88' lang='lat' dir='ltr'><strong>in</strong></span> <span class='ocrx_word' id='word_1_383' title='bbox 3170 2334 3279 2393; x_wconf 88' lang='lat' dir='ltr'><strong>alio</strong></span> <span class='ocrx_word' id='word_1_384' title='bbox 3313 2349 3402 2395; x_wconf 77' lang='lat' dir='ltr'><strong>ca-</strong></span> 
     </span>
    </p>
   </div>
   <div class='ocr_carea' id='block_1_54' title="bbox 1806 2422 3401 2499">
    <p class='ocr_par' dir='ltr' id='par_1_54' title="bbox 1806 2422 3401 2499">
     <span class='ocr_line' id='line_1_54' title="bbox 1806 2422 3401 2499; baseline -0.008 -17"><span class='ocrx_word' id='word_1_385' title='bbox 1806 2425 2040 2499; x_wconf 89' lang='lat' dir='ltr'><strong>pitulare</strong></span> <span class='ocrx_word' id='word_1_386' title='bbox 2062 2422 2582 2491; x_wconf 85' lang='lat' dir='ltr'><strong>eommcndavimus,</strong></span> <span class='ocrx_word' id='word_1_387' title='bbox 2625 2422 2701 2478; x_wconf 88' lang='lat' dir='ltr'><strong>ita</strong></span> <span class='ocrx_word' id='word_1_388' title='bbox 2728 2433 2995 2480; x_wconf 89' lang='lat' dir='ltr'><strong>servetur.</strong></span> <span class='ocrx_word' id='word_1_389' title='bbox 3024 2423 3248 2497; x_wconf 86' lang='lat' dir='ltr'><strong>insuper</strong></span> <span class='ocrx_word' id='word_1_390' title='bbox 3286 2442 3401 2483; x_wconf 79' lang='lat' dir='ltr'><strong>om-</strong></span> 
     </span>
    </p>
   </div>
   <div class='ocr_carea' id='block_1_55' title="bbox 1807 2513 3398 2586">
    <p class='ocr_par' dir='ltr' id='par_1_55' title="bbox 1807 2513 3398 2586">
     <span class='ocr_line' id='line_1_55' title="bbox 1807 2513 3398 2586; baseline 0.003 -14"><span class='ocrx_word' id='word_1_391' title='bbox 1807 2518 1895 2574; x_wconf 90' lang='lat' dir='ltr'><strong>nis</strong></span> <span class='ocrx_word' id='word_1_392' title='bbox 1925 2516 2086 2574; x_wconf 86' lang='lat' dir='ltr'><strong>homo</strong></span> <span class='ocrx_word' id='word_1_393' title='bbox 2115 2516 2184 2573; x_wconf 91' lang='lat' dir='ltr'><strong>de</strong></span> <span class='ocrx_word' id='word_1_394' title='bbox 2220 2514 2506 2572; x_wconf 88' lang='lat' dir='ltr'><strong>duodecim</strong></span> <span class='ocrx_word' id='word_1_395' title='bbox 2553 2514 2760 2573; x_wconf 87' lang='lat' dir='ltr'><strong>mansis</strong></span> <span class='ocrx_word' id='word_1_396' title='bbox 2794 2513 2818 2547; x_wconf 85' lang='grc'><strong>⁹</strong></span> <span class='ocrx_word' id='word_1_397' title='bbox 2860 2515 3114 2573; x_wconf 85' lang='lat' dir='ltr'><strong>bruniam</strong></span> <span class='ocrx_word' id='word_1_398' title='bbox 3165 2518 3398 2586; x_wconf 84' lang='lat' dir='ltr'><strong>habeat;</strong></span> 
     </span>
    </p>
   </div>
   <div class='ocr_carea' id='block_1_56' title="bbox 1806 2605 3401 2680">
    <p class='ocr_par' dir='ltr' id='par_1_56' title="bbox 1806 2605 3401 2680">
     <span class='ocr_line' id='line_1_56' title="bbox 1806 2605 3401 2680; baseline 0.001 -16"><span class='ocrx_word' id='word_1_399' title='bbox 1806 2608 1900 2680; x_wconf 85' lang='lat' dir='ltr'><strong>qui</strong></span> <span class='ocrx_word' id='word_1_400' title='bbox 1923 2622 2052 2664; x_wconf 87' lang='lat' dir='ltr'><strong>vero</strong></span> <span class='ocrx_word' id='word_1_401' title='bbox 2075 2605 2326 2664; x_wconf 87' lang='lat' dir='ltr'><strong>bruniam</strong></span> <span class='ocrx_word' id='word_1_402' title='bbox 2350 2605 2558 2661; x_wconf 84' lang='lat' dir='ltr'><strong>habens</strong></span> <span class='ocrx_word' id='word_1_403' title='bbox 2583 2611 2638 2660; x_wconf 91' lang='lat' dir='ltr'><strong>et</strong></span> <span class='ocrx_word' id='word_1_404' title='bbox 2660 2618 2782 2661; x_wconf 91' lang='lat' dir='ltr'><strong>eam</strong></span> <span class='ocrx_word' id='word_1_405' title='bbox 2829 2616 3014 2662; x_wconf 89' lang='lat' dir='ltr'><strong>secum</strong></span> <span class='ocrx_word' id='word_1_406' title='bbox 3040 2620 3151 2663; x_wconf 82' lang='lat' dir='ltr'><strong>non</strong></span> <span class='ocrx_word' id='word_1_407' title='bbox 3193 2606 3401 2677; x_wconf 82' lang='lat' dir='ltr'><strong>tulerit,</strong></span> 
     </span>
    </p>
   </div>
   <div class='ocr_carea' id='block_1_57' title="bbox 1807 2695 3045 2768">
    <p class='ocr_par' dir='ltr' id='par_1_57' title="bbox 1807 2695 3045 2768">
     <span class='ocr_line' id='line_1_57' title="bbox 1807 2695 3045 2768; baseline -0.002 -12"><span class='ocrx_word' id='word_1_408' title='bbox 1807 2714 1970 2756; x_wconf 82' lang='lat' dir='ltr'><strong>omne</strong></span> <span class='ocrx_word' id='word_1_409' title='bbox 2000 2698 2042 2730; x_wconf 77' lang='lat'>“</span> <span class='ocrx_word' id='word_1_410' title='bbox 2064 2697 2389 2755; x_wconf 88' lang='lat' dir='ltr'><strong>beneﬁcium</strong></span> <span class='ocrx_word' id='word_1_411' title='bbox 2407 2711 2532 2754; x_wconf 90' lang='lat' dir='ltr'><strong>cum</strong></span> <span class='ocrx_word' id='word_1_412' title='bbox 2559 2695 2809 2752; x_wconf 85' lang='lat' dir='ltr'><strong>bruuiam</strong></span> <span class='ocrx_word' id='word_1_413' title='bbox 2829 2696 3045 2768; x_wconf 81' lang='lat' dir='ltr'><strong>perdat.</strong></span> 
     </span>
    </p>
   </div>
   <div class='ocr_carea' id='block_1_58' title="bbox 1879 2785 3401 2865">
    <p class='ocr_par' dir='ltr' id='par_1_58' title="bbox 1879 2785 3401 2865">
     <span class='ocr_line' id='line_1_58' title="bbox 1879 2785 3401 2865; baseline -0.003 -20"><span class='ocrx_word' id='word_1_414' title='bbox 1879 2788 1968 2846; x_wconf 77' lang='lat' dir='ltr'><strong>l6.</strong></span> <span class='ocrx_word' id='word_1_415' title='bbox 1996 2787 2068 2847; x_wconf 89' lang='lat' dir='ltr'><strong>Ut</strong></span> <span class='ocrx_word' id='word_1_416' title='bbox 2087 2787 2267 2845; x_wconf 92' lang='lat' dir='ltr'><strong>nullus</strong></span> <span class='ocrx_word' id='word_1_417' title='bbox 2292 2785 2450 2844; x_wconf 89' lang='lat' dir='ltr'><strong>alteri</strong></span> <span class='ocrx_word' id='word_1_418' title='bbox 2471 2800 2570 2858; x_wconf 88' lang='lat' dir='ltr'><strong>per</strong></span> <span class='ocrx_word' id='word_1_419' title='bbox 2587 2796 2991 2844; x_wconf 86' lang='lat' dir='ltr'><strong>sacramentum</strong></span> <span class='ocrx_word' id='word_1_420' title='bbox 3011 2785 3332 2865; x_wconf 78' lang='lat' dir='ltr'><strong>fidelitatem</strong></span> <span class='ocrx_word' id='word_1_421' title='bbox 3358 2788 3401 2822; x_wconf 80' lang='grc' dir='ltr'>ιι</span> 
     </span>
    </p>
   </div>
   <div class='ocr_carea' id='block_1_59' title="bbox 1807 2875 3424 2951">
    <p class='ocr_par' dir='ltr' id='par_1_59' title="bbox 1807 2875 3424 2951">
     <span class='ocr_line' id='line_1_59' title="bbox 1807 2875 3424 2951; baseline 0.001 -13"><span class='ocrx_word' id='word_1_422' title='bbox 1807 2879 2111 2951; x_wconf 87' lang='lat' dir='ltr'><strong>promittat,</strong></span> <span class='ocrx_word' id='word_1_423' title='bbox 2138 2876 2245 2935; x_wconf 89' lang='lat' dir='ltr'><strong>nisi</strong></span> <span class='ocrx_word' id='word_1_424' title='bbox 2266 2875 2425 2933; x_wconf 89' lang='lat' dir='ltr'><strong>nobis</strong></span> <span class='ocrx_word' id='word_1_425' title='bbox 2453 2883 2510 2933; x_wconf 92' lang='lat' dir='ltr'><strong>ct</strong></span> <span class='ocrx_word' id='word_1_426' title='bbox 2555 2876 2853 2949; x_wconf 85' lang='lat' dir='ltr'><strong>unicuique</strong></span> <span class='ocrx_word' id='word_1_427' title='bbox 2894 2878 3121 2950; x_wconf 83' lang='lat' dir='ltr'><strong>proprio</strong></span> <span class='ocrx_word' id='word_1_428' title='bbox 3170 2879 3424 2948; x_wconf 83' lang='lat' dir='ltr'><strong>seniori,.</strong></span> 
     </span>
    </p>
   </div>
   <div class='ocr_carea' id='block_1_60' title="bbox 1808 2968 3404 3043">
    <p class='ocr_par' dir='ltr' id='par_1_60' title="bbox 1808 2968 3404 3043">
     <span class='ocr_line' id='line_1_60' title="bbox 1808 2968 3404 3043; baseline 0.001 -16"><span class='ocrx_word' id='word_1_429' title='bbox 1808 2972 1879 3029; x_wconf 90' lang='lat' dir='ltr'><strong>ad</strong></span> <span class='ocrx_word' id='word_1_430' title='bbox 1904 2979 2146 3029; x_wconf 88' lang='lat' dir='ltr'><strong>nostram</strong></span> <span class='ocrx_word' id='word_1_431' title='bbox 2173 2968 2542 3026; x_wconf 85' lang='lat' dir='ltr'><strong>utilitatemet</strong></span> <span class='ocrx_word' id='word_1_432' title='bbox 2568 2968 2654 3026; x_wconf 92' lang='lat' dir='ltr'><strong>sui</strong></span> <span class='ocrx_word' id='word_1_433' title='bbox 2681 2968 2725 3002; x_wconf 77' lang='lat'>&quot;</span> <span class='ocrx_word' id='word_1_434' title='bbox 2746 2968 3000 3038; x_wconf 87' lang='lat' dir='ltr'><strong>senioris,</strong></span> <span class='ocrx_word' id='word_1_435' title='bbox 3046 2979 3276 3043; x_wconf 78' lang='lat' dir='ltr'><strong>excepto</strong></span> <span class='ocrx_word' id='word_1_436' title='bbox 3318 2969 3404 3029; x_wconf 86' lang='lat' dir='ltr'><strong>bis</strong></span> 
     </span>
    </p>
   </div>
   <div class='ocr_carea' id='block_1_61' title="bbox 134 3059 3405 3136">
    <p class='ocr_par' dir='ltr' id='par_1_61' title="bbox 134 3059 3405 3136">
     <span class='ocr_line' id='line_1_61' title="bbox 134 3059 3405 3136; baseline 0.001 -20"><span class='ocrx_word' id='word_1_437' title='bbox 134 3070 180 3116; x_wconf 76' lang='lat' dir='ltr'><strong>et</strong></span> <span class='ocrx_word' id='word_1_438' title='bbox 201 3064 288 3134; x_wconf 86' lang='lat' dir='ltr'><strong>qui</strong></span> <span class='ocrx_word' id='word_1_439' title='bbox 309 3065 410 3121; x_wconf 92' lang='lat' dir='ltr'><strong>hoc</strong></span> <span class='ocrx_word' id='word_1_440' title='bbox 435 3064 641 3130; x_wconf 88' lang='lat' dir='ltr'><strong>fecerit,</strong></span> <span class='ocrx_word' id='word_1_441' title='bbox 672 3074 855 3123; x_wconf 88' lang='lat' dir='ltr'><strong>tantas</strong></span> <span class='ocrx_word' id='word_1_442' title='bbox 879 3065 1026 3130; x_wconf 82' lang='lat' dir='ltr'><strong>vices</strong></span> <span class='ocrx_word' id='word_1_443' title='bbox 1048 3066 1284 3122; x_wconf 84' lang='lat' dir='ltr'><strong>bannum</strong></span> <span class='ocrx_word' id='word_1_444' title='bbox 1311 3065 1502 3130; x_wconf 86' lang='lat' dir='ltr'><strong>solvat,</strong></span> <span class='ocrx_word' id='word_1_445' title='bbox 1533 3081 1708 3136; x_wconf 81' lang='lat' dir='ltr'><strong>quan-</strong></span> <span class='ocrx_word' id='word_1_446' title='bbox 1731 3059 1786 3125; x_wconf 84' lang='lat' dir='ltr'><strong><em>C</em></strong></span> <span class='ocrx_word' id='word_1_447' title='bbox 1814 3067 2172 3122; x_wconf 86' lang='lat' dir='ltr'><strong>sacramentis</strong></span> <span class='ocrx_word' id='word_1_448' title='bbox 2206 3061 2408 3135; x_wconf 86' lang='lat' dir='ltr'><strong>quibus</strong></span> <span class='ocrx_word' id='word_1_449' title='bbox 2429 3061 2575 3118; x_wconf 90' lang='lat' dir='ltr'><strong>iuste</strong></span> <span class='ocrx_word' id='word_1_450' title='bbox 2602 3060 2899 3119; x_wconf 88' lang='lat' dir='ltr'><strong>secundum</strong></span> <span class='ocrx_word' id='word_1_451' title='bbox 2924 3059 3099 3133; x_wconf 90' lang='lat' dir='ltr'><strong>legem</strong></span> <span class='ocrx_word' id='word_1_452' title='bbox 3148 3060 3289 3119; x_wconf 87' lang='lat' dir='ltr'><strong>alter</strong></span> <span class='ocrx_word' id='word_1_453' title='bbox 3334 3064 3405 3120; x_wconf 90' lang='lat' dir='ltr'><strong>ad</strong></span> 
     </span>
    </p>
   </div>
   <div class='ocr_carea' id='block_1_62' title="bbox 135 3154 1707 3229">
    <p class='ocr_par' dir='ltr' id='par_1_62' title="bbox 135 3154 1707 3229">
     <span class='ocr_line' id='line_1_62' title="bbox 135 3154 1707 3229; baseline 0.004 -22"><span class='ocrx_word' id='word_1_454' title='bbox 135 3161 209 3209; x_wconf 85' lang='lat' dir='ltr'><strong>tas</strong></span> <span class='ocrx_word' id='word_1_455' title='bbox 232 3155 520 3227; x_wconf 88' lang='lat' dir='ltr'><strong>maneipias</strong></span> <span class='ocrx_word' id='word_1_456' title='bbox 545 3156 806 3213; x_wconf 82' lang='lat' dir='ltr'><strong>vendidit.</strong></span> <span class='ocrx_word' id='word_1_457' title='bbox 853 3157 924 3213; x_wconf 77' lang='lat' dir='ltr'><strong>Et</strong></span> <span class='ocrx_word' id='word_1_458' title='bbox 943 3156 990 3214; x_wconf 91' lang='lat' dir='ltr'><strong>si</strong></span> <span class='ocrx_word' id='word_1_459' title='bbox 1017 3154 1125 3214; x_wconf 91' lang='lat' dir='ltr'><strong>non</strong></span> <span class='ocrx_word' id='word_1_460' title='bbox 1153 3157 1317 3214; x_wconf 85' lang='lat' dir='ltr'><strong>habet</strong></span> <span class='ocrx_word' id='word_1_461' title='bbox 1339 3158 1596 3229; x_wconf 89' lang='lat' dir='ltr'><strong>pretium,</strong></span> <span class='ocrx_word' id='word_1_462' title='bbox 1649 3159 1707 3215; x_wconf 88' lang='lat' dir='ltr'><strong>in</strong></span> 
     </span>
    </p>
   </div>
   <div class='ocr_carea' id='block_1_63' title="bbox 134 3245 1707 3325">
    <p class='ocr_par' dir='ltr' id='par_1_63' title="bbox 134 3245 1707 3325">
     <span class='ocr_line' id='line_1_63' title="bbox 134 3245 1707 3325; baseline 0.005 -27"><span class='ocrx_word' id='word_1_463' title='bbox 134 3245 289 3301; x_wconf 74' lang='lat' dir='ltr'><strong>wadia</strong></span> <span class='ocrx_word' id='word_1_464' title='bbox 335 3247 686 3325; x_wconf 80' lang='lat' dir='ltr'><strong>semetipsum</strong></span> <span class='ocrx_word' id='word_1_465' title='bbox 714 3248 904 3306; x_wconf 90' lang='lat' dir='ltr'><strong>comiti</strong></span> <span class='ocrx_word' id='word_1_466' title='bbox 949 3247 1134 3317; x_wconf 89' lang='lat' dir='ltr'><strong>donet,</strong></span> <span class='ocrx_word' id='word_1_467' title='bbox 1181 3264 1353 3319; x_wconf 89' lang='lat' dir='ltr'><strong>usque</strong></span> <span class='ocrx_word' id='word_1_468' title='bbox 1388 3248 1517 3304; x_wconf 91' lang='lat' dir='ltr'><strong>dum</strong></span> <span class='ocrx_word' id='word_1_469' title='bbox 1560 3250 1707 3320; x_wconf 88' lang='lat' dir='ltr'><strong>ipsos</strong></span> 
     </span>
    </p>
   </div>
   <div class='ocr_carea' id='block_1_64' title="bbox 131 3337 540 3396">
    <p class='ocr_par' dir='ltr' id='par_1_64' title="bbox 131 3337 540 3396">
     <span class='ocr_line' id='line_1_64' title="bbox 131 3337 540 3396; baseline 0.005 -4"><span class='ocrx_word' id='word_1_470' title='bbox 131 3337 321 3396; x_wconf 86' lang='lat' dir='ltr'><strong>bannos</strong></span> <span class='ocrx_word' id='word_1_471' title='bbox 344 3338 540 3396; x_wconf 88' lang='lat' dir='ltr'><strong>solvat.</strong></span> 
     </span>
    </p>
   </div>
   <div class='ocr_carea' id='block_1_65' title="bbox 198 3431 1710 3508">
    <p class='ocr_par' dir='ltr' id='par_1_65' title="bbox 198 3431 1710 3508">
     <span class='ocr_line' id='line_1_65' title="bbox 198 3431 1710 3508; baseline 0.005 -24"><span class='ocrx_word' id='word_1_472' title='bbox 198 3431 246 3487; x_wconf 84' lang='grc'><strong>7.</strong></span> <span class='ocrx_word' id='word_1_473' title='bbox 270 3432 337 3489; x_wconf 82' lang='lat' dir='ltr'><strong>Ut</strong></span> <span class='ocrx_word' id='word_1_474' title='bbox 361 3432 545 3490; x_wconf 89' lang='lat' dir='ltr'><strong>nullus</strong></span> <span class='ocrx_word' id='word_1_475' title='bbox 571 3433 793 3491; x_wconf 89' lang='lat' dir='ltr'><strong>brunias</strong></span> <span class='ocrx_word' id='word_1_476' title='bbox 841 3433 988 3492; x_wconf 87' lang='lat' dir='ltr'><strong>foras</strong></span> <span class='ocrx_word' id='word_1_477' title='bbox 1026 3441 1216 3492; x_wconf 86' lang='lat' dir='ltr'><strong>nostro</strong></span> <span class='ocrx_word' id='word_1_478' title='bbox 1261 3440 1428 3508; x_wconf 77' lang='lat' dir='ltr'><strong>regno</strong></span> <span class='ocrx_word' id='word_1_479' title='bbox 1475 3436 1710 3491; x_wconf 84' lang='lat' dir='ltr'><strong>vendere</strong></span> 
     </span>
    </p>
   </div>
   <div class='ocr_carea' id='block_1_66' title="bbox 136 3532 443 3593">
    <p class='ocr_par' dir='ltr' id='par_1_66' title="bbox 136 3532 443 3593">
     <span class='ocr_line' id='line_1_66' title="bbox 136 3532 443 3593; baseline -0.003 -13"><span class='ocrx_word' id='word_1_480' title='bbox 136 3532 443 3593; x_wconf 83' lang='lat' dir='ltr'><strong>praesumat.</strong></span> 
     </span>
    </p>
   </div>
   <div class='ocr_carea' id='block_1_67' title="bbox 197 3614 1705 3684">
    <p class='ocr_par' dir='ltr' id='par_1_67' title="bbox 197 3614 1705 3684">
     <span class='ocr_line' id='line_1_67' title="bbox 197 3614 1705 3684; baseline -0.001 -12"><span class='ocrx_word' id='word_1_481' title='bbox 197 3616 246 3672; x_wconf 86' lang='lat'><strong>8.</strong></span> <span class='ocrx_word' id='word_1_482' title='bbox 267 3614 321 3671; x_wconf 88' lang='lat' dir='ltr'><strong>Si</strong></span> <span class='ocrx_word' id='word_1_483' title='bbox 346 3616 517 3673; x_wconf 90' lang='lat' dir='ltr'><strong>comis</strong></span> <span class='ocrx_word' id='word_1_484' title='bbox 542 3617 599 3673; x_wconf 80' lang='lat' dir='ltr'><strong>in</strong></span> <span class='ocrx_word' id='word_1_485' title='bbox 619 3632 720 3675; x_wconf 86' lang='lat' dir='ltr'><strong>suo</strong></span> <span class='ocrx_word' id='word_1_486' title='bbox 744 3618 1059 3675; x_wconf 73' lang='lat' dir='ltr'><strong>ministerio</strong></span> <span class='ocrx_word' id='word_1_487' title='bbox 1075 3618 1339 3675; x_wconf 86' lang='lat' dir='ltr'><strong>iustitiam</strong></span> <span class='ocrx_word' id='word_1_488' title='bbox 1362 3633 1468 3674; x_wconf 84' lang='lat' dir='ltr'><strong>non</strong></span> <span class='ocrx_word' id='word_1_489' title='bbox 1492 3617 1705 3684; x_wconf 83' lang='lat' dir='ltr'><strong>fecerit,</strong></span> 
     </span>
    </p>
   </div>
   <div class='ocr_carea' id='block_1_68' title="bbox 138 3704 1709 3780">
    <p class='ocr_par' dir='ltr' id='par_1_68' title="bbox 138 3704 1709 3780">
     <span class='ocr_line' id='line_1_68' title="bbox 138 3704 1709 3780; baseline 0.004 -20"><span class='ocrx_word' id='word_1_490' title='bbox 138 3704 286 3763; x_wconf 80' lang='lat' dir='ltr'><strong>misso</strong></span> <span class='ocrx_word' id='word_1_491' title='bbox 312 3715 498 3763; x_wconf 89' lang='lat' dir='ltr'><strong>nostro</strong></span> <span class='ocrx_word' id='word_1_492' title='bbox 522 3708 591 3765; x_wconf 89' lang='lat' dir='ltr'><strong>de</strong></span> <span class='ocrx_word' id='word_1_493' title='bbox 615 3724 769 3765; x_wconf 90' lang='lat' dir='ltr'><strong>suam</strong></span> <span class='ocrx_word' id='word_1_494' title='bbox 792 3724 1013 3767; x_wconf 87' lang='lat' dir='ltr'><strong>causam</strong></span> <span class='ocrx_word' id='word_1_495' title='bbox 1037 3723 1063 3753; x_wconf 82' lang='grc' dir='ltr'>ιι</span> <span class='ocrx_word' id='word_1_496' title='bbox 1087 3710 1302 3766; x_wconf 88' lang='lat' dir='ltr'><strong>soniare</strong></span> <span class='ocrx_word' id='word_1_497' title='bbox 1322 3707 1506 3775; x_wconf 80' lang='lat' dir='ltr'><strong>faciat,</strong></span> <span class='ocrx_word' id='word_1_498' title='bbox 1535 3724 1709 3780; x_wconf 88' lang='lat' dir='ltr'><strong>usque</strong></span> 
     </span>
    </p>
   </div>
   <div class='ocr_carea' id='block_1_69' title="bbox 140 3799 1710 3869">
    <p class='ocr_par' dir='ltr' id='par_1_69' title="bbox 140 3799 1710 3869">
     <span class='ocr_line' id='line_1_69' title="bbox 140 3799 1710 3869; baseline 0.002 -15"><span class='ocrx_word' id='word_1_499' title='bbox 140 3799 249 3856; x_wconf 88' lang='lat' dir='ltr'><strong>dum</strong></span> <span class='ocrx_word' id='word_1_500' title='bbox 286 3802 546 3858; x_wconf 88' lang='lat' dir='ltr'><strong>iustitiam</strong></span> <span class='ocrx_word' id='word_1_501' title='bbox 578 3802 778 3859; x_wconf 90' lang='lat' dir='ltr'><strong>ibidem</strong></span> <span class='ocrx_word' id='word_1_502' title='bbox 808 3802 1006 3859; x_wconf 87' lang='lat' dir='ltr'><strong>factam</strong></span> <span class='ocrx_word' id='word_1_503' title='bbox 1056 3801 1278 3859; x_wconf 88' lang='lat' dir='ltr'><strong>fuerint.</strong></span> <span class='ocrx_word' id='word_1_504' title='bbox 1329 3801 1470 3869; x_wconf 86' lang='lat' dir='ltr'><strong>Etsi</strong></span> <span class='ocrx_word' id='word_1_505' title='bbox 1517 3817 1710 3858; x_wconf 88' lang='lat' dir='ltr'><strong>vassus</strong></span> 
     </span>
    </p>
   </div>
   <div class='ocr_carea' id='block_1_70' title="bbox 138 3891 1709 3961">
    <p class='ocr_par' dir='ltr' id='par_1_70' title="bbox 138 3891 1709 3961">
     <span class='ocr_line' id='line_1_70' title="bbox 138 3891 1709 3961; baseline 0 -13"><span class='ocrx_word' id='word_1_506' title='bbox 138 3899 306 3948; x_wconf 77' lang='lat' dir='ltr'><strong>uoster</strong></span> <span class='ocrx_word' id='word_1_507' title='bbox 328 3891 586 3948; x_wconf 89' lang='lat' dir='ltr'><strong>iustitiam</strong></span> <span class='ocrx_word' id='word_1_508' title='bbox 610 3907 717 3949; x_wconf 92' lang='lat' dir='ltr'><strong>non</strong></span> <span class='ocrx_word' id='word_1_509' title='bbox 742 3892 952 3961; x_wconf 85' lang='lat' dir='ltr'><strong>fecerit,</strong></span> <span class='ocrx_word' id='word_1_510' title='bbox 997 3902 1129 3949; x_wconf 91' lang='lat' dir='ltr'><strong>tunc</strong></span> <span class='ocrx_word' id='word_1_511' title='bbox 1153 3892 1203 3948; x_wconf 92' lang='lat' dir='ltr'><strong>ei</strong></span> <span class='ocrx_word' id='word_1_512' title='bbox 1231 3891 1403 3948; x_wconf 86' lang='lat' dir='ltr'><strong>comis</strong></span> <span class='ocrx_word' id='word_1_513' title='bbox 1422 3898 1478 3946; x_wconf 90' lang='lat' dir='ltr'><strong>et</strong></span> <span class='ocrx_word' id='word_1_514' title='bbox 1507 3892 1709 3948; x_wconf 83' lang='lat' dir='ltr'><strong>missus</strong></span> 
     </span>
    </p>
   </div>
   <div class='ocr_carea' id='block_1_71' title="bbox 141 3981 1708 4053">
    <p class='ocr_par' dir='ltr' id='par_1_71' title="bbox 141 3981 1708 4053">
     <span class='ocr_line' id='line_1_71' title="bbox 141 3981 1708 4053; baseline 0.004 -20"><span class='ocrx_word' id='word_1_515' title='bbox 141 3981 200 4036; x_wconf 84' lang='lat' dir='ltr'><strong>ad</strong></span> <span class='ocrx_word' id='word_1_516' title='bbox 224 3982 383 4052; x_wconf 85' lang='lat' dir='ltr'><strong>ipsius</strong></span> <span class='ocrx_word' id='word_1_517' title='bbox 405 3997 571 4040; x_wconf 90' lang='lat' dir='ltr'><strong>causa</strong></span> <span class='ocrx_word' id='word_1_518' title='bbox 606 3983 849 4053; x_wconf 85' lang='lat' dir='ltr'><strong>sedeant,</strong></span> <span class='ocrx_word' id='word_1_519' title='bbox 880 3984 1025 4041; x_wconf 89' lang='lat' dir='ltr'><strong>etde</strong></span> <span class='ocrx_word' id='word_1_520' title='bbox 1057 3999 1159 4042; x_wconf 92' lang='lat' dir='ltr'><strong>suo</strong></span> <span class='ocrx_word' id='word_1_521' title='bbox 1184 3983 1388 4049; x_wconf 88' lang='lat' dir='ltr'><strong>vivant,</strong></span> <span class='ocrx_word' id='word_1_522' title='bbox 1425 3997 1708 4053; x_wconf 89' lang='lat' dir='ltr'><strong>quousque</strong></span> 
     </span>
    </p>
   </div>
   <div class='ocr_carea' id='block_1_72' title="bbox 144 4072 857 4134">
    <p class='ocr_par' dir='ltr' id='par_1_72' title="bbox 144 4072 857 4134">
     <span class='ocr_line' id='line_1_72' title="bbox 144 4072 857 4134; baseline 0.011 -6"><span class='ocrx_word' id='word_1_523' title='bbox 144 4072 381 4131; x_wconf 86' lang='lat' dir='ltr'><strong>iustitiam</strong></span> <span class='ocrx_word' id='word_1_524' title='bbox 402 4074 630 4134; x_wconf 83' lang='lat' dir='ltr'><strong>faciant.</strong></span> <span class='ocrx_word' id='word_1_525' title='bbox 851 4082 857 4089; x_wconf 83' lang='grc'><em>’</em></span> 
     </span>
    </p>
   </div>
   <div class='ocr_carea' id='block_1_73' title="bbox 1810 3151 3406 3226">
    <p class='ocr_par' dir='ltr' id='par_1_73' title="bbox 1810 3151 3406 3226">
     <span class='ocr_line' id='line_1_73' title="bbox 1810 3151 3406 3226; baseline 0.001 -15"><span class='ocrx_word' id='word_1_526' title='bbox 1810 3154 1984 3212; x_wconf 89' lang='lat' dir='ltr'><strong>altero</strong></span> <span class='ocrx_word' id='word_1_527' title='bbox 2004 3155 2234 3222; x_wconf 74' lang='lat' dir='ltr'><strong>debent;</strong></span> <span class='ocrx_word' id='word_1_528' title='bbox 2264 3160 2319 3210; x_wconf 89' lang='lat' dir='ltr'><strong>et</strong></span> <span class='ocrx_word' id='word_1_529' title='bbox 2367 3151 2605 3210; x_wconf 84' lang='lat' dir='ltr'><strong>infantes</strong></span> <span class='ocrx_word' id='word_1_530' title='bbox 2641 3153 2737 3224; x_wconf 88' lang='lat' dir='ltr'><strong>qui</strong></span> <span class='ocrx_word' id='word_1_531' title='bbox 2779 3160 2906 3210; x_wconf 86' lang='lat' dir='ltr'><strong>ante</strong></span> <span class='ocrx_word' id='word_1_532' title='bbox 2949 3168 3059 3209; x_wconf 90' lang='lat' dir='ltr'><strong>non</strong></span> <span class='ocrx_word' id='word_1_533' title='bbox 3110 3163 3406 3226; x_wconf 88' lang='lat' dir='ltr'><strong>potuerunt</strong></span> 
     </span>
    </p>
   </div>
   <div class='ocr_carea' id='block_1_74' title="bbox 1808 3243 3403 3319">
    <p class='ocr_par' dir='ltr' id='par_1_74' title="bbox 1808 3243 3403 3319">
     <span class='ocr_line' id='line_1_74' title="bbox 1808 3243 3403 3319; baseline 0 -15"><span class='ocrx_word' id='word_1_534' title='bbox 1808 3254 2030 3319; x_wconf 88' lang='lat' dir='ltr'><strong>propter</strong></span> <span class='ocrx_word' id='word_1_535' title='bbox 2046 3243 2335 3303; x_wconf 84' lang='lat' dir='ltr'><strong>iuvenilem</strong></span> <span class='ocrx_word' id='word_1_536' title='bbox 2381 3253 2582 3302; x_wconf 89' lang='lat' dir='ltr'><strong>etatem</strong></span> <span class='ocrx_word' id='word_1_537' title='bbox 2635 3243 2836 3312; x_wconf 89' lang='lat' dir='ltr'><strong>iurare,</strong></span> <span class='ocrx_word' id='word_1_538' title='bbox 2878 3244 3040 3302; x_wconf 89' lang='lat' dir='ltr'><strong>modo</strong></span> <span class='ocrx_word' id='word_1_539' title='bbox 3088 3245 3403 3304; x_wconf 85' lang='lat' dir='ltr'><strong>ﬁdelitatem</strong></span> 
     </span>
    </p>
   </div>
   <div class='ocr_carea' id='block_1_75' title="bbox 1811 3336 2787 3409">
    <p class='ocr_par' dir='ltr' id='par_1_75' title="bbox 1811 3336 2787 3409">
     <span class='ocr_line' id='line_1_75' title="bbox 1811 3336 2787 3409; baseline -0.002 -16"><span class='ocrx_word' id='word_1_540' title='bbox 1811 3338 1969 3394; x_wconf 87' lang='lat' dir='ltr'><strong>nobis</strong></span> <span class='ocrx_word' id='word_1_541' title='bbox 2007 3336 2407 3409; x_wconf 87' lang='lat' dir='ltr'><strong>repromittant.</strong></span> <span class='ocrx_word' id='word_1_542' title='bbox 2784 3386 2787 3391; x_wconf 29' lang='lat'><strong>.</strong></span> 
     </span>
    </p>
   </div>
   <div class='ocr_carea' id='block_1_76' title="bbox 1884 3415 3407 3502">
    <p class='ocr_par' dir='ltr' id='par_1_76' title="bbox 1884 3415 3407 3502">
     <span class='ocr_line' id='line_1_76' title="bbox 1884 3415 3407 3502; baseline 0.001 -16"><span class='ocrx_word' id='word_1_543' title='bbox 1884 3430 1974 3486; x_wconf 80' lang='grc' dir='ltr'><strong>Π.</strong></span> <span class='ocrx_word' id='word_1_544' title='bbox 2010 3431 2089 3488; x_wconf 88' lang='lat' dir='ltr'><strong>De</strong></span> <span class='ocrx_word' id='word_1_545' title='bbox 2112 3415 2371 3502; x_wconf 84' lang='lat' dir='ltr'><strong>periuriis</strong></span> <span class='ocrx_word' id='word_1_546' title='bbox 2393 3437 2455 3485; x_wconf 90' lang='lat' dir='ltr'><strong>ut</strong></span> <span class='ocrx_word' id='word_1_547' title='bbox 2481 3438 2795 3495; x_wconf 83' lang='lat' dir='ltr'><strong>caveantur,</strong></span> <span class='ocrx_word' id='word_1_548' title='bbox 2832 3437 2894 3485; x_wconf 90' lang='lat' dir='ltr'><strong>ut</strong></span> <span class='ocrx_word' id='word_1_549' title='bbox 2915 3445 3027 3487; x_wconf 88' lang='lat' dir='ltr'><strong>non</strong></span> <span class='ocrx_word' id='word_1_550' title='bbox 3044 3429 3407 3488; x_wconf 77' lang='lat' dir='ltr'><strong>admittuntur</strong></span> 
     </span>
    </p>
   </div>
   <div class='ocr_carea' id='block_1_77' title="bbox 1813 3521 3408 3594">
    <p class='ocr_par' dir='ltr' id='par_1_77' title="bbox 1813 3521 3408 3594">
     <span class='ocr_line' id='line_1_77' title="bbox 1813 3521 3408 3594; baseline 0.001 -15"><span class='ocrx_word' id='word_1_551' title='bbox 1813 3533 1984 3581; x_wconf 89' lang='lat' dir='ltr'><strong>testes</strong></span> <span class='ocrx_word' id='word_1_552' title='bbox 2007 3525 2077 3579; x_wconf 90' lang='lat' dir='ltr'><strong>ad</strong></span> <span class='ocrx_word' id='word_1_553' title='bbox 2102 3523 2468 3579; x_wconf 83' lang='lat' dir='ltr'><strong>iuramentum</strong></span> <span class='ocrx_word' id='word_1_554' title='bbox 2501 3529 2795 3594; x_wconf 85' lang='lat' dir='ltr'><strong>antequam</strong></span> <span class='ocrx_word' id='word_1_555' title='bbox 2820 3521 3205 3579; x_wconf 86' lang='lat' dir='ltr'><strong>discutiantur.</strong></span> <span class='ocrx_word' id='word_1_556' title='bbox 3248 3522 3317 3578; x_wconf 81' lang='lat' dir='ltr'><strong>Et</strong></span> <span class='ocrx_word' id='word_1_557' title='bbox 3356 3524 3408 3580; x_wconf 88' lang='lat' dir='ltr'><strong>si</strong></span> 
     </span>
    </p>
   </div>
   <div class='ocr_carea' id='block_1_78' title="bbox 1812 3614 3407 3691">
    <p class='ocr_par' dir='ltr' id='par_1_78' title="bbox 1812 3614 3407 3691">
     <span class='ocr_line' id='line_1_78' title="bbox 1812 3614 3407 3691; baseline 0.001 -20"><span class='ocrx_word' id='word_1_558' title='bbox 1812 3616 1971 3673; x_wconf 89' lang='lat' dir='ltr'><strong>aliter</strong></span> <span class='ocrx_word' id='word_1_559' title='bbox 2006 3614 2203 3672; x_wconf 78' lang='lat' dir='ltr'><strong>&#39;discuti</strong></span> <span class='ocrx_word' id='word_1_560' title='bbox 2250 3630 2357 3672; x_wconf 92' lang='lat' dir='ltr'><strong>non</strong></span> <span class='ocrx_word' id='word_1_561' title='bbox 2381 3622 2630 3686; x_wconf 85' lang='lat' dir='ltr'><strong>possunt,</strong></span> <span class='ocrx_word' id='word_1_562' title='bbox 2665 3615 2692 3655; x_wconf 71' lang='grc' dir='ltr'><strong>ι)</strong></span> <span class='ocrx_word' id='word_1_563' title='bbox 2719 3623 3041 3691; x_wconf 79' lang='lat' dir='ltr'><strong>separentur</strong></span> <span class='ocrx_word' id='word_1_564' title='bbox 3066 3616 3136 3672; x_wconf 88' lang='lat' dir='ltr'><strong>ab</strong></span> <span class='ocrx_word' id='word_1_565' title='bbox 3174 3616 3407 3674; x_wconf 83' lang='lat' dir='ltr'><strong>invicem</strong></span> 
     </span>
    </p>
   </div>
   <div class='ocr_carea' id='block_1_79' title="bbox 1811 3702 3408 3775">
    <p class='ocr_par' dir='ltr' id='par_1_79' title="bbox 1811 3702 3408 3775">
     <span class='ocr_line' id='line_1_79' title="bbox 1811 3702 3408 3775; baseline -0.001 -14"><span class='ocrx_word' id='word_1_566' title='bbox 1811 3712 1868 3761; x_wconf 92' lang='lat' dir='ltr'><strong>et</strong></span> <span class='ocrx_word' id='word_1_567' title='bbox 1888 3703 2238 3774; x_wconf 79' lang='lat' dir='ltr'><strong>singulariter</strong></span> <span class='ocrx_word' id='word_1_568' title='bbox 2262 3702 2627 3775; x_wconf 90' lang='lat' dir='ltr'><strong>inquirantur,</strong></span> <span class='ocrx_word' id='word_1_569' title='bbox 2655 3711 2718 3775; x_wconf 83' lang='lat' dir='ltr'><strong>ut</strong></span> <span class='ocrx_word' id='word_1_570' title='bbox 2775 3719 2885 3760; x_wconf 89' lang='lat' dir='ltr'><strong>non</strong></span> <span class='ocrx_word' id='word_1_571' title='bbox 2923 3702 3100 3762; x_wconf 88' lang='lat' dir='ltr'><strong>solum</strong></span> <span class='ocrx_word' id='word_1_572' title='bbox 3123 3715 3146 3744; x_wconf 75' lang='grc' dir='ltr'><strong><em>ο</em></strong></span> <span class='ocrx_word' id='word_1_573' title='bbox 3177 3719 3408 3761; x_wconf 87' lang='lat' dir='ltr'><strong>accusa-</strong></span> 
     </span>
    </p>
   </div>
   <div class='ocr_carea' id='block_1_80' title="bbox 1812 3796 3471 3877">
    <p class='ocr_par' dir='ltr' id='par_1_80' title="bbox 1812 3796 3471 3877">
     <span class='ocr_line' id='line_1_80' title="bbox 1812 3796 3471 3877; baseline 0.001 -22"><span class='ocrx_word' id='word_1_574' title='bbox 1812 3798 1920 3855; x_wconf 86' lang='lat' dir='ltr'><strong>tori</strong></span> <span class='ocrx_word' id='word_1_575' title='bbox 1957 3796 2120 3877; x_wconf 85' lang='lat' dir='ltr'><strong>lioeat</strong></span> <span class='ocrx_word' id='word_1_576' title='bbox 2150 3796 2177 3838; x_wconf 76' lang='grc' dir='ltr'><em>ά</em></span> <span class='ocrx_word' id='word_1_577' title='bbox 2211 3797 2255 3830; x_wconf 74' lang='grc'>⁸³</span> <span class='ocrx_word' id='word_1_578' title='bbox 2279 3805 2450 3854; x_wconf 89' lang='lat' dir='ltr'><strong>testes</strong></span> <span class='ocrx_word' id='word_1_579' title='bbox 2481 3797 2684 3871; x_wconf 86' lang='lat' dir='ltr'><strong>eligere</strong></span> <span class='ocrx_word' id='word_1_580' title='bbox 2705 3799 2964 3856; x_wconf 85' lang='lat' dir='ltr'><strong>absentes</strong></span> <span class='ocrx_word' id='word_1_581' title='bbox 2992 3813 3122 3856; x_wconf 90' lang='lat' dir='ltr'><strong>suos</strong></span> <span class='ocrx_word' id='word_1_582' title='bbox 3157 3808 3411 3856; x_wconf 83' lang='lat' dir='ltr'><strong>causato-</strong></span> <span class='ocrx_word' id='word_1_583' title='bbox 3464 3822 3471 3828; x_wconf 81' lang='lat'><strong><em>-</em></strong></span> 
     </span>
    </p>
   </div>
   <div class='ocr_carea' id='block_1_81' title="bbox 1813 3879 3411 3949">
    <p class='ocr_par' dir='ltr' id='par_1_81' title="bbox 1813 3879 3411 3949">
     <span class='ocr_line' id='line_1_81' title="bbox 1813 3879 3411 3949; baseline 0.002 -5"><span class='ocrx_word' id='word_1_584' title='bbox 1813 3904 1921 3945; x_wconf 90' lang='lat' dir='ltr'><strong>res.</strong></span> <span class='ocrx_word' id='word_1_585' title='bbox 1954 3879 2022 3944; x_wconf 80' lang='lat' dir='ltr'><strong>Et</strong></span> <span class='ocrx_word' id='word_1_586' title='bbox 2049 3888 2271 3946; x_wconf 89' lang='lat' dir='ltr'><strong>omnino</strong></span> <span class='ocrx_word' id='word_1_587' title='bbox 2292 3888 2471 3947; x_wconf 89' lang='lat' dir='ltr'><strong>nullus</strong></span> <span class='ocrx_word' id='word_1_588' title='bbox 2506 3888 2614 3945; x_wconf 88' lang='lat' dir='ltr'><strong>nisi</strong></span> <span class='ocrx_word' id='word_1_589' title='bbox 2629 3889 2843 3947; x_wconf 89' lang='lat' dir='ltr'><strong>ieiunus</strong></span> <span class='ocrx_word' id='word_1_590' title='bbox 2878 3889 2948 3947; x_wconf 91' lang='lat' dir='ltr'><strong>ad</strong></span> <span class='ocrx_word' id='word_1_591' title='bbox 2972 3890 3338 3949; x_wconf 88' lang='lat' dir='ltr'><strong>iuramentum</strong></span> <span class='ocrx_word' id='word_1_592' title='bbox 3365 3890 3411 3925; x_wconf 66' lang='grc' dir='ltr'>ιδ</span> 
     </span>
    </p>
   </div>
   <div class='ocr_carea' id='block_1_82' title="bbox 1816 3979 3411 4055">
    <p class='ocr_par' dir='ltr' id='par_1_82' title="bbox 1816 3979 3411 4055">
     <span class='ocr_line' id='line_1_82' title="bbox 1816 3979 3411 4055; baseline 0.004 -21"><span class='ocrx_word' id='word_1_593' title='bbox 1816 3979 1901 4035; x_wconf 90' lang='lat' dir='ltr'><strong>vel</strong></span> <span class='ocrx_word' id='word_1_594' title='bbox 1937 3980 2006 4038; x_wconf 90' lang='lat' dir='ltr'><strong>ad</strong></span> <span class='ocrx_word' id='word_1_595' title='bbox 2031 3979 2075 4012; x_wconf 78' lang='grc'>⁸⁸</span> <span class='ocrx_word' id='word_1_596' title='bbox 2092 3979 2465 4037; x_wconf 87' lang='lat' dir='ltr'><strong>testimonium</strong></span> <span class='ocrx_word' id='word_1_597' title='bbox 2486 3980 2862 4038; x_wconf 89' lang='lat' dir='ltr'><strong>admittantur.</strong></span> <span class='ocrx_word' id='word_1_598' title='bbox 2903 3982 2974 4039; x_wconf 84' lang='lat' dir='ltr'><strong>Et</strong></span> <span class='ocrx_word' id='word_1_599' title='bbox 3014 3982 3058 4014; x_wconf 85' lang='grc'><strong>¹⁶</strong></span> <span class='ocrx_word' id='word_1_600' title='bbox 3087 3982 3179 4040; x_wconf 90' lang='lat' dir='ltr'><strong>ille</strong></span> <span class='ocrx_word' id='word_1_601' title='bbox 3211 3983 3304 4055; x_wconf 89' lang='lat' dir='ltr'><strong>qui</strong></span> <span class='ocrx_word' id='word_1_602' title='bbox 3338 3984 3411 4041; x_wconf 86' lang='lat' dir='ltr'><strong>ad</strong></span> 
     </span>
    </p>
   </div>
   <div class='ocr_carea' id='block_1_83' title="bbox 1814 4067 3410 4151">
    <p class='ocr_par' dir='ltr' id='par_1_83' title="bbox 1814 4067 3410 4151">
     <span class='ocr_line' id='line_1_83' title="bbox 1814 4067 3410 4151; baseline 0.004 -22"><span class='ocrx_word' id='word_1_603' title='bbox 1814 4073 2185 4131; x_wconf 86' lang='lat' dir='ltr'><strong>testimonium</strong></span> <span class='ocrx_word' id='word_1_604' title='bbox 2202 4067 2489 4134; x_wconf 84' lang='lat' dir='ltr'><strong>adducitur</strong></span> <span class='ocrx_word' id='word_1_605' title='bbox 2512 4086 2537 4115; x_wconf 76' lang='grc' dir='ltr'>ε</span> <span class='ocrx_word' id='word_1_606' title='bbox 2565 4075 2611 4151; x_wconf 81' lang='lat' dir='ltr'><strong>si</strong></span> <span class='ocrx_word' id='word_1_607' title='bbox 2656 4076 2944 4143; x_wconf 85' lang='lat' dir='ltr'><strong>refutatur,</strong></span> <span class='ocrx_word' id='word_1_608' title='bbox 2989 4076 3136 4135; x_wconf 88' lang='lat' dir='ltr'><strong>dicat</strong></span> <span class='ocrx_word' id='word_1_609' title='bbox 3173 4077 3264 4136; x_wconf 90' lang='lat' dir='ltr'><strong>ille</strong></span> <span class='ocrx_word' id='word_1_610' title='bbox 3289 4078 3410 4151; x_wconf 89' lang='lat' dir='ltr'><strong>.qui</strong></span> 
     </span>
    </p>
   </div>
   <div class='ocr_carea' id='block_1_84' title="bbox 1339 4188 2153 4250">
    <p class='ocr_par' dir='ltr' id='par_1_84' title="bbox 1339 4188 2153 4250">
     <span class='ocr_line' id='line_1_84' title="bbox 1339 4188 2153 4250; baseline 0.001 -2"><span class='ocrx_word' id='word_1_611' title='bbox 1339 4190 1729 4248; x_wconf 73' lang='lat' dir='ltr'><strong>VARIANTES</strong></span> <span class='ocrx_word' id='word_1_612' title='bbox 1766 4188 2153 4250; x_wconf 81' lang='lat' dir='ltr'><strong>LECTIONES</strong></span> 
     </span>
    </p>
   </div>
   <div class='ocr_carea' id='block_1_85' title="bbox 205 4300 3408 4376">
    <p class='ocr_par' dir='ltr' id='par_1_85' title="bbox 205 4300 3408 4376">
     <span class='ocr_line' id='line_1_85' title="bbox 205 4300 3408 4376; baseline 0.004 -18"><span class='ocrx_word' id='word_1_613' title='bbox 205 4304 221 4335; x_wconf 88' lang='grc'>¹</span> <span class='ocrx_word' id='word_1_614' title='bbox 245 4311 298 4358; x_wconf 91' lang='lat' dir='ltr'><strong>ct</strong></span> <span class='ocrx_word' id='word_1_615' title='bbox 318 4302 414 4358; x_wconf 79' lang='lat' dir='ltr'><strong>Ch.</strong></span> <span class='ocrx_word' id='word_1_616' title='bbox 489 4304 512 4335; x_wconf 78' lang='grc'><strong>⁸</strong></span> <span class='ocrx_word' id='word_1_617' title='bbox 532 4302 673 4376; x_wconf 65' lang='lat' dir='ltr'><strong>deest</strong></span> <span class='ocrx_word' id='word_1_618' title='bbox 710 4300 809 4359; x_wconf 79' lang='lat' dir='ltr'><strong>Ch.</strong></span> <span class='ocrx_word' id='word_1_619' title='bbox 883 4304 905 4338; x_wconf 88' lang='grc'><strong><em>⁸</em></strong></span> <span class='ocrx_word' id='word_1_620' title='bbox 932 4305 1103 4376; x_wconf 90' lang='lat' dir='ltr'><strong>impii.</strong></span> <span class='ocrx_word' id='word_1_621' title='bbox 1178 4304 1201 4337; x_wconf 75' lang='grc'>⁸</span> <span class='ocrx_word' id='word_1_622' title='bbox 1224 4307 1340 4362; x_wconf 86' lang='lat' dir='ltr'><strong>eod.</strong></span> <span class='ocrx_word' id='word_1_623' title='bbox 1373 4307 1583 4363; x_wconf 88' lang='lat' dir='ltr'><strong>cerario</strong></span> <span class='ocrx_word' id='word_1_624' title='bbox 1613 4325 1660 4361; x_wconf 72' lang='grc' dir='ltr'><strong>τ.</strong></span> <span class='ocrx_word' id='word_1_625' title='bbox 1739 4307 1761 4339; x_wconf 82' lang='grc'>⁸</span> <span class='ocrx_word' id='word_1_626' title='bbox 1790 4305 2082 4362; x_wconf 85' lang='lat' dir='ltr'><strong>forbanniti</strong></span> <span class='ocrx_word' id='word_1_627' title='bbox 2110 4321 2159 4359; x_wconf 86' lang='lat' dir='ltr'><strong>c.</strong></span> <span class='ocrx_word' id='word_1_628' title='bbox 2234 4306 2257 4337; x_wconf 77' lang='grc'>⁸</span> <span class='ocrx_word' id='word_1_629' title='bbox 2283 4322 2330 4362; x_wconf 87' lang='lat' dir='ltr'><strong>s.</strong></span> <span class='ocrx_word' id='word_1_630' title='bbox 2367 4320 2421 4359; x_wconf 77' lang='grc' dir='ltr'><strong>ν.</strong></span> <span class='ocrx_word' id='word_1_631' title='bbox 2448 4305 2638 4362; x_wconf 76' lang='lat' dir='ltr'><strong>desum</strong></span> <span class='ocrx_word' id='word_1_632' title='bbox 2667 4322 2715 4361; x_wconf 75' lang='grc' dir='ltr'><strong>ε.</strong></span> <span class='ocrx_word' id='word_1_633' title='bbox 2791 4308 2813 4341; x_wconf 78' lang='grc'><strong>⁷</strong></span> <span class='ocrx_word' id='word_1_634' title='bbox 2840 4307 3006 4363; x_wconf 85' lang='lat' dir='ltr'><strong>iudici</strong></span> <span class='ocrx_word' id='word_1_635' title='bbox 3035 4305 3085 4363; x_wconf 68' lang='grc' dir='ltr'><strong>οξ</strong></span> <span class='ocrx_word' id='word_1_636' title='bbox 3149 4308 3172 4341; x_wconf 88' lang='grc'><strong><em>⁸</em></strong></span> <span class='ocrx_word' id='word_1_637' title='bbox 3194 4309 3335 4368; x_wconf 80' lang='lat' dir='ltr'><strong>deest</strong></span> <span class='ocrx_word' id='word_1_638' title='bbox 3355 4328 3408 4370; x_wconf 78' lang='grc' dir='ltr'><strong>ο.</strong></span> 
     </span>
    </p>
   </div>
   <div class='ocr_carea' id='block_1_86' title="bbox 146 4369 3126 4453">
    <p class='ocr_par' dir='ltr' id='par_1_86' title="bbox 146 4369 3126 4453">
     <span class='ocr_line' id='line_1_86' title="bbox 146 4369 3126 4453; baseline 0.002 -25"><span class='ocrx_word' id='word_1_639' title='bbox 146 4369 380 4431; x_wconf 88' lang='lat' dir='ltr'><strong>’menses</strong></span> <span class='ocrx_word' id='word_1_640' title='bbox 406 4390 456 4429; x_wconf 73' lang='grc' dir='ltr'><strong>ε.</strong></span> <span class='ocrx_word' id='word_1_641' title='bbox 534 4373 579 4406; x_wconf 68' lang='grc'><strong><em>’⁸</em></strong></span> <span class='ocrx_word' id='word_1_642' title='bbox 598 4389 760 4431; x_wconf 90' lang='lat' dir='ltr'><strong>omne</strong></span> <span class='ocrx_word' id='word_1_643' title='bbox 782 4389 832 4430; x_wconf 76' lang='grc' dir='ltr'><strong>ο.</strong></span> <span class='ocrx_word' id='word_1_644' title='bbox 911 4377 952 4408; x_wconf 64' lang='grc' dir='ltr'><strong>εί</strong></span> <span class='ocrx_word' id='word_1_645' title='bbox 976 4369 1207 4434; x_wconf 74' lang='lat' dir='ltr'><strong>ﬁdelitas</strong></span> <span class='ocrx_word' id='word_1_646' title='bbox 1230 4394 1278 4431; x_wconf 89' lang='lat' dir='ltr'><strong>c.</strong></span> <span class='ocrx_word' id='word_1_647' title='bbox 1359 4378 1401 4408; x_wconf 77' lang='lat'>“</span> <span class='ocrx_word' id='word_1_648' title='bbox 1431 4378 1546 4433; x_wconf 90' lang='lat' dir='ltr'><strong>suis</strong></span> <span class='ocrx_word' id='word_1_649' title='bbox 1574 4395 1621 4431; x_wconf 87' lang='lat' dir='ltr'><strong>c.</strong></span> <span class='ocrx_word' id='word_1_650' title='bbox 1701 4378 1742 4409; x_wconf 73' lang='grc'>⁸³</span> <span class='ocrx_word' id='word_1_651' title='bbox 1771 4378 1895 4453; x_wconf 73' lang='lat' dir='ltr'><strong>licet</strong></span> <span class='ocrx_word' id='word_1_652' title='bbox 1915 4385 1975 4432; x_wconf 91' lang='lat' dir='ltr'><strong>ut</strong></span> <span class='ocrx_word' id='word_1_653' title='bbox 2010 4393 2061 4450; x_wconf 72' lang='grc' dir='ltr'><strong>ρ.</strong></span> <span class='ocrx_word' id='word_1_654' title='bbox 2125 4376 2170 4407; x_wconf 57' lang='grc' dir='ltr'><strong>ἰ</strong></span> <span class='ocrx_word' id='word_1_655' title='bbox 2200 4377 2496 4434; x_wconf 79' lang='lat' dir='ltr'><strong>iumentum</strong></span> <span class='ocrx_word' id='word_1_656' title='bbox 2525 4392 2575 4430; x_wconf 78' lang='grc' dir='ltr'><strong>ε.</strong></span> <span class='ocrx_word' id='word_1_657' title='bbox 2654 4377 2700 4409; x_wconf 85' lang='grc'><strong>³⁸</strong></span> <span class='ocrx_word' id='word_1_658' title='bbox 2724 4385 2779 4431; x_wconf 82' lang='lat' dir='ltr'><strong>at</strong></span> <span class='ocrx_word' id='word_1_659' title='bbox 2805 4394 2864 4431; x_wconf 58' lang='grc' dir='ltr'><strong>υ..</strong></span> <span class='ocrx_word' id='word_1_660' title='bbox 2920 4378 2963 4409; x_wconf 80' lang='grc'><strong>¹⁶</strong></span> <span class='ocrx_word' id='word_1_661' title='bbox 2985 4388 3045 4433; x_wconf 82' lang='grc' dir='ltr'><strong>ιιι</strong></span> <span class='ocrx_word' id='word_1_662' title='bbox 3077 4396 3126 4434; x_wconf 86' lang='lat' dir='ltr'><strong>c.</strong></span> 
     </span>
    </p>
   </div>
   <div class='ocr_carea' id='block_1_87' title="bbox 1646 4494 1877 4551">
    <p class='ocr_par' dir='ltr' id='par_1_87' title="bbox 1646 4494 1877 4551">
     <span class='ocr_line' id='line_1_87' title="bbox 1646 4494 1877 4551; baseline 0.004 -3"><span class='ocrx_word' id='word_1_663' title='bbox 1646 4494 1877 4551; x_wconf 71' lang='lat' dir='ltr'><strong>NOTAE.</strong></span> 
     </span>
    </p>
   </div>
   <div class='ocr_carea' id='block_1_88' title="bbox 143 4589 2264 4677">
    <p class='ocr_par' dir='ltr' id='par_1_88' title="bbox 143 4589 2264 4677">
     <span class='ocr_line' id='line_1_88' title="bbox 143 4589 2264 4677; baseline 0.001 -19"><span class='ocrx_word' id='word_1_664' title='bbox 143 4606 253 4661; x_wconf 85' lang='lat' dir='ltr'><strong>anni</strong></span> <span class='ocrx_word' id='word_1_665' title='bbox 278 4607 507 4677; x_wconf 90' lang='lat' dir='ltr'><strong>spatium</strong></span> <span class='ocrx_word' id='word_1_666' title='bbox 543 4608 611 4662; x_wconf 88' lang='lat' dir='ltr'><strong>ad</strong></span> <span class='ocrx_word' id='word_1_667' title='bbox 636 4605 927 4662; x_wconf 85' lang='lat' dir='ltr'><strong>vindictam</strong></span> <span class='ocrx_word' id='word_1_668' title='bbox 964 4604 1326 4677; x_wconf 82' lang='lat' dir='ltr'><strong>nondedcrit,</strong></span> <span class='ocrx_word' id='word_1_669' title='bbox 1362 4606 1611 4663; x_wconf 87' lang='lat' dir='ltr'><strong>volumus</strong></span> <span class='ocrx_word' id='word_1_670' title='bbox 1654 4616 1716 4662; x_wconf 90' lang='lat' dir='ltr'><strong>ut</strong></span> <span class='ocrx_word' id='word_1_671' title='bbox 1745 4589 1793 4649; x_wconf 80' lang='grc' dir='ltr'><strong>Ῐ)</strong></span> <span class='ocrx_word' id='word_1_672' title='bbox 1893 4620 1919 4648; x_wconf 72' lang='grc' dir='ltr'><strong>ει</strong></span> <span class='ocrx_word' id='word_1_673' title='bbox 1948 4607 1988 4663; x_wconf 85' lang='lat' dir='ltr'><strong>l.</strong></span> <span class='ocrx_word' id='word_1_674' title='bbox 2011 4606 2264 4673; x_wconf 54' lang='lat' dir='ltr'><strong>c.,&quot;easa.</strong></span> 
     </span>
    </p>
   </div>
   <div class='ocr_carea' id='block_1_89' title="bbox 145 4675 1713 4749">
    <p class='ocr_par' dir='ltr' id='par_1_89' title="bbox 145 4675 1713 4749">
     <span class='ocr_line' id='line_1_89' title="bbox 145 4675 1713 4749; baseline 0 -18"><span class='ocrx_word' id='word_1_675' title='bbox 145 4675 464 4749; x_wconf 32' lang='lat' dir='ltr'><strong>curtis‘regia</strong></span> <span class='ocrx_word' id='word_1_676' title='bbox 503 4678 771 4749; x_wconf 82' lang='lat' dir='ltr'><strong>adquirat,</strong></span> <span class='ocrx_word' id='word_1_677' title='bbox 808 4691 867 4731; x_wconf 90' lang='lat' dir='ltr'><strong>se</strong></span> <span class='ocrx_word' id='word_1_678' title='bbox 891 4676 1025 4749; x_wconf 74' lang='lat' dir='ltr'><strong>ipsa</strong></span> <span class='ocrx_word' id='word_1_679' title='bbox 1063 4675 1262 4749; x_wconf 80' lang='lat' dir='ltr'><strong>femina</strong></span> <span class='ocrx_word' id='word_1_680' title='bbox 1290 4692 1433 4733; x_wconf 87' lang='lat' dir='ltr'><strong>cum</strong></span> <span class='ocrx_word' id='word_1_681' title='bbox 1457 4678 1572 4747; x_wconf 83' lang='lat' dir='ltr'><strong>ipso</strong></span> <span class='ocrx_word' id='word_1_682' title='bbox 1598 4694 1713 4732; x_wconf 88' lang='lat' dir='ltr'><strong>scr-</strong></span> 
     </span>
    </p>
   </div>
   <div class='ocr_carea' id='block_1_90' title="bbox 146 4747 1715 4811">
    <p class='ocr_par' dir='ltr' id='par_1_90' title="bbox 146 4747 1715 4811">
     <span class='ocr_line' id='line_1_90' title="bbox 146 4747 1715 4811; baseline 0.003 -11"><span class='ocrx_word' id='word_1_683' title='bbox 146 4760 254 4801; x_wconf 83' lang='lat' dir='ltr'><strong>vum</strong></span> <span class='ocrx_word' id='word_1_684' title='bbox 277 4747 417 4802; x_wconf 75' lang='lat' dir='ltr'><strong>annu</strong></span> <span class='ocrx_word' id='word_1_685' title='bbox 444 4755 500 4802; x_wconf 91' lang='lat' dir='ltr'><strong>et</strong></span> <span class='ocrx_word' id='word_1_686' title='bbox 537 4747 678 4802; x_wconf 86' lang='lat' dir='ltr'><strong>diem</strong></span> <span class='ocrx_word' id='word_1_687' title='bbox 719 4747 950 4811; x_wconf 83' lang='lat' dir='ltr'><strong>steterit,</strong></span> <span class='ocrx_word' id='word_1_688' title='bbox 1000 4747 1197 4803; x_wconf 85' lang='lat' dir='ltr'><strong>habeat</strong></span> <span class='ocrx_word' id='word_1_689' title='bbox 1221 4762 1340 4804; x_wconf 88' lang='lat' dir='ltr'><strong>eam</strong></span> <span class='ocrx_word' id='word_1_690' title='bbox 1367 4748 1522 4805; x_wconf 89' lang='lat' dir='ltr'><strong>cuius</strong></span> <span class='ocrx_word' id='word_1_691' title='bbox 1556 4764 1715 4804; x_wconf 88' lang='lat' dir='ltr'><strong>servo</strong></span> 
     </span>
    </p>
   </div>
   <div class='ocr_carea' id='block_1_91' title="bbox 145 4818 1713 4891">
    <p class='ocr_par' dir='ltr' id='par_1_91' title="bbox 145 4818 1713 4891">
     <span class='ocr_line' id='line_1_91' title="bbox 145 4818 1713 4891; baseline 0.002 -21"><span class='ocrx_word' id='word_1_692' title='bbox 145 4826 232 4881; x_wconf 86' lang='lat' dir='ltr'><strong>est,</strong></span> <span class='ocrx_word' id='word_1_693' title='bbox 258 4826 311 4873; x_wconf 91' lang='lat' dir='ltr'><strong>et</strong></span> <span class='ocrx_word' id='word_1_694' title='bbox 335 4818 430 4873; x_wconf 86' lang='lat' dir='ltr'><strong>ﬁlii</strong></span> <span class='ocrx_word' id='word_1_695' title='bbox 456 4818 551 4888; x_wconf 88' lang='lat' dir='ltr'><strong>qui</strong></span> <span class='ocrx_word' id='word_1_696' title='bbox 587 4831 655 4875; x_wconf 78' lang='lat' dir='ltr'><strong>ex</strong></span> <span class='ocrx_word' id='word_1_697' title='bbox 679 4830 745 4873; x_wconf 85' lang='lat' dir='ltr'><strong>ea</strong></span> <span class='ocrx_word' id='word_1_698' title='bbox 767 4818 881 4872; x_wconf 86' lang='lat' dir='ltr'><strong>nati</strong></span> <span class='ocrx_word' id='word_1_699' title='bbox 909 4818 1130 4885; x_wconf 90' lang='lat' dir='ltr'><strong>fuerint,</strong></span> <span class='ocrx_word' id='word_1_700' title='bbox 1176 4819 1256 4876; x_wconf 91' lang='lat' dir='ltr'><strong>sic</strong></span> <span class='ocrx_word' id='word_1_701' title='bbox 1284 4819 1425 4875; x_wconf 85' lang='lat' dir='ltr'><strong>servi</strong></span> <span class='ocrx_word' id='word_1_702' title='bbox 1452 4818 1594 4875; x_wconf 90' lang='lat' dir='ltr'><strong>sicut</strong></span> <span class='ocrx_word' id='word_1_703' title='bbox 1617 4834 1713 4891; x_wconf 82' lang='lat' dir='ltr'><strong>pa-</strong></span> 
     </span>
    </p>
   </div>
   <div class='ocr_carea' id='block_1_92' title="bbox 147 4895 439 4944">
    <p class='ocr_par' dir='ltr' id='par_1_92' title="bbox 147 4895 439 4944">
     <span class='ocr_line' id='line_1_92' title="bbox 147 4895 439 4944; baseline -0.003 -1"><span class='ocrx_word' id='word_1_704' title='bbox 147 4895 217 4943; x_wconf 85' lang='lat' dir='ltr'><strong>ter</strong></span> <span class='ocrx_word' id='word_1_705' title='bbox 236 4901 439 4944; x_wconf 85' lang='lat' dir='ltr'><strong>eorum.</strong></span> 
     </span>
    </p>
   </div>
   <div class='ocr_carea' id='block_1_93' title="bbox 210 4957 1716 5028">
    <p class='ocr_par' dir='ltr' id='par_1_93' title="bbox 210 4957 1716 5028">
     <span class='ocr_line' id='line_1_93' title="bbox 210 4957 1716 5028; baseline 0.004 -19"><span class='ocrx_word' id='word_1_706' title='bbox 210 4958 317 5014; x_wconf 73' lang='lat' dir='ltr'><strong>cl5.</strong></span> <span class='ocrx_word' id='word_1_707' title='bbox 350 4957 626 5014; x_wconf 88' lang='lat' dir='ltr'><strong>Statutum</strong></span> <span class='ocrx_word' id='word_1_708' title='bbox 654 4965 757 5025; x_wconf 88' lang='lat' dir='ltr'><strong>est,</strong></span> <span class='ocrx_word' id='word_1_709' title='bbox 775 4966 836 5013; x_wconf 92' lang='lat' dir='ltr'><strong>ut</strong></span> <span class='ocrx_word' id='word_1_710' title='bbox 861 4959 906 5015; x_wconf 91' lang='lat' dir='ltr'><strong>si</strong></span> <span class='ocrx_word' id='word_1_711' title='bbox 943 4958 1067 5028; x_wconf 91' lang='lat' dir='ltr'><strong>quis</strong></span> <span class='ocrx_word' id='word_1_712' title='bbox 1086 4958 1223 5015; x_wconf 84' lang='lat' dir='ltr'><strong>liber</strong></span> <span class='ocrx_word' id='word_1_713' title='bbox 1246 4961 1411 5017; x_wconf 88' lang='lat' dir='ltr'><strong>homo</strong></span> <span class='ocrx_word' id='word_1_714' title='bbox 1431 4975 1600 5015; x_wconf 80' lang='lat' dir='ltr'><strong>uxore</strong></span> <span class='ocrx_word' id='word_1_715' title='bbox 1623 4960 1716 5015; x_wconf 86' lang='lat' dir='ltr'><strong>ha-</strong></span> 
     </span>
    </p>
   </div>
   <div class='ocr_carea' id='block_1_94' title="bbox 145 5026 1713 5099">
    <p class='ocr_par' dir='ltr' id='par_1_94' title="bbox 145 5026 1713 5099">
     <span class='ocr_line' id='line_1_94' title="bbox 145 5026 1713 5099; baseline 0.001 -15"><span class='ocrx_word' id='word_1_716' title='bbox 145 5026 259 5085; x_wconf 86' lang='lat' dir='ltr'><strong>bens</strong></span> <span class='ocrx_word' id='word_1_717' title='bbox 291 5030 513 5085; x_wconf 88' lang='lat' dir='ltr'><strong>liberam</strong></span> <span class='ocrx_word' id='word_1_718' title='bbox 549 5037 769 5099; x_wconf 90' lang='lat' dir='ltr'><strong>propter</strong></span> <span class='ocrx_word' id='word_1_719' title='bbox 806 5026 1026 5099; x_wconf 82' lang='lat' dir='ltr'><strong>aliquod</strong></span> <span class='ocrx_word' id='word_1_720' title='bbox 1074 5031 1279 5086; x_wconf 88' lang='lat' dir='ltr'><strong>crimen</strong></span> <span class='ocrx_word' id='word_1_721' title='bbox 1331 5041 1426 5086; x_wconf 90' lang='lat' dir='ltr'><strong>aut</strong></span> <span class='ocrx_word' id='word_1_722' title='bbox 1474 5032 1713 5087; x_wconf 88' lang='lat' dir='ltr'><strong>debitum</strong></span> 
     </span>
    </p>
   </div>
   <div class='ocr_carea' id='block_1_95' title="bbox 145 5099 1713 5172">
    <p class='ocr_par' dir='ltr' id='par_1_95' title="bbox 145 5099 1713 5172">
     <span class='ocr_line' id='line_1_95' title="bbox 145 5099 1713 5172; baseline 0.002 -18"><span class='ocrx_word' id='word_1_723' title='bbox 145 5101 403 5172; x_wconf 67' lang='lat' dir='ltr'><strong>servitium</strong></span> <span class='ocrx_word' id='word_1_724' title='bbox 446 5099 603 5154; x_wconf 90' lang='lat' dir='ltr'><strong>alteri</strong></span> <span class='ocrx_word' id='word_1_725' title='bbox 641 5115 701 5156; x_wconf 88' lang='lat' dir='ltr'><strong>se</strong></span> <span class='ocrx_word' id='word_1_726' title='bbox 745 5099 1000 5164; x_wconf 89' lang='lat' dir='ltr'><strong>subdidit,</strong></span> <span class='ocrx_word' id='word_1_727' title='bbox 1033 5102 1329 5172; x_wconf 88' lang='lat' dir='ltr'><strong>eademque</strong></span> <span class='ocrx_word' id='word_1_728' title='bbox 1354 5102 1549 5158; x_wconf 83' lang='lat' dir='ltr'><strong>coniux</strong></span> <span class='ocrx_word' id='word_1_729' title='bbox 1590 5117 1713 5157; x_wconf 88' lang='lat' dir='ltr'><strong>cum</strong></span> 
     </span>
    </p>
   </div>
   <div class='ocr_carea' id='block_1_96' title="bbox 145 5168 1713 5243">
    <p class='ocr_par' dir='ltr' id='par_1_96' title="bbox 145 5168 1713 5243">
     <span class='ocr_line' id='line_1_96' title="bbox 145 5168 1713 5243; baseline 0.001 -18"><span class='ocrx_word' id='word_1_730' title='bbox 145 5168 245 5243; x_wconf 76' lang='lat' dir='ltr'><strong>ipso</strong></span> <span class='ocrx_word' id='word_1_731' title='bbox 263 5185 485 5243; x_wconf 15' lang='lat' dir='ltr'><strong>manere,</strong></span> <span class='ocrx_word' id='word_1_732' title='bbox 502 5179 750 5243; x_wconf 60' lang='lat' dir='ltr'><strong>noluerit,</strong></span> <span class='ocrx_word' id='word_1_733' title='bbox 766 5172 1005 5241; x_wconf 89' lang='lat' dir='ltr'><strong>ipsorum</strong></span> <span class='ocrx_word' id='word_1_734' title='bbox 1018 5168 1322 5243; x_wconf 75' lang='lat' dir='ltr'><strong>procreatio</strong></span> <span class='ocrx_word' id='word_1_735' title='bbox 1348 5187 1452 5242; x_wconf 89' lang='lat' dir='ltr'><strong>que</strong></span> <span class='ocrx_word' id='word_1_736' title='bbox 1467 5173 1557 5227; x_wconf 87' lang='lat' dir='ltr'><strong>tali</strong></span> <span class='ocrx_word' id='word_1_737' title='bbox 1585 5188 1713 5227; x_wconf 92' lang='lat' dir='ltr'><strong>con-</strong></span> 
     </span>
    </p>
   </div>
   <div class='ocr_carea' id='block_1_97' title="bbox 145 5239 1712 5312">
    <p class='ocr_par' dir='ltr' id='par_1_97' title="bbox 145 5239 1712 5312">
     <span class='ocr_line' id='line_1_97' title="bbox 145 5239 1712 5312; baseline 0.004 -19"><span class='ocrx_word' id='word_1_738' title='bbox 145 5239 272 5312; x_wconf 81' lang='lat' dir='ltr'><strong>iugio</strong></span> <span class='ocrx_word' id='word_1_739' title='bbox 295 5244 395 5312; x_wconf 3' lang='lat' dir='ltr'><strong>psit,</strong></span> <span class='ocrx_word' id='word_1_740' title='bbox 433 5241 702 5297; x_wconf 85' lang='lat' dir='ltr'><strong>libertatis</strong></span> <span class='ocrx_word' id='word_1_741' title='bbox 734 5239 994 5297; x_wconf 80' lang='lat' dir='ltr'><strong>statutum</strong></span> <span class='ocrx_word' id='word_1_742' title='bbox 1021 5239 1135 5299; x_wconf 76' lang='lat' dir='ltr'><strong>non</strong></span> <span class='ocrx_word' id='word_1_743' title='bbox 1162 5239 1450 5299; x_wconf 72' lang='lat' dir='ltr'><strong>annnittat.</strong></span> <span class='ocrx_word' id='word_1_744' title='bbox 1502 5243 1558 5299; x_wconf 91' lang='lat' dir='ltr'><strong>Si</strong></span> <span class='ocrx_word' id='word_1_745' title='bbox 1585 5257 1712 5299; x_wconf 75' lang='lat' dir='ltr'><strong>vero</strong></span> 
     </span>
    </p>
   </div>
   <div class='ocr_carea' id='block_1_98' title="bbox 143 5311 1713 5379">
    <p class='ocr_par' dir='ltr' id='par_1_98' title="bbox 143 5311 1713 5379">
     <span class='ocr_line' id='line_1_98' title="bbox 143 5311 1713 5379; baseline 0.003 -13"><span class='ocrx_word' id='word_1_746' title='bbox 143 5311 462 5379; x_wconf 81' lang='lat' dir='ltr'><strong>eadefuncta</strong></span> <span class='ocrx_word' id='word_1_747' title='bbox 514 5313 749 5368; x_wconf 87' lang='lat' dir='ltr'><strong>secunda</strong></span> <span class='ocrx_word' id='word_1_748' title='bbox 805 5328 945 5368; x_wconf 85' lang='lat' dir='ltr'><strong>uxor</strong></span> <span class='ocrx_word' id='word_1_749' title='bbox 984 5322 1035 5368; x_wconf 88' lang='lat' dir='ltr'><strong>et</strong></span> <span class='ocrx_word' id='word_1_750' title='bbox 1074 5324 1257 5370; x_wconf 88' lang='lat' dir='ltr'><strong>tamen</strong></span> <span class='ocrx_word' id='word_1_751' title='bbox 1307 5315 1475 5370; x_wconf 88' lang='lat' dir='ltr'><strong>libera</strong></span> <span class='ocrx_word' id='word_1_752' title='bbox 1523 5314 1616 5368; x_wconf 88' lang='lat' dir='ltr'><strong>tali</strong></span> <span class='ocrx_word' id='word_1_753' title='bbox 1653 5329 1713 5371; x_wconf 90' lang='lat' dir='ltr'><strong>se</strong></span> 
     </span>
    </p>
   </div>
   <div class='ocr_carea' id='block_1_99' title="bbox 144 5382 1711 5506">
    <p class='ocr_par' dir='ltr' id='par_1_99' title="bbox 144 5382 1711 5506">
     <span class='ocr_line' id='line_1_99' title="bbox 144 5382 1711 5506; baseline 0.003 -70"><span class='ocrx_word' id='word_1_754' title='bbox 144 5382 510 5506; x_wconf 50' lang='lat' dir='ltr'><strong>ﬁcienstulerit</strong></span> <span class='ocrx_word' id='word_1_755' title='bbox 538 5383 809 5439; x_wconf 72' lang='lat' dir='ltr'><strong>iuncxerit</strong></span> <span class='ocrx_word' id='word_1_756' title='bbox 836 5384 1103 5455; x_wconf 83' lang='lat' dir='ltr'><strong>coniugio,</strong></span> <span class='ocrx_word' id='word_1_757' title='bbox 1156 5386 1311 5444; x_wconf 88' lang='lat' dir='ltr'><strong>liberi</strong></span> <span class='ocrx_word' id='word_1_758' title='bbox 1353 5401 1540 5442; x_wconf 88' lang='lat' dir='ltr'><strong>eorum</strong></span> <span class='ocrx_word' id='word_1_759' title='bbox 1564 5386 1711 5460; x_wconf 23' lang='lat' dir='ltr'><strong>Vsub-</strong></span> 
     </span>
     <span class='ocr_line' id='line_1_100' title="bbox 173 5463 943 5506; baseline -0.004 0"><span class='ocrx_word' id='word_1_760' title='bbox 173 5463 337 5506; x_wconf 77' lang='lat' dir='ltr'><strong>antur.</strong></span> <span class='ocrx_word' id='word_1_761' title='bbox 942 5496 943 5503; x_wconf 50' lang='grc' dir='ltr'><strong>η</strong></span> 
     </span>
    </p>
   </div>
   <div class='ocr_carea' id='block_1_100' title="bbox 173 5463 943 5509">
    <p class='ocr_par' dir='ltr' id='par_1_100' title="bbox 173 5463 943 5509">
     <span class='ocr_line' id='line_1_101' title="bbox 173 5463 943 5509; baseline 0.014 -3"><span class='ocrx_word' id='word_1_762' title='bbox 173 5463 286 5507; x_wconf 68' lang='lat' dir='ltr'><strong>3M“</strong></span> <span class='ocrx_word' id='word_1_763' title='bbox 294 5472 337 5509; x_wconf 77' lang='grc' dir='ltr'><strong>Γ.</strong></span> <span class='ocrx_word' id='word_1_764' title='bbox 942 5496 943 5503; x_wconf 57' lang='grc' dir='ltr'>ι</span> 
     </span>
    </p>
   </div>
   <div class='ocr_carea' id='block_1_101' title="bbox 210 5524 1716 5596">
    <p class='ocr_par' dir='ltr' id='par_1_101' title="bbox 210 5524 1716 5596">
     <span class='ocr_line' id='line_1_102' title="bbox 210 5524 1716 5596; baseline 0.007 -23"><span class='ocrx_word' id='word_1_765' title='bbox 210 5542 227 5573; x_wconf 71' lang='grc' dir='ltr'>ι</span> <span class='ocrx_word' id='word_1_766' title='bbox 254 5524 331 5579; x_wconf 76' lang='grc' dir='ltr'><strong>ι’σ.</strong></span> <span class='ocrx_word' id='word_1_767' title='bbox 360 5525 564 5596; x_wconf 87' lang='lat' dir='ltr'><strong>Siquis</strong></span> <span class='ocrx_word' id='word_1_768' title='bbox 608 5525 937 5596; x_wconf 88' lang='lat' dir='ltr'><strong>percusserit</strong></span> <span class='ocrx_word' id='word_1_769' title='bbox 962 5527 1228 5586; x_wconf 78' lang='lat' dir='ltr'><strong>presbiter</strong></span> <span class='ocrx_word' id='word_1_770' title='bbox 1253 5528 1306 5584; x_wconf 89' lang='lat' dir='ltr'><strong>id</strong></span> <span class='ocrx_word' id='word_1_771' title='bbox 1356 5537 1438 5584; x_wconf 91' lang='lat' dir='ltr'><strong>cst</strong></span> <span class='ocrx_word' id='word_1_772' title='bbox 1463 5529 1716 5585; x_wconf 85' lang='lat' dir='ltr'><strong>sacerdos</strong></span> 
     </span>
    </p>
   </div>
   <div class='ocr_carea' id='block_1_102' title="bbox 145 5589 1711 5672">
    <p class='ocr_par' dir='ltr' id='par_1_102' title="bbox 145 5589 1711 5672">
     <span class='ocr_line' id='line_1_103' title="bbox 145 5589 1711 5672; baseline 0.005 -26"><span class='ocrx_word' id='word_1_773' title='bbox 145 5589 273 5672; x_wconf 74' lang='lat' dir='ltr'><strong>[Le_g.</strong></span> <span class='ocrx_word' id='word_1_774' title='bbox 301 5589 746 5672; x_wconf 70' lang='lat' dir='ltr'><strong>prcs_l_iiteru_m....</strong></span> <span class='ocrx_word' id='word_1_775' title='bbox 778 5598 1135 5672; x_wconf 80' lang='lat' dir='ltr'><strong>sacerdotem]</strong></span> <span class='ocrx_word' id='word_1_776' title='bbox 1162 5640 1174 5664; x_wconf 95' lang='lat'><strong>,</strong></span> <span class='ocrx_word' id='word_1_777' title='bbox 1225 5609 1487 5671; x_wconf 84' lang='lat' dir='ltr'><strong>conponat</strong></span> <span class='ocrx_word' id='word_1_778' title='bbox 1520 5615 1711 5656; x_wconf 81' lang='lat' dir='ltr'><strong>aurum</strong></span> 
     </span>
    </p>
   </div>
   <div class='ocr_carea' id='block_1_103' title="bbox 145 5665 841 5725">
    <p class='ocr_par' dir='ltr' id='par_1_103' title="bbox 145 5665 841 5725">
     <span class='ocr_line' id='line_1_104' title="bbox 145 5665 841 5725; baseline 0.004 -7"><span class='ocrx_word' id='word_1_779' title='bbox 145 5665 380 5725; x_wconf 77' lang='lat' dir='ltr'><strong>optimum</strong></span> <span class='ocrx_word' id='word_1_780' title='bbox 416 5666 551 5725; x_wconf 89' lang='lat' dir='ltr'><strong>libre</strong></span> <span class='ocrx_word' id='word_1_781' title='bbox 577 5670 781 5725; x_wconf 85' lang='lat' dir='ltr'><strong>decem.</strong></span> <span class='ocrx_word' id='word_1_782' title='bbox 823 5690 841 5721; x_wconf 75' lang='grc' dir='ltr'><strong><em>ι</em></strong></span> 
     </span>
    </p>
   </div>
   <div class='ocr_carea' id='block_1_104' title="bbox 1891 4671 3412 4767">
    <p class='ocr_par' dir='ltr' id='par_1_104' title="bbox 1891 4671 3412 4767">
     <span class='ocr_line' id='line_1_105' title="bbox 1891 4671 3412 4767; baseline 0 0"><span class='ocrx_word' id='word_1_783' title='bbox 1891 4671 2352 4767; x_wconf 51' lang='lat' dir='ltr'><strong>Nequinum</strong></span> <span class='ocrx_word' id='word_1_784' title='bbox 2377 4676 2677 4767; x_wconf 64' lang='grc' dir='ltr'><strong>βρεῐὶείιιιιξε</strong></span> <span class='ocrx_word' id='word_1_785' title='bbox 2699 4682 2949 4767; x_wconf 59' lang='lat' dir='ltr'><strong>teritur:</strong></span> <span class='ocrx_word' id='word_1_786' title='bbox 2985 4671 3313 4767; x_wconf 65' lang='grc' dir='ltr'><strong>δεραεςειψ</strong></span> <span class='ocrx_word' id='word_1_787' title='bbox 3337 4691 3412 4767; x_wconf 66' lang='grc' dir='ltr'><strong>αις</strong></span> 
     </span>
    </p>
   </div>
   <div class='ocr_carea' id='block_1_105' title="bbox 1814 4748 3415 4821">
    <p class='ocr_par' dir='ltr' id='par_1_105' title="bbox 1814 4748 3415 4821">
     <span class='ocr_line' id='line_1_106' title="bbox 1814 4748 3415 4821; baseline 0.013 -21"><span class='ocrx_word' id='word_1_788' title='bbox 1814 4748 2063 4821; x_wconf 65' lang='lat' dir='ltr'><strong>inuicem.</strong></span> <span class='ocrx_word' id='word_1_789' title='bbox 2089 4748 2352 4821; x_wconf 76' lang='lat' dir='ltr'><strong>Alcuinus</strong></span> <span class='ocrx_word' id='word_1_790' title='bbox 2385 4749 2438 4805; x_wconf 92' lang='lat' dir='ltr'><strong>in</strong></span> <span class='ocrx_word' id='word_1_791' title='bbox 2463 4749 2602 4807; x_wconf 91' lang='lat' dir='ltr'><strong>libro</strong></span> <span class='ocrx_word' id='word_1_792' title='bbox 2624 4752 2690 4821; x_wconf 89' lang='lat' dir='ltr'><strong>de</strong></span> <span class='ocrx_word' id='word_1_793' title='bbox 2731 4748 3035 4812; x_wconf 66' lang='lat' dir='ltr'><strong>Virtutibus</strong></span> <span class='ocrx_word' id='word_1_794' title='bbox 3058 4748 3117 4813; x_wconf 76' lang='lat' dir='ltr'><strong>et</strong></span> <span class='ocrx_word' id='word_1_795' title='bbox 3144 4758 3304 4817; x_wconf 77' lang='lat' dir='ltr'><strong>V&#39;itiis</strong></span> <span class='ocrx_word' id='word_1_796' title='bbox 3339 4762 3415 4821; x_wconf 82' lang='lat' dir='ltr'><strong>ad</strong></span> 
     </span>
    </p>
   </div>
   <div class='ocr_carea' id='block_1_106' title="bbox 1818 4818 3409 4904">
    <p class='ocr_par' dir='ltr' id='par_1_106' title="bbox 1818 4818 3409 4904">
     <span class='ocr_line' id='line_1_107' title="bbox 1818 4818 3409 4904; baseline 0.008 -30"><span class='ocrx_word' id='word_1_797' title='bbox 1818 4818 2091 4904; x_wconf 78' lang='lat' dir='ltr'><strong>Witonem</strong></span> <span class='ocrx_word' id='word_1_798' title='bbox 2114 4820 2389 4904; x_wconf 57' lang='lat' dir='ltr'><strong>comitem,</strong></span> <span class='ocrx_word' id='word_1_799' title='bbox 2422 4836 2551 4903; x_wconf 60' lang='lat' dir='ltr'><strong>cap.</strong></span> <span class='ocrx_word' id='word_1_800' title='bbox 2579 4820 2650 4875; x_wconf 81' lang='grc'><strong>20</strong></span> <span class='ocrx_word' id='word_1_801' title='bbox 2678 4840 2716 4904; x_wconf 83' lang='lat'><strong>:_</strong></span> <span class='ocrx_word' id='word_1_802' title='bbox 2737 4840 2756 4875; x_wconf 75' lang='grc' dir='ltr'>ι</span> <span class='ocrx_word' id='word_1_803' title='bbox 2794 4824 2853 4904; x_wconf 82' lang='lat' dir='ltr'><strong>Si</strong></span> <span class='ocrx_word' id='word_1_804' title='bbox 2878 4826 3029 4904; x_wconf 82' lang='lat' dir='ltr'><strong>falsi_</strong></span> <span class='ocrx_word' id='word_1_805' title='bbox 3054 4836 3223 4886; x_wconf 89' lang='lat' dir='ltr'><strong>testes</strong></span> <span class='ocrx_word' id='word_1_806' title='bbox 3245 4818 3409 4904; x_wconf 63' lang='grc' dir='ltr'><strong>δεμέ</strong></span> 
     </span>
    </p>
   </div>
   <div class='ocr_carea' id='block_1_107' title="bbox 1818 4889 3192 4955">
    <p class='ocr_par' dir='ltr' id='par_1_107' title="bbox 1818 4889 3192 4955">
     <span class='ocr_line' id='line_1_108' title="bbox 1818 4889 3192 4955; baseline 0.007 -11"><span class='ocrx_word' id='word_1_807' title='bbox 1818 4898 2027 4953; x_wconf 87' lang='lat' dir='ltr'><strong>rantur,</strong></span> <span class='ocrx_word' id='word_1_808' title='bbox 2061 4905 2186 4945; x_wconf 81' lang='lat' dir='ltr'><strong>mox</strong></span> <span class='ocrx_word' id='word_1_809' title='bbox 2225 4889 2514 4947; x_wconf 88' lang='lat' dir='ltr'><strong>mendaces</strong></span> <span class='ocrx_word' id='word_1_810' title='bbox 2538 4892 2905 4950; x_wconf 82' lang='lat' dir='ltr'><strong>inveniuntur.</strong></span> <span class='ocrx_word' id='word_1_811' title='bbox 2943 4918 2962 4951; x_wconf 72' lang='grc' dir='ltr'><strong><em>ι</em></strong></span> <span class='ocrx_word' id='word_1_812' title='bbox 2994 4897 3192 4955; x_wconf 65' lang='grc' dir='ltr'><strong>Βλωῑ.</strong></span> 
     </span>
    </p>
   </div>
   <div class='ocr_carea' id='block_1_108' title="bbox 1892 4959 3412 5030">
    <p class='ocr_par' dir='ltr' id='par_1_108' title="bbox 1892 4959 3412 5030">
     <span class='ocr_line' id='line_1_109' title="bbox 1892 4959 3412 5030; baseline 0.009 -15"><span class='ocrx_word' id='word_1_813' title='bbox 1892 4971 1915 4999; x_wconf 79' lang='grc' dir='ltr'><strong>ο</strong></span> <span class='ocrx_word' id='word_1_814' title='bbox 1950 4959 2017 5016; x_wconf 81' lang='lat' dir='ltr'><strong>Id</strong></span> <span class='ocrx_word' id='word_1_815' title='bbox 2032 4970 2106 5015; x_wconf 82' lang='lat' dir='ltr'><strong>est</strong></span> <span class='ocrx_word' id='word_1_816' title='bbox 2131 4961 2317 5027; x_wconf 82' lang='lat' dir='ltr'><strong>actori,</strong></span> <span class='ocrx_word' id='word_1_817' title='bbox 2348 4969 2408 5014; x_wconf 92' lang='lat' dir='ltr'><strong>ut</strong></span> <span class='ocrx_word' id='word_1_818' title='bbox 2431 4962 2509 5015; x_wconf 87' lang='lat' dir='ltr'><strong>ait</strong></span> <span class='ocrx_word' id='word_1_819' title='bbox 2542 4972 2697 5019; x_wconf 84' lang='lat' dir='ltr'><strong>vetus</strong></span> <span class='ocrx_word' id='word_1_820' title='bbox 2722 4965 2895 5030; x_wconf 83' lang='lat' dir='ltr'><strong>glossa</strong></span> <span class='ocrx_word' id='word_1_821' title='bbox 2946 4964 3319 5027; x_wconf 53' lang='lat' dir='ltr'><strong>interlinearis&#39;</strong></span> <span class='ocrx_word' id='word_1_822' title='bbox 3354 4972 3412 5030; x_wconf 90' lang='lat' dir='ltr'><strong>in</strong></span> 
     </span>
    </p>
   </div>
   <div class='ocr_carea' id='block_1_109' title="bbox 1817 5030 3411 5116">
    <p class='ocr_par' dir='ltr' id='par_1_109' title="bbox 1817 5030 3411 5116">
     <span class='ocr_line' id='line_1_110' title="bbox 1817 5030 3411 5116; baseline 0.009 -31"><span class='ocrx_word' id='word_1_823' title='bbox 1817 5046 1927 5116; x_wconf 80' lang='lat' dir='ltr'><strong>uno</strong></span> <span class='ocrx_word' id='word_1_824' title='bbox 1956 5030 2154 5116; x_wconf 63' lang='lat' dir='ltr'><strong>Codice</strong></span> <span class='ocrx_word' id='word_1_825' title='bbox 2183 5031 2352 5116; x_wconf 76' lang='lat' dir='ltr'><strong>Regio</strong></span> <span class='ocrx_word' id='word_1_826' title='bbox 2389 5031 2523 5116; x_wconf 75' lang='lat' dir='ltr'><strong>legis</strong></span> <span class='ocrx_word' id='word_1_827' title='bbox 2549 5030 3053 5116; x_wconf 73' lang='lat' dir='ltr'><strong>Lcngobarddrum.</strong></span> <span class='ocrx_word' id='word_1_828' title='bbox 3092 5043 3247 5116; x_wconf 75' lang='lat' dir='ltr'><strong>Quod</strong></span> <span class='ocrx_word' id='word_1_829' title='bbox 3288 5042 3411 5099; x_wconf 92' lang='lat' dir='ltr'><strong>ideo</strong></span> 
     </span>
    </p>
   </div>
   <div class='ocr_carea' id='block_1_110' title="bbox 1819 5101 3412 5184">
    <p class='ocr_par' dir='ltr' id='par_1_110' title="bbox 1819 5101 3412 5184">
     <span class='ocr_line' id='line_1_111' title="bbox 1819 5101 3412 5184; baseline 0.009 -28"><span class='ocrx_word' id='word_1_830' title='bbox 1819 5110 1966 5184; x_wconf 70' lang='lat' dir='ltr'><strong>recte</strong></span> <span class='ocrx_word' id='word_1_831' title='bbox 1991 5101 2339 5184; x_wconf 78' lang='lat' dir='ltr'><strong>observatum</strong></span> <span class='ocrx_word' id='word_1_832' title='bbox 2367 5101 2722 5184; x_wconf 40' lang='lat' dir='ltr'><strong>est&#39;,.nc__quis</strong></span> <span class='ocrx_word' id='word_1_833' title='bbox 2749 5116 2942 5184; x_wconf 81' lang='lat' dir='ltr'><strong>putare</strong></span> <span class='ocrx_word' id='word_1_834' title='bbox 2967 5101 3153 5181; x_wconf 55' lang='lat' dir='ltr'><strong>posset</strong></span> <span class='ocrx_word' id='word_1_835' title='bbox 3188 5112 3280 5170; x_wconf 88' lang='lat' dir='ltr'><strong>hic</strong></span> <span class='ocrx_word' id='word_1_836' title='bbox 3319 5116 3412 5184; x_wconf 77' lang='lat' dir='ltr'><strong>agi</strong></span> 
     </span>
    </p>
   </div>
   <div class='ocr_carea' id='block_1_111' title="bbox 1776 5170 2837 5234">
    <p class='ocr_par' dir='ltr' id='par_1_111' title="bbox 1776 5170 2837 5234">
     <span class='ocr_line' id='line_1_112' title="bbox 1776 5170 2837 5234; baseline 0.003 -5"><span class='ocrx_word' id='word_1_837' title='bbox 1776 5203 1780 5208; x_wconf 66' lang='grc' dir='ltr'><em>ι</em></span> <span class='ocrx_word' id='word_1_838' title='bbox 1819 5170 1886 5229; x_wconf 85' lang='lat' dir='ltr'><strong>de</strong></span> <span class='ocrx_word' id='word_1_839' title='bbox 1905 5173 2086 5229; x_wconf 87' lang='lat' dir='ltr'><strong>causis</strong></span> <span class='ocrx_word' id='word_1_840' title='bbox 2110 5180 2318 5228; x_wconf 88' lang='lat' dir='ltr'><strong>tantum</strong></span> <span class='ocrx_word' id='word_1_841' title='bbox 2340 5170 2731 5234; x_wconf 76' lang='lat' dir='ltr'><strong>criminalibus.</strong></span> <span class='ocrx_word' id='word_1_842' title='bbox 2750 5170 2837 5232; x_wconf 77' lang='lat' dir='ltr'><strong>lu.</strong></span> 
     </span>
    </p>
   </div>
   <div class='ocr_carea' id='block_1_112' title="bbox 1889 5243 3414 5324">
    <p class='ocr_par' dir='ltr' id='par_1_112' title="bbox 1889 5243 3414 5324">
     <span class='ocr_line' id='line_1_113' title="bbox 1889 5243 3414 5324; baseline 0.01 -29"><span class='ocrx_word' id='word_1_843' title='bbox 1889 5244 1917 5284; x_wconf 74' lang='grc' dir='ltr'><em>ά</em></span> <span class='ocrx_word' id='word_1_844' title='bbox 1954 5263 1972 5296; x_wconf 70' lang='grc' dir='ltr'><strong>ι</strong></span> <span class='ocrx_word' id='word_1_845' title='bbox 2002 5243 2062 5324; x_wconf 84' lang='lat' dir='ltr'><strong>_ld</strong></span> <span class='ocrx_word' id='word_1_846' title='bbox 2089 5251 2176 5300; x_wconf 90' lang='lat' dir='ltr'><strong>est</strong></span> <span class='ocrx_word' id='word_1_847' title='bbox 2198 5244 2466 5324; x_wconf 74' lang='lat' dir='ltr'><strong>adducere</strong></span> <span class='ocrx_word' id='word_1_848' title='bbox 2491 5254 2658 5324; x_wconf 76' lang='lat' dir='ltr'><strong>testes</strong></span> <span class='ocrx_word' id='word_1_849' title='bbox 2685 5255 2745 5324; x_wconf 75' lang='lat' dir='ltr'><strong>ut</strong></span> <span class='ocrx_word' id='word_1_850' title='bbox 2774 5246 2980 5324; x_wconf 82' lang='lat' dir='ltr'><strong>jurent,</strong></span> <span class='ocrx_word' id='word_1_851' title='bbox 3022 5271 3047 5324; x_wconf 62' lang='grc' dir='ltr'><em>ρ</em></span> <span class='ocrx_word' id='word_1_852' title='bbox 3102 5253 3278 5324; x_wconf 89' lang='lat' dir='ltr'><strong>inquit</strong></span> <span class='ocrx_word' id='word_1_853' title='bbox 3319 5270 3414 5311; x_wconf 86' lang='lat' dir='ltr'><strong>ca-</strong></span> 
     </span>
    </p>
   </div>
   <div class='ocr_carea' id='block_1_113' title="bbox 1817 5314 3413 5389">
    <p class='ocr_par' dir='ltr' id='par_1_113' title="bbox 1817 5314 3413 5389">
     <span class='ocr_line' id='line_1_114' title="bbox 1817 5314 3413 5389; baseline 0.008 -19"><span class='ocrx_word' id='word_1_854' title='bbox 1817 5314 2358 5389; x_wconf 31' lang='lat' dir='ltr'><strong>demglossaaUnde</strong></span> <span class='ocrx_word' id='word_1_855' title='bbox 2408 5317 2486 5389; x_wconf 79' lang='lat' dir='ltr'><strong>ait</strong></span> <span class='ocrx_word' id='word_1_856' title='bbox 2542 5317 2647 5373; x_wconf 89' lang='lat' dir='ltr'><strong>alia</strong></span> <span class='ocrx_word' id='word_1_857' title='bbox 2690 5314 3413 5389; x_wconf 31' lang='lat' dir='ltr'><strong>glossain&#39;altero&#39;Codico</strong></span> 
     </span>
    </p>
   </div>
   <div class='ocr_carea' id='block_1_114' title="bbox 1819 5384 3413 5470">
    <p class='ocr_par' dir='ltr' id='par_1_114' title="bbox 1819 5384 3413 5470">
     <span class='ocr_line' id='line_1_115' title="bbox 1819 5384 3413 5470; baseline 0.008 -29"><span class='ocrx_word' id='word_1_858' title='bbox 1819 5384 2023 5458; x_wconf 78' lang='lat' dir='ltr'><strong>Regio:</strong></span> <span class='ocrx_word' id='word_1_859' title='bbox 2059 5404 2078 5437; x_wconf 74' lang='grc' dir='ltr'><strong>ε</strong></span> <span class='ocrx_word' id='word_1_860' title='bbox 2108 5384 2289 5470; x_wconf 73' lang='lat' dir='ltr'><strong>Etiam</strong></span> <span class='ocrx_word' id='word_1_861' title='bbox 2320 5387 2567 5470; x_wconf 51' lang='lat' dir='ltr'><strong>rco&#39;licet</strong></span> <span class='ocrx_word' id='word_1_862' title='bbox 2604 5384 2790 5470; x_wconf 54' lang='lat' dir='ltr'><strong>pestes</strong></span> <span class='ocrx_word' id='word_1_863' title='bbox 2812 5391 3010 5470; x_wconf 78' lang='lat' dir='ltr'><strong>eligere</strong></span> <span class='ocrx_word' id='word_1_864' title='bbox 3046 5403 3101 5449; x_wconf 92' lang='lat' dir='ltr'><strong>et</strong></span> <span class='ocrx_word' id='word_1_865' title='bbox 3138 5396 3413 5470; x_wconf 84' lang='lat' dir='ltr'><strong>contradi-</strong></span> 
     </span>
    </p>
   </div>
   <div class='ocr_carea' id='block_1_115' title="bbox 1821 5457 3408 5535">
    <p class='ocr_par' dir='ltr' id='par_1_115' title="bbox 1821 5457 3408 5535">
     <span class='ocr_line' id='line_1_116' title="bbox 1821 5457 3408 5535; baseline 0.005 -21"><span class='ocrx_word' id='word_1_866' title='bbox 1821 5457 1944 5514; x_wconf 84' lang='lat' dir='ltr'><strong>cere</strong></span> <span class='ocrx_word' id='word_1_867' title='bbox 1967 5471 2066 5527; x_wconf 91' lang='lat' dir='ltr'><strong>per</strong></span> <span class='ocrx_word' id='word_1_868' title='bbox 2089 5457 2384 5528; x_wconf 88' lang='lat' dir='ltr'><strong>capitulum</strong></span> <span class='ocrx_word' id='word_1_869' title='bbox 2406 5457 2651 5515; x_wconf 85' lang='lat' dir='ltr'><strong>Lotharii</strong></span> <span class='ocrx_word' id='word_1_870' title='bbox 2684 5478 2699 5514; x_wconf 87' lang='lat'><strong>:</strong></span> <span class='ocrx_word' id='word_1_871' title='bbox 2727 5459 2790 5518; x_wconf 86' lang='lat' dir='ltr'><strong>Si</strong></span> <span class='ocrx_word' id='word_1_872' title='bbox 2835 5457 2953 5535; x_wconf 67' lang='lat' dir='ltr'><strong>quis</strong></span> <span class='ocrx_word' id='word_1_873' title='bbox 2993 5482 3113 5519; x_wconf 87' lang='lat' dir='ltr'><strong>cum</strong></span> <span class='ocrx_word' id='word_1_874' title='bbox 3156 5467 3342 5522; x_wconf 80' lang='lat' dir='ltr'><strong>altera.</strong></span> <span class='ocrx_word' id='word_1_875' title='bbox 3383 5485 3408 5522; x_wconf 72' lang='grc' dir='ltr'><strong><em>ι</em></strong></span> 
     </span>
    </p>
   </div>
   <div class='ocr_carea' id='block_1_116' title="bbox 3058 5536 3135 5590">
    <p class='ocr_par' dir='ltr' id='par_1_116' title="bbox 3058 5536 3135 5590">
     <span class='ocr_line' id='line_1_117' title="bbox 3058 5536 3135 5590; baseline 0 0"><span class='ocrx_word' id='word_1_876' title='bbox 3058 5536 3135 5590; x_wconf 84' lang='lat' dir='ltr'><strong>In.</strong></span> 
     </span>
    </p>
   </div>
   <div class='ocr_carea' id='block_1_117' title="bbox 1893 5597 3407 5674">
    <p class='ocr_par' dir='ltr' id='par_1_117' title="bbox 1893 5597 3407 5674">
     <span class='ocr_line' id='line_1_118' title="bbox 1893 5597 3407 5674; baseline 0.008 -19"><span class='ocrx_word' id='word_1_877' title='bbox 1893 5611 1917 5639; x_wconf 76' lang='grc' dir='ltr'>ε</span> <span class='ocrx_word' id='word_1_878' title='bbox 1946 5597 2147 5674; x_wconf 86' lang='lat' dir='ltr'><strong>Charta</strong></span> <span class='ocrx_word' id='word_1_879' title='bbox 2171 5598 2727 5674; x_wconf 9' lang='lat' dir='ltr'><strong>Ludovicierregis</strong></span> <span class='ocrx_word' id='word_1_880' title='bbox 2767 5618 2868 5674; x_wconf 89' lang='lat' dir='ltr'><strong>pro</strong></span> <span class='ocrx_word' id='word_1_881' title='bbox 2910 5609 3243 5667; x_wconf 89' lang='lat' dir='ltr'><strong>monasterio</strong></span> <span class='ocrx_word' id='word_1_882' title='bbox 3281 5608 3407 5667; x_wconf 63' lang='lat' dir='ltr'><strong>Foso</strong></span> 
     </span>
    </p>
   </div>
   <div class='ocr_carea' id='block_1_118' title="bbox 1816 5670 3406 5758">
    <p class='ocr_par' dir='ltr' id='par_1_118' title="bbox 1816 5670 3406 5758">
     <span class='ocr_line' id='line_1_119' title="bbox 1816 5670 3406 5758; baseline 0.008 -33"><span class='ocrx_word' id='word_1_883' title='bbox 1816 5672 2023 5728; x_wconf 88' lang='lat' dir='ltr'><strong>satensi</strong></span> <span class='ocrx_word' id='word_1_884' title='bbox 2056 5690 2067 5726; x_wconf 93' lang='lat'>:</span> <span class='ocrx_word' id='word_1_885' title='bbox 2107 5691 2126 5726; x_wconf 74' lang='grc' dir='ltr'>ί</span> <span class='ocrx_word' id='word_1_886' title='bbox 2160 5670 2315 5758; x_wconf 79' lang='lat' dir='ltr'><strong>Quod</strong></span> <span class='ocrx_word' id='word_1_887' title='bbox 2337 5672 2605 5757; x_wconf 82' lang='lat' dir='ltr'><strong>sialiquis</strong></span> <span class='ocrx_word' id='word_1_888' title='bbox 2644 5670 2934 5734; x_wconf 77' lang='lat' dir='ltr'><strong>temeraria</strong></span> <span class='ocrx_word' id='word_1_889' title='bbox 2986 5681 3406 5752; x_wconf 71' lang='lat' dir='ltr'><strong>prcesnmptioue</strong></span> 
     </span>
    </p>
   </div>
  </div>
