3828 6220
142 325 220 381 Gil
427 318 656 377 CODEX
697 315 1224 374 Dll‘LOllATlCUS.
1254 350 1319 360 —
1345 316 1666 378 LUDOVlCl
1697 319 1715 375 l
1744 317 1833 374 ΕΤ
1871 318 2199 377 ιΟΤΙΙΜιΙΙ
2239 320 2932 381 C;\f‘|TUL.~\lll.-\.——.-\.v.
2974 326 3101 384 833.
3317 324 3427 380 6:33

144 437 344 498 nationis
363 434 575 492 Domini
605 434 724 488 Iesu
757 431 960 488 Christi
987 434 1092 489 833
1120 432 1416 491 indictione
1445 433 1534 502 l2,
1562 448 1706 490 anno
1733 437 1781 495 Α
1811 433 2164 490 commissum
2192 438 2630 504 pcrlurbaverat,
2664 441 2978 504 admonere,
3011 453 3067 496 et
3109 452 3302 497 enm-ta
3350 444 3426 499 illi

143 530 372 600 siquidem
391 526 634 582 eiusdem
656 525 920 596 principis
942 526 1140 594 primo,
1167 525 1222 580 in
1249 540 1436 582 mense
1460 524 1711 582 videlicet
1816 522 1886 578 ad
1919 523 2241 579 memoriam
2272 523 2530 579 reducere
2556 528 2790 581 curavit.
2819 529 2913 583 Ille
2939 546 3071 586 vero
3113 549 3302 588 corum
3338 550 3431 588 sa-

143 621 348 686 Octobri,
375 617 516 690 apud
538 617 929 689 Compendium
952 616 1214 687 palatium
1238 615 1565 688 generaliter
1581 628 1714 671 con-
1815 607 2090 667 lutiferam
2112 613 2566 680 admonitionem,
2585 624 2642 672 et
2660 616 2882 688 dignam
2906 636 3313 692 congruamquc
3332 637 3431 677 ex-

144 703 394 777 veuimus,
433 719 490 765 et
523 717 884 766 memoratum
920 707 1221 779 principem
1251 705 1534 763 humiliter
1557 705 1711 762 audi—
1816 703 2218 777 aggerationem
2250 705 2482 762 libenter
2499 708 2855 779 amplectens,
2879 712 3130 782 promisit
3153 729 3214 768 se
3235 713 3290 768 in
3315 729 3430 770 orn-

144 809 310 862 viuius.
354 801 421 857 Et
463 801 570 857 hoc
608 799 824 870 quidem
868 798 969 864 illi,
1006 799 1124 855 sive
1153 797 1507 869 optimatibus
1549 795 1713 862 illius,
1818 795 1979 850 nibus
2022 793 2129 851 illis
2159 797 2538 867 acquieturum
2566 799 2792 856 salutari
2821 801 3073 869 consilio,
3117 811 3176 859 et
3217 805 3433 860 subitu-

143 913 221 954 seu
243 895 381 952 omni
409 890 749 964 generalitati
774 889 959 961 populi
987 904 1126 962 quae
1150 889 1388 961 undique
1422 886 1553 944 illuc
1585 901 1716 942 con-
1818 901 1941 941 rum
1971 887 2264 944 remediale
2293 888 2573 945 iudicium.
2603 890 2776 947 Porro
2811 891 2882 947 de
2908 902 3058 948 tanta
3084 893 3291 950 salubri
3327 895 3431 950 ad-

144 989 362 1052 duxerat,
393 983 748 1040 manifestare
772 981 922 1037 iuxta
948 981 1252 1037 iniunctum
1291 980 1449 1036 nobis
1473 980 1718 1035 ministe—
1819 981 2120 1036 monitione
2148 981 2358 1047 hilaris,
2392 982 2538 1039 illico
2562 983 2822 1041 dilectum
2851 985 3024 1042 filium
3047 1002 3206 1043 suum
3229 988 3435 1044 Lotlm-

145 1079 262 1134 rium
285 1075 615 1140 curavimus,
644 1071 825 1143 qualis
847 1071 923 1142 sit
943 1071 1099 1142 vigor
1125 1079 1182 1126 et
1205 1077 1448 1141 potestas
1476 1070 1591 1125 sive
1617 1068 1720 1124 mi-
1821 1072 1964 1127 rium
2002 1080 2290 1143 augustum
2330 1074 2433 1129 sibi
2451 1072 2711 1131 festinato
2741 1077 3037 1134 affuturum
3072 1079 3429 1150 supplicavit,

145 1165 400 1224 nistcrium
451 1162 822 1228 sacerdotale,
870 1171 927 1217 et
967 1161 1115 1234 quali
1157 1169 1434 1217 mercatur
1469 1161 1720 1217 damnari
1821 1171 1882 1218 ut
1907 1163 2014 1229 ille,
2057 1165 2233 1235 ruptis
2255 1165 2591 1236 quibuslibet
2617 1168 2868 1236 merulis,
2909 1187 3036 1227 cum
3081 1172 3197 1228 suis
3231 1173 3437 1244 prima-

145 1256 407 1322 sententia,
436 1255 530 1326 qui
570 1253 793 1311 monitis
828 1252 1258 1310 sacerdotalibus
1288 1253 1510 1310 obedire
1535 1253 1723 1309 nolue-
1823 1253 1970 1316 tibus
2006 1255 2236 1320 veniret,
2270 1256 2530 1326 quatinus
2558 1259 2797 1328 primum
2837 1261 2983 1318 inter
3013 1277 3110 1320 eos
3137 1271 3325 1320 mutua
3351 1280 3438 1320 re-

145 1352 220 1407 rit.
244 1347 438 1404 Deinde
465 1355 575 1402 tam
605 1354 908 1402 memorato
932 1346 1160 1418 principi
1191 1360 1354 1416 quam
1380 1354 1578 1402 cuncto
1603 1345 1723 1401 eius
1823 1344 2134 1401 conciliatio
2175 1347 2476 1402 secundum
2525 1348 2884 1408 christianam
2919 1354 3228 1410 doctrinam
3257 1356 3435 1421 fieret,

143 1439 318 1514 mpulo
343 1438 666 1496 denuntiare
687 1437 1015 1517 studuimus,
1039 1445 1099 1491 ut
1123 1437 1354 1493 Domino
1374 1435 1724 1493 devotissime
1827 1443 1887 1490 ut
1926 1436 1974 1491 si
2019 1437 2150 1508 quid
2190 1437 2244 1492 in
2279 1439 2540 1497 cordibus
2576 1456 2768 1497 eorum
2815 1445 3091 1500 naeviaut
3136 1445 3444 1502 discordiae

145 1535 334 1607 placere
359 1532 663 1596 studerent,
691 1537 748 1584 et
775 1528 830 1584 in
858 1530 1056 1600 quibus
1086 1542 1212 1584 eum
1245 1528 1580 1584 offenderant
1610 1527 1724 1598 pla-
1829 1526 2026 1594 inerat,
2064 1543 2201 1598 pura
2238 1528 2570 1602 humilisque
2612 1533 2906 1603 postulatio
2949 1537 3142 1592 veniae
3173 1538 3439 1608 expiaret,

146 1640 255 1684 care
277 1640 382 1682 non
409 1623 713 1681 differrent.
762 1622 1084 1678 Examinata
1128 1622 1328 1693 quippe
1364 1622 1493 1676 sunt
1531 1621 1720 1686 multa,
1828 1635 1894 1676 ac
1922 1621 2117 1678 deinde
2143 1638 2328 1678 coram
2356 1625 2505 1679 omni
2530 1626 2878 1684 multitudine
2900 1629 3162 1686 iudicium
3188 1635 3444 1688 sacerdo—

147 1731 270 1792 quae
303 1730 398 1788 per
423 1715 808 1788 negligentiam
850 1715 904 1770 in
935 1715 1039 1772 hoc
1073 1714 1306 1786 imperio
1344 1715 1721 1786 contigerunt,
1829 1713 1938 1770 tale
1962 1730 2115 1771 more
2139 1716 2468 1786 paenitentis
2498 1718 2820 1788 susciperet,
2846 1722 2994 1791 quod
3029 1731 3089 1777 et
3123 1737 3233 1778 non
3269 1722 3444 1778 multo

149 1823 269 1884 quae
304 1808 368 1864 ad
396 1809 713 1866 scandalum
741 1806 1028 1872 ecclesiae,
1064 1816 1121 1863 ct
1161 1808 1372 1864 ruinam
1410 1807 1611 1879 populi,
1646 1807 1728 1862 vel
1760 1810 1804 1871 Β
1833 1814 1956 1876 post
1985 1807 2186 1862 factum
2211 1815 2316 1862 est.
2359 1808 2593 1866 Veniens
2631 1809 2800 1882 igitur
2830 1811 2974 1869 idem
2997 1815 3252 1872 dominus
3271 1815 3446 1872 Lede-

151 1903 283 1976 rcgui
309 1901 587 1958 interitum
616 1899 924 1957 manifestis
951 1900 1168 1956 indiciis
1186 1901 1558 1971 pertinebant:
1591 1911 1732 1969 quae
1833 1899 2004 1955 wicus
2029 1899 2082 1952 iu
2110 1899 2390 1955 basilicam
2418 1910 2641 1958 sanctae
2667 1903 2761 1958 Dei
2783 1906 3078 1976 genetricis
3102 1905 3323 1973 Mariae,
3349 1909 3443 1963 ubi

153 2009 350 2054 necesse
375 2003 494 2051 erat
523 2003 582 2050 ut
607 1995 719 2052 cito
743 1995 1171 2075 corrigerentur,
1218 2002 1275 2049 ct
1303 1993 1359 2049 in
1403 1993 1586 2049 futuro
1611 2007 1732 2048 om-
1834 1998 2147 2046 sanctorum
2196 2005 2428 2062 corpora
2497 1994 2840 2065 requiescunt
2903 1984 3142 2054 Ilcdardi
3189 1999 3446 2056 vidi-licet

153 2090 292 2147 nibus
336 2087 512 2145 modis
539 2087 860 2143 vitarentur.
901 2086 1047 2142 lnler
1078 2095 1259 2143 cetera
1297 2085 1460 2141 etiam
1498 2098 1738 2140 commc-
1835 2081 2168 2140 confessoris
2183 2085 2388 2140 Christi
2405 2094 2570 2157 atque
2590 2087 2888 2159 pontificis,
2906 2105 3120 2148 necnon
3135 2091 3444 2149 δώωιίηυί

155 2188 399 2237 moratum
437 2186 522 2234 est
547 2195 577 2234 a
614 2179 792 2245 nobis,
835 2186 892 2234 et
921 2178 1176 2236 omnibus
1209 2178 1280 2234 ad
1303 2176 1622 2233 memoriam
1652 2191 1738 2231 re-
1800 2215 1807 2222 .
1837 2177 2294 2247 praestantissimi
2343 2181 2606 2252 martyris
2629 2222 2645 2246 ,
2696 2182 3044 2239 adstantibus
3087 2186 3445 2258 presbyteris,

155 2273 374 2340 ductum,
403 2271 638 2342 qualiter
664 2272 806 2328 Deus
835 2285 1064 2342 regnum
1099 2271 1246 2326 istud
1271 2285 1371 2341 per
1391 2269 1740 2331 administran
1839 2271 2192 2338 diaconibus,
2239 2282 2294 2327 et
2339 2287 2447 2327 non
2493 2288 2660 2343 parva
2708 2275 3056 2332 multitudine
3085 2277 3446 2342 clericorum,

157 2366 338 2420 tionem
364 2364 538 2419 bonae
563 2363 861 2420 memoriae
885 2363 1067 2418 Karoli
1089 2361 1543 2434 praestantissimi
1570 2361 1740 2432 impe-
1839 2372 2127 2433 praesente
2152 2363 2317 2419 etiam
2341 2363 2590 2433 praefato
2624 2363 2850 2421 domino
2880 2366 3144 2425 Lothario
3173 2368 3286 2425 filio
3308 2369 3448 2434 eius,

160 2457 368 2534 ratoris,
423 2465 479 2513 et
528 2471 628 2527 per
668 2457 1151 2528 praedecessorum
1201 2470 1424 2512 suorum
1461 2453 1738 2518 laborem,
1839 2453 2067 2522 eiusque
2089 2455 2430 2534 proceribus,
2469 2463 2635 2526 atque
2658 2457 2828 2514 totius
2845 2452 3050 2530 'populi
3072 2463 3464 2531 generalitate,-

159 2533 419 2624 pacificum
445 2560 501 2608 ct
525 2551 740 2607 unitum
768 2559 930 2621 atque
959 2550 1216 2607 nobiliter
1241 2550 1530 2606 dilatatum
1555 2545 1739 2611 fuerit,
1842 2555 2108 2616 quotquot
2137 2546 2392 2602 videlicet
2415 2547 2558 2604 intra
2581 2549 2665 2605 sui
2689 2558 2905 2620 septum
2941 2553 3132 2608 eadem
3170 2554 3456 2610 continere

160 2654 210 2700 et
235 2644 450 2700 Domino
474 2643 555 2699 Lu
577 2643 768 2700 'cwieo
794 2643 1108 2714 imperatori
1149 2659 1180 2698 a
1203 2643 1323 2699 Deo
1349 2642 1418 2698 ad
1446 2641 1742 2714 regendum
1844 2639 2021 2710 potuit
2043 2639 2292 2702 ecclesia,
2323 2648 2378 2694 et
2400 2650 2708 2710 prostratus
2726 2642 2783 2696 in
2807 2651 3010 2698 terram
3030 2659 3196 2715 super
3214 2645 3455 2701 cilicium

161 2737 252 2793 sub
273 2752 459 2809 magna
487 2749 622 2808 pace
644 2736 1020 2801 conuuissum,
1061 2735 1398 2806 Dominoque
1427 2741 1746 2806 protegente
1845 2739 1973 2786 ante
1995 2740 2406 2808 sacrosanctum
2433 2733 2626 2800 altare,
2650 2735 2936 2792 confessus
2957 2745 3046 2793 est
3066 2753 3260 2793 coram
3273 2740 3455 2794 omni-

162 2830 250 2885 sub
275 2829 457 2884 eadem
483 2844 639 2899 pace,
670 2829 929 2899 quamdiu
954 2829 1097 2884 idem
1123 2828 1376 2899 princeps
1407 2827 1516 2903 Deo
1537 2825 1747 2883 studuit
1847 2823 1949 2879 bus
1974 2822 2338 2878 ministerium
2365 2823 2471 2878 sibi
2509 2826 2865 2903 commissum
2905 2829 3044 2885 satis
3083 2829 3302 2901 indigne
3341 2839 3457 2885 tra-

163 2927 211 2976 ct
227 2919 458 2990 palemis
481 2920 748 2990 exemplis
773 2919 874 2987 uti,
912 2934 978 2976 ac
1002 2921 1268 2976 bonorum
1307 2901 1588 2974 hominum
1615 2933 1748 2974 eon-

1945 2928 2045 2978 sse,
2071 2913 2204 2969 etin
2233 2929 2299 2969 eo
2322 2913 2510 2970 multis
2532 2901 2710 2972 modis
2734 2918 2902 2974 Deum
2923 2919 3244 2988 offendisse,
3281 2931 3340 2976 et
3362 2939 3455 2978 cc—

166 3002 656 3084 siliis'acquiescere
677 3015 909 3078 curavit,
941 3021 1324 3070 conservatum
1361 3011 1656 3068 manserit:
1693 3017 1749 3066 et

1945 3005 2071 3060 siam
2094 3003 2300 3086 Christi
2329 3008 2751 3076 scandalizasse,
2774 3010 3140 3082 populumque
3169 3028 3270 3084 per
3302 3019 3458 3070 suam

168 3105 414 3174 quomodo
440 3106 494 3161 in
517 3121 776 3176 processu
805 3106 1087 3176 temporis,
1115 3106 1258 3161 sicut
1290 3105 1543 3161 omnibus
1573 3103 1748 3159 mani-
1852 3097 2238 3169 negligentiam
2263 3098 2561 3156 multifario
2584 3101 2638 3156 in
2661 3105 3126 3172 perturbationem
3155 3105 3458 3162 induxisse.

169 3195 348 3254 festum
375 3204 522 3264 erat,
561 3213 658 3268 per
681 3197 800 3280 eius
844 3197 1320 3269 improvidentiam
1355 3198 1440 3254 vel
1473 3198 1750 3271 negligen-

1949 3191 2071 3246 ideo
2098 3192 2169 3263 ob
2199 3200 2478 3248 tantorum
2517 3203 2767 3250 rcatuum
2793 3197 3162 3266 expiationem
3186 3201 3462 3270 public-ain

173 3290 308 3358 tiam,
332 3291 384 3346 in
412 3299 621 3346 tantam
648 3291 860 3352 venerit
884 3286 1236 3362 ignominiam
1258 3291 1617 3348 et'vilitatem
1637 3330 1653 3358 ,
1689 3298 1752 3346 ut

172 3399 263 3438 non
284 3383 456 3439 solum
482 3382 676 3439 amicis
701 3383 756 3439 in
791 3383 1150 3465 moesti;iam,
1192 3381 1288 3438 sed
1323 3383 1486 3439 etiam
1515 3380 1752 3437 inimicis

169 3478 360 3534 venerit
384 3478 438 3533 in
463 3476 815 3533 derisionem.
857 3468 976 3550 sed
990 3477 1116 3548 quia
1147 3477 1288 3533 idem
1315 3477 1566 3548 princeps
1593 3475 1755 3531 mini-

170 3567 375 3624 sterium
416 3569 520 3625 sibi
548 3566 1269 3641 commissum-hegligcnter
1307 3568 1651 3633 tractaverit,
1698 3575 1756 3623 et

174 3658 341 3723 multa,
365 3673 506 3729 quae
536 3660 649 3714 Deo
669 3667 725 3714 et
750 3651 1062 3715 hominibus
1082 3659 1471 3730 displicebant,
1487 3645 1543 3715 et
1564 3658 1756 3715 fecerit

171 3757 219 3805 et
244 3750 419 3808 facere
447 3751 792 3822 compulerit,
822 3751 908 3806 vel
934 3751 1051 3808 fieri
1080 3753 1410 3822 permiserit,
1450 3760 1507 3808 et
1535 3750 1591 3806 in
1617 3749 1758 3804 mul-

173 3840 234 3896 tis
261 3840 506 3898 nefandis
543 3840 789 3898 consiliis
836 3841 1008 3898 Deum
1054 3844 1353 3898 irritaverit
1397 3851 1454 3899 et
1507 3849 1754 3898 sanctam

170 3931 438 3987 ecclesiam
476 3933 965 3989 seandalizaverit:
1005 3941 1062 3988 et
1100 3941 1160 3988 ut
1201 3936 1380 3991 cetera
1423 3950 1564 4007 quae
1599 3935 1759 3992 innu—

175 4038 306 4078 mera
335 4033 462 4080 sunt
497 4025 848 4094 omittamus,
897 4027 1192 4082 novissime
1235 4042 1453 4084 onmem
1500 4030 1757 4100 populum

176 4115 266 4170 sibi
301 4117 600 4204 subiectum
645 4118 714 4174 ad
740 4120 1048 4188 generalem
1078 4118 1358 4176 interitum
1389 4123 1756 4188 contraxerit,

175 4219 225 4264 et
245 4210 308 4266 ab
331 4226 393 4266 eo
423 4209 607 4266 divino
635 4211 887 4282 iustoque
922 4213 1122 4270 iudicio
1158 4214 1340 4270 subito
1368 4214 1664 4285 impcrialis
1688 4215 1761 4271 sit

177 4302 434 4358 subtracta
473 4311 743 4374 potestas.
785 4303 894 4360 Nos
934 4313 1116 4360 tamen
1151 4300 1423 4368 inemores
1444 4316 1762 4378 praecepto-

182 4410 286 4449 rum
321 4395 432 4462 Dei,
475 4398 870 4469 ministeriique
916 4399 1091 4455 nostri
1104 4441 1119 4465 ,
1166 4408 1330 4471 atque
1369 4401 1760 4458 beneficiorum

179 4486 300 4553 eius,
325 4486 544 4557 dignum
572 4489 846 4554 duximus,
882 4486 960 4546 ‘ut
1001 4506 1100 4560 per
1147 4491 1423 4547 licentiam
1472 4494 1759 4548 memorati

1854 3290 1912 3338 et
1931 3281 2300 3339 ecclesiastica
2308 3301 2359 3339 m
2381 3299 2442 3341 se
2461 3295 2719 3357 expetere
2739 3287 2876 3344 velle
2893 3288 3034 3344 dixit
3051 3291 3463 3361 poenitentiani,

1855 3391 1966 3446 quo
2014 3375 2313 3433 miserante
2363 3379 2734 3451 DominOoper
2773 3369 2967 3437 eorum
3010 3382 3374 3439 ministerium
3409 3393 3465 3438 et

1857 3472 2187 3528 adiutorium
2215 3474 2497 3545 percipere
2519 3485 2825 3532 mereretur
2855 3477 3252 3534 absolutionem
3288 3487 3465 3534 tanto-

1858 3582 1978 3621 rum
2002 3566 2316 3632 criminum,
2344 3569 2547 3639 quibus
2567 3571 2712 3627 Dcus
2734 3571 2935 3641 ligandi
2955 3587 3025 3627 ae
3047 3572 3291 3627 solvendi
3314 3572 3432 3626 iutn
3449 3603 3465 3611 ο

1857 3659 1994 3716 lerat
2013 3670 2362 3731 potestatem.
2379 3661 2552 3728 Quem
2579 3663 2744 3718 etiam
2769 3663 2933 3718 iidem
2951 3664 3259 3734 pontifices,
3281 3670 3471 3733 utpote

1858 3750 2054 3806 medici
2078 3750 2376 3822 spiritales,
2406 3751 2701 3808 salubriter
2719 3751 3139 3827 admonuerunt,
3161 3761 3471 3810 asserentes

1858 3842 1907 3898 ei
1931 3844 2076 3912 quod
2102 3859 2295 3914 puram
2320 3851 2376 3900 et
2398 3843 2710 3915 simplicem
2722 3842 3122 3900 confessionem
3149 3852 3470 3914 sequeretur

1857 3948 1986 3990 vera
2012 3935 2264 3990 remissio
2284 3924 2657 4006 peccatorum,
2697 3944 2758 3990 ut
2781 3946 2973 4007 aperte
2997 3936 3353 3992 conﬁtentur
3374 3952 3467 3991 εει·⁴

1861 4033 1976 4081 rata
2001 4041 2100 4080 sua
2130 4026 2412 4095 inquibus
2437 4026 2676 4082 maxime
2703 4042 2764 4082 se
2791 4027 2964 4082 Deum
2987 4025 3281 4083 offendisse
3305 4029 3442 4096 proli
3459 4057 3472 4066 -

1861 4117 2100 4182 tebatur,
2128 4131 2194 4170 ne
2223 4115 2366 4172 forte
2397 4116 2630 4172 interius
2663 4115 2867 4187 aliquid
2891 4124 3120 4187 tegeret,
3140 4125 3237 4172 aut
3258 4116 3314 4171 in
3337 4133 3470 4173 con-

1861 4215 2051 4277 spectu
2078 4208 2174 4262 Dei
2204 4207 2482 4278 quippiam
2509 4207 2696 4264 dolose
2718 4217 2928 4278 ageret,
2957 4209 3104 4265 sicut
3122 4209 3231 4265 iam
3259 4210 3469 4280 pridem

1807 4375 1820 4390 ⁸
1863 4301 1919 4356 ίιι
1935 4301 2271 4372 Compendio
2291 4301 2495 4374 palatio
2507 4304 2578 4358 ab
2593 4301 2701 4358 alio
2723 4317 2882 4358 sacro
2899 4310 3173 4358 conventu
3189 4311 3475 4372 correptus

1864 4409 2050 4451 coram
2095 4394 2246 4449 omni
2292 4394 2526 4450 ecclesia
2574 4408 2702 4450 eum
2743 4393 2942 4450 fecisse
2980 4394 3238 4450 erunibus
3282 4401 3474 4449 notum

1864 4500 2104 4554 erat,ne
2129 4488 2272 4544 sicut
2301 4495 2450 4553 tunc,
2481 4486 2557 4543 ita
2581 4495 2638 4544 et
2664 4503 2810 4544 nunc
2853 4502 2952 4557 per
2988 4485 3391 4542 simahtionem
3417 4495 3477 4540 ot

181 4580 418 4650 principis
439 4580 687 4637 Lotharii
722 4581 1046 4654 legationem
1071 4585 1139 4640 ad
1168 4583 1316 4639 illum
1341 4600 1408 4640 ex
1433 4586 1759 4641 auctoritate
1788 4569 1838 4630 ι)
1864 4579 2220 4636 calliditatem
2251 4578 2464 4650 duplici.
2496 4579 2566 4634 ad
2614 4578 2786 4634 Deum
2829 4577 2997 4634 corde
3019 4575 3363 4640 accedendi),
3405 4576 3477 4630 ad

183 4674 307 4728 sacri
331 4684 627 4731 conventus
661 4675 1020 4742 mitteremus,
1053 4692 1192 4747 quae
1219 4693 1344 4734 eum
1389 4679 1458 4735 de
1494 4679 1609 4735 suis
1637 4695 1758 4735 rca-

185 4767 312 4823 libus
334 4769 643 4836 admoneat,
664 4777 934 4840 quatenus
961 4780 1170 4835 certum
1205 4771 1491 4828 consilium
1517 4787 1650 4830 suae
1675 4789 1762 4830 sa-

184 4855 296 4913 lutis
321 4868 556 4930 caperet,
582 4867 644 4915 ut
664 4859 790 4930 quia
814 4869 1086 4930 potestate
1109 4863 1358 4932 privatus
1380 4872 1500 4918 erat
1522 4872 1760 4931 terrena,

187 4947 318 5004 iuxta
342 4949 582 5006 divinum
609 4949 897 5006 consilium
917 4959 972 5007 et
1005 4952 1430 5010 ecclesiasticam
1455 4953 1762 5031 auctorita-

183 5046 300 5104 tem,
328 5055 394 5098 ne
414 5057 570 5098 suam
598 5039 916 5116 [secundam
948 5043 1036 5117 8.]
1065 5045 1303 5100 animam
1341 5046 1620 5117 perderet,
1654 5046 1765 5104 ela-

188 5129 359 5187 borare
409 5133 462 5189 in
512 5134 776 5190 extremis
820 5136 1030 5206 positus
1080 5138 1214 5193 totis
1245 5137 1455 5195 viribus
1497 5139 1762 5195 studeret.

188 5219 404 5285 Quorum
444 5223 749 5295 legatorum
785 5227 1028 5283 consiliis
1059 5237 1114 5284 et
1158 5229 1534 5286 saluberrimis
1578 5231 1766 5286 admo-

190 5311 460 5371 nitionibus
493 5316 724 5373 libenter
749 5332 1029 5374 asswsum
1060 5321 1342 5390 praebuit,
1389 5322 1626 5393 spatium
1670 5338 1769 5394 po-

189 5407 360 5472 poscit,
390 5408 642 5481 diemque
676 5399 979 5478 constituit,
1014 5427 1122 5484 qua
1145 5413 1212 5468 de
1243 5413 1550 5470 salubribus
1576 5431 1766 5472 eorum

190 5498 389 5555 monitis
415 5509 626 5556 certum
657 5502 736 5558 eis
767 5518 1083 5573 responsum
1124 5505 1391 5561 redderet.
1425 5505 1559 5562 Cum
1587 5517 1767 5564 autem

189 5591 569 5662 suptascriptus
614 5593 844 5650 instaret
883 5596 1032 5662 dies,
1080 5612 1238 5653 sacer
1283 5597 1422 5652 idem
1469 5609 1770 5658 conventus

191 5683 496 5742 unanimiter
531 5687 598 5744 ad
640 5689 872 5746 eundem
910 5691 1269 5747 venerabilem
1302 5691 1477 5748 virum
1509 5695 1766 5764 perrexit,

191 5783 402 5847 euntque
423 5778 710 5850 diligenter
733 5783 798 5837 de
824 5784 1019 5852 quibus
1048 5784 1218 5839 Deum
1244 5784 1544 5840 offenderat
1569 5795 1625 5863 et.
1650 5802 1771 5843 san-

193 5869 319 5923 ctam
360 5868 647 5927 ecclesiam
694 5875 1189 5944 scandaluaverat,
1250 5892 1314 5933 ac
1360 5877 1623 5950 populum
1665 5881 1771 5939 sibi

1865 4670 2003 4726 iram
2047 4671 2231 4742 potius
2279 4687 2442 4742 quam
2485 4671 2554 4726 ad
2600 4670 2814 4726 veniam
2858 4685 3084 4727 suorum
3119 4676 3476 4742 peccatorum

1865 4775 2223 4835 provocaret:
2262 4765 2522 4836 quoniam
2550 4764 2823 4834 scriptura
2854 4771 3110 4829 testante,
3138 4762 3478 4818 simulator“

1864 4845 1913 4911 et
1939 4856 2122 4911 callidi
2145 4866 2428 4928 provocant
2451 4856 2591 4910 iram
2624 4855 2745 4910 Dei.
2785 4856 2988 4911 Verum
3013 4861 3139 4926 post
3163 4853 3478 4910 huiusmodi

1868 4954 2296 5009 admonitionem
2331 4952 2613 5024 professus
2639 4960 2834 5019 est,.se
2861 4951 2915 5006 in
2937 4952 3195 5007 omnibus
3217 4951 3287 5006 iis
3315 4965 3478 5021 prae-

1869 5047 2030 5117 cipue
2054 5046 2367 5116 deliquisse,
2399 5045 2543 5100 unde
2564 5059 2595 5098 a
2620 5043 2938 5099 memoratis
2959 5043 3336 5098 sacerdotibus
3357 5041 3477 5097 fue-

1871 5146 1958 5192 rat
1987 5136 2349 5203 familiariter,
2376 5136 2492 5192 sive
2525 5137 2704 5192 verbis
2725 5136 2841 5190 sive
2872 5135 3112 5206 scriptis,
3142 5134 3476 5197 admonitus,

1867 5238 1924 5286 et
1949 5229 2110 5301 digna
2139 5229 2510 5300 increpatione
2545 5226 2860 5300 correptus;
2900 5245 3066 5300 super
3087 5229 3289 5299 quibus
3304 5229 3479 5284 'cbar-

1872 5321 2041 5376 tulam
2069 5337 2341 5378 summam
2372 5329 2622 5377 rcatuum
2646 5323 3075 5388 suorum,.unde
3092 5320 3484 5392 illumspeciao

1869 5415 1999 5470 liter
2045 5416 2461 5487 redarguerem,
2504 5415 2874 5470 continentem
2901 5416 2953 5470 ci
2984 5417 3274 5481 dederunt,
3315 5431 3485 5485 quam

1873 5507 1964 5563 ille
1990 5507 2046 5561 in
2074 5507 2328 5560 manibus
2351 5507 2621 5577 gestabat.

1945 5600 1997 5654 l.
2027 5599 2461 5669 Videlicctisicut
2486 5598 2541 5652 in
2569 5599 2758 5654 eadem
2785 5598 3032 5655 chartula
3066 5600 3280 5670 plenius
3302 5599 3484 5654 conti-

1875 5702 2056 5759 nctur,
2081 5701 2293 5746 reatum
2324 5691 2595 5761 sacrilegii
2636 5692 2967 5748 ineurrendo
2986 5704 3043 5748 et
3072 5693 3350 5750 homicidii
3372 5735 3388 5759 ,
3417 5706 3486 5748 eo

1874 5785 2015 5854 quod
2039 5797 2320 5855 paternam
2346 5783 2783 5840 admonitionem.
2800 5795 2856 5841 et
2880 5787 3180 5842 terribilem
3209 5795 3478 5843 contesta-

1876 5885 2079 5940 tionem
2109 5883 2210 5939 sub
2234 5880 2416 5938 divina
2438 5880 2782 5940 invocatione
2798 5891 2936 5940 ante
2956 5892 3208 5939 sanctum
3229 5881 3401 5940 altare
3425 5893 3483 5936 in
