3828 6220
438 106 587 193 σεεμ
1042 152 1082 163 --
1366 130 1429 185 n.
1471 129 1725 219 essent
1764 128 1980 188 MAGNI

2103 129 2167 186 Ῥ.
2208 131 2391 191 PARS
2424 134 2463 190 Ι.
2506 133 2706 193 SECT.
2744 138 2797 194 1..
2978 189 2981 191 .
3644 142 3734 203 564

437 248 742 306 praesentia
769 241 1114 297 sacerdotum
1142 250 1198 298 et
1226 248 1462 301 maxima
1484 247 1669 317 populi
1692 247 2039 304 multitudine
2064 248 2119 313 Α
2214 247 2268 302 6.
2302 248 2379 304 De
2403 250 2649 308 diversis
2682 252 3151 323 expeditionibus,
3192 270 3335 327 quas
3372 255 3432 313 in
3456 270 3621 330 regno
3642 261 3730 320 sibi

436 328 538 387 sibi
569 329 765 384 factam
790 333 1090 386 secundum
1129 345 1283 385 suam
1320 336 1741 400 promissionem
1769 351 1877 391 non
1907 352 2042 393 con-
2149 336 2444 394 commisso
2465 354 2576 395 non
2601 339 2774 395 solum
2801 339 3089 411 inutiliter,
3134 343 3233 401 sed
3257 344 3429 403 etiam
3451 328 3612 405 aonie
3631 350 3727 407 sine

434 422 764 481 servaverit:
789 435 874 478 ,eo
893 416 1039 493 quad
1070 420 1338 488 fratribus
1379 433 1435 480 et
1472 423 1793 498 propinquis
1829 420 2042 487 violen-
2146 427 2378 484 consilio
2397 437 2453 484 et
2478 430 2713 489 utilitate
2734 427 2885 498 fecit,
2914 433 2968 491 in
2991 434 3191 506 quibus
3214 434 3477 495 nimirum
3498 438 3658 496 multa
3679 450 3727 499 et

434 512 563 566 tiam
589 511 851 581 intulerit,
881 506 1219 590 etinepotcm
1242 529 1425 583 snum,
1466 512 1631 587 quem
1656 519 1772 590 ipse
1808 520 2043 580 liberare
2145 517 2558 575 innumerabilia
2582 529 2710 578 sunt
2735 522 2791 578 in
2813 523 3011 594 populo
3034 525 3339 586 christiano
3376 525 3581 601 ﬂagitia
3615 546 3721 603 νεῖν

429 610 700 671 potuerat,
732 586 1041 660 interficere
1082 607 1424 675 permiserit;
1468 586 1522 664 et
1569 586 1715 680 quod
1753 613 2003 672 immemu

2142 616 2387 678 petrata,
2410 611 2465 666 in
2493 612 2803 672 homicidiis
2814 586 2903 671 ’δι’
2919 616 3199 687 periuriis,
3237 618 3296 675 in
3321 586 3722 691 ωεέἱεείίεξῖι

392 710 395 713 ·
428 680 539 748 voti
567 696 673 761 sui,
700 697 918 768 signum
948 690 1172 759 Sanctae
1196 704 1475 776 religionis
1496 716 1718 778 propter
1740 711 2037 769 vindictam
2143 700 2449 769 adulteriis:
2480 702 2537 758 in
2565 704 2791 775 ηνίιιίει
2834 706 2892 761 in
2936 707 3229 775 incendiis»
3269 710 3386 768 δίη
3422 711 3480 768 in
3504 711 3725 771 θαίεείίδ

424 803 558 843 θυαε
579 788 978 870 ἰιιάίεηέιιίοοίὲ
998 792 1327 865 αρτιηροςιερ
1360 798 1606 854 iusserit,
1650 830 1660 839 .
2142 788 2239 846 Dei
2262 791 2379 849 sive
2408 794 2464 848 in
2489 792 2613 850 aliis
2639 796 2869 854 diversis
2894 796 3029 856 locis
3064 799 3327 883 factis,in
3353 803 3719 875 direptionibus

491 878 737 951 2.~Qnod
777 893 974 943 auctor
1000 885 1241 946 scandali
1283 900 1341 949 et
1383 897 1733 963 perturbatur
1773 901 1927 969 pacis
1969 918 2035 959 ac

422 972 654 1031 violator
671 972 1144 1037 sacramentorum
1163 982 1465 1050 existendo,
1489 992 1893 1060 pactum,un
1913 1006 2038 1062 pro-

372 1102 373 1105 η
421 1080 543 1141 pter
587 1080 779 1142 pacem
831 1082 889 1130 et
933 1077 1355 1135 unanimitatem
1404 1079 1617 1154 imperii
1662 1086 2034 1158 ecclesiaeque

420 1162 854 1232 tranquilitatem
889 1168 1169 1229 communi
1190 1170 1427 1237 consilio
1441 1180 1497 1229 et
1518 1188 1789 1250 consensu
1812 1186 2036 1250 cuncto-

418 1267 540 1308 rum
575 1255 815 1312 tidelium
841 1264 1067 1315 suorum
1093 1259 1275 1321 fuerat
1307 1263 1453 1319 inter
1477 1248 1619 1322 ﬁlios
1646 1283 1777 1325 suos
1804 1248 2025 1338 factum,

417 1351 471 1397 et
496 1357 593 1412 per
620 1356 1023 1404 sacramentum
1062 1352 1473 1421 confirmatum,
1497 1373 1662 1429 super
1697 1360 1889 1419 illicita
1926 1381 2027 1435 po-

416 1446 618 1493 testate
647 1442 996 1511 corruperit;
1025 1452 1081 1498 et
1109 1443 1162 1499 in
1190 1460 1258 1502 eo
1283 1450 1428 1518 quod
1452 1449 1643 1508 fideles
1662 1468 1793 1511 suos
1809 1456 1865 1512 in
1891 1473 2028 1513 con—

414 1532 753 1588 trarietatem
792 1535 1039 1592 eiuslem
1064 1538 1225 1607 primi
1256 1541 1404 1610 pacti
1448 1552 1505 1600 et
1545 1545 1837 1604 iuramenti
1878 1550 2023 1606 aliud

294 1686 301 1699 Α,
412 1633 816 1680 sacramentum
846 1625 1031 1683 iurare
1052 1631 1403 1700 compulerit,
1441 1632 1499 1688 in
1537 1635 1763 1705 periurii
1810 1649 2017 1696 reatum

411 1721 816 1783 praestatorum
848 1717 1159 1776 violatione
1203 1734 1679 1782 sacramentorum
1724 1728 2014 1787 inciderit:

408 1816 466 1862 et
490 1815 758 1876 quantum
780 1808 895 1866 hoc
913 1810 1025 1867 Deo
1054 1812 1410 1884 displicuerit,
1441 1816 1653 1892 liquido
1675 1820 1871 1888 claret,
1889 1824 2019 1893 quia

406 1907 595 1969 postea
634 1917 736 1958 nec
781 1902 897 1973 ipse
923 1916 1041 1987 pec
1081 1907 1315 1978 populus
1354 1910 1461 1967 sibi
1505 1912 1783 1971 subiectus
1824 1932 2021 1987 pacem

406 1988 612 2046 habere
638 1993 861 2060 meruit,
891 1988 989 2051 sled
1029 2011 1222 2067 omnes
1257 1999 1312 2054 in
1350 2001 1840 2077 perturbationem,
1889 2023 2018 2079 poe-

404 2096 532 2136 nam
566 2084 775 2150 pcccati
802 2086 1140 2154 sustinendo,
1175 2089 1322 2147 iusto
1360 2092 1459 2148 Dei
1491 2094 1693 2152 iudicio
1716 2106 1905 2167 postea
1928 2101 2014 2157 iii-

407 2171 554 2228 ducti
587 2183 737 2230 sunt.
950 2252 953 2255 Α
1163 2192 1168 2197 ’

472 2266 528 2321 ὅ.
558 2263 694 2333 Quia
738 2278 931 2331 contra
970 2272 1327 2330 cbristianam
1376 2277 1689 2350 religionem
1720 2291 1777 2339 et
1814 2296 2011 2344 contra

399 2366 590 2414 votum
606 2368 776 2422 suum
804 2363 927 2419 sine
960 2365 1069 2420 ulla
1098 2368 1334 2425 utilitate
1356 2372 1576 2440 publica
1604 2385 1700 2429 aut
1730 2386 1881 2434 certa
1916 2396 2011 2438 ne-

378 2451 672 2516 -eessitate,
704 2468 995 2524 pravorum
1025 2460 1255 2519 consilio
1284 2462 1538 2532 delusus,
1577 2467 1639 2522 in
1652 2469 1850 2527 diebus
1877 2488 2014 2544 qua-

380 2540 742 2617 dragesimae
762 2547 1163 2617 expeditionem
1186 2556 1494 2624 generalem
1521 2560 1639 2616 fieri
1669 2562 1847 2631 iussit,
1875 2540 1931 2621 et
1952 2568 2011 2622 in

394 2630 660 2689 extremis
682 2635 895 2707 imperii
922 2640 1006 2695 sui
1031 2640 1232 2709 finibus
1256 2646 1311 2702 in
1333 2662 1501 2704 coena
1530 2650 1765 2720 Domini,
1789 2630 2010 2725 quando

290 2788 293 2789 γ
394 2727 676 2793 paschalia
727 2742 1071 2789 sacramenta
1120 2736 1190 2792 ab
1237 2740 1494 2797 omnibus
1535 2743 1853 2801 christianis
1902 2749 2009 2808 rite

392 2825 524 2871 sunt
569 2817 928 2888 celebranda,
978 2824 1240 2895 placitum
1287 2833 1544 2900 generale
1591 2849 1652 2891 se
1690 2837 2004 2899 habiturum

360 2948 368 2953 .
390 2911 712 2980 constituit;
737 2913 795 2969 in
823 2930 932 2986 qua
957 2919 1323 2990 expeditione,
1361 2935 1626 2995 quantum
1652 2928 1708 2984 in
1734 2930 1853 3002 ipso
1874 2931 1950 2990 fui

388 3008 448 3056 et
469 3003 729 3072 populum
768 3007 824 3062 in
866 3024 1120 3082 magnam
1166 3020 1652 3077 murmurationem
1693 3003 1996 3100 protraxit,

388 3101 447 3150 et
473 3098 788 3156 sacerdotes
820 3100 1035 3160 Domini
1061 3120 1091 3160 a
1118 3107 1235 3164 suis
1266 3108 1460 3169 oflici'ts
1489 3122 1680 3173 contra
1719 3115 1803 3175 fas
1839 3098 1997 3179 am

386 3186 487 3251 vit,
518 3197 575 3243 et
609 3193 940 3263 pauperibus
984 3198 1366 3266 gravissimam
1400 3208 1810 3277 oppressionem
1834 3211 1994 3271 -irro—

388 3279 561 3348 gavit.

410 3428 411 3431 η
458 3369 513 3426 ι.
544 3370 700 3441 Quod
726 3380 1002 3468 nonnullis
1021 3398 1089 3441 ex
1124 3386 1241 3443 suis
1280 3387 1529 3447 fidelibus
1551 3433 1571 3457 ,
1611 3394 1704 3465 qui
1742 3411 1849 3468 pro
1872 3398 1993 3457 eius

382 3473 719 3535 suorumque
738 3467 977 3528 filiomm
1007 3474 1268 3535 fidelitate
1290 3489 1346 3535 et
1372 3482 1695 3553 salvatione,
1727 3467 1991 3562 regnique

362 3553 626 3610 'nutantis
657 3562 1092 3630 recuperatione,
1137 3568 1418 3628 humiliter
1461 3589 1587 3631 eum
1619 3553 1991 3648 adici-anget
2022 3612 2025 3615 -

380 3641 694 3734 deginsidiis
718 3649 1085 3727 inimicorum,
1105 3659 1209 3716 sibi
1250 3669 1594 3734 praeparatis
1628 3680 1839 3727 certum

377 3732 651 3804 diderant,
673 3738 991 3808 violentiam
1018 3746 1291 3816 intulerit;
1317 3732 1537 3825 etquod
1558 3767 1748 3816 contra
1770 3778 1989 3820 omnem

377 3824 570 3897 legem,
600 3829 842 3889 divinam
866 3836 1122 3896 videlicet
1162 3850 1219 3898 et
1263 3824 1577 3915 humanam,
1606 3865 1703 3907 eos
1727 3860 1784 3908 et
1822 3857 1989 3913 rebus

374 3919 615 4018 propriis
639 3922 956 3993 privaverit,
996 3939 1054 3987 et
1074 3931 1131 3986 in
1168 3933 1334 3992 exilio
1378 3939 1523 3995 trudi
1563 3940 1726 4015 [tradi
1755 3943 1846 4018 8.]
1873 3947 1987 4004 ius-

374 4009 527 4074 serit,
558 4022 721 4084 atque
756 4015 1014 4078 absentes
1050 4026 1214 4081 morti
1241 4026 1542 4086 adiudicari
1563 4009 1775 4101 fecerit,
1814 4009 1873 4092 et
1895 4038 1983 4093 iu-

373 4100 621 4161 dicantes
652 4110 1016 4177 proculdubio
1049 4115 1121 4172 ad
1149 4116 1348 4174 falsum
1377 4119 1638 4179 iudicium
1666 4125 1982 4184 induxerit:

370 4203 430 4251 ct
451 4201 830 4260 sacerdotibus
855 4205 1073 4265 Domini
1100 4223 1169 4268 ac
1190 4214 1473 4271 monachis
1509 4224 1701 4273 contra
1740 4220 1983 4277 divinam

369 4293 429 4345 et
447 4293 768 4351 canonicam
798 4300 1181 4358 auctoritatem
1217 4304 1611 4373 praeiudicium
1632 4308 1894 4383 irrogavit
1921 4322 1977 4370 et
2007 4345 2064 4406 υ

370 4379 624 4406 ΔιιιιΑ-ΔΑ-
671 4386 848 4406 _|__-,,_
902 4390 940 4406 ο-
1057 4400 1067 4406 .
1104 4393 1117 4405 ι
1194 4395 1209 4406 ι
1592 4402 1606 4406 -
1724 4404 1734 4406 _
1777 4405 1784 4406 ,
1835 4405 1843 4406 κ

370 4379 627 4441 absentes
664 4386 971 4456 damnavit,
1019 4400 1076 4449 et
1103 4393 1158 4448 in
1194 4395 1299 4452 hoc
1339 4406 1552 4455 reatum
1590 4379 1869 4461 homicidii
1897 4408 1981 4462 in-

367 4476 657 4544 currendo,
682 4478 990 4539 divinarum
1028 4499 1126 4541 seu
1153 4486 1515 4546 humanarum
1540 4491 1721 4565 legum
1748 4496 1981 4554 violator

316 4558 330 4564 ”
365 4569 657 4628 extitisset.
1336 4640 1337 4643 η

435 4658 492 4715 5.
522 4661 599 4717 De
619 4662 853 4723 diversis
876 4672 1236 4729 sacramentis
1261 4672 1476 4746 sibique
1500 4680 1793 4763 contrariis
1810 4691 1975 4753 atque

362 4754 686 4823 perniciosis
710 4771 741 4811 a
766 4756 894 4815 filiis
924 4761 1040 4816 sive
1073 4777 1105 4817 a
1146 4766 1378 4835 populo,
1418 4782 1486 4823 eo
1522 4754 1891 4842 praecipiente
1915 4784 1974 4837 et

360 4844 742 4916 compellente,
774 4849 1225 4911 irrationabiliter
1252 4868 1415 4929 saepe
1442 4859 1620 4927 factis,
1653 4877 1755 4933 pro
1774 4866 1974 4936 quibus

361 4954 470 4996 non
496 4942 765 4999 modicam
803 4945 857 5000 in
884 4948 1084 5019 populo
1124 4952 1230 5009 sibi
1268 4957 1565 5013 commisso
1600 4961 1811 5028 peccati
1856 4963 1973 5018 m'a-

361 5032 541 5089 culam
569 5032 797 5100 induxit,
830 5049 1041 5095 reatum
1067 5044 1293 5114 periurii
1323 5048 1679 5105 nihilominus
1708 5052 1974 5111 incurris-

359 5143 455 5193 se;
496 5126 753 5198 quoniam
792 5129 927 5187 haec
970 5136 1159 5204 procul
1188 5137 1354 5195 dubio
1398 5140 1454 5195 in
1500 5150 1781 5199 auctorem
1806 5184 1823 5211 ,
1872 5161 1972 5216 per

356 5233 517 5289 quem
543 5221 674 5275 “lteri
708 5224 985 5293 compulsa
1031 5236 1190 5294 sunt,
1236 5229 1358 5286 iure
1401 5242 1810 5304 retorquentur.
1859 5237 1968 5294 Sed

356 5311 411 5364 in
440 5309 729 5367 mulierum
755 5316 1098 5386 purgatione,
1127 5319 1180 5373 in
1208 5321 1431 5378 inius'tis
1461 5322 1699 5393 iudiciis,
1726 5326 1786 5382 in
1814 5326 1967 5385 falsis

355 5400 686 5457 testimoniis
724 5411 888 5474 atque
931 5409 1224 5477 periuriis,
1273 5428 1431 5483 quae,
1483 5430 1550 5472 eo
1591 5407 1960 5488 permittente,

352 5507 537 5546 coram
564 5509 623 5548 se
648 5508 958 5568 perpetrata
986 5513 1133 5568 sunt,
1164 5516 1430 5576 quantum
1468 5508 1638 5567 Deum
1676 5512 1965 5572 otl‘cnderit

355 5589 469 5651 ipse
496 5586 666 5643 novit.

1955 2944 2075 3042 ἕνα

2138 890 2196 938 et
2219 886 2662 955 oppressionibus
2689 904 2986 961 pauperum
3010 892 3308 951 miserabili
3333 904 3390 952 et
3426 910 3568 966 pene
3598 898 3720 968 apud

2137 975 2470 1035 christianos
2506 976 2753 1037 inaudito
2775 988 3026 1053 patrata:
3066 998 3209 1055 quae
3231 986 3431 1059 omnia
3462 987 3534 1045 ad
3555 997 3715 1047 anae-

2135 1084 2274 1136 rem,
2303 1068 2451 1126 sicut
2475 1073 2836 1142 praemissum
2863 1084 2967 1142 est,
2995 1075 3375 1135 reﬂectuntur.

2176 1170 2187 1184 '
2206 1162 2261 1217 7.
2292 1162 2353 1219 lu
2372 1164 2733 1233 divisionibus
2759 1167 2967 1240 imperii
2995 1169 3066 1227 ab
3089 1184 3157 1228 eo
3176 1182 3373 1229 eontra
3394 1188 3709 1233 communem

2131 1268 2329 1324 pacem.
2345 1267 2401 1311 et
2429 1256 2597 1314 totius
2626 1258 2838 1331 imperii
2862 1259 3094 1321 salutem
3128 1262 3199 1318 ad
3223 1262 3439 1320 libitum
3475 1279 3625 1323 suum
3647 1275 3710 1324 te

2132 1362 2285 1404 mere
2310 1346 2495 1415 factis,
2514 1358 2571 1405 et
2598 1349 2654 1405 in
2676 1361 3023 1409 sacramento
3043 1353 3208 1409 etiam
3231 1356 3377 1426 quod
3398 1356 3575 1414 iurare
3588 1374 3709 1414 com-

2127 1436 2268 1507 pulit
2303 1454 2521 1494 omuem
2558 1441 2848 1511 populum,
2895 1452 2956 1498 ut
3000 1452 3202 1501 contra
3238 1446 3382 1502 lilios
3420 1451 3549 1504 suos
3586 1448 3707 1503 sicut

2126 1538 2321 1586 contra
2368 1532 2618 1590 inimicos
2653 1548 2784 1592 suos
2808 1546 3052 1609 agerent,
3082 1551 3207 1592 eum
3236 1537 3351 1609 ipse
3375 1553 3471 1595 eos
3506 1546 3709 1610 paterna

2053 1606 2100 1667 Β
2128 1623 2456 1681 auctoritate
2491 1606 2864 1699 consultuque
2888 1628 3131 1686 ﬁdelium
3177 1606 3400 1688 suorum
3444 1606 3703 1703 pacificare

2195 1713 2406 1772 tuisset.

2195 1726 2406 1772 ttttssct.

2122 1726 2253 1859 po8.
2277 1805 2432 1873 Quod
2461 1821 2570 1863 non
2596 1805 2910 1866 sullecerint
2933 1808 2984 1865 ei
3027 1819 3109 1866 tot
3140 1810 3281 1868 mala
3319 1820 3377 1867 ct
3405 1810 3596 1884 ﬂagitia
3620 1829 3701 1884 per

2120 1905 2277 1947 suam
2306 1893 2691 1967 negligentiam
2720 1906 2775 1955 et
2818 1898 3291 1969 improvidcntiam
3332 1901 3389 1957 in
3428 1917 3587 1973 regno
3611 1904 3703 1959 sibi

2119 1985 2415 2043 commisso
2442 1999 2772 2059 perpetrata,
2806 2005 2947 2060 quae
2991 1991 3300 2048 enumerari
3325 2008 3435 2049 non
3472 2003 3698 2064 possent,

2115 2090 2217 2147 pro
2241 2077 2442 2146 quibus
2467 2091 2523 2135 et
2549 2080 2701 2154 regni
2729 2081 3056 2153 periclitatio
3089 2090 3147 2138 et
3174 2083 3319 2154 regis
3344 2083 3695 2142 dehonestatio

2034 2197 2039 2203 η
2115 2164 2399 2224 evidenter
2425 2178 2749 2240 provenerat
2775 2188 2791 2226 :
2823 2171 2917 2227 sed
2946 2170 3169 2242 insuper
3190 2172 3260 2229 ad
3298 2173 3568 2231 cumulum
3606 2177 3697 2232 mi-

2115 2259 2383 2315 seriarum
2411 2259 2703 2318 novissinie
2730 2277 2947 2319 omnem
2979 2262 3237 2334 populum
3262 2279 3395 2321 suae
3435 2267 3693 2337 potestatis

2114 2350 2184 2405 ad
2210 2364 2554 2407 communem
2574 2352 2855 2411 interitum
2880 2358 3128 2425 traxerit,
3147 2372 3275 2416 cum
3296 2361 3567 2419 debuisset
3586 2378 3694 2420 esse

2114 2441 2292 2497 eidem
2321 2444 2521 2514 populo
2549 2444 2659 2501 dus
2688 2446 2879 2503 salutis
2902 2457 2958 2504 et
2977 2450 3153 2520 pacis,
3177 2468 3303 2508 cum
3335 2454 3519 2511 divina
3536 2457 3697 2528 pietas

2115 2532 2361 2590 inaudito
2380 2544 2437 2591 et
2462 2535 2721 2595 invisibili
2751 2541 2932 2606 modo,
2964 2557 3029 2599 ae
3060 2543 3265 2600 nostris
3290 2546 3523 2604 saeculis
3551 2562 3689 2619 prae-

2111 2623 2365 2692 dicando,
2390 2626 2589 2697 populo
2613 2644 2715 2685 suo
2736 2630 2979 2687 misereri
3009 2633 3366 2691 decrevisset.
3642 2684 3645 2685 ν

2183 2714 2355 2788 igitur
2377 2732 2479 2788 pro
2502 2718 2589 2776 his
2624 2719 2711 2775 vel
2746 2721 2803 2776 in
2836 2722 2921 2778 liis
2947 2725 3203 2782 omnibus
3227 2741 3370 2797 quae
3396 2742 3553 2799 supra
3588 2743 3682 2786 me-

2113 2815 2322 2870 morata
2350 2817 2498 2883 sunt,
2530 2825 2684 2869 reum
2721 2826 2782 2871 se
2805 2829 2989 2871 coram
3018 2817 3131 2873 Deo
3150 2827 3208 2875 et
3242 2836 3427 2878 coram
3452 2822 3685 2879 sacerdo-

2111 2887 2259 2957 tibus
2279 2899 2370 2954 vel
2383 2900 2534 2957 omni
2558 2903 2758 2975 populo
2784 2920 2909 2961 cum
2946 2904 3203 2980 lacrymis
3228 2909 3526 2978 confessus,
3562 2921 3613 2968 et
3633 2914 3682 2967 in

2104 2988 2317 3045 cunctis
2345 3004 2407 3047 se
2429 2990 2724 3064 deliquisse
2750 2987 3081 3069 protestatus
3122 3005 3207 3054 est
3243 2997 3425 3073 [esset
3466 2999 3597 3073 8.],
3631 3009 3681 3056 et

2099 3080 2489 3151 penitentiam
2514 3085 2788 3157 publicam
2825 3089 3075 3159 expetiit,
3109 3092 3368 3163 quatinus
3407 3094 3680 3158 ecclesiae,

2097 3184 2266 3244 quam
2306 3167 2586 3245 peccando
2622 3179 3103 3249 scandalizaverat,
3130 3184 3461 3255 poenitendo
3484 3186 3677 3243 satisfa-

2094 3274 2251 3356 ceret
2269 3286 2287 3324 :
2326 3278 2384 3328 et
2419 3271 2566 3330 sicut
2598 3271 2776 3331 fuerat
2817 3278 3135 3334 scandalum
3160 3281 3332 3338 multa
3354 3283 3679 3356 negligenda,

2093 3355 2171 3414 ita
2198 3358 2460 3417 nimirum
2487 3376 2548 3419 se
2571 3363 2711 3421 velle
2730 3364 3018 3438 professus.
3030 3377 3118 3425 est
3137 3385 3259 3429 esse
3282 3355 3583 3445 exemplum
3604 3373 3677 3428 di-

2072 3467 2255 3524 gnam
2277 3455 2671 3526 paenitentiam
2709 3461 3011 3519 subeundo.
3051 3461 3187 3543 Post
3232 3466 3377 3524 hanc
3412 3481 3539 3524 vero
3558 3453 3674 3523 con;

2087 3542 2386 3603 fessionem
2414 3587 2433 3613 ,
2469 3548 2777 3611 chartulam
2822 3566 3045 3609 suorum
3080 3548 3337 3612 reatuum
3381 3564 3439 3613 et
3480 3555 3673 3615 confes-

2078 3632 2261 3704 sionis
2279 3636 2352 3693 ob
2378 3634 2622 3695 futurum
2665 3643 2987 3700 memoriam
3028 3646 3405 3704 sacerdotibus
3446 3646 3671 3711 tradidit,

2087 3738 2254 3796 quam
2278 3725 2382 3797 ipsi
2408 3744 2575 3801 super
2598 3731 2771 3788 altare
2814 3746 3151 3805 posuerunt;
3190 3752 3257 3795 ac
3284 3726 3487 3796 deinde
3502 3739 3667 3811 cinge

2081 3813 2199 3874 lum
2222 3816 2454 3874 militiae
2480 3821 2754 3894 deposuit,
2782 3832 2839 3880 et
2870 3840 3036 3898 super
3070 3827 3245 3887 altare
3282 3831 3581 3898 collocavit,
3621 3839 3668 3887 et

2085 3898 2277 3966 habitu
2314 3912 2519 3970 saeculi
2560 3930 2621 3972 se
2659 3932 2902 3988 exuens,
2936 3920 3183 3980 habitum
3224 3926 3549 3996 paenitentis
3578 3941 3664 3998 per

2090 3998 2500 4071 impositionem
2552 4021 2812 4065 manuum
2852 4012 3241 4085 episcoporum
3301 4020 3567 4090 suscepit:
3616 4025 3668 4073 ut

2083 4100 2208 4162 post
2248 4101 2459 4150 tantam
2504 4096 2780 4169 talemque
2820 4103 3210 4173 poenitentiam
3246 4097 3576 4166 nemo'ultra
3608 4110 3667 4165 ad

2080 4180 2336 4239 “militiam
2362 4186 2698 4245 saecularem
2722 4191 2929 4248 redeat.
2951 4193 3048 4250 [iis
3066 4195 3251 4267 itaque
3273 4199 3465 4271 gestis,
3484 4199 3666 4271 placuit

2083 4282 2146 4328 ut
2170 4278 2543 4350 unusquisque
2569 4280 2967 4355 episcoporum,
3013 4288 3254 4358 qualiter
3290 4292 3427 4349 haec
3453 4308 3539 4348 res
3560 4300 3663 4349 acta

2083 4360 2272 4432 fuerit,
2318 4366 2373 4422 in
2419 4370 2657 4440 propriis
2701 4372 2966 4432 chartulis
3003 4378 3285 4446 insereret,
3328 4382 3556 4453 eamque
3578 4398 3663 4439 sua

2082 4457 2379 4528 scriptione
2401 4463 2704 4532 roboraret,
2745 4473 2801 4523 et
2838 4469 3145 4541 roboratam
3190 4487 3494 4539 memorato
3532 4476 3663 4549 prin-

2082 4549 2187 4621 eipi
2209 4550 2473 4612 Lotbario
2503 4555 2576 4613 ob
2604 4560 2925 4617 memoriam
2958 4563 3121 4621 huius
3156 4564 3286 4625 facti
3323 4567 3555 4627 offerret.
3587 4569 3660 4625 Ad

2078 4649 2385 4729 extremum
2425 4647 2684 4704 omnibus
2726 4652 2904 4720 nobis,
2944 4654 3038 4725 qui
3080 4655 3458 4729 interfuimus,
3501 4662 3660 4717 vim

2075 4722 2184 4801 cst,
2210 4735 2454 4797 omnium
2478 4739 2883 4817 chartularum,
2922 4722 3098 4829 iiqu
3117 4749 3259 4806 tanti
3295 4722 3498 4825 negotii
3532 4767 3661 4810 Sum-

2077 4840 2224 4880 mam
2252 4826 2307 4881 in
2326 4845 2493 4884 unum
2513 4831 2752 4889 breviter
2772 4826 3116 4910 strictimque
3141 4858 3458 4914 congerere,
3484 4855 3536 4903 ct
3552 4861 3661 4901 con-

2076 4927 2230 4989 gesta
2264 4921 2497 4992 propriis
2530 4939 2787 5007 manuum
2833 4926 3142 4988 nostrarum
3189 4936 3659 5007 subscriptionibus

2073 5015 2350 5082 roborare,
2374 5018 2517 5075 sicut
2544 5026 2825 5092 sequentia
2849 5026 3614 5092 factumessedemonstrant.

2463 5134 2471 5140 ’
2500 5130 2850 5193 AGOBARDI
2891 5138 2977 5195 CA
2986 5140 3247 5202 RTULA.

2142 5238 2203 5319 in
2225 5241 2443 5297 nomine
2468 5243 2564 5298 Dei
2595 5255 2661 5302 ac
2680 5246 2894 5305 Domini
2925 5236 3098 5308 nostri
3124 5255 3243 5313 Iesu
3268 5244 3494 5316 Christi.
3516 5259 3659 5315 Anno

2068 5333 2463 5392 incarnationis
2512 5339 2631 5394 eius
2669 5343 3120 5415 octingentesimo
3171 5350 3450 5409 tricesimo
3489 5352 3655 5418 tertio,

2065 5440 2168 5497 ego
2200 5424 2520 5510 Agnbardus
2544 5429 2918 5502 Lugdunensis
2960 5430 3223 5495 ecclesiae
3264 5441 3516 5513 indignus
3553 5441 3656 5513 epi-

2064 5504 2281 5603 scopus,
2311 5518 2532 5605 interfui
2570 5526 2866 5582 venerabili
2906 5532 3195 5588 conventui
3230 5504 3651 5605 apudvpalatiuin

2064 5597 2209 5683 quod
2234 5602 2580 5687 nuncupatur
2605 5616 3011 5691 Coinpcndium.
3038 5624 3139 5694 Qui
3166 5628 3351 5701 utique
3371 5638 3649 5687 conventus
