3828 6220
163 190 293 249 εδδ
474 193 705 252 CODEX
741 196 1264 259 DIPLOIIATICUS.
1291 229 1368 243 —
1391 197 1697 258 LUDOVIC!

1817 197 1896 254 ET
1930 197 2260 258 LOTIIARII
2293 199 2780 262 (ᾎΡΙΤΙΣῙΑΜΔ.
2807 232 2882 246 -—
2907 203 3009 261 Ax.
3048 203 3175 261 855.
3358 205 3470 262 σω

157 309 350 366 extitit
369 324 432 366 ex
456 313 906 370 neverentissimis
927 316 1193 388 episcopis
1211 322 1270 373 et
1293 314 1760 389 magnificentissi—
1785 315 1836 379 Δ
1861 322 1945 373 est
1987 316 2351 372 misericordia
2387 327 2440 374 es
2478 321 2692 391 copiosa
2717 317 3024 390 redemptio.
3051 315 3284 388 Propter
3316 321 3466 389 quod

157 399 287 454 mis
301 400 420 454 viris
452 399 770 468 illustribus,
811 404 1037 476 collegio
1060 420 1274 477 quoque
1299 407 1558 464 abbatum
1577 415 1635 463 et
1666 421 1760 463 co-
1854 414 1911 462 et
1933 405 2149 466 libellus
2173 407 2356 467 editus
2371 418 2458 466 est
2483 424 2517 464 ι
2545 409 2680 466 viris
2703 407 3138 480 diligentioribus
3164 418 3224 466 ct
3245 409 3296 466 ei
3317 410 3464 466 obia-

155 490 380 556 mitutn,
409 493 856 564 promiscuaeque
882 497 1075 560 aetatis
1116 506 1173 553 et
1220 497 1507 572 dignitatis.
1537 497 1755 570 populo,
1856 497 2031 554 tnsde
2052 495 2496 556 manifestatione
2531 499 2824 556 criminum
2856 513 3101 565 suorum,
3127 499 3186 554 in
3211 514 3340 570 quo,
3367 515 3462 556 vc-

151 580 502 653 praesidente
545 583 892 642 serenissima
924 596 981 643 et
1024 589 1412 662 gioriosissitno
1457 591 1754 657 Hlothario,
1855 586 1936 645 lut
1979 590 2037 644 in
2075 588 2318 660 speculo,
2358 591 2647 663 perspicue
2681 589 3022 662 conspiceret
3052 587 3334 646 leditatem
3373 606 3464 647 ac-

154 669 486 740 imperatore
522 680 578 728 et
609 674 811 732 Christi
853 674 1060 734 domini
1100 689 1376 749 amatore;
1423 697 1533 753 quo
1575 692 1758 754 prote-
1855 690 2005 738 tuum
2045 697 2291 748 suorum,
2315 680 2550 738 etﬂeret
2592 681 2649 736 in
2691 679 2785 738 illo
2819 679 2967 751 quod
3002 693 3102 751 per
3125 680 3464 751 penitentem

150 774 325 834 gente
344 773 397 820 et
412 765 720 835 adiuvante,
746 771 931 826 subter
953 773 1159 828 adnexa
1177 774 1433 844 disposita
1460 783 1587 832 sunt
1610 791 1754 834 anno
1851 771 2150 844 perfectum
2171 773 2380 832 dictum
2398 781 2517 830 est:
2541 771 2886 844 Iniquitatent
2903 785 3076 826 meant
3089 786 3185 840 ego
3199 785 3462 840 agnosco;

151 853 373 925 imperii
393 857 592 927 primo,
617 875 801 916 mense
827 872 1041 932 quarto.
1079 864 1284 933 Quibus
1304 868 1557 924 onmibus
1589 869 1753 934 vehe-
1849 874 2118 938 peccatam
2148 881 2322 922 ineunt
2360 880 2541 920 coram
2573 880 2659 919 nte
2699 871 2777 920 est
2819 878 3043 935 semper.
3096 862 3202 918 Pro
3254 877 3361 932 qua
3403 877 3463 918 re

149 958 371 1004 menter
391 950 732 1008 incumbebat
758 970 884 1010 vera
909 959 1224 1027 necessitas,
1265 961 1576 1029 utsollicite
1608 960 1753 1018 trac-
1848 965 2198 1014 accesserunt
2226 955 2298 1013 ad
2336 972 2463 1013 eum
2508 956 2688 1012 denuo
2727 969 2921 1012 omnes
2961 952 3058 1025 qui
3100 952 3157 1008 in
3183 952 3464 1023 praedicto

148 1046 339 1095 tarem
360 1041 423 1098 de
441 1043 683 1112 periculo
711 1046 862 1117 regni
889 1047 944 1102 in
976 1050 1267 1120 praesenti,
1294 1059 1349 1107 et
1373 1059 1518 1108 statu
1567 1051 1622 1107 in
1666 1051 1751 1108 fu-

146 1141 305 1200 turo,
329 1136 470 1205 quod
495 1151 740 1209 regnum,
768 1139 894 1209 quia
932 1140 1134 1196 iamdiu
1185 1143 1428 1209 nutabat,
1470 1151 1526 1200 et
1559 1144 1749 1216 impel-

143 1227 367 1286 lebatur
404 1230 472 1285 ad
518 1233 729 1288 ruinam
771 1249 870 1306 per
917 1235 1335 1318 neglegentiam,
1376 1247 1431 1295 et
1473 1247 1534 1295 ut
1566 1242 1748 1299 verius

139 1322 352 1390 dicam,
378 1326 476 1395 pér
520 1326 791 1402 ignaviam
841 1329 1023 1385 domui
1071 1329 1357 1402 illuduvici
1403 1332 1422 1364 ¹
1450 1333 1745 1389 venerandi

139 1416 419 1486 quondam
459 1417 840 1490 imperatoris,
881 1421 937 1478 in
975 1423 1172 1496 quibus
1224 1423 1315 1481 ille
1359 1424 1614 1483 inretitus
1660 1434 1746 1483 est

135 1521 248 1576 per
282 1519 560 1581 corruptas
581 1521 792 1569 mentes
824 1520 880 1569 et
913 1524 1343 1586 corrumpentes,
1367 1524 1424 1572 et
1447 1517 1758 1573 secundum

137 1599 498 1668 apostolicum
525 1601 752 1673 dictum,
778 1604 903 1676 quia
926 1615 1084 1691 erant
1115 1608 1218 1678 ipsi
1241 1617 1497 1676 errantes,
1521 1615 1579 1665 et
1604 1608 1742 1666 alios

1848 1060 2118 1128 conventu
2139 1049 2366 1107 aderant
2389 1043 2649 1121 episcopi,
2684 1033 3043 1105 condolentes
3066 1052 3123 1102 et
3147 1045 3464 1116 coupatien-

1848 1152 1932 1200 tes
1955 1141 2366 1200 inﬁrmitatibus
2385 1150 2442 1198 et
2468 1139 2706 1197 miseriis
2728 1139 2870 1206 eius,
2915 1136 3270 1215 exhortantes
3298 1141 3465 1206 atquo

1845 1240 2166 1304 exoptantes
2188 1240 2244 1289 et
2266 1231 2627 1303 postulantes,
2656 1240 2718 1286 ut
2738 1227 3090 1301 omnipotens
3111 1227 3257 1284 Deus
3296 1241 3462 1283 manu

1843 1324 2064 1397 pietatis
2087 1338 2220 1382 suae
2241 1325 2498 1381 educeret
2517 1338 2644 1380 eum
2667 1321 2735 1378 de
2757 1319 2890 1392 lactt
2910 1319 3159 1377 miseriae
3185 1327 3235 1395 et
3258 1317 3325 1374 de
3349 1317 3462 1374 luto

1844 1413 1980 1468 certi.
2009 1398 2168 1480 Quod
2193 1409 2656 1468 clementissimus
2690 1406 2947 1466 dominus
2979 1421 3093 1464 non
3133 1405 3310 1464 solum
3351 1417 3462 1462 non

1841 1481 2111 1573 abstulit;
2133 1501 2231 1560 sed
2272 1517 2377 1560 nec
2419 1501 2650 1559 distulit.
2689 1499 2800 1558 Sed
2853 1514 2986 1556 mox
3039 1498 3359 1556 resuscitata
3405 1497 3462 1553 in

1841 1605 2026 1654 mente
2058 1596 2180 1654 eius
2219 1595 2553 1652 contritione
2587 1591 2861 1652 bumiliati
2899 1591 3105 1657 cordis,
3153 1595 3464 1662 prostratus

134 1688 195 1743 in
227 1706 456 1746 errorem
480 1671 761 1752 mittentes.
785 1671 831 1750 Ᾱ
857 1672 981 1769 quo
1013 1671 1282 1756 conventu
1302 1671 1560 1781 quicquid
1595 1701 1697 1757 util

1817 1680 1820 1722 ί
1843 1705 2031 1747 coram
2050 1690 2155 1756 eis,
2175 1704 2287 1746 non
2315 1685 2486 1745 semel
2507 1684 2592 1744 vel
2615 1686 2835 1752 iterum,
2882 1683 2979 1740 sed
3018 1683 3181 1739 tertio
3224 1690 3322 1739 aut
3347 1687 3463 1736 a'm-

136 1786 224 1836 ter
250 1788 305 1836 et
327 1781 666 1841 laudabiliter
711 1789 994 1846 tractando
1015 1798 1072 1845 et
1097 1787 1426 1847 conferendo
1465 1790 1743 1848 inventum

133 1878 223 1924 est
243 1878 301 1925 et
332 1875 640 1931 necessario
655 1878 1021 1947 statuendum,
1043 1887 1099 1938 et
1119 1880 1486 1941 iudicantibus
1509 1899 1743 1941 consen-

133 1959 204 2026 si,
231 1969 292 2017 et
321 1965 812 2039 consenciensipse
855 1969 1109 2028 iudicavi.
1157 1972 1217 2030 in
1257 1963 1449 2045 primis
1492 1971 1744 2033 videlicet

133 2069 282 2124 quae
300 2055 367 2112 ad
392 2061 834 2139 conimoditatem
887 2072 945 2122 et
982 2064 1310 2136 soliditatem
1337 2068 1489 2140 regni
1512 2077 1569 2125 et
1598 2069 1745 2144 regis

133 2147 407 2215 pertinere
445 2150 797 2222 videbantur;
822 2145 1018 2215 deinde
1037 2174 1182 2230 quae
1220 2161 1292 2217 ad
1329 2161 1664 2232 ereptionetn
1685 2171 1744 2220 et

133 2237 508 2309 purgationem
533 2243 748 2300 animae
773 2245 956 2303 domui
983 2246 1268 2307 lllnduvici
1297 2249 1744 2310 manifestissime

133 2328 514 2386 noscebantur.
560 2331 711 2401 Quae
753 2336 808 2392 in
852 2339 1132 2412 praedicto
1185 2352 1454 2398 conventu
1511 2342 1744 2400 tidcliter

134 2419 399 2487 quaesita,
424 2428 480 2477 et
504 2426 772 2484 veraciter
811 2431 1045 2509 Inventa,
1085 2440 1147 2488 et
1179 2432 1556 2491 ordinabifiter
1584 2448 1745 2494 exse-

133 2517 262 2564 cuta
283 2521 437 2580 sunt;
473 2514 528 2570 in
571 2531 638 2594 co
663 2519 890 2586 scilicet,
921 2523 1064 2593 quod
1108 2526 1417 2595 praedictus
1441 2537 1742 2586 conventus

136 2599 472 2670 deliberavit,
517 2615 577 2661 ut
617 2623 716 2679 per
766 2610 970 2687 legatos
1011 2622 1068 2670 et
1110 2615 1308 2682 missos
1337 2621 1743 2676 aminnneretur

135 2689 364 2748 domnus
387 2693 720 2756 liluduvicus
759 2686 828 2758 de
850 2704 968 2777 suis
988 2705 1284 2774 erratibus,
1325 2717 1382 2764 et
1423 2709 1742 2773 exhortare-

137 2787 325 2872 tur,‘ut
344 2784 640 2876 secuttdum
661 2791 1037 2877 propheticum
1063 2795 1270 2853 dictum
1305 2798 1507 2855 rediret
1526 2799 1596 2856 ad
1618 2815 1738 2867 cor,

134 2885 187 2930 ει
210 2891 620 2950 recognosceret
641 2895 765 2942 acta
800 2903 919 2967 sua,
957 2903 1100 2960 quae
1135 2893 1402 2950 adversus
1423 2893 1592 2950 Deum
1617 2910 1740 2952 cur-

137 2981 258 3024 rens
288 2985 383 3040 per
424 2973 543 3030 vias
582 2971 866 3048 pravitatis
901 2990 957 3058 et
981 2981 1287 3042 iniusticiae
1327 2996 1645 3058 exacgerat;
1669 3003 1736 3046 ac

1840 1782 2004 1853 ptius,
2047 1780 2278 1839 crimina
2330 1777 2632 1853 cognoscit,
2687 1774 2903 1833 veniam
2953 1773 3151 1848 poscit.
3191 1773 3460 1830 auxilium

1841 1872 2151 1930 orationum
2178 1877 2490 1943 praccatur,
2512 1866 2801 1927 consilium
2841 1863 3065 1938 recipit,“~
3097 1864 3458 1938 penitentiam

1839 1964 2098 2038 postulat,
2145 1965 2474 2022 iniunctam'
2507 1961 2614 2020 sibi
2675 1959 3042 2018 humilitatem
3100 1959 3462 2017 libentissime

1843 2055 2532 2128 impleturum,promittit.
2556 2052 2933 2110 ‘innotescitur
2966 2053 2990 2084 '
3028 2050 3082 2108 ei
3111 2051 3201 2108 les
3237 2059 3295 2108 et
3322 2050 3462 2108 ordo

1840 2147 2088 2221 publieae
2515 2160 2684 2217 quam
2707 2159 2816 2200 non
2854 2143 3097 2212 rennuit,
3120 2142 3218 2200 sed
3252 2143 3322 2200 ad
3341 2141 3483 2200 om;

1842 2240 1932 2296 nia
1961 2239 2186 2309 annuit;
2219 2253 2289 2296 ac
2306 2236 2526 2296 demum
2547 2228 2799 2310 pervenit
2837 2236 2894 2292 in
2938 2235 3230 2293 ecclesiam
3269 2249 3459 2292 coram

1841 2337 1966 2386 cetu
1997 2327 2241 2386 ﬁdelium
2256 2335 2388 2385 ante
2429 2327 2603 2384 altare
2644 2335 2704 2384 et
2743 2326 3001 2410 sepulcra
3037 2333 3376 2393 sanctorum,
3403 2327 3462 2382 et

1842 2409 2148 2494 prostratus
2170 2437 2336 2494 super
2355 2421 2618 2490 cilicium,
2654 2421 2742 2479 bis
2777 2428 2972 2492 terque
2998 2428 3300 2493 quaterque
3327 2433 3460 2476 con-

1841 2515 2021 2573 fessus
2056 2516 2112 2572 in
2143 2516 2401 2574 omnibus
2431 2515 2582 2572 clara
2609 2529 2746 2573 voce
2766 2529 2894 2571 cum
2916 2513 3295 2578 ibabundanti
3322 2511 3458 2568 εσυ-

1842 2611 1996 2668 sione
2024 2609 2375 2667 lacrimarum
2412 2608 2659 2680 deposita
2696 2605 2850 2663 arma
2887 2607 2910 2638 λ
2939 2620 3105 2661 manu
3132 2603 3363 2676 propria
3402 2610 3457 2660 et

1841 2697 1912 2756 ad
1970 2697 2538 2770 crepidinem'altaris’
2579 2696 2824 2769 proiecta
2868 2695 2892 2728 '
2914 2735 2933 2763 ,
2980 2695 3220 2766 suscepit
3271 2702 3460 2752 mente

1840 2797 2166 2862 compuncta
2202 2790 2563 2863 penitentiam
2590 2788 2866 2862 publicam
2905 2802 3007 2860 per-
3049 2801 3307 2843 manuum
3341 2785 3458 2856 epi-

1841 2879 2140 2955 scopaiium
2163 2878 2591 2956 impositionem,
2613 2897 2740 2940 cum
2759 2881 2986 2954 psalmis
3011 2887 3068 2938 et
3091 2878 3455 2938 orationibus.

1841 2977 2043 3050 Sicque
2068 2974 2314 3051 deposito
2354 2977 2547 3035 habitu
2588 2976 2823 3051 pristino
2850 2983 2908 3032 et
2943 2980 3225 3045 assumpto
3264 2972 3456 3028 habitu

135 3038 380 3135 deinceps
405 3038 709 3139 susciperet
746 3056 1035 3131 consilium
1069 3038 1215 3136 vitae
1229 3038 1234 3039 γ
1248 3038 1304 3135 et

1835 3038 2154 3142 penitentis;
2180 3067 2569 3146 congratularis
2588 3038 2653 3125 et
2691 3038 2995 3133 conﬁdens,
3036 3038 3278 3137 postulat
3321 3063 3456 3136 piis-

135 3168 394 3226 quatenus
413 3163 559 3234 apud
581 3166 1008 3237 omnipotentem
1049 3171 1284 3230 indicem
1327 3180 1385 3230 et
1421 3175 1733 3246 Domitium,
1831 3160 1958 3220 simi
1993 3158 2234 3232 pastoris
2269 3159 2516 3217 humeris
2557 3159 2745 3218 reduci
2786 3173 2850 3216 se
2881 3158 2954 3214 ad
2989 3157 3245 3213 inventae
3277 3163 3332 3210 et
3360 3171 3453 3246 re-

133 3252 221 3344 qni
256 3253 980 3322 clementissimusjndultor
1000 3274 1087 3323 est
1111 3265 1421 3335 criminum,
1450 3270 1697 3344 indulgeo

1831 3254 2082 3325 deruptae
2102 3251 2224 3316 ovis
2251 3252 2542 3310 unitatem.
2567 3250 2667 3308 llis
2689 3250 2858 3323 gestis
2887 3262 2998 3344 ego
3021 3246 3344 3321 Agobardus
3369 3245 3456 3301 in-

135 3343 261 3400 tiam
289 3356 344 3403 et
366 3350 746 3410 remissionem
791 3351 1139 3428 iniquitattun
1184 3359 1477 3431 impetrare
1512 3340 1697 3434 posset

1829 3351 2029 3424 dignus
2063 3349 2352 3422 episcopus
2397 3345 2642 3416 interfui,
2683 3355 2741 3404 et
2779 3343 3099 3402 melioribus
3137 3355 3454 3435 consonans

133 3439 295 3508 utqui
323 3454 421 3511 per
449 3443 838 3526 multiplicatas
876 3451 1244 3525 neglegentias
1287 3431 1530 3526 regnuth
1560 3463 1697 3514 terre

1828 3444 2259 3520 etconsenticns
2283 3441 2539 3501 iudicavi.
2565 3449 2619 3498 et
2645 3455 2809 3497 manu
2829 3436 3050 3511 propria
3072 3435 3296 3508 signans
3317 3431 3453 3490 sub-

135 3542 254 3587 num
277 3524 618 3608 ammiserat,
639 3557 738 3614 per
760 3544 1033 3616 impensas
1043 3524 1340 3618 supplices.
1357 3524 1734 3609 confessiones
1831 3537 2052 3608 κτερεῑο

132 3634 348 3694 reguum
385 3627 624 3690 caeleste
665 3633 1063 3706 adipisceretur
1079 3653 1179 3710 per
1202 3653 1350 3708 eum,
1395 3639 1539 3712 apud
1565 3656 1727 3716 quem

1314 3772 1707 3865 mammas
1742 3775 2152 3869 Lectiones.

183 3863 477 3957 luduuici
513 3891 562 3929 c.
590 3878 759 3957 sediu
786 3883 1120 3957 sequentibus
1147 3883 1184 3940 lt
1209 3892 1375 3957 extat.
1445 3886 1474 3957 γ’
1498 3863 1888 3944 innostescitur
1921 3903 1970 3942 c.
2059 3887 2082 3919 ⁸
2104 3902 2227 3944 com
2259 3903 2556 3951 corneum
2586 3903 2638 3942 ε.
2712 3886 2737 3919 ⁸
2762 3887 2859 3953 ita,
2887 3863 3028 3941 corr.
3059 3884 3320 3957 depositis
3352 3901 3442 3942 ar-

135 3948 227 3992 mis
243 3954 288 3994 ο.
315 3953 442 3998 sunt
471 3949 754 4004 accusativi
775 3948 1019 4020 absoluti,
1052 3970 1196 4010 ntere
1217 3956 1333 4028 ejus
1358 3956 1475 4012 teri.
1553 3957 1575 3986 '
1602 3959 1701 4027 ita,
1727 3975 1866 4014 corr.
1894 3958 2156 4029 proiectis
2175 3974 2224 4013 ε.
2267 3978 2269 3980 ·

333 4269 342 4276 ρ
441 4163 819 4260 LUDOVlCl
866 4198 894 4260 Ι
945 4197 1488 4264 IMPERATORIS
1537 4203 2014 4268 CONVENTUS
2061 4205 2703 4295 COMPENDlENSlS
2744 4205 2898 4282 (An.
2935 4204 3147 4286 835)..

1667 4339 1863 4358 ἣ

193 4405 267 4464 Ex
292 4407 432 4493 actis
462 4389 581 4480 eius
620 4427 680 4493 In
717 4408 1017 4493 Annalibus
1033 4412 1368 4493 Berlinianis
1400 4413 1574 4493 fusius
1597 4417 2163 4493 descriptisgsuperest
2204 4421 2410 4478 Ebonis
2436 4397 2832 4493 archiepiscopi
2865 4421 3194 4493 lihemensis
3219 4403 3439 4492 ebd‘rta,

134 4491 224 4565 qua
404 4479 864 4565 sua:_tesigtta\'it,
884 4499 1052 4565 quam
1080 4485 1168 4542 hic
1197 4500 1266 4542 ex
1296 4487 1475 4565 libello
1494 4485 1612 4555 ejus
1632 4479 2024 4562 apologetico'a
2054 4491 2480 4551 in‘bibliotheczn
2510 4479 2720 4550 ducitis
2747 4479 3191 4565 Guelferbytanae
3212 4479 3439 4562 Codice:

133 4561 241 4606 sane.
268 4565 324 4616 ι,
356 4550 498 4609 inter
517 4550 772 4622 Helm'st.,
799 4571 856 4612 n.
883 4550 975 4623 52,
1003 4556 1201 4612 iterum
1229 4550 1603 4630 proponimus.

189 4666 294 4740 Ego
310 4668 448 4735 Eho,
476 4667 732 4749 indignus
751 4671 1054 4743 episcopus,
1083 4688 1478 4744 recognoscens
1517 4652 1724 4745 iragiii-
1746 4677 1797 4740 D
1822 4695 2026 4752 gnosco
2060 4687 2185 4737 esse
2214 4637 2514 4758 indignum,
2550 4678 2899 4755 alienumque
2937 4695 3028 4736 me
3063 4681 3296 4737 reddens
3337 4697 3442 4752 pro

134 4765 278 4817 tatem
297 4777 477 4818 meam
506 4771 563 4819 et
582 4763 822 4834 pondera
849 4773 1196 4836 peccatorum
1244 4781 1510 4833 meorum,
1550 4776 1722 4824 testes

134 4850 453 4909 maiiessores
507 4869 660 4910 meos
688 4895 703 4921 ,
760 4853 1003 4912 Aiulfum
1061 4856 1311 4914 videlicet
1355 4859 1754 4929 archiepisco-’

133 4944 310 5011 pumb,
334 4943 673 5000 Badaradum
700 4957 723 4985 ο
753 4959 968 5017 quoque
999 4961 1212 5002 necnon
1251 4955 1306 5003 et
1343 4947 1650 5004 Modoinum
1685 4947 1714 4990 ιι

135 5033 412 5106 episcopos,
435 5037 694 5094 constitui
717 5039 849 5094 mibi
874 5039 1080 5096 iudices
1102 5039 1422 5096 delictorum
1445 5056 1730 5122 meorum,

133 5138 410 5200 puramque
440 5132 580 5212 ipsis
610 5134 732 5191 dedi
769 5133 1196 5200 confessionem,
1229 5150 1497 5215 quaerens
1536 5129 1712 5209 reme-

136 5217 257 5276 dium
296 5223 574 5293 pcnitendi
611 5235 666 5282 et
690 5227 920 5286 salutem
963 5229 1178 5284 animae
1210 5243 1384 5294 meae,
1406 5236 1464 5282 ut
1488 5229 1710 5285 recede-

134 5324 229 5368 rem
246 5316 318 5373 ab
335 5315 513 5376 cilicio
533 5317 609 5375 et
629 5319 933 5388 ministerio
955 5321 1274 5395 pontificali,
1310 5336 1419 5392 quo
1443 5336 1532 5378 me
1556 5315 1711 5380 reco-

1821 4772 2064 4828 reatibus
2087 4772 2246 4838 meis,
2296 4772 2355 4827 in
2397 4771 2598 4843 quibus
2627 4787 2722 4828 me
2763 4786 3025 4843 peccasse
3064 4783 3277 4831 secrete
3304 4773 3447 4845 ipsis

1819 4861 2103 4919 confessus
2123 4861 2265 4919 sum.
2295 4862 2377 4920 Eo
2397 4862 2607 4919 scilicet
2649 4864 2832 4930 modo,
2859 4871 2920 4919 ut
2964 4863 3070 4935 ipsi
3113 4863 3226 4920 sint
3268 4873 3447 4922 testes

1817 4957 1926 5013 alio
1950 4956 2275 5014 succedendi
2301 4966 2358 5013 et
2389 4955 2748 5012 consecrandi
2769 4957 3210 5029 subrogandiqne
3234 4957 3292 5012 iu
3314 4956 3448 5014 loco.~

1817 5064 1960 5116 meo,
1985 5049 2079 5120 qui
2105 5049 2265 5120 digne
2283 5063 2538 5119 praeesse
2558 5057 2615 5128 et
2637 5047 2900 5119 prodesse
2917 5049 3092 5122 possit
3110 5048 3447 5117 accelesiae,

1817 5140 1908 5197 cui
1927 5149 2155 5196 actenus
2191 5141 2446 5212 indiguus
2475 5138 2674 5210 prefui,
2708 5147 2766 5198 et
2785 5147 2848 5196 ut
2880 5141 3006 5198 inde
3029 5141 3233 5199 nullam
3275 5157 3442 5213 τρυε..

1821 5231 2087 5288 titionem.
2111 5238 2208 5288 aut
2263 5231 2754 5301 interpellationem
2790 5233 3118 5292 auctoritate
3165 5234 3444 5295 canonica.-

1817 5321 1998 5379 facere
2018 5321 2249 5390 valeam,
2275 5337 2441 5378 manu
2462 5323 2696 5396 propria
2725 5325 3076 5384 subscribens
3096 5323 3333 5382 firmavi.

1653 5433 1886 5491 ΝΟΤᾸΞ.

192 5555 214 5586 ι
235 5545 423 5603 Editus
458 5562 527 5603 ex
557 5547 756 5606 Codice
791 5548 925 5606 bibl.
961 5520 1223 5606 Palatinae
1262 5564 1319 5605 ιι.
1349 5546 1472 5614 576,
1508 5548 1564 5604 in
1599 5544 1709 5604 Da-

136 5611 284 5691 cherii
307 5618 615 5691 spicitegio,
641 5628 683 5679 t.
709 5620 821 5689 vn,
848 5619 970 5677 ne.
1455 5611 1466 5614 ’
1544 5627 1547 5630 ·

192 5687 214 5726 δ
231 5687 643 5747 Βὶῑιιὶὶοθιιέειιι.

1886 5555 1913 5586 θ
1941 5543 2461 5613 Paderbomcztscm.

1882 5616 1912 5659 ά
1936 5617 2508 5697 Augustodunensem.
