3828 6220
1310 156 1315 163 ’
1400 192 1460 245 n.
1504 189 1752 245 cauom
1790 185 2002 241 auc-x1
2038 181 2187 283 ore.
2231 182 2408 238 rans
2445 181 2483 235 1.
2526 179 2717 237 SECT.
2756 181 2799 235 I.

465 319 835 385 praeparetur,
876 309 940 361 ad
965 306 1203 362 omnium
1246 305 1528 379 nobiscum
1556 304 1797 359 euntium
1822 315 2047 371 praepa-
2075 303 2124 360 Α
2153 297 2207 352 111
2231 296 2567 349 dominorum
2612 294 2817 346 tamdiu
2847 292 3023 345 vivant
3054 288 3457 385 procuratione,
3484 295 3719 385 quanam

467 405 929 470 ratiqncmannus
957 414 1081 454 cum
1126 413 1219 453 sev
1270 397 1654 451 ebdoniadibus
1682 410 1781 466 pro
1824 393 2055 451 induciis

465 497 647 561 detur,
672 500 730 547 et
753 491 935 544 taliter
960 504 1057 559 per
1082 498 1255 543 totum
1288 488 1302 518 ί
1332 502 1555 557 regnum
1585 484 1829 539 fidelibus
1852 482 2055 537 nostris

466 584 753 638 indicetur.
786 580 1122 647 Cuicumque
1154 588 1336 632 autem
1364 576 1659 632 secundum
1711 574 1852 628 lianc
1883 572 2053 641 legem

463 676 651 730 eadem
682 660 955 742 expeditio
974 671 1290 750 impeietpr,
1328 670 1372 723 si
1398 669 1467 724 ad
1504 666 1712 722 curiam
1756 664 2052 729 Gallorum,

467 769 569 821 hoe
590 767 752 821 estin
782 774 1032 833 campum
1058 763 1149 831 qui
1172 762 1327 832 vulgo
1352 760 1610 841 Rnugalle
1635 758 1848 820 dicitur,
1890 756 2057 811 domi-

467 872 594 909 mnn
622 870 779 910 suum
811 869 919 907 non
949 852 1258 923 comitetur,
1288 862 1345 907 et
1367 851 1451 907 .ibi
1482 865 1607 906 cum
1652 848 1869 917 militari
1897 857 2056 917 appaé

468 955 587 1001 ratu
614 960 720 999 non
755 950 1210 1013 repraesentetur,
1242 939 1411 996 feodo-
1450 949 1633 1010 preter
1679 939 1780 994 hos
1804 937 1896 1007 qui
1931 950 2054 992 cum

464 1036 640 1105 gratia
658 1033 1002 1089 dominorum
1029 1046 1259 1087 suorum
1281 1021 1661 1095 remanserint,
1684 1030 1739 1083 in
1761 1037 2055 1098 conspectu

466 1135 655 1182 nostro
673 1126 879 1195 absque
903 1138 1000 1194 spe
1028 1122 1451 1191 recuperationis
1477 1122 1735 1191 privetur.
1752 1121 1852 1186 Qui
1874 1128 2054 1175 autem

464 1233 561 1289 per
581 1217 882 1273 hominium
912 1217 954 1279 ’,
981 1216 1096 1271 sive
1125 1215 1282 1270 liberi
1310 1215 1426 1271 sive
1451 1213 1654 1276 famuli,
1685 1214 1916 1271 dominis
1943 1213 2057 1271 suis

463 1306 826 1369 adhaeserint,
877 1298 1009 1376 quot
1036 1306 1223 1361 decem
1252 1319 1484 1361 mansos
1513 1306 1566 1359 in
1591 1304 1855 1362 beneﬁcio
1884 1304 2057 1374 possi-

463 1396 649 1461 deant,
691 1402 773 1451 tot
808 1394 1036 1450 brunias
1061 1408 1182 1449 cum
1214 1393 1423 1449 duobus
1458 1394 1719 1464 scutariis
1758 1393 1779 1425 ³
1823 1393 2051 1459 ducant;

465 1488 537 1540 ita
568 1494 748 1539 tamen
778 1492 837 1537 ut
859 1497 959 1553 pro
986 1481 1268 1552 halsperga
1297 1490 1408 1537 tres
1430 1496 1641 1537 marcas
1665 1491 1720 1537 et
1743 1497 1843 1554 pro
1865 1483 2053 1554 singu-

463 1574 530 1628 lis
555 1572 807 1628 scutariis
837 1570 1079 1642 singulas
1111 1586 1325 1643 marcas
1364 1572 1663 1642 accipiant;
1697 1583 1752 1628 et
1777 1572 1857 1630 sic
1875 1574 2054 1631 eundo

2154 386 2207 439 in
2238 387 2448 453 incepta
2476 384 2520 420 '°-
2543 384 2737 436 vadant
2762 381 3134 451 expeditione;
3161 388 3215 433 et
3241 379 3496 449 quicquid
3516 395 3547 432 a
3575 381 3721 437 rebel-

2153 477 2292 531 libus
2314 476 2492 545 regnis
2518 477 2556 506 “
2581 475 2866 545 pugnando
2906 472 3279 541 acquisierint,
3304 482 3489 541 partes
3514 472 3642 527 duas
3665 476 3721 528 ad

2153 568 2401 623 dominos
2434 568 2695 631 deferant,
2731 567 2945 622 tertiam
2990 564 3093 620 sibi
3135 578 3235 634 pro
3260 563 3626 621 consolatione
3650 582 3721 620 re-

2154 660 2383 713 tineant.
2410 658 2556 725 Quos
2603 666 2782 712 autem
2812 672 2919 711 non
2947 662 3177 727 pascunt
3225 654 3457 720 domini,
3501 656 3568 711 ad
3598 658 3721 727 ipsos

2154 759 2431 820 reportent
2456 748 2670 817 tertiam
2690 760 2901 818 partem
2932 747 3016 803 sui
3063 747 3340 817 acquisiti.
3378 746 3588 817 Singuli
3612 766 3721 808 \ero

2153 842 2425 911 principes
2449 832 2578 896 suos
2612 841 2847 895 habeant
2875 839 3208 895 ollicinarios
3248 840 3534 910 speciales,
3567 857 3719 899 niats-

2154 935 2400 999 calcum,
2452 932 2790 1004 dapifcrum,
2858 934 3172 1004 pinccrnam
3232 942 3289 988 et
3335 934 3718 1004 kamcrarium;

2128 1028 2245 1097 ~qui
2269 1027 2303 1081 4
2325 1036 2526 1097 quanto
2553 1027 2684 1101 plus.
2698 1034 2824 1080 sunt
2864 1026 3181 1091 laboraturi,
3216 1033 3369 1083 tanto
3406 1025 3527 1097 plus
3554 1026 3606 1082 in
3646 1030 3721 1084 sti-

2156 1118 2371 1188 pendio,
2401 1117 2455 1171 in
2476 1117 2695 1182 vestitu,
2727 1117 2781 1172 in
2826 1115 3074 1185 equitura
3103 1129 3234 1186 prae
3260 1116 3461 1171 ceteris
3481 1124 3607 1171 sunt
3636 1117 3721 1175 110-

2121 1211 2131 1221 ’
2155 1210 2413 1275 uorandi;
2450 1208 2656 1265 scilicet
2681 1208 2971 1279 unicuique
3001 1208 3045 1240 ⁸⁸
3079 1208 3307 1264 istorum
3335 1206 3403 1264 10
3422 1207 3592 1265 librae
3617 1225 3721 1266 cum

2158 1302 2330 1356 tribus
2347 1299 2502 1369 equis
2526 1288 2863 1363 tribuantur;
2903 1305 3129 1367 quartus
3156 1297 3458 1354 marscalco
3497 1298 3719 1363 addatur,

2155 1407 2388 1462 quorum
2417 1406 2584 1445 unum
2613 1390 2682 1445 ad
2724 1387 3203 1461 pmecnrrcndum,
3256 1389 3491 1446 alterum
3533 1391 3598 1447 ad
3641 1408 3722 1462 pa.

2155 1484 2446 1551 guandum,
2480 1480 2699 1535 tertium
2725 1480 2792 1535 ad
2817 1479 3178 1549 spatiandum,
3213 1488 3468 1550 quartum
3514 1481 3721 1539 ³1111111-

2155 1589 2276 1628 cam
2295 1573 2639 1643 portandum.
2667 1571 2760 1627 Isti
2804 1586 2933 1626 vero
2964 1570 3100 1627 tales
3136 1586 3420 1628 remanere
3444 1572 3721 1644 cupientes,

461 1679 526 1719 ac
553 1662 826 1720 redeundo
865 1678 990 1738 cum
1026 1663 1130 1720 hoc
1176 1664 1444 1735 stipendio
1474 1664 1497 1696 ⁸
1530 1666 1650 1722 sine
1689 1667 1837 1722 omni
1884 1666 2056 1722 domi-
2087 1648 2129 1709 Β
2151 1666 2202 1723 si
2230 1667 2371 1737 apud
2397 1666 2441 1699 ¹³
2463 1664 2709 1721 dominos
2736 1664 3025 1736 impetrare
3048 1665 3093 1696 “
3112 1665 3345 1730 valeant,
3375 1674 3510 1736 quot
3532 1681 3723 1727 mansos

463 1766 655 1811 nurum
681 1756 915 1825 dampuo
937 1754 1020 1810 vel
1046 1770 1281 1825 expensa
1304 1755 1410 1811 nisi
1429 1756 1451 1787 ⁵
1478 1765 1741 1829 quantum
1768 1757 1901 1827 ipsis
1924 1757 1944 1788 ⁸
1961 1757 2057 1814 do-

461 1847 633 1911 minis
672 1846 940 1917 placuerit
990 1845 1224 1901 ﬁdeliter
1257 1845 1516 1901 serviant.
1571 1848 1627 1902 Si
1664 1856 1847 1903 autem
1893 1847 2052 1915 forte,

459 1940 604 2009 quod
627 1940 790 2004 absit,
815 1939 1049 2003 accidat,
1075 1947 1136 1993 ut
1167 1940 1306 1994 idem
1354 1939 1554 1996 milites
1598 1941 1841 1997 diversos
1884 1942 2056 1997 domi-

460 2045 562 2085 nos
582 2039 806 2099 propter
849 2029 1063 2085 diversa
1096 2028 1364 2085 beneﬁcia
1408 2032 1710 2101 acquirunt,
1744 2045 1812 2089 ne
1838 2032 2055 2102 aliquod

460 2120 783 2177 beneﬁcium
806 2120 983 2176 iudebi
993 2129 1105 2175 tum
1132 2120 1215 2177 vel
1237 2121 1356 2178 sine
1377 2123 1605 2179 servitio
1621 2133 1919 2193 remaneat,
1946 2126 2056 2181 sin-

382 2284 385 2289 ,
459 2215 570 2286 guli
596 2214 806 2287 singula
832 2215 1015 2272 debita
1036 2214 1264 2285 singulis
1292 2216 1530 2274 dominis
1552 2219 1881 2288 persolvant,
1908 2219 2056 2275 vidc-

459 2305 585 2362 liect
603 2315 864 2376 quantum
878 2306 948 2363 ab
971 2306 1103 2378 ipsis
1117 2306 1163 2363 si
1191 2308 1333 2363 irent
1351 2310 1626 2380 accepturi
1648 2319 1824 2376 erant,
1841 2320 2053 2367 tantum

376 2390 379 2393 ’
454 2388 520 2451 se
557 2398 782 2453 daturos
814 2406 1166 2469 cognoscant,
1192 2398 1277 2455 vel
1320 2400 1376 2454 in
1412 2399 1660 2470 praefato
1688 2401 1824 2466 loco,
1862 2414 1925 2458 ut
1974 2403 2056 2460 di-

457 2497 608 2542 ctum
631 2494 734 2550 eet,
764 2485 975 2543 feodum
988 2476 1250 2543 amittant
1269 2490 1326 2557 ’ς
1358 2491 1463 2547 nisi
1489 2491 1654 2564 aliqui
1676 2508 1706 2548 a
1731 2495 1889 2550 nobis
1918 2495 1941 2528 ⁸
1968 2494 2055 2550 vel

458 2594 489 2633 a
520 2592 700 2651 regno,
731 2579 848 2641 'sint
898 2578 1280 2645 inbcneﬁciati,
1311 2582 1366 2637 bi
1416 2582 1462 2639 si
1506 2585 1788 2641 nobiscum
1835 2586 2051 2650 vadant,

460 2670 712 2725 nolumus
732 2679 795 2725 ut
842 2658 1361 2739 foedum-amittant,
1404 2683 1489 2731 set
1516 2676 1785 2747 stipendia
1813 2676 1917 2731 nisi
1962 2691 2052 2732 vo-

459 2765 667 2827 luntate
695 2764 1036 2833 dominorum
1063 2782 1171 2822 non
1196 2767 1653 2837 praetermittant.
1699 2757 1963 2823 Similiter
1987 2767 2055 2823 de

458 2842 818 2913 ecclesiarum
852 2857 979 2923 ﬁliis
1002 2858 1088 2914 vel
1135 2858 1470 2925 domesticis,
1499 2859 1554 2914 id
1579 2868 1664 2915 est
1690 2858 2055 2914 ministeriali-

463 2951 585 3013 bus,
614 2948 696 3004 vel
720 2964 1170 3020 quorumcunque
1194 2950 1497 3022 principum
1540 2952 1792 3007 clientela
1816 2952 1910 3022 qui
1937 2959 2055 3008 cot-

461 3039 594 3094 tidie
636 3039 705 3095 ad
747 3040 1090 3096 serviendum
1136 3042 1313 3111 parati
1341 3057 1463 3098 esse
1490 3043 1705 3109 debent,
1746 3044 2051 3109 statuimus,

462 3137 524 3184 ut
559 3129 931 3206 quicunque5
955 3145 1174 3187 mansos
1218 3130 1272 3185 in
1302 3130 1564 3187 beneﬁcio
1588 3133 1925 3202 possideant,
1956 3133 2055 3188 do-

470 3221 620 3276 mino
648 3237 748 3276 suo
771 3222 841 3276 ad
864 3236 1024 3292 quem
1056 3222 1332 3292 pertinent
1360 3223 1607 3277 bmniam
1629 3240 1752 3279 cum
1797 3240 1904 3280 uno
1929 3239 2055 3280 scu-

463 3310 607 3387 tario
634 3309 854 3366 ducant.
882 3311 1151 3391 thhoc‘in
1177 3312 1404 3366 arbitrio
1438 3311 1777 3368 dominorum
1803 3314 2053 3384 pendeat,

464 3414 604 3471 quos
629 3401 851 3465 ducant,
879 3417 910 3456 a
948 3403 1151 3478 quibus.
1191 3403 1458 3473 stipendia
1498 3404 1804 3474 accipiant,
1858 3404 2054 3474 quibus
2090 3396 2100 3406 ’

464 3491 630 3548 etiam
661 3491 972 3563 halspergas
1000 3494 1320 3571 concedant.
1368 3494 1503 3564 Ipsis
1525 3495 1688 3549 etiam
1734 3495 1802 3551 ad
1848 3496 2057 3552 itineris

467 3584 934 3654 praeparationem
956 3584 992 3638 5
1024 3583 1045 3615 ⁸
1080 3584 1252 3639 librae
1291 3600 1422 3641 suae
1449 3595 1699 3642 monetae
1750 3587 1804 3641 iu
1852 3582 2058 3656 stipen-

468 3674 616 3751 dium
666 3664 1013 3740 tribuantur,
1045 3683 1101 3730 et
1120 3673 1226 3730 duo
1267 3676 1411 3745 equi,
1465 3692 1606 3733 unus
1660 3674 1887 3733 currens
1920 3678 2059 3733 alter

465 3763 772 3827 ambulans,
827 3764 1116 3840 addantur,
1166 3780 1234 3822 ac
1281 3766 1491 3823 duobus
1537 3767 1702 3823 sociis
1753 3767 2060 3824 souinarius

468 3857 744 3913 vietilibus
764 3859 902 3915 bene
925 3868 1184 3916 oneratus
1208 3861 1595 3928 committatur,
1617 3862 1707 3933 qui
1731 3848 1809 3917 'ad
1834 3862 1965 3932 ipsis
1992 3861 2060 3918 ad

468 3966 607 4019 opus
632 3951 979 4008 dominorum
1003 3936 1293 4025 diligenter
1313 3956 1676 4012 custodiatur.
1712 3956 1816 4027 Ipsi
1847 3971 2061 4027 quoque

2081 3006 2128 3069 ο

2155 1744 2467 1829 possideant
2502 1766 2583 1813 tot
2605 1758 2651 1790 "
2686 1756 2852 1813 libras
2872 1771 3000 1813 suae
3023 1766 3273 1812 monetae
3293 1757 3377 1813 vel
3424 1768 3594 1815 totum
3632 1760 3723 1816 Iru-

2136 1850 2303 1906 ‘ctum
2334 1849 2474 1907 feodi
2504 1849 2557 1905 in
2594 1849 2687 1905 illo
2713 1865 2856 1907 anno
2898 1865 2996 1921 pro
3023 1849 3291 1921 stipendio
3311 1852 3635 1922 persolvant.
3667 1855 3724 1912 Ut

2156 1949 2338 1997 autem
2377 1949 2621 1998 nostrum
2663 1941 2950 2011 imperium
2978 1941 3045 1998 ab
3074 1941 3332 1998 omnibus
3376 1942 3574 2000 habeat
3611 1961 3723 2015 sup.

2156 2035 2505 2105 plemenlum,
2543 2033 2646 2089 hoc
2687 2033 3069 2089 constituimus
3106 2043 3162 2089 et
3207 2034 3438 2090 ﬁrmiter
3479 2038 3722 2108 praccipi-

2156 2141 2299 2191 mus,
2324 2133 2384 2179 ut
2413 2123 2610 2195 singuli
2656 2123 2871 2194 but-iugi
2914 2122 3100 2179 decem
3148 2138 3273 2179 cum
3322 2123 3393 2178 I2
3429 2123 3638 2182 funibus
3671 2130 3725 2184 de

2155 2229 2361 2285 canapo
2390 2212 2591 2270 solidos
2631 2211 2865 2268 dominis
2916 2212 3029 2268 suis
3068 2212 3403 2285 impendant,
3431 2223 3487 2270 et
3531 2216 3724 2289 insuper

2154 2305 2489 2362 seum-arium
2537 2319 2662 2360 cum
2704 2306 2944 2376 capistro
2971 2305 3307 2372 concedant;
3354 2321 3538 2377 quem,
3567 2309 3612 2364 si
3645 2309 3726 2366 do-

2155 2401 2288 2457 mini
2339 2398 2651 2465 voluerint,
2704 2398 2804 2471 ipsi
2832 2398 2900 2455 ad
2957 2399 3186 2469 primam
3250 2400 3499 2455 navalem
3553 2418 3724 2473 aquam

2154 2505 2327 2562 usque
2355 2490 2399 2522 ¹⁶
2428 2489 2745 2561 perducant.
2792 2488 3184 2544 Mansionarius
3212 2490 3246 2545 5
3292 2476 3499 2547 solidos
3522 2532 3539 2558 ,
3583 2494 3725 2549 absa-

2155 2584 2270 2639 rius
2302 2582 2371 2638 30
2392 2581 2675 2649 denarios,
2716 2581 3013 2638 bunuarius
3044 2581 3085 2614 ⁸⁷
3137 2581 3224 2648 15,
3274 2584 3634 2640 quorumlibet
3663 2585 3726 2641 la-

2155 2691 2275 2731 rum
2320 2674 2363 2707 ⁸³
2404 2688 2746 2745 possessam
2785 2673 2819 2728 6
2863 2674 3168 2745 suppleam.
3218 2674 3286 2729 Et
3316 2683 3376 2729 ut
3402 2675 3536 2733 haec
3575 2679 3725 2735 nostri

2154 2763 2356 2820 decreti
2414 2764 2714 2819 auctoritas
2763 2763 3129 2820 inviolabilem
3177 2772 3235 2820 et
3272 2764 3638 2836 incorruptam
3680 2767 3726 2824 in

2153 2860 2248 2916 Dei
2272 2859 2489 2915 nomine
2509 2857 2651 2929 apud
2674 2873 2865 2914 omnes
2889 2848 3231 2914 successores
3268 2865 3490 2914 nostros
3510 2858 3726 2915 obtineat

2153 2949 2505 3006 emunitatem
2543 2948 2617 3016 “,
2665 2949 2876 3004 cunctis
2927 2948 3261 3019 principibus
3311 2949 3357 2981 ²⁰
3391 2948 3486 3018 qui
3527 2949 3728 3004 aderant

2158 3043 2593 3115 astipulantibus,
2614 3058 2775 3098 manu
2798 3043 3013 3115 propria
3035 3043 3225 3098 subter
3239 3056 3362 3099 eam
3388 3044 3639 3099 roborare
3655 3044 3727 3099 de-

2158 3136 2429 3192 crevimus
2448 3144 2503 3192 et
2524 3135 2710 3192 annuli
2738 3135 2911 3192 nostri
2940 3136 3097 3206 signo
3118 3135 3160 3166 "
3186 3135 3456 3206 assignari
3471 3136 3725 3193 iussimus.

2943 3272 2953 3305 ι
2988 3245 3068 3322 s

2230 3359 2455 3431 Signum
2496 3360 2679 3418 Karoli
2732 3320 3236 3572 Μηνᾶ
3287 3360 3653 3435 gloriosissimi
3689 3362 3727 3394 "

2158 3586 2321 3657 regis.
2350 3585 2654 3641 liernustus
2682 3600 2926 3643 amarius
2956 3595 3023 3646 ad
3048 3591 3221 3645 victm
3247 3588 3522 3643 Lutvvardi
3546 3588 3727 3661 cancel-

2158 3679 2277 3735 larii
2309 3681 2618 3751 recognovi.
2644 3679 2776 3736 Data
2799 3681 2851 3737 8.
2896 3680 3020 3737 ldus
3064 3682 3197 3736 Iunii
3223 3696 3368 3736 anno
3415 3681 3484 3735 ab
3512 3681 3727 3735 incarna-

2139 3770 2307 3848 tione
2351 3769 2562 3825 Domini
2590 3771 2763 3826 nostri
2795 3770 2911 3825 Iesu
2937 3769 3140 3827 Christi
3195 3770 3321 3837 790,
3375 3771 3525 3842 regni
3568 3780 3727 3825 autem

2159 3864 2279 3919 eius
2306 3863 2352 3894 ⁸³
2375 3862 2467 3927 22,
2504 3869 2634 3919 ante
2670 3863 3135 3920 consecrationem
3164 3862 3233 3918 “.
3270 3862 3467 3919 Actum
3500 3861 3726 3920 Worma-

2162 3956 2271 4011 tiae
2292 3953 2540 4011 feliciter.
2562 3954 2757 4010 Amen.
3527 3964 3533 3971 ‘

1694 4106 2083 4165 VAIIIANTES
2118 4106 2522 4164 LECTIONES.

544 4218 560 4248 ⁸
583 4233 685 4293 per
713 4204 884 4273 totum
910 4218 1095 4293 taliter
1117 4218 1173 4293 2.
1210 4219 1301 4293 At
1329 4222 1375 4293 Δί
1402 4220 1680 4293 hominum
1704 4220 1860 4293 2.14.
1897 4202 1949 4263 ’⁸
1970 4221 2239 4293 scutariis
2272 4236 2434 4293 usque
2479 4219 2733 4293 scutariis
2758 4220 2943 4293 derunt
2968 4219 3023 4274 2.
3056 4220 3121 4293 Α.
3197 4218 3535 4293 ‘_stupendio
3564 4224 3610 4277 I.
3632 4233 3726 4279 stu-

469 4289 668 4358 pendio
692 4305 833 4343 corr.
858 4289 925 4344 sti

930 4290 1127 4361 pendio
1145 4290 1230 4357 2._
1282 4291 1380 4345 ⁵1η
1408 4290 1555 4346 Man.
1583 4291 1647 4346 Β.
1724 4291 1746 4323 ⁶
1765 4292 1933 4361 ipsius
1955 4292 2009 4346 2.
2085 4294 2105 4325 ⁷
2136 4290 2391 4361 amittant
2414 4294 2448 4345 it

2512 4305 2576 4364 ne
2593 4291 2848 4364 amittant
2866 4291 3050 4364 desunt
3070 4290 3141 4364 Α.
3215 4290 3294 4364 fa
3318 4290 3474 4348 nobis
3499 4294 3655 4364 aliqui
3676 4293 3724 4348 2.

474 4306 668 4388 penum
692 4306 833 4343 corr.
858 4306 1127 4377 supean
1145 4306 1230 4357 2..
1282 4306 1380 4373 ’.111
1408 4306 1555 4346 utan.
1583 4306 1647 4346 υ.
1724 4306 1746 4323 υ
1765 4306 1933 4361 ipsius
1955 4306 2022 4373 z._
2087 4306 2103 4325 ⁷
2136 4306 2391 4346 amittant
2414 4306 2576 4392 usque
2593 4306 2848 4345 annuam
2866 4306 3050 4376 desunt
3076 4306 3141 4344 Α.
3215 4306 3238 4323 ’³
3264 4306 3294 4345 a
3318 4306 3474 4348 nobis
3499 4306 3724 4377 aliqui}.

528 4360 587 4445 γ.
624 4361 669 4445 1.
693 4359 756 4445 ΞΑ
778 4358 961 4445 scab.
990 4360 1041 4414 1.
1070 4360 1157 4445 Il_.
1180 4440 1192 4445 Δ
1301 4372 1515 4430 incepta
1643 4362 1711 4416 B.
1731 4432 1744 4445 .
1787 4363 1828 4445 ξς
1873 4363 2113 4445 regni/1.
2143 4362 2203 4444 8.
2237 4360 2287 4415 Ι.
2470 4361 2532 4445 ηπ
2559 4371 2691 4445 εκεε
2713 4358 3145 4445 u..2..A.__S.'II.
3195 4361 3269 4445 "‘
3296 4370 3429 4445 aput
3452 4364 3510 4417 2.
3574 4365 3627 4445 ξ)
3657 4379 3727 4445 ig-

471 4439 683 4499 petrare
721 4429 778 4483 2.

473 4501 512 4531 ⁸⁷
546 4500 857 4555 Iutnaiarius
881 4500 937 4554 2.

472 4567 550 4623 Μ.
572 4570 635 4623 II.

1037 4501 1081 4532 ⁸⁸
1109 4499 1300 4558 larium
1329 4504 1391 4554 Λ.
1424 4500 1484 4557 S.
1519 4500 1568 4555 1.
1600 4500 1685 4555 ll.

878 4431 924 4462 "
947 4447 1092 4484 voces
1119 4440 1197 4485 tot
1223 4432 1389 4486 libras
1413 4445 1543 4486 uiae
1568 4431 1622 4486 in
1646 4432 1763 4486 cod.
1786 4431 1843 4485 2.
1871 4430 2150 4496 abscissae,
2181 4434 2236 4486 in
2266 4431 2579 4485 editionibus
2600 4430 2721 4486 inde
2746 4430 2992 4496 derivatis
3021 4430 3228 4485 desunt.

3350 4431 3372 4462 ‘
3392 4433 3533 4488 deest
3563 4432 3635 4487 Π.
3669 4433 3724 4489 Β.

1783 4502 1824 4534 ¹⁹
1848 4494 2159 4576 ﬁrmitatem
2182 4500 2741 4576 scribendum‘fuerat!
2803 4494 2849 4531 ’δ’
2871 4500 3212 4576 presentibus
3235 4498 3313 4576 Μ.
3336 4500 3397 4555 Β.
3428 4533 3464 4576 _-
3492 4504 3538 4535 ἰ
3569 4504 3726 4576 sigillo

745 4571 789 4646 _"
817 4585 1213 4646 monogramma
1251 4572 1348 4625 hoc
1378 4590 1411 4646 ρ
1439 4573 1665 4646 genuino
1700 4571 2034 4646 Karoli_sat_is
2067 4575 2289 4646 distans,
2317 4570 2561 4646 codcaﬁ.
2594 4580 2706 4646 post
2730 4570 3001 4646 notarius,
3028 4570 3375 4646 ct__editiones
3402 4573 3467 4626 Λ.
3499 4570 3724 4646 post'glo-

474 4640 781 4711 riosissimi,
815 4639 878 4696 S.
902 4640 954 4694 Ι.
981 4639 1103 4711 post
1133 4651 1260 4696 nota
1285 4639 1777 4711 scribunt,Cluten.
1803 4651 1851 4696 et
1876 4641 1936 4698 S.
1969 4642 2053 4697 II.
2085 4643 2348 4696 omittunt.

2445 4641 2491 4672 ³³
2518 4637 2693 4696 nostri
2721 4640 2784 4696 S.
2811 4639 2862 4694 Ι.
2890 4637 2975 4695 ΙΙ.
3068 4641 3115 4681 ³³
3138 4655 3281 4695 anno
3320 4637 3727 4701 consecrationis

472 4708 634 4765 XXII.
662 4711 723 4767 S.
753 4709 802 4766 I.
826 4726 969 4766 anno
990 4708 1440 4768 consecrationis
1467 4710 1607 4766 XXI.
1637 4711 1791 4767 lectio
1813 4713 2007 4767 codicis
2031 4710 2491 4781 Senkeiibergiani.

470 4824 3714 4850 W

676 4927 974 4992 CAROLI
1011 4929 1267 4993 MAGNI
1301 4931 1404 4992 ΕΤ
1435 4930 1813 4995 LUDOVICI
1851 4930 1875 4992 Ι
1909 4930 2414 4993 CAPITULARE
2460 4930 2668 4993 APUD
2711 4930 3168 4995 THEODONIS
3202 4931 3543 4997 VILLAM.

540 5129 786 5187 Capitula
809 5129 925 5185 hare

947 5127 1129 5200 spuria
1148 5127 1381 5200 primum
1410 5130 1511 5185 sub
1537 5130 1754 5187 nomine
1788 5128 1967 5200 Caroli
2010 5129 2185 5200 Magni
2210 5129 2263 5184 in
2307 5127 2728 5200 Collectionibus
2766 5127 3117 5200 conciliorum
3148 5127 3387 5200 Grabbii,
3432 5126 3723 5185 Coloniensi

474 5221 563 5260 au.
592 5196 748 5266 I567,
773 5200 837 5254 Τ.
862 5199 946 5266 111,
969 5196 1023 5269 p.
1048 5196 1173 5263 269’.
1203 5208 1258 5254 et
1281 5199 1402 5269 aliis
1424 5200 1587 5265 edito,
1615 5200 1807 5257 deinde
1847 5215 1878 5255 a
1922 5196 2263 5257 Goldasto‘in
2290 5198 2798 5269 Constitutionibus,
2827 5207 2882 5254 et
2905 5214 2937 5253 a
2979 5196 3267 5269 Sirmondo
3311 5200 3458 5255 inter
3502 5200 3724 5257 Coucilia

473 5273 698 5336 Calliae,
754 5279 795 5325 t.
834 5268 900 5341 II,
943 5268 1010 5324 ex
1050 5268 1360 5341 Burehardo
1391 5278 1446 5325 et
1488 5270 1647 5326 lvone
1673 5282 1946 5341 assumpta
1974 5272 2234 5341 annisque
2257 5270 2362 5327 820
2384 5279 2437 5326 et
2476 5268 2575 5341 821
2607 5268 2907 5341 assignata,
2941 5277 3053 5341 tum
3098 5283 3129 5322 a
3156 5268 3374 5341 Baluiio
3397 5286 3520 5326 cum
3546 5270 3726 5341 Codice

477 5343 739 5412 Vaticano
762 5340 958 5412 collata
976 5354 1232 5412 annoque
1250 5339 1354 5396 822
1375 5342 1625 5412 ascripta,
1651 5342 1741 5397 hic
1761 5357 1828 5397 ex

1932 5342 2047 5397 dice
2074 5338 2323 5397 Go’tbano
2350 5339 2529 5394 δηλουιί
2560 5355 2609 5392 si
2656 5339 2848 5393 iterum
2879 5339 3165 5408 prodeunt.
3190 5338 3326 5395 Cum
3358 5340 3523 5408 igitur
3564 5340 3724 5397 Caroli

478 5427 674 5469 nomen
700 5411 756 5466 in
782 5409 1071 5482 Codicibus
1093 5408 1403 5482 prml‘erant,
1428 5412 1492 5465 ad
1516 5408 1631 5478 ejus
1655 5420 1832 5467 tamen
1868 5426 2091 5482 regnum
2120 5412 2266 5467 nullo
2296 5409 2455 5482 modo
2481 5409 2668 5465 referri
2706 5418 2947 5482 possunt,
2985 5410 3142 5482 quod
3170 5408 3466 5466 IIaistulI‘us
3509 5421 3561 5467 et
3595 5409 3723 5467 Iletti

476 5500 619 5539 anno
643 5483 767 5547 8l3,
796 5481 1134 5536 Iladabaldus
1157 5490 1209 5534 et
1231 5481 1345 5535 Ebo
1381 5482 1594 5536 nonnisi
1632 5483 1790 5537 annis
1816 5482 1919 5538 8I9
1937 5479 1995 5536 ct
2024 5481 2129 5548 822
2167 5479 2882 5550 archiepiscopatumadepti
2910 5490 3055 5536 sunt.
3100 5479 3208 5536 Nec
3250 5482 3457 5538 meliori
3485 5493 3721 5537 successu

479 5553 749 5609 Ludovico
788 5551 1097 5616 inmoratori
1141 5552 1410 5621 assignata
1437 5564 1578 5615 sunt,
1606 5569 1730 5608 eum
1760 5553 1941 5608 Ebone
1977 5563 2098 5621 post
2138 5554 2275 5608 diem
2304 5549 2500 5606 Slunii
2540 5566 2629 5605 an.
2684 5549 2883 5605 822111
2910 5551 3387 5621 archiepiscopum
3427 5551 3635 5617 electo,
3676 5560 3721 5607 et

482 5623 744 5680 llaistulfo
779 5624 1075 5680 secundqu
1097 5620 1317 5677 annales
1343 5621 1642 5679 Xantenscs
1666 5640 1806 5680 anno
1826 5624 1931 5679 8'25
1958 5620 2037 5677 vel
2066 5622 2358 5680 secundum
2381 5621 2516 5677 alios
2539 5636 2680 5677 anno
2702 5622 2806 5678 826
2830 5620 3099 5689 defuncto,
3126 5620 3449 5679 conventum
3476 5625 3615 5678 intra
3638 5622 3722 5677 hos
