3828 6220
156 265 251 316 (ἶῗῖ

678 252 930 309 -ΕΟΠΕΧ
973 246 1491 305 ΠΙΙἚΟΜᾹΤΙΩΗΞ.
1522 277 1555 288 -
1618 245 2076 304 ΟΛΡΠΒΙΛῙΠᾹ
2118 242 2385 301 ΞΡυίιΙᾹ.
2429 241 2634 325 -Λκ
2679 239 2816 293 790.-

3298 233 3405 292 678

153 388 391 432 tcruunos
415 373 653 426 habitum
680 369 841 423 fuisse
861 376 1131 443 oporteat,
1163 380 1228 417 eo
1268 373 1446 443 tamen
1472 363 1653 443 spatio
1690 361 1949 443 tetltpltfl§
1979 374 2035 412 Π*
2073 371 2324 443 ννιάλπᾞ
2352 353 2620 443 Ἧιὶξιξιιῇξζ
3290 349 3405 443 xi"

886 419 975 490 in;
1003 419 1228 490 'l‘evtum
1258 437 1451 488 collata
1479 419 1765 506 li._li:tlu/.ii
1787 419 2157 506 _intil.i:_niu,_es
2198 425 2487 506 leiuibus
2533 424 2549 476 l
2580 419 2981 503 liotltano’szec.
3010 436 3086 481 XI.
3115 430 3170 506 et
3290 421 3403 506 νίν

154 496 330 571 ticam.
354 512 511 579 cujus
526 511 783 565 lectiones
808 508 1053 563 llaluzius
1076 506 1247 571 alfert,
1265 507 1512 561 eumdem
1538 504 1651 557 fere
1675 501 1886 571 qualem
1921 498 2285 554 Conciliurum
2307 496 2542 551 edituros
2565 496 2738 561 prium
2761 502 3176 562 proposueram,
3196 496 3401 546 iterum

153 586 468 654 evulgamns.

151 712 211 749 lix
245 706 479 750 COSCILIO
515 705 648 744 APUD
687 701 980 742 TllEODONIS
1002 701 1199 740 \'ll.l..\ll
1229 699 1426 742 ΠΑΒΠὌ
1452 697 1697 740 τειιιιοιιε

1864 677 2021 744 verit,
2049 687 2253 747 septem
2302 677 2344 709 “
2382 674 2826 747 quadragesimas
2863 675 2981 729 sine
3029 674 3263 730 subditis
3305 690 3403 744 ap-

719 773 913 814 lt'AllOLl
951 772 1138 813 IAGNI.

210 876 260 928 ln
281 870 505 928 concilio
531 868 671 940 apud
708 866 1017 924 'l‘hcodonis
1057 865 1263 931 viltani,
1300 865 1391 941 ubi
1442 863 1708 920 interfue-

145 970 260 1018 rnnt
291 960 378 1016 δὲ.
404 958 672 1030 episcopi,
713 955 980 1021 Aistulfus
1020 953 1403 1024 Mogontiensis
1444 954 1711 1024 archiepi-

142 1065 467 1123 scopuscum
501 1050 618 1106 suis
663 1045 1049 1116 sulfraganeis;
1109 1043 1492 1111 lladabaldus,
1548 1042 1711 1100 Colo-

142 1144 331 1201 niensis
364 1142 799 1212 archiepiscopus
824 1155 946 1195 cum
976 1138 1091 1194 suis
1118 1135 1505 1206 sullraganeis;
1534 1136 1707 1202 lletti,

142 1233 474 1290 Treverensis
495 1231 954 1301 archiepiscopus,
986 1243 1111 1284 cum
1154 1227 1268 1283 suis
1313 1224 1705 1296 sull'ragaueis;

142 1323 306 1389 libbo,
331 1320 616 1378 Bernensis
664 1318 1099 1390 archiepiscopus
1142 1332 1267 1372 eum
1304 1316 1418 1372 suis
1446 1313 1708 1386 suifraga-

141 1416 264 1480 ucis,
289 1429 409 1470 cum
437 1412 644 1469 nuntiis
694 1411 1026 1481 reliquorum
1075 1410 1448 1480 episcoporum
1499 1406 1713 1465 Galliae

143 1513 191 1559 et
210 1502 540 1566 Germaniae,
570 1502 642 1557 ob
665 1500 889 1555 nimiant
922 1499 1418 1569 praesumptionem
1452 1513 1713 1568 quorum-

146 1596 254 1650 dam
316 1601 670 1665 tyrannorqu
727 1593 782 1647 in
840 1591 1151 1648 sacerdotes
1197 1591 1410 1648 Domini
1472 1592 1713 1649 bachan-

147 1687 266 1739 tium
289 1683 326 1749 ‘,
351 1691 406 1739 et
427 1690 650 1753 propter
672 1680 871 1738 factum
900 1680 1046 1752 quod
1080 1683 1135 1738 in
1166 1681 1455 1739 Wasconia
1496 1683 1711 1738 noviter

148 1775 324 1831 accidit
360 1774 426 1830 de
463 1775 721 1845 episcopo
764 1774 1002 1831 Iohanne
1051 1773 1336 1830 inhoneste
1379 1782 1438 1830 et
1473 1774 1711 1831 inaudite

147 1864 472 1931 mordridato,
501 1866 775 1922 decretum
814 1875 915 1921 est
938 1873 999 1920 ut
1036 1866 1308 1922 communi
1352 1880 1617 1924 consensu
1654 1876 1710 1923 et

151 1955 315 2012 humili
344 1955 626 2012 devotione
651 1956 1059 2027 supplicarent’
1091 1957 1314 2013 auribus
1333 1958 1612 2030 principis,
1659 1959 1706 2015 si

148 2061 260 2103 suae
280 2048 458 2118 pietati
486 2047 869 2118 eomplaceret,
900 2057 962 2104 ut
1005 2048 1276 2104 calumnia
1311 2049 1367 2104 in
1396 2048 1595 2106 Christi
1624 2066 1711 2107 sa-

148 2136 367 2192 cerdolcs
403 2124 624 2208 peracta
669 2138 816 2193 iuxta
860 2137 1142 2210 synodalia
1193 2138 1214 2170 ³
1252 2138 1710 2197 determinaretur

147 2226 352 2295 pleniter
385 2234 610 2293 statuta,
633 2228 738 2283 hoc
768 2228 910 2283 idem
937 2228 1318 2299 episcoporum
1368 2229 1571 2287 iudicio
1596 2232 1711 2301 pla-

148 2330 293 2387 ceret,
310 2322 352 2378 si
377 2337 443 2378 ex
481 2331 598 2378 toto
627 2323 925 2379 secundum
952 2330 1277 2393 potestatem
1314 2323 1557 2393 ipsorum
1593 2337 1711 2395 pos-

148 2421 216 2467 set
235 2410 453 2477 deliniri,
484 2413 538 2468 id
566 2422 670 2479 est,
700 2423 759 2468 ut
777 2414 1038 2469 canonica
1061 2411 1326 2469 feriantur
1343 2414 1633 2481 sententia,
1655 2416 1711 2471 hi

148 2502 370 2560 videlicet
403 2503 495 2573 qui
528 2504 780 2560 timorem
809 2504 1021 2559 Domini
1067 2511 1486 2574 postponentes,
1518 2504 1574 2560 in
1613 2506 1711 2560 mi-

150 2597 325 2652 nistros
346 2612 471 2652 suos
500 2610 746 2653 erassarc
770 2604 1141 2666 praesumunt.
1182 2595 1336 2663 Quod
1366 2597 1410 2651 si
1445 2612 1572 2652 vero
1597 2597 1714 2667 pie-

151 2688 231 2742 tati
268 2688 405 2745 illius
437 2688 802 2759 complaceret
835 2688 878 2753 δ,
905 2688 1065 2742 iuxta
1078 2688 1311 2757 capitula
1336 2702 1522 2758 regum
1550 2702 1713 2760 prae-

152 2778 457 2843 cedentium,
510 2780 605 2834 ubi
660 2792 847 2834 eorum
899 2779 1136 2848 provisio
1188 2780 1613 2836 misericorditer
1658 2782 1712 2837 in

149 2868 221 2923 olli
236 2869 344 2932 usis
363 2870 624 2940 pecuniae
655 2870 1016 2939 quantitatem
1066 2871 1409 2940 interposuit,
1441 2886 1540 2940 pro
1589 2872 1717 2927 levi-

152 2962 335 3029 gatione
361 2962 569 3019 scilicet
604 2962 971 3032 paenitentiae
996 2962 1220 3032 placuit,
1261 2971 1322 3018 ut
1370 2964 1393 2995 ⁸
1435 2964 1715 3033 praefatae

153 3068 223 3108 res
240 3068 329 3124 per
350 3054 636 3126 pecuniam
660 3056 729 3111 ab
749 3054 1170 3126 imperatoribus
1206 3064 1261 3111 et
1280 3071 1312 3111 a
1336 3056 1437 3111 sibi
1466 3056 1488 3088 ⁸
1527 3071 1713 3113 sacer-

152 3144 339 3200 dotibus
364 3144 432 3200 ad
457 3143 831 3202 defensionem
861 3160 1198 3211 concessam,
1228 3156 1283 3202 et
1306 3141 1406 3217 per
1432 3149 1712 3219 poeniten-

154 3233 263 3292 tiam'
284 3237 705 3295 determiuentur
744 3240 765 3271 "
807 3239 1184 3310 episcoporum
1232 3239 1459 3308 iudit'o,
1510 3242 1557 3298 si
1597 3243 1712 3313 pie-

156 3336 221 3382 tas
252 3327 387 3386 illius
419 3327 746 3386 conlaudare
772 3315 1023 3397 voluerit,
1064 3330 1146 3387 sic
1181 3330 1393 3387 definiri
1441 3332 1523 3388 eis
1560 3348 1712 3390 com-

156 3416 346 3484 placuit.

212 3508 257 3562 l.
281 3507 334 3567 Si
362 3511 483 3581 quis
507 3510 898 3568 subdiaconum
922 3506 1297 3568 calumniatus
1321 3510 1502 3579 fuerit,
1527 3513 1715 3571 vulne-

156 3601 346 3667 raverit,
374 3602 459 3657 vel
505 3603 869 3670 debilitaverit
892 3644 909 3670 ,
951 3612 1006 3659 et
1032 3595 1381 3663 convaluerit
1404 3645 1419 3672 ,
1475 3608 1715 3677 quinque

158 3692 563 3762 quadragesimas
607 3694 724 3750 sine
751 3695 983 3752 subditis
1026 3695 1183 3751 annis
1204 3695 1499 3765 poeniteat,
1533 3705 1587 3751 et
1613 3705 1717 3752 tre-

158 3791 315 3838 centos
336 3783 538 3840 solidos
556 3800 681 3841 cum
705 3801 801 3842 sua
824 3787 1218 3857 compositione
1246 3798 1300 3843 et
1320 3788 1715 3859 episcopalibus

159 3872 323 3931 bannis
348 3876 600 3948 episcopo
632 3877 655 3910 "
678 3888 989 3951 componat.
1018 3880 1076 3936 Si
1106 3889 1285 3937 autem
1330 3892 1576 3937 mortuus
1602 3880 1716 3938 fue-

160 3966 253 4032 rit,
301 3967 541 4040 singulas
577 3971 921 4041 supradictas
962 3974 1406 4045 quadragesimas
1453 3989 1578 4030 cum
1629 3988 1717 4031 se-

161 4059 418 4126 quentibus
446 4062 604 4119 annis
630 4065 934 4134 poeniteat,
960 4074 1017 4121 et
1051 4066 1472 4138 quadringentos
1511 4066 1715 4124 solidos

161 4164 260 4205 cum
281 4150 433 4223 tripla
466 4168 566 4209 sua
592 4156 984 4227 compositione
1010 4166 1065 4215 et
1098 4147 1492 4229 episcopalibus
1520 4159 1713 4217 baunis

163 4240 433 4310 triplicibus
460 4242 484 4276 ⁹
513 4245 766 4317 episcopo
805 4258 1114 4320 componat.

217 4328 264 4384 ἓ.
287 4331 340 4387 Si
362 4334 483 4404 quis
508 4334 795 4391 diaconum
833 4337 1196 4395 calumniatus
1212 4338 1395 4408 fuerit,
1429 4350 1484 4397 et
1516 4358 1717 4407 eonvaa

165 4417 317 4488 luerit,
341 4437 433 4479 sex
463 4424 903 4498 quadragesimas
943 4430 1060 4486 sine
1086 4433 1317 4489 subditis
1341 4435 1497 4490 annis
1529 4438 1717 4506 poeni-

166 4517 272 4575 teat,
289 4523 340 4568 et
375 4515 797 4588 quadringentos
819 4520 1024 4577 solidos
1049 4537 1172 4577 cum
1196 4526 1587 4595 compositibue
1615 4543 1714 4584 sua

167 4610 211 4654 et
239 4606 615 4677 episcopalibus
640 4611 833 4667 bannis
856 4614 1108 4684 episcopo
1131 4614 1174 4646 ¹⁰
1204 4626 1509 4685 componat.
1537 4617 1593 4673 Si
1619 4633 1717 4673 auo

171 4699 257 4747 tem
284 4707 517 4755 mortuus
559 4697 757 4768 fuerit,
787 4703 1027 4775 singulas
1071 4708 1407 4776 supradictas
1449 4724 1543 4763 sex
1579 4726 1715 4780 qua-
1746 4728 1759 4780 ;

170 4780 463 4852 dragesimas
511 4806 636 4847 cum
690 4795 1039 4862 sequentibus
1100 4798 1257 4853 annis
1307 4800 1614 4867 poeniteat,
1660 4811 1716 4856 et

172 4883 421 4935 sexcentos
452 4880 658 4947 solidos
703 4897 828 4939 cum
879 4885 1040 4955 tripla
1088 4900 1186 4942 sua
1238 4890 1629 4959 compositione
1662 4902 1719 4948 et

172 4964 530 5039 episcopalibus
577 4972 772 5030 baunis
810 4975 1111 5046 triplicibus
1171 4978 1211 5009 ¹¹
1262 4978 1513 5051 episcopo
1563 4996 1716 5039 eom-

173 5063 328 5120 ponat.
600 5065 649 5117 ξε

197 5143 202 5149 ’
228 5144 274 5198 5.
297 5146 351 5204 Si
372 5153 492 5222 quis
510 5154 869 5224 presbiterum
914 5160 1268 5216 calumniatus
1296 5160 1458 5217 fuerit
1480 5172 1535 5217 et
1562 5143 1720 5234 spas-

1817 772 1901 828 nis
1922 771 2214 843 poeniteat,
2239 779 2295 825 et
2335 759 2622 827 sexcentos
2667 767 2870 825 solidos
2897 766 3256 849 cumtriplici
3302 782 3399 822 sua

1809 863 2201 933 compositione
2252 869 2308 917 et
2363 860 2763 931 episcopalibus
2828 858 3028 915 bannis
3102 857 3405 927 triplicibus

1807 953 2061 1023 episeopo
2089 962 2395 1022 componat.
2429 951 2487 1007 Si
2534 960 2715 1006 autem
2746 960 2998 1006 mortuus
3037 950 3219 1015 fuerit,
3270 951 3403 1006 duo-

1810 1043 1983 1099 decim
2025 1026 2288 1103 annorum
2327 1042 2661 1112 poenitentia
2715 1041 3013 1097 secundum
3076 1055 3319 1095 canones
3353 1040 3406 1093 ei

1810 1134 2119 1203 inponatur,
2138 1142 2194 1188 et
2213 1141 2511 1203 nongentos
2534 1114 2734 1187 solidbs
2761 1145 2887 1187 cum
2912 1131 3108 1200 triplici
3130 1130 3403 1201 composi-

1812 1223 1957 1278 tione
1992 1239 2090 1279 sua
2110 1233 2167 1280 et
2194 1223 2590 1294 episcopalibus
2612 1223 2805 1279 bannis
2824 1223 3128 1293 triplicibus
3147 1223 3405 1294 episcopo

1812 1323 2126 1384 componat.

1880 1405 1935 1459 4.
1964 1404 2021 1460 Si
2048 1407 2168 1475 quis
2195 1406 2451 1476 episcopo,
2486 1405 2711 1461 insidias
2738 1403 3001 1475 posuerit,
3049 1405 3404 1480 comprehen-

1811 1501 1971 1567 derit,
2001 1502 2083 1556 vel
2120 1502 2174 1556 in
2216 1502 2399 1572 aliquo
2427 1500 2911 1564 dcsbonestaverit,
2952 1498 3142 1556 decem
3169 1501 3404 1569 quadra-

1810 1591 2043 1660 gesimus
2069 1593 2186 1648 sine
2210 1594 2251 1624 ιε
2281 1592 2514 1653 subditis
2541 1591 2701 1647 annis
2738 1590 3012 1661 poeniteat
3030 1631 3047 1655 ,
3094 1599 3151 1645 et
3175 1591 3404 1660 presby—

1810 1684 1912 1738 teri
1942 1699 2050 1739 non
2099 1684 2329 1740 “occisi
2379 1684 2644 1754 triplicem
2696 1682 3144 1752 compositionem
3186 1697 3405 1752 compo-

1811 1786 1923 1849 nat.
1976 1775 2034 1831 Si
2073 1784 2254 1831 autem
2291 1791 2420 1832 casu
2457 1784 2513 1831 et
2557 1791 2665 1831 non
2709 1783 2901 1844 sponte
2935 1774 3237 1840 occiditur,
3276 1789 3401 1826 (‘llln

1808 1866 2341 1936 comprovincialium
2394 1866 2776 1937 episcoporum
2830 1864 3061 1919 consilio
3132 1863 3402 1921 homicida

1807 1953 2102 2024 poeniteat.
2138 1955 2195 2011 Si
2229 1955 2351 2025 quis
2372 1963 2554 2011 autem
2582 1962 2778 2024 sponte
2801 1968 2926 2009 eum
2956 1953 3246 2021 occiderit,
3288 1970 3407 2009 car-

1743 2046 1787 2108 B
1813 2058 1935 2098 nem
1967 2060 2074 2101 non
2099 2045 2368 2113 comedat,
2393 2045 2577 2101 vinum
2605 2060 2714 2100 non
2739 2045 2888 2099 bibat
2914 2043 3127 2101 cunctis
3150 2043 3194 2074 ¹⁵
3217 2044 3409 2099 dicluts

1812 2132 1966 2188 vitae
1989 2149 2153 2202 suae,
2193 2135 2467 2208 cingulum
2507 2137 2742 2194 militare
2771 2138 3049 2209 deponat,
3080 2139 3286 2209 absque
3312 2154 3408 2209 spe

1812 2223 2046 2293 coniugii
2082 2224 2135 2279 in
2161 2235 2424 2297 perpetuo
2445 2236 2685 2283 maneat.

1880 2312 2146 2371 Aistulfus
2172 2315 2559 2388 Mogonticnsis
2585 2317 3029 2387 archiepiscopus
3075 2318 3251 2373 dixit;
3292 2338 3310 2369 ι
3345 2318 3402 2373 Si

1812 2403 2145 2475 principibus
2173 2404 2437 2475 placuerit
2459 2407 2692 2477 aliisque
2720 2407 2969 2464 lidelibus
2990 2409 3124 2473 suis,
3154 2424 3408 2480 rogemus

1812 2501 1874 2547 ut
1909 2493 2261 2550 conlaudelur
2286 2503 2343 2550 et
2363 2498 2756 2553 subseribatur.
2788 2516 2807 2551 ι
2830 2497 2899 2553 Ει
2917 2498 3299 2554 conlaudatum
3321 2508 3406 2553 est

1813 2592 1869 2640 et
1895 2585 2258 2657 subscriptum
2294 2586 2378 2642 est
2409 2595 2520 2641 tam
2556 2603 2586 2642 a
2615 2588 2861 2659 principe
2896 2603 3062 2659 quam
3102 2604 3133 2643 a
3176 2591 3409 2645 caeteris

1814 2673 2088 2730 omnibus.

2165 2762 2281 2802 CAN
2291 2762 2472 2803 τυιυιι
2535 2763 2783 2804 Αεοει.ιῑςι
2792 2763 3016 2804 Αετιιῑυιι

1847 2835 2001 2910 Apud
2036 2835 2335 2910 Theodonis
2373 2836 2715 2910 ῑίὶιιςιιιι-ιξη
2770 2837 3053 2910 Knrpfo’f"
3087 2856 3276 2910 magno
3317 2852 3365 2894 ct

1922 2905 2218 2989 ιιιςΙιοιυίεο
2249 2918 2295 2962 et
2325 2907 2508 2979 primis
2539 2906 2746 2964 Galliae
2772 2908 3149 2963 conlaudatum
3174 2905 3222 2964 Et
3248 2912 3345 2964 sub

1917 2988 2187 3047 scriptum.
3096 2989 3102 2997 '

1884 3065 2094 3122 Placuit
2121 3068 2278 3124 nobis
2302 3076 2360 3125 et
2395 3067 2646 3125 ﬁdelibus
2669 3068 2893 3136 nostris,
2940 3077 3003 3125 ut-
3027 3066 3169 3125 sieut
3201 3070 3270 3126 ab
3296 3071 3408 3141 cpi-

1813 3156 1993 3227 scopis
2027 3165 2083 3213 et
2108 3156 2331 3229 reliquis
2375 3158 2781 3224 sacerdotibus,
2831 3175 2896 3216 ac
2943 3160 3036 3216 Dei
3067 3163 3260 3228 servis,
3300 3164 3410 3218 alio

1813 3262 1957 3304 anno
2000 3248 2284 3305 Triburiae
2324 3250 2367 3283 ¹⁸
2416 3250 2698 3307 ammoniti
2747 3250 2947 3308 fuimus
2994 3260 3050 3307 et
3096 3255 3268 3325 rogati
3294 3294 3310 3321 ,
3349 3263 3409 3311 ut

1815 3338 2050 3410 episcopi
2078 3347 2132 3395 et
2160 3355 2348 3396 eorum
2377 3342 2636 3407 ministri,
2664 3357 2801 3413 quos
2826 3342 2969 3399 Deus
3003 3359 3122 3411 suo,
3159 3362 3266 3401 non
3307 3347 3407 3409 lut-

1740 3403 1785 3467 Ο
1817 3445 2001 3499 mane,
2025 3429 2223 3486 iudicio
2250 3432 2569 3498 reservavit,
2609 3434 2760 3489 iuxta
2796 3443 3110 3491 sanctorum
3137 3452 3405 3493 canonum

1814 3530 2231 3594 sanctorumque
2263 3532 2482 3595 patrum
2533 3540 2600 3582 ac
2648 3525 3030 3598 capitularium
3085 3530 3410 3599 praeceden-

1816 3613 1949 3668 tium
1993 3627 2180 3684 regum
2216 3629 2403 3670 coram
2461 3616 2764 3686 positorum
2803 3626 3039 3685 statuta,
3070 3628 3130 3674 ut
3175 3619 3268 3674 Dei
3322 3636 3411 3676 sa.

1802 3704 2059 3777 cerdotes
2106 3720 2404 3781 eorumque
2459 3717 2882 3777 cooperatores,
2949 3726 3182 3780 quorum
3240 3713 3411 3768 inti-r-

1812 3796 2149 3855 eessionibus
2173 3836 2191 3863 ,
2254 3797 2738 3869 supplicationibus
2776 3808 2963 3857 saneta
3010 3801 3105 3857 Dei
3147 3795 3410 3859 aeceIeSia

1814 3898 2064 3947 constare
2108 3888 2359 3958 videtur,
2415 3890 2608 3948 intacti
2656 3902 3057 3964 permaneant,
3121 3895 3407 3951 constitui-

1815 3994 1939 4036 mus
1973 3997 1987 4035 ἶ

1886 4071 1939 4126 ι.
1980 4072 2053 4135 Ut
2085 4073 2134 4130 si
2166 4074 2289 4145 quis
2317 4069 2727 4132 subdiaconum'
2742 4078 3103 4134 calumniatus
3136 4077 3320 4147 fuerit,
3352 4089 3410 4138 et

1813 4164 2167 4232 convaluerit,
2212 4167 2545 4237 poenitentia
2586 4170 2850 4224 canonica
2888 4172 3181 4240 poeniteat,
3219 4182 3275 4227 et
3303 4181 3412 4229 tre-

1815 4263 2002 4311 centos
2022 4255 2223 4312 solidos
2244 4257 2501 4329 cpiscpr
2519 4268 2828 4329 componat.
2854 4260 2985 4317 Etsi
3021 4270 3267 4319 mortuus
3289 4262 3404 4320 fue-

1814 4344 1906 4411 rit,
1931 4344 2078 4400 iuxta
2103 4346 2158 4401 id
2181 4350 2326 4417 quod
2361 4362 2598 4405 canones
2643 4349 2984 4421 praecipiunt
3021 4356 3329 4420 poeniteat,
3353 4362 3410 4410 et

1815 4435 2235 4507 quadringentos
2255 4423 2457 4496 solidos
2478 4441 2734 4511 episcopo
2755 4450 3063 4511 componat.

1884 4524 1941 4579 2.
1966 4524 2024 4580 Si
2050 4527 2334 4583 diaconum
2364 4530 2406 4560 ¹⁹
2428 4529 2790 4587 calumniatus
2812 4531 3003 4597 fuerit,
3028 4542 3082 4589 et
3124 4533 3411 4589 convalue-

1817 4614 1932 4685 rit,
1962 4620 2233 4689 poeniteat
2274 4623 2569 4678 secundum
2611 4639 2866 4690 canones,
2892 4633 2948 4679 et
2988 4625 3411 4696 quadringentos

1817 4710 2017 4767 solidos
2060 4712 2312 4784 episcopo
2358 4714 2402 4745 ⁸ο
2447 4724 2754 4784 componat.
2802 4717 2859 4771 Si
2904 4732 3009 4771 non
3052 4719 3408 4787 convaluerit,

1817 4802 1966 4857 iuxta
2002 4814 2289 4874 praecepta
2328 4806 2637 4878 synodalica
2688 4808 2983 4879 poeniteat,
3031 4818 3085 4865 et
3125 4821 3410 4869 sexcentos

1818 4892 2017 4949 solidos
2038 4894 2290 4965 episcopo
2310 4907 2619 4968 componat.

1888 4983 1943 5039 5.
1969 4983 2025 5039 Si
2067 4986 2350 5059 presbyter
2390 4989 2530 5043 male
2556 4997 2820 5047 tractatus
2842 4990 3007 5047 fuerit
3029 4992 3073 5023 ²¹
3099 5000 3153 5049 et
3194 5007 3412 5064 spassa—

1820 5074 1979 5141 verit,
2007 5076 2301 5132 secundum
2332 5079 2452 5136 eius
2485 5081 2723 5152 episcopi
2766 5083 3092 5139 sententiam
3134 5087 3408 5155 poeniteat

1820 5167 1876 5221 in
1898 5168 2053 5223 cuius
2077 5169 2336 5227 territorii
2365 5180 2633 5242 potestate
2655 5188 2776 5230 esse
2797 5174 3099 5232 dinoscitur
3120 5178 3189 5232 ¹¹.
3227 5176 3284 5233 Si
3307 5193 3406 5233 au-

1362 5273 1749 5335 VARIANTES
1779 5274 2179 5335 LECTIONES.

231 5347 246 5377 ¹
267 5347 593 5407 baceau'tium
618 5354 685 5410 Β.

175 5415 193 5498 ξ
228 5431 312 5498 pro
360 5423 724 5498 consolatione
763 5415 1001 5498 sauciae
1048 5432 1325 5498 ecclesiae,
1384 5444 1442 5487 ut
1475 5415 1554 5487 flvit.

174 5485 334 5566 idet-sl
373 5490 424 5545 l.
498 5493 713 5566 “deest
754 5496 804 5549 Ι.
909 5492 951 5531 ίί
989 5485 1149 5554 deest.
1175 5485 1234 5556 ill.
1279 5485 1374 5550 ,1“
1395 5485 1585 5558 sevai.

176 5554 341 5614 Karolo
385 5569 438 5617 et

178 5703 262 5774 iam
286 5698 341 5752 li.
378 5771 386 5774 _
416 5701 457 5732 "
489 5704 541 5757 d.
589 5698 713 5774 quis
733 5722 781 5760 c.
817 5708 876 5759 Π.
956 5712 998 5738 ¹⁰
1023 5713 1160 5765 deos!
1195 5714 1240 5766 ι.

180 5764 286 5823 lidos
313 5771 555 5845 episcopo
587 5764 887 5846 componat.
921 5778 976 5834 Si
1011 5764 1073 5836 B.

779 5358 799 5388 ¹
823 5358 1255 5440 supplicarentur
1280 5378 1417 5415 corr.
1466 5363 1832 5440 supplicarent
1879 5367 1930 5421 l.
1973 5370 2369 5440 supplicaretur
2397 5374 2464 5431 Β.

1666 5435 1766 5491 “et
1814 5453 1844 5491 ει
1902 5440 2004 5495 sibi
2038 5435 2250 5498 'dcsunt
2296 5444 2363 5498 B.

549 5507 847 5574 .aecstﬂt.“
909 5507 950 5531 "
989 5507 1149 5574 «tergit.
1186 5507 1234 5556 ι.
1279 5547 1305 5574 λ
1333 5507 1487 5557 "sex
1522 5507 1585 5558 Β.
1693 5507 1734 5539 ¹³
1764 5523 1884 5561 cum
1912 5509 1975 5563 Β.

206 5566 669 5654 Ξει-ιίίιιοΙ-Ιειιιιιυξιιιις
713 5566 1012 5654 (ἱειιιξειθηοι
1057 5570 1378 5653 Germaniae
1406 5574 1795 5654 conlaudatum
1840 5588 1895 5654 et
1940 5566 2904 5654 subscript’dinnurméid}???1'55.

177 5630 595 5713 pioiet_ltlo‘t_ha_rio
623 5635 1034 5713 imperatorilnts
1067 5643 1356 5696 constituta
1402 5653 1456 5697 et
1481 5660 1511 5697 a
1539 5630 1727 5713 primis

1319 5713 1360 5743 θ’
1386 5716 1759 5785 presbyterum
1800 5722 1919 5790 quis
1961 5724 2098 5780 male
2125 5728 2435 5784 tractaverit
2465 5729 2529 5785 Β.

2569 5377 2591 5410 ³
2620 5380 2926 5451 synodalica
2972 5379 3030 5437 2.
3136 5382 3158 5414 ⁸
3186 5383 3326 5439 deest
3350 5387 3403 5443 l.

2458 5448 2479 5480 ⁷
2532 5448 2879 5507 determinari
2929 5451 2997 5506 Β.
3096 5452 3119 5485 ⁸
3162 5453 3300 5508 deest
3350 5458 3403 5513 l.

2075 5513 2117 5543 “
2138 5514 2275 5569 deest
2308 5515 2371 5569 Β.
2452 5516 2496 5549 ¹³
2524 5521 2775 5576 omnibus
2811 5522 2874 5577 Β.
2978 5521 3021 5554 ¹⁶
3052 5523 3333 5579 triburiam
3371 5541 3407 5581 a

3014 5595 3055 5625 ¹⁷
3102 5593 3408 5651 hludowieo

2632 5733 2674 5763 "
2709 5734 2979 5805 poeniteat
3001 5745 3297 5807 nongentos
3320 5751 3412 5790 so-

2534 5661 2577 5691 ⁸³
2607 5678 2750 5718 anno
2798 5663 2937 5731 apud
2976 5663 3278 5719 Theodotus
3307 5666 3409 5719 vil-
3503 5686 3512 5693 ·
