3868 6214
710 220 718 234 1

461 263 702 316 (Ξὸῧ-’

1353 259 1704 314 B.'C:\li0l.l
1747 254 1955 309 MAthI
1996 249 2144 306 (ΠΨ.
2189 249 2365 304 PARS
2402 250 2438 304 Ι.
2486 248 2728 304 SECTIO
2767 246 2805 301 Ι.

3673 236 3766 295 684
3833 185 3835 224 i

461 347 841 432 uibus—finibus
865 389 926 429 ac
951 374 1109 429 terris
1132 374 1199 429 ad
1220 376 1440 430 easdem
1466 375 1714 428 civitates
1769 368 2043 440 pertinen-
2076 365 2119 422 Α
2148 378 2242 431 per
2270 361 2546 431 quodlibet
2571 368 2945 430 argumentum
2994 357 3106 410 sive
3133 353 3618 409 machinationem
3644 365 3766 418 qua-

461 470 625 522 libus.
649 469 849 524 Eodem
882 467 1042 522 modo
1079 466 1414 520 territorium
1455 458 1810 521 Sabinensetn
1857 461 1870 492 ⁸
1915 459 2054 512 sicut

461 578 490 615 τι
528 562 771 630 genitore
823 566 1011 615 nostro
1058 557 1259 619 Karolo
1307 559 1637 628 imperatore
1680 556 1841 610 beato
1897 553 2081 624 l’etro‘

459 650 702 720 aguntolo
732 664 832 719 per
852 649 1170 706 donacionis
1193 648 1454 718 scriptum
1491 660 1813 702 concessum
1839 652 1922 699 est
1955 643 2070 698 sub.

464 741 789 807 integritate,
819 739 1272 814 quemadmodum
1305 737 1373 791 ah
1410 727 1611 792 ltherio
1649 743 1704 790 et
1749 732 2056 804 Magcnario

461 829 763 893 abbatibus,
789 829 970 884 missis
992 828 1156 903 illius,
1181 826 1325 882 inter
1349 827 1491 882 idem
1523 827 1856 881 territorium
1901 820 2057 877 Sabi—

459 941 627 978 nenSe.
653 933 816 998 atque
833 909 1122 977 Reatinum
1146 921 1434 976 diflinitum
1459 905 1574 975 est.
1607 919 1737 973 Item
1787 918 1841 971 in
1891 916 2057 985 parti-

459 1017 562 1070 bus
609 1016 805 1070 'l'nscie
858 1015 1343 1083 Longobardorum
1396 1011 1689 1068 Castellum
1737 1007 2053 1070 Felicitatis,

464 1105 803 1173 Urbivctnm,
829 1102 1088 1158 Balneum
1116 1104 1280 1174 regis,
1320 1105 1558 1165 Ferenti,
1585 1101 1838 1156 Castrum
1881 1099 2056 1152 lliter-

458 1197 604 1249 vium
629 1198 672 1259 ²,
700 1194 918 1260 Ortlias,
976 1194 1212 1251 Marcam
1236 1197 1277 1262 ⁸,
1303 1196 1630 1260 Tuscanam,
1676 1195 1933 1255 Suanam,
1960 1191 2058 1247 Po-

457 1287 756 1354 pulonium,
783 1285 1049 1352 Rosellas,
1072 1297 1133 1341 et
1157 1286 1382 1352 insulas,
1408 1286 1706 1361 Corsicam,
1729 1283 2054 1346 Sardiniam,

456 1385 514 1429 et
536 1375 780 1430 Siciliam
818 1378 920 1432 sub
942 1378 1256 1448 integritate
1299 1393 1422 1432 cum
1479 1377 1733 1432 omnibus
1761 1373 2059 1429 adiacenti-

456 1470 578 1536 bus,
617 1485 683 1521 ac
700 1469 1007 1539 territoriis,
1036 1470 1344 1533 maritimis,
1401 1468 1668 1533 litoribus,
1699 1465 1964 1536 portubus
1991 1463 2057 1518 ad

453 1559 854 1631 suprascriptas
883 1559 1134 1615 civitates
1157 1568 1215 1614 et
1244 1558 1449 1613 insulas
1477 1556 1893 1627 pertinentibus.
1924 1554 2056 1608 Item

457 1651 512 1703 in
533 1652 780 1719 partibus
803 1651 1097 1721 Campanie
1123 1651 1334 1713 Soram,
1380 1651 1568 1714 Arces,
1615 1648 1909 1717 Aquinum,
1957 1644 2058 1698 Ar-

2157 471 2388 524 cumque
2423 445 2579 524 parte
2605 455 2879 508 tuinuatur
2916 459 3092 504 vestra
3118 456 3377 518 potestas,
3406 455 3498 500 aut
3521 445 3766 499 volsisite

2157 545 2539 616 suprascriptis
2555 545 2828 607 omnibus,
2861 541 2943 598 vel
2969 541 3378 596 successoribus
3419 537 3634 593 vestris
3654 537 3765 589 inde

2157 637 2360 707 aliquid
2386 635 2760 700 subtrahatur,
2803 635 2868 690 de
2897 631 3281 703 suprascriptis
3339 626 3606 684 videlicet
3651 641 3765 695 pro-

2158 731 2368 795 vinciis,
2401 730 2645 796 urbibus,
2673 729 3006 790 civitatibus,
3059 726 3290 796 oppidis,
3343 724 3573 787 castris,
3631 723 3765 773 vim-

2159 824 2222 878 lis
2253 826 2311 886 ⁸⁷,
2342 824 2653 888 territoriis,
2683 831 2844 893 atque
2879 819 3240 892 patrimoniis,
3280 832 3490 873 necnon
3537 823 3602 871 et
3652 828 3766 882 peo-

2157 914 2418 979 sionibus,
2438 923 2600 983 atque
2627 913 2916 979 censibus;
2950 913 3023 968 ita
3052 920 3112 966 ut
3133 925 3308 980 neque
3335 925 3434 964 nos
3453 925 3518 963 ea
3547 907 3764 962 subtra-

2158 1006 2366 1069 hamus,
2401 1019 2575 1074 neque
2601 1005 2929 1074 quibuslibet
2957 1003 3276 1059 subtrahere
3298 1001 3617 1056 volentibus
3644 1013 3765 1051 con-

2157 1101 2479 1164 senciamus,
2511 1100 2605 1155 sed
2624 1099 2814 1170 pocius
2840 1099 3020 1154 omnia
3063 1109 3168 1168 que
3192 1088 3445 1167 superius
3479 1095 3762 1165 leguntur,

2158 1189 2212 1244 id
2239 1197 2323 1244 est
2346 1191 2670 1259 provincias,
2697 1187 2969 1252 civitates.
3004 1189 3205 1252 turbes,
3261 1187 3475 1257 oppida,
3510 1182 3760 1244 castella,

2161 1282 2454 1346 territoria,
2495 1282 2843 1350 patrimonia,
2872 1289 3035 1349 atque
3062 1279 3284 1341 insulas,
3311 1293 3529 1339 census,
3552 1284 3616 1328 et
3642 1289 3761 1343 pen-

2159 1371 2340 1427 siones
2366 1371 2592 1427 ecclesie
2621 1372 2766 1427 beati
2791 1372 2932 1426 Petri
2972 1371 3222 1440 apostoli,
3244 1378 3299 1424 et
3324 1367 3683 1438 pontificibus
3713 1367 3759 1418 in

2158 1462 2527 1517 sacratissima
2553 1463 2700 1518 illius
2724 1463 2851 1532 sedc
2877 1463 2928 1516 in
2957 1470 3270 1532 perpetuum
3302 1458 3677 1514 residentibus
3711 1457 3758 1508 in

2159 1565 2418 1626 quantum
2447 1550 2734 1626 possumus
2759 1568 2858 1611 nos
2883 1554 3188 1610 (lell‘endere
3231 1552 3639 1624 promictimus.
3687 1550 3759 1600 Ad

2162 1652 2286 1714 hoc,
2312 1657 2371 1704 ut
2409 1651 2588 1704 omnia
2615 1663 2678 1703 ea
2723 1649 2776 1704 in
2831 1648 2973 1703 illius
3005 1648 3207 1703 ditione
3259 1647 3323 1700 ad
3375 1646 3665 1704 utendum,
3713 1651 3761 1693 et

455 1714 665 1812 pinum,
692 1714 993 1808 Thoanum,
1019 1750 1075 1798 et
1101 1742 1360 1812 Capuam,
1390 1749 1444 1796 et
1469 1714 1796 1810 patrimonia
1845 1738 1914 1793 ad
1956 1751 2055 1806 ρο-
2090 1714 2133 1772 Β
2165 1739 2470 1800 fruendum,
2502 1748 2664 1808 atque
2705 1738 3098 1808 disponrndum
3144 1737 3372 1793 ﬁrmiter
3410 1735 3593 1791 valeat
3632 1734 3760 1789 obti-

455 1844 708 1890 testatem
734 1844 969 1892 vestram
989 1844 1046 1890 et
1080 1836 1350 1892 dicionem
1394 1834 1794 1904 pertinentibus
1820 1833 1863 1896 ⁸,
1915 1828 2055 1886 sicut

453 1935 540 1981 est
561 1928 945 1996 patrimonium
969 1927 1425 1992 Beneventanum,
1453 1933 1508 1979 et
1538 1924 1958 1985 Salernitanum,
1999 1930 2054 1977 et

453 2017 841 2087 patrimonium
864 2018 1114 2073 Calabrie
1140 2017 1412 2073 inferioris
1456 2027 1509 2072 et
1542 2015 1860 2086 superioris,
1891 2023 1945 2068 ct
1969 2029 2058 2083 pa-

453 2103 769 2162 trimonium
793 2108 1225 2178 Neapolitanum,
1250 2119 1304 2162 et
1335 2108 1666 2176 ubicumque
1709 2106 1762 2160 in
1814 2104 2060 2174 partibus

454 2202 611 2268 regni
643 2208 808 2269 atque
836 2199 1047 2269 imperii
1077 2216 1106 2254 a
1145 2200 1254 2255 Deo
1282 2196 1436 2255 nobis
1469 2197 1746 2253 commissi
1798 2196 2059 2267 patrimo-

451 2290 544 2343 nia
572 2299 749 2345 vestra
777 2305 899 2346 esse
926 2300 1248 2348 noscuntur.
1291 2292 1400 2346 Has
1421 2307 1612 2347 omnes
1659 2291 2060 2360 suprascriptas

455 2383 785 2450 provincias,
848 2383 1014 2439 urbes
1079 2391 1136 2439 et
1179 2385 1448 2450 civitates,
1476 2383 1672 2456 oppida
1751 2392 1915 2452 atque
1965 2397 2056 2437 ea-

453 2473 616 2528 stella
643 2475 686 2538 ⁵,
715 2475 923 2530 viculos
969 2491 1036 2531 ac
1065 2477 1362 2543 territoria,
1392 2477 1661 2545 simulque
1687 2476 1708 2506 °
1734 2475 2058 2545 patrimonia

452 2563 562 2619 iam
586 2564 730 2620 dicte
743 2548 978 2621 ecclesie
1007 2574 1119 2631 tne,
1155 2568 1316 2623 beate
1339 2566 1500 2623 Petre
1523 2567 1784 2636 apostole,
1811 2575 1865 2621 et
1889 2581 1986 2635 per
2009 2575 2060 2621 te

452 2658 658 2712 vicario
684 2665 778 2713 tuo
828 2659 1122 2733 spirituali__
1143 2661 1286 2730 patri
1338 2668 1530 2716 nostro
1586 2661 1767 2714 donno
1825 2657 2055 2722 Pascali,

451 2763 673 2808 summo
704 2749 951 2818 pontiﬁci
979 2760 1034 2805 et
1057 2750 1351 2807 universali
1389 2765 1544 2820 pape,
1591 2751 1818 2819 eiusque
1841 2765 2061 2806 succes-

453 2840 672 2895 soribus
697 2855 871 2909 usque
905 2840 961 2895 in
983 2840 1144 2896 ﬁnem
1173 2841 1342 2897 seculi
1383 2842 1576 2897 eodem
1607 2843 1626 2873 τ
1659 2842 1821 2897 modo
1866 2841 2062 2898 confir-

385 2978 388 2981 .
457 2947 689 3000 manus,
706 2944 768 2990 ut
788 2936 843 2991 in
868 2952 971 2993 suo
1008 2937 1287 2992 detineant
1330 2939 1468 3002 iure,
1517 2937 1827 3008 principatu
1897 2947 2060 3008 atque

456 3027 693 3082 dicione.

2161 1831 2296 1886 neri.
2324 1830 2645 1899 Nullamque
2673 1831 2726 1884 in
2749 1831 2830 1885 eis
2857 1831 3014 1884 nobis
3040 1839 3272 1899 partem,
3306 1838 3399 1883 aut
3431 1836 3760 1898 potestatem

2159 1920 2499 1991 disponendi,
2526 1921 2608 1976 vel
2635 1920 2930 1985 iudicandi,
2960 1921 3400 1985 subtrahendive,
3443 1931 3536 1975 aut
3591 1922 3760 1974 mino-

2162 2014 2315 2067 randi
2346 2013 2713 2078 vendieamus,
2739 2013 2843 2068 nisi
2870 2023 3138 2083 quatenus
3173 2015 3241 2069 ab
3270 2012 3379 2076 illo,
3410 2014 3500 2083 qui
3527 2029 3601 2068 eo
3629 2022 3759 2066 tem-

2161 2119 2292 2174 pore
2320 2103 2480 2158 huius
2508 2115 2695 2159 sancte
2716 2105 2944 2160 ecclesie
2988 2105 3231 2175 regimen
3276 2103 3528 2165 tenuerit,
3588 2103 3756 2173 rogati

2161 2195 2442 2250 fuerimus.
2476 2195 2542 2250 Et
2575 2197 2619 2264 si
2645 2197 2872 2265 quilibet
2897 2197 3059 2250 homo
3083 2196 3151 2250 de
3200 2194 3523 2265 supradictis
3566 2195 3758 2249 civita-

2163 2287 2306 2343 tibus
2330 2290 2396 2342 ad
2424 2298 2660 2343 vestram
2683 2289 2965 2344 ecclesiam
3001 2289 3402 2360 pertinentibus
3449 2289 3515 2342 ad
3543 2303 3653 2342 nos
3677 2303 3758 2342 ve-

2162 2379 2322 2446 nerit,
2349 2381 2670 2440 subtrahere
2694 2380 2753 2436 se
2775 2379 2960 2436 volens
2981 2379 3050 2434 de
3095 2390 3276 2435 vestra
3305 2380 3518 2436 dicione
3554 2389 3615 2433 ct
3667 2395 3757 2448 po-

2163 2479 2379 2536 testate,
2412 2470 2495 2526 vel
2536 2472 2772 2542 aliquam
2796 2472 3092 2541 quamlibet
3121 2471 3359 2542 iniquam
3397 2471 3760 2527 machinaria-

2163 2576 2287 2616 nem
2319 2569 2573 2617 metuens
2601 2571 2697 2616 aut
2721 2561 2932 2632 culpam
2961 2562 3307 2617 commissam
3331 2561 3559 2630 fugiens,
3617 2560 3757 2614 nullo

2165 2653 2324 2708 modo
2351 2667 2475 2708 eum
2505 2654 2546 2685 ‘°
2573 2653 2912 2724 recipiemus,
2947 2652 3049 2708 nisi
3076 2652 3141 2708 ad
3167 2655 3363 2709 iustam
3410 2667 3509 2724 pro
3549 2667 3624 2707 eo
3684 2654 3756 2706 fa-

2163 2743 2410 2799 ciendam
2439 2744 2902 2809 intercessionem,
2929 2745 3001 2799 ita
3023 2742 3305 2800 dumtaxat
3327 2746 3373 2801 si
3396 2746 3569 2816 culpa,
3603 2762 3757 2816 quam

2165 2835 2459 2899 commisit,
2504 2836 2730 2891 venialis
2753 2834 2915 2891 fuerit
2943 2837 3180 2902 inventa,
3206 2838 3289 2892 sin
3329 2838 3486 2892 aliter
3529 2854 3757 2908 conpre-

2167 2925 2396 2980 hensum
2426 2935 2607 2982 vestre
2632 2929 2885 2997 potestati
2912 2945 3035 2983 eum
3085 2928 3452 2986 remictamus.
3508 2931 3756 3000 Exceptis

2169 3014 2274 3081 his,
2303 3015 2394 3085 qui
2431 3015 2773 3082 violenciam,
2803 3017 2888 3073 vel
2935 3019 3338 3088 oppressionem
3388 3022 3754 3090 potenciorum

528 3118 706 3175 Simili
733 3122 893 3208 modo
912 3137 1013 3192 per
1035 3123 1138 3178 hoc
1164 3130 1349 3178 nostre
1390 3093 1832 3179 confirmacionis
1879 3119 2087 3179 decre-‘

2168 3108 2314 3178 passi
2342 3109 2461 3164 ideo
2484 3106 2550 3164 ad
2584 3123 2682 3164 nos
2702 3108 2965 3172 venerint,
3005 3117 3064 3164 ut
3087 3125 3122 3181 p
3141 3127 3186 3164 ;r
3229 3119 3470 3166 nostram
3503 3113 3753 3167 intercus»

454 3223 571 3269 tum
609 3215 901 3272 ‘tirmamus
948 3217 1298 3281 donaciones,
1354 3231 1490 3286 quas
1534 3217 1625 3285 pie
1667 3214 2065 3271 recordationis

407 3349 412 3353 .
455 3305 667 3361 donnus
692 3308 919 3378 Pipinus
948 3325 1042 3363 rex
1075 3323 1210 3363 avus
1237 3316 1442 3374 noster,
1469 3317 1523 3363 et
1546 3318 1736 3378 postea
1767 3309 1981 3364 donnus
2009 3317 2064 3363 et

455 3399 676 3472 genitor
721 3406 910 3453 noster
967 3397 1201 3453 liarolus
1261 3398 1559 3467 imperator
1605 3400 1767 3454 beato
1821 3399 2064 3468 apostolo

457 3495 620 3550 Petro
644 3503 939 3563 spontanca
990 3491 1270 3546 voluntate
1307 3491 1679 3546 contulerunt.
1721 3490 1833 3548 Nec
1873 3508 1979 3548 non
2011 3503 2065 3548 et

456 3603 701 3653 censum,
733 3595 788 3640 et
815 3585 1155 3657 pensionem,
1195 3600 1292 3640 seu
1323 3595 1536 3641 ceteras
1582 3585 1842 3641 daeiones
1881 3583 1924 3653 ⁸,
1961 3603 2066 3657 que

458 3677 736 3732 annuatim
762 3647 1108 3745 inpalaitium
1152 3677 1298 3747 regis
1346 3675 1827 3748 Langobardorum
1876 3679 2063 3734 inferri

448 3768 729 3830 solebant,
780 3766 897 3820 sive
930 3764 998 3821 de
1029 3764 1230 3822 Tuscia
1279 3763 1786 3838 Longobardorum,
1840 3768 1954 3824 sive
1998 3765 2066 3825 de

459 3858 658 3912 ducatu
681 3855 964 3926 Spoletina
992 3854 1034 3923 ’,
1082 3855 1225 3912 sicut
1259 3857 1314 3911 in
1344 3858 1730 3928 suprascriptis
1759 3859 2068 3915 donacioni-

461 3950 562 4002 bus
583 3948 931 4001 continentur
954 3945 1018 4008 ⁸⁸,
1043 3953 1098 3999 et
1121 3946 1264 4001 inter
1281 3957 1468 4002 sancte
1491 3950 1754 4004 mem‘orie
1771 3949 2066 4007 Adi-ianum

460 4053 675 4108 papam,
703 4044 759 4089 et
777 4036 1071 4104 dompnum
1097 4050 1162 4090 ac
1200 4037 1500 4107 genitorem
1534 4039 2065 4096 nostrum'liarolum

462 4123 852 4201 imperatorem
867 4130 1141 4195 convenit,
1174 4130 1429 4200 quoniam
1466 4131 1505 4160 "
1539 4130 1680 4186 idem
1718 4132 1956 4201 pontifex
1985 4135 2064 4190 ei-

459 4226 586 4280 dem
614 4225 682 4278 de
707 4222 1088 4294 suprascriptis
1115 4222 1421 4286 ducatibus,
1453 4221 1506 4277 id
1543 4231 1627 4277 est
1653 4223 1694 4254 η
1735 4221 1984 4281 Tuscauo
2013 4236 2069 4281 et

464 4314 744 4384 Spoletina
773 4313 838 4378 ³³,
863 4328 961 4368 sue
984 4313 1028 4343 “
1054 4312 1394 4368 auctoritatis
1417 4323 1732 4383 preceptum
1785 4315 2068 4370 confirma-

457 4408 562 4470 vit,
589 4419 660 4461 eo
684 4405 890 4458 scilicet
919 4402 965 4436 ¹⁸
991 4405 1170 4466 modo,
1204 4411 1264 4456 ut
1305 4404 1462 4459 annis
1508 4404 1735 4476 singulis
1787 4405 2061 4475 predictus

463 4511 662 4552 census
681 4495 912 4549 ecclesie
936 4495 1080 4549 beati
1116 4491 1266 4549 Petri
1294 4494 1520 4564 apostoli
1553 4496 1892 4565 persolvatur
1913 4498 2059 4555 salva

464 4603 628 4657 super
654 4585 874 4641 eosdem
911 4586 1140 4641 ducatus
1183 4594 1371 4641 nostra
1424 4584 1480 4640 in
1529 4586 1784 4642 omnibus
1831 4585 2064 4655 dicione,

465 4689 524 4732 et
553 4677 768 4732 illorum
795 4677 864 4731 ad
895 4684 1138 4731 nostram
1165 4685 1378 4746 partem
1407 4677 1773 4733 subieecione.
1813 4678 2066 4735 Ceterum

467 4770 610 4825 sicut
631 4768 869 4822 diximus
889 4766 1072 4822 omnia
1101 4769 1353 4837 superius
1397 4769 1677 4823 nominata
1736 4769 1809 4824 ita
1862 4771 1931 4826 ad
1977 4787 2067 4827 ve-

469 4870 640 4916 stram
677 4861 722 4890 ¹⁶
749 4867 960 4930 partem
983 4874 1084 4929 per
1111 4861 1216 4916 hoc
1251 4869 1439 4914 nostre
1482 4861 1924 4918 confirmacionis
1971 4863 2069 4918 de-

469 4963 681 5010 cretum
711 4955 1052 5017 roboramus,
1079 4961 1143 5007 ut
1168 4953 1226 5008 in
1265 4961 1448 5008 vestro
1495 4963 1910 5026 vestrorumque
1953 4971 2068 5012 suc-

469 5062 746 5101 cessorum
782 5054 1099 5116 permaneat
1122 5047 1258 5112 iure,
1287 5046 1617 5116 principatu,
1642 5056 1806 5118 atque
1836 5049 2068 5116 dicione,

472 5148 532 5192 ut
558 5155 657 5193 nec
685 5155 715 5191 a
741 5139 916 5204 nobis,
945 5153 1045 5192 nec
1066 5154 1098 5191 a
1139 5137 1266 5192 filiis
1290 5137 1375 5191 vel
1399 5140 1808 5195 successoribus
1845 5139 2066 5207 nostris,

2168 3199 2376 3254 sionem
2407 3199 2679 3254 iusticiam
2703 3200 2949 3270 accipere
2977 3208 3307 3264 mereantur,
3333 3216 3571 3271 quorum
3598 3203 3755 3256 altera

2166 3291 2413 3346 condicio
2436 3299 2539 3354 est,
2567 3299 2622 3344 et
2652 3307 2682 3345 a
2707 3291 3078 3360 superioribus
3132 3299 3217 3346 est
3269 3291 3424 3346 valde
3475 3292 3752 3349 disinnrta.

2167 3385 2233 3439 Et
2260 3385 2477 3456 quando
2499 3386 2678 3448 divina
2714 3386 3005 3441 vocacione
3027 3379 3188 3440 huius
3214 3386 3588 3440 sacratissime
3623 3385 3756 3439 sedis

2167 3474 2407 3545 pontifex
2436 3475 2503 3530 de
2531 3476 2634 3530 hoc
2657 3475 2859 3529 mundo
2885 3475 3223 3545 migraverit,
3265 3474 3445 3529 nullus
3487 3489 3558 3530 ex
3601 3490 3755 3545 regno

2168 3577 2356 3625 nostro
2385 3576 2476 3623 aut
2505 3568 2767 3630 Francus,
2803 3575 2896 3621 aut
2937 3565 3345 3638 Langobardus,
3383 3575 3477 3622 aut
3522 3567 3591 3623 de
3633 3584 3754 3638 qua-

2173 3662 2304 3715 libet
2335 3668 2493 3730 gente
2521 3660 2684 3717 homo
2707 3660 2808 3715 sub
2859 3669 3042 3715 nOStra
3088 3667 3360 3729 potestate
3415 3661 3752 3718 constitutus.

2167 3755 2438 3810 licentiam
2486 3754 2682 3810 habeat
2729 3761 2918 3809 contra
2975 3751 3249 3809 Romanos
3286 3752 3328 3802 ί)
3376 3762 3470 3808 aut
3529 3755 3752 3824 publice,

2169 3854 2262 3900 aut
2281 3846 2490 3916 private
2517 3840 2765 3899 veniendi
2793 3843 2876 3899 vel
2903 3843 2948 3874 ¹⁰
2978 3841 3296 3898 electionem
3340 3841 3596 3906 faciendi,
3647 3846 3753 3899 nul-

2169 3940 2360 4009 lusque
2385 3938 2438 3992 in
2473 3937 2802 4007 civitatibus,
2830 3935 2916 3990 vel
2938 3935 3230 3991 territoriis
3250 3933 3295 3966 “
3343 3936 3577 3993 ecclesie
3609 3937 3752 3995 beati

2169 4026 2317 4086 Petri
2349 4029 2574 4099 apostoli
2601 4034 2924 4098 potestatem
2956 4027 3356 4096 pertinentibus
3387 4027 3610 4099 aliquod
3653 4045 3754 4084 ma-

2164 4117 2280 4183 lum
2313 4133 2536 4194 propter
2577 4121 2850 4177 hominem
2893 4121 2940 4152 "
2989 4121 3166 4177 facere
3203 4130 3505 4192 presumat.
3556 4120 3663 4178 Sed
3701 4122 3753 4177 li-

2170 4225 2290 4273 ceat
2312 4215 2571 4271 Romanis
2598 4230 2722 4270 cum
2749 4214 2896 4268 omni
2943 4215 3321 4280 veneraeione,
3365 4223 3422 4270 et
3469 4215 3591 4272 sine
3635 4232 3755 4286 qna-

2170 4309 2302 4364 libct
2330 4306 2374 4338 “
2399 4305 2815 4377 perturbacioue
2839 4303 3189 4360 honorificam
3219 4321 3319 4361 suo
3347 4303 3594 4376 pontifici
3618 4306 3754 4361 exhi-

2170 4406 2298 4460 bere
2319 4401 2668 4471 sepulturam.
2700 4398 2917 4454 Et'eum
2941 4414 3101 4469 quem
3127 4399 3305 4454 divina
3334 4399 3696 4470 inspiracione
3713 4400 3753 4428 ’⁸

2165 4505 2219 4550 et
2242 4493 2388 4550 beati
2425 4491 2571 4546 Petri
2603 4490 2992 4546 intercessione
3011 4501 3202 4545 omnes
3224 4488 3456 4545 Romani
3483 4505 3596 4546 uno
3639 4505 3752 4546 con-

2169 4585 2291 4642 silio
2333 4593 2495 4654 atque
2541 4582 2833 4638 concordia
2878 4582 2997 4637 sine
3047 4580 3226 4652 aliqua
3273 4581 3643 4652 promissione
3696 4582 3754 4637 ad

2166 4668 2517 4751 pontificatus
2545 4673 2795 4730 ordinem
2820 4673 3085 4744 elegerint
3126 4673 3174 4705 "
3203 4673 3321 4729 sine
3347 4673 3595 4744 qualibet
3653 4691 3752 4736 am-

2173 4769 2435 4841 biguitate
2475 4765 2562 4820 vel
2608 4763 3035 4837 contradictione
3074 4778 3227 4819 more
3266 4763 3532 4821 canonico
3572 4778 3755 4821 conse-

2171 4878 2327 4933 crary
2352 4861 2420 4926 “,
2445 4869 2502 4914 et
2526 4857 2654 4914 dum
2685 4865 3035 4912 consecratus
3054 4854 3238 4933 fuerit,
3266 4855 3432 4927 legati
3457 4857 3528 4912 ad
3561 4872 3662 4912 nos
3685 4854 3754 4909 vei

2173 4957 2240 5010 ad
2263 4932 2608 5009 successores
2634 4958 2850 5017 nostros
2879 4962 3032 5017 reges
3063 4932 3397 5002 Francorum
3439 4947 3753 5018 dirigantur,

2172 5046 2262 5116 qui
2301 5045 2442 5098 inter
2477 5057 2576 5096 nos
2605 5051 2661 5096 et
2695 5041 2842 5094 illum
2879 5037 3196 5102 amicitiam,
3243 5046 3299 5092 et
3360 5038 3672 5102 caritatem,
3711 5047 3756 5091 et

2171 5151 2361 5208 pacem
2389 5134 2617 5198 socient,
2666 5132 2806 5186 sicut
2853 5129 3185 5198 temporibus
3231 5129 3320 5199 pie
3368 5130 3755 5186 recor‘daciouis

1693 5323 2087 5381 VARIANTES
2127 5319 2517 5381 LECTIONES
2582 5301 2588 5307 ’

548 5476 564 5505 ¹
615 5475 994 5530 Sabinenseﬂ.
1094 5477 1115 5506 ¹
1158 5475 1384 5531 Viterbii
1419 5475 1494 5528 Μ.
1601 5476 1621 5505 ³
1653 5475 1880 5546 Martam
1909 5475 1935 5530 1
2026 5478 2072 5546 ᾖ
2102 5471 2607 5546 pertinencia_M
2657 5472 2678 5546 ξ
2707 5479 2882 5546 castra
3040 5541 3067 5546 _
3098 5471 3119 5504 ⁸
3144 5487 3191 5546 _s.
3219 5484 3275 5530 et
3293 5473 3463 5546 pall.
3538 5476 3560 5508 '
3592 5489 3665 5532 eo
3693 5473 3752 5529 li.

474 5546 496 5572 '
528 5547 853 5600 donacioncs
887 5545 962 5598 Μ.
1055 5546 1078 5577 ⁹
1123 5546 1404 5615 spolctano
1449 5546 1526 5598 Μ.

479 5617 525 5645 ⁸⁸
562 5619 752 5670 (sulem
787 5616 950 5669 simili
981 5616 1055 5669 Μ.

476 5687 639 5747 ull.
717 5688 896 5741 “hoc
950 5687 1001 5739 Μ

1135 5618 1175 5646 ¹¹⁵
1206 5625 1442 5672 nostram
1476 5615 1548 5668 Μ.
1632 5617 1671 5646 ⁸⁷
1703 5617 1844 5670 villis
1875 5616 1950 5669 Μ.

1103 5688 1147 5716 ’³
1179 5687 1357 5758 aliqua
1388 5687 1463 5740 Μ.

1607 5546 1649 5576 ¹⁰
1680 5545 1994 5600 continetur
2017 5544 2094 5599 Μ.

2030 5618 2072 5648 ¹⁸
2107 5632 2154 5672 e.
2185 5615 2344 5670 aliter
2371 5630 2418 5679 r.
2456 5612 2532 5666 Μ.

1543 5688 1585 5716 ³³
1627 5688 1928 5757 spiracioue
1960 5687 2033 5741 M.
2115 5689 2161 5719 "
2190 5686 2437 5758 eligerint
2461 5701 2507 5739 s.
2539 5683 2715 5752 aliqua
2748 5682 2822 5735 Μ.
2899 5683 2943 5713 ²⁶
2967 5698 3284 5740 consecrare
3317 5687 3394 5741 Μ.

2570 5542 2609 5572 ¹¹
2643 5542 2696 5596 d.
2731 5542 2784 5594 in
2812 5541 2886 5594 Μ.

2612 5611 2654 5643 ¹⁹
2683 5628 2732 5667 c.
2764 5612 2828 5664 li.
2855 5613 3041 5665 desunt
3067 5611 3143 5666 M.

2967 5541 3008 5586 “.
3035 5541 3327 5602 Snoletano
3350 5545 3428 5600 Μ.
3508 5547 3554 5578 ¹⁵
3572 5548 3692 5602 siue
3715 5548 3754 5598 l.

3221 5615 3267 5647 ³⁸
3287 5625 3385 5670 aut
3411 5616 3489 5672 ΙΙ.
3567 5620 3611 5650 ⁸⁸
3641 5629 3683 5672 t.
3706 5617 3756 5668 ad

2174 5549 2213 5577 "
2246 5561 2369 5599 cum
2411 5542 2489 5597 Η.
