3828 6220
196 288 281 340 MSS
810 287 1036 343 CODEX
1060 264 1678 343 .~DI1'L0}l.\TI(lIES.—
1709 290 2174 350 CAPITULARIA
2214 294 2665 351 SPERI.\.—A.\'.
2706 295 2829 351 826.

3366 297 3470 353 686

193 397 336 452 donni
381 396 564 452 Karoli
623 397 788 452 attavi
833 399 1026 461 nostri,
1086 413 1180 453 seu
1234 399 1397 454 donni
1460 399 1635 472 Pipini
1690 402 1773 455 avi
1806 412 1848 465 Α
1880 408 2154 476 ptionibus
2176 419 2394 481 pactum
2450 410 2596 467 istud
2629 421 2814 467 nostre
2844 412 3284 470 conﬁrmacionis
3312 415 3473 471 mbo-

194 493 364 556 nostri,
388 492 470 547 vel
498 494 669 548 eciam
702 494 881 549 ΚητοΙί
911 496 1268 566 imperatoris
1303 499 1566 566 genitoris
1607 501 1780 557 nostri
1880 502 2116 557 cavimus
2181 512 2234 558 et
2279 518 2376 574 per
2426 503 2661 575 legatum
2717 513 2904 560 sancte
2954 504 3197 561 Romane
3242 505 3511 563 eeclesic‘

192 582 501 642 cnnsuctudo
524 592 640 638 erat
657 584 909 640 faciendi.

256 675 358 730 lloc
383 683 561 730 autem
593 684 649 729 ut
672 678 740 731 ab
765 679 1017 735 omnibus
1040 678 1287 734 ﬁdelibus
1312 688 1533 736 sanctae
1562 680 1654 735 Dei
1684 697 1776 736 ec-

195 763 339 819 clesie
355 772 406 818 et
438 765 607 819 nostri
639 764 853 843 ﬁrmum
882 783 1005 823 esse
1026 770 1299 833 credatur,
1331 772 1649 841 ﬁrmiusque
1677 788 1776 843 per

198 859 384 922 futuras
406 859 788 929 generaeiones
813 868 868 914 et
898 860 1080 915 secula
1140 868 1366 916 ventura
1411 863 1773 928 custodiatur,

195 952 388 1021 proprie
414 966 603 1006 manus
635 951 932 1022 signaculo,
963 961 1018 1007 et
1061 953 1453 1009 venerabilium
1492 955 1774 1025 episcopo—

196 1061 320 1108 rum,
348 1053 502 1114 atquc
531 1045 812 1110 abbatum,
842 1044 926 1099 vel
962 1046 1141 1101 eciam
1176 1046 1504 1115 optimatum
1556 1056 1775 1102 nostro-

193 1150 302 1189 rum
342 1136 437 1191 sub
481 1135 851 1201 iureiurando,
906 1136 1385 1206 promissionibus,
1438 1144 1493 1191 et
1542 1136 1781 1191 subscri-

1401 1243 1796 1300 VARIA‘NTES
1831 1236 2236 1299 LECTIONES.

260 1347 487 1405 ‘Pascali
514 1347 592 1402 .ll.
669 1349 856 1406 burrus
876 1358 930 1406 ct
963 1349 1261 1405 hostiarius
1297 1362 1436 1403 unus
1461 1346 1538 1401 Μ.

1878 584 2219 651 Theudorum
2243 596 2741 652 nomenculatorem
2788 598 3009 653 domino
3051 598 3298 654 Paschali
3332 600 3445 679 ipa

1876 705 1975 757 pne
2011 690 2327 746 direximus.

1946 786 2058 858 Ego
2091 785 2394 842 Ludovicus
2440 785 2810 842 misericordia
2848 786 2941 841 Dei
2992 788 3290 857 imperator
3347 787 3475 841 sub-

1876 879 2092 950 scripsi.
2121 878 2188 934 Et
2213 878 2653 947 subscripserunt
2676 886 2788 934 tres
2815 877 2909 932 ﬁlii
2959 877 3099 940 eius,
3136 885 3192 932 et
3236 877 3472 947 episcopi

1882 969 1967 1033 to,
1995 976 2049 1024 et
2074 970 2296 1025 abbates
2320 969 2373 1032 8,
2415 976 2470 1023 et
2511 968 2741 1024 comites
2793 966 2880 1033 l5,
2925 977 2981 1023 et
3032 965 3473 1024 bibliothecarius

1882 1077 2044 1127 unus,
2068 1069 2123 1116 et
2146 1058 2546 1115 mansionarius
2574 1073 2713 1114 unus
2735 1059 2780 1111 '.

214 1485 2780 1516 ______________________._.______——————————-

808 1578 1135 1641 EUGENII
1180 1577 1233 1639 ΙΙ
1280 1569 1719 1639 CONCILIUM
1766 1564 2173 1628 ROMANUM
2220 1564 2369 1645 (An.
2407 1563 2550 1638 8'26,
2587 1564 2801 1644 Nov.).

252 1769 487 1839 Canones
544 1763 665 1835 ejus
690 1762 782 1828 56,
811 1765 1029 1839 37,19,
1053 1764 1127 1839 58
1152 1773 1206 1822 et
1232 1766 1333 1839 55,
1368 1766 1529 1839 inter
1553 1760 1802 1839 Lotbarii
1836 1760 2180 1839 imperatoris
2219 1758 2365 1839 leges
2412 1764 2659 1839 receptos
2715 1771 2835 1839 esse
2879 1756 3013 1839 jam_
3051 1758 3477 1839 athletavimuss;

194 1859 305 1897 cum
334 1838 493 1911 igitur
515 1829 695 1911 teitus
716 1836 954 1911 concilii,
979 1837 1136 1911 cujus
1162 1837 1383 1911 nonnisi
1408 1837 1841 1911 parshucusque
1868 1829 1926 1887 in
1950 1829 2364 1911 collectionibus
2413 1830 2686 1911 exstabat,
2733 1829 2944 1911 integer
3001 1829 3056 1884 in
3103 1829 3477 1911 Codicebibl'.

195 1900 384 1969 (loculis
407 1907 846 1979 Guelferbytana:
868 1900 1484 1979 Blankenburgicosése
1506 1900 1815 1979 obtulisset,
1848 1918 1972 1979 eum
1997 1903 2414 1979 esscribendum
2454 1908 2511 1955 ct
2557 1900 2661 1979 b_oe
2712 1900 3057 1969 potissimum
3113 1902 3233 1959 loco
3282 1906 3482 1979 sisten-

193 1986 308 2037 dum
333 1980 596 2053 duximus.
626 1972 970 2053 Capitolina
1000 1972 1257 2053 inscripta
1288 1977 1487 2053 :_I_Iaec
1508 1974 1957 2053 [v'qutztladomni
1985 1973 2256 2029 Illotltarii
2285 1972 2621 2044 imperatoris
2642 1981 2763 2025 sunt
2792 1987 2933 2053 cun.
2969 1988 3105 2043 quae
3136 1992 3243 2030 non
3291 1977 3480 2049 legitur

193 2058 241 2109 in
268 2069 397 2115 nere,
436 2050 466 2104 ﬁ
492 2051 527 2103 Ι.
557 2046 773 2105 Codicis
800 2049 1057 2115 “5-115,
1086 2046 1269 2105 lex—tus
1299 2048 1393 2105 fol.
1430 2046 1644 2105 tau-1'2.
1676 2046 1892 2117 legitur.

260 2168 304 2247 ξ.
337 2165 402 2222 t’t
424 2165 708 2247 episcopus
752 2165 899 2247 bono
923 2165 1254 2247 approbatus
1276 2180 1440 2247 opere
1464 2164 1767 2247 ordinetur.
1808 2161 1852 2222 Β
1917 2162 2042 2247 ηιδ.
2070 2162 2127 2247 Si
2156 2162 2467 2247 sacerdotes
2489 2158 2859 2247 testimonium
2898 2161 3102 2247 dicant.
3133 2163 3233 2221 llic
3274 2172 3480 2247 ιιι-ειςιρί.

192 2241 242 2294 lu
266 2240 362 2293 hoc
399 2236 641 2308 capitulo
670 2243 856 2308 monet
884 2247 962 2308 Aut
1000 2234 1309 2308 apostolica
1355 2236 1408 2292 in
1453 2234 1771 2308 ordinandis

190 2316 417 2432 Sci-.vt‘tltt‘t‘
440 2307 757 2389 auctoritas,
810 2306 1004 2363 deinde
1048 2307 1328 2379 subiungit
1376 2306 1548 2363 verba
1587 2314 1772 2377 pasto-

191 2398 243 2432 ra
268 2398 307 2432 l5
358 2397 372 2432 ι
396 2395 478 2432 ὶΙῚ.
1147 2421 1155 2428 .

191 2382 307 2439 ralis
341 2378 478 2433 libri.
1147 2421 1155 2428 .

252 2453 303 2507 2.
333 2450 395 2506 Ut
416 2449 594 2505 nullus
620 2449 907 2519 episcopus
943 2448 1190 2519 aliusque
1221 2450 1478 2505 sacerdos
1532 2447 1773 2504 muneri—

187 2523 281 2578 bus
329 2521 624 2577 ordinetur.
691 2521 745 2574 ln
802 2521 905 2576 hoc
954 2521 1191 2590 capitulo
1242 2530 1462 2585 monet,
1510 2528 1571 2575 ut
1609 2519 1775 2574 simo-

188 2596 328 2649 niaca
359 2593 565 2648 heresis
591 2601 870 2663 caveatur,
904 2591 1181 2663 quintam
1227 2592 1365 2648 dans
1410 2608 1575 2663 quam
1631 2590 1774 2646 acci-

186 2667 328 2735 piens
351 2664 568 2735 proprio
595 2663 800 2735 privari
827 2662 988 2719 debet
1014 2662 1211 2720 ofﬁcio.

253 2734 563 2809 5._Qualiter
592 2734 903 2809 episcopum
934 2736 1129 2790 docere
1164 2734 1566 2809 etconsistere
1618 2746 1774 2803 opor-

188 2814 277 2861 tet.
300 2806 353 2861 ln
381 2806 483 2861 hoc
512 2805 749 2875 capitulo
772 2806 1038 2871 hortatur,
1064 2815 1124 2861 ut
1157 2805 1339 2862 verbis
1355 2815 1410 2862 et
1434 2805 1592 2875 factis
1614 2818 1773 2875 prae-

188 2878 274 2933 lati
301 2880 399 2932 iter
419 2878 556 2932 bene
579 2872 795 2933 vivendi
821 2877 1052 2933 subditis
1071 2872 1464 2934 demonstrent.

251 2949 300 3003 4.
334 2949 406 3008 De
429 2947 661 3004 indoctis
693 2948 1086 3005 sacerdotibus.
1126 2948 1224 3005 Hic
1249 2947 1308 3004 ﬁt
1339 2947 1659 3011 admonitio,
1714 2953 1775 3001 ut

187 3019 634 3091 indoctiminisu-i
662 3020 732 3083 ab
766 3017 943 3075 ofﬁcio
971 3022 1390 3091 suspendantur,
1429 3026 1553 3091 quo‘
1599 3033 1773 3089 usque

187 3091 307 3160 ipsis
330 3090 537 3147 edoctis
564 3090 784 3148 licentia
808 3090 1153 3147 ministrandi
1201 3092 1380 3148 detur.
1436 3090 1535 3147 Sin
1586 3100 1771 3145 autem

186 3163 353 3235 doceri
383 3179 490 3218 non
516 3162 810 3235 potuerint,
843 3162 899 3218 in
924 3163 1164 3234 episcopi
1210 3162 1441 3235 arbitrio
1491 3162 1599 3219 erit
1645 3176 1775 3232 qua-

185 3232 300 3289 liter
326 3232 592 3289 tractandi
617 3234 748 3289 sint.
801 3289 817 3305 κ

248 3314 297 3368 5.
329 3314 481 3387 Utjn
505 3314 782 3385 elegendis
812 3315 1079 3387 episcopis
1112 3330 1381 3371 canonum
1429 3313 1615 3387 regula
1661 3326 1779 3368 scr-

186 3395 346 3458 vetur.
388 3380 672 3458 Canopum
704 3380 1049 3458 vero-regula
1091 3396 1194 3452 est,
1251 3393 1311 3458 ut
1341 3380 1634 3456 episcopus
1670 3399 1778 3439 non

186 3456 449 3522 habeatur,
478 3456 571 3526 qui
601 3472 633 3511 a
670 3456 818 3513 clero
846 3465 902 3514 et
924 3456 1079 3527 plebe
1098 3474 1205 3514 non
1228 3457 1466 3528 eligitur.

249 3536 296 3591 6.
328 3537 395 3593 Ut
431 3525 674 3610 episcopi
710 3545 864 3610 extra
902 3525 1177 3610 propriam
1234 3525 1611 3610 parroechiam
1658 3551 1763 3610 non
1794 3525 1842 3587 C

185 3616 466 3664 morentur.
503 3608 601 3665 Hic
629 3608 759 3664 facit
787 3607 1115 3665 mentionem
1146 3607 1488 3666 Sardicensis
1531 3607 1767 3672 concilii,

185 3679 233 3733 in
255 3695 354 3749 quo
385 3680 736 3751 praecipitur,
764 3688 825 3735 ut
856 3680 1002 3736 ultra
1025 3681 1186 3736 trium
1209 3681 1633 3738 ebdomadarum
1654 3694 1770 3749 spa-

186 3751 572 3822 tiemcpiscopi
592 3760 748 3808 extra
773 3766 931 3807 suum
960 3752 1331 3822 episcopatum
1356 3767 1463 3808 non
1489 3756 1768 3815 maneant,

186 3822 278 3877 nisi
310 3820 447 3878 forte
472 3820 692 3879 licentia
722 3820 1144 3893 metropolitani.

249 3903 297 3958 7.
334 3904 435 3960 Ubi
471 3903 657 3961 clerici
701 3904 1003 3960 consistere
1046 3905 1294 3960 debeant.
1346 3905 1405 3960 ln
1459 3904 1565 3971 hoc
1622 3904 1771 3974 capi-

187 3976 287 4059 tulo
317 3976 633 4059 precipitur,
671 3983 731 4059 ut
763 3976 912 4059 iuxta
943 3975 1247 4059 ecclesiam.
1281 3976 1518 4059 claustra
1569 3976 1772 4059 constio

186 4054 370 4111 tnatur,
393 4046 486 4102 ubi
510 4048 584 4103 sit
611 4046 958 4102 refectorium
978 4054 1033 4102 et
1057 4048 1432 4104 dormitorium
1447 4057 1501 4101 et
1525 4047 1768 4118 reliquae

185 4119 414 4174 otlicinae
457 4119 783 4180 clericorum
819 4119 1008 4174 usibus
1034 4127 1214 4187 aptae.

248 4198 297 4252 8.
326 4198 401 4253 De
424 4198 799 4254 sacerdotibus
852 4197 908 4252 in
960 4197 1217 4253 subiectis
1272 4196 1520 4267 plebibus
1573 4198 1782 4265 consti-A

187 4269 405 4324 tuendis.
430 4269 488 4323 lu
514 4270 617 4325 hoc
642 4268 881 4338 capitulo
914 4277 1159 4339 optatur,
1214 4277 1273 4324 ut
1312 4268 1616 4339 presbyteri
1666 4270 1774 4339 ple-

187 4339 319 4392 bium
355 4355 478 4395 cum
502 4355 773 4396 consensu
798 4339 1036 4395 ﬁdelium
1076 4339 1414 4396 reverentius
1463 4340 1768 4395 ordinetur.

246 4411 296 4465 9.
340 4411 409 4467 Ut
438 4412 626 4467 clerici
666 4427 772 4466 non
822 4411 1105 4481 plusquam
1145 4411 1378 4466 sufﬁciat
1420 4410 1766 4467 ordinentur.

188 4478 351 4537 Monet
385 4484 553 4548 enim,
583 4492 645 4537 ut
674 4483 728 4536 in
774 4478 1165 4553 congregandis
1204 4482 1420 4538 clericis
1462 4483 1656 4538 modus
1695 4491 1772 4539 te-

186 4562 378 4619 neatur,
407 4554 659 4610 videlicet
682 4566 751 4607 ne
789 4554 910 4622 plus
943 4552 1301 4608 admittantur
1333 4568 1496 4623 quam
1538 4552 1771 4610 facultas

186 4636 351 4679 rerum
377 4626 458 4681 eis
493 4624 755 4681 canonice
786 4624 1060 4680 adtributa
1084 4624 1329 4681 sufﬁcere
1355 4625 1549 4696 possit.

194 4762 206 4775 κ
249 4702 329 4757 10.
359 4706 436 4761 De
458 4703 958 4775 sacerdotibusqui
985 4704 1040 4759 in
1083 4704 1327 4763 ccclesiis
1353 4685 1438 4761 vel
1484 4706 1537 4761 in
1581 4685 1771 4761 mona-

186 4774 350 4831 Steriis
373 4793 481 4833 non
505 4777 779 4834 habitant.
812 4774 909 4831 llic
934 4778 1219 4848 praecipit,
1274 4783 1334 4830 ut
1349 4777 1664 4902 ‘presbyteri
1711 4777 1767 4832 in

186 4847 506 4902 secularibus
535 4848 784 4902 domibus
818 4856 933 4902 non
958 4849 1227 4902 habitent.
1286 4861 1346 4902 se
1430 4848 1485 4902 in
1535 4848 1764 4902 ecclesia

186 4847 506 4904 secularibus
535 4848 784 4903 domibus
818 4856 933 4903 non
958 4847 1227 4911 habitent,
1286 4847 1384 4903 sed
1430 4848 1485 4903 in
1531 4847 1764 4904 ecclesia

186 4924 267 4970 aut
280 4944 295 4962 κ
312 4900 371 4974 iii
383 4900 761 4977 ignauam.
803 4900 923 4974 ubi
953 4900 1275 4975 casarum
1290 4900 1307 4903 ⁷
1323 4900 1595 4974 senta“
1608 4900 1765 4976 iam:
1798 4900 1847 4960 Ι)

1792 5034 1797 5040 .
1872 4990 2037 5076 dique
2063 4990 2244 5077 in'tali
2272 4991 2430 5077 culpa
2455 5003 2667 5072 pauper
2711 4990 2981 5077 inventus,
3017 5006 3062 5077 'a
3102 4995 3335 5077 proprio
3387 5013 3478 5052 ca-

188 4989 325 5045 tatio.

208 5138 219 5149 .
250 5070 351 5149 ll._
376 5069 444 5127 Ut
474 5071 730 5149 sacerdos
760 5088 868 5127 non
893 5072 1082 5149 aliquo
1108 5072 1235 5128 ludo
1261 5070 1578 5149 delectetur,
1627 5089 1764 5149 qua-

189 5142 315 5215 tinus
337 5142 530 5215 beatus
564 5143 803 5215 existere
835 5142 1007 5213 possit
1034 5145 1122 5200 die
1145 5161 1211 5201 ac
1234 5150 1394 5198 nocte
1421 5144 1476 5198 in
1505 5143 1621 5215 lege
1645 5142 1768 5201 “Do-

188 5210 302 5266 mini
330 5213 662 5268 meditando.
769 5219 775 5225 ’

221 5290 431 5371 ⁸12ηι1ι
454 5292 770 5349 sacerdotes
795 5293 1033 5371 faenoris
1060 5294 1265 5364 aliquid
1292 5303 1387 5349 aut
1408 5295 1610 5371 rustica
1665 5298 1769 5352 mi-

191 5362 391 5419 nisteria
414 5379 521 5418 non
546 5373 855 5420 exerceant.
881 5366 981 5422 llic
1006 5362 1190 5421 monet
1225 5381 1256 5420 a
1284 5366 1573 5422 venatione
1596 5376 1651 5423 et
1678 5384 1770 5424 ru-

190 5433 321 5509 sticis
366 5435 627 5505 operibus
671 5438 981 5509 sacerdotes
1030 5436 1321 5499 abstinere,
1371 5445 1661 5509 monetque
1709 5450 1769 5496 ut

191 5502 376 5577 absque
401 5502 625 5562 'ornatu
681 5507 1005 5563 sacerdotali
1057 5509 1122 5564 de
1177 5508 1427 5563 domibus
1487 5502 1601 5564 suis
1659 5527 1767 5568 non

190 5585 383 5632 exeant.

1877 2233 2045 2303 pitur,
2075 2242 2133 2289 ut
2160 2235 2470 2296 sacerdotes
2499 2247 2605 2285 non
2636 2240 2902 2303 cogantur
2928 2234 3046 2288 ﬁeri
3075 2233 3391 2298 testcsfsed
3435 2244 3479 2297 si

1876 2306 2226 2383 oportunitas
2252 2304 2513 2383 exigerit,
2535 2319 2564 2356 a
2589 2303 2811 2372 proprio
2856 2304 3114 2375 episeopo
3142 2307 3481 2383 interrogen-

1875 2383 1985 2439 tur,
2014 2390 2082 2431 ne
2116 2378 2319 2431 veritas
2345 2375 2665 2431 occultetur.

1949 2447 2037 2501 t4.
2068 2447 2170 2503 Ubi
2233 2446 2570 2503 sacerdotem
2622 2446 2747 2514 po’st
2802 2445 3309 2505 condemnationem
3361 2468 3483 2517 esse

1876 2526 2112 2591 oportet.
2153 2518 2250 2591 llic
2296 2517 2631 2591 praecipitur
2675 2524 2737 2569 ut
2790 2518 3045 2591 sacerdos
3099 2519 3379 2591 depositus
3428 2526 3481 2581 in

1877 2587 1971 2662 tali
2001 2590 2118 2662 loco
2145 2590 2213 2644 ab
2242 2587 2496 2659 episcopo
2525 2587 2841 2654 collocetur,
2870 2588 2925 2643 in
2962 2605 3091 2660 quo.
3111 2587 3333 2662 péceata
3385 2612 3482 2653 sua

1876 2659 2120 2716 deflendo
2146 2661 2343 2717 iterum
2366 2676 2474 2715 non
2505 2666 2713 2729 peccet.

1953 2731 2039 2788 15.
2076 2732 2153 2805 De
2177 2731 2445 2805 suspectis
2469 2730 2861 2805 sacerdotibus.
2897 2729 3224 2805 Hicritaque
3277 2747 3482 2805 monet,

1878 2812 1939 2859 ut
1973 2804 2227 2859 sacerdos
2262 2800 2346 2859 bis
2377 2802 2492 2858 sive
2535 2802 2701 2857 tertio
2748 2800 2816 2856 de
2862 2801 3105 2873 qualibet
3136 2800 3355 2863 'femina
3403 2800 3483 2865 fa;

1878 2890 2024 2931 mam
2050 2876 2256 2931 habens
2283 2876 2351 2947 ab
2372 2873 2627 2947 episcopo
2653 2882 2955 2947 correctus,
3002 2874 3048 2930 si
3078 2874 3225 2947 Ιοᾳυὶ
3267 2895 3391 2936 cum
3417 2897 3481 2938 ea

1879 2947 2264 3017 comprobatus
2298 2945 2480 3010 fuerit,
2508 2945 2768 3017 canonice
2802 2944 3093 3017 iudicetur.

2072 3017 2143 3095 Ut
2197 3017 2468 3095 episcopis
2514 3017 2581 3072 de
2625 3015 2891 3095 subiectis
2950 3017 3214 3095 plebibus
3251 3021 3483 3095 aliisque

1878 3089 1986 3166 piis
2009 3088 2142 3144 locis
2168 3087 2277 3147 non
2301 3089 2463 3166 liceat
2488 3087 2844 3166 resaufcrre.
2872 3088 2935 3166 ln_
2973 3089 3336 3166 boeeapitulo
3363 3087 3484 3166 pre.-

1861 3158 2103 3235 .l-ipitur,
2132 3170 2326 3235 ut_nec
2369 3160 2437 3215 de
2463 3158 2736 3235 plebibus_
2761 3174 2863 3215 nec
2903 3160 2971 3216 de
3022 3158 3302 3235 aliis—piis
3349 3158 3482 3226 iocis

1882 3229 2066 3303 aliquo
2086 3232 2252 3303 modo
2279 3247 2366 3287 res
2389 3229 2609 3303 proprie
2631 3229 2978 3303 auferantur.

1955 3301 2043 3357 Π.
2081 3302 2154 3375 De
2180 3301 2516 3375 presbyteris
2552 3301 2647 3375 qui
2694 3306 2793 3371 pro
2820 3302 2982 3375 unius
3028 3302 3304 3363 oblatione
3352 3310 3484 3367 alte-

1885 3374 2000 3430 rius
2026 3372 2218 3453 nolunt
2243 3372 2539 3453 suscipere.
2571 3372 2671 3453 llic
2716 3374 3051 3453 praecipitur
3094 3383 3155 3430 ut
3199 3381 3485 3453 presbyter

1885 3461 1987 3517 pro
2012 3441 2241 3502 alicuius
2270 3441 2443 3517 gratia
2469 3444 2695 3500 alterius
2720 3441 3057 3500 Voblationem
3093 3441 3215 3503 non'
3240 3441 3483 3520 Speritat.
3534 3510 3537 3513 .

1947 3526 2035 3582 18.
2068 3524 2184 3593 Qua
2211 3524 2539 3580 auctoritate
2573 3523 2917 3580 dimissoriae
2940 3525 3076 3579 ﬁant
3122 3537 3218 3582 aut
3259 3533 3481 3589 credan-

1880 3603 1988 3651 tur.
2016 3596 2113 3681 H_ic
2138 3595 2500 3681 praecipitur,
2540 3604 2601 3649 ut
2630 3594 2873 3681 ‘nonnisi
2919 3594 3226 3681 postulatus
3275 3603 3484 3681 episco-

1876 3681 1979 3737 pus
2022 3665 2221 3724 clerico
2268 3667 2543 3723 licentiam
2577 3666 2647 3723 ad
2698 3665 2935 3722 alteram
2976 3666 3264 3726 ecclesiam
3307 3665 3482 3734 iram-

1879 3739 2039 3796 eundi
2066 3742 2347 3795 concedat.

1951 3820 2021 3876 l9
2066 3819 2135 3876 Ut
2155 3820 2393 3891 episcopi
2417 3816 2772 3891 universique
2790 3819 3101 3876 sacerdotes
3124 3819 3359 3880 habeant
3385 3828 3480 3884 ad-

1878 3900 2118 3970 vocatos,
2151 3889 2255 3961 pro,
2287 3889 2589 3947 reverentia
2616 3889 2870 3946 videlicet
2891 3892 3230 3958 sacerdotali,
3255 3908 3483 3970 excepto

1876 3963 2095 4032 publico
2123 3971 2300 4018 reatu.

1950 4044 2041 4098 20.
2076 4044 2152 4099 De
2177 4044 2263 4100 his
2293 4042 2386 4114 qui
2416 4043 2738 4115 advocatum
2767 4041 3017 4115 invenire
3060 4056 3358 4115 nequeunt.
3407 4050 3486 4109 De

1878 4116 1966 4171 his
1990 4116 2238 4189 precipit,
2267 4113 2326 4170 ut
2353 4129 2537 4189 coram
2554 4113 2714 4183 plebe
2732 4113 3074 4189 al)_episcopo
3096 4113 3481 4189 discutiantur,

1875 4196 1932 4242 et
1952 4184 2006 4243 si
2036 4184 2176 4243 male
2205 4186 2349 4241 fame
2375 4185 2598 4248 fuerint,
2624 4184 2887 4241 canonice
2917 4184 3241 4243 iudicentur.
3400 4238 3410 4253 ,

1947 4269 2036 4323 21.
2072 4269 2148 4341 De
2172 4266 2502 4341 monasterio
2523 4260 2609 4321 vel
2645 4264 2887 4341 oratorio
2912 4267 3055 4341 quod
3081 4284 3119 4341 pa
3134 4272 3355 4341 proprio
3387 4274 3485 4335 do-

1878 4341 2027 4397 mino
2048 4339 2147 4395 soli
2170 4338 2511 4418 aediﬁcatum
2533 4344 2639 4393 est.
2667 4336 2726 4418 In
2756 4335 2859 4418 hpc
2894 4335 3480 4418 capitulo'préeipitur,

1874 4421 1933 4467 ut
1958 4427 2058 4468 nec
2085 4411 2383 4482 oratorium
2409 4407 2495 4463 vel
2518 4406 2908 4482 monasterium
2951 4406 2981 4464 ὁ
3014 4406 3237 4482 proprio
3261 4406 3483 4473 démino

1875 4483 2217 4552 aediﬁcatum
2248 4481 2513 4552 violenter
2552 4476 2853 4552 auferatur,
2908 4476 3217 4539 scd'lic'eat
3274 4487 3324 4542 ei
3384 4503 3483 4552 per

1874 4546 2214 4611 consensum.
2261 4549 2500 4622 episcopi
2554 4551 2731 4607 bonae
2776 4546 2953 4607 famae
3006 4553 3209 4611 habere
3254 4546 3481 4632 presby-

1874 4635 2071 4682 terum.
3483 4637 3491 4645 υ

1941 4710 2035 4764 22.
2061 4709 2138 4763 De
2161 4706 2440 4763 invasione
2467 4703 2622 4777 quasi
2648 4719 2760 4777 pro
2786 4712 2942 4775 parte
2970 4707 3200 4764 ecclesie
3221 4708 3384 4767 facta.
3420 4712 3478 4770 Si

1873 4781 2140 4852 quispiam
2171 4780 2390 4852 invasor
2418 4777 2823 4852 comprobatus,
2842 4777 3002 4852 .dieat
3038 4793 3138 4848 pro
3191 4790 3348 4850 parte
3393 4800 3480 4841 ee-

1872 4846 2071 4909 e'lcsiae
2095 4867 2154 4907 se
2181 4850 2379 4922 egisse,
2409 4848 2476 4922 de
2498 4847 2708 4922 privata
2756 4846 2858 4922 sibi
2904 4863 2964 4922 re
3026 4846 3350 4919 pertinente,
3407 4857 3478 4911 ab

1872 4925 1990 4995 ipso
2012 4917 2241 4995 suoque:
2268 4920 2469 4995 herede
2501 4917 2745 4995 Solvatur
2788 4917 3042 4985 invasioj
3094 4917 3348 4979 sacerdos
3384 4926 3479 4982 de—

1873 5062 2359 5143 nonieeiudicetur
2384 5062 2660 5143 episcopo,
2686 5066 2877 5116 utnon
2918 5062 3149 5118 ecclesia
3182 5062 3284 5121 sibi
3328 5083 3477 5124 com-

1874 5138 2042 5193 missa
2068 5136 2323 5190 damnum
2348 5136 2635 5189 sustineat.

1946 5217 2038 5273 25.
2062 5216 2137 5271 De
2172 5213 2515 5271 senedoclnis
2539 5220 2596 5267 et
2620 5212 2637 5242 ¹
2674 5212 3072 5281 ptocbiotroﬁis
3105 5218 3435 5276 nosocomiis
3454 5221 3476 5253 θ

1875 5296 1930 5344 et
1985 5285 2354 5345 orfanotroﬁis
2401 5292 2457 5339 et
2504 5284 2947 5355 gerontocomiis,
2972 5285 3303 5343 brefotroﬁis
3350 5290 3371 5321 ³
3420 5301 3474 5346 et

1875 5358 2224 5415 monasteriis
2247 5365 2359 5413 tam
2383 5355 2773 5416 monachorum
2799 5370 2961 5425 quam
2980 5359 3471 5417 sanctimonialium

1876 5430 2154 5487 deﬁnitum
2192 5440 2293 5492 est,
2318 5435 2378 5483 ut
2396 5428 2534 5500 haec
2554 5427 2737 5484 omnia
2759 5426 2849 5497 pia
2876 5427 2995 5500 loca
3020 5443 3118 5500 per
3152 5430 3476 5488 sollicitum-

1876 5517 2001 5558 nem
2029 5500 2265 5572 episcopi
2292 5498 2525 5555 intentio
2550 5499 2983 5555 construentium
3014 5498 3387 5558 conservetur.

1949 5581 2040 5637 24.
2067 5581 2144 5637 De
2173 5581 2279 5652 piis
2327 5580 2464 5637 locis
2508 5579 2602 5651 qui
2654 5579 2774 5635 sine
2817 5580 3156 5652 presbyteris
3207 5582 3470 5637 existunt.

1410 5694 1800 5756 VARIANTES
1837 5695 2240 5758 LECTIONES.

194 5801 319 5862 ‘el.
397 5807 418 5838 ²
448 5808 783 5877 onoscomiis
811 5807 857 5861 l.
938 5808 958 5839 ³
982 5806 1284 5865 brefotoﬁis
1313 5807 1363 5863 1.
