3828 6220
425 242 520 298 0'87
615 261 619 268 ‘

1359 240 1417 296 Β.
1459 238 1707 296 (ἈΒΟΙΔ
1741 233 1958 292 'MAGKI

2116 239 2148 287 υ.
2190 234 2366 289 rans
2404 235 2442 288 r.
2484 220 2726 292 SECTIO
2769 237 2809 291 ι.
3598 243 3713 298 tia

424 352 710 408 llefinitum
729 362 814 408 est
841 355 857 384 ⁸
884 360 944 408 ιιι
976 352 1021 406 si
1069 353 1136 407 ad
1178 317 1266 408 ius
1309 327 1573 407 ecclesiae
1614 349 1902 419 pertinent,
1949 347 2017 400 ab
2053 352 2096 408 Α
2125 346 2303 402 null.:s
2354 346 2712 417 propinquam
2763 363 2862 402 nec
2903 363 3065 417 quam
3119 347 3460 416 propinquus
3517 323 3682 408 balant

421 423 672 505 episcopo
703 423 1057 505 ordinentur;
1095 422 1294 505 εἰ.νοςο
1325 423 1392 505 ad
1443 421 1716 505 seculares
1765 420 2010 505 lioniiiies

422 487 737 564 respiciunt,
762 493 833 548 ab
857 487 1110 562 episcopo
1153 493 1253 563 ipsi
1303 493 1716 564 admoneamur,
1767 498 1827 544 ut
1870 487 2008 543 infra

421 562 586 618 trium
617 563 1032 619 ebdomadarum
1060 562 1293 632 spatium
1320 562 1661 618 ordinentur:

608 656 685 711 De
701 656 991 713 destructis
1015 657 1279 712 ecclesiis.
1309 657 1414 712 llic
1427 648 1781 710 Constitutum
1807 662 1909 717 est,
1949 642 2007 707 nt

380 755 382 757 >
419 726 648 782 ecclesia
673 728 946 782 destructa
981 727 1047 782 de
1093 728 1311 796 propria
1364 727 1619 781 facultate
1650 732 2002 789 restauretur,

417 805 512 850 aut
537 797 584 852 si
603 797 784 852 minor
807 806 891 852 est
911 795 1160 862 facultas,
1182 795 1362 868 populi
1387 797 1590 851 auxilio
1614 804 1914 865 reparatur.

487 886 578 943 26.
609 887 665 942 Si
683 887 969 958 episcopus
994 903 1024 942 a
1054 887 1313 944 subiectis
1363 885 1750 958 sacerdotibus
1793 892 1848 939 et
1898 885 2009 940 cle-

419 957 549 1014 ricis
575 955 824 1030 datio—nes
846 955 1048 1030 exigat.
1079 958 1155 1012 De
1181 959 1285 1014 hoc
1313 957 1556 1030 capitulo
1592 955 1870 1030 definitum
1900 965 2004 1020 est,

419 1037 484 1100 ut
503 1029 680 1100 nullus
706 1025 1080 1099 episcoporum
1117 1044 1147 1082 a
1181 1025 1513 1100 presbyteris
1541 1026 1626 1082 vel
1652 1025 1865 1081 clericis
1891 1041 2008 1079 am-

416 1098 559 1167 plius
578 1097 758 1170 exigat
783 1097 948 1168 quam
973 1097 1234 1154 statutum
1259 1097 1361 1154 est.

484 1189 576 1244 27.
605 1189 805 1258 Quales
829 1191 1052 1247 abbates
1078 1191 1186 1246 sint
1206 1191 1660 1246 constituendum.
1692 1190 1750 1245 In
1778 1191 1880 1245 hoc
1918 1205 2008 1244 ca-

387 1277 394 1282 '
416 1261 926 1386 pitulqpliiecipitur,
952 1269 1013 1316 ut
1042 1261 1219 1317 edocti
1261 1262 1371 1318 sint
1399 1270 1454 1317 et
1489 1261 1797 1332 presbiterii
1845 1262 1866 1292 ⁸
1912 1261 2008 1315 ho-

418 1345 551 1386 nore
599 1348 630 1386 ιι
679 1349 715 1386 ι.

418 1345 551 1387 nore
575 1341 715 1386 fulti.

487 1402 580 1475 28.
610 1403 776 1475 Docet
796 1402 1029 1475 qualiter
1052 1403 1302 1475 monachi
1328 1402 1410 1456 vel
1432 1402 1654 1457 abbates
1678 1402 2005 1475 conversari

417 1473 667 1545 debeant.
697 1473 1033 1545 Quamquam
1062 1473 1216 1545 plura
1256 1487 1454 1545 genere
1475 1473 1870 1545 monachorum
1914 1474 2006 1545 ob-

416 1544 701 1610 servanda,
724 1554 778 1601 et
803 1541 910 1599 alia
936 1541 1248 1600 omnimodo
1264 1541 1382 1600 sint
1407 1541 1709 1609 refutanda,
1737 1551 1914 1598 tamen
1938 1543 2007 1598 de

416 1615 506 1672 bis
531 1614 623 1685 qui
650 1615 705 1670 in
727 1616 843 1672 solo
876 1615 1064 1671 habitu
1092 1615 1346 1679 existunt,
1381 1614 1624 1684 diligenti
1670 1630 1799 1669 cura
1849 1614 2008 1669 debet

415 1685 788 1758 unusquisque
813 1687 1184 1758 episcoporum
1217 1686 1272 1740 in
1308 1700 1405 1758 sua
1425 1685 1645 1758 diocesi
1706 1685 2004 1758 decertare,

415 1755 590 1828 utqui
616 1755 966 1829 religiosi‘tate
994 1755 1265 1812 conantur
1311 1755 1553 1829 illudere,
1593 1755 2008 1829 bonii-pastoris

415 1825 599 1884 studio
621 1825 1084 1904 quoartentnr,_ut
1111 1836 1203 1882 aut
1227 1827 1506 1897 proprium
1533 1827 1676 1895 quod
1710 1825 1882 1904 [fuerit
1926 1841 2011 1880 re-

416 1906 698 1953 vertantur
723 1900 1135 1964 monasterium,
1173 1908 1266 1953 aut
1307 1905 1650 1968 perspectum
1710 1900 2007 1968 congruum

418 1968 471 2039 in
496 1969 661 2039 alium
687 1969 992 2033 mittantur:
1023 1969 1091 2025 Ut
1119 1971 1211 2039 qui
1233 1967 1399 2024 semel
1440 1984 1498 2022 se
1525 1967 1634 2039 Deo
1671 1967 1934 2023 voverunt
1956 1978 2010 2021 et

419 2038 662 2094 habitum
687 2041 1076 2094 monachorum
1098 2037 1469 2104 ostenderunt,
1499 2037 1580 2091 vel
1609 2053 1792 2094 comas
1833 2047 2009 2093 tuten-

415 2108 633 2173 derunt,
664 2110 965 2180 regularem
996 2110 1017 2141 ³
1044 2117 1263 2165 teneant
1288 2109 1475 2170 vitam,
1500 2118 1561 2162 ut
1600 2109 1655 2162 in
1676 2126 1782 2164 uno
1803 2110 2010 2164 scilicet

415 2186 477 2233 ut
502 2179 754 2234 convenit
801 2180 1121 2235 dormitorio
1180 2181 1266 2235 Vel
1333 2179 1621 2234 refectnrio
1679 2181 2010 2236 dormientes

417 2257 582 2320 atque
627 2248 944 2314 existentes,
984 2257 1040 2305 et
1088 2251 1155 2307 ad
1190 2250 1598 2305 similitudinem
1641 2251 2008 2319 apostolorum

400 2319 623 2392 omnia,
652 2328 1010 2392 peragentes,
1044 2322 1170 2392 quia
1213 2321 1570 2392 nequisquam
1596 2321 1749 2392 quod
1778 2322 2009 2376 habebat

416 2388 619 2460 aliquid
644 2388 810 2445 suum
824 2405 946 2451 esse
965 2388 1196 2456 dicebat,
1227 2388 1321 2446 sed
1348 2388 1504 2445 erant
1529 2388 1638 2447 illis
1660 2393 1840 2446 omnia
1863 2409 2009 2448 com-

420 2461 625 2516 munia.
699 2486 706 2496 ε
755 2508 762 2514 ,

441 2565 444 2568 -
485 2531 929 2606 29._DeAfemiuis
953 2546 1092 2602 quae
1134 2532 1379 2606 habitum
1428 2533 1717 2606 religionis
1759 2549 2010 2606 suscepe-

416 2609 563 2673 runt.
594 2602 887 2658 Definitum
912 2601 1017 2668 est,
1041 2611 1102 2657 ut
1152 2601 1352 2658 femine
1399 2601 1551 2673 quae
1594 2604 1839 2658 habitum
1889 2601 2009 2659 reli-

415 2672 592 2742 gionis
621 2674 723 2729 sub
747 2674 974 2754 obtentu
1008 2673 1379 2754 religiositatis
1407 2672 1791 2754 Susceperunt,
1808 2674 1863 2728 in
1891 2675 2008 2745 ipso

414 2756 734 2826 permanere
767 2743 790 2775 ⁸
827 2743 1140 2826 cogantur:
1162 2752 1217 2798 et
1353 2743 1698 2826 monasteriis
1725 2746 1794 2801 ad
1827 2743 2008 2801 excin-

416 2813 564 2886 plum
591 2814 836 2886 virorum
865 2813 1047 2886 vivere
1066 2815 1476 2886 eompelfantur.

481 2883 574 2956 50,
605 2883 699 2940 De
751 2885 985 2956 negotiis
1031 2895 1086 2940 et
1118 2883 1550 2941 laborationibus
1595 2885 1682 2940 die
1708 2885 2004 2956 idomin’ca

413 2967 524 3010 non
549 2953 1146 3012 faciendisIDellnitum
1170 2964 1272 3018 est,
1301 2962 1362 3024 ut
1379 2957 1471 3024 qui
1491 2965 1680 3012 contra
1706 2955 1844 3012 hanc
1883 2973 2006 3012 san-

413 3025 650 3096 ctionem
671 3025 882 3090 fecerit,
909 3040 1008 3096 per
1035 3023 1418 3096 pocnitentiani
1443 3027 1662 3096 purgari
1678 3027 1893 3089 debeat.

482 3095 576 3167 51.
610 3098 687 3167 De
725 3095 1097 3153 crimin’alibus
1123 3097 1306 3152 causis
1331 3106 1385 3151 et
1413 3095 1573 3151 furtis
1598 3098 1902 3167 ceterisque
1937 3098 2004 3153 si-

413 3165 634 3240 milibus
649 3166 1310 3240 di_e_domi_nico_inventis.
1352 3167 1417 3221 ln-
1436 3167 1538 3240 hoc
1556 3167 1794 3236 capitula
1816 3165 2005 3223 deiini-

413 3235 533 3309 tur,
547 3245 608 3293 ut
625 3237 718 3309 qui
745 3238 802 3291 in
829 3236 955 3309 aliis
999 3237 1188 3293 diebus
1231 3235 1376 3309 haec,
1409 3235 1890 3309 scelera’pzitrasse
1925 3240 2005 3293 in-

413 3307 659 3376 venitur;
675 3307 891 3362 licentia
916 3307 988 3362 sit
1018 3323 1112 3363 eos
1137 3307 1382 3376 capiendi
1414 3323 1479 3363 ac
1507 3307 1799 3363 iudicandi.
1853 3310 2008 3364 Dein-

412 3376 588 3446 dequc
611 3378 960 3447 praecipitur,
989 3387 1050 3432 ut
1072 3379 1158 3434 die
1178 3376 1446 3434 dominica
1471 3393 1631 3432 nemo
1657 3380 1933 3447 puniatur.

485 3449 576 3504 32.
616 3447 692 3503 De
724 3449 810 3503 his
831 3448 922 3518 qui
945 3448 1064 3504 sine
1086 3461 1304 3504 ostenso
1329 3447 1558 3503 crimine
1586 3449 1741 3503 inviti
1797 3451 1850 3505 in
1899 3467 2007 3504 mo-

415 3519 670 3579 nasteriis
692 3518 1021 3591 detinentur.
1047 3519 1340 3591 Deﬁnitum
1367 3528 1470 3585 est,
1501 3527 1560 3591 ut
1585 3519 1742 3591 sicut
1783 3521 1872 3574 ille
1914 3524 2004 3591 qui

413 3597 607 3658 sponte
630 3589 1014 3661 monasterium
1035 3590 1353 3661 ingreditur,
1381 3605 1487 3643 non
1518 3589 1710 3661 habeat
1735 3589 2006 3647 licentiam

413 3661 667 3726 exeundi,
694 3660 769 3715 ita
807 3660 896 3715 ille
919 3661 1010 3731 qui
1034 3660 1237 3716 invitus
1260 3661 1404 3716 intro
1424 3660 1675 3724 mittitur,
1702 3662 1804 3717 nisi
1827 3664 2010 3718 volue-

414 3731 487 3785 rit
519 3745 628 3786 non
664 3731 992 3787 detineatur.

483 3802 574 3857 55.
610 3799 680 3856 Ut
703 3801 822 3856 laici
850 3801 919 3856 ad
943 3801 1138 3856 missas
1191 3799 1246 3855 in
1294 3801 1617 3858 nresbiterio
1667 3818 1772 3857 non
1832 3805 2010 3858 consi-

414 3881 581 3926 stant.
610 3870 712 3927 IIie
737 3872 1006 3936 hortatur,
1035 3880 1096 3926 ut
1120 3871 1262 3927 sicut
1299 3870 1414 3926 loca
1439 3873 1760 3929 clericorum
1803 3885 1860 3929 et
1913 3876 2010 3929 lai-

358 3947 370 3955 ’
415 3957 623 4005 eorum.
658 3943 732 3996 ita
760 3943 1000 3996 virorum
1031 3957 1096 3998 ac
1122 3941 1442 3997 feminarum
1473 3945 1583 3999 sint
1610 3944 1862 4000 discreta.

482 4012 572 4084 54.
609 4013 906 4084 Deiscolis
938 4013 1252 4084 reparandis
1304 4015 1402 4084 pro
1450 4015 1629 4069 studio
1683 4015 2005 4070 litterarum.

419 4082 514 4138 llic
539 4083 602 4155 iit
647 4082 966 4155 admonitio,
1018 4093 1079 4138 ut
1129 4083 1185 4138 in
1236 4082 1524 4154 episcopiis
1564 4095 1726 4154 atque
1763 4087 2011 4155 plebibus

419 4151 662 4224 magistri
688 4153 994 4224 liberalium
1039 4155 1238 4210 artium
1270 4151 1437 4224 super
1469 4151 1655 4212 scolas
1675 4151 2011 4212 coiislituan-

412 4221 531 4277 tur:
553 4221 800 4296 Quodsi
843 4225 1090 4296 magistri
1135 4221 1438 4280 liberalium
1478 4227 1678 4285 artium
1720 4227 2006 4293 defuerint,

413 4300 598 4348 tamen
629 4294 953 4350 divinarum
988 4295 1384 4365 scripturarum
1432 4297 1745 4353 omnimodo
1793 4299 2011 4369 perqui-

418 4373 624 4418 rantur.

484 4417 676 4490 sane
703 4434 966 4491 conviviis
994 4434 1145 4491 festis
1171 4435 1358 4492 diebus
1384 4417 1491 4494 non
1518 4437 1796 4494 faciendis.
1823 4440 1878 4494 In
1904 4440 2005 4496 hoc
2041 4430 2089 4490 D

420 4503 648 4583 gapitulo
671 4504 985 4583 saltationes
1006 4516 1060 4583 _et
1082 4507 1258 4575 turpia
1282 4508 1443 4583 verba
1463 4516 1528 4583 _e_t
1552 4509 1690 4583 ritus
1720 4511 2002 4583 gentilium

351 4616 358 4621 .
418 4575 828 4649 iutcrdicuntut‘.
859 4576 936 4632 De
967 4577 1051 4649 his
1099 4591 1228 4649 vero
1261 4578 1522 4649 admoniti
1575 4581 1666 4649 qui
1712 4575 2002 4637 émendare

364 4662 369 4666 ί
413 4643 703 4716 nobicrint,
735 4648 1116 4704 communione
1136 4647 1425 4716 privandos
1451 4643 1714 4705 decernit.

446 4756 456 4766 .
481 4712 571 4790 56.
605 4716 680 4771 De
708 4716 811 4790 bis
824 4716 916 4785 qui
940 4712 1235 4790 adhibitam
1257 4717 1364 4790 sibi
1394 4735 1614 4775 uxorem
1647 4721 1997 4790 reliquerunt,

413 4792 464 4842 3t
496 4785 656 4839 aliam
701 4786 997 4842 sociarum.
1055 4785 1154 4842 Hic
1203 4789 1271 4843 ad
1314 4790 1639 4844 memoriam’
1678 4785 2002 4848 revocantur

410 4855 679 4910 dominica
703 4857 990 4922 sententia,
1017 4867 1078 4911 ut
1110 4857 1242 4912 nulli
1273 4858 1432 4913 liceat
1462 4875 1684 4915 uxorem
1721 4878 1873 4916 suam
1920 4863 2000 4917 di-

410 4925 650 4998 mittere,
673 4936 898 4998 excepta
936 4942 1102 4998 causa
1148 4926 1540 4984 fornicationis.
1587 4931 1742 4998 Quod
1793 4932 1838 4986 si
1875 4934 1999 4988 reli-

410 4995 589 5064 querit
609 5005 663 5052 et
699 4995 860 5072 aliain
908 4997 1142 5072 duxerit,
1199 4998 1267 5053 ad
1301 4998 1533 5072 priorem
1558 4995 1762 5072 redire
1808 5013 1997 5072 postea

411 5074 679 5141 monetur.
707 5066 863 5134 Quod
888 5066 932 5122 si
986 5067 1229 5141 utrisque
1261 5066 1371 5141 pro
1415 5069 1678 5141 religione
1728 5066 1997 5141 separatio

409 5134 693 5208 placuerit,
736 5145 919 5208 monet
944 5146 1003 5191 ut
1046 5134 1164 5193 sine
1189 5134 1425 5208 episcopi
1454 5134 1680 5196 consilio
1737 5134 1842 5196 non
1880 5143 1991 5198 fiat.

480 5204 569 5258 57.
600 5205 670 5262 Ut
696 5222 805 5262 non
836 5206 994 5279 liceat
1017 5224 1124 5263 uno
1143 5204 1388 5279 tempore
1401 5210 1534 5264 duas
1558 5211 1758 5267 habere
1779 5229 1995 5278 uxores,

411 5287 702 5350 uxoreinve
727 5278 1188 5350 et_concubinam.
1219 5278 1294 5334 De
1312 5279 1404 5335 illo
1425 5295 1553 5336 vero
1574 5282 1810 5350 quicum
1835 5300 2002 5341 uxore

409 5347 767 5418 concubinam
791 5347 972 5418 liabet,
1001 5349 1279 5418 praecipit,
1308 5357 1368 5403 ut
1397 5351 1441 5404 si
1465 5347 1775 5407 admonitus
1796 5370 1920 5409 eam
1968 5371 2000 5410 a

410 5429 469 5468 se
486 5416 715 5488 abicere
740 5415 1400 5488 nolueritfcomniunionc
1426 5422 1685 5488 privetur.

481 5486 571 5542 58.
600 5486 675 5541 De
695 5487 924 5560 incestis
958 5486 1446 5546 coniunctionibus.
1475 5491 1580 5546 Hic
1603 5493 1916 5562 precipitur,
1942 5505 2001 5550 ut

2113 435 2337 477 uxorem
2365 419 2547 474 ducat.
3450 486 3452 488 ν

2181 491 2270 544 59.
2320 489 2396 544 De
2448 488 2756 545 forensibus
2805 490 3142 614 presbyteris
3199 489 3290 559 qui
3342 503 3441 558 per
3483 489 3689 545 \‘IIIOSElS

2181 565 2392 614 isconos
2435 562 2775 614 ordinantur.
2832 560 2908 614 lic
2957 559 3242 614 nraccinit.
3281 569 3340 614 ut
3376 560 3579 614 absque
3615 564 3685 614 nl-

2110 565 2392 632 episcopos
2417 562 2775 632 ordinantur.
2807 558 2908 615 llic
2955 558 3242 629 praecipit,
3281 569 3340 614 ut
3376 560 3579 632 absque
3615 564 3685 614 nl-

2110 629 2216 688 lius
2245 631 2461 685 licentia
2495 631 2673 684 nullus
2706 631 2959 700 deinceps
2987 632 3272 700 presbyter
3294 629 3591 685 ordinetur.

2180 703 2270 757 40.
2303 701 2372 756 Ut
2397 701 2699 771 presbyteri
2726 702 2818 770 qui
2866 701 2919 754 in
2962 701 3193 771 diversis
3241 700 3575 769 baptisteriis
3617 704 3684 755 vr!

2109 763 2536 844 quibuscumque
2562 763 2768 844 'sacris'i
2797 763 3107 844 oratoribus
3144 763 3587 826 inexcusabilitcr
3630 777 3685 827 ad

2109 842 2414 923 concilium
2435 842 2667 923 diocesis
2681 842 2926 923 episcopi
2954 852 3262 923 occurrant.

2178 915 2268 968 Μ.
2304 911 2372 967 Ut
2400 912 2572 967 laicus
2605 913 2697 982 qui
2731 911 2956 984 alterius
3006 913 3386 984 presbyterum
3437 913 3682 969 ecclesiae

2108 986 2496 1051 cuiuscumque
2529 998 2624 1036 sua
2645 991 2918 1052 potestate
2944 983 3241 1038 instituerit
3277 998 3384 1038 non
3413 985 3686 1052 praebente

2109 1069 2375 1111 consensu
2391 1054 2643 1123 episcopo
2671 1054 2825 1109 cuius
2845 1054 3163 1123 parroechia
3199 1054 3417 1109 videtur
3448 1055 3682 1119 existere,

2109 1127 2176 1182 ad
2199 1124 2434 1196 fidelium
2461 1125 2846 1194 communione
2873 1134 3159 1195 separetur
3185 1140 3221 1196 ς-
3238 1125 3524 1196 presbyter
3554 1141 3682 1187 vem,

2107 1198 2152 1252 si
2177 1198 2245 1251 ab
2275 1195 2528 1266 episcopo
2553 1205 2901 1260 sno,vocatus
2927 1193 3109 1251 redire
3136 1193 3388 1257 noluerit,
3405 1193 3682 1266 proprium

2108 1269 2334 1338 gradum
2363 1267 2598 1320 amittat.
2854 1269 2858 1276 '

2109 1375 2309 1416 INCIPIT
2336 1373 2601 1420 (ΞΛΡΙΤΕΙᾼ
2651 1372 3037 1413 ,ιῐιδιοκιτιοῖςιδ
3084 1348 3302 1412 EUGENII
3364 1372 3530 1411 PAPAE
3573 1374 3684 1414 CON-

2249 1444 2386 1484 SILIO
2411 1445 2479 1483 ΕΤ
2507 1443 2918 1493 ευυεειιιιττιοκε
2953 1443 3313 1484 EPISCOPOIIUII
3340 1445 3528 1484 ΡΜΠΑ.

2177 1521 2399 1577 Fratres
2423 1531 2477 1576 et
2511 1521 2821 1590 coepiscopi
2869 1521 3182 1586 sacerdotes
3227 1529 3283 1576 et
3322 1522 3505 1576 cunc:i
3551 1523 3681 1577 cleri.

2108 1593 2374 1662 Quoniam
2401 1592 2901 1663 religiosussancto
2929 1590 3134 1660 Spiritu
3165 1603 3530 1662 congregatae
3574 1610 3684 1648 ωη-

2113 1675 2305 1721 ventus
2335 1664 2599 1726 hortatur,
2631 1673 2690 1717 ut
2731 1677 3108 1732 quaecumque
3140 1678 3238 1732 pro
3283 1663 3565 1732 disciplina
3608 1681 3684 1718 eir-

2111 1735 2416 1792 clesiastica
2445 1743 2590 1798 sunt,
2610 1731 3111 1804 cuiadiligmtiore
3133 1731 3450 1799 tractemus,
3475 1734 3518 1788 si
3530 1735 3637 1804 plac
3669 1748 3684 1790 ι

2109 1808 2307 1862 fratres
2341 1821 2403 1860 ea
2431 1821 2571 1876 quae
2616 1803 2682 1858 ad
2724 1803 3092 1860 hortationum
3116 1875 3119 1876 ν
3146 1814 3389 1860 tenorem
3439 1803 3684 1874 pertinent

2109 1879 2256 1932 iuxta
2286 1875 2464 1932 divine
2507 1875 2641 1947 legis
2669 1883 2956 1945 praecepta
2980 1887 3034 1931 et
3081 1875 3406 1932 Nicenorinn
3439 1892 3682 1932 canonum

2109 1949 2403 2004 coastituta
2441 1948 2511 2001 ita
2538 1948 2756 2001 iuvante
2785 1947 3014 2000 Domino
3043 1948 3096 2001 in
3120 1963 3282 2002 omne
3329 1962 3518 2001 aevum
3550 1964 3680 2002 inan-

2109 2036 2237 2075 sura
2273 2019 2588 2082 solidemus,
2620 2026 2679 2071 ut
2708 2016 2839 2072 nulli
2871 2017 2954 2072 fas
2975 2018 3046 2073 sit
3069 2019 3187 2073 sine
3219 2026 3397 2072 status
3427 2019 3508 2072 sui
3556 2023 3682 2088 peri-

2111 2091 2234 2146 culo
2260 2090 2342 2146 vel
2375 2087 2586 2144 divinas
2613 2088 3031 2144 constitutiones
3057 2089 3140 2145 vel
3189 2088 3520 2158 apostolicae
3559 2087 3684 2144 Sedis

2109 2162 2326 2216 d--ere'a
2354 2159 2795 2231 temerarehquia
2822 2174 2922 2231 nos
2959 2160 3053 2229 qui
3084 2159 3351 2231 potissimi
3399 2158 3684 2214 sacerdoti-s-

2109 2233 2554 2286 administramus
2579 2225 2754 2286 ollicia
2783 2225 2994 2284 talium_
3015 2225 3510 2300 transgressionum
3547 2233 3680 2300 culpa

2109 2304 2382 2375 respiciet,
2409 2301 2453 2375 si
2483 2302 2536 2375 in
2564 2302 2744 2375 causis
2767 2301 2869 2375 Ρᾶί
2905 2301 3121 2375 desides
3169 2302 3432 2375 fuerimus
3451 2372 3460 2375 _
3478 2301 3622 2356 invcu
3649 2305 3680 2356 i.

2109 2373 2245 2440 Quia
2282 2373 2628 2428 meminimus
2658 2371 2891 2442 qualiter
2925 2373 3289 2427 comminatur
3311 2372 3567 2426 Dominus
3601 2389 3680 2427 ne-

2110 2445 2398 2516 gligentiae
2439 2445 2803 2516 sacerdotum.
2863 2442 3140 2516 Siquidem
3192 2453 3400 2516 reatum
3448 2443 3681 2516 ηιηίηιυςιιι

2109 2514 2389 2586 delinquit,
2416 2515 2507 2584 qui
2535 2515 2744 2584 potiore
2775 2515 2979 2586 honore
3005 2514 3314 2586 perfruitur,
3349 2523 3421 2586 et
3459 2515 3681 2586 graviora

2110 2585 2239 2640 facit
2276 2585 2404 2640 vitia
2448 2595 2798 2655 peccatorum
2854 2585 3160 2640 sublimitas
3214 2585 3557 2654 dignitatum.
3597 2585 3682 2639 Ca-

2110 2659 2343 2738 vendum
2369 2671 2520 2738 ergo
2546 2657 2794 2726 inprimis
2829 2664 2932 2721 est,
2963 2671 3030 2737 ne
3051 2672 3082 2710 a
3118 2671 3306 2738 sacros
3336 2658 3540 2738 gradus
3561 2659 3682 2738 quod

2109 2729 2276 2796 gestis
2301 2726 2572 2796 prioribus
2612 2737 2740 2782 ante
2791 2726 3152 2797 perscriptum
3195 2735 3297 2792 est,
3344 2726 3409 2782 ut
3455 2729 3683 2797 quicquid

2107 2807 2297 2853 contra
2323 2798 2494 2868 legem
2531 2809 2624 2853 aut
2667 2797 2982 2868 sanctorum
3021 2813 3306 2854 .canonum
3341 2799 3582 2853 insliaita
3606 2811 3684 2852 aut

2109 2870 2326 2923 decreta
2353 2866 2569 2940 patrum
2599 2869 2878 2940 inventum
2925 2866 3111 2940 fuerit,
3165 2869 3233 2924 de
3287 2868 3514 2940 singulis
3560 2871 3684 2938 capi-

2108 2940 2258 3004 tulis,
2285 2938 2380 3010 seu
2411 2939 2477 2994 de
2503 2939 2588 2994 his
2613 2939 2705 3010 qui
2728 2938 2885 2994 inscii
2911 2948 3037 2994 sunt
3066 2938 3452 2994 litterarum‘et
3505 2940 3684 2995 doctri-

2109 3025 2323 3071 narum,
2353 3009 2408 3063 in
2437 3009 2695 3080 honorem
2738 3011 2943 3064 inventi
2975 3025 3074 3065 nec
3108 3025 3217 3065 non
3248 3011 3358 3080 .qui
3386 3020 3571 3066 contra
3593 3021 3684 3065 sta-

2032 3063 2078 3126 C
2114 3063 2229 3135 una
2260 3063 2464 3136 inventi
2489 3063 2708 3144 nam,
2740 3063 2880 3150 quae
2904 3063 3682 3148 aa}.2.aégisi'.;.f.igingiua

2107 3151 2352 3227 dicenda,
2412 3151 2495 3227 vel
2540 3151 2898 3227 aliquapartc
2930 3153 3296 3227 membrorum
3343 3155 3598 3227 perpessi,
3626 3166 3682 3227 ct

2107 3222 2199 3294 qui
2231 3235 2317 3294 ex?
2339 3221 2752 3290 paenitentibus
2773 3223 2840 3277 ad
2868 3237 3053 3278 sacros
3079 3221 3304 3278 ordines
3323 3221 3523 3294 adepti.
3549 3224 3682 3291 Quis-

2107 3293 2228 3361 quis
2253 3293 2439 3346 talium
2476 3295 2823 3348 consecr'ator
2836 3294 3070 3349 extiterit
3090 3294 3390 3362 provideat.
3429 3293 3538 3350 Nos
3560 3296 3681 3350 enim

2110 3363 2162 3416 in
2190 3363 2339 3436 nullo
2365 3363 2611 3436 volumus
2642 3365 2990 3436 severitatem
3018 3379 3332 3436 exercere,
3365 3366 3461 3420 sed
3508 3367 3593 3436 qui
3638 3367 3682 3419 in

2108 3434 2288 3488 causis
2321 3433 2414 3487 Dei
2469 3435 2808 3505 contumacia
2868 3434 2948 3489 vel
2999 3434 3197 3489 delicto
3253 3433 3558 3505 deliquerit,
3605 3447 3683 3490 aut

2109 3505 2694 3578 ips_e_quotl_perperam
2720 3503 3090 3578 fecitjabolere
3114 3505 3366 3578 noiuerit,
3381 3503 3447 3562 in
3470 3523 3529 3562 se
3553 3508 3681 3578 quic-

2109 3569 2239 3644 quid
2263 3569 2329 3629 in
2353 3569 2596 3647 ali-oneri
2623 3569 2862 3631 resecari
2881 3577 3136 3647 inveniet.
3168 3576 3322 3643 Quod
3347 3569 3408 3632 ut
3455 3569 3682 3647 deinceps

2064 3716 2067 3719 ι
2108 3649 2278 3719 possit
2306 3646 2554 3719 tenacius
2586 3648 2880 3719 custodire,
2913 3646 2958 3700 si
2986 3647 3165 3719 placet
3193 3661 3385 3703 omnes
3408 3663 3594 3705 causas
3631 3646 3682 3702 et

2109 3715 3190 3790 subscripiionespropriascommodate
3228 3727 3287 3773 ut
3335 3720 3576 3790 synodali
3613 3721 3681 3775 iu-

2110 3786 2251 3841 dicio
2279 3787 2492 3841 auditus
2519 3787 2800 3842 claudatur
2822 3788 3064 3852 inlicitis.

2186 3877 2472 3952 Responsio
2501 3878 2894 3952 episcoporum.
2934 3881 3153 3952 ιηνθτε
3174 3881 3552 3951 cognoscimus
3574 3897 3680 3952 gra-

2112 3949 2185 4003 tia
2219 3949 2393 4003 sancti
2423 3949 2660 4018 Spiritus
2685 3965 2779 4005 eor
2805 3951 3138 4018 apostolatus
3165 3949 3330 4007 vestri
3359 3949 3677 4015 succensum,

2112 4029 2171 4074 ut
2191 4027 2373 4074 tantae
2395 4020 2646 4074 miseriae
2671 4021 2950 4090 squalores
2971 4021 3209 4078 fidelium
3236 4024 3508 4079 mentibus
3529 4024 3678 4078 deter-

2111 4099 2335 4162 gantur;
2379 4099 2434 4145 et
2467 4091 2624 4159 quasi
2655 4091 2850 4146 vulnus
2878 4093 3093 4162 corpori
3123 4093 3349 4148 inﬁxum
3392 4095 3570 4150 addito
3605 4104 3677 4148 ta-

2111 4161 2241 4214 lium
2268 4161 2519 4215 miseriae
2542 4162 2796 4217 obscrato
2823 4161 3047 4218 salutari
3073 4163 3317 4219 antidoto
3334 4174 3568 4227 curetur,
3586 4165 3677 4220 sies

2111 4241 2171 4286 ut
2213 4232 2348 4286 bene
2390 4231 2667 4305 provisum
2700 4241 2796 4305 est
2836 4233 3216 4290 interdictione
3242 4251 3381 4305 quae
3427 4236 3674 4291 contraria

2111 4310 2348 4377 suut,_ne
2389 4303 2494 4377 duo
2535 4303 2802 4377 quispiam
2815 4305 3218 4377 cuiuscumque
3246 4303 3495 4377 regentes
3533 4307 3673 4377 sacri:

2110 4389 2216 4446 que
2257 4373 2603 4446 baptismatis
2615 4390 2696 4446 un
2710 4376 2766 4427 .la
2813 4375 2957 4430 lotus
2989 4373 3292 4446 atteniptet,
3312 4373 3381 4430 iit
3422 4392 3525 4432 non
3554 4376 3673 4431 tanti

2113 4443 2308 4530 piaculi
2337 4445 2478 4530 sicut
2502 4444 2687 4526 audita
2716 4455 2841 4500 sunt
2869 4447 3012 4530 mole
3043 4443 3290 4530 oppfessi
3313 4447 3576 4530 precipitii
3605 4448 3674 4530 in-

2107 4514 2288 4588 cidant
2311 4523 2370 4567 ut
2393 4529 2461 4575 ne
2487 4517 2743 4588 voragine
2769 4514 3092 4588 mereantur
3104 4514 3404 4588 iniquitatis
3424 4514 3580 4574 vitari
3595 4517 3673 4574 de~

2103 4585 2287 4647 beant,
2313 4593 2474 4654 atque
2501 4586 2758 4641 radicitus
2785 4587 3104 4643 evellantur.

2126 4680 2153 4728 ’__
2177 4655 2422 4728 Secunda
2451 4656 2738 4710 admonitio
2761 4659 3044 4728 pontiﬁcis.
3071 4658 3127 4712 2.
3171 4657 3486 4714 Necessaria
3511 4673 3671 4715 rerum

2103 4724 2457 4798 dispositione
2481 4724 2924 4798 constringimnr,
2951 4729 3006 4782 in
3047 4729 3376 4798 apostolicae
3401 4730 3540 4785 sedis
3571 4745 3670 4785 mo-

2104 4796 2380 4870 deramine
2426 4796 2804 4870 convenimus,
2835 4801 2880 4854 si
2912 4796 3180 4870 canon—um
3208 4808 3553 4869 paternorum
3591 4799 3671 4855 de-

2105 4875 2254 4921 creta
2283 4867 2502 4932 librare,
2525 4876 2600 4922 et.
2622 4867 2769 4925 retro
2794 4869 3069 4940 presulum
3103 4867 3553 4941 decessorumque
3582 4885 3668 4925 no-

2105 4947 2342 5015 strorum
2383 4946 2640 5008 precepta
2689 4941 2892 5006 metiri,
2936 4950 2997 4995 ut
3017 4954 3168 5015 quae
3203 4941 3538 5015 presentium
3583 4955 3668 5015 ne:

2103 5008 2331 5062 cessitas
2364 5015 2680 5078 temporum
2713 5008 3083 5067 restaurandi’s
3106 5008 3352 5067 ecclesiis
3397 5008 3667 5078 relaxandi!

2105 5078 2363 5146 deposcit,
2407 5069 2734 5154 et'adbibi‘ta
2757 5082 3191 5137 consideratione
3225 5083 3487 5154 diligenti,
3517 5069 3670 5152 quan?

2104 5155 2218 5222 ium
2245 5163 2533 5217 possumus
2574 5150 2690 5222 ticri
2717 5159 3098 5222 temperemus,
3127 5153 3269 5221 quod
3298 5150 3399 5209 nec
3433 5153 3488 5208 in
3512 5150 3667 5208 totum
3695 5202 3700 5208 .

2104 5217 2330 5272 formam
2355 5228 2616 5295 veterum
2631 5217 2926 5295 videamur
2938 5293 2946 5295 _
2963 5217 3226 5295 excedere
3268 5225 3589 5295 regularum,
3617 5230 3666 5295 et

2103 5290 2418 5357 reparandis
2450 5290 2702 5368 militiae,
2716 5292 2991 5368 clericalis
3027 5294 3253 5359 ollieiis,
3291 5290 3430 5363 quae
3475 5310 3568 5364 per
3600 5291 3667 5368 di-

2102 5374 2286 5436 versas
2310 5360 2618 5428 provincnas
2639 5360 2892 5436 neglecta
2905 5362 3191 5436 videantur
3219 5360 3596 5436 recuperantur
3618 5364 3665 5418 in

2103 5429 2311 5504 melius.
2339 5438 2562 5504 atquae
2586 5445 2682 5504 per
2703 5429 2820 5487 loca
2862 5433 3154 5489 destitutae
3206 5429 3436 5491 ecles'iae
3469 5448 3666 5504 compe-

2103 5499 2265 5554 tentis
2289 5515 2352 5555 ex
2382 5499 2566 5556 auxilii
2587 5499 2819 5559 Salutarc
2846 5505 3146 5561 subsidium
3172 5508 3549 5563 restaurandae
3570 5499 3661 5560 non

1637 5605 2028 5665 VARIANTES
2065 5602 2463 5678 LECTIO'NES.

485 5713 498 5741 '
554 5712 689 5767 deest
724 5715 768 5768 ί.
845 5717 864 5745 ⁸
896 5715 1206 5784 pbesbiterii
1236 5717 1287 5768 l.
1369 5717 1387 5748 ³
1419 5717 1724 5786 regularum
1752 5718 1802 5771 Ι.

1882 5719 1902 5751 ³⁵
1927 5731 2274 5788 permaneant
2310 5724 2358 5777 l.
