3828 6220
145 313 245 369 689

744 304 970 361 CODEX
1007 303 1603 358 Dll’LO.\l.-\TICUS.—
1641 304 2101 374 CAI’LTULARIA
2137 305 2406 361 SI’L‘RIA.
2437 336 2505 344 —
2530 307 2628 360 Ax.
2671 306 2793 362 8'36.

3298 307 3414 362 690°

148 425 502 494 neglegamus,
531 419 832 494 animarum
855 425 1160 494 nostrarum
1184 404 1432 494 salutem,
1468 429 1533 494 ne
1560 415 1714 494 nobis
1747 419 1788 474 Α
1821 413 1964 494 l_eant
1995 416 2296 494 ministeria
2321 416 2636 494 adimplere,
2659 425 2718 470 ut
2745 417 2854 471 Deo
2875 415 2961 470 cui
2990 401 3400 487 assistunt/pro-

148 485 484 563 ad'magnuut
513 493 730 563 eveniat
753 495 979 563 reatum,
1016 485 1062 563 si
1086 493 1237 563 tanto
1253 491 1540 563 coortante
1567 485 1710 563 peri-

146 568 263 623 culo
282 554 355 618 inv
363 568 618 629 quantum
649 557 973 629 valueritnus
993 557 1038 610 si
1063 554 1706 629 negleginntslsubveniri.

210 623 450 690 Secunda
493 629 757 707 (espousio
780 623 1447 707 episeopurnntl.3..Etiairi‘
1487 623 1540 707 si
1566 624 1708 707 nulla

144 713 305 760 staret
326 695 616 756 necessitas
635 695 1031 752 ecclesiastieae
1053 696 1363 764 disciplinae
1387 695 1704 762 expetenda,

143 788 322 830 revera
366 769 520 823 nobis
547 769 720 820 fuerat
758 766 886 819 illud
911 765 1251 834 privilegium
1290 765 1434 819 sedis
1474 772 1702 826 vestrae,

141 845 276 916 quod
304 839 570 916 susceptis
611 837 760 916 regni
804 836 1209 916 clavibus‘post
1238 835 1704 916 resurrectionem

141 904 417 970 salvatoris
438 904 536 978 per
551 904 727 978 totum
749 905 941 960 orbem
955 904 1258 978 beatissimi
1280 904 1423 978 Petri
1465 905 1707 975 singula-

139 986 209 1039 ris
248 975 582 1052 praedieatio
618 977 994 1052 universorum
1035 976 1090 1029 in
1130 975 1539 1052 inminutionem
1581 990 1707 1044 pro-

140 1045 333 1125 spexit;
358 1049 512 1105 cuius
534 1047 722 1125 vicarii
743 1046 1072 1125 principatus
1100 1047 1240 1125 sicut
1261 1046 1481 1125 eminet,
1507 1045 1582 1125 ita
1604 1060 1708 1099 me-

140 1115 363 1180 tuendus
397 1127 481 1175 est
518 1120 589 1173 ab
625 1117 876 1182 omnibus
916 1124 972 1170 et
1001 1116 1282 1171 amandus.
1319 1115 1561 1170 Proinde
1605 1130 1705 1170 nos

141 1195 298 1250 Deum
341 1192 398 1246 in
437 1189 591 1244 vobis
612 1186 865 1257 primitus
884 1188 1192 1249 adorantes,
1210 1186 1305 1257 cui
1329 1185 1448 1241 sine
1483 1185 1704 1254 querela

139 1265 363 1321 servitus
385 1261 452 1314 ad
475 1256 634 1314 ﬁdem
662 1257 1048 1312 recurriscmus
1071 1256 1364 1326 apostolico
1387 1272 1482 1311 ore
1524 1257 1708 1311 lauda-

139 1348 258 1398 tam,
287 1333 342 1388 id
365 1339 448 1386 est
468 1343 726 1398 responsa
753 1337 1068 1398 querentes,
1094 1328 1236 1398 unde
1266 1327 1398 1381 nihil
1423 1327 1706 1398 errorerni-

137 1407 207 1461 hil
245 1396 716 1473 praesumptione
759 1398 852 1452 sed
894 1397 1188 1473 pontiﬁcali
1252 1406 1427 1452 totum
1496 1396 1702 1473 delibe—

139 1467 348 1553 ratione
388 1467 746 1553 praecipitur,
781 1538 793 1550 _
818 1475 880 1553 ut
923 1469 1068 1536 quod
1126 1469 1418 1553 observare
1483 1467 1708 1553 velitis,

137 1537 434 1615 apostolicis
469 1537 722 1615 alla—tibus
751 1538 1151 1615 _in_str_uamur.__
1179 1537 1458 1604 Quatenus
1499 1547 1576 1615 et_
1598 1543 1706 1590 Ira-

139 1608 378 1672 ternitate
402 1612 625 1667 collecta
650 1608 874 1682 prolatis
917 1610 972 1664 in
1015 1609 1249 1664 medium
1289 1609 1578 1682 venerandi
1621 1623 1705 1678 sy—

139 1687 248 1742 nodi
279 1681 610 1746 constitutis,
659 1681 919 1734 adversus
965 1694 1028 1734 ea
1076 1685 1228 1749 quae
1257 1681 1530 1735 contraria
1577 1686 1704 1733 sunt

138 1759 431 1828 legi‘rvestra
455 1752 780 1828 auctoritate
819 1750 1036 1828 διιὺηίξὶ
1066 1749 1194 1828 quid
1222 1757 1470 1828 oporteat
1490 1751 1553 1828 in
1600 1749 1700 1828 ho-

139 1819 359 1883 minibus
403 1822 798 1892 ordinationem
844 1819 960 1875 ﬁeri
999 1819 1314 1892 intellegere
1340 1820 1451 1892 Deo
1489 1821 1707 1874 iuvante

137 1897 408 1968 possimus.
439 1894 554 1968 Erit
581 1890 824 1968 profecto
847 1899 1029 1968 vester
1055 1890 1381 1968 ttjiurnpnus,
1403 1891 1456 1968 si
1489 1902 1707 1968 aposto-

138 1961 263 2022 latus
301 1965 467 2021 vestri
502 1961 834 2032 temporibus
861 1963 1004 2030 quod
1049 1961 1222 2017 sancti
1271 1961 1416 2016 Petri
1448 1961 1706 2032 cathedra

139 2039 364 2093 obtinere
411 2031 677 2091 catholica
723 2034 920 2088 audeat
942 2033 1193 2097 ecclesia,
1225 2033 1270 2087 si
1309 2031 1518 2087 novella
1564 2032 1708 2086 ziza-

138 2109 331 2162 niorum
373 2106 582 2162 semina
609 2102 812 2178 fuerint
851 2103 1083 2178 omnino
1099 2104 1346 2178 stirpata,
1373 2111 1566 2178 orante
1607 2117 1707 2171 pro

139 2179 276 2234 nobis
298 2185 486 2232 sancto
508 2173 811 2245 apostolatu
840 2173 1040 2240 vestro,
1072 2174 1182 2245 iugi
1207 2189 1340 2230 aevo
1362 2173 1545 2228 divina
1574 2188 1701 2228 con-

139 2257 298 2305 servet
331 2247 649 2303 aeternitas.

373 2358 586 2414 Exaudi
623 2358 828 2414 Christe
856 2358 1096 2430 Eugenio
1121 2374 1290 2429 papae
1318 2358 1441 2412 rita.

194 2473 242 2527 4.
279 2472 507 2528 Oramus
533 2473 879 2527 sanctitatem
907 2479 1162 2534 vestram,
1199 2480 1260 2525 ut
1285 2487 1448 2526 aures
1488 2481 1702 2527 vestras

140 2543 302 2598 intima
329 2543 509 2599 cordis
537 2543 821 2598 affectione
849 2559 944 2612 per
968 2543 1174 2613 singula
1206 2544 1468 2598 attentius
1496 2559 1702 2598 accom-

142 2615 335 2668 modare
371 2614 697 2683 procuretis,
745 2621 805 2667 ut
833 2622 1018 2668 noster
1045 2614 1197 2668 labor
1233 2614 1287 2668 in
1317 2614 1569 2668 omnibus
1599 2631 1698 2668 no-

140 2695 346 2738 strarum
375 2685 679 2738 animarum
704 2683 951 2754 proﬁciat
984 2684 1051 2739 ad
1093 2683 1353 2749 salutem;
1385 2693 1440 2736 et
1466 2685 1510 2738 si
1547 2685 1699 2738 vobis

141 2754 291 2822 placet
332 2764 392 2808 ut
435 2755 687 2818 audiatis,
736 2755 982 2824 legantur
1031 2765 1214 2809 coram
1244 2755 1515 2810 omnibus.
1568 2754 1700 2810 Uni-

144 2826 262 2880 νει-εὶ
282 2826 667 2899 respondentes
693 2825 944 2880 dixerunt
969 2843 983 2878 :
1013 2825 1281 2896 legantur.

535 2933 838 2990 Theodorus
859 2932 1116 2990 diaconul
1124 2935 1278 3006 legit.

200 3025 246 3078 ln
279 3025 510 3098 nomine
543 3026 722 3098 Patris
742 3034 798 3080 et
824 3025 946 3098 Filii
971 3036 1027 3098 et
1071 3025 1305 3096 Spiritus
1331 3028 1505 3098 sancti
1549 3031 1692 3098 quod

142 3105 206 3148 ist
245 3097 451 3150 trinitas
498 3095 793 3160 individua,
835 3097 1026 3166 primis
1071 3095 1312 3153 omnium
1353 3097 1422 3151 de
1446 3095 1691 3156 ecclesiis

148 3167 222 3221 Dei
246 3182 374 3235 quae
396 3182 496 3236 per
521 3167 729 3237 singrula
756 3167 872 3222 lo'ca
899 3169 951 3221 in
982 3168 1313 3236 parroechiis
1339 3169 1486 3223 vicos
1514 3170 1596 3222 vel
1619 3171 1695 3225 ci-

147 3237 313 3308 vitates
340 3238 393 3291 in
417 3237 591 3308 ruinis
613 3237 858 3308 neglecto
885 3239 1144 3302 reiacent,
1178 3239 1232 3292 in
1261 3240 1458 3308 quibus
1483 3256 1585 3295 nec
1611 3241 1692 3295 οἰκ

145 3305 244 3361 licia
275 3314 361 3361 aut
413 3305 880 3379 luminariaiiunt,
913 3325 1012 3363 nec
1055 3305 1565 3379 etiamibidem-pro
1595 3312 1695 3366 ali-

145 3392 233 3444 quo
263 3379 499 3451 ser-vitio
523 3378 888 3451 inveniuntur,
919 3387 975 3434 et
1005 3380 1157 3451 dotes
1189 3395 1329 3448 quae
1360 3394 1424 3451 ex
1455 3378 1697 3451 tempore

145 3449 534 3504 consecrationis
584 3449 778 3504 ibidem
823 3449 983 3505 datae
1023 3450 1260 3515 fuerunt,
1290 3450 1503 3504 ablatae
1548 3449 1691 3516 sunt,

144 3532 228 3590 nec
248 3520 589 3590 recordamur
614 3535 749 3589 quas
786 3521 936 3590 prius
975 3520 1352 3588 possidebant;
1386 3522 1696 3588 praevidete

148 3587 535 3660 itaque,fratres,
567 3587 802 3660 qualiter
831 3587 1026 3644 domus
1069 3591 1184 3656 Dei,
1212 3599 1272 3644 ιιι
1299 3587 1558 3645 honorem
1599 3593 1692 3648 ha-

147 3657 280 3712 beant
301 3675 329 3713 a
357 3657 605 3717 ﬁdelibus
629 3661 962 3724 christianis,
992 3670 1327 3716 restauratae
1351 3662 1609 3727 existant,
1639 3673 1694 3718 et

147 3727 379 3800 primitiae
408 3739 463 3785 et
489 3731 730 3786 redditus
765 3747 901 3800 quos
930 3732 1072 3787 Deus
1118 3733 1367 3788 fidelibus
1403 3732 1560 3786 iussit
1590 3735 1692 3788 ibi-

146 3797 244 3851 dem
266 3799 470 3865 olferre,
507 3814 615 3856 non
644 3797 974 3857 minuantur.
1003 3803 1073 3858 Ut
1099 3802 1408 3858 sacerdotes
1431 3804 1682 3861 ministri-

145 3883 231 3935 que
250 3870 335 3924 Dei
363 3873 655 3927 secundum
704 3873 870 3927 Deum
899 3874 1096 3928 ibidem
1141 3875 1438 3931 servientes
1466 3885 1522 3929 et
1563 3893 1691 3930 eon—

146 3947 388 4015 versantes
426 3957 581 3996 suum
607 3943 818 4015 possint
840 3945 1128 4000 observare
1153 3947 1510 4015 prepositum.
1553 3946 1689 4013 Quia

144 4010 368 4077 scriptum
412 4023 516 4076 est,
549 4010 856 4069 sacerdotes
895 4030 1000 4070 non
1046 4010 1173 4070 aliis
1212 4010 1406 4071 vacent
1434 4016 1539 4070 nisi
1573 4010 1688 4072 sola

148 4079 359 4156 oratione
394 4083 620 4156 lectione
675 4092 728 4139 et
763 4087 1183 4154 praedicatione.
1238 4086 1372 4140 Nam
1427 4085 1551 4156 quis
1601 4105 1687 4143 se-

149 4163 284 4232 curus
327 4151 551 4232 iudicem
590 4151 828 4232 nuntiet,
855 4156 1140 4232 si_praeco_
1173 4157 1352 4232 taeet?
1399 4151 1462 4211 et
1494 4167 1552 4212 ut
1591 4174 1688 4228 per

145 4221 424 4302 prophetam
451 4221 1066 4302 Dominuscoinminans
1094 4228 1170 4281 ait
1197 4246 1210 4280 :
1242 4227 1296 4282 Si
1312 4243 1433 4302 _non
1471 4221 1683 4302 annun—

152 4293 337 4346 tiaveris
356 4296 536 4363 I‘niquo
563 4295 901 4366 iniquitatem
933 4312 1107 4360 suam,
1137 4299 1450 4365 sanguinem
1477 4293 1594 4354 eius
1619 4300 1686 4354 de

151 4371 407 4438 inanu_tna
451 4367 743 4435 requiram.
788 4366 923 4432 Quia
969 4369 1014 4422 si
1040 4371 1351 4423 sacerdotes
1376 4368 1565 4438 inopes
1591 4379 1685 4425 aut

149 4431 468 4508 inprudentes
506 4431 760 4508 existunt,
805 4431 1034 4507 qualiter
1072 4446 1299 4508 possunt
1342 4431 1686 4494 aliis-subve-

1815 485 1958 540 fecto
1985 486 2201 556 placere
2228 487 2455 556 possint.

1881 556 1938 628 (ιτ
1988 554 2298 628 Cavendum
2347 559 2545 628 quippe
2591 565 2710 622 est,
2755 567 2815 611 ut
2858 570 2964 628 non
3014 554 3268 610 ineruditi
3329 558 3398 611 ad

1811 625 2171 680 ministerium
2201 625 2406 682 Christi
2432 625 2516 682 vel
2543 628 2824 683 inlitterati
2851 636 2909 680 ut
2932 626 3086 680 decet
3109 630 3393 691 accedant,

1810 710 1899 760 ne,
1932 697 2073 765 quod
2112 697 2274 762 absit,
2304 697 2516 752 eveniat
2555 699 2691 753 sicut
2729 698 2988 753 Dominus
3015 697 3092 748 ait
3128 712 3141 747 :
3186 694 3243 749 Si
3269 713 3398 754 cae-

1810 781 1907 821 cus
1936 776 2099 836 caeco
2143 767 2398 822 ducatum
2439 768 2712 836 prostitit,
2763 769 2928 822 ambo
2968 766 3022 819 in
3067 765 3274 836 foveam
3305 784 3399 824 ca-

1810 836 1962 907 dunt.
1986 834 2120 901 Quia
2147 853 2254 892 non
2279 853 2375 892 eos
2395 831 2650 894 convenit
2669 831 2935 893 sccnlaria
2963 851 3093 890 cura
3111 831 3390 907 peragere,

1810 906 1893 960 vel
1925 907 2088 979 etiam
2120 921 2216 979 per
2251 907 2675 963 domos-alienas
2701 907 3145 979 inconvenienter
3167 906 3396 979 conver-

1807 991 1949 1039 sare,
1975 978 2068 1032 sed
2091 975 2274 1046 potius
2301 978 2355 1032 in
2377 979 2658 1034 aecclesiis
2697 975 3026 1041 habitantes,
3064 975 3247 1031 debita
3275 987 3398 1033 sta-

1809 1046 1970 1101 deant
1994 1047 2169 1101 ollicia
2196 1063 2469 1102 exercere.

1879 1117 1930 1170 7.
1954 1117 2122 1188 Igitur
2149 1119 2403 1173 monachi
2431 1127 2485 1172 et
2514 1116 2953 1188 sanctimoniales
2975 1114 3210 1172 feminae
3231 1131 3396 1188 quae-

1806 1202 1911 1257 que
1932 1186 1996 1242 se
2015 1196 2205 1257 sponte
2228 1189 2339 1244 Deo
2364 1197 2622 1244 voventes
2653 1187 3008 1250 tradiderunt,
3034 1195 3090 1241 et
3127 1186 3258 1257 ante
3294 1186 3396 1243 hu-

1806 1256 1997 1312 manos
2035 1256 2223 1330 oculos
2251 1259 2306 1313 in
2353 1259 2541 1314 habitu
2572 1258 2942 1330 religiositatis
2968 1256 3263 1330 ostendere
3300 1258 3393 1314 de-

1805 1339 2113 1393 creverunt,
2145 1329 2201 1384 in
2230 1345 2294 1384 ea
2330 1329 2439 1384 vita
2465 1346 2531 1386 ae
2574 1328 2834 1400 religione
2857 1335 2914 1384 et
2936 1340 3100 1400 opere
3144 1328 3398 1384 studeant
3469 1339 3472 1342 '

1805 1414 2143 1470 permanere,
2171 1400 2296 1470 quia
2331 1415 2457 1460 cum
2502 1416 2562 1455 se
2603 1400 2656 1454 in
2683 1398 2856 1454 oculis
2904 1398 3188 1470 nominum
3213 1406 3399 1470 osten-

1805 1467 1955 1530 dunt,
1992 1467 2226 1540 maxime
2249 1469 2303 1523 in
2331 1481 2622 1540 conspectu
2651 1471 2746 1525 Dei
2771 1467 3014 1540 prehteri
3039 1467 3394 1540 consideran-

1805 1547 1896 1593 tur
1923 1539 2162 1596 aeternl.
2197 1540 2399 1595 Idcirco
2432 1535 2660 1610 pensare
2700 1535 2972 1602 studeant,
3010 1553 3079 1610 ne
3117 1535 3256 1610 falso
3293 1553 3393 1593 no-

1804 1609 1950 1682 mine
1976 1619 2030 1665 et
2055 1611 2244 1682 habitu
2296 1607 2594 1667 existentes
2611 1653 2632 1678 ,
2671 1611 2952 1682 hypocrite
2977 1610 2998 1640 ³
3027 1607 3390 1682 inveniantur.
3415 1651 3422 1664 .

1803 1679 2029 1750 lmpium
2045 1681 2290 1749 enimest
2307 1682 2510 1737 homini
2533 1682 2644 1738 Deo
2657 1679 2894 1736 mentiri.
2910 1680 3094 1749 Itaque
3115 1679 3397 1750 unusquis-

1809 1748 1916 1820 que
1938 1752 2227 1806 observare
2240 1752 2473 1816 studeat,
2499 1761 2553 1807 et
2580 1754 2745 1807 verba
2767 1748 3152 1820 sapientiSsimi
3175 1751 3394 1819 optimi-

1812 1837 1918 1891 que
1961 1822 2355 1891 praedicatoris
2407 1824 2672 1889 attendat,
2701 1837 2823 1878 eum
2858 1820 2970 1874 ait:
3007 1820 3390 1891 Unusquisque

1812 1890 1866 1946 in
1890 1890 2000 1964 qua
2037 1893 2318 1948 vocatione
2351 1903 2575 1948 vocatus
2598 1903 2701 1958 est,
2728 1894 2781 1946 in
2809 1906 2871 1946 ea
2899 1900 3233 1964 permaneat.
3257 1890 3392 1964 Nam

1809 1963 1901 2032 qui
1921 1961 2118 2017 votum
2171 1963 2482 2028 mutaverit,
2528 1965 2595 2018 de
2650 1973 2800 2019 reatu
2858 1977 2989 2016 suae
3033 1961 3395 2032 conscientiae

1808 2031 2290 2105 promissionisque
2320 2035 2732 2105 constringitur,
2774 2040 2832 2105 et
2861 2047 2984 2087 reus
3008 2032 3064 2105 in
3107 2031 3200 2105 Dei
3213 2046 3392 2105 appa-

1809 2101 1948 2159 rebit
1975 2101 2267 2168 iudicio,'si
2297 2120 2355 2160 se
2381 2101 2669 2160 emendare
2692 2104 2912 2158 omnino
2934 2101 3185 2157 noluerit.
3209 2101 3394 2156 Provi-

1808 2175 2040 2230 dendum
2062 2172 2300 2244 denique
2343 2182 2426 2229 est
2464 2184 2519 2230 et
2543 2174 2870 2230 omnimodis
2896 2173 3194 2244 curandum
3231 2182 3394 2242 atque

1806 2246 2101 2301 studiosius
2129 2239 2479 2316 vigilandum,
2514 2245 2601 2301 cui
2630 2262 2760 2301 cura
2789 2243 3066 2316 regiminis
3103 2239 3392 2316 commissa

1805 2324 1908 2380 est,
1934 2325 1994 2371 ut
2022 2317 2155 2371 haec
2188 2313 2380 2372 omnia
2411 2323 2675 2386 oportuna
2721 2313 2873 2386 eunti
2893 2313 2984 2368 Dei
3009 2313 3207 2386 "timore
3243 2315 3389 2369 ordi-

1668 2377 1672 2382 ’
1735 2411 1757 2438 ν
1805 2377 2023 2458 nentur,
2054 2403 2125 2446 ne
2165 2387 2262 2457 per
2291 2377 2592 2458 neglectum
2622 2385 2972 2458 pretermissa
2999 2385 3126 2448 sint,
3166 2393 3220 2438 et
3249 2387 3392 2453 peri-

1803 2457 1984 2528 eulum
2010 2456 2309 2521 adolescat,
2341 2456 2503 2527 quam
2535 2456 2636 2526 per
2656 2456 3049 2528 neglegentiam
3088 2463 3142 2509 et
3164 2465 3390 2528 peccata

1803 2523 2019 2584 adstant
2043 2537 2098 2583 et
2122 2523 2972 2598 periculaadcrescunthi'vero
3002 2523 3277 2581 sanctitati
3302 2541 3391 2598 ve-

1803 2608 1949 2654 strae
1982 2597 2172 2668 placet,
2207 2599 2432 2654 abbates
2470 2599 2554 2654 vel
2599 2599 2906 2654 abbatissae
2933 2597 3388 2668 permonasteria

1801 2684 1939 2740 quae
1963 2667 2259 2724 ordinanda
2285 2677 2410 2724 sunt
2437 2684 2542 2724 non
2568 2681 2666 2738 per
2689 2683 2914 2740 munera
2940 2668 3278 2740 ordinentur,
3294 2667 3390 2724 sed

1801 2738 2098 2796 studiosius
2139 2741 2503 2810 inquirantur,
2529 2741 2620 2810 qui
2650 2740 2825 2795 sciant
2868 2738 2962 2794 Dei
3003 2739 3202 2810 habere
3229 2740 3389 2794 timo-

1801 2826 1912 2865 rem
1931 2817 1997 2866 ἐι
2024 2808 2258 2866 hominis
2285 2808 2659 2874 reverentiam,
2696 2811 2960 2879 bonisque
2985 2808 3245 2880 operibus
3264 2824 3388 2878 per-

1800 2880 2086 2952 fulgentes,
2118 2891 2178 2936 ut
2206 2882 2409 2951 optime
2432 2881 2630 2936 eruditi
2654 2881 2706 2935 in
2736 2881 2822 2935 his
2851 2896 2957 2950 que
2976 2879 3088 2952 sibi
3115 2879 3387 2952 pertinent

1796 2950 2081 3017 maneant;
2132 2961 2186 3007 et
2229 2950 2501 3007 Subiectos
2552 2952 2654 3007 sibi
2691 2961 2840 3007 recto
2887 2950 3253 3006 moderamine
3299 2966 3386 3006 se-
3435 2978 3444 2982 -

1795 3019 2030 3077 cundum
2056 3023 2224 3078 Deum
2250 3033 2305 3076 et
2330 3032 2572 3078 sanctam
2608 3022 2848 3094 regulam
2888 3021 3120 3094 pleniter
3140 3029 3194 3075 et
3211 3036 3389 3094 purae

1801 3103 2000 3163 queant
2021 3095 2518 3158 cunctosedoeere,
2551 3101 2610 3147 ut
2639 3091 2704 3149 de
2726 3095 2992 3161 susceptis
3025 3091 3309 3163 animabus
3331 3092 3384 3146 in

1800 3162 1894 3219 Dei
1929 3165 2128 3219 iudicio
2151 3165 2172 3194 ³
2202 3180 2308 3218 non
2337 3164 2551 3234 reprobi
2579 3164 2674 3219 sed
2699 3165 2880 3233 potius
2928 3162 3254 3218 immaculati
3292 3179 3384 3232 apo

1796 3243 2336 3305 pareant,'quatenus
2364 3233 2507 3288 illam
2531 3233 2942 3305 desiderabilem
2971 3248 3158 3305 vocem
3177 3233 3386 3302 possint

1797 3303 1986 3376 audire
2008 3320 2028 3376 -ς
2078 3306 2410 3376 Enge.serve
2455 3307 2595 3376 bone
2627 3312 2681 3360 et
2717 3303 2924 3376 fidelis,
2955 3305 3080 3375 quia
3127 3304 3182 3358 in
3216 3319 3384 3376 pauca

1799 3375 1948 3431 fuisti
1996 3374 2190 3439 fidelis,
2239 3390 2402 3445 supra
2452 3374 2622 3430 multa
2653 3382 2706 3431 te
2751 3374 3103 3440 constituam,
3146 3376 3290 3430 intra
3328 3375 3384 3428 in

1796 3446 2051 3516 gaudium
2081 3446 2284 3501 domini
2312 3447 2411 3500 tui.
3222 3514 3232 3516 μ
3340 3515 3345 3516 γ
3454 3470 3458 3472 ’

1864 3515 1917 3596 8.
1959 3517 2421 3597 Considerandum
2444 3532 2576 3597 χει-ο
2601 3517 2758 3597 nobis
2800 3525 2888 3597 est
2919 3525 2976 3572 et
3017 3532 3048 3570 a
3073 3514 3271 3597 populo
3297 3515 3383 3597 ni-_

1795 3588 1900 3658 mis
1923 3589 2239 3658 cavendum,
2271 3596 2331 3642 ut
2367 3587 2548 3658 nullus
2571 3602 2638 3642 ex
2659 3589 2680 3619 ⁸
2697 3589 2924 3658 propria
2949 3587 3270 3657 cognatione
3290 3595 3386 3639 aut

1795 3657 2026 3730 velatam
2058 3655 2355 3730 'diaeonam
2399 3657 2485 3712 vel
2523 3655 2731 3730 raptam
2762 3655 2988 3730 uirorem
3017 3655 3267 3730 accipiat,
3312 3672 3383 3730 ne

1793 3729 1993 3784 talibus
2017 3729 2179 3786 rebus
2207 3730 2442 3784 animam
2468 3727 2677 3799 perdat,
2711 3739 2764 3782 et
2785 3729 3090 3799 principum
3116 3727 3383 3781 institutis

1792 3802 2080 3868 damnatus
2117 3801 2229 3855 ﬁat.
2261 3800 2406 3856 Haec
2429 3798 2609 3856 autem
2637 3798 2837 3857 fratres
2858 3798 3169 3857 commissis
3189 3799 3383 3855 ovilsns

1791 3888 1821 3926 a
1865 3872 2019 3927 nobis
2051 3871 2234 3927 sedule
2279 3873 2636 3927 ammoncnda
2680 3880 2827 3939 sunt,
2867 3887 2934 3927 ne
2981 3872 3120 3928 forte
3147 3871 3380 3941 populus

1790 3942 2121 3997 Christianus
2150 3942 2242 3996 tali
2267 3943 2708 4011 praesumptione
2749 3950 3044 3998 temerator
3067 3944 3290 4009 existat,
3325 3951 3386 3998 et

1755 4073 1758 4076 λ
1790 4023 1900 4067 tam
1930 4028 2029 4067 nos
2053 4028 2216 4082 quam
2243 4013 2358 4082 ipse
2383 4022 2663 4082 peccatum
2689 4013 2952 4068 incurrat.

1798 4121 1800 4125 τ
1860 4085 1914 4138 9.
1956 4084 2031 4138 De
2055 4084 2384 4154 quibusdam»
2405 4083 2718 4154 regionibus
2740 4083 3205 4154 adnosrefertur,
3227 4082 3373 4151 quod

1789 4154 2112 4210 die’sancto
2151 4153 2424 4209 dominico
2471 4153 2610 4209 Sient
2667 4157 2723 4209 in
2777 4153 2902 4209 aliis
2949 4155 3161 4210 diversa
3209 4169 3373 4222 opera

1786 4234 2128 4289 exercentur,
2157 4238 2297 4293 quae
2332 4225 2388 4278 in
2419 4223 2512 4280 illo
2540 4223 2661 4279 ﬁeri
2688 4240 2796 4279 non
2836 4225 3184 4280 conveniunt.
3230 4227 3375 4292 Qua-

1735 4351 1738 4353 .
1784 4305 2008 4365 propter
2034 4296 2371 4352 admouenda
2402 4294 2560 4351 nobis
2602 4296 2910 4351 necessaria
2954 4313 3040 4350 res
3066 4294 3286 4361 existit,
3318 4304 3374 4350 et

1785 4367 1974 4437 grandi
2004 4366 2424 4422 comminatione
2446 4365 2702 4437 populum
2730 4365 3034 4429 coltereere,
3066 4381 3135 4420 ne
3162 4367 3265 4421 hoc
3285 4366 3374 4420 die

1786 4426 2023 4492 divinam
2048 4451 2236 4500 vocem
2265 4426 2577 4491 obaudietis'
2606 4434 2801 4492 servile
2829 4452 2965 4506 opus
2993 4426 3190 4496 audeat
3214 4451 3374 4491 exer-

152 4499 274 4579 uire?
309 4501 436 4579 Quia
461 4506 553 4575 qui
575 4509 683 4579 sibi
711 4499 940 4578 nequam
966 4499 1186 4571 estfeui
1227 4510 1317 4563 alii
1345 4510 1517 4564 bonus
1541 4511 1682 4566 erit?
1709 4517 1762 4579 ι)
1785 4523 1937 4572 cere;
1966 4509 2092 4577 quia
2121 4499 2213 4561 sex
2242 4507 2433 4579 diebus
2456 4507 2583 4579 fecit
2608 4506 2760 4579 Deus,
2777 4499 2986 4563 coelum
3009 4515 3066 4563 et
3091 4516 3374 4579 terramet

151 4565 290 4653 (ζημίη
311 4565 377 4653 ob
403 4565 514 4653 rem
541 4565 706 4634 si'Dei
732 4565 924 4653 donius
949 4580 1003 4633 in
1025 4565 1341 4653 paupertate
1363 4589 1455 4653 aut
1477 4565 1682 4636 destruQ

153 4645 308 4722 aliene
310 4645 657 4722 inveniantur,
682 4651 949 4722 quomodo
975 4645 1204 4719 populus
1231 4650 1322 4706 Dei
1345 4651 1681 4722 docerepos-

266 4709 945 4796 VliensateJratreslqualem
961 4709 1238 4796 _i-at'io'n_ei_n
1283 4729 1410 4796 ante
1439 4709 1676 4796 tribunal

154 4774 319 4866 Emisti
335 4774 595 4866 reddituri
619 4774 840 4866 erimus,
886 4774 1259 4866 videatgiplebs
1296 4774 1675 4866 christiana-isi

155 4844 313 4928 domus
335 4852 420 4908 Dei
442 4856 573 4931 haec
592 4844 885 4930 patiuntur,
907 4854 1037 4929 quid
1059 4844 1128 4916 de
1165 4844 1261 4917 se"
1289 4844 1676 4931 suaqucwdomo

157 4931 351 5003 illl§qu§
375 4929 600 4993 posteris
624 4931 991 5003 aestimetur?
1031 4931 1295 4998 Quoniam
1322 4933 1388 4987 de
1408 4929 1678 4988 omnibus

134 4994 413 5075 .ptgetionihtts
434 5005 488 5050 et
516 5000 864 5075 neglegentiis
909 4994 1096 5075 snmu's
1141 5004 1194 5057 in
1235 5005 1512 5058 tremendo
1557 5019 1680 5059 exa-

160 5069 272 5152 Mge
288 5069 539 5152 {titionem
569 5069 1018 5152 Deo’redditurin
1111 5144 1122 5152 _
1175 5143 1226 5152 Α.
1283 5145 1294 5152 .
1357 5147 1366 5152 _
1476 5145 1487 5152 _
1537 5134 1559 5152 __

208 5130 257 5213 f5;
288 5130 784 5213 Itaquesacerdotes
811 5151 866 5196 et
895 5143 1124 5198 ministri
1169 5143 1368 5198 Christi
1399 5145 1489 5213 qui
1536 5134 1679 5200 inter

156 5199 320 5285 tigillis!
355 5199 664 5285 clericorum
713 5214 941 5285 ordinati
984 5214 1241 5276 existunt,
1283 5199 1464 5268 debit'o
1509 5199 1684 5269 oliicio

158 5271 421 5354 {felindum
452 5277 612 5332 Deum
653 5290 726 5354 et,
765 5282 1062 5337 doctrinam
1105 5271 1318 5354 patrum
1345 5286 1399 5338 in
1432 5287 1684 5340 omnibus

157 5348 511 5418 filllserventur,
538 5349 729 5404 eruditi
757 5353 1051 5408 existentes
1073 5348 1125 5407 in
1165 5354 1363 5410 divinis
1391 5356 1559 5418 libris,
1593 5371 1682 5410 va-

160 5399 364 5489 lf‘étllllque
384 5432 438 5471 se
457 5399 763 5489 conspicere
784 5431 838 5476 et
858 5424 991 5478 alios
1013 5427 1348 5479 emendando
1373 5399 1583 5480 docere.
1613 5427 1679 5480 Ut

159 5478 316 5560 [litibus
353 5478 626 5544 commissa
675 5501 800 5547 sunt
854 5494 1034 5547 divina
1101 5478 1336 5549 tractare
1380 5478 1674 5560 inisteria,

159 5546 401 5608 Prudenter
425 5568 580 5629 atque
619 5562 871 5618 decenter
914 5565 933 5594 ¹
957 5581 1078 5618 cum
1110 5566 1202 5620 Dei
1233 5567 1422 5620 timore
1446 5582 1540 5620 sua
1586 5546 1678 5619 va:

1786 4579 1967 4634 omnia
2009 4591 2150 4648 quae
2178 4585 2305 4631 sunt
2339 4577 2391 4631 in
2421 4578 2530 4642 eis;
2578 4578 2772 4646 dieque
2812 4579 3042 4648 septimo
3076 4578 3372 4648 requievit,

1786 4664 1948 4719 quem
1974 4649 2250 4704 benedixit
2274 4657 2329 4702 et
2357 4648 2720 4704 sanetilicavit
2757 4658 2812 4702 et
2840 4649 3006 4719 Moysi
3031 4649 3193 4704 verba
3235 4649 3374 4717 legis

1783 4720 2121 4789 praecipiens
2146 4719 2223 4772 ait
2248 4737 2262 4772 :
2293 4719 2618 4774 Mementote
2647 4719 2752 4774 diei
2779 4720 3010 4783 sabbati,
3041 4727 3102 4773 ut
3130 4720 3371 4774 sanetilia

1774 4807 1873 4865 lces
1898 4809 1911 4856 ;
1942 4790 2252 4865 requiescas
2279 4797 2342 4865 tu
2360 4797 2416 4845 et
2451 4805 2591 4860 quae
2623 4798 2712 4865 tna
2739 4797 2894 4855 sunt;
2928 4798 2984 4865 et
3009 4798 3068 4844 ut
3090 4789 3373 4860 psalmista

1783 4862 2034 4916 admonet
2056 4861 2269 4916 dicens:
2299 4861 2498 4915 Vaeate
2524 4872 2580 4915 et
2597 4914 2606 4931 ,_
2619 4861 2795 4915 videte
2824 4862 3077 4930 quoniam
3104 4876 3206 4931 ego
3251 4877 3369 4916 sum

1782 4933 2049 4986 dominus.
2094 4932 2163 4985 Et
2188 4931 2234 4986 si
2260 4932 2493 5000 populus
2522 4928 2856 4988 Hebreoruni
2883 4936 3004 4989 eum
3034 4928 3183 4986 tanta
3207 4933 3364 4988 devo-

1781 5003 1928 5057 tione
1954 5001 2112 5057 hodie
2129 5002 2365 5057 celebrat
2384 5003 2526 5071 quod
2552 5003 2601 5056 ei
2629 5003 2684 5074 in
2707 5002 2876 5074 figura
2905 5002 3030 5057 novi
3059 5002 3367 5074 testamenti

1779 5075 2131 5154 commissum
2165 5080 2270 5137 est,
2316 5081 2518 5141 quanto
2549 5073 2730 5154 magis
2758 5073 2994 5154 'popnlns
3035 5073 3364 5154 Christianus

1782 5145 1924 5198 diem
1981 5151 2225 5199 sanctam
2276 5145 2693 5199 resurrectionis
2758 5145 2984 5198 domini‘
3025 5145 3212 5198 nostri
3250 5145 3390 5199 Iesu»

1786 5214 1986 5273 Christi
2011 5223 2069 5269 et
2092 5223 2310 5268 nostrae
2341 5215 2726 5284 redemptionis
2771 5232 2894 5269 cum
2927 5230 3124 5285 magno
3161 5215 3368 5273 honore

1785 5285 1947 5352 atque
1973 5285 2169 5340 timore
2196 5285 2353 5339 debet
2375 5287 2688 5349 observare,
2721 5293 2775 5339 et
2801 5302 2907 5341 non
2935 5287 2986 5340 in
3013 5286 3137 5342 aliis
3172 5301 3367 5340 vacare
3399 5325 3406 5332 -

1783 5356 1886 5409 nisi
1915 5356 2180 5420 oratione,
2208 5365 2263 5411 et
2288 5355 2354 5408 ad
2384 5356 2670 5411 ecclesiam
2720 5357 2816 5410 Dei
2846 5371 3177 5413 concurrens
3204 5371 3358 5426 prae-
3408 5372 3423 5400 ι

1781 5436 2045 5494 ceptaque
2109 5427 2286 5481 divina
2334 5442 2455 5480 cuin
2508 5429 2808 5481 reverentia
2863 5427 3083 5492 audire,
3145 5435 3379 5495 totoque.

1780 5497 1942 5550 corde
1968 5499 2262 5566 percipere,
2293 5497 2512 5551 credere
2540 5507 2594 5552 et
2625 5497 2865 5564 onerari,
2894 5507 2948 5550 et
2977 5513 3173 5566 corpus
3201 5496 3358 5552 Chri—

1779 5569 1848 5620 sti
1880 5567 2022 5636 quod
2053 5578 2401 5622 consecratur
2429 5567 2589 5638 digne
2618 5568 2866 5624 studeant
2893 5583 3198 5624 assumere.

1321 5680 1709 5737 VARlANT-ICS
1748 5683 2128 5740 LECTIONES

158 5855 161 5861 Ι
220 5768 232 5796 ⁸
261 5785 308 5824 re
331 5791 370 5826 τ.
441 5781 457 5809 ³
485 5782 734 5840 ἁθιιίιῑοιδ
765 5804 809 5838 c.
893 5789 911 5816 ³
936 5789 1179 5855 ltyporile
1209 5807 1255 5842 ι’.
1335 5789 1352 5819 "'
1383 5791 1556 5844 udiciu
1587 5809 1630 5843 ρ.

1712 5793 1731 5822 ⁸
1759 5803 1806 5846 (“Ξ
1839 5811 1884 5846 ι’.
