3828 6220
120 370 207 420 (illi

668 357 888 414 (lilltlix
937 353 1452 415 It'lPI.l).\l,\Tll2l'S.
1493 383 1559 392 ο-
1599 353 2061 408 ll.\l’l'l'L'I..\lll.\
2117 352 2388 407 δι’[ιιιι.
2421 382 2489 390 -—
2521 351 2618 404 .\.\'.
2661 350 2785 406 8‘26.

3226 374 3234 382 ·
3259 352 3365 407 68ὶὶ

117 491 312 548 scopum
360 473 662 527 consecrari
699 471 918 524 omnino
963 477 1200 536 (tltﬂl'lCl,
1232 468 1366 548 _des_i
1393 465 1665 548 li-rabili-nt
1699 475 1745 526 Α
1773 465 1933 548 (ᾗμίη
1959 466 2157 548 dignus
2200 481 2304 544 non
2348 466 2687 548 ’i‘pveniaturi,
2731 473 2860 546 tunc
2905 469 3044 546 alter
3084 466 3152 518 de
3196 467 3363 519 alta-ra

121 537 223 604 Ιηιιῖι
255 545 444 614 operis,
491 541 1041 610 iuri-prelusnsiliilem,
1086 550 1139 614 et
1171 537 1390 614 reliquis
1416 538 1669 614 qualibus

120 608 515 688 apparititmibus
541 608 677 688 quae
704 619 984 688 secuntur,
1021 619 1077 663 ut
1105 608 1403 688 doctrinam
1439 608 1532 659 Dei
1577 623 1671 688 no-

121 677 203 742 slri
231 695 377 739 ornet
403 684 454 736 in
482 677 749 744 omnibus,
784 697 849 734 ne
889 691 940 732 ui
974 682 1024 733 in
1048 678 1304 748 pastorali
1329 677 1471 748 libro
1499 677 1671 748 conti-

123 771 276 815 netttr.
294 766 407 810 cont
421 753 738 807 radicendus
757 747 1081 805 inveniatur.
1111 750 1191 804 Ab
1208 747 1478 816 imperitis
1505 747 1669 807 enim,

123 828 275 898 inquit
300 825 582 898 pastorale,
627 823 993 898 magislcrimn
1026 837 1129 898 qua
1163 819 1467 898 temeritate
1510 817 1673 898 susci-

121 889 265 969 pitur,
291 889 498 969 quando
524 910 612 969 ars
636 889 952 969 cstIa‘rtium
986 890 1223 969 regirncn
1256 889 1596 969 animarum?
1620 897 1675 942 et

121 958 327 1023 iterum}
351 965 445 1018 Ille
472 966 652 1031 igitur,
684 964 770 1016 ille
803 962 974 1016 modis
1003 961 1252 1016 omnibus
1278 959 1344 1031 ad
1371 958 1672 1031 exemplum

121 1037 307 1091 vendidi
337 1030 603 1104 pertrahi,
638 1034 726 1103 qui
756 1033 964 1088 cunctis
992 1031 1171 1086 carnis
1197 1030 1536 1104 passionibus
1563 1044 1676 1082 mo-

121 1101 680 1172 riensianispiritaliter
702 1105 851 1165 vivit,
868 1104 1225 1172 quiprospera
1249 1101 1432 1172 mundi
1460 1110 1676 1172 postpo-

119 1181 224 1238 suit,
241 1177 326 1248 qui
340 1171 476 1251 nulla
497 1177 720 1251 adversa
748 1171 1094 1251 p'_-i_'tiineSCit.
1113 1173 1204 1241 qui
1229 1171 1340 1226 sola
1361 1171 1674 1251 internaile-

120 1247 310 1309 siderat,
345 1247 494 1300 cuius
521 1247 803 1300 intentioni
829 1247 963 1300 bene
998 1257 1299 1311 congruens
1333 1256 1430 1296 nec
1454 1247 1675 1311 omnino

119 1337 200 1389 per
219 1317 610 1389 inbecillitatem
633 1331 853 1389 corpus,
886 1309 1156 1389 nec‘valde
1180 1329 1275 1389 per
1295 1309 1674 1389 contumeliam

121 1382 368 1458 repugnet.
386 1387 486 1454 Qui
509 1387 576 1440 ad
596 1382 769 1442 aliena
783 1386 1045 1458 cupiendo
1069 1401 1173 1439 non
1189 1385 1424 1458 ducitur,
1440 1382 1532 1458 sed
1555 1397 1677 1450 pro-

122 1454 216 1530 prin
240 1454 483 1530 largitur,
501 1458 591 1530 qui
623 1469 717 1526 per
741 1454 958 1526 pietatis
986 1457 1192 1530 viscera
1214 1455 1376 1510 citius
1402 1454 1468 1530 ad
1495 1454 1677 1530 ignes:

120 1523 600 1589 crudumﬂectitur,
623 1523 754 1583 sed—
773 1523 1067 1596 numquam
1096 1525 1215 1596 plus
1247 1540 1410 1596 quam
1438 1523 1673 1596 deccat“

122 1606 375 1667 innascens
400 1600 467 1652 ab
499 1613 625 1653 arce
671 1594 1008 1654 rectitudinis
1040 1595 1348 1650 inclinatur.
1381 1595 1481 1662 Qui
1531 1594 1676 1667 nulla

124 1673 299 1725 inlicita
327 1677 615 1738 perpetrat,
645 1671 737 1724 sed
773 1676 1079 1738 perpetrata
1110 1668 1178 1738 ab
1205 1667 1325 1720 aliis
1360 1676 1420 1720 ut
1449 1666 1678 1738 propria

122 1736 355 1811 deplorat.
400 1736 496 1806 Qui
549 1755 615 1794 ex
666 1736 884 1794 allecto,
911 1738 1090 1811 cordis
1129 1736 1337 1811 alienae
1378 1736 1680 1811 inﬁrmitati

123 1808 435 1881 ruinpatitur,
483 1811 668 1880 sicque
705 1811 759 1864 in
810 1809 968 1865 bonis
1015 1809 1247 1881 proximi
1283 1809 1424 1881 sicut
1467 1809 1520 1861 in
1565 1808 1678 1881 suis

124 1879 435 1952 provertibus
466 1879 725 1945 laetatur;
766 1881 859 1950 qui
905 1881 980 1934 ita
1020 1893 1080 1934 se
1128 1879 1443 1952 imitabilem
1482 1880 1679 1952 ceteris

126 1949 166 2006 in
193 1953 389 2008 cunctis
418 1967 555 2021 quae
605 1953 716 2022 agit
764 1949 1022 2014 insinuat,
1060 1965 1129 2013 ne
1175 1951 1434 2022 intercus
1482 1949 1682 2022 habeat

126 2025 245 2093 quot
283 2020 457 2076 saltim
483 2024 548 2076 de
581 2020 871 2077 transactis
895 2023 1198 2076 erubescat.
1243 2020 1345 2093 Qui
1379 2022 1457 2093 sie
1501 2020 1682 2093 studet

126 2091 299 2156 vivere,
353 2101 404 2146 et
448 2094 820 2162 proximorum
875 2108 1089 2162 quoque
1143 2091 1352 2145 arentia
1405 2091 1682 2162 doctrinae

127 2165 314 2218 liuentis
367 2161 540 2218 valeat
573 2164 828 2234 inrigare,
867 2163 961 2232 qui
1006 2161 1270 2234 orationis
1303 2178 1422 2234 usu
1470 2161 1682 2234 experi-

130 2244 284 2288 mento
337 2235 440 2289 iatn
487 2232 702 2299 didicit,
743 2235 886 2304 quod
925 2233 1170 2288 obtinere
1208 2248 1250 2304 a’
1283 2232 1501 2286 domino
1525 2233 1682 2304 iq‘uae

129 2306 400 2374 piposccrit
435 2306 625 2374 possit,
653 2306 738 2360 cui
764 2303 990 2360 eliectus
1017 2319 1203 2358 vocem
1235 2303 1339 2356 iam
1384 2303 1537 2374 tpiasi
1564 2318 1683 2374 spe-

129 2372 309 2430 cialiter
337 2372 549 2430 dicitur.
583 2377 774 2431 Adhuc
802 2376 1054 2444 loquente
1084 2383 1134 2428 te
1176 2375 1353 2429 dit-am
1383 2392 1393 2425 :
1430 2372 1568 2428 Ecce
1595 2373 1684 2428 ad-

131 2464 245 2499 suui.
275 2446 496 2515 Ideoque
529 2447 714 2500 talium
748 2462 924 2500 rerum
953 2444 1088 2499 tales
1129 2460 1249 2500 esse
1296 2455 1528 2514 oportet,
1576 2460 1682 2500 non

133 2517 303 2570 indocti
352 2532 416 2572 ne
443 2517 620 2586 aliqua
673 2518 1040 2587 oportunitate
1086 2524 1272 2584 turpes
1318 2515 1680 2578 inveniantur,

133 2588 245 2640 Slt'lll
267 2587 318 2640 in
342 2586 528 2642 eodem
555 2587 691 2642 libro
711 2586 969 2642 habetur.
999 2586 1132 2652 Quia
1159 2602 1281 2641 cum
1313 2587 1554 2656 spiritale
1594 2587 1686 2640 ali-

133 2659 239 2740 quid
292 2673 322 2711 a
370 2659 600 2740 subditis
662 2667 848 2740 pastor
893 2656 1218 2727 inquiritur,
1249 2657 1684 2740 ignominiosum

133 2729 259 2781 valde
283 2738 380 2792 est,
413 2730 456 2782 si
497 2738 626 2783 tunc
667 2727 888 2797 incipiat
924 2736 1155 2799 querere
1180 2727 1263 2783 vel
1291 2729 1517 2791 discere,
1562 2744 1684 2783 cum

134 2799 434 2868 «ptestionem
477 2800 636 2854 debet
663 2801 917 2855 enodare.

190 2869 236 2920 Ξ.
274 2867 336 2923 Ut
360 2869 532 2924 nullus
561 2871 829 2940 episcopus
852 2870 1089 2938 aliusque
1112 2870 1355 2924 sacerdos
1384 2869 1685 2922 muneribus

135 2940 388 2992 ordinetur.
423 2940 628 2995 Carere
673 2940 853 3009 itaque
879 2949 1091 3009 oportet
1133 2955 1574 3009 unumquemque
1601 2956 1690 2994 sa-

137 3011 392 3071 cerdotem,
429 3026 494 3064 ne
542 3011 765 3079 prcmiis
818 3012 1066 3066 videatur
1102 3011 1428 3072 consecrari,
1476 3021 1534 3065 ut
1579 3027 1685 3065 non

136 3081 345 3149 evetiiplo
376 3080 613 3134 Simonis
657 3082 798 3146 magi
851 3083 903 3135 in
954 3081 1460 3137 condemnationem
1512 3093 1566 3135 et
1615 3081 1687 3135 la-

138 3167 302 3216 queunt
331 3152 526 3206 incidat
554 3151 785 3216 diaboli;
817 3153 941 3222 quia
969 3161 1078 3206 tam
1110 3150 1286 3208 lactus
1312 3168 1476 3222 quam
1520 3154 1683 3207 etiam

139 3222 308 3274 l'at'ictts
323 3222 521 3276 honore
544 3223 719 3290 adepti
745 3224 940 3278 debent
966 3237 1087 3278 esse
1113 3224 1525 3285 condemnandi,
1546 3225 1685 3278 sicut

138 3291 177 3364 in
215 3293 582 3347 Calcidoucnse
607 3293 944 3364 aliorumque
977 3302 1193 3364 patrum
1228 3295 1456 3350 habetur
1502 3296 1684 3349 conri-

139 3362 208 3420 lia,
241 3365 354 3431 quia
388 3364 476 3433 qui
517 3366 830 3420 muneribus
860 3362 1160 3429 ordinatur,
1200 3381 1306 3418 non
1354 3366 1566 3420 animae
1595 3368 1686 3420 de-

141 3444 314 3552 tl‘t.‘t':'.tt‘c.
338 3434 484 3503 cupit
510 3435 830 3502 remedium,
857 3438 952 3491 sed
983 3451 1150 3490 vanae
1177 3437 1380 3508 gloriae
1425 3452 1686 3494 venerare

159 3519 335 3552 ιιιτιυιιι.

159 3519 335 3556 ιιιτιυιιι.

276 3575 503 3637 Qualiter
524 3577 821 3646 episcopum
857 3577 1040 3632 docere
1067 3586 1114 3630 et
1150 3581 1431 3632 consistere
1463 3588 1681 3648 oportet.

142 3642 425 3720 Episcopum
462 3642 590 3720 vero
639 3642 781 3700 bono
807 3649 1310 3720 opereconsistere
1337 3642 1580 3720 oportet,
1628 3660 1687 3702 ut

141 3729 226 3766 non
264 3715 424 3788 solum
456 3716 613 3770 factis
657 3715 1079 3785 congruentibus
1105 3717 1299 3785 luceat,
1330 3715 1425 3776 sed
1451 3721 1686 3788 optimus

143 3786 406 3862 speculatur
431 3788 649 3851 existat,
688 3789 918 3862 qualiter
943 3790 1172 3859 populus
1199 3794 1420 3846 verbum
1447 3786 1686 3860 pretlica-

143 3859 275 3927 tioins
306 3866 516 3912 ostenso
560 3873 723 3927 opere
774 3859 892 3914 sine
932 3862 1095 3915 dubio
1138 3859 1479 3916 observando
1512 3871 1687 3915 atten-

144 3925 229 4004 tlat,
254 3928 547 4004 beatissimo
568 3925 829 4004 Gregorio
854 3947 989 4004 p‘ipa
1015 3931 1259 3988 docente.
1292 3935 1394 3988 Pro
1426 3933 1688 4001 qualitate

145 3998 275 4057 igitur
297 3999 618 4053 audientium
651 3998 871 4056 formari
901 3998 1058 4055 debet
1083 4019 1263 4061 sermo
1289 3998 1591 4064 doctorum,
1630 4014 1687 4057 ut

142 4075 180 4147 et
201 4083 282 4147 sua
307 4069 521 4147 singulis
542 4081 824 4139 congruat,
853 4081 907 4126 et
943 4082 1121 4147 tamen
1149 4093 1179 4129 a
1217 4075 1521 4130 communis
1543 4075 1687 4128 acdi-

147 4138 370 4210 lit-ationis
396 4149 509 4194 arte
540 4138 834 4210 nunirlnam
873 4142 1111 4200 recedat.
1478 4158 1482 4159 ⁷

199 4207 243 4260 4.
277 4209 345 4262 De
373 4211 591 4265 indoctis
617 4207 992 4267 sacerdotibus.
1020 4213 1358 4285 Quamquam
1385 4216 1451 4269 ad
1483 4217 1686 4270 ntonita

146 4274 386 4352 «lectorum
443 4291 497 4336 et
548 4290 754 4336 statuta
816 4274 1063 4352 patrum"
1083 4274 1394 4343 sacerdotes
1445 4287 1690 4347 indoctos

147 4350 354 4430 prohibet
376 4354 700 4430 consecrari,
729 4350 976 4430 oportuni
1010 4359 1266 4427 temporis
1297 4358 1688 4430 moderatione,

148 4424 180 4469 si
216 4424 831 4497 t'plSt'OpllS‘lIWCltlaIUI‘
879 4424 1150 4491 indoctus,
1197 4445 1225 4482 a
1273 4429 1689 4497 metropolitano

149 4492 345 4568 ιξξιιιιιῑᾳ,
395 4503 446 4568 et
475 4493 736 4568 deinceps
757 4497 1096 4568 sacerdotes,
1133 4500 1185 4555 id
1217 4507 1299 4553 est
1342 4492 1641 4568 presbyteri
1670 4541 1684 4563 ,

1771 528 2297 601 eligaturVecclesia.
2348 535 2644 602 Tamquam
2671 528 2774 588 'vis
2811 536 3109 590 necessitas
3152 539 3369 593 eveniat

1775 608 2035 659 invidiose
2063 607 2208 660 nullo
2238 606 2396 659 modo
2426 616 2775 659 consecrewr
2801 606 3026 659 invitus.

1844 678 1896 729 li.
1941 677 2007 730 (It
2059 677 2285 746 episcopi
2338 687 2483 729 crtru
2529 678 2792 745 propriam
2843 679 3204 746 purrocrhiam
3263 695 3367 732 non

1774 759 2060 800 morentur.
2108 747 2353 815 Episcopi
2393 747 2535 800 enim
2593 746 2660 799 ad
2700 747 2964 799 cubui-am
3010 748 3245 817 propriis
3281 768 3370 800 rr-

1775 818 1957 871 clesiis
1999 819 2181 887 sepius
2223 819 2422 871 debent
2446 817 2655 878 adesse,
2684 818 2810 885 quia
2849 819 3093 872 absentia
3129 820 3368 888 episcopi

1774 889 2096 958 plerumque
2126 888 2189 941 ﬁt
2235 887 2517 958 calamitas
2564 889 2755 956 plebis.
2789 888 3019 956 Ideoque
3049 887 3371 943 Sardo-ense

1775 957 2099 1013 admonente
2139 959 2387 1017 concilio,
2437 957 2578 1011 ultra
2606 959 2769 1011 trium
2815 960 3222 1014 cbdomatarum
3250 977 3374 1028 spa-

1777 1030 1908 1082 tium
1941 1030 2172 1099 propriis
2201 1029 2448 1083 ccclesiis
2481 1045 2587 1082 non
2616 1037 2917 1091 morentur,
2961 1030 3063 1082 nisi
3092 1029 3232 1085 forte
3277 1047 3374 1098 per

1778 1099 2071 1154 iussionem
2105 1099 2507 1169 metropolitani
2545 1099 2627 1151 vel
2659 1099 2939 1168 principis,
2970 1101 3015 1152 si
3043 1117 3108 1152 ex
3143 1102 3374 1156 necessi-

1779 1180 1890 1224 tate
1922 1173 2238 1237 contingat;
2275 1170 2532 1240 quoniam
2562 1170 2776 1238 longius
2803 1169 2906 1223 nisi
2940 1186 3040 1238 per
3080 1172 3374 1224 auctoritze

1779 1250 1888 1294 tcm
1917 1241 2235 1296 canonicam
2266 1241 2535 1310 prolicisci
2583 1241 2757 1310 neque
2800 1241 3029 1294 subiecti
3058 1244 3373 1296 sacerdotes

1778 1312 1995 1366 debent.

1851 1382 1900 1436 7.
1946 1369 2014 1436 l't
2044 1382 2218 1437 clerici
2243 1383 2526 1452 consistere
2551 1382 2792 1435 debeant.
2823 1381 3137 1437 Necessaria
3169 1385 3374 1436 etenim

1780 1470 1866 1507 res
1893 1455 2098 1516 existit,
2149 1465 2208 1508 ut
2239 1453 2386 1509 iuxta
2437 1454 2722 1507 ecclesiam
2754 1453 2992 1507 claustra
3037 1455 3379 1508 constituan—

1781 1534 1885 1587 tur,
1925 1527 1977 1580 in
2003 1527 2200 1596 quibus
2247 1525 2429 1579 clerici
2463 1525 2761 1596 disciplinis
2785 1523 3138 1580 eclcsiasticis
3161 1534 3374 1578 vacent.

1780 1597 1965 1666 Itaque
2013 1595 2267 1650 Omnibus
2315 1612 2480 1649 unttm
2507 1596 2579 1649 sit
2622 1595 2968 1650 refectorium
3010 1613 3076 1650 ae
3116 1597 3378 1649 dormitet

1781 1665 1941 1731 rium,
1975 1684 2068 1721 seu
2117 1676 2333 1721 ceterae
2364 1665 2611 1720 ollicinae
2657 1666 2725 1720 ad
2770 1683 2898 1719 usus
2925 1667 3248 1720 clericorum
3281 1684 3380 1720 ne:

1780 1739 2071 1793 cessat-ine.
2106 1738 2336 1792 Ministri
2369 1753 2498 1791 vero
2530 1746 2651 1806 post
2677 1738 2990 1807 episcopum
3017 1753 3180 1805 super
3205 1754 3269 1791 ca
3295 1748 3378 1790 ta-

1711 1835 1754 1894 B
1783 1808 2173 1894 Ies_eligaatur,
2202 1824 2432 1894 quoqnpt
2463 1810 2571 1894 vita
2599 1816 2763 1894 atque
2788 1809 3034 1863 doctrina
3059 1808 3180 1861 illos
3201 1809 3382 1877 potius

1784 1880 2090 1950 exhornent
2122 1895 2285 1950 quam
2316 1879 2692 1950 dehonestent.
2781 1930 2784 1932 _

1851 1951 1904 2006 8.
1942 1949 2018 2004 De
2045 1948 2404 2004 sacerdotibus
2437 1950 2490 2002 in
2523 1951 2769 2004 subiectis
2801 1949 3200 2019 baptismalibus
3222 1948 3384 2020 plebi-

1781 2022 1875 2075 bus
1902 2021 2300 2075 constituendis.
2337 2020 2586 2089 Episcopi
2613 2020 2670 2074 in
2703 2021 3114 2089 baptismalibus
3139 2021 3386 2089 plebibus

1783 2102 1841 2146 ut
1875 2091 2323 2168 testes_propri_is
2371 2091 2661 2168 diligenter
2685 2107 2873 2168 curam
2916 2092 3117 2146 habere
3151 2091 3385 2168 debent,

1781 2172 1836 2216 et
1867 2179 1991 2218 cum
2022 2164 2103 2217 eis
2145 2162 2496 2232 presbyteros
2550 2163 2849 2217 necessitas
2885 2162 3193 2216 occurrerit
3239 2163 3386 2216 ordi-

1784 2234 1966 2296 nandi,
1999 2247 2056 2288 ut
2089 2234 2427 2288 reverentius
2456 2235 2834 2298 obsrrveutur,
2877 2234 3132 2288 convenit
3159 2233 3305 2286 enim
3332 2234 3387 2286 in

1783 2305 1863 2358 cis
1893 2305 2090 2359 ibidem
2125 2304 2486 2360 habitantium
2529 2304 2633 2358 sibi
2664 2304 2924 2359 adbibere
2955 2319 3304 2357 consensum.

1854 2375 1906 2430 9.
1948 2373 2018 2429 Ut
2069 2375 2248 2431 clerici
2296 2393 2400 2429 non
2445 2376 2723 2445 plusquam
2769 2376 3002 2445 stt/ﬁcere
3055 2375 3385 2427 ordinentur.

1785 2446 1970 2516 Itaque
1997 2446 2394 2516 congregandis
2424 2446 2638 2501 clericis
2683 2447 2876 2500 modus
2921 2445 3267 2516 discretionis
3303 2455 3387 2498 te-

1787 2515 1999 2571 neatur.
2035 2515 2396 2585 Videl.cet_ne
2426 2517 2545 2586 plus
2571 2518 2934 2570 admittuntur
2961 2531 3123 2586 quam
3157 2515 3387 2570 facultas

1788 2603 1966 2641 rerum
1995 2589 2076 2643 eis
2105 2588 2367 2643 canonice
2397 2589 2658 2641 attributa
2691 2588 2940 2642 sutiicere
2965 2587 3156 2654 possit.

1860 2659 1946 2712 10.
1996 2659 2073 2712 De
2102 2659 2462 2712 sacerdotibus
2489 2660 2579 2729 qui
2608 2659 2662 2711 in
2693 2657 2923 2712 ecclesiis
2948 2656 3024 2729 uel
3060 2660 3391 2714 monasteriis

1789 2745 1890 2782 non
1915 2729 2174 2783 habitant.
2202 2728 2526 2784 Sacerdotes
2556 2745 2790 2798 namque
2816 2728 3072 2782 constitui
3097 2738 3203 2782 non
3232 2745 3392 2797 oratr—

1788 2807 1865 2853 tet
1896 2800 1999 2854 nisi
2035 2801 2086 2854 in
2113 2800 2342 2854 ecclesia
2380 2810 2474 2854 aut
2519 2801 2742 2868 speciali
2776 2799 3107 2856 nionasterio
3131 2800 3389 2868 deputen-

1791 2878 1896 2932 tur,
1929 2887 1995 2924 ne
2025 2871 2320 2926 necessitas
2350 2872 2400 2924 in
2434 2871 2807 2926 saecularibus
2829 2871 3080 2924 domibus
3109 2870 3214 2923 illis
3238 2872 3393 2924 babi.

1791 2942 1950 2995 tando
1981 2953 2267 3001 occurrat;
2300 2942 2540 3011 alioquin
2577 2958 2606 2996 a
2657 2942 2893 3011 propriis
2920 2937 3190 3009 episcopis
3211 2951 3306 2995 aut
3337 2943 3392 2996 in

1790 3013 2062 3081 episcopia
2122 3023 2214 3066 aut
2263 3015 2314 3066 in
2367 3013 2697 3068 tnonasteria
2749 3012 3027 3067 habitandi
3059 3021 3116 3065 ct
3165 3029 3393 3066 convcr-

1792 3083 1942 3136 sandi
1969 3100 2066 3152 pro
2111 3085 2415 3138 exercendo
2446 3084 2624 3139 ollicio
2651 3085 3070 3139 constituantur.
3113 3083 3168 3136 In
3195 3084 3394 3153 quibus

1793 3157 1938 3208 enim
1967 3155 2225 3212 mulieres
2252 3155 2394 3208 nulla
2424 3156 2735 3210 conversari
2765 3155 2975 3208 ratione
3005 3154 3290 3222 permittit.

1867 3225 1953 3278 II.
1997 3223 2066 3278 Ut
2089 3226 2336 3280 sacerdos
2373 3244 2476 3279 non
2501 3225 2678 3296 aliqua
2701 3225 2827 3279 ludo
2853 3223 3158 3296 delectetur.
3193 3227 3392 3280 Sacer-

1793 3296 1892 3349 dos
1919 3296 2063 3350 enim
2111 3297 2294 3350 sedule
2325 3297 2504 3350 divina
2539 3295 2697 3351 debet
2739 3295 3068 3365 perscrutari
3108 3306 3164 3350 et
3202 3298 3392 3350 adtno-
3447 3320 3464 3336 ο

1792 3382 1922 3420 nere
1947 3366 2182 3436 eloquia,
2217 3376 2273 3421 ut
2303 3367 2611 3420 inveniatur
2641 3369 2832 3421 beatus
2877 3367 2943 3420 de
2978 3381 3088 3434 quo
3115 3367 3391 3435 psalinista

1791 3438 1867 3490 ait
1897 3453 1910 3489 :
1943 3448 1997 3491 et
2025 3439 2079 3491 in
2109 3438 2222 3507 lege
2255 3439 2372 3492 eius
2402 3438 2753 3492 meditabitur
2781 3438 2868 3492 die
2897 3453 2962 3491 ac
2990 3447 3166 3490 nocte.
3193 3438 3394 3504 Quam-

1789 3510 1979 3562 obrem
2031 3509 2154 3561 ludo
2204 3509 2386 3578 aliquo
2436 3525 2621 3562 coram
2670 3515 2728 3563 se
2763 3507 2877 3562 ﬁeri
2932 3523 3038 3561 non
3071 3509 3389 3563 delectetur.

1793 3578 2188 3649 Transgressor
2207 3581 2404 3649 quippe
2434 3580 2704 3643 inventus,
2735 3579 2805 3634 ad
2833 3579 3258 3634 admonitionem
3279 3583 3393 3650 cpi-

1793 3650 1940 3718 scopi
1989 3650 2216 3705 ulterius
2261 3667 2423 3722 agere
2468 3650 2681 3705 desinat
2736 3658 2830 3707 aut
2877 3651 2898 3680 ³
2939 3651 3201 3723 canonice
3248 3653 3391 3707 iudi—

1791 3732 1871 3776 (Ζοζ
1883 3737 1967 3774 ιη’.

1870 3791 1950 3845 12.
1982 3790 2049 3844 Ut
2066 3792 2360 3845 sacerdotes
2383 3789 2639 3858 [eneralia
2657 3801 2748 3845 aut
2769 3793 2964 3845 rustica
2976 3793 3268 3846 ministeria
3289 3796 3394 3846 non

1789 3873 2082 3916 exerceant.
2125 3862 2449 3916 Sacerdotes
2489 3862 2670 3930 itaque
2706 3864 2798 3932 qui
2831 3863 2900 3918 ad
2923 3863 3104 3917 debita
3144 3875 3201 3918 et
3230 3880 3395 3932 opor-

1793 3944 1926 3986 tuna
1957 3931 2134 3988 ollieia
2167 3933 2418 3988 ecclesiis
2453 3931 2827 3987 inditl‘erenurr
2856 3933 3044 3988 adesse
3073 3931 3291 3995 debent,
3322 3933 3426 3992 [επ

1792 4019 1924 4058 nore
1975 4003 2157 4074 aliquo
2205 4011 2299 4057 aut
2345 4003 2632 4057 venatione
2683 4005 2766 4058 vel
2809 4004 2990 4074 aliqua
3039 4006 3399 4074 occupatione

1792 4075 2107 4143 rusticoque
2135 4075 2440 4128 ministerio
2465 4075 2688 4129 omnino
2731 4092 2837 4128 non
2866 4084 3219 4145 occupmitur,
3271 4078 3398 4145 quia

1791 4145 1908 4199 sine
1932 4157 2128 4199 ornatu
2154 4145 2476 4198 samrdotali
2497 4154 2649 4214 extra
2675 4147 2865 4200 domos
2884 4161 2980 4200 eos
3004 4161 3263 4215 apparere
3287 4164 3392 4200 non

1792 4217 2063 4270 convenit.
2100 4215 2176 4269 Ne
2207 4225 2267 4269 ut
2315 4215 2494 4284 aliqui'
2528 4217 2888 4278 saecularium
2919 4217 3135 4271 iniuriis
3177 4220 3396 4286 pacian-

1793 4296 1902 4348 tur,
1938 4287 2032 4341 sed
2064 4302 2127 4339 ea
2181 4286 2522 4356 solummodo
2553 4301 2693 4354 quae
2735 4303 2833 4355 per
2878 4296 3094 4356 patrum
3143 4289 3394 4342 illStilll.:|

1793 4357 2044 4410 videntur
2080 4358 2394 4411 observent.
2427 4355 2748 4410 Contrarias
2773 4355 3007 4427 denique
3031 4358 3280 4412 inventus
3301 4369 3396 4412 aut

1793 4427 2049 4496 deinceps
2075 4427 2307 4489 desinat,
2343 4437 2434 4480 aut
2464 4429 2726 4482 canonice
2757 4429 3035 4484 subiaceat
3055 4429 3392 4498 disciplinac.

1868 4499 1953 4569 l._").
1999 4499 2059 4552 Si
2082 4499 2329 4551 sacerdos
2357 4500 2713 4552 testimonium
2737 4499 2901 4552 dicat.
2935 4499 3276 4569 Quamquam
3309 4518 3396 4555 sae

148 4559 341 4638 diaconi,
363 4563 443 4638 vel
470 4565 632 4638 etiam
660 4559 996 4638 subdiaconi,
1025 4584 1055 4622 a
1075 4559 1174 4624 suo
1196 4559 1415 4638 proprio
1438 4559 1688 4638 episeopo
1721 4569 1769 4632 D
1793 4567 2071 4624 cerdotum
2117 4570 2486 4623 testimonium
2529 4570 2843 4623 credibilius
2894 4559 3178 4635 habeatur,
3210 4579 3392 4625 tamen

151 4639 193 4680 ut
217 4631 374 4704 doceri
423 4635 631 4703 possint
674 4637 1086 4704 adutoueantur,
1118 4651 1171 4696 et
1197 4631 1418 4694 lutei-im
1455 4631 1684 4695 subiecti

152 4703 414 4782 sicrrdotes
443 4714 496 4758 et
522 4705 659 4782 tales
686 4706 962 4782 cleijci_atl
1011 4719 1220 4781 tempus
1263 4710 1682 4782 celebrationem

149 4769 307 4851 “illitis
350 4775 598 4851 misteriis
643 4785 697 4831 et
747 4777 938 4851 oﬂiciis
988 4769 1406 4851 suspendantur,
1451 4788 1508 4834 ut
1543 4781 1685 4836 docti

151 4839 324 4895 valeant
350 4846 412 4900 ad
438 4847 670 4901 debitum
709 4839 1404 4906 ministerium'advenircd
1421 4851 1477 4906 Si
1504 4862 1684 4906 autem

151 4915 375 4991 potuerint
397 4917 624 4991 edoceri,
662 4919 714 4972 in
745 4931 1010 4988 potestate
1036 4922 1271 4991 episcopi
1294 4923 1382 4975 sit.

275 4982 334 5036 Ut
356 4979 646 5062 neglegendi
674 4979 898 5062 episcopi
923 4979 1234 5046 canonicani
1259 4991 1490 5062 regulam
1515 4990 1687 5044 obser-

154 5054 865 5131 teritur._l£pis_eopu1n'cnim
909 5065 1216 5118 consecrari
1259 5054 1363 5117 non
1412 5063 1682 5125 convenit,

155 5125 280 5206 pisia
307 5125 506 5206 clericis
535 5125 1352 5206 et‘populolueritpostulatus.
1388 5133 1535 5189 Unde
1577 5131 1683 5206 Ge-

154 5187 335 5250 lestinus
354 5197 546 5273 :_p_apa
573 5187 703 5273 dicil
735 5220 746 5255 :
787 5201 975 5273 Nullus
1006 5187 1236 5259 invictus
1255 5187 1546 5259 ordinetur
1570 5203 1683 5273 cpi-

155 5277 327 5331 scopus.
354 5267 521 5324 Plebis
544 5272 708 5334 enim,
753 5272 1073 5328 clericorum
1113 5287 1167 5329 et
1204 5277 1428 5338 ordinis,
1459 5267 1686 5328 cons-n-

155 5348 226 5419 sus
245 5346 290 5419 et.
313 5339 622 5419 desiderium
647 5350 859 5419 constat
883 5359 1004 5419 esse
1031 5347 1430 5419 requiremlum.
1471 5345 1557 5419 [fit
1577 5345 1684 5398 Leo

155 5415 474 5488 filictissimus
516 5427 675 5488 papa_
703 5415 778 5467 ait
817 5430 830 5467 :
888 5415 1042 5488 Nulla
1087 5419 1230 5470 enim
1278 5417 1421 5488 ratio
1458 5416 1585 5488 sinit
1625 5425 1681 5468 nt

157 5480 547 5556 ιίιιειειίευίειτοροξ
585 5480 909 5556 habeantur,
955 5486 1044 5554 qui
1089 5503 1187 5540 nec
1223 5503 1251 5540 a
1298 5487 1509 5540 clericis
1557 5496 1681 5539 sunt

157 5540 296 5612 "1901i.
317 5540 411 5605 nec
439 5540 466 5605 ai
498 5553 742 5622 plebibus
768 5540 1012 5624 expetiti.
1047 5557 1199 5623 Quod
1224 5559 1267 5613 si
1302 5558 1354 5610 in
1383 5559 1569 5611 eadem
1595 5573 1685 5611 cc-

1794 4641 1894 4708 ipsi
1927 4640 1977 4693 in
2026 4638 2364 4707 aemularibus
2393 4641 2623 4708 negotiis
2652 4656 2752 4709 pro
2781 4642 3094 4696 testimonio
3129 4649 3224 4694 aut
3263 4660 3395 4697 con-

1794 4710 2062 4782 ltigiettdis
2089 4711 2466 4763 instrumentis
2499 4727 2605 4764 non
2632 4721 2929 4781 rogentur;
2954 4712 3080 4782 quia
3107 4727 3204 4765 eos
3232 4714 3285 4766 in
3315 4723 3396 4766 ta-

1794 4781 1934 4835 libus
1957 4783 2130 4834 rchus
2162 4797 2282 4834 esse.
2306 4797 2410 4834 non
2443 4782 2728 4846 convenit;
2764 4783 2807 4835 si
2833 4781 3167 4836 enim’ountc
3194 4801 3394 4838 causae

1793 4852 1996 4920 aliquid
2024 4852 2258 4906 viderint
2286 4859 2377 4905 aut
2414 4851 2704 4914 audierint,
2735 4853 2824 4907 ubi
2855 4854 3036 4906 nullae
3060 4854 3282 4908 idoneae
3308 4871 3391 4908 Se—

1793 4922 2030 4982 cnlariae
2075 4923 2419 4976 inveniantur
2447 4938 2732 4991 personae,
2767 4939 2833 4977 ne
2859 4925 3059 4978 veritas
3091 4925 3393 4982 occultetur

1793 5002 1847 5064 et.
1884 4992 2056 5046 malus
2086 5001 2139 5044 et
2171 4995 2344 5047 bonus
2374 4995 2677 5054 estimctur,
2710 4994 2762 5046 in
2800 4995 3134 5062 providentia
3175 5000 3390 5064 propria

1795 5063 1864 5116 sit
1895 5064 2152 5131 episcopi,
2179 5072 2237 5116 ut
2259 5073 2348 5116 attt
2373 5079 2557 5117 coram
2586 5079 2644 5118 se
2670 5073 2724 5117 et
2747 5066 3181 5134 competentibus
3204 5066 3389 5120 iudici-

1795 5134 1895 5188 bu's
1921 5142 2011 5186 aut
2040 5135 2197 5187 aliter
2227 5135 2509 5188 veritatem
2541 5135 2842 5190 honoriﬁce
2868 5135 3100 5189 attollat.

1868 5203 1951 5257 ll.
1985 5203 2099 5276 Ubi
2131 5205 2425 5276 sacerdotes
2471 5217 2583 5274 post
2616 5205 2988 5276 condempnem
3013 5223 3124 5258 esse
3163 5215 3387 5275 oportet.

1795 5275 2116 5329 Sacerdotes
2143 5275 2345 5328 etenim
2375 5285 2467 5328 aut
2490 5276 2738 5344 quamvis
2765 5277 2904 5329 alius
2927 5277 2981 5329 in
3021 5278 3212 5330 ordine
3251 5277 3390 5330 cclc-

1793 5347 2331 5421 siasticoprovcctus
2371 5348 2416 5400 si
2446 5348 2522 5421 _in
2548 5363 2614 5421 eo
2641 5347 2662 5377 ³
2693 5346 2905 5421 scelere
2929 5348 3254 5421 inveniatur,
3279 5365 3389 5421 quo

1791 5415 2106 5488 abiciendus
2154 5415 2372 5475 existat.
2426 5419 2702 5486 depositus
2757 5418 3091 5488 providentia
3147 5415 3385 5487 episcopi

1790 5487 1926 5560 bene
1953 5489 2168 5560 proviso
2203 5489 2318 5543 loco
2350 5487 2772 5548 constituantur.
2807 5489 2897 5544 ubi
2927 5497 3147 5559 peccata
3170 5489 3378 5560 lugeant

1787 5566 1840 5611 et
1876 5559 2101 5614 ulterius
2135 5574 2238 5613 non
2270 5560 2631 5615 committant.

1330 5689 1721 5745 VARI.\N'I‘|£S
1765 5691 2168 5747 LECTIONES.

216 5812 407 5874 'doceat
439 5839 482 5874 c.
559 5823 575 5853 ³
601 5833 654 5877 et
687 5822 908 5878 lcstinus
933 5843 976 5877 ι’.
1056 5825 1074 5854 ³
1099 5824 1276 5879 desint
1305 5842 1390 5878 an.
1472 5825 1488 5855 ³
1528 5841 1620 5880 eos
1648 5841 1692 5877 c.
