3828 6220
354 233 461 299 7‘23

1281 232 1341 286 Β.
1381 230 1633 288 CAROLI
1670 230 1884 286 MAGNI
1923 229 2074 286 OPP.
2119 230 2296 286 PARS
2333 229 2373 285 I.
2417 229 2660 288 SECTIO
2700 230 2741 286 Ι.

3528 230 3625 286 721

352 361 515 415 neque
562 345 761 415 iudices
804 341 1044 400 villarum
1086 346 1240 415 ﬁant.
1269 345 1339 401 Ut
1361 343 1645 414 prcsbiteri
1667 358 1829 415 curas
1850 358 1935 398 se-
1965 350 2016 409 Α
2038 342 2309 415 stipendia
2335 343 2627 413 accipiunt,
2655 346 2711 399 in
2750 360 2848 398 suo
2886 344 3127 399 claustro
3159 352 3409 415 maneant
3440 352 3492 400 et
3520 347 3624 403 sin-

350 413 563 473 culares
595 413 901 470 nuilatenus
933 413 1242 479 exerceant,
1268 415 1321 470 id
1342 422 1506 469 estut
1529 428 1703 483 neque
1733 413 1938 470 iudices

352 499 529 556 neque
556 485 786 556 maiores
816 485 1063 556 villarum
1105 487 1119 516 ι
1147 485 1299 540 ﬂant.

426 552 546 611 1⁷75.
573 552 641 609 Ut
682 556 736 608 in
778 555 944 610 titulis
994 556 1180 626 quibus
1223 554 1494 626 presbiteri
1534 565 1942 626 consecrantur,

353 639 662 699 antesuam
697 623 1073 699 praelationem
1121 623 1461 680 stabilitatem
1506 625 1833 699 promittant.
1877 623 1947 680 Ut

352 696 658 769 prcsbiteri,
688 696 779 765 qui
812 696 865 751 in
894 696 1064 769 titulis
1099 703 1502 769 consecrantur,
1520 695 1835 769 secundum
1850 709 1945 769 ea-

354 764 542 830 iiones,
567 764 854 837 antequam
886 767 1234 834 ordinentur,
1282 765 1696 837 promissionem
1733 764 1945 820 stabili-

356 839 490 892 tatis
518 838 617 892 loci
648 837 792 892 illius
819 836 1037 892 far-iant.

427 909 549 963 176.
583 908 664 962 Ne
690 908 917 978 feminae
938 925 1055 962 eum
1074 908 1372 978 presbiteris
1401 907 1654 961 habitent.
1691 905 1761 962 Ut
1787 922 1942 978 pres-

354 979 544 1044 biteri,
584 994 766 1034 secum
805 977 1033 1034 feminas
1077 977 1355 1034 licentiam
1393 993 1501 1034 non
1538 978 1771 1033 habeant
1796 977 1950 1047 habi-

357 1050 528 1113 tandi,
557 1058 612 1105 et
638 1060 697 1103 ut
722 1049 1059 1119 suspiciones
1080 1048 1357 1117 effugiant.

429 1122 548 1175 177.
577 1119 651 1173 De
679 1117 974 1190 presbiteris
1000 1119 1075 1175 vel
1105 1119 1309 1190 clericis
1333 1119 1581 1190 fugitivis.
1610 1118 1687 1173 De
1709 1117 1949 1189 fugitivis

355 1188 779 1262 presbiteris'vel
819 1190 1032 1247 clericis
1067 1188 1341 1262 canonica:
1367 1188 1661 1262 auctoritas
1696 1188 1951 1262 therve-
1986 1196 1989 1197 '

349 1259 480 1325 tur;
513 1262 567 1318 id
596 1269 680 1317 est
720 1271 778 1316 ut
820 1277 979 1318 nemo
1012 1270 1258 1318 nostrum
1295 1259 1553 1316 clericum
1578 1259 1803 1316 alterius
1828 1274 1951 1328 par-

360 1334 578 1389 rochiae
598 1331 831 1399 ordinet,
858 1346 1032 1403 neque
1059 1333 1377 1393 ordinatum
1397 1329 1658 1403 suscipiat
1683 1331 1799 1403 sine
1829 1344 1952 1399 pcr-

278 1420 281 1423 ‘
367 1404 621 1459 missione
662 1403 746 1458 sui
772 1400 1009 1473 episcopi
1040 1405 1082 1456 '.
1128 1402 1195 1457 Et
1223 1402 1324 1458 hoc
1348 1400 1799 1464 considerandum
1834 1407 1946 1465 est,

362 1474 492 1545 quid
516 1475 587 1545 de
609 1472 813 1545 talibus
843 1472 1146 1545 faciendum
1179 1472 1270 1529 sit.

432 1544 556 1599 178.
601 1541 672 1598 ω
716 1544 775 1598 in
818 1543 1060 1599 domibus
1104 1561 1210 1599 non
1263 1545 1577 1601 consecratis
1621 1557 1949 1614 nequaquam

361 1614 522 1670 niissn
559 1614 863 1669 celebretur.
897 1614 1178 1671 Sancitum
1204 1627 1305 1682 est,
1334 1626 1394 1672 ut
1419 1616 1599 1670 nullus
1622 1612 1951 1684 presbiter-o-

363 1700 484 1740 rum
513 1684 565 1738 in
605 1684 855 1756 demibus
879 1685 948 1741 ab
972 1686 1239 1756 episcopis
1274 1702 1381 1742 non
1425 1682 1758 1741 cous'ci'atis
1800 1682 1951 1738 obla-

363 1756 567 1829 tionem
592 1754 1214 1829 efferrequoquomodo
1236 1766 1564 1829 praesumat.

436 1826 561 1883 179.
586 1825 655 1881 Ut
674 1824 966 1897 presbiteri,
1000 1827 1210 1882 diaconi
1237 1824 1314 1883 uel
1347 1825 1655 1882 subdiaconi
1681 1840 1773 1879 nec
1802 1839 1954 1897 arma

361 1905 584 1968 portent,
612 1894 1370 1968 nec‘renationemezerceant.
1417 1897 1485 1952 Et
1528 1899 1630 1968 hoc
1654 1894 1953 1968 cavendum

362 1965 469 2029 est,
502 1975 563 2020 ut
586 1966 873 2036 presbiteri
906 1968 987 2022 vel
1026 1967 1240 2024 diaconi
1286 1968 1399 2023 sive
1443 1965 1758 2023 subdiaconi
1783 1978 1953 2036 arma

361 2035 598 2107 portare
622 2051 728 2091 non
773 2047 1153 2106 praesumant,
1183 2054 1357 2109 neque
1391 2038 1704 2095 venationes
1746 2035 1955 2105 aliquas

364 2121 642 2163 exercere.
778 2136 783 2141 ·

436 2176 561 2234 180.
591 2176 745 2243 Quod
775 2194 877 2232 non
905 2177 1059 2232 liccat
1087 2177 1295 2233 mulieri
1329 2188 1567 2235 sanctum
1603 2176 1770 2232 velum
1806 2190 1955 2229 acce-

361 2257 509 2320 ptum
530 2247 808 2320 dimittere.
826 2247 1376 2320 Qualicunquemodo
1398 2249 1592 2320 mulier
1609 2245 1956 2320 permittente

364 2316 627 2375 canonice
652 2317 768 2373 viro
792 2333 891 2374 suo
911 2328 1006 2374 aut
1028 2335 1095 2375 eo
1111 2316 1381 2376 'defuncto
1411 2319 1588 2374 velum
1613 2316 1871 2374 sanctum
1899 2316 1954 2369 in

186 2406 187 2409 η
279 2439 282 2443 ,
364 2396 527 2471 caput
547 2389 832 2471 acceperit,
864 2399 958 2471 aut
992 2398 1184 2471 sponte
1208 2398 1302 2446 aut
1328 2390 1517 2456 invita,
1563 2390 1616 2443 in
1642 2404 1708 2444 eo
1736 2400 1952 2459 perma-

365 2467 493 2516 neat
518 2460 740 2515 omnino
762 2475 862 2516 nec
887 2460 1152 2527 dimittat,

439 2529 561 2615 181.
592 2527 661 2584 ω
690 2546 770 2584 res
794 2547 1085 2615 pauperem
1112 2530 1189 2615 vel
1215 2531 1389 2586 minus
1410 2538 1680 2615 potentum
1704 2526 1956 2615 malaue-

363 2601 701 2672 casionehnon
727 2599 991 2672 emuntur.
1019 2599 1246 2671 Propter
1270 2599 1615 2672 provisiones‘
1637 2612 1951 2672 pauperum,

362 2685 462 2742 pro
483 2670 689 2742 quibus
705 2680 891 2742 curam
914 2671 1113 2729 habere
1125 2669 1415 2736 debemus,
1445 2670 1647 2742 placuit
1669 2669 1831 2742 nobis
1850 2710 1864 2734 ,
1893 2676 1955 2722 ut

362 2739 465 2797 nec
486 2739 846 2811 episeopitnec
868 2742 1091 2800 abbates
1116 2759 1215 2799 nec
1235 2739 1462 2799 comites
1501 2757 1601 2797 nec
1630 2740 1817 2795 vicarii
1856 2754 1955 2811 nec

364 2809 570 2883 iudices
624 2809 909 2883 nullusque
948 2815 1170 2869 omnino
1214 2814 1316 2869 sub
1367 2814 1503 2868 mala
1539 2811 1826 2869 occasione
1871 2809 1955 2864 vel

363 2880 508 2938 malo
529 2881 745 2955 ingenio
770 2880 860 2955 res
888 2897 1185 2955 pauperum
1218 2884 1302 2955 vel
1339 2884 1518 2940 minus
1541 2890 1823 2955 potentum
1856 2895 1957 2955 nec

361 2966 543 3024 emere
566 2950 666 3007 nec
687 2953 739 3008 vi
768 2950 956 3008 tollere
985 2950 1200 3010 audeat.
1232 2954 1338 3010 Sed
1361 2950 1607 3024 quisquis
1630 2953 1651 2984 ³
1679 2966 1746 3008 ex
1766 2951 1847 3006 eis
1865 2950 1958 3006 ali-

362 3022 491 3095 quid
521 3036 838 3095 comparare
873 3024 1135 3089 voluerit,
1183 3026 1237 3080 in
1276 3022 1737 3095 publieo'placito
1771 3036 1957 3076 coram

2042 413 2182 484 gulis
2212 414 2403 468 diebus
2428 430 2587 468 inane
2611 415 2782 484 prima
2805 416 2871 470 ad
2900 415 3188 469 lectionem
3218 414 3432 469 veniant
3452 423 3505 471 et
3536 433 3624 471 au-

2045 486 2215 548 diant,
2240 484 2372 554 quid
2392 486 2472 539 eis
2499 485 2808 554 imperetur.
2850 487 2929 538 Ad
2959 500 3199 540 mensam
3234 500 3360 554 vero
3393 486 3625 545 similiter

2046 553 2329 610 lectionem
2357 553 2612 610 audiant}
2634 564 2655 609 t
2678 556 3042 611 obedientiam
3082 553 3376 611 secundum
3402 570 3623 615 canones

2047 626 2322 695 magistris
2342 627 2456 681 suis
2486 627 2794 683 exhibeant.

2116 695 2240 752 186.
2265 694 2344 768 De
2368 696 2667 768 presbiteris
2695 698 2898 753 occisis.
2923 696 3216 754 Presbiteri
3236 694 3493 768 interfecti
3518 699 3622 768 epi-

2045 781 2227 836 scopo,
2259 767 2327 823 ad
2351 766 2507 823 cuius
2533 768 2872 837 parrochiam
2901 770 3190 838 pertinent,
3239 766 3508 823 solvantur
3545 766 3622 824 sc-

2046 838 2279 910 cundum
2302 838 2597 910 capitulare
2617 838 2836 909 gloriosi
2861 838 3039 910 Karoli
3067 838 3332 910 genitoris
3356 839 3537 903 nostri,
3552 840 3618 894 ita

2047 907 2317 980 videlicet,
2345 907 2770 980 utimediet'atem
2796 907 3176 980 wirgildieins
3210 908 3486 980 episcopus
3524 911 3622 964 uti-

2047 976 2289 1051 litatibus
2310 979 2589 1051 ecclesiae,
2615 980 2701 1036 cui
2730 981 2778 1036 is
2798 976 3052 1051 praefuit,
3083 976 3304 1051 tribuat,
3331 976 3619 1051 ctjalteram

2049 1049 2392 1121 medietatem
2420 1050 2471 1104 in
2508 1048 2815 1121 elyinosina'
2840 1050 2983 1105 illius
3004 1050 3143 1106 iuste
3172 1048 3473 1121 dispertiat:
3496 1050 3620 1121 'quia

2048 1119 2228 1175 nullus
2262 1120 2418 1176 nobis
2446 1119 2572 1177 eius
2600 1120 2760 1177 heres
2779 1121 3076 1191 proximior
3098 1120 3327 1185 videtur,
3354 1133 3508 1189 quam
3542 1120 3620 1177 ille

2050 1190 2141 1260 qui
2180 1191 2356 1260 ipsum
2379 1191 2606 1248 Domino
2628 1190 2873 1249 sociavit.

2122 1260 2245 1334 187.
2277 1259 2356 1316 De
2379 1263 2708 1334 accusatione
2744 1262 2988 1334 episcopi.
3036 1261 3112 1319 Ut
3148 1261 3459 1332 episcopum
3497 1262 3620 1318 nulli

2049 1331 2344 1388 criminoso
2379 1330 2541 1387 liceat
2577 1330 2854 1389 accusare.

2123 1400 2244 1458 188.
2284 1400 2439 1467 Quod
2468 1419 2571 1458 non
2607 1402 2760 1458 liceat
2796 1402 3118 1458 monasteria
3158 1401 3269 1457 Deo
3309 1411 3510 1457 sacrata
3548 1403 3623 1457 di-

2044 1473 2283 1529 versoria
2306 1473 2424 1541 ﬁeri
2452 1471 2736 1528 secularia.
2770 1471 2842 1529 Ut
2864 1474 3118 1543 deinceps
3139 1472 3623 1542 monasteria,quao

2052 1543 2164 1598 Deo
2196 1550 2410 1611 sacrata
2435 1557 2558 1599 esse
2579 1551 2896 1609 noscuntur,
2933 1542 3230 1600 diversoria
3270 1543 3520 1598 secularia
3545 1559 3622 1600 se-

2051 1613 2290 1669 cundum
2314 1614 2631 1670 canonicam
2655 1615 3065 1678 institutionem,
3090 1615 3144 1669 in
3165 1621 3424 1683 quantum
3447 1628 3624 1669 cavere

2054 1684 2157 1740 hoc
2184 1698 2490 1754 possumus,
2523 1700 2630 1740 non
2655 1684 2817 1749 flant,
2861 1686 2957 1741 sed
2989 1684 3255 1754 religiosis
3290 1691 3346 1738 et
3375 1684 3532 1739 Deum
3561 1684 3626 1739 ti-

1987 1755 2030 1815 Β
2059 1755 2329 1827 nien_tibu_s
2351 1754 2767 1827 hominibusque
2788 1755 3015 1827 sacratis
3042 1756 3367 1827 tribuantur.

2110 1823 2355 1897 -189._Ut
2384 1822 2768 1897 coniurationes
2808 1824 2885 1882 vel
2921 1826 3336 1897 conspirationes
3357 1840 3455 1878 non
3479 1822 3631 1897 fiant.

2059 1895 2130 1951 Ut
2151 1895 2553 1967 coniurationes
2589 1896 2672 1967 vel
2697 1893 3125 1967 conspirationes
3162 1910 3269 1967 non
3308 1893 3466 1960 fiant;
3508 1893 3625 1965 quia

2056 1968 2193 2022 haec
2208 1964 2473 2037 facientes
2499 1966 2640 2037 sacri
2666 1964 2896 2037 canon—es
2925 1967 3163 2037 graviter
3184 1966 3457 2037 damnant.

2128 2035 2252 2108 190.
2282 2035 2358 2091 De
2377 2036 2483 2092 illis
2502 2036 2592 2108 qui
2627 2054 2708 2093 res
2730 2033 2977 2092 ecclesiae
3004 2035 3287 2108 tenenttsi
3327 2035 3446 2108 quis
3468 2033 3628 2108 eecle-

2055 2106 2329 2163 siastic’am
2356 2122 2469 2162 rem
2506 2104 2652 2162 tenet
2686 2116 2741 2163 et
2778 2108 3086 2163 admonitus
3126 2106 3381 2163 iudicium
3404 2104 3624 2161 declina-

2053 2178 2212 2260 verit,
2240 2178 2597 2260 quoadusque
2610 2177 2683 2260 ad
2707 2178 3097 2260 discussionem
3136 2177 3350 2260 veniat,
3379 2184 3478 2260 cant
3522 2190 3627 2230 rem

2055 2248 2306 2304 restituat
2324 2246 2766 2315 ecclesiasticam,
2797 2256 2892 2304 aut
2911 2248 3288 2305 communione
3311 2246 3558 2317 privetur.

2127 2319 2253 2375 191.
2282 2317 2360 2373 De
2387 2334 2532 2374 servo
2554 2318 2803 2389 ecclesiae
2833 2320 2888 2375 in
2931 2319 3074 2389 furto
3116 2315 3529 2389 compage/tenso.
3552 2315 3628 2389 _Si

2055 2404 2246 2463 servus
2268 2389 2531 2463 ecclesiae
2559 2390 2612 2443 in
2644 2387 2800 2463 furto
2818 2386 3276 2463 conipraehensus
3302 2386 3533 2463 tulerit,_a
3550 2386 3629 2463 iu-

1999 2520 2011 2532 _
2054 2458 2413 2542 dic_e__publico
2439 2459 2580 2515 sicut
2613 2468 2668 2516 et
2688 2460 2898 2542 _reliqui
2912 2456 3293 2542 distringatur.
3329 2456 3395 2511 Et
3414 2457 3459 2512 si
3484 2457 3629 2512 iudex

2055 2530 2303 2601 publicus
2327 2544 2542 2601 servum
2589 2530 2853 2587 ecclesiae
2880 2532 2999 2587 sine
3042 2531 3063 2563 '
3104 2531 3248 2585 furto
3288 2544 3395 2601 non
3418 2543 3628 2601 praesa:

2056 2596 2291 2657 iacntem
2317 2600 2435 2656 sine
2470 2601 2741 2657 audientia
2778 2602 3100 2658 viccdomini
3142 2610 3235 2655 aut
3280 2596 3629 2654 archidiaconi

2056 2679 2149 2726 aut
2174 2671 2414 2744 detinere
2434 2680 2525 2744 aut
2547 2672 2802 2728 iniuriarc
2817 2671 3257 2744 praesumpserit,
3276 2685 3417 2725 anno
3438 2669 3631 2740 integro

2056 2743 2126 2798 ab
2155 2741 2417 2797 ecclesiae
2445 2742 2720 2798 liminibus
2746 2741 2995 2799 arceatur
3016 2743 3058 2796 ⁶.

2126 2812 2250 2868 192.
2278 2811 2354 2884 De
2377 2812 2480 2876 his,
2501 2814 2591 2884 qui
2613 2814 2859 2868 clericum
2892 2812 3275 2867 iniuriaverint.
3314 2810 3400 2884 Ex
3427 2808 3629 2884 concilio
3676 2834 3689 2845 ·

2054 2881 2522 2938 Autissiodorensi.
2551 2881 2866 2951 Quicunque
2901 2884 3056 2938 iudex
3085 2892 3177 2936 aut
3215 2881 3476 2938 secularis
3495 2894 3630 2951 pres-

2054 2954 2229 3009 bitero
2254 2960 2348 3007 aut
2372 2950 2760 3017 diacono,‘aut
2784 2950 3021 3009 cuilibet
3049 2952 3116 3007 de
3142 2952 3318 3016 clero,
3350 2959 3443 3005 aut
3467 2952 3527 3005 de
3558 2950 3630 3005 in-

2056 3025 2320 3087 niorihus,
2350 3024 2555 3093 absque
2589 3024 2858 3080 audientia
2897 3023 3133 3093 epis'opi
3170 3023 3252 3077 vel
3283 3019 3657 3093 archidiacoui‘

364 3090 572 3173 idoneis
592 3090 820 3173 testibus
841 3102 895 3151 et
919 3111 1042 3151 cum
1072 3090 1406 3173 ratione—hoc
1428 3090 1613 3173 faciat.
1643 3093 1957 3173 Ubicunque
1982 3106 2026 3169 ο
2060 3096 2144 3150 vel
2184 3090 2643 3173 archipreshiteri
2668 3090 3166 3173 iniuriaminferre
3208 3090 3630 3173 praesumpserit,

362 3171 547 3218 autem
595 3163 753 3219 aliter
796 3166 1075 3221 inventum
1117 3166 1278 3222 fuerit
1322 3164 1555 3230 factum,
1594 3167 1696 3221 hoc
1734 3164 1956 3219 omnino

367 3235 682 3304 emendetur
709 3249 807 3304 per
834 3236 1126 3293 iussionem
1155 3245 1417 3293 nostram.

436 3302 560 3359 182.
591 3303 666 3379 ρο
689 3302 940 3379 potestate
969 3308 1328 3379 episcoporum
1352 3324 1445 3379 pro
1471 3307 1630 3379 rebus
1646 3303 1959 3379 ecclesiasti-

362 3375 459 3438 cis,
491 3391 553 3449 ac
574 3374 640 3428 de
659 3374 1016 3449 canuenientia
1034 3374 1391 3449 episcoporum
1406 3394 1539 3449 cum
1561 3377 1732 3449 laicis.
1761 3374 1830 3431 Ut
1851 3375 1959 3449 epi-

362 3443 509 3514 scopi
542 3453 867 3515 potestatem
902 3443 1138 3503 habeant
1175 3443 1264 3503 res
1302 3447 1704 3505 ecclesiasticas
1747 3443 1960 3515 praevi-

362 3515 514 3578 dere.
534 3530 723 3587 regere
739 3523 796 3571 et
818 3517 1117 3587 gubernare
1139 3525 1303 3642 atque
1323 3519 1636 3589 dispensare
1660 3517 1956 3572 secundum

363 3585 681 3641 canonicam
708 3588 1109 3642 auctoritatem.
1139 3588 1219 3642 Vo
1243 3605 1420 3642 umus.
1451 3590 1512 3642 ut
1535 3587 1656 3642 laici
1689 3588 1745 3642 in
1770 3602 1956 3641 eorum

363 3585 681 3655 canonicam
708 3585 1109 3644 auctoritatem.
1139 3585 1423 3655 Volumus,
1451 3590 1512 3644 ut
1535 3587 1656 3645 laici
1689 3588 1745 3643 in
1770 3602 1957 3641 eorum

364 3654 672 3731 ministerii;
705 3658 960 3714 obediant
990 3660 1259 3731 episcopis
1297 3664 1364 3731 ad
1402 3654 1667 3731 regendas
1698 3657 1959 3731 ecclesias

362 3724 458 3800 Dei
504 3726 546 3790 ’⁵,
586 3726 783 3800 viduas
813 3737 868 3784 et
913 3724 1193 3800 orphanos
1229 3724 1609 3795 defensandos,
1655 3735 1710 3784 et
1748 3738 1806 3782 ιιι
1831 3729 1960 3800 obc—

265 3838 271 3846 .
360 3795 574 3852 dientes
604 3797 715 3852 sint
740 3799 818 3855 eis
839 3801 906 3855 ad
926 3795 1113 3855 eorum
1140 3800 1591 3856 christianitatem
1614 3798 1957 3855 servandam.

364 3864 431 3948 Et
457 3867 690 3948 episcopi
713 3871 1116 3948 consentientes
1140 3870 1575 3948 sint__comitibus
1608 3879 1663 3926 et
1689 3869 1962 3948 iudicibus

364 3937 434 3992 ad
471 3937 706 4012 iustitias
743 3939 1037 4012 faciendas.
1072 3942 1139 3996 Et
1164 3941 1471 3997 nullatenus
1510 3957 1610 4012 per
1654 3940 1958 4012 aliquorum

364 4006 707 4064 mendacium
728 4011 811 4082 vel
841 4010 1034 4067 falsum
1061 4012 1434 4069 testimonium
1459 4006 1635 4082 neque
1662 4006 1958 4081 periurium

363 4084 459 4153 aut
477 4092 581 4153 per
602 4081 904 4153 praemium
928 4082 1014 4139 lex
1040 4082 1181 4139 iusta
1203 4083 1259 4138 in
1287 4083 1469 4153 aliquo
1495 4081 1838 4153 depravatur.

590 4147 768 4229 De_eo,
787 4152 878 4222 qui
916 4169 1131 4229 causam
1160 4147 1449 4208 iudicatam
1478 4147 1704 4225 rep-clere
1742 4168 1961 4222 praesu-

362 4216 478 4298 mit.
514 4216 571 4273 Si
596 4220 718 4298 quis
741 4216 962 4298 emissa)
991 4224 1287 4298 iudicatam
1318 4216 1563 4298 repetere
1585 4216 1962 4298 praesumpse-

365 4290 438 4369 r_it
463 4290 514 4369 i_n
542 4290 720 4369 multo,
740 4291 922 4361 ibique
944 4295 1173 4350 testibus
1195 4290 1677 4369 convictus‘fue'rit,
1695 4302 1787 4369 aut
1810 4290 1962 4362 quin-

363 4356 537 4439 decim
561 4356 1101 4439 solidos.c6nponat,_
1117 4373 1211 4439 aut
1236 4364 1546 4435 quindecim
1574 4356 1715 4439 ictus
1738 4365 1806 4419 ab
1830 4356 1960 4419 'sca-

364 4424 533 4505 “"2591
552 4431 644 4505 (1ιῇ
670 4424 1073 4505 ωυβδηῖριιίυέ
1089 4424 1463 4492 iudicaverunt
1479 4476 1494 4501 ,
1526 4433 1776 4505 accipiat.

436 4497 670 4581 ιεέίυε
700 4497 980 4581 colonis-et
1016 4504 1414 4581 ﬁscalinie._Ut
1456 4497 1558 4581 nec
1597 4497 1822 4561 coionus
1860 4518 1961 4560 nec

364 4565 643 4644 ﬁscelinqs
675 4573 884 4640 possint
912 4565 1109 4630 alicubi
1141 4576 1462 4635 traditiones
1487 4575 1685 4631 facere.
1966 4640 1970 4644 θ

435 4637 559 4716 18_5.
583 4639 662 4695 De
675 4637 787 4696 'vita
811 4646 1204 4716 canonicorum.
1230 4646 1289 4699 In
1307 4646 1560 4702 omnibus
1581 4647 1767 4716 igitur,
1794 4659 1958 4714 quan-

364 4713 481 4793 tum
506 4708 740 4793 hymetia
765 4714 1034 4793 permittit
1052 4713 1318 4793 fragilitas
1337 4708 1695 4793 decrevimiis,
1722 4708 1783 4770 ut
1800 4708 1963 4793 eano-

366 4778 473 4832 uici
499 4777 963 4839 clerici’eanonice
985 4777 1185 4849 vivant,
1213 4788 1566 4843 observantes
1588 4777 1802 4841 divinae
1830 4787 1965 4841 scri-

365 4856 582 4938 pturae.
597 4851 900 4938 doctrigam
914 4933 924 4938 _
936 4856 1361 4938 ett-documenta
1385 4867 1697 4938 sanctorum
1720 4864 1960 4938 patrum,

363 4925 420 4998 et
452 4918 584 4974 nihil
614 4922 734 4998 sine
768 4923 985 4978 licentia
1012 4926 1254 4997 episcopi
1280 4928 1362 4998 sui
1390 4928 1474 4983 vel
1497 4918 1743 4997 magistri
1774 4918 1964 4998 eorum

366 4993 707 5080 Ξτῑῖξὶηὲεκξίριὲ
729 5005 889 5080 εβςφ
915 4993 1285 5080 Pessume"!-
1320 4997 1376 5052 ιιι
1395 4993 1736 5080 russusque.
1754 4996 1964 5080 θρίδαξ·

363 5065 492 5140 patu
510 5068 585 5140 et
613 5064 771 5140 simul
799 5065 1127 5140 manducent
1154 5075 1211 5140 et
1236 5064 1544 5140 dormiant;
1561 5064 1655 5123 ubi
1679 5067 1771 5140 his
1788 5064 1965 5140 facul-

368 5128 450 5182 tas
473 5128 525 5185 id
542 5128 773 5189 faciendi
795 5142 1051 5206 suppetit.
1072 5137 1167 5193 νει
1191 5139 1283 5210 qui
1306 5138 1371 5194 de
1396 5128 1558 5194 rebus
1581 5136 1965 5194 ecclesiasticis

1989 4467 2039 4525 υ
2066 4436 2289 4525 [uillulae
2325 4434 2748 4525 redemptionem
2792 4434 2997 4525 solvat,
3173 4452 3401 4525 {nanum
3443 4434 3634 4515 perdat.

2060 3161 2354 3220 anathema
2393 3167 2463 3221 ab
2498 3166 2741 3221 omnium
2781 3161 3223 3221 christianorum
3246 3161 3515 3220 consortio
3548 3161 3634 3215 ha-

2056 3238 2268 3293 beatur.
2365 3236 2372 3242 ’

2135 3307 2254 3362 195.
2289 3304 2357 3361 Ut
2397 3307 2671 3362 homicidis
2699 3308 2774 3363 vel
2797 3308 3015 3363 caeteris
3040 3307 3161 3372 reis,
3186 3304 3498 3376 quilegibus
3515 3300 3635 3376 mori

2058 3378 2264 3440 debent,
2305 3378 2447 3448 siad
2473 3378 2741 3433 ecclesiam
2770 3378 3131 3448 confugerint,
3180 3374 3359 3448 nullus
3388 3374 3461 3448 eis
3485 3374 3634 3448 virtus

2058 3448 2214 3502 detur
2238 3449 2282 3501 ".
2323 3447 2391 3505 Ut
2426 3447 2710 3504 homicidis
2754 3448 2835 3503 vel
2872 3444 3104 3505 caeteris
3137 3447 3279 3509 reis,
3311 3445 3404 3516 qui
3449 3444 3637 3516 legibus

2060 3519 2440 3590 moridebeut,
2476 3520 2520 3574 si
2560 3521 2628 3575 ad
2662 3519 2946 3576 ecclesiam
2998 3512 3346 3590 confugerint
3381 3516 3433 3581 ³,
3472 3512 3635 3570 nullus

2059 3589 2140 3645 eis
2172 3588 2344 3644 victus
2369 3590 2547 3644 detur.

2133 3659 2256 3715 194.
2278 3658 2352 3714 De
2371 3659 2587 3733 decimis
2605 3677 2697 3731 per
2716 3661 2997 3733 iussionem
3023 3662 3249 3733 episwpi
3268 3654 3635 3733 dispensandis.

2009 3736 2013 3740 '
2064 3729 2133 3802 Ut
2154 3730 2527 3802 unusquisque
2563 3726 2717 3802 suam
2741 3731 3007 3788 decimam
3035 3726 3206 3789 donet
3232 3726 3395 3802 atque
3419 3742 3516 3800 per
3540 3726 3637 3784 ius-

2061 3800 2271 3855 si0nem
2293 3800 2531 3871 episcopi
2564 3801 2855 3871 dispenset.

2132 3871 2256 3955 49.5.
2277 3870 2531 3955 “Qualiter
2551 3870 2933 3955 de_{qtr_onibus
2954 3872 3257 3955 faciendum
3278 3873 3366 3928 sit.
3397 3871 3466 3929 Ut
3489 3870 3636 3955 latro-

2063 3956 2160 4014 nes
2184 3942 2249 3996 de
2272 3941 2466 4014 infrar’
2490 3941 2842 4014 emuhitatem
2890 3963 2920 3999 ει
2950 3940 3127 4000 iudice
3154 3944 3321 4014 ipsius
3344 3940 3638 4014 emunita}is

2064 4013 2116 4067 in
2145 4012 2358 4068 comitis
2388 4013 2585 4084 placito
2607 4022 3038 4084 praesententur.
3069 4015 3135 4068 Et
3167 4010 3258 4084 qui
3292 4015 3403 4069 hoc'
3433 4028 3538 4071 non
3565 4010 3635 4084 leg

2062 4083 2218 4146 eerit,
2246 4080 2564 4142 bcueiicium
2590 4080 2645 4141 et
2673 4085 2932 4139 honorem
2966 4080 3202 4153 perdat.‘
3221 4083 3481 4139 Similiter
3510 4080 3637 4153 vassi

2063 4156 2258 4219 nostri,
2282 4157 2326 4212 si
2358 4157 2460 4213 hoc
2504 4171 2612 4211 non
2650 4152 3091 4225 adimpleverint,
3123 4154 3441 4210 beneficium
3476 4160 3535 4225 et
3554 4152 3639 4206 ho-

2064 4241 2254 4283 norem
2279 4228 2526 4297 perdant.
2557 4227 2625 4281 Et
2652 4226 2743 4297 qui
2777 4222 3095 4282 beneficium
3132 4241 3251 4282 non.
3273 4225 3489 4290 habent,
3521 4224 3638 4279 ban-

2066 4312 2194 4350 lllllll
2220 4305 2451 4351 SOIVﬂIll.

2137 4367 2260 4438 196.
2291 4365 2369 4421 De
2394 4367 2662 4438 periuriis.
2695 4368 2771 4423 De
2794 4383 2879 4433 eo,
2921 4367 3015 4438 qui
3039 4366 3337 4437 periurium
3364 4365 3566 4438 fecerit,
3590 4369 3639 4420 ut

2064 4506 2218 4573 Quod
2246 4508 2290 4562 si
2318 4505 2602 4562 accusator
2624 4510 2949 4564 contendere
2984 4509 3211 4564 voluerit
3234 4509 3301 4565 de
3324 4505 3459 4576 ipso
3480 4505 3639 4576 periu~

2066 4580 2167 4641 rio,
2204 4585 2350 4633 stent
2397 4578 2465 4651 ad
2492 4592 2746 4651 crucem._
2774 4579 2925 4651 Etusi
2965 4580 3173 4651 iurator
3215 4578 3439 4651 vicerit,
3484 4578 3638 4647 legem

2065 4662 2219 4703 suam
2240 4649 2532 4704 accusator
2553 4649 2824 4705 emendet.
2845 4649 2954 4705 Hoc
2970 4665 3098 4705 vero
3119 4649 3188 4705 de
3214 4649 3517 4704 minoribus
3534 4660 3639 4701 cau-

2066 4719 2142 4773 sis
2167 4718 2583 4774 obscrvandum.
2618 4718 2696 4775 De
2739 4721 3035 4776 maioribus
3077 4734 3206 4776 vero
3249 4720 3415 4775 rebus
3458 4725 3549 4773 aut
3583 4715 3639 4771 de

2066 4788 2589 4860 statuiingenuitatis
2617 4790 2911 4845 secumlum
2936 4790 3113 4860 legem
3135 4790 3463 4845 custodiant.

2141 4859 2264 4914 197.
2296 4856 2372 4913 De
2395 4856 2690 4931 latrenibus
2715 4861 2849 4915 iuste
2870 4856 3164 4931 peremptis,
3183 4869 3245 4931 iet
3273 4859 3338 4913 de
3351 4856 3638 4931 hominibus

2066 4929 2259 4999 iniuste
2280 4928 2499 4999 punitis.
2521 4929 2593 4983 De
2620 4930 2854 4984 vindicta
2870 4928 2930 4984 et
2958 4928 3157 4985 iudicio
3181 4930 3321 4985 iusto
3347 4929 3401 4983 in
3426 4929 3642 4999 latrones

2070 4996 2216 5053 facto
2239 4994 2549 5070 testimonia
2574 5000 2944 5069 episcoporum
2971 5002 3176 5070 absque
3200 5009 3422 5069 peccato
3452 4994 3641 5055 comitis

2069 5084 2188 5123 esse
2219 5070 2490 5131 dicuntur,
2525 5069 2597 5121 ita
2626 5077 2803 5123 tamen
2832 5079 2890 5123 ut
2916 5069 3121 5131 absque
3153 5071 3353 5126 invidia
3387 5077 3485 5124 aut
3506 5079 3641 5124 occa-

2073 5140 2225 5194 sione
2264 5139 2405 5193 mala
2436 5139 2541 5193 hoc
2573 5138 2686 5204 flat,
2717 5140 2953 5209 nihilque
2998 5138 3145 5195 aliud
3191 5141 3265 5196 ibi
3294 5140 3640 5212 interponatur

1608 5250 2000 5306 VARIANTES
2037 5225 2442 5309 LECTIONES.

443 5362 460 5395 ι
492 5360 631 5417 deest
661 5360 729 5417 ϐ.

826 5364 847 5393 ⁸
870 5362 1142 5435 pontiﬁcis
1178 5361 1299 5435 Bal.
1378 5362 1398 5393 ³
1426 5363 1471 5418 si
1502 5362 1625 5433 quis
1653 5361 1719 5417 G.
1797 5364 1820 5392 ⁵
1843 5363 2111 5432 sequentia
2135 5363 2323 5435 entittit
2349 5345 2618 5431 Metensis',
2644 5367 2773 5421 haec
2802 5381 2896 5435 pro
2919 5368 2985 5420 iis
3009 5366 3288 5421 exhibens:
3310 5362 3380 5418 Et
3417 5361 3642 5435 Nieolaus

366 5446 516 5506 papa_
550 5432 620 5486 ad
657 5433 847 5506 locum
872 5431 947 5486 ita
980 5443 1041 5485 ut
1077 5431 1376 5506 secundum
1402 5430 1683 5506 sacriorum
1713 5430 1982 5506 canonum
2024 5433 2358 5506 sanctionem
2400 5435 2454 5490 in
2482 5430 2749 5506 poteState
2782 5430 3021 5506 episcopi
3062 5451 3150 5491 res
3184 5430 3645 5506 omnesecclesiae

367 5499 689 5574 consistant,
715 5512 770 5557 et
797 5499 885 5557 ille
906 5500 1200 5574 secundum
1230 5502 1481 5574 timorem
1513 5503 1609 5558 Dei
1651 5502 1846 5570 quibus
1870 5503 2102 5574 volucri!
2141 5512 2200 5574 et
2228 5499 2500 5572 quomodo
2543 5506 2772 5561 voluerit
2804 5499 2926 5560 illas
2957 5499 3250 5574 dispenset.
3294 5504 3360 5559 Et
3390 5504 3446 5560 in
3486 5513 3647 5570 supra‘

367 5572 570 5640 scripto
598 5570 736 5626 libro
759 5586 823 5626 ex
852 5572 1112 5627 canonica
1136 5573 1463 5629 auctoritate
1487 5582 1825 5641 assumptum
1867 5573 2010 5627 istud
2041 5573 2111 5627 ita
2138 5570 2763 5645 invenitur'capitulum:
2795 5576 2855 5631 Si
2881 5576 3003 5643 quis
3035 5570 3136 5645 (cf.
3162 5590 3281 5644 cap.
3307 5575 3435 5646 21).

370 5642 693 5699 tilieeservo
721 5657 769 5697 ρ.
805 5656 966 5699 super
993 5640 1029 5693 f.
1060 5656 1114 5693 n.
1140 5653 1524 5699 praesumente
1555 5641 1620 5698 ϐ.
1729 5644 1749 5671 ⁸
1779 5652 2070 5697 arceantur
2104 5642 2169 5699 (ἱ.
2288 5646 2306 5675 ⁷
2326 5643 2391 5699 G.
2417 5661 2508 5699 vro
2538 5647 2619 5699 his
2657 5648 2842 5699 habet:
2883 5647 2959 5699 Ex
2996 5645 3248 5699 capitulis
3276 5645 3435 5699 domu

1779 5652 2070 5697 arceantur
2104 5644 2169 5697 (ἱ.

1360 5658 1524 5697 nente
1555 5658 1620 5698 ιι.
1729 5658 1749 5671 “’
1779 5658 2070 5697 arceantur

1360 5714 1381 5745 ⁸
1408 5729 1514 5770 non
1544 5720 1871 5770 excusenlur
1904 5715 2094 5769 omisit.

370 5642 693 5699 tilieeservo
721 5657 769 5697 ρ.
805 5656 966 5710 super
993 5640 1029 5693 f.
1060 5656 1114 5693 n.
1140 5653 1524 5711 praesumente
1555 5641 1620 5698 ϐ.

370 5712 513 5782 regis
539 5727 680 5767 anno
709 5712 856 5781 regni
884 5712 1000 5767 eius
1034 5711 1099 5766 XI
1124 5713 1278 5769 actis.

2288 5582 2763 5645 litur'capitulum:
2795 5582 2855 5631 Si
2881 5582 3003 5643 quis
3035 5582 3136 5645 (cf.
3162 5590 3281 5644 cap.
3307 5582 3371 5630 2(
3392 5582 3435 5646 ).
3535 5582 3554 5604 '
3573 5582 3644 5647 ρης

2288 5646 2306 5675 ⁷
2326 5643 2395 5725 G.
2416 5661 2508 5725 pro
2538 5647 2619 5725 his
2657 5648 2842 5702 habet:
2883 5647 2959 5700 Es
2996 5645 3248 5715 capitulis
3276 5645 3461 5702 domui
3492 5637 3644 5699 Karoll

2176 5715 2194 5744 ³
2217 5716 2516 5770 cnulnitate
2543 5715 2604 5771 (ἶ.
