3868 6214
429 207 524 261 m
1365 196 1424 249 Β.
1464 192 1710 250 cauom
1748 189 1959 245 mox!
1998 189 2148 245 om).
2192 189 2372 245 rans
2410 193 2448 245 ι.
2492 191 2732 248 sacrm
2767 192 2788 245 ι

3602 194 3718 250 732

424 317 549 387 Ipse
566 326 692 368 vero
717 316 931 387 propter
966 307 1126 360 talem
1162 306 1651 387 praesumptionem
1695 300 1994 387 iuvenilium:
2027 305 2071 363 Α
2099 310 2175 387 et“
2220 317 2287 356 ne
2315 301 2480 384 .foras
2546 304 2831 374 imperium
2887 311 3130 358 nostrutn
3169 305 3434 359 vendatur
3469 308 3716 379 aliquod

428 371 675 442 mittatur
718 371 791 435 ad
816 371 1093 447 'quantum
1141 371 1353 446 tempus
1390 371 1543 430 nobis
1586 371 1866 443 placuerit.
1893 372 2000 425 Res

426 466 608 510 tamen
633 467 759 506 suas
787 465 893 503 non
917 448 1154 500 amittat.

494 522 618 578 257.
662 520 800 586 Quid
844 519 898 571 in
930 513 1594 587 conpositionemrwirgi’di
1639 513 1756 566 dari
1786 511 2004 587 nonde-

426 595 560 648 beat.
598 593 655 645 In
680 583 1105 657 conpositionem
1133 586 1363 654 \virgildi
1402 583 1648 639 volumus
1680 593 1833 657 ut‘ea
1872 583 2004 635 den-

426 673 535 726 tur,
562 676 700 730 quae
739 654 799 712 in
833 659 949 726 lege
986 657 1351 730 continentur,
1392 663 1614 730 escepto
1653 654 1912 730 accipitre
1949 660 2004 707 et

427 723 621 811 spata-1
664 730 789 811 quia
834 723 1055 811 propter
1098 726 1188 807 illa
1233 726 1339 807 duo
1379 725 1665 811 aliquoties
1707 723 2002 811 periurum)

427 793 805 859 committitur,
834 793 1053 866 quando
1085 793 1514 866 maioris-pretii,
1545 810 1706 865 quant
1744 793 1834 847 illa
1872 794 2000 858 sint,

427 888 549 928 esse
586 872 852 935 iurantur.

495 934 738 1013 258.ςύ49
763 936 1235 1013 ναριιιαιίεῃαηιηι
1260 951 1591 1013 sponsarum.
1624 934 1680 989 Si
1706 934 1829 1013 quis
1850 948 2007 1013 spon-

427 1027 543 1066 sam
582 1003 1110 1076 alienam'rapuerit,
1148 1014 1241 1059 aut
1284 1003 1420 1076 patri
1449 1006 1565 1059 eius
1608 1013 1702 1059 aut
1728 1003 1777 1076 ei
1804 1003 1897 1073 qui
1928 1003 2004 1057 Ie-

426 1082 582 1151 gibus
621 1080 738 1151 eins
778 1075 1028 1151 defensor
1060 1092 1181 1132 esse
1224 1075 1401 1151 debet,
1440 1090 1563 1151 cum
1603 1090 1702 1130 sua
1720 1075 1854 1151 lege
1885 1087 2005 1127 eam

428 1145 634 1206 reddat.
661 1150 728 1206 Et
752 1148 1008 1218 quicquid
1039 1163 1163 1201 eum
1203 1161 1266 1218 ea
1297 1145 1504 1208 tulerit,
1541 1145 1792 1218 semoti_m
1818 1158 2007 1218 unam-

426 1236 697 1290 quamque
741 1214 854 1272 rem
898 1214 1192 1290 Secundum
1242 1216 1668 1290 legem_reddat_.
1717 1214 1785 1268 Et
1817 1214 1862 1269 si
1903 1214 2006 1290 hoc

430 1283 682 1347 defensor
717 1290 839 1345 eius
861 1288 1159 1357 perpetrari
1199 1283 1493 1359 consensit,
1519 1293 1582 1359 _ct
1609 1285 1728 1359 ideo
1756 1283 1959 1353 raptori
1986 1283 2004 1313 ί

428 1360 559 1416 nihil
586 1374 848 1430 quaerere
866 1354 1117 1430 voluerit,
1149 1354 1333 1411 eomes
1359 1354 1569 1430 singula
1594 1356 1661 1409 de
1687 1368 2007 1423 unaquaque

428 1447 488 1487 re
517 1425 666 1487 freIla
704 1438 887 1484 nostra
924 1428 994 1483 ab
1021 1431 1086 1483 eo
1118 1436 1377 1498 exactare
1418 1425 1616 1498 faciat:
1646 1440 1843 1494 sponso
1878 1439 2007 1478 vero

427 1501 600 1572 legem
630 1516 781 1555 suam
801 1507 1087 1572 conponat
1124 1505 1178 1553 et
1212 1497 1431 1572 insuper
1466 1497 1701 1572 bannum
1736 1503 2002 1572 nostrum,

430 1564 508 1626 id'
520 1580 604 1626 est
632 1564 1163 1640 sexaginta’solidns,
1194 1566 1397 1640 solvat;
1430 1564 1523 1640 vel
1566 1566 1619 1619 in
1644 1565 2005 1634 praesentiam

2106 372 2444 427 alimonium.

2173 441 2299 518 2U.
2330 441 2398 496 Ut
2433 443 2575 518 infra
2596 443 2820 518 patriam
2845 460 2993 497 arma
3025 460 3127 498 non
3149 453 3443 518 portentur.
3471 448 3538 502 Et
3562 467 3715 518 qua-

2103 511 2221 584 liter
2242 511 2603 566 discordantes
2630 513 2699 565 ad
2719 511 3177 584 pacemrcogantu'r
3202 515 3396 567 redire.
3425 518 3495 571 De
3513 511 3716 572 ahnis

2105 582 2243 635 infra
2269 585 2498 651 patriam
2536 598 2641 637 non
2668 583 2967 652 portandis,
2988 582 3048 637 id
3077 594 3181 648 est,
3211 586 3382 639 scutis
3410 597 3463 641 et
3485 590 3711 643 laniﬁcis

2105 652 2188 704 vel
2231 652 2416 725 loricis
2460 654 2521 706 ιθ.
2556 653 2621 725 Et
2666 654 2712 707 si
2760 653 3016 725 faidiosus
3048 656 3320 725 quissjt,
3367 655 3711 713 discutiatur

2105 732 2235 777 tunc
2267 723 2390 792 quis
2427 738 2457 777 c
2486 723 2696 778 duobus
2741 723 3190 791 contrariusisit,
3224 735 3284 779 ut
3326 730 3498 793 pacati
3542 729 3711 793 sint;

2104 793 2545 863 constringuntur
2576 794 2644 848 ad
2678 808 2901 863 pacem,
2945 796 3159 851 etiamsi
3200 797 3492 852 uoluerint.
3540 800 3621 853 Et
3658 802 3709 854 si

2104 863 2265 918 aliter
2326 862 2614 932 paciﬁcare
2679 862 2901 929 nolunt,
2968 866 3306 921 adducantur
3351 868 3405 922 in
3449 879 3707 923 nostram

2104 935 2484 1005 praesentiam.
2516 934 2582 987 Et
2617 935 2661 988 si
2699 935 2821 1005 quis
2848 943 2974 1004 post
3002 936 3433 1005 paciﬁcationem
3459 940 3710 994 alterum

2104 1004 2387 1077 occiderit,
2413 1013 2716 1077 componat
2738 1004 2888 1077 illurn
2925 1013 2981 1059 et
3006 1004 3231 1060 manum
3258 1022 3421 1076 quam
3450 1010 3709 1077 perium-

2105 1074 2185 1149 _vit
2227 1074 2432 1149 absque
2473 1073 2579 1149 ulla
2626 1075 2994 1149 redemptione
3034 1077 3083 1149 _’_‘
3121 1073 3712 1149 perdat,‘ct'iusnper

2104 1146 2341 1200 bannum
2366 1143 2693 1198 dominicum
2714 1144 2904 1200 solvat.
2933 1145 2999 1199 Et
3028 1147 3070 1176 "
3094 1143 3152 1200 u't
3175 1148 3316 1201 servi
3348 1147 3567 1203 lanceas
3591 1143 3709 1203 non

2106 1222 2340 1285 portent.
2366 1213 2468 1280 Qui
2492 1213 2742 1285 inventus
2763 1212 2923 1269 fuerit
2941 1223 3066 1285 post
3082 1216 3343 1283 bannum,
3370 1218 3518 1273 hasta
3544 1220 3706 1274 fran-

2105 1283 2265 1356 gatur
2290 1284 2345 1337 in
2357 1286 2537 1356 _dorso
2562 1283 2698 1338 eius.

2176 1355 2304 1410 248.
2344 1352 2422 1407 De
2452 1354 2739 1411 armaturis
2776 1362 2823 1407 et
2852 1353 3054 1408 bruniis
3082 1356 3357 1412 habendis.
3400 1358 3474 1413 De
3507 1376 3707 1415 παι-ωας

2108 1433 2228 1495 tura
2259 1424 2315 1478 in
2340 1424 2602 1487 exercitu,
2629 1424 2769 1478 sicut
2796 1433 2968 1495 antea
2992 1423 3047 1478 in
3086 1425 3195 1480 alio
3216 1428 3509 1495 capitulare
3533 1446 3705 1485 man-

2109 1494 2374 1559 davimus,
2426 1495 2502 1558 ita
2545 1503 2810 1548 servetur.
2851 1494 2916 1548 Et
2957 1493 3173 1564 insuper
3220 1493 3400 1554 omnis
3424 1500 3586 1554 homo
3631 1501 3706 1556 de

2106 1564 2389 1620 duodecim
2417 1564 2621 1618 mansis
2642 1564 2890 1618 bruniam
2921 1565 3135 1619 habeat.
3161 1564 3263 1632 Qui
3290 1580 3416 1623 vero
3441 1569 3702 1625 bruniam

429 1650 669 1713 nostram
696 1633 879 1713 comes
900 1654 1023 1713 eum
1052 1638 1305 1713 advenire
1342 1634 1533 1700 faciat;
1572 1644 1627 1689 et
1643 1633 1845 1713 quanto
1860 1643 2007 1713 tern-
2040 1654 2080 1713 Β
2109 1635 2281 1713 habet
2307 1643 2362 1689 et
2389 1649 2509 1713 eam
2546 1647 2731 1713 secum
2770 1648 2893 1689 non-
2910 1633 3143 1701 duxerit,
3183 1652 3347 1694 omne
3371 1640 3701 1696 beneﬁcium

429 1727 559 1781 pore
587 1711 742 1767 nobis
766 1709 1028 1778 placuerit
1052 1709 1106 1781 in
1131 1706 1292 1763 exilio
1321 1713 1557 1771 maneat,
1587 1716 1642 1761 et
1664 1703 1825 1765 illam
1855 1703 2006 1760 femi-

430 1778 553 1835 nam
592 1781 642 1835 ei
682 1781 877 1835 habere
914 1795 1021 1833 non
1056 1778 1232 1834 liceat.

500 1851 626 1905 239.
666 1849 744 1903 De
788 1850 937 1919 falsis
982 1850 1194 1902 testibus
1214 1846 1603 1919 convincendis.
1641 1845 1698 1919 Si
1730 1845 2007 1919 quiscum

430 1920 601 1977 altero
638 1920 703 1989 de
740 1915 980 1989 qualibet
1020 1934 1180 1974 causa
1214 1916 1621 1989 contentionem
1659 1915 1925 1989 habuerit,
1955 1922 2010 1968 et

433 2000 601 2046 testes
644 1984 832 2044 contra
878 2003 1001 2044 eum
1029 2004 1143 2058 per
1185 1987 1440 2043 iudicium
1491 1985 1737 2058 producti
1786 1984 2007 2048 fuerint,

431 2062 476 2115 si
514 2060 679 2115 falsos
712 2076 807 2116 eos
832 2075 955 2114 esse
994 2056 1319 2128 suspicatur,
1358 2056 1515 2113 liceat
1551 2058 1599 2113 ei
1639 2056 1775 2128 alios
1819 2063 2008 2119 testes,

430 2147 567 2200 quos
595 2131 880 2206 ‘meliores
927 2130 1192 2206 potuerit,
1244 2138 1433 2206 contra
1475 2142 1569 2206 eos
1614 2141 1919 2206 opponeret
1951 2136 2010 2178 ut

432 2198 723 2256 veracium
758 2198 1070 2255 testimonio
1103 2199 1359 2254 falsorum
1409 2198 1627 2252 testium
1684 2198 2011 2265 perversitas

418 2282 735 2347 superetur.
777 2271 931 2347 Quod
968 2269 1014 2326 si
1053 2271 1241 2347 ambae
1278 2276 1461 2338 partes
1498 2267 1717 2322 testium
1758 2268 1835 2347 ita
1863 2266 2011 2347 inter

431 2336 515 2395 se'
533 2336 902 2403 dissenserint,
944 2348 1004 2408 ut
1050 2336 1358 2394 nullatenus
1409 2352 1515 2392 una
1560 2351 1686 2407 pars
1722 2336 1877 2390 alteri
1922 2350 2010 2390 ce-

432 2413 561 2466 dere
590 2415 607 2441 '
634 2412 780 2476 velit,
820 2412 1086 2487 eligantur
1134 2410 1238 2466 duo
1273 2424 1339 2487 ett
1378 2408 1529 2487 ipsis,
1571 2409 1625 2487 id
1652 2415 1833 2487 est-ex
1867 2413 2010 2459 utra-

473 2496 538 2535 ue
565 2491 721 2583 pnite
734 2477 916 2583 ⁸ιιιιιιεξ
932 2480 1026 2551 qui
1046 2496 1168 2535 cum
1196 2480 1365 2536 scutis
1394 2477 1449 2535 et
1476 2477 1713 2532 fustibus
1740 2477 1795 2529 in
1818 2490 2010 2545 campo

433 2559 707 2609 decertent
734 2559 774 2605 ³.

501 2619 625 2680 240.
686 2621 761 2676 De
801 2621 1081 2677 concordia
1124 2621 1481 2690 episcoporum
1524 2617 1889 2690 et_comitum.
1941 2616 2011 2690 Ut

430 2692 667 2767 episcopi
704 2701 827 2767 cum
859 2686 1162 2767 comitibus
1185 2686 1351 2767 stent,
1379 2697 1432 2743 et
1469 2687 1695 2767 comites
1732 2702 1854 2767 cum
1894 2686 2012 2756 epi-

431 2757 632 2831 scopis;
659 2771 717 2816 ut
761 2763 782 2792 δ
810 2770 1037 2830 uterque
1059 2761 1286 2830 pleniter
1311 2775 1468 2814 suum
1498 2757 1858 2812 ministerium
1887 2772 2009 2826 per-

433 2847 593 2887 aaere
627 2832 817 2887 possit.

466 2847 1080 2966 ῧξῇΡῖῗὲιῖἇιι-οηὶὺω,
1122 2900 1417 2965 Itomicidis,
1448 2897 1720 2960 adulteris,
1750 2897 2011 2951 incestae-

430 2973 503 3027 sis
549 2972 642 3025 sub
690 2988 882 3042 nmgna
931 2968 1615 3042 districtionecoercendis.
1651 2966 1729 3042 _Ut
1760 2966 2011 3042 latrones

431 3018 524 3096 Ec'u
550 3018 1206 3096 lminicidite—veladulteri
1235 3041 1348 3095 sive
1375 3037 1665 3094 incestnosi
1694 3038 1794 3092 sub
1818 3052 2010 3108 magna
2037 3018 2080 3078 (ἶ

432 3112 767 3166 districtione
793 3119 847 3165 et
874 3113 1209 3167 correctione
1238 3111 1346 3165 sint
1370 3108 1602 3178 correpti
1628 3109 1668 3160 '.

503 3182 627 3235 942.
682 3180 757 3235 De
792 3184 1058 3236 inuasione
1091 3181 1316 3235 aliorum
1352 3196 1544 3234 rerum.
1584 3179 1661 3233 De
1699 3179 1859 3232 rebus
1893 3192 2014 3247 pro-

431 3252 566 3320 priis
602 3252 645 3316 ",
672 3261 729 3306 ut
764 3260 890 3306 ante
926 3252 1120 3307 missos
1148 3260 1203 3306 et
1232 3252 1458 3306 comites
1484 3258 1539 3303 ct
1565 3249 1771 3303 indices
1797 3258 2013 3303 nostros

433 3322 670 3384 veniant,
716 3331 771 3376 et
807 3322 879 3376 ibi
926 3322 1195 3391 accipiant
1241 3321 1505 3376 ﬁnitivam
1554 3320 1907 3391 sententiam;
1956 3326 2012 3373 et

434 3400 592 3471 antea
630 3392 811 3471 nullus
847 3390 1154 3460 praesumat
1194 3392 1416 3446 alterius
1438 3405 1543 3471 gres
1572 3390 1922 3471 pmprindere
1966 3391 2009 3452 ",

433 3462 527 3515 sed
572 3463 743 3531 magis
782 3477 934 3516 suam
972 3477 1191 3517 causam
1229 3469 1453 3530 quaerat
1497 3469 1622 3514 ante
1648 3460 1872 3531 indices
1911 3475 2010 3513 no-

433 3541 596 3594 stros,
627 3529 685 3585 ut
711 3531 963 3595 diximus,
989 3540 1043 3587 et
1083 3531 1155 3586 ibi
1182 3529 1446 3600 recipiant
1477 3531 1619 3600 quod
1646 3529 1846 3584 iustum
1869 3537 1971 3584 cst.

501 3600 627 3672 245.
673 3601 780 3672 I_’_ro
831 3618 935 3671 qua
978 3619 1032 3655 re
1062 3603 1116 3654 in
1158 3599 1469 3672 presc'ntiam
1514 3599 1646 3669 regis
1694 3601 1864 3672 venire
1895 3600 2011 3672 quis

435 3669 637 3723 debeat.
683 3670 750 3725 Ut
788 3669 1067 3740 si‘aliquis
1105 3669 1331 3725 valuerit
1372 3670 1579 3732 dicere,
1612 3670 1751 3737 quod
1786 3669 1928 3724 iuste
1962 3669 2009 3723 ei

440 3756 547 3810 non
586 3740 870 3806 iudicetur,
909 3749 1036 3796 tunc
1074 3742 1129 3795 in
1164 3740 1489 3810 presentiam
1530 3748 1769 3792 nostram
1811 3740 2007 3794 veniat.

436 3809 611 3864 Aliter
647 3825 774 3865 vero
815 3827 920 3866 non
959 3819 1267 3880 praesumat
1310 3810 1365 3864 in
1391 3810 1748 3878 praesentiam
1772 3819 2012 3864 nostram

436 3879 621 3937 venire
647 3896 745 3948 pro
772 3879 995 3949 alterius
1021 3881 1229 3935 iustitia
1255 3880 1545 3934 dilatanda.

505 3949 630 4003 ΞΗ.
675 3950 756 4003 Ne
792 3953 988 4006 naviter
1021 3950 1249 4004 conversi
1285 3951 1388 4003 cito
1424 3949 1492 4002 ad
1529 3949 1705 4019 aliqua
1738 3950 2014 4004 mittantur

438 4019 725 4073 exercenda
774 4022 1003 4090 negotia.
1051 4021 1125 4075 De
1165 4021 1316 4075 laicis
1362 4019 1571 4090 noviter
1599 4019 1899 4090 conversis,
1947 4034 2014 4074 ne

441 4098 729 4161 antequam
767 4089 918 4146 suam
959 4090 1131 4161 legem
1159 4089 1390 4160 pleniter
1422 4089 1647 4144 vivendo
1683 4089 1918 4155 discunt,
1946 4092 2014 4145 ad

438 4158 541 4212 alia
580 4158 792 4231 negotia
814 4158 1120 4215 mittantur.

676 4247 911 4322 Quid‘de
935 4251 1015 4304 his
1042 4249 1299 4322 agendam
1332 4250 1417 4322 sit,
1453 4251 1542 4321 qui
1578 4252 1747 4322 gratia
1778 4251 2013 4322 fugiendi

436 4316 666 4391 debitum
702 4320 967 4391 servitium
1007 4316 1240 4375 seculum
1291 4316 1605 4391 relinquunt.
1659 4321 1732 4375 De
1778 4316 1873 4377 'hi's
1920 4323 2011 4391 qui

436 4387 676 4442 seculum
701 4388 1009 4460 relinquunt
1035 4397 1255 4460 propter
1279 4387 1559 4446 servitium
1592 4387 2008 4459 impediendum,
2043 4390 2092 4451 D

436 4464 491 4509 et
519 4465 646 4530 tunc
681 4467 930 4530 neutrum
969 4458 1192 4526 faciunt,
1223 4469 1282 4515 ut
1302 4475 1469 4514 unum
1494 4474 1526 4515 e
1554 4458 1761 4516 duobus
1786 4461 2007 4530 eligant,

437 4536 530 4579 aut
555 4527 785 4595 pleniter
817 4531 1111 4583 secundum
1134 4531 1449 4586 canonicam
1480 4538 1573 4584 aut
1600 4527 1893 4585 secundum
1925 4547 2010 4586 re-

438 4596 594 4718 gulae
619 4597 1015 4718 institutionem
1040 4600 1242 4667 vivant,
1257 4608 1350 4655 aut
1378 4600 1658 4673 servitiqu
1681 4601 2010 4658 dominicum

460 4682 611 4718 aclan
642 4706 659 4718 .

460 4675 659 4721 aciant.
2010 4693 2014 4697 ‘

507 4756 631 4831 246.
683 4756 823 4831 Quid
865 4769 1092 4831 tempore
1117 4759 1139 4792 ⁸
1178 4760 1334 4829 famis
1386 4778 1448 4815 ac
1486 4760 1758 4815 cuiuslibet
1791 4761 2011 4815 tribula-

439 4827 608 4901 tionis_
628 4828 884 4901 agendum
916 4827 1001 4883 sit.
1046 4831 1118 4885 De
1143 4827 1245 4887 hoc
1274 4832 1320 4901 si
1348 4831 1587 4885 evenerit
1617 4832 1804 4895 fames,
1832 4831 2012 4887 clades

439 4905 531 4970 aut
591 4897 950 4970 inaequalitas
1008 4900 1148 4955 aeris
1204 4900 1285 4955 vel
1323 4901 1425 4955 alia
1469 4901 1854 4970 qualiscunque
1916 4902 2012 4955 tri-

437 4966 661 5032 bulatio,
689 4966 749 5021 ut
780 4985 886 5024 non
920 4970 1233 5094 cx‘gﬁctetnr
1270 4966 1504 5027 edictum
1543 4966 1889 5036 dominicum,
1917 4973 2011 5026 sed

439 5036 619 5090 statim
644 5038 959 5094 deprecetur
1058 5041 1073 5093 i
1098 5041 1495 5094 misericordia:
1530 5050 1587 5094 ut
1616 5041 1635 5071 ⁹
1659 5042 1709 5094 in
1739 5042 2010 5094 praesenti

439 5036 959 5110 statimpdeprccetur
982 5036 1073 5094 Dei
1098 5041 1495 5105 misericordia;
1530 5050 1587 5095 ut
1616 5041 1635 5071 °
1659 5042 1709 5095 in
1739 5042 2010 5110 praesenti

438 5120 580 5161 anno
610 5108 673 5163 de
699 5108 857 5164 famis
883 5111 1080 5180 inopia,
1111 5120 1169 5164 ut
1203 5126 1331 5167 suos
1352 5112 1578 5181 quisque
1611 5108 1827 5165 adiuvet
1850 5122 2009 5180 prout

436 5184 633 5244 potest,
666 5187 720 5233 et
756 5194 914 5235 nemo
947 5196 1101 5235 suam
1132 5196 1399 5237 annonam
1432 5182 1592 5236 nimis
1630 5197 1755 5235 care
1793 5182 2005 5245 vendat,

2110 1718 2234 1761 cum
2267 1704 2461 1759 brunia
2501 1703 2713 1773 perdat.

2179 1758 2305 1849 με).
2346 1773 2424 1849 Qa
2445 1758 2547 1849 1.5;,
2573 1774 2663 1845 qui
2693 1773 2889 1849 indicia
2914 1773 2964 1849 "_
2980 1774 3335 1849 scabiniorum
3364 1778 3705 1849 adquiescere
3732 1758 3739 1765 ⁸

2112 1843 2315 1899 nolunt.
2356 1844 2432 1899 De
2468 1843 2854 1900 clamatoribus
2883 1845 2967 1899 vel
3003 1844 3313 1910 causidicis,
3350 1843 3456 1910 qui
3480 1865 3580 1904 nec
3615 1850 3701 1903 in-

2109 1915 2312 1987 dieium
2359 1914 2724 1987 scabiniorum
2775 1914 3119 1987 adquiescere
3174 1930 3275 1972 nec
3325 1914 3703 1987 blaspliemare

2110 1986 2316 2049 volunt,
2356 1986 2576 2055 antiqua
2614 1985 2947 2055 consuetudo
2983 1996 3246 2049 servetur,
3280 1988 3334 2041 id
3358 1985 3521 2042 estut
3546 1989 3597 2019 “
3642 1989 3698 2043 in

2110 2056 2355 2110 custodia
2383 2054 2748 2118 recludantur,
2782 2054 2953 2111 donec
2982 2069 3148 2109 unum
3174 2070 3206 2111 e
3231 2058 3444 2112 duobus
3469 2057 3695 2112 faciant.

2112 2125 2180 2179 Et
2204 2127 2250 2181 si
2276 2126 2344 2180 ad
2367 2125 2625 2195 palatium
2651 2139 2751 2195 pro
2788 2124 2890 2195 hac
2919 2140 2978 2180 re
2998 2124 3455 2195 proclamaverint
3473 2138 3525 2183 et
3552 2129 3702 2183 litte-

2112 2141 2180 2179 ιιι
2204 2141 2250 2181 ει
2276 2141 2344 2180 au
2404 2141 2625 2180 atauum
2651 2141 2751 2195 pro
2788 2141 2890 2179 nac
2919 2141 2978 2180 re
2998 2141 3455 2195 proclamaverint
3473 2141 3525 2183 et
3552 2141 3698 2183 utte-

2111 2211 2202 2250 ras
2240 2141 2561 2259 detulerint,
2598 2210 2708 2250 non
2746 2194 2965 2265 quidem
3002 2195 3082 2249 eis
3122 2198 3396 2263 credatur,
3426 2213 3525 2254 nec
3561 2209 3698 2255 tunc

2111 2275 2293 2321 tamen
2335 2266 2388 2320 in
2423 2278 2699 2321 carcerem
2735 2266 3037 2330 mittantur,
3075 2267 3168 2321 sed
3201 2283 3327 2322 cum
3357 2270 3600 2323 custodia
3641 2278 3696 2324 et

2111 2351 2236 2391 cum
2270 2337 2401 2406 ipsis
2442 2336 2639 2390 litteris
2678 2336 2745 2391 ad
2777 2335 3033 2405 palatium
3068 2346 3314 2392 nostrum
3350 2338 3701 2394 remittantur

2110 2415 2166 2461 et
2202 2407 2273 2476 ibi
2302 2407 2664 2462 discutiantur
2688 2407 2826 2461 sicut
2855 2407 3076 2476 dignum
3100 2416 3204 2462 est.

2178 2475 2304 2531 250.
2347 2476 2501 2543 Quod
2542 2477 2648 2547 regi
2684 2485 2731 2548 et
2768 2475 3059 2548 senioribus
3077 2486 3300 2548 _tantum
3340 2478 3565 2547 ﬁdelitas
3602 2496 3697 2548 per

2112 2557 2496 2617 sacramentum
2538 2545 2771 2617 promitti
2805 2546 3005 2601 debeat.
3068 2545 3134 2599 Et
3171 2558 3228 2600 ut
3269 2545 3474 2602 caetera
3514 2545 3697 2606 saera.

2112 2624 2285 2669 menta
2331 2615 2568 2686 legaliter
2605 2616 2758 2685 ﬁant.
2801 2617 2875 2671 De
2919 2617 3241 2683 iuramento,
3288 2626 3349 2671 ut
3377 2618 3503 2672 nulli
3537 2619 3693 2672 alteri

2111 2701 2208 2755 per
2245 2696 2641 2741 sacramentum
2675 2686 2905 2755 ﬁdelitas
2935 2687 3283 2755 promittatur
3311 2688 3416 2743 nisi
3455 2690 3609 2744 nobis
3639 2698 3695 2744 et

2112 2756 2403 2825 unicuique
2426 2757 2644 2827 proprio
2672 2757 2869 2813 seniori
2894 2758 2961 2812 ad
2980 2757 3266 2812 utilitatem
3285 2768 3524 2814 nostram
3539 2770 3595 2813 ct
3610 2761 3692 2813 sui

2112 2827 2372 2898 senioris;
2407 2835 2635 2898 excepto
2658 2828 2744 2881 his
2778 2829 3152 2898 sacramentis,
3180 2835 3319 2898 quae
3341 2831 3484 2885 iuste
3503 2844 3693 2886 secun-

2113 2898 2241 2969 dum
2276 2897 2447 2969 legem
2480 2897 2636 2953 alteri
2684 2898 2752 2952 ab
2781 2897 2950 2952 altero
2988 2897 3271 2954 debentur.
3335 2899 3405 2955 Et
3441 2899 3692 2963 infantes,

2113 2967 2207 3037 qui
2244 2967 2403 3022 antea
2433 2984 2540 3023 non
2566 2976 2857 3037 potuerunt
2887 2975 3107 3037 propter
3132 2968 3424 3026 iuvenilem
3464 2980 3691 3026 aetatem

2115 3039 2317 3104 iurare,
2342 3040 2500 3094 modo
2528 3037 2841 3093 ﬁdelitatem
2868 3040 3205 3108 promittant.
3462 3062 3463 3065 η

2183 3129 2308 3213 251.
2363 3128 2531 3213 μιμεξ
2573 3129 2983 3213 conspirntiones
3022 3130 3194 3201 factae
3238 3131 3460 3213 fuerint,
3504 3132 3693 3213 triplici

2113 3202 2317 3254 ratione
2356 3200 2671 3271 iudicentur.
2700 3198 3033 3268 Quicunque
3068 3198 3497 3271 conspirationes
3523 3198 3692 3257 facere

2112 3270 2574 3341 praesumpserint
2597 3276 2652 3323 ct
2669 3278 3006 3341 sacramento
3057 3270 3438 3341 quamcunque
3486 3272 3691 3341 conspi-

2114 3341 2378 3395 rationem
2425 3340 2789 3405 ﬁrmaverint,
2850 3340 3046 3410 triplici
3108 3342 3318 3397 ratione
3352 3340 3688 3398 iudicentur.

2113 3410 2324 3477 Primo,
2388 3419 2442 3465 ut
2487 3410 2793 3482 ubicunque
2833 3410 3049 3479 aliquod
3097 3412 3299 3468 malum
3341 3423 3563 3482 propter
3592 3413 3690 3468 hoc

2112 3489 2479 3551 perpetratum
2547 3479 2738 3545 fuerit,
2791 3490 3040 3537 auctores
3084 3482 3211 3537 facti
3266 3479 3686 3545 interﬁciantur;

2112 3552 2389 3624 adiutores
2416 3566 2545 3605 vero
2585 3566 2771 3624 eorum
2813 3552 3006 3624 singuli
3039 3553 3177 3624 alter
3206 3553 3274 3607 ab
3309 3553 3483 3609 altero
3514 3552 3690 3624 ﬂagel-

2114 3623 2292 3691 lentur
2316 3630 2371 3675 et
2398 3634 2558 3676 nares
2594 3622 2695 3676 sibi
2732 3621 2958 3675 invicem
2989 3623 3302 3691 praecidant
3334 3624 3411 3680 “:
3443 3624 3533 3679 ubi
3570 3621 3689 3678 vero

2098 3686 2247 3763 nihil
2285 3692 2411 3763 mali
2444 3700 2837 3763 'perpetratuni
2859 3700 2963 3756 est,
2989 3686 3254 3747 'sitnilitcr
3300 3694 3518 3763 quidem
3555 3695 3687 3747 inter

2113 3777 2171 3816 se
2213 3761 2552 3832 ﬁagellcntur
2589 3770 2642 3816 et
2685 3761 2908 3832 capillos
2952 3763 3053 3817 sibi
3104 3761 3336 3819 invicem
3380 3765 3684 3819 detundant.

2115 3832 2173 3903 Si
2204 3831 2333 3903 vero
2367 3847 2464 3901 per
2478 3832 2745 3903 A'dexteras
2771 3831 2949 3902 aliqua
2971 3833 3301 3903 conspiratio
3338 3834 3549 3888 ﬁrmata
3583 3835 3688 3887 fue-

2115 3902 2203 3965 rit,
2240 3902 2285 3956 si
2336 3901 2491 3956 liberi
2540 3911 2689 3967 sunt,
2718 3909 2813 3955 aut
2849 3901 3028 3957 iurent
3058 3901 3180 3957 cum
3207 3904 3417 3969 idoneis
3441 3903 3685 3959 iuratori-

2113 3972 2233 4036 bus,
2267 3972 2410 4041 quod
2434 3972 2537 4027 hoc
2568 3987 2665 4042 pro
2688 3971 2829 4027 malo
2851 3988 2956 4027 non
2985 3972 3266 4042 fecissent;
3293 3982 3387 4028 aut
3416 3973 3461 4028 si
3489 3974 3590 4029 hoc
3616 3974 3685 4027 fa-

2114 4056 2238 4096 cere
2275 4039 2382 4113 non
2429 4039 2721 4111 potuerint,
2748 4039 3053 4113 secundum
3085 4042 3253 4113 legem
3299 4060 3453 4098 suam
3480 4059 3686 4113 compo-

2114 4119 2267 4165 nant.
2307 4112 2364 4166 Si
2403 4127 2530 4167 vero
2554 4113 2695 4167 servi
2729 4120 2873 4176 sunt,
2897 4112 3260 4183 llagellentur,
3291 4122 3352 4168 ut
3388 4115 3454 4169 de
3480 4112 3687 4168 caetero

2116 4182 2171 4235 in
2212 4196 2378 4253 regno
2413 4192 2600 4237 nostro
2635 4182 2780 4236 nulla
2816 4182 3121 4254 huiusmodi
3161 4184 3494 4254 conspiratio
3524 4198 3685 4254 neque

2114 4267 2211 4321 per
2238 4260 2633 4306 sacramentum
2672 4267 2846 4322 neque
2881 4253 2997 4307 sine
3024 4264 3373 4309 sacramento
3407 4253 3520 4309 ﬁat.

2357 4342 2597 4416 Qualiter
2632 4342 2703 4416 de
2730 4343 2943 4397 testibus
2978 4344 3238 4416 qgendum
3271 4346 3379 4416 sit,
3419 4345 3687 4416 qualesque

2118 4412 2187 4465 ad
2214 4412 2563 4466 testimonium
2598 4411 2951 4466 adducantur.
2986 4411 3060 4467 De
3080 4415 3352 4482 periuriis,
3378 4411 3442 4469 ut
3475 4411 3685 4470 cavean-

2120 4490 2237 4547 tur;
2277 4491 2330 4536 ct
2355 4497 2462 4537 non
2487 4482 2844 4538 admittuntur
2864 4490 3030 4537 testes
3053 4487 3118 4538 ad
3145 4485 3507 4543 iuramentum
3550 4492 3687 4546 antc-

2119 4568 2282 4621 quam
2314 4552 2691 4607 discutiantur.
2736 4552 2800 4606 Et
2829 4552 2875 4606 si
2909 4552 3065 4607 aliter
3089 4554 3285 4610 discuti
3321 4571 3430 4611 non
3451 4564 3683 4624 possunt,

2119 4624 2539 4694 separenturab
2576 4624 2805 4678 invicem
2848 4632 2902 4694 et
2937 4624 3288 4693 singulariter
3332 4625 3682 4694 inquirantur.

2119 4692 2187 4745 Et
2214 4708 2322 4747 non
2369 4693 2468 4747 soli
2505 4693 2806 4765 accusatori
2853 4693 3011 4765 liceat
3032 4692 3213 4765 testes
3254 4692 3455 4765 eligere
3480 4697 3687 4750 absente

2118 4778 2217 4817 suo
2245 4772 2548 4817 causatore.
2567 4764 2632 4817 Et
2655 4763 2875 4818 omnino
2900 4764 3079 4818 nullus
3108 4764 3210 4819 nisi
3236 4763 3448 4819 ieiunus
3468 4765 3535 4819 ad
3556 4765 3686 4819 iura-

2121 4842 2362 4887 mentum
2385 4833 2467 4887 vel
2491 4833 2557 4886 ad
2581 4833 2951 4893 testimonium
3002 4831 3341 4903 admittatur.
3367 4833 3436 4888 Et
3470 4834 3583 4898 ille,
3607 4832 3685 4903 qui

2119 4905 2186 4958 ad
2214 4903 2580 4959 testimonium
2609 4904 2912 4967 adducitur,
2937 4904 2982 4959 si
3010 4898 3294 4969 refutatur,
3325 4904 3470 4959 dicat
3496 4904 3584 4958 ille
3608 4898 3690 4972 qui

2117 4989 2240 5044 eum
2265 4973 2464 5028 refutat
2479 4984 2532 5027 et
2547 4976 2757 5043 probet,
2774 4989 2944 5044 quare
2965 4974 3113 5044 illum
3131 4975 3371 5043 recipere
3386 4974 3542 5029 nolit.
3560 4973 3688 5028 Etdc

2119 5043 2234 5114 ipso
2244 5058 2398 5113 pago,
2416 5059 2523 5097 non
2541 5045 2605 5098 de
2618 5044 2809 5107 altero,
2830 5052 2996 5098 testes
3017 5043 3302 5114 eligantur,
3320 5045 3425 5099 nisi
3440 5044 3579 5099 forte
3594 5044 3687 5114 latr

2116 5112 2238 5182 gius
2260 5112 2411 5187 extra
2434 5114 2754 5187 comitatum
2778 5130 2942 5187 causa
2966 5114 3037 5168 sit
3063 5112 3400 5184 inquirenda.
3429 5115 3497 5168 Et
3517 5115 3562 5187 si
3582 5113 3688 5182 quis

2115 5184 2398 5239 convictus
2425 5184 2855 5254 fuerit-periurii,
2880 5184 3069 5255 perdat
3091 5201 3308 5240 manum
3335 5192 3428 5239 aut
3452 5184 3683 5239 redimat.

1652 5312 2037 5367 VARIANTES
2070 5309 2475 5367 LECTIONES.

515 5421 528 5450 ¹
558 5409 739 5491 raptor
776 5422 841 5477 (ἶ.
953 5425 973 5455 ²
998 5424 1219 5478 credere
1268 5423 1387 5477 Bal.

436 5493 455 5522 ⁵
477 5493 749 5563 prepresis
779 5493 902 5547 805.
938 5494 1054 5547 Bai.
1081 5494 1133 5548 6.
1208 5496 1227 5525 ⁷
1261 5491 1611 5563 proprindere
1645 5509 1781 5544 corr.
1820 5492 2036 5560 propria
2081 5493 2341 5563 inuadere
2368 5491 2433 5545 G.

436 5564 617 5614 desum
642 5562 759 5615 Bal.

436 5631 765 5704 citlantung.

1500 5422 1769 5492 ’plurima
1813 5422 1896 5475 Inc
1949 5423 2140 5475 omissa
2167 5431 2288 5475 sunt
2332 5421 2607 5492 achned.

2723 5420 2995 5476 ‘etutZG.

3140 5421 3162 5452 ⁵
3184 5420 3266 5473 hic
3292 5419 3471 5490 aliqua
3493 5421 3685 5490 desunt.

2522 5494 2543 5520 "
2580 5492 2652 5546 De
2680 5499 2720 5543 ι.
2750 5490 2786 5543 f.
2808 5500 2909 5549 aut
2928 5491 2998 5546 ll.

3100 5491 3120 5521 ⁹
3163 5492 3299 5543 deest
3328 5488 3393 5543 (ἒ.
3508 5490 3552 5521 ¹⁶
3580 5505 3628 5543 v.
3654 5489 3684 5542 l.

860 5564 898 5595 “
932 5579 982 5618 a.
1008 5581 1061 5619 ιι.
1093 5580 1119 5617 ι·
1143 5559 1298 5619 ,αιτὲι
1330 5559 1382 5617 in
1405 5561 1533 5632 Cap.
1565 5581 1616 5615 (ι.
1648 5563 1770 5617 803.
1800 5559 1853 5617 et
1880 5559 1941 5617 Ill
1996 5562 2041 5615 ί.
2124 5563 2165 5592 ¹²
2188 5561 2257 5616 cf.
2284 5559 2411 5631 (ξιιμ.
2441 5562 2565 5616 805.
2664 5561 2704 5592 ⁸³
2738 5561 2926 5623 iudicis
2952 5560 3052 5615 Ital
3153 5561 3192 5592 “
3222 5571 3308 5615 aut
3333 5559 3398 5615 (ἰ.
3479 5561 3525 5592 ⁸⁸
3547 5574 3682 5631 prae-
