3828 6220
92 272 163 326 33
518 266 666 322 COD.
708 263 976 320 DlPLOM.
1018 295 1084 302 ——
1113 262 1470 318 BENEDICTI
1509 265 2029 323 CAl‘lTCLARlUM
2068 265 2473 326 COLLECTIO.
2510 300 2582 309 —
2611 269 2741 324 LIB.
2784 264 2828 324 li.

55 277 163 326 735

127 383 257 437 9.15.

55 444 410 509 territimiiulus
435 444 556 517 eligi
579 447 814 500 debeant.
842 446 914 499 De
939 446 1231 508 advocatis,
1262 444 1631 517 viccdominis,

56 523 294 582 vicariis,
323 515 645 574 centenariis
670 517 877 585 pravis,
914 526 974 570 ut
999 517 1256 570 tollantur
1289 525 1343 568 et
1372 515 1505 585 tales
1533 516 1632 569 eli-

55 605 276 665 gantur,
302 591 388 660 qui
433 599 487 665 et
524 584 718 665 sciauL
733 595 786 641 et
822 587 1156 665 velint-iuste
1186 601 1402 665 causam
1435 584 1633 640 discer-

60 657 190 719 nere
235 672 284 716 et
321 657 630 714 terminare.
680 657 746 710 Et
793 657 1036 726 quisquis
1071 660 1090 688 ²
1133 672 1330 728 pravus
1378 657 1631 711 inventus

57 735 247 796 fuerit,
274 732 421 786 nobis
454 747 551 796 pro
576 738 724 784 certo
751 729 1047 783 nuntietur.

295 803 367 855 De
405 795 639 861 teloneis,
673 817 804 869 quae
827 799 846 829 ³
867 799 930 852 de
973 798 1214 851 mercatis
1240 805 1287 849 et
1316 795 1635 869 ηαυίςιίίξυθί

58 879 200 938 aliis,
251 885 334 926 aut
381 867 717 941 quaecunque
758 871 945 922 iniuste
990 869 1298 941 exiguntur,
1348 867 1473 941 quid
1516 867 1634 935 ,ieri

58 949 263 999 debeat.
308 938 645 997 De'teloneis'
683 941 856 1009 placet
891 941 1045 994 nobis
1095 939 1187 1000 ita,
1229 947 1290 991 ut
1330 938 1550 1005 antiqua
1582 945 1636 990 et

58 1019 202 1071 iusta
257 1013 458 1069 telonea
515 1028 546 1066 a
596 1010 1020 1079 negotiatoribus
1067 1009 1375 1079 exigantug
1405 1015 1514 1060 tam
1571 1009 1637 1062 de

62 1087 331 1156 pontibus,
356 1083 608 1156 quamde
631 1077 858 1156 navigiis
888 1077 1306 1156 scu_mercatis._
1333 1077 1478 1130 Nova
1508 1093 1638 1156 vero

61 1147 174 1212 Sive
214 1147 426 1215 iniusta,
457 1153 548 1207 ubi
577 1153 658 1206 vel
699 1147 852 1206 funes
880 1151 1190 1212 tenduntur,
1227 1149 1309 1203 vel
1337 1164 1460 1202 cum
1490 1147 1638 1202 navi-

59 1231 160 1282 bus
187 1227 288 1281 sub
309 1225 563 1294 pontibus
588 1223 874 1294 transitur,
886 1238 985 1294 seu
1007 1222 1090 1274 his
1116 1220 1335 1282 similia,
1363 1220 1418 1272 in
1442 1219 1638 1294 quibus

63 1299 266 1353 nullum
302 1289 624 1349 adiutorium
663 1293 985 1347 iterantibus
1016 1299 1340 1360 praestatur,
1377 1306 1484 1342 non
1523 1289 1638 1343 exi-

63 1379 276 1440 gantur.
313 1365 574 1440 Similiter
610 1365 774 1440 etiam
813 1379 911 1417 nec
946 1364 1011 1417 de
1039 1363 1152 1440 his,
1194 1361 1286 1440 qui
1332 1362 1447 1414 sine
1476 1375 1639 1440 nego:

68 1429 233 1495 iiandi
270 1452 426 1492 causa
455 1435 813 1490 substantiam
841 1449 994 1488 suam
1021 1433 1086 1487 de
1112 1447 1216 1486 una
1256 1432 1414 1486 domo
1446 1446 1543 1484 sua
1569 1429 1637 1483 ad

64 1511 218 1564 aliam
258 1516 346 1563 aut
379 1509 446 1562 ad
483 1506 742 1574 palatium
774 1513 866 1574 aut
902 1505 955 1560 in
983 1503 1282 1574 exercitum
1319 1502 1541 1574 ducunt.
1577 1499 1634 1554 Si

63 1581 189 1650 quid
214 1595 342 1634 vero
377 1572 561 1640 fuerit,
603 1575 747 1650 unde
780 1573 1074 1650 dubite_tur_,
1106 1575 1173 1650 ad
1209 1572 1466 1650 placitum
1502 1573 1519 1602 ⁸
1547 1587 1638 1650 no-

64 1643 253 1714 strum,
280 1650 417 1719 quod
449 1663 574 1703 cum
602 1646 782 1702 missis
810 1645 1012 1700 nostris
1049 1645 1287 1699 habituri
1313 1656 1519 1707 sumus,
1561 1643 1637 1697 in-

66 1732 326 1777 terroaetu
334 1737 377 1774 l‘.

298 1791 368 1844 De
398 1791 480 1844 Itis
511 1791 599 1860 qui
634 1805 698 1844 ea:
732 1786 904 1860 secuio
932 1786 1001 1860 ad
1053 1786 1373 1860 monasteria
1398 1784 1637 1860 _converti

66 1864 251 1917 volunt.
283 1861 458 1916 Liberi
481 1856 746 1924 homines,
779 1858 871 1929 qui
907 1858 975 1929 ad
1007 1857 1289 1912 servitium
1318 1856 1411 1910 Dei
1447 1870 1505 1910 se
1535 1866 1639 1929 tra-

69 1936 184 1987 dere
220 1932 429 1994 volunt,
479 1933 631 2002 prius
667 1931 770 2002 hoc
798 1927 909 2002 non
953 1927 1173 2002 faciant,
1202 1941 1370 2002 quant
1422 1927 1640 2002 a_nohts

67 2003 332 2078 iicentiant
363 1997 656 2078 postulent.
692 2001 810 2078 _l_l_oc
832 1999 952 2054 ideo
981 1997 1515 2078 praeeipiiiius,_quia
1539 2013 1638 2078 au-

74 2068 297 2129 divimus
336 2068 544 2142 aliquos
579 2089 643 2128 ex
691 2073 798 2126 illis
844 2086 949 2142 non
985 2068 1094 2124 tam
1139 2084 1302 2123 causa
1341 2068 1642 2142 devotionis

73 2159 220 2214 quam
254 2137 551 2200 exercitum
589 2146 701 2199 sive
730 2143 893 2214 aliam
922 2141 1251 2214 [iunctionem
1284 2139 1517 2214 regalem
1557 2137 1640 2214 fu:

75 2210 284 2283 gienelo;
319 2215 578 2284 quosdam
613 2229 739 2268 vero
778 2212 1089 2284 cupiditatis
1125 2226 1288 2266 causa
1325 2210 1521 2284 abhis,
1546 2210 1639 2278 qui

75 2279 152 2368 res
181 2279 392 2368 illorum
421 2287 830 2368 concupiscunt,
850 2279 1269 2338 ieircumventos
1297 2279 1637 2368 amavimus;

74 2358 239 2411 ethoc
266 2357 386 2412 ideo
417 2356 533 2411 ﬁeri
564 2357 932 2426 prohibemus.

134 2427 252 2482 256.
295 2426 370 2482 De
401 2423 696 2481 hominibus
722 2425 1034 2496 pauperibus
1070 2423 1266 2496 liberis,
1301 2433 1357 2477 ut
1394 2441 1425 2476 α
1460 2429 1643 2496 poten-

74 2499 280 2553 tioribus
333 2514 435 2579 nun
482 2492 843 2579 opprimuntur
893 2495 1102 2548 iniuste.
1162 2494 1238 2549 De
1293 2492 1646 2579 oppressione

78 2583 353 2638 pauperum
385 2566 663 2622 hominum
709 2567 1123 2638 liberorum,ut
1164 2581 1271 2638 non
1304 2566 1435 2619 ﬁant
1476 2578 1506 2616 a
1549 2579 1644 2638 po-

82 2634 378 2694 tentioribus
414 2654 510 2708 per
539 2639 757 2708 aliquod
794 2637 991 2691 malum
1036 2637 1308 2706 ingenium
1345 2650 1543 2708 contra
1562 2634 1644 2688 iu-

79 2711 262 2765 stitiain
313 2705 578 2780 oppressi,
625 2705 698 2764 ita
746 2717 806 2762 ut
847 2708 1020 2763 coacti
1071 2705 1157 2762 res
1186 2721 1373 2780 eorum
1409 2705 1644 2780 vendant

84 2790 161 2834 aut
199 2777 429 2835 tradant.
468 2781 595 2835 Ideo
631 2781 766 2836 haec
802 2787 861 2834 ut
905 2794 1064 2848 supra
1114 2786 1169 2832 et
1209 2779 1297 2833 hic
1343 2779 1408 2832 de
1459 2777 1644 2848 liberis

83 2852 368 2914 hominibus
397 2852 655 2914 diximus,
694 2867 760 2906 ne
802 2849 940 2905 forte
973 2846 1234 2918 parentes
1268 2857 1457 2904 contra
1489 2846 1645 2901 iusti-

82 2923 192 2976 tiam
219 2923 347 2976 [iant
370 2923 681 2978 exheredati
708 2929 763 2974 et
786 2921 967 2991 regale
986 2922 1302 2989 obsequium
1323 2919 1598 2991 minuatur
1621 2918 1642 2949 ⁵

84 3003 127 3046 et
154 2993 246 3062 ipsi
281 2993 504 3048 heredes
534 3001 757 3063 propter
791 2989 1141 3063 indigentiam
1179 2990 1412 3063 mendici
1448 2989 1530 3042 vel
1561 2989 1644 3063 ia-

83 3060 245 3118 trones
285 3079 379 3118 seu
422 3060 800 3119 malefactores
843 3060 1165 3117 efﬁciantur.
1214 3062 1281 3114 Et
1325 3070 1384 3114 ut
1426 3060 1644 3128 saepius

86 3150 173 3187 non
197 3135 324 3188 [iant
353 3135 580 3188 manniti
609 3135 676 3188 ad
708 3134 983 3204 placitum,
1019 3132 1123 3187 nisi
1152 3133 1295 3187 sicut
1329 3132 1384 3186 in
1413 3130 1521 3187 alio
1552 3145 1644 3186 ca-

88 3206 277 3272 pitulari
308 3206 668 3275 precepimus.

141 3275 254 3328 257.
287 3271 364 3330 De
399 3271 630 3341 ecclesiis
670 3276 774 3329 sive
813 3273 1006 3328 sanctis
1052 3283 1255 3328 naviter
1293 3273 1534 3326 inventis.
1567 3271 1646 3326 De

89 3346 305 3400 ecclesiis
339 3361 433 3401 seu
465 3347 668 3401 sanctis
713 3345 921 3400 noviter
955 3345 1071 3398 sine
1104 3343 1429 3398 auctoritate
1464 3343 1645 3397 inven-

92 3417 145 3469 tis
165 3417 260 3472 nisi
291 3417 543 3486 episcopo
569 3417 829 3486 probante
853 3415 1074 3469 minime
1098 3423 1467 3486 venerentur:
1495 3413 1644 3467 salva

89 3485 228 3540 etiam
251 3483 443 3542 de'hoe
474 3483 530 3542 et
569 3483 640 3541 ile
675 3486 926 3542 omnibus
959 3486 1206 3542 ecclesiis
1243 3483 1505 3540 canonica
1549 3499 1646 3537 au-

94 3557 337 3612 ctoritate.

147 3626 260 3700 258.
301 3627 369 3682 Ut
396 3629 714 3700 heribannus
746 3630 938 3700 absque
970 3645 1312 3700 personarum
1349 3625 1646 3700 acceptione

95 3696 288 3769 ﬁdeliter
313 3699 378 3753 ab
404 3699 642 3754 omnibus
668 3695 926 3769 exigatur.
957 3695 1033 3754 De
1053 3700 1352 3754 heribanno
1376 3695 1642 3769 volumus,

97 3775 142 3820 ut
171 3768 309 3823 missi
351 3771 524 3825 nostri
567 3770 670 3825 hoc
711 3765 940 3825 ﬁdeliter
978 3771 1196 3840 exigant
1245 3772 1447 3840 absque
1483 3765 1646 3840 ullius

94 3850 324 3917 personae
348 3841 538 3909 gratia,
566 3840 825 3917 bianditia
857 3855 948 3917 seu
970 3837 1175 3917 _terr'ore
1213 3837 1648 3917 secundum_ius-

98 3909 275 3962 sionem
305 3921 566 3965 nostram.
601 3911 656 3965 ld
687 3919 768 3966 est
800 3921 857 3965 ut
881 3913 946 3966 de
970 3913 1184 3966 homine
1213 3913 1446 3966 habente
1476 3909 1648 3962 libras

98 3992 170 4055 sex
202 3979 426 4055 inanro,
453 3983 787 4055 in__argento,
822 3983 1046 4055 bruiniis,
1086 3990 1416 4055 aeramento,
1453 3977 1647 4055 pannis

100 4050 314 4118 integris,
348 4052 589 4116 caballis,
615 4050 820 4118 bobus,
846 4054 1056 4118 ovibus,
1085 4053 1264 4107 vaccis
1298 4051 1381 4105 vel
1414 4050 1520 4104 alio
1548 4063 1645 4118 pe-

101 4118 234 4183 culio,
274 4122 346 4176 ita
389 4133 448 4179 ut
493 4137 690 4178 uxores
728 4137 915 4177 eorum
959 4124 1041 4178 vel
1087 4121 1322 4178 infantes
1357 4137 1465 4176 non
1514 4118 1648 4174 fiant

100 4190 282 4270 spoliati
304 4196 617 4270 prohacure
659 4193 724 4248 de
757 4194 1095 4270 vestimentis
1121 4209 1335 4255 eorum,
1380 4190 1648 4270 accipiant

102 4256 364 4329 legitimum
400 4265 812 4329 haeribannum,
839 4265 891 4319 id
921 4273 1006 4319 est
1044 4265 1208 4318 libras
1230 4273 1360 4318 tres.
1393 4256 1648 4328 Qui'vero

105 4342 186 4408 θρίξ
208 4331 444 4408 habuerit
480 4334 714 4408 amplius
746 4335 1200 4408 insuprascripto
1228 4334 1404 4408 pretio
1434 4331 1648 4408 valente

105 4399 197 4487 nisi
215 4401 372 4461 libras
405 4415 533 4487 ires,
563 4399 718 4487 solidi
755 4399 1169 4487 trigititaab‘eo
1201 4399 1505 4487 euigantuu.
1542 4402 1643 4470 Qui

106 4477 253 4549 autem
277 4490 381 4549 non
407 4475 658 4549 habuerit
689 4473 918 4549 amplius
943 4477 1046 4530 nisi
1071 4475 1205 4549 duas
1236 4473 1417 4549 libras,
1449 4473 1643 4549 decem

307 4547 497 4621 soivat.
539 4546 598 4621 Si
639 4539 899 4621 vero—nisi
937 4561 1096 4601 unam
1140 4547 1331 4621 libram
1377 4546 1646 4610 habuerit,

108 4611 272 4686 solidos
301 4617 553 4686 quinque,
587 4618 660 4672 ita
703 4624 761 4685 ut
795 4617 988 4671 iterum
1035 4633 1092 4671 se
1120 4617 1295 4670 valeat
1323 4630 1648 4686 praeparare

111 4680 161 4731 ad
184 4680 264 4738 Dei
286 4680 558 4742 servitium
595 4695 649 4742 et
677 4680 751 4742 ad
765 4697 1005 4742 nostram
1052 4680 1362 4741 utilitatem.
1405 4680 1472 4739 Εἰ
1497 4687 1650 4740 missi

112 4755 250 4829 nostri
291 4765 510 4829 caveant
539 4766 594 4812 et
636 4757 917 4829 diligenter
963 4758 1257 4826 inquirant,
1297 4772 1506 4829 neipar
1544 4757 1651 4829 ali—

111 4823 431 4903 quodmalum
459 4823 1000 4903 ingeniumvnostram
1037 4823 1361 4903 subtraham
1384 4823 1650 4882 iustitiam

115 4890 238 4946 alteri
264 4890 642 4953 tradendovaut
669 4899 1115 4953 commendando.

166 4959 274 5042 91:59:
310 4967 384 5022 De
413 4970 719 5042 hominibus
736 4968 810 5042 uel
848 4969 1058 5042 [entinis
1080 4969 1273 5032 liberis,
1302 4969 1396 5042 qui
1432 4984 1551 5021 cum
1587 4968 1654 5042 ﬁ-

117 5030 291 5110 sncaljnis
329 5055 380 5092 se
415 5041 656 5110 iungunt.
699 5030 876 5094 Liberi
917 5041 1183 5110 homines,
1222 5030 1545 5110 qui'uxores
1587 5030 1654 5092 de

121 5096 236 5155 ﬁscis
288 5096 546 5178 regalibus
590 5109 815 5172 habent,
861 5117 915 5163 et
958 5096 1210 5174 feminae,
1239 5096 1400 5178 ‘quae
1451 5109 1654 5162 liberae

122 5180 219 5251 sunt
243 5185 291 5228 et
315 5177 552 5251 homines
578 5179 848 5234 ﬂscalinos
883 5181 1058 5248 regios
1095 5189 1192 5232 aut
1218 5177 1416 5251 habent
1447 5188 1540 5232 aut
1565 5194 1655 5231 ac-

126 5249 309 5309 ειβὶυηῐ,
335 5249 409 5318 vel
432 5250 498 5304 de
525 5251 824 5304 hereditate
858 5259 1139 5318 parentum
1169 5250 1250 5302 vel
1274 5251 1339 5303 de
1364 5265 1524 5303 causa
1556 5263 1652 5303 sua

127 5316 381 5388 'lllijerenda
415 5335 512 5375 nec
541 5319 608 5372 de
647 5316 952 5374 testimonio
981 5336 1076 5388 pro
1102 5321 1202 5374 hac
1237 5336 1294 5372 re
1317 5319 1652 5380 abiciuntur;

51 5389 63 5400 ‘
128 5380 198 5432 sul
227 5385 336 5441 talis
370 5391 529 5444 etiam
548 5391 720 5446 ‘nobis
767 5391 821 5444 in
854 5389 954 5444 hac
982 5380 1146 5444 causa
1181 5391 1352 5444 honor
1386 5398 1651 5453 servetur,

1678 4455 1726 4514 D

3211 267 3331 354 est

295 377 502 453 Quales
537 392 788 453 personae
824 374 893 453 (ut
924 391 1110 453 causas
1142 375 1518 453 disceineudas
1544 377 1634 453 bet
1670 381 1709 434 Α
1741 383 1917 453 quails
1949 386 2004 430 et
2032 379 2466 435 antecessoribus
2501 381 2703 436 nostris
2735 381 2956 448 regibus
2980 383 3063 438 vel
3099 382 3329 453 impera-

1743 449 1953 520 leuibus
1979 457 2227 520 servatus
2264 465 2384 505 esse
2409 453 2773 520 cognoscitur.

1807 518 1934 591 260:
1973 517 2269 591 Utoratio
2294 517 2558 574 dominica
2599 533 2648 576 et
2669 521 2963 591 symbolum
3010 531 3060 577 et
3103 535 3189 578 tea:
3235 541 3329 580 seu

1738 586 1969 666 capitula
1994 589 2473 666 regumail‘igentcr
2493 586 2883 666 intellegantur.
2902 592 3004 666 Ubi
3031 593 3153 666 laici
3182 610 3328 666 sym-

1741 659 1922 731 bolum
1973 665 2028 712 et
2054 659 2355 714 orationem
2398 659 2726 717 dominicam
2775 663 3006 731 pleniter
3058 659 3324 720 ediscant.

1737 727 1977 783 Comites
2018 744 2234 798 quoque
2270 737 2324 784 et
2361 732 2658 786 centenarii
2694 742 2750 786 et
2775 727 2950 789 ceteri
2986 735 3194 790 nobiles
3226 736 3327 788 viri

1737 799 1909 866 legem
1943 801 2350 870 suampleniter
2380 801 2400 831 ⁸
2448 803 2678 866 discant,
2708 803 2850 857 sicut
2880 805 2936 857 in
2958 805 3064 860 alio
3093 804 3213 860 loco
3237 807 3328 870 de-

1737 877 1946 922 cretum
1973 880 2076 924 est.
2103 869 2471 940 Praecipimus
2496 882 2676 927 autem
2705 872 2885 928 mis'sis
2916 875 3136 939 nostris,
3171 885 3231 930 ut
3263 891 3327 930 ea

1737 955 1876 1026 quae
1909 955 1938 993 a
1968 940 2151 996 multis
2185 940 2297 1026 iam
2332 943 2490 1026 annis
2532 958 2630 1026 per
2667 944 3020 1026 capitularia"
3048 954 3234 1000 nostra
3272 947 3328 1026 in

1738 1020 1852 1065 toto
1884 1025 2049 1080 regno
2076 1020 2271 1084 nostro
2305 1012 2709 1077 mandavimus,
2735 1012 2933 1084 agere,
2969 1015 3199 1078 discere,
3220 1016 3330 1084 roh-

1737 1095 1974 1144 servare,
2007 1081 2090 1136 vel
2133 1081 2186 1136 in
2230 1085 2676 1139 consuetudinem
2728 1081 2927 1140 habere
2971 1083 3236 1149 debeant,
3268 1096 3330 1140 ut

1739 1152 1876 1224 haec
1907 1151 2095 1224 omnia
2114 1167 2258 1224 nunc
2279 1153 2566 1224 diligenter
2605 1154 2901 1224 inquirant,
2926 1165 2981 1210 et
3005 1156 3228 1211 omnino
3261 1157 3328 1210 ad

1738 1221 2020 1276 servitium
2067 1222 2162 1276 Dei
2218 1232 2274 1278 et
2336 1221 2404 1276 ad
2471 1221 2762 1279 utilitatém
2832 1235 3077 1280 nostram
3126 1227 3212 1281 vel
3261 1225 3330 1280 ad

1737 1293 1981 1365 omnium
2004 1292 2426 1349 Christianorum
2449 1295 2726 1350 hominum
2750 1296 3045 1365 perlectum
3070 1296 3330 1352 innovare

1739 1363 2011 1437 studeant,
2057 1370 2112 1417 et
2149 1372 2409 1433 quantum
2442 1365 2669 1420 Domino
2712 1363 2947 1423 donante
2989 1367 3326 1437 praevalent,

1739 1433 1806 1488 ad
1857 1432 2382 1514 perfectum-usque
2426 1437 2740 1514 perducant.
2809 1438 2874 1492 Et
2913 1432 3069 1514 nobis
3109 1437 3332 1514 omnino

1737 1505 2079 1569 annuntient,
2124 1505 2248 1574 quis
2291 1505 2417 1562 inde
2457 1507 2658 1562 bona
2703 1517 2979 1564 certamen
3016 1509 3118 1564 hoc
3155 1509 3330 1562 adim-

1739 1575 1885 1649 plere
1907 1575 2208 1649 habuisset,
2234 1585 2296 1631 ut
2329 1591 2360 1630 a
2385 1578 2495 1649 Deo
2525 1584 2641 1649 etia
2665 1579 2823 1634 nobis
2846 1581 3076 1649 gratiam
3109 1579 3328 1633 haheat.

1739 1645 1842 1713 Qui
1872 1655 2054 1700 autem
2089 1647 2381 1718 neglegens
2419 1648 2544 1703 inde
2577 1648 2761 1712 fuerit,
2799 1645 2871 1704 ut'
2897 1651 3059 1705 talem
3091 1649 3332 1717 discipli-

1674 1727 1715 1784 Β
1744 1732 1869 1791 nam
1899 1718 2180 1786 percipiat,
2207 1718 2423 1791 qualem
2455 1719 2580 1791 talis
2608 1719 2680 1774 sit
2711 1729 3054 1791 contemptor
3090 1721 3333 1790 recipere

1744 1787 1957 1860 dignus,
1983 1796 2044 1860 ut
2065 1787 2266 1845 caeteri
2291 1797 2495 1843 metum
2520 1790 2754 1845 habeant
2775 1787 3026 1860 amplius.

1813 1859 1951 1932 26L
1979 1858 2058 1912 De
2099 1861 2359 1932 occisione
2383 1860 2700 1932 clericorum
2727 1873 2776 1916 et
2807 1858 3138 1916 sacerdotum
3181 1871 3337 1932 atque

1743 1930 2140 1983 monachorum.
2183 1930 2285 1997 Qui
2313 1930 2702 1986 subdiaconum
2735 1932 3021 1992 occiderit.
3063 1930 3337 1990 trecentos

1743 2000 1946 2072 solidos
1993 2011 2281 2072 conponat.
2332 2000 2434 2068 Qui
2483 2002 2788 2072 diaconum,
2842 2003 3266 2071 quadringentos
3311 2003 3330 2032 ⁷

1743 2071 1965 2126 solidos.
2014 2062 2116 2138 Qui
2141 2062 2525 2143 presbitérum,
2558 2062 2934 2129 sexcentos".
2981 2062 3102 2140 Qui
3124 2075 3334 2143 episco-

1743 2141 2240 2214 pum,inongen’tos
2281 2142 2323 2195 ’.
2372 2141 2476 2208 Qui
2517 2145 2878 2208 monachum,
2927 2141 3338 2214 quadringentis

1744 2212 2031 2281 culpabilis
2058 2213 2344 2268 iudicetur.

1815 2284 1938 2337 262.
1970 2282 2043 2338 De
2063 2284 2306 2355 dampnis
2339 2285 2393 2338 in
2418 2284 2820 2355 inmunitatibus
2840 2285 3014 2355 factis.
3043 2285 3100 2340 Si
3124 2284 3246 2354 quis
3282 2284 3338 2338 in

1746 2354 2068 2478 inmunitate
2089 2354 2376 2425 dampnum
2401 2355 2618 2426 aliquod
2641 2354 2847 2419 fecerit,
2871 2363 3156 2413 sexcentos
3183 2355 3222 2385 ⁸⁸
3245 2371 3336 2410 so-

1767 2442 1800 2478 lt
1822 2441 1884 2478 os
1911 2434 2200 2478 conponat.

1767 2434 1884 2479 lthS
1911 2434 2200 2480 εοιιοοιιαῐ.

1816 2496 1940 2550 265.
2003 2495 2082 2551 De
2131 2496 2336 2566 furibus
2395 2497 2539 2566 infra
2575 2495 2913 2566 emunitatem
2952 2498 3163 2552 retentis
3203 2495 3331 2566 quid

1746 2567 2004 2637 agendum
2030 2567 2116 2621 sit.
2134 2565 2212 2622 Si
2236 2576 2418 2622 autem
2443 2565 2605 2623 homo
2628 2565 2830 2621 furtum
2860 2577 2954 2622 aut
2982 2565 3335 2637 homicidium

1746 2635 1957 2701 fecerit,
1982 2637 2066 2692 vel
2088 2638 2368 2708 quodlibet
2403 2637 2612 2694 crimen
2649 2637 2782 2693 foris
2807 2639 3156 2694 committens
3196 2635 3338 2691 infra

1747 2707 2146 2764 immunitatem
2192 2707 2418 2778 fugerit,
2469 2709 2687 2763 mandet
2731 2725 2914 2765 comes
2956 2710 3039 2765 vel
3083 2708 3339 2778 episcopo

1747 2777 1830 2834 vel
1860 2779 2041 2834 abbati
2078 2780 2162 2835 vel
2187 2777 2526 2843 viCedomno,
2550 2778 2633 2834 vel
2667 2779 2741 2832 illi
2769 2780 2862 2848 qui
2890 2781 3064 2836 locum
3097 2777 3335 2848 episcopi

1745 2849 1828 2904 vel
1855 2850 2066 2906 abbatis
2099 2852 2353 2915 tenuerit,
2384 2859 2442 2904 ut
2467 2851 2656 2905 reddat
2681 2850 2732 2904 ei
2761 2866 2933 2904 reum.
3000 2850 3057 2904 Si
3093 2849 3182 2904 ille
3206 2865 3337 2904 con-

1747 2921 2030 2975 tradixerit
2068 2929 2122 2978 et
2158 2922 2382 2976 reddere
2419 2921 2677 2982 noluerit,
2716 2935 2814 2988 pro
2848 2922 3025 2990 prima
3060 2919 3340 2976 contradi-

1747 2991 1929 3047 ctione
1951 2993 2258 3060 quindecim
2285 2992 2486 3048 solidos
2505 2999 2795 3059 conponat.
2829 2990 2885 3045 Si
2909 3006 3009 3047 nec
3031 2992 3098 3045 ad
3120 2993 3341 3060 tertiam

1746 3059 2058 3118 consentire
2094 3063 2348 3128 voluerit,
2395 3062 2655 3132 quicquid
2700 3076 2825 3116 reus
2867 3061 3083 3132 dampni
3128 3059 3338 3123 fecerit,

1748 3142 1922 3188 totum
1965 3133 2054 3188 ille
2078 3175 2091 3195 ,
2137 3134 2229 3203 qui
2261 3149 2385 3188 eum
2416 3131 2568 3186 infra
2609 3133 2962 3186 emunitatem
3002 3133 3200 3187 retinet
3241 3147 3342 3185 nec

1746 3203 1972 3259 reddere
2014 3205 2159 3268 vult,
2197 3204 2406 3259 solvere
2448 3212 2695 3270 cogatur.
2752 3203 2819 3257 Et
2865 3204 2982 3272 ipse
3018 3217 3202 3272 comes
3244 3217 3338 3256 ve-

1744 3275 1898 3330 niens
1924 3274 2263 3330 “licentiam
2299 3275 2496 3329 habeat
2542 3275 2717 3343 ipsum
2758 3271 3031 3329 hominem
3084 3271 3223 3327 infra
3260 3272 3342 3325 iu-

1745 3346 2068 3400 munitatem
2109 3345 2422 3415 quaerendi,
2459 3346 2768 3413 ubicunque
2805 3361 2928 3399 eum
2965 3343 3208 3399 invenire
3237 3358 3336 3411 po-

1747 3416 1928 3470 tuerit.
1956 3415 2015 3470 Si
2043 3426 2227 3472 autem
2255 3416 2309 3469 in
2335 3415 2509 3485 prima
2537 3415 2888 3483 inquisitione
2910 3415 3094 3469 comiti
3124 3428 3342 3482 respon-

1744 3502 1864 3557 sum
1915 3485 2097 3557 fuerit,
2150 3487 2296 3557 quod
2346 3502 2480 3557 reus
2516 3485 2656 3540 infra
2705 3486 3080 3557 inmunitatem
3121 3485 3341 3557 quidem

1744 3556 1952 3621 fuisset,
1981 3556 2075 3613 sed
2099 3555 2222 3628 fuga
2252 3557 2436 3626 lapsus
2454 3556 2646 3628 fuerit,
2675 3556 2860 3628 statim
2885 3557 3043 3628 iuret
3056 3555 3200 3625 quod
3225 3555 3342 3624 ipse

1745 3643 1869 3682 eum
1890 3628 1959 3683 ad
1989 3624 2253 3683 iustitiam
2291 3624 2578 3683 cuiuslibet
2601 3625 2988 3697 disfaciendam
3019 3624 3203 3696 fugere
3232 3640 3341 3697 non

1745 3697 1993 3763 fecisset;
2028 3708 2084 3754 et
2115 3701 2188 3754 sit
2217 3699 2268 3755 ei
2304 3699 2361 3752 in
2394 3700 2497 3754 hoc
2527 3695 2885 3752 satisfactum.
2935 3695 2990 3750 Si
3035 3695 3217 3751 autem
3254 3695 3342 3749 in-

1746 3769 1910 3840 tranti
1955 3769 2011 3823 in
2042 3769 2216 3840 ipsam
2257 3769 2638 3824 inmunitatem
2680 3768 2867 3822 comiti
2909 3767 3134 3840 collecta
3175 3781 3342 3820 manu

1744 3839 2000 3910 quislibet
2042 3837 2297 3896 resistere
2337 3840 2657 3910 tentaverit,
2692 3853 2882 3910 comes
2924 3837 3123 3910 hociad
3158 3852 3342 3910 regem

1745 3907 1829 3992 vel
1869 3909 2280 3994 Aadnprincoipem
2323 3909 2549 3994 deferat,
2593 3921 2654 3994 ut
2689 3908 2906 3994 ibidem.
2941 3909 3227 3994 iudicetur.
3257 3907 3343 3994 ‘Et

1746 3981 1887 4036 sicut
1916 3978 2024 4045 ille,
2049 3978 2220 4051 quiin
2253 3981 2576 4035 inmunitate
2597 3982 2856 4051 damnum
2880 3978 3026 4051 fecit,
3052 3987 3342 4034 sexcentos

1745 4051 1947 4108 solidos
1964 4050 2270 4122 conponere
2295 4051 2470 4115 debet,
2501 4052 2574 4106 ita
2596 4050 2687 4120 qui
2713 4050 2900 4122 comiti
2926 4051 3152 4122 collecta
3178 4064 3341 4122 manu

1746 4122 2004 4178 resistere
2033 4119 2352 4192 praesumit,
2368 4119 2638 4178 sexcentis
2668 4120 2856 4176 solidis
2885 4119 3173 4191 culpabilis
3198 4119 3341 4174 iudi-

1748 4202 1924 4250 CCIUI‘.

1818 4263 1944 4317 264.
1985 4263 2063 4317 De
2098 4263 2228 4318 locis
2267 4263 2337 4317 ad
2373 4261 2607 4317 claustra
2649 4263 3022 4317 canonicorum
3071 4259 3336 4329 facienda.

1748 4335 1825 4390 De
1851 4334 1986 4390 locis
2002 4334 2194 4389 dandis
2220 4336 2287 4390 ad
2317 4333 2554 4388 claustra
2580 4335 2965 4388 canonicorum
2997 4330 3264 4394 facienda,
3294 4330 3340 4383 si

1749 4404 1816 4459 de
1846 4405 2088 4461 eiusdem
2115 4405 2377 4460 ecclesiae
2398 4405 2561 4458 rebus
2583 4402 2761 4466 fuerit,
2801 4411 2986 4458 nostra
3019 4400 3343 4456 liberalitate

1749 4476 2076 4532 concedatur
2097 4475 2191 4531 ibi.
2221 4476 2278 4530 Si
2301 4476 2366 4532 de
2387 4474 2609 4529 alterius
2630 4475 2713 4528 vel
2734 4474 3011 4534 ecclesiae,
3037 4470 3120 4542 vel
3143 4471 3342 4525 libero-

1751 4563 1869 4601 rum
1895 4546 2191 4609 hominum,
2218 4549 2602 4603 commutetur.
2629 4544 2685 4599 Si
2709 4554 2888 4599 autem
2912 4545 2979 4599 de
3001 4543 3132 4596 ﬁsco
3155 4549 3343 4596 nostro

1749 4616 1933 4686 fuerit,
1963 4625 2149 4672 nostra
2176 4615 2498 4672 libiaralitate
2523 4616 2874 4670 concedatur.

1824 4680 1949 4742 265.
1990 4687 2069 4758 De
2101 4689 2359 4758 emptione
2387 4696 2618 4755 tempore
2643 4687 2825 4740 messis
2846 4700 3015 4758 causa
3041 4680 3344 4758 cupiditatis

1750 4768 1798 4813 et
1822 4758 1988 4828 turpis
2025 4751 2194 4828 lucrif
2214 4751 2552 4824 Quicumque
2583 4765 2823 4828 tempore
2857 4753 3050 4828 messis
3085 4751 3170 4806 vel
3202 4760 3341 4828 tetu-

1752 4843 1881 4898 pore
1909 4821 2374 4882 'vindemiae'non
2414 4821 2760 4890 nécessitaie,
2807 4825 2899 4898 sed
2936 4834 3158 4898 propter
3189 4821 3343 4898 cupi:

1751 4891 1972 4953 ditatem
2017 4905 2275 4966 conparat
2304 4897 2346 4927 “
2369 4911 2640 4950 annonam
2681 4905 2774 4950 aut
2816 4891 3153 4966 vinum,’vel
3195 4891 3344 4945 verbi

1760 4969 1933 5040 gratia
1961 4966 2028 5020 de
2062 4965 2272 5022 duobus
2304 4967 2542 5040 denariis
2573 4974 2832 5040 conparat
2876 4965 3115 5040 modium
3153 4977 3342 5040 unum,

1756 5031 1812 5094 Et
1851 5045 2091 5092 reservat
2119 5052 2290 5106 usque
2326 5039 2454 5092 dum
2486 5031 2796 5092 venundare
2831 5035 3003 5104 possit
3035 5041 3224 5088 contra
3255 5031 3348 5106 de-

1759 5109 1942 5164 narios
1973 5101 2220 5189 quatuor
2250 5115 2343 5189 aut
2383 5122 2479 5161 sex
2523 5122 2615 5189 seu
2655 5101 2904 5189 amplius,
2948 5106 3051 5160 hoc
3079 5101 3346 5189 turpe‘lu-

1760 5194 1910 5233 crum
1956 5175 2203 5232 dicimus.
2261 5177 2318 5231 Si
2371 5193 2502 5232 vero
2545 5178 2645 5232 hoc
2685 5175 2908 5246 propter
2965 5175 3342 5246 necessitatem

1760 5258 2048 5317 conparat,
2086 5257 2144 5302 ut
2177 5249 2281 5304 sibi
2322 5248 2519 5303 habeat
2551 5256 2605 5302 et
2642 5243 2765 5301 aliis
2790 5243 3036 5311 tribuat,
3070 5243 3343 5312 negotium

1760 5320 2009 5374 dicimus.

1830 5389 1953 5442 266.
1994 5388 2072 5444 De
2096 5388 2383 5444 stabilitate
2414 5389 2771 5460 episcoporum
2796 5385 2871 5440 vel
2905 5382 3235 5439 clericorum.
3271 5383 3346 5436 Ne

1292 5503 1685 5558 VARIANTES
1715 5501 2116 5558 LECTIONES.

190 5614 204 5640 ‘
225 5615 559 5674 discutiendas
584 5620 705 5674 Bal.
780 5621 800 5649 ²
829 5621 875 5674 si
898 5632 1080 5674 comes
1113 5617 1196 5670 Ill.
1230 5617 1309 5668 ll.
1387 5615 1406 5645 ³
1431 5615 1522 5684 qui
1549 5613 1614 5668 ϐ.

131 5697 298 5750 Ψυτναδο
319 5686 377 5742 G.
431 5746 435 5750 _
473 5690 493 5720 ⁸
518 5689 729 5744 DCCCC
756 5690 810 5742 in
832 5689 942 5742 loco
974 5704 1089 5741 raso
1113 5685 1178 5739 ϐ.

135 5747 162 5779 ¹¹
183 5756 330 5812 veniat
361 5747 512 5814 (Lex
539 5771 753 5814 cancri.
833 5762 872 5790 “
897 5769 1147 5828 conparet
1173 5756 1236 5811 G.

1692 5614 1712 5643 ⁸
1739 5614 1998 5682 palatium
2016 5612 2079 5667 (ἶ.

1280 5685 1299 5715 ⁹
1328 5700 1374 5740 c.
1410 5680 1475 5742 de
1500 5685 1612 5742 uita
1639 5680 1904 5754 conponat
1939 5685 1988 5736 in
2017 5684 2129 5737 loco
2158 5699 2275 5735 raso
2307 5680 2373 5736 Ο.

2160 5613 2181 5643 ⁸
2202 5591 2568 5666 ιηίηιιθῑιιτὈ.
2646 5608 2666 5636 ⁸⁸
2693 5606 2916 5662 deestG.
2993 5609 3014 5638 ⁷
3040 5607 3126 5663 DC
3158 5609 3210 5660 in
3235 5607 3345 5660 locJ

2480 5682 2520 5712 ¹⁰
2564 5678 2777 5734 DCCCC
2813 5679 2865 5732 in
2892 5677 3004 5732 loco
3034 5695 3244 5731 corruso
3270 5677 3308 5731 (ἰ
3335 5720 3346 5733 .
