3828 6220
209 293 301 348 ῖῦἹ

764 291 912 347 COD.
957 283 1302 343 Dll’LOM.—
1330 282 1688 340 BENEDICTI
1725 283 2248 342 C.\|’l'l‘ULl\RlUM
2277 281 2677 339 COLLBCTIO.
2722 285 2847 341 LIB.
2887 286 2928 339 l.

3376 285 3484 342 758

199 401 344 454 stitia
375 400 745 455 ecclesiarum
770 402 869 455 sub
908 399 1248 454 inmunitatis
1281 396 1596 452 defensione
1624 396 1804 450 consiv
1835 409 1878 463 Α
1907 396 2048 450 binis
2082 394 2164 448 vol
2202 394 2373 449 vassis
2398 395 2678 458 comitum,
2709 396 2810 450 nisi
2841 396 2930 464 qui
2978 411 3196 450 causam
3231 412 3384 452 suam
3411 401 3508 454 ad—

204 483 365 532 stere,
396 485 599 524 verum
627 472 789 524 etiam
815 469 1006 525 domus
1031 479 1084 523 et
1110 470 1263 523 villas
1298 478 1353 523 et
1377 476 1527 535 septa
1556 466 1803 520 villarum

201 551 248 595 et
287 540 592 607 piscatoria
622 557 778 595 manu
800 541 958 594 facta
994 551 1046 594 et
1083 539 1340 610 quiequid
1388 538 1547 591 fossis
1585 545 1686 610 aut;
1719 549 1806 588 se-

201 605 359 683 pibbs
381 610 470 683 vel
510 612 678 683 etiam
717 610 820 683 alio
847 605 1148 683 clausarum
1186 605 1383 683 genere
1419 605 1801 683 praecingitur,

202 675 392 734 eodem
434 679 784 734 inmanitatis
822 682 1036 734 nomine
1081 675 1380 733 contineri.
1433 676 1509 730 Et
1545 675 1803 744 quicquid

202 750 341 823 intra
372 748 694 823 huiusmodi
723 751 1052 823 munimenta
1093 748 1160 802 ad
1194 750 1290 823 iu_s_
1305 745 1599 823 earundem
1631 746 1808 823 ecelcf

203 819 408 874 siarum
463 822 560 874 vel
610 820 1062 874 monasteriorum
1119 815 1441 887 pertinentia
1487 833 1517 868 a
1568 815 1809 885 quolibet

204 888 422 943 homine
465 889 712 951 nocendi
730 890 813 944 vel
851 890 1105 944 damnum
1135 887 1398 942 inferendi
1447 901 1608 940 causa
1647 899 1811 954 spon-

206 971 365 1011 tnnea
404 958 694 1014 voluntate
717 960 1092 1021 committitur,
1137 959 1190 1011 in
1210 958 1322 1012 hoc
1347 956 1490 1011 facto
1514 956 1811 1008 inmunitas

205 1027 699 1084 fractaiudieatur.
723 1029 876 1095 Quod
906 1044 1033 1084 vero
1083 1030 1136 1082 in
1175 1042 1336 1096 agros
1377 1035 1431 1080 et
1476 1040 1696 1094 campos
1748 1040 1813 1096 ac

203 1099 393 1169 silvas,
426 1114 576 1169 quae
599 1099 714 1154 sine
749 1092 1174 1169 laborationibns
1202 1092 1235 1128 Γ
1247 1103 1374 1169 sunt
1399 1104 1455 1149 et
1475 1092 1628 1169 nullo
1654 1092 1813 1169 modo

205 1165 518 1223 nnmitione
555 1170 863 1238 cinguntur,
908 1184 1055 1232 casn,
1094 1168 1234 1222 sicut
1261 1167 1378 1223 fieri
1398 1166 1572 1238 solet,
1616 1181 1653 1238 a_
1695 1165 1815 1238 qui-

208 1238 444 1309 buslibet
481 1234 796 1294 hominibus
836 1234 1048 1309 aliquod
1094 1235 1590 1309 damnumﬂfactum
1630 1234 1811 1309 fuerit,

209 1307 462 1380 quamvis
488 1310 633 1380 idem
659 1323 785 1380 ager
809 1318 903 1364 aut
926 1305 1150 1378 campus
1196 1308 1278 1361 vel
1317 1305 1452 1362 silva
1476 1315 1588 1380 _aut
1623 1305 1690 1380 ad
1721 1319 1814 1380 ee-

210 1375 437 1460 clcsiam
489 1379 580 1434 vel
633 1375 1020 1460 monasterium
1048 1375 1424 1460 'praeccptuin
1474 1375 1818 1460 inmunitatis

214 1449 516 1520 habentem
564 1451 854 1520 pertineat,
900 1465 1017 1520 non
1047 1446 1226 1504 tamen
1275 1446 1332 1503 in
1371 1448 1475 1502 hoc
1522 1446 1819 1520 inmunitas

213 1519 384 1573 fracta
414 1514 708 1575 iudicanda
733 1514 848 1585 est;
883 1528 938 1574 et
971 1518 1090 1575 ideo
1115 1535 1222 1573 non
1270 1525 1653 1572 sescentorum
1693 1514 1820 1570 soli-

213 1588 406 1644 dorum
438 1590 844 1660 conpositione,
873 1591 970 1646 sed
1010 1589 1306 1660 secundum
1340 1588 1532 1660 legem,
1581 1599 1725 1660 quae
1765 1585 1821 1639 in

216 1660 409 1730 eodem
436 1655 572 1714 loco
589 1655 835 1723 tenetur,
855 1661 901 1716 is
933 1658 1242 1730 multandus
1268 1667 1352 1714 est
1379 1655 1474 1730 qui
1508 1655 1821 1730 scandalum

214 1728 296 1782 vel
326 1729 592 1784 damnum
636 1731 689 1784 in
731 1730 822 1785 tali
845 1725 975 1788 loco
1002 1729 1195 1786 fecisse
1234 1725 1517 1786 convictus
1557 1729 1578 1758 ’
1630 1725 1817 1780 fuerit.

285 1799 437 1872 280.”
460 1800 542 1872 De
567 1802 781 1855 iustitiis
811 1801 1158 1872 generalibus.
1180 1801 1277 1855 -De
1319 1799 1542 1854 iustittis
1568 1796 1826 1872 ecclesia-‘-

220 1885 339 1924 rum
412 1871 536 1935 Dei,
598 1868 908 1938 viduarum,
967 1873 1337 1940 orphanorum
1387 1878 1443 1925 et
1499 1868 1824 1940 pupillorum

221 1940 610 2012 praecipimus,
645 1949 704 2012 ut
731 1942 784 1996 in
820 1939 1049 2012 publicis
1077 1941 1293 1996 iudiciis
1315 1956 1431 2012 non
1455 1939 1825 2010 despiciantur

223 2011 551 2083 clamantes,
580 2011 673 2083 sed
694 2010 870 2083 primo
913 2011 1206 2083 diligenter
1227 2010 1536 2083 audiantur.

289 2081 423 2151 281.
468 2081 550 2136 De
573 2081 888 2137 animalibus
915 2083 992 2137 vel
1019 2081 1140 2136 aliis
1167 2082 1338 2145 rebus,
1364 2098 1397 2135 a
1425 2081 1630 2151 quibus?
1653 2095 1832 2134 eman-

226 2161 331 2204 tur.
372 2150 453 2222 ,Ut
481 2151 661 2222 nullus
687 2160 944 2222 conparet
969 2153 1256 2217 caballum,
1296 2150 1489 2206 bovem
1517 2159 1572 2205 et
1621 2150 1832 2222 iumen-

229 2221 452 2303 tum_vel
485 2221 624 2303 alia,_
644 2223 746 2276 nisi
773 2221 920 2278 illum
946 2223 1218 2303 hominem
1245 2229 1557 2303 cognoscat,
1585 2221 1676 2303 qui
1703 2234 1828 2301 eum

230 2291 434 2365 vendit,
469 2300 564 2346 aut
593 2291 660 2365 de
689 2309 798 2363 quo
821 2309 957 2365 pago
981 2301 1083 2356 est,
1125 2293 1208 2348 \‘el
1238 2289 1339 2349 ubi
1357 2299 1559 2359 manet,
1586 2289 1680 2346 aut
1711 2289 1833 2360 quis

201 2387 206 2393 -
231 2371 312 2416 est
345 2363 470 2416 eius
499 2362 700 2418 senior.

299 2431 448 2504 282.
476 2431 554 2487 De
581 2449 660 2504 eo,
703 2434 792 2504 qui
817 2434 872 2488 in
900 2434 1255 2489 testimonium
1305 2433 1635 2504 assumitur,_
1659 2429 1832 2504 qualis

231 2502 572 2576 esseidebeat.
621 2501 876 2572 Optimus.
899 2505 1127 2576 quisque
1157 2505 1210 2576 in
1247 2518 1387 2574 pago
1426 2502 1507 2558 vel
1534 2501 1756 2558 civitate
1779 2501 1836 2576 in

241 2572 609 2643 testimonium
641 2571 946 2628 assumatur
974 2583 1028 2630 et
1039 2571 1137 2629 ὀιιί
1173 2571 1468 2638 isfcontra
1493 2587 1655 2643 quem
1683 2571 1837 2626 testi-

242 2642 540 2715 moniare'
586 2645 762 2708 debet,
787 2644 994 2699 nullum
1025 2645 1232 2700 crimen
1257 2644 1430 2715 possit
1459 2642 1719 2715 indicere.

306 2712 434 2768 285.
470 2712 547 2768 De
579 2715 1000 2770 heribannatoris
1041 2710 1294 2771 coniecto.
1341 2714 1412 2769 Ut
1461 2713 1536 2768 illi
1562 2713 1653 2782 qui
1693 2710 1840 2782 heri-

241 2781 481 2838 bannum
512 2785 722 2841 solvere
753 2785 966 2849 debent,
1020 2786 1324 2841 coniectum
1356 2781 1667 2839 faciant’ad
1693 2781 1838 2837 heri-

243 2853 622 2912 bannatoretn.
702 2874 709 2881 ·

465 2922 544 2979 De
584 2924 804 3009 uolanis
825 2935 874 2980 et
893 2924 1186 3009 .Escalinif.
1224 2924 1296 2980 Ut
1325 2938 1441 3009 nee_
1468 2922 1696 3009 colonus
1739 2936 1841 2978 nec

247 2992 520 3049 ﬁscalinus
565 2996 762 3052 alicubi
791 2992 1109 3053 traditiones
1140 2995 1319 3052 facere
1339 2995 1553 3050 audeat.

309 3083 728 3174 ##SLDefa‘lsis
749 3087 980 3142 testibus.
1011 3085 1156 3142 Falsi
1183 3094 1353 3142 testes
1391 3083 1755 3157 praecipimus
1777 3091 1838 3138 ut
1863 3109 1911 3174 ο

249 3170 352 3211 non
376 3157 730 3229 recipiantur.

313 3249 439 3306 286.
476 3251 564 3306 De
582 3233 875 3307 hominibus
906 3251 976 3306 ad
1010 3260 1230 3305 mortem
1252 3249 1560 3320 diiudicatis
1583 3257 1632 3302 et
1657 3257 1840 3320 postea

251 3321 321 3376 eis
346 3322 451 3376 vita
474 3339 735 3387 concessu,
763 3324 808 3377 si
840 3323 1070 3377 iustitias
1091 3322 1436 3392 quaesierint.
1465 3319 1542 3373 llli
1571 3320 1839 3392 homines,

290 3392 337 3448 ui
385 3403 606 3463 propter
665 3409 851 3448 eorum
915 3389 1121 3463 culpas:
1153 3392 1234 3463 ad
1282 3400 1512 3445 mortem
1568 3389 1845 3463 diiudicati

275 3461 450 3535 iterint
488 3461 548 3518 et
589 3473 773 3535 postea
820 3463 908 3535 eis
946 3461 1053 3535 vita
1099 3461 1264 3517 fuerit
1308 3477 1593 3535 concessa,
1639 3461 1701 3535 si_
1736 3461 1843 3535 ipsi

256 3531 511 3588 iustitiam
539 3531 606 3589 ab
627 3534 745 3588 aliis
766 3533 1131 3604 requisierint,
1154 3540 1252 3604 aut
1275 3533 1342 3588 ab
1363 3532 1444 3604 eis
1462 3531 1554 3585 alii
1577 3531 1841 3604 iustitiam

257 3618 512 3671 quaerere
549 3602 938 3670 voluerint,_ita
985 3604 1126 3658 inter
1151 3602 1270 3658 illos
1307 3603 1562 3658 iudicium
1593 3602 1847 3655 termine-

261 3680 361 3726 tur.
412 3674 595 3730 Primo
620 3677 860 3731 omnium
893 3676 959 3730 de
996 3674 1102 3728 illis
1130 3672 1332 3738 causis,
1370 3688 1470 3743 pro
1494 3672 1690 3742 quibus
1710 3671 1845 3743 iudi-

259 3751 406 3799 catus
437 3745 602 3800 luerit
634 3745 703 3801 ad
733 3754 983 3812 mortem,
1011 3744 1212 3798 nullam
1233 3741 1413 3814 potest
1436 3741 1614 3814 laeere
1645 3742 1845 3814 repleti-

261 3814 477 3885 t_ionem,
532 3817 656 3885 quia
711 3832 903 3872 omnes
950 3831 1039 3871 res
1077 3829 1208 3870 suae
1238 3813 1847 3885 ’secundumfiudicium

262 3882 584 3941 Francorum
626 3887 680 3940 in
711 3887 925 3943 publico
967 3885 1184 3941 fuerunt
1217 3893 1519 3939 revocatae.
1554 3884 1619 3938 Et
1653 3884 1699 3938 si
1751 3882 1849 3937 ali-

257 3955 383 4024 quid
428 3955 850 4026 inpostmodum,
886 3965 1173 4026 postquam
1204 3955 1275 4026 rei
1319 3956 1427 4026 vita
1454 3968 1710 4010 coticessa
1743 3961 1846 4017 cst,

261 4039 378 4098 cum
402 4025 605 4098 iustitia
618 4025 902 4098 adquirere
914 4025 1169 4098 potuerit,
1200 4025 1255 4098 in
1271 4041 1366 4080 sua
1395 4025 1642 4098 libertate
1668 4032 1848 4079 teneat

263 4104 314 4149 et
344 4095 590 4168 defendat
637 4095 935 4154 secundum
991 4097 1186 4168 legem.
1227 4097 1282 4150 ln
1319 4096 1709 4168 testimonium
1741 4109 1846 4148 non

265 4167 598 4236 suscipiatur,
658 4183 758 4224 nec
807 4169 950 4224 inter
983 4164 1238 4223 scabinos
1269 4164 1337 4220 ad
1383 4166 1554 4234 legem
1601 4165 1849 4236 iudican-

266 4235 380 4291 dam
406 4235 672 4294 teneatur.
708 4239 775 4294 Et
803 4239 848 4294 si
884 4239 951 4294 ad
978 4247 1382 4293 sacramentum
1413 4235 1614 4306 aliquid
1642 4235 1849 4290 iudica-

269 4317 370 4360 tum
398 4307 726 4379 fueritquod
752 4310 932 4364 iurare
977 4309 1186 4379 debeat,
1239 4307 1285 4363 si
1320 4307 1516 4376 aliquis
1557 4307 1734 4376 ipsum
1761 4321 1850 4361 sa-

267 4378 816 4436 cramentum’falsum
848 4379 1028 4435 dicere
1062 4378 1313 4443 voluerit,
1355 4379 1668 4433 contendat.

1909 467 2124 537 quirere
2146 465 2372 537 debent
2389 475 2482 520 aut
2519 468 2864 537 respondere.

1977 535 2102 607 289.
2134 535 2209 588 De
2235 535 2451 607 testibus
2489 536 2558 588 ad
2591 537 2946 607 testimonium
2971 535 3254 589 dicendum
3280 538 3509 607 qualiter

1907 605 2274 675 adhibeantur.
2333 605 2401 660 Ut
2454 609 2618 662 testes
2681 609 2748 659 ad
2803 605 3170 660 testimonium
3221 605 3507 662 dicendum

1906 675 2148 744 praemio
2185 689 2291 728 non
2323 677 2714 730 conducantur.
2757 675 2823 729 Et
2847 683 2904 730 ut
2934 676 3114 729 nullus
3144 677 3508 732 testimonium

1907 745 2052 799 dicat
2075 752 2168 798 aut
2197 753 2591 800 sacramentum
2624 746 2781 807 iuret,
2821 745 2924 799 nisi
2951 745 3182 799 ieiunus.
3222 747 3287 805 Et
3333 759 3390 800 ut
3428 757 3508 800 te-

1908 824 2039 878 stes,
2072 816 2388 884 priusquam
2420 816 2616 878 iurent,
2657 817 2943 884 separatim
2984 815 3358 880 discutiantur,
3383 820 3511 884 quid

1909 885 2289 1009 giclfgett'elint
2340 886 2407 940 de
2454 885 2548 940 illa
2579 901 2658 952 re,
2693 885 2834 940 unde
2866 885 3238 941 testimonium
3286 885 3512 943 reddere

1945 971 1977 1009 c
2052 971 2085 1008 n
2117 993 2132 1007 .

1911 957 2132 1010 debent.
2524 964 2529 969 '

1980 1024 2113 1096 290.
2137 1023 2213 1085 De
2231 1025 2435 1096 iustitia
2453 1023 2725 1096 cuiuslibet
2751 1043 2782 1079 a
2806 1023 2950 1079 nullo
2969 1025 3194 1096 quolibet
3212 1024 3511 1082 dilatanda.

1916 1093 2187 1168 Utinullus
2211 1095 2439 1168 quilibet
2471 1095 2672 1168 missus
2682 1103 2894 1168 hnoster
2923 1093 3100 1168 neque
3125 1111 3316 1168 eomes
3339 1113 3516 1168 neque

1914 1165 2072 1219 iudex
2099 1173 2193 1220 aut
2217 1165 2473 1221 scabinus
2501 1164 2790 1236 cuiuslibet
2815 1164 3077 1222 iustitiam
3104 1167 3332 1221 dilatare
3359 1164 3517 1236 prac-

1915 1243 2110 1298 sumat,
2147 1237 2192 1306 si
2239 1236 2423 1290 statim
2460 1235 2750 1305 adimpleta
2780 1237 3022 1306 potuerit
3049 1252 3169 1292 esse
3219 1235 3518 1292 secundum

1917 1305 2356 1380 recti_tudinem,__
2390 1320 2565 1380 neque
2617 1305 2857 1380 praemia
2903 1318 3004 1380 pro
3051 1307 3154 1362 hoc
3201 1321 3232 1360 a
3278 1308 3520 1377 quolibet

1917 1377 2135 1455 homine
2160 1391 2258 1448 per
2290 1376 2511 1447 aliquod
2547 1375 2825 1446 ingenium
2863 1375 3064 1432 nialum
3092 1375 3408 1448 praesumat
3428 1393 3518 1434 ae-

1918 1461 2120 1500 emere.

1971 1461 2120 1572 923;?
2155 1515 2234 1571 De
2255 1517 2475 1571 nimium
2503 1515 2824 1586 blasphemis
2849 1517 2877 1586 ‘7
2904 1515 3217 1572 latronibus.
3255 1516 3332 1572 De
3357 1517 3524 1574 latro-

1925 1585 2114 1658 nibus,
2163 1587 2256 1656 qui
2305 1601 2556 1656 magnam
2593 1585 2796 1658 habent
2827 1585 3240 1656 blasphemiam,
3277 1588 3523 1658 quicum-

1923 1671 2028 1727 que
2050 1657 2284 1730 aliquem
2309 1672 2376 1711 ex
2409 1657 2502 1730 his
2531 1657 3053 1726 compraebenderit,
3088 1657 3309 1713 nullum
3330 1660 3528 1730 dampi

1857 1751 1902 1812 Β
1929 1729 2278 1812 numfxiude
2297 1729 2566 1812 patiatur.

2000 1796 2127 1853 292.
2154 1797 2248 1851 'De
2269 1795 2506 1867 testibus
2543 1795 2613 1850 ad
2656 1812 2766 1850 rem
2812 1796 3096 1867 quamlibet
3141 1800 3526 1855 discutiendam

1928 1866 2202 1941 eligendis.
2220 1866 2307 1941 _Ut
2339 1868 2791 1941 quandocumque
2816 1866 2981 1941 testes
3001 1868 3204 1941 adirem
3228 1871 3527 1941 quamlibet

1931 1936 2325 2020 discutiendam
2355 1936 2652 2020 quaerendi
2686 1948 2847 2019 atque
2867 1936 3109 2020 elegeridi
3133 1936 3278 2020 sunt,
3306 1957 3337 1996 a
3360 1941 3529 2020 misso

1932 2016 2120 2064 nostro
2153 2017 2209 2064 et
2251 2008 2471 2081 comite,
2526 2008 2580 2062 in
2622 2008 2777 2081 cuius
2823 2008 3126 2081 ministerio
3171 2011 3237 2066 de
3270 2025 3328 2066 re
3357 2012 3529 2081 quali-

1931 2094 2172 2152 cumque
2201 2080 2468 2152 agendum
2499 2087 2607 2152 est,
2635 2077 2770 2133 tales
2795 2078 3082 2152 eligantur,
3110 2081 3298 2152 quales
3337 2077 3529 2151 optimi

1934 2149 2131 2222 inlipSo
2162 2164 2303 2220 pago
2333 2149 2573 2222 inveniri
2591 2157 2836 2219 possunt.
2871 2149 3072 2222 Etinon
3110 2149 3270 2208 liceat
3296 2149 3530 2222 litigato-

1933 2221 2087 2276 ribus
2113 2219 2211 2290 per
2233 2219 2475 2290 praemia
2507 2219 2673 2276 falsos
2704 2227 2871 2276 testes
2897 2220 3189 2288 adducere,
3221 2222 3364 2278 sicut
3387 2219 3524 2278 acte-

1936 2306 2040 2346 nus
2076 2290 2193 2346 fieri
2233 2291 2459 2346 solebat.

2005 2361 2133 2417 295.
2175 2359 2253 2415 De
2277 2360 2471 2433 placita
2499 2360 2801 2433 centenarii.
2833 2359 2904 2417 Ut
2928 2361 3108 2417 nullus
3133 2362 3296 2419 homo
3326 2363 3380 2418 in
3418 2363 3537 2433 pla-

1935 2431 2045 2487 cito
2077 2431 2375 2487 centenarii
2394 2444 2594 2506 neque
2623 2431 2690 2486 ad
2723 2438 2974 2506 mortem,
2999 2435 3274 2506 nequead
3313 2431 3536 2506 libertaf

1936 2509 2046 2557 tem
2098 2518 2252 2558 suam
2301 2501 2673 2564 amittendam,
2719 2510 2816 2556 aut
2862 2501 2930 2556 ad
2974 2501 3404 2560 res’r.ddendas
3451 2505 3539 2560 vel

1937 2573 2208 2655 mancipia
2231 2571 2532 2655 iudicetur;
2559 2571 2652 2626 sed
2677 2572 2776 2654 ista
2791 2581 2890 2655 aut
2914 2572 2967 2655 in
2993 2575 3298 2642 praesentia
3322 2574 3540 2632 comitis

1937 2643 2024 2700 vel
2055 2643 2344 2700 missorum
2370 2651 2680 2698 nostrorum
2715 2643 3036 2698 iudicentur.

2008 2712 2136 2796 29f.
2277 2713 2503 2796 ‘plaqi't‘is
2544 2730 2578 2766 α
2608 2713 2780 2795 missis
2807 2713 3084 2796 dominicis
3124 2713 3402 2796 comitibus
3444 2732 3542 2772 no-

1939 2782 2354 2854 tumrfaciendis.
2399 2782 2467 2840 Ut
2508 2784 2878 2854 unusquisque
2905 2785 3195 2840 missorum
3230 2793 3541 2842 nostrorum

1941 2853 2224 2926 iniplacito
2263 2869 2363 2909 suo
2421 2862 2607 2926 notum
2652 2853 2843 2926 faciat,
2856 2855 3148 2926 comitibus
3188 2856 3282 2926 qui
3325 2857 3394 2910 ad
3422 2857 3544 2913 eius

1941 2924 2278 2996 missaticum
2306 2925 2594 2994 pertinent,
2624 2933 2684 2996 ut
2708 2925 2765 2993 ip
2792 2925 2897 2980 illis
2927 2924 3428 2996 mensibus—quibus
3453 2928 3545 2983 ille

1941 2995 2268 3066 legationem
2289 2993 2442 3050 suam
2471 3010 2578 3066 non
2624 2993 2773 3066 facit,
2824 2997 3147 3052 conveniant
3184 2993 3326 3052 inter
3349 3011 3428 3062 se,
3483 3006 3543 3053 et

1943 3065 2252 3122 communia
2300 3066 2498 3136 placita
2535 3065 2772 3130 faciant,
2813 3073 2922 3120 tam
2953 3067 3022 3122 ad
3051 3068 3291 3124 latrones
3316 3067 3544 3124 distrin-

1943 3137 2367 3208 gendos,iquam
2393 3136 2461 3208 ad
2483 3145 2730 3208 caeteras
2755 3137 2988 3193 iustitias
3012 3136 3304 3204 faciendas.

2014 3207 2142 3289 295.
2168 3206 2245 3289 ρε
2266 3206 2924 3289 πρήὸιξξᾼάείιιηειοιςιιηι,
2950 3225 3108 3278 quam
3130 3219 3337 3289 partem
3364 3209 3547 3289 conla-

1945 3277 2234 3350 borationis
2279 3281 2393 3347 po‘st
2437 3277 2659 3350 obitum_
2682 3277 2992 3332 maritarum
3030 3277 3262 3350 accipere
3301 3278 3543 3334 debeant.

1947 3347 2210 3405 Volumus
2242 3355 2302 3402 ut
2334 3363 2535 3403 uxores
2563 3347 2940 3404 defunctorum
2988 3355 3106 3417 post
3132 3347 3340 3404 obitum
3379 3352 3548 3403 mari-

1947 3427 2125 3473 torum
2157 3419 2370 3472 tertiani
2395 3425 2602 3487 partem
2623 3419 3082 3476 conlaborationis
3119 3432 3280 3487 quam
3307 3420 3465 3474 simul
3493 3420 3548 3475 in

1947 3489 2212 3564 beneficio
2234 3488 2742 3564 conlaboraverunt,
2765 3489 3057 3564 accipiant,
3078 3489 3145 3564 Et
3162 3492 3226 3544 de
3243 3489 3334 3564 bis
3360 3493 3545 3564 rebus,

1949 3574 2084 3629 quas
2116 3560 2180 3623 is,
2211 3561 2302 3630 qui
2329 3559 2457 3614 illud
2493 3559 2811 3630 beneficium
2839 3559 3057 3623 habuit,
3075 3560 3290 3615 aliunde
3323 3561 3551 3620 adduxit

1949 3631 2031 3684 vel
2060 3629 2392 3700 comparavit
2433 3629 2514 3684 vel
2545 3629 2598 3684 ei
2630 3632 2699 3684 ab
2745 3630 2938 3691 amicis
2966 3631 3077 3700 suis
3099 3630 3346 3686 conlatae
3398 3640 3546 3698 sunt,

1951 3701 2049 3772 has
2087 3699 2332 3756 volumus
2363 3709 2473 3755 tam
2510 3701 2578 3754 ad
2619 3701 2894 3770 orphanos
2934 3699 3332 3768 defunctorum,
3379 3718 3547 3772 quam

1951 3771 2018 3826 ad
2050 3785 2248 3827 uxores
2271 3787 2458 3827 eorum
2505 3772 2808 3840 pervenire.
3231 3794 3233 3797 τ

2020 3841 2145 3898 296.
2173 3842 2266 3914 lDe
2299 3842 2451 3914 falsis
2484 3841 2700 3896 testibus
2732 3842 3117 3914 convincendis.
3163 3840 3222 3898 Si
3264 3842 3388 3914 quis
3422 3859 3545 3900 cum

1949 3911 2125 3968 altero
2153 3913 2220 3968 de
2267 3911 2506 3982 qualibet
2545 3928 2706 3968 causa
2738 3913 3138 3970 contentionem
3189 3911 3440 3970 habuerit
3491 3925 3551 3970 et

1953 3991 2118 4054 testes
2141 3992 2328 4038 contra
2353 3999 2476 4038 eum
2514 3998 2612 4054 per
2657 3983 2912 4039 iudicium
2946 3985 3190 4053 producti
3219 3984 3444 4050 fuerint,
3498 3987 3545 4041 si

1953 4053 2041 4108 ille
2064 4053 2228 4110 falsos
2265 4070 2359 4110 eos
2404 4069 2525 4110 esse
2559 4055 2883 4124 suspicatur,
2912 4055 3070 4109 liceat
3108 4057 3157 4110 ei
3184 4055 3319 4110 alios
3357 4065 3544 4121 testes,

1953 4139 2089 4195 quos
2111 4125 2361 4180 meliores
2383 4125 2639 4196 potuerit,
2673 4134 2861 4180 contra
2883 4140 2978 4181 eos
3000 4139 3293 4196 opponere,
3319 4134 3378 4180 ut
3398 4141 3549 4183 vera-

1955 4195 2098 4249 cium
2137 4196 2446 4268 testimonio
2477 4195 2734 4268 falsorum
2769 4197 2987 4268 testium
3018 4195 3348 4268 perversitas
3389 4213 3550 4268 supe-

1957 4274 2124 4319 retur.
2167 4265 2321 4333 Quod
2372 4267 2418 4320 si
2467 4267 2657 4320 ambae
2707 4267 2927 4322 testium
2973 4265 3154 4336 partes
3185 4267 3258 4320 ita
3306 4265 3548 4324 intcr'se

1955 4336 2326 4402 dissenserint,
2372 4345 2432 4392 ut
2477 4336 2785 4392 nullatenus
2833 4353 2940 4392 una
2983 4353 3111 4407 pars
3154 4337 3309 4392 alteri
3355 4339 3550 4394 cedere

1956 4407 2104 4471 velit,
2137 4407 2410 4479 eligantur
2429 4408 2537 4463 duo
2561 4422 2627 4462 ex
2660 4407 2810 4479 ipsis,
2846 4409 2899 4463 id
2930 4417 3014 4464 est
3038 4424 3107 4465 ex
3129 4416 3356 4477 utraque
3396 4419 3551 4478 parte

331 4467 450 4548 287.
479 4471 840 4548 _De_liomine,
867 4472 974 4548 _eui
995 4480 1108 4548 post
1155 4470 1443 4548 iudicium“
1466 4471 1570 4548 υἱέα
1602 4483 1848 4548 εοιιςεεξρ
1884 4471 1934 4532 D
1958 4467 2114 4543 unus,
2149 4467 2241 4548 qui
2290 4494 2413 4533 cum
2450 4479 2618 4533 scutis
2655 4467 2710 4534 εἰ
2743 4467 2975 4535 fustibus
3017 4481 3071 4534 in
3126 4467 3319 4548 campo
3363 4467 3552 4535 decer-

270 4548 338 4617 sst
359 4580 373 4605 ,
402 4541 448 4595 si
471 4542 728 4620 iustitiam
750 4542 964 4620 reddere
995 4538 1256 4620 noluerit.
1295 4539 1352 4594 Si
1377 4538 1537 4620 alicui
1563 4546 1690 4620 post
1720 4539 1856 4620 iudi-

273 4609 403 4682 cium
425 4613 774 4682 scabinorum
803 4611 966 4668 fuerit
1005 4612 1111 4666 vita
1151 4625 1453 4682 concessa,_
1477 4618 1531 4682 et
1561 4609 1854 4682 inpos‘tmo—

274 4676 390 4753 dum
425 4681 605 4752 aliqua
643 4676 782 4738 maia
812 4683 1204 4753 perpetraverit
1240 4690 1302 4753 et
1331 4676 1855 4753 iustitiam—reddere

275 4749 532 4830 noluerit,—
549 4753 776 4830 dicendo
805 4749 948 4824 quod
987 4761 1235 4809 mortttus
1261 4751 1332 4806 sit
1357 4759 1412 4805 et
1446 4751 1566 4805 ideo
1592 4749 1856 4830 iustitiam

274 4822 485 4878 reddere
520 4839 634 4879 non.
663 4820 874 4890 debeat,
911 4832 1174 4879 statutum
1199 4832 1303 4886 est,
1337 4829 1397 4876 ut
1429 4820 1676 4890 superius
1702 4820 1857 4890 iudi-

278 4890 725 4966 ciumisustineat,
751 4895 897 4966 quod
933 4903 1093 4950 antea
1134 4894 1407 4966 sustinere
1447 4889 1650 4966 debuit.
1698 4889 1766 4966 Et
1809 4890 1857 4945 si

221 5001 223 5003 .
277 4960 460 5036 aliquis
489 4967 751 5036 adversus
770 4960 905 5020 eum
933 4966 1112 5036 aliqua
1145 4965 1287 5036 mala
1315 4962 1523 5026 fecerit,
1559 4960 1854 5036 secundum

281 5033 554 5102 aequitatis
581 5036 826 5091 ordinem
857 5031 1127 5091 licentiam
1164 5035 1364 5091 habeat
1406 5048 1559 5088 suam
1599 5031 1862 5086 iustitiam

283 5104 577 5189 fitquireudi
610 5106 676 5189 de
709 5107 889 5189 causis
910 5107 1257 5189 perpetratis,
1290 5113 1580 5189 postquam
1625 5103 1693 5189 ad
1721 5117 1866 5189 mor-

284 5177 378 5248 lem
429 5174 695 5248 iudicatus
718 5185 821 5231 est.
851 5174 1251 5248 De‘praeteritis
1274 5174 1508 5239 maneat,
1535 5174 1678 5230 sicut
1701 5187 1864 5243 supra

283 5239 562 5313 Indicatum
585 5245 705 5300 fuit.

344 5333 464 5411 288.
488 5337 566 5392 De
592 5338 769 5411 liberis
793 5340 1110 5411 hominibus,
1137 5339 1227 5411 qui
1243 5339 1320 5411 ad
1347 5338 1568 5393 mallum
1591 5337 1762 5411 venire
1785 5354 1870 5411 co;

287 5405 427 5471 gradi
466 5417 607 5462 sunt.
642 5409 713 5466 Ut
758 5410 935 5465 nullus
962 5405 1102 5465 alius
1148 5405 1214 5466 de
1239 5409 1426 5466 liberis
1463 5410 1774 5466 hominibus
1797 5408 1864 5464 ad

287 5470 529 5541 placitum
551 5478 634 5534 vel
659 5480 728 5536 ad
750 5481 970 5536 mallum
994 5481 1180 5537 venire
1213 5489 1459 5550 cogatur,
1484 5481 1726 5551 exceptis
1749 5496 1863 5537 sca-

1964 4558 2096 4613 tent,
2126 4564 2246 4604 mra
2282 4565 2410 4618 pars
2449 4549 2735 4604 falsitatem
2761 4557 2854 4604 aut
2880 4551 3161 4605 veritatem
3189 4566 3288 4605 suo
3314 4549 3553 4605 testimo-

1961 4620 2051 4674 nio
2077 4628 2352 4690 sequatur.
2395 4621 2462 4676 Et
2487 4619 2758 4690 campioni
2780 4620 2872 4690 qui
2903 4620 3077 4676 victus
3104 4619 3283 4686 fuerit,
3331 4630 3553 4690 propter

1961 4692 2280 4758 periurium,
2306 4693 2452 4763 quod
2474 4700 2600 4746 ante
2620 4705 2852 4762 pugnam
2883 4692 3176 4763 commisit,
3206 4692 3396 4763 dextra
3439 4707 3553 4745 ma—

1962 4777 2065 4843 nus
2080 4762 2432 4844 "amputetur;
2463 4763 2664 4844 caeteri
2687 4777 2816 4817 vero
2860 4762 3102 4816 eiusdem
3131 4762 3321 4844 .partis
3367 4769 3553 4843 testes,

1961 4833 2053 4900 qui
2077 4831 2197 4886 falsi
2232 4832 2600 4902 apparuerint,
2631 4847 2825 4888 manus
2873 4848 3001 4887 suas
3050 4831 3354 4896 redimam;
3401 4834 3558 4886 cuius

1961 4903 2373 4972 compositionis
2408 4905 2544 4958 duae
2578 4913 2761 4974 partes
2805 4904 2875 4968 ei,
2925 4914 3113 4958 contra
3163 4918 3324 4974 quem
3370 4905 3554 4965 testati

1965 4984 2107 5036 sunt,
2142 4974 2356 5038 dentur,
2395 4976 2553 5030 tertia
2583 4972 2683 5044 pro
2714 4972 2864 5030 fredo
2905 4974 3162 5029 solvatur.
3198 4973 3268 5030 Et
3318 4974 3371 5028 in
3401 4989 3557 5028 secu-

1965 5044 2066 5098 lari
2107 5044 2323 5114 quidem
2353 5061 2514 5100 causa
2542 5045 2911 5100 huiuscemodi
2943 5046 3160 5099 testium
3192 5044 3477 5099 diversitas
3501 5045 3554 5096 in

1965 5130 2160 5185 campo
2187 5118 2572 5185 conprobetur'.
2617 5115 2674 5171 ln
2711 5116 3096 5172 ecclesiasticis
3135 5127 3318 5170 autem
3353 5115 3551 5177 causis,

1967 5187 2058 5241 ubi
2088 5188 2156 5240 de
2190 5203 2294 5240 una
2323 5197 2477 5256 parte
2503 5187 2761 5250 seculare,
2816 5185 2882 5242 de
2907 5187 3074 5242 altera
3107 5200 3236 5241 vero
3273 5186 3554 5256 ecclesiass

1970 5259 2139 5313 ticum
2181 5255 2456 5328 negotium
2504 5266 2606 5324 est,
2652 5258 2793 5314 idem
2833 5260 3026 5314 modus
3074 5258 3412 5313 observetur.
3455 5255 3556 5310 Ubi

1968 5344 2101 5385 vero
2122 5344 2191 5385 ex
2213 5340 2443 5400 utraque
2465 5338 2616 5400 parte
2649 5328 3074 5400 ecclesiasticum
3100 5328 3286 5400 fuerit,
3318 5336 3558 5400 rectores

1970 5405 2264 5458 earundem
2307 5397 2656 5458 ecclesiarum
2699 5400 2746 5456 si
2787 5415 2846 5456 se
2893 5399 3234 5454 familiariter
3271 5397 3558 5468 paciﬁcare

1970 5475 2159 5541 velint,
2187 5474 2460 5531 licentiam
2487 5473 2743 5528 habeant.
2790 5469 2844 5527 Si
2879 5478 3060 5525 autem
3091 5470 3157 5525 de
3183 5465 3558 5523 lniiuscemoni

1499 5635 1896 5710 vsamms
1930 5645 2336 5708 LECTIONES.
2429 5658 2431 5660 ·

341 5783 380 5820 ⁸
404 5769 769 5846 laborantibus
799 5764 928 5842 ΒαιῙ
997 5789 1016 5818 ²
1039 5788 1360 5843 conuinctus
1398 5785 1464 5842 G.
1535 5785 1554 5816 ³
1589 5777 2132 5844 wstimoniare’corr.
2166 5775 2529 5838 testimoniari
2572 5774 2638 5832 G.
2714 5776 2735 5809 ⁸
2776 5776 3109 5848 plaspbcnns,
3135 5774 3189 5840 θ
3216 5791 3384 5840 cana.
