3828 6214
450 334 481 385 7
492 329 551 383 Π

448 457 780 509 sanctormn,
822 451 873 497 et
914 451 971 495 ut
1032 438 1386 527 ccclesia‘Dei
1421 452 1637 507 semper
1674 436 1872 491 inviel'a
1908 451 2035 505 per-
2073 447 2112 500 Α

448 527 664 574 limitem.
691 517 730 568 '.

514 608 641 662 558.
664 603 733 658 Ut
761 610 969 663 cuncta,
991 616 1124 668 quae
1147 598 1287 651 circa
1309 597 1555 650 ecclesias
1572 611 1870 668 earumque
1885 594 2041 646 mini-

445 689 582 732 stros
630 674 916 742 antiquitas
950 664 1135 723 sancta
1180 668 1397 742 statuit_,
1439 665 1704 742 inviolata
1732 664 2034 742 persistant.

444 750 653 802 (iuncta
689 735 831 812 quae
856 740 1002 812 circa
1023 747 1341 812 sanctarum
1369 736 1483 812 loca
1512 735 1866 812 ecclesiarum
1894 735 2039 786 eius.

384 826 389 827 ’
445 833 549 888 que
576 804 855 869 ministros
874 810 957 864 vel
983 810 1113 865 olim
1139 807 1412 888 ordinavit
1431 806 1745 888 antiquitas,
1777 804 2041 888 velante-

446 874 723 942 eessorum
752 890 1064 937 nostrorum
1105 878 1404 935 auctoritas
1437 877 1685 945 religiosa
1730 874 2035 945 constituit,

446 957 527 1011 vel
552 964 735 1010 nostra
766 951 1041 1007 roboravit
1063 949 1353 1020 serenitas,
1381 944 1585 1003 illibata
1608 944 1873 1002 custodiri
1895 960 2036 1000 nunc

442 1038 499 1084 et
521 1028 576 1082 in
596 1026 783 1080 futuro
804 1020 1193 1094 praecipimus.

512 1118 639 1174 559.
683 1115 759 1170 De
791 1112 1025 1185 praediis
1049 1109 1399 1185 medicatis.
1438 1106 1683 1172 Placuit,
1712 1121 1789 1185 ne
1813 1105 2037 1185 praedia

442 1185 759 1245 caelestium
777 1176 1114 1240 secretorum
1138 1182 1335 1249 dicata,
1355 1180 1465 1235 Deo
1478 1194 1618 1250 quae
1632 1176 1829 1250 tradita
1844 1186 1971 1250 sunt
1991 1178 2033 1240 ²,

442 1278 473 1314 a
496 1255 1032 1329 quibusdamaliqua
1048 1246 1335 1329 occasione
1366 1246 1630 1306 vexentur
1655 1255 1749 1329 aut
1776 1246 2038 1329 invadan-

444 1316 554 1395 mi,
578 1330 673 1383 sed
695 1328 797 1382 sub
827 1316 1168 1380 inmanitatis
1207 1321 1434 1395 tuitione
1479 1328 1741 1390 perpetua
1779 1316 2039 1395 firmitate

442 1388 1060 1471 perdurentpsimiliter
1106 1402 1162 1447 et
1210 1388 1703 1471 liomines;earum
1734 1388 2033 1471 et‘onrnia,

435 1459 588 1539 quae
607 1470 690 1540 eis
710 1459 966 1522 subiecta
991 1478 1109 1540 esse
1131 1471 1450 1540 noscuntur.
1474 1460 1532 1516 Si
1548 1461 1672 1530 quis
1693 1467 1884 1540 contra
1901 1459 2037 1540 haec

442 1530 667 1603 venerit,
684 1544 954 1610 conponat
980 1535 1121 1589 sicut
1145 1534 1211 1588 de
1233 1532 1530 1610 emunitate
1549 1530 1955 1610 constituimus“,
1982 1538 2039 1584 et

444 1600 1020 1681 poenitentia'publiea
1042 1620 1074 1658 a
1098 1602 1473 1681 sacerdotibus
1495 1616 1666 1671 usque
1686 1601 1757 1655 ad
1784 1600 2038 1656 satisfac-

447 1677 652 1737 tionem
678 1677 962 1733 multetur.
1003 1740 1007 1744 _
1037 1743 1040 1744 ν
1118 1719 1130 1732 .

784 1764 864 1828 eo,
895 1744 985 1828 qui
1003 1740 1094 1798 die
1123 1742 1574 1828 dominicoIope‘ra
1600 1739 2034 1828 seruilialeeerit.

445 1818 504 1878 Si
526 1819 650 1890 quis
666 1817 753 1890 die
778 1811 1052 1890 dominico
1072 1829 1236 1884 opera
1251 1811 1674 1890 serviliafeeerit
1690 1813 1826 1890 liber
1848 1812 2032 1876 homo,
2070 1824 2112 1883 Β

444 1893 492 1945 si
514 1882 708 1946 bovem
724 1887 961 1944 iunxerit
985 1896 1042 1942 et
1062 1882 1186 1941 cum
1202 1899 1359 1940 carro
1382 1883 1764 1946 ambulaverit,
1779 1882 2034 1938 dextrum
2092 1882 2105 1913 “·

449 1964 640 2017 bovem
674 1959 889 2030 perdat.
924 1957 991 2012 Et
1018 1956 1219 2030 sialia,
1252 1956 1682 2030 quae‘canonica
1715 1955 2038 2030 auctoritate

445 2024 718 2098 prohibita
752 2038 908 2092 sunt,
937 2028 1154 2084 servilia
1198 2024 1362 2097 opera
1391 2024 1613 2091 fecerit,
1666 2025 2039 2098 sacerdotibus

448 2096 536 2157 illa
562 2101 834 2173 emendet,
862 2100 1006 2173 sicut
1029 2098 1348 2173 dereiiqnis
1375 2097 1731 2173 neglegentiis
1768 2096 2040 2173 iudicibus

444 2172 721 2229 emendari
748 2168 906 2237 solet,
934 2174 990 2225 c't
1012 2171 1080 2224 ab
1100 2170 1231 2240 ipsis
1247 2167 1625 2240 Sacerdotibus
1647 2167 2038 2240 poenitentiam

447 2246 598 2299 iuxta
627 2242 843 2299 modum
865 2241 1055 2310 culpae
1082 2238 1334 2309 accipiat.
1361 2239 1628 2310 Similiter
1653 2248 1708 2293 et
1735 2239 1808 2310 de
1826 2238 2040 2308 praeci-

445 2316 567 2385 puis
594 2309 979 2385 festivitatibus
1001 2311 1280 2385 observari
1320 2309 1541 2381 placuit.
1591 2310 1747 2385 Quod
1755 2309 1838 2385 isi“
1859 2324 2040 2385 sacer:

447 2379 604 2440 dotes
626 2399 723 2439 eos
745 2382 1093 2452 nequiverint
1117 2379 1414 2450 corripere,
1451 2390 1579 2435 tunc
1600 2396 1629 2434 a
1658 2380 1927 2452 iudicibus
1970 2379 2039 2434 ad

447 2456 762 2510 sacerdotes
784 2451 1123 2509 adducantur
1168 2454 1355 2523 eisque
1399 2452 1656 2508 oboedire
1698 2451 1753 2505 in
1784 2452 2039 2508 omnibus

445 2525 668 2580 faciant.
1178 2584 1181 2587 γ
1423 2569 1426 2572 .
1464 2546 1467 2554 ι

514 2596 654 2677 541..
684 2594 762 2677 ηε
792 2595 900 2677 ρξε,
951 2596 1040 2677 qui
1067 2593 1223 2676 infra
1277 2610 1491 2677 regnum
1523 2610 1641 2677 “per
1685 2594 1788 2648 vim
1836 2592 2037 2675 aliquid

344 2690 345 2693 η
442 2666 735 2745 rapuerint2
792 2664 850 2745 Si
883 2661 1008 2745 quis
1067 2661 1427 2745 in'cxercitti
1462 2661 1863 2745 infrauegnum
1917 2661 2038 2745 sine

348 2766 353 2773 ε
444 2734 680 2793 iussione
704 2734 974 2792 dominica
999 2750 1097 2805 per
1131 2735 1239 2788 vim
1268 2735 1519 2791 hostilem
1555 2734 1758 2804 aliquid
1787 2734 2036 2804 praedari

447 2806 695 2881 voluerit,
724 2816 819 2881 aut
850 2806 1070 2881 foenum
1096 2806 1290 2881 tollere
1321 2816 1418 2881 aus
1440 2820 1670 2881 granum
1697 2805 1813 2881 sive
1838 2819 2036 2881 pecora

446 2870 655 2932 inaiora
678 2870 763 2931 vel
798 2878 1033 2941 minora,
1075 2879 1372 2946 domosque
1400 2870 1695 2946 infringere
1723 2877 1812 2946 vel
1839 2870 2039 2930 incen-

442 2948 591 3013 dere,
624 2949 761 3003 haec
795 2963 864 3001 ne
898 2947 1031 3002 fiant
1051 2944 1681 3017 omnino—prohibemus.
1707 2944 1864 3013 Quod
1888 2946 1934 3000 si
1968 2946 2037 3017 ab

442 3019 626 3087 aliquo
648 3020 1080 3087 praesumptiose
1113 3019 1132 3049 ³
1163 3016 1366 3072 factum
1392 3017 1576 3081 fuerit,
1602 3017 1885 3088 sexaginta
1910 3016 2039 3088 soli-

442 3088 549 3154 dis,
582 3088 629 3144 si
652 3089 789 3145 liber
811 3099 916 3154 est,
948 3089 1021 3144 sit
1043 3088 1327 3159 eulpabilis
1352 3098 1407 3143 et
1436 3088 1619 3143 omnia
1647 3087 1847 3159 similia
1872 3087 2036 3142 resti-

444 3166 560 3214 tuat
584 3167 679 3251 au't
702 3173 827 3251 cuin
863 3157 1147 3251 duodecim
1180 3160 1410 3251 t‘estibus
1447 3172 1517 3241 se
1553 3165 1768 3251 purget:
1807 3157 2033 3251 Siivcro
2057 3184 2109 3251 ο
2136 3157 2351 3246 πῶς),

442 3246 633 3286 servus
648 3230 752 3287 hoc
772 3228 980 3294 fecerit,
1006 3230 1224 3299 capitali
1249 3230 1462 3285 crimini
1486 3228 1765 3285 subiaceat
1787 3237 1842 3284 et
1862 3228 2035 3285 domi-

342 3358 345 3361 _
444 3318 551 3356 nus
579 3301 763 3356 omnia
797 3299 995 3354 similia
1023 3301 1294 3366 restituat,
1322 3301 1450 3370 quia
1480 3314 1699 3356 servum
1732 3315 1890 3355 suum
1925 3314 2043 3356 non

444 3372 809 3426 eorrexitnec
834 3371 1160 3437 custodivit,
1211 3379 1272 3425 ut
1314 3372 1444 3425 talia
1496 3385 1606 3427 non
1662 3378 2031 3441 perpetraret;

444 3443 705 3509 quoniam
738 3442 784 3497 si
810 3457 909 3497 nos
937 3441 1083 3511 ipsos
1134 3441 1501 3508 comedimus,
1552 3440 1669 3497 cito
1698 3440 2033 3496 deliciemus.

449 3511 835 3583 Unusquisque
881 3521 1065 3567 tamen
1098 3514 1385 3583 custodiat
1425 3512 1725 3568 exercitum
1759 3526 1940 3577 suum,
1970 3527 2037 3566 ne

442 3583 624 3655 aliqua
659 3581 1169 3655 depraedatioinfra
1208 3597 1432 3655 regnum
1460 3584 1584 3655 fiat.
1902 3586 1907 3589 ’

516 3651 643 3707 549..
682 3651 759 3725 De
787 3670 846 3708 eo
870 3653 1203 3724 quialicnum
1237 3651 1440 3725 servum
1463 3660 1530 3707 ad
1558 3653 1760 3725 furtum
1784 3651 2033 3725 suaserit.

445 3723 503 3777 Si
529 3726 653 3793 quis
684 3722 921 3779 alienum
957 3740 1174 3778 servum
1203 3724 1271 3777 ad
1295 3723 1501 3778 furtum
1544 3722 1781 3779 suaserit
1830 3730 1925 3777 aut
1968 3723 2040 3778 ad

443 3794 652 3864 aliun
679 3795 1033 3865 dampnosum
1065 3794 1119 3848 in
1144 3793 1387 3865 fraudem
1409 3793 1616 3849 domini
1639 3793 1745 3857 sui,
1773 3800 1832 3865 ut
1856 3800 2040 3865 posset

444 3862 704 3920 accusare
725 3862 872 3930 eum,
899 3873 955 3920 et
982 3865 1132 3919 fraus
1148 3866 1262 3934 ipsa
1277 3862 1439 3919 fuerit
1465 3865 1678 3920 detecta
1698 3878 1797 3934 per
1817 3862 2041 3918 investi-

483 3936 722 3990 ationem
746 3935 959 4001 iudicis,
977 3933 1227 3990 dominus
1253 3950 1355 3989 nec
1379 3950 1593 3990 servum
1608 3933 1799 4004 perdat
1824 3947 1924 3988 nec
1943 3948 2041 4004 pro

469 4022 553 4061 ioc
601 4006 839 4075 aliquam
876 4005 1043 4061 faciat
1074 4006 1537 4074 conpositionem;
1591 4005 1686 4060 sed
1717 4003 1843 4068 ille,
1882 4004 2042 4059 cuius

445 4076 799 4131 Conclusione
822 4076 908 4135 vel
932 4077 1274 4132 ex’ortatione
1309 4076 1605 4131 admissum
1653 4082 1757 4138 est,
1782 4083 2040 4141 tanquam

453 4148 541 4200 fur
565 4147 917 4216 dampnetur;
957 4156 1013 4201 et
1029 4162 1220 4201 servus
1246 4147 1389 4215 quod
1420 4147 1543 4202 tulit
1568 4144 1781 4211 reddat,
1809 4153 1867 4199 et
1889 4144 2042 4200 insu—

446 4232 549 4287 per
569 4229 803 4288 icenium,
828 4217 1020 4288 viginti
1041 4217 1184 4272 ictus
1204 4218 1455 4287 accipiat.

516 4287 643 4342 545.
674 4286 752 4341 De
774 4285 1169 4358 furefnocturno
1195 4285 1423 4357 tempore
1445 4296 1617 4358 capto.
1636 4285 1748 4341 Fur
1769 4293 2042 4341 nocturno

451 4366 697 4427 tempore
718 4356 911 4427 captus
937 4358 993 4411 in
1020 4356 1182 4421 furto,
1203 4356 1329 4411 dum
1355 4372 1446 4413 res
1466 4356 1696 4412 furtivas
1718 4370 1901 4411 secum
1917 4370 2043 4427 por-

451 4435 552 4490 tat,
569 4425 627 4481 si
654 4425 820 4483 fuerit
840 4428 1075 4493 occisus,
1106 4427 1253 4482 nulla
1277 4443 1343 4482 ex
1379 4428 1483 4483 hoc
1503 4426 1798 4486 homicidio
1819 4425 2042 4495 querela

452 4505 731 4552 nascatur.
1861 4524 1865 4533 ν

1327 320 1385 374 Β.
1429 319 1682 376 ΟΛῐὶΟιΙ
1723 319 1936 375 ΜΛΩΝΙ
1976 319 2125 375 ΟΡΡ.
2172 317 2350 373 PARS
2387 318 2424 373 Ι.
2471 317 2712 374 SECTIO
2752 317 2793 373 Ι.

3616 318 3716 381 Ἱςὶ3

2145 434 2367 487 alti-rius
2384 434 2650 487 caballum
2673 442 2766 486 aut
2792 435 2981 487 bovem
3010 440 3103 486 ant
3122 431 3345 502 aliquod
3368 434 3559 491 animal
3581 441 3721 494 oeci-

2146 504 2284 556 derit
2316 514 2369 557 et
2410 504 2687 571 negaverit
2710 511 2766 556 et
2798 511 2983 571 postea
3008 504 3203 557 evitnle
3238 507 3500 572 prolatus
3542 506 3709 572 fuerit,

2145 582 2398 641 tanquam
2430 574 2629 627 l'urtivu
2639 590 2689 626 ιιι
2714 584 2984 641 conponat
3630 632 3631 635 η

2212 644 2334 697 516.
2379 642 2454 696 De
2490 659 2572 706 eo,
2598 643 2687 712 qui
2729 643 2977 697 occiderit
3010 643 3245 697 alienum
3285 645 3504 710 animal,
3548 657 3593 701 et
3616 665 3716 702 non

2145 713 2425 783 negaverit.
2468 712 2526 767 Si
2563 714 2687 783 quis
2716 728 2882 768 causa
2922 712 3157 768 faciente
3201 715 3461 771 occiderit
3497 716 3715 773 alienum

2143 784 2339 837 animal
2368 792 2421 836 et
2456 799 2562 837 non
2605 785 2903 852 negaverit,
2948 784 3128 839 simile
3169 785 3300 840 dare
3336 800 3443 841 non
3479 787 3642 845 tardet
3661 800 3719 844 et

2142 856 2372 909 cadaver
2398 855 2596 924 mortui
2624 854 2872 924 accipiat.

2212 925 2337 995 5W.
2380 923 2456 978 De
2486 942 2565 988 eo,
2604 927 2693 995 qui
2729 923 2977 995 furtivam
3024 941 3133 979 rem
3175 926 3401 980 scienter
3434 929 3624 982 emeriti
3656 929 3716 985 Si

2141 998 2263 1065 quis
2302 993 2554 1049 furtivam
2586 993 2697 1050 rem
2731 993 2974 1051 'scienter
3003 1011 3186 1066 emere
3224 1000 3632 1066 praesumpserit
3662 1012 3718 1053 et

2141 1066 2333 1121 exinde
2379 1068 2637 1135 probatus
2690 1066 2882 1131 fuerit,
2930 1065 3165 1121 similem
3213 1065 3330 1121 rem
3390 1065 3573 1121 reddat
3623 1070 3713 1133 illi,

2141 1138 2296 1191 ennius
2329 1138 2614 1206 pecuniam
2642 1138 2661 1168 ⁵
2706 1138 3023 1207 conparavit
3060 1154 3072 1190 :
3121 1136 3268 1192 salva
3323 1135 3567 1194 videlicet
3607 1141 3718 1195 eius

2143 1208 2348 1262 iustitia
2383 1207 2434 1261 in
2467 1208 2658 1262 altero.

2211 1278 2336 1334 5-l8.
2374 1278 2451 1333 De
2486 1295 2567 1341 eo,
2600 1277 2690 1349 qui
2718 1278 2784 1332 de
2818 1277 3023 1332 latrone
3065 1277 3469 1349 furtivamirem
3511 1280 3715 1349 scienter

2140 1350 2210 1403 ad
2235 1348 2637 1403 custodiendum
2672 1350 2948 1420 acceperit.
2982 1349 3045 1420 Si
3078 1348 3203 1418 quis
3232 1348 3300 1403 de
3330 1348 3537 1403 latrone
3569 1348 3713 1405 furti-

2140 1435 2263 1492 vam
2302 1434 2415 1474 rem
2453 1420 2689 1474 scienter
2709 1420 2778 1474 ad
2797 1419 3216 1475 ettstodiendum
3232 1420 3534 1490 acceperit,
3570 1424 3713 1492 quasi

2140 1490 2228 1545 fur
2249 1497 2540 1559 conponat.

2210 1561 2336 1617 5l9.
2374 1560 2455 1614 De
2481 1561 2823 1614 sacramentis
2859 1559 3038 1614 leviter
3073 1575 3177 1615 non
3204 1559 3449 1615 iurandis
3488 1561 3529 1615 '.
3568 1562 3714 1618 Volu-

2072 1694 2078 1705 ί
2141 1648 2262 1706 mus
2293 1640 2353 1686 ut
2384 1638 2725 1706 sacramenta
2751 1632 2861 1686 cito
2895 1647 3001 1706 non
3030 1628 3181 1685 fiant.
3230 1629 3339 1686 Sed
3365 1634 3714 1706 unusquisque

2142 1704 2299 1759 iudex
2322 1701 2475 1772 prius
2508 1716 2729 1757 causam
2767 1702 3033 1772 veraciter
3060 1709 3370 1772 cognoscat,
3400 1710 3461 1756 ut
3490 1701 3603 1759 eum
3627 1701 3712 1759 ve-

2142 1774 2277 1829 ritas
2313 1771 2481 1828 latere
2511 1788 2616 1827 non
2647 1773 2836 1844 possit,
2868 1788 2969 1828 nec
3002 1771 3159 1827 facile
3186 1772 3255 1829 ad
3279 1783 3610 1830 sacramenta
3634 1791 3716 1832 ve-

2116 1846 2309 1907 ,niant.

2208 1915 2357 1987 550._
2380 1913 2454 1987 De
2479 1931 2560 1981 eo,
2587 1914 2677 1986 qui
2703 1910 2886 1969 contra
2921 1923 3076 1987 caput
3104 1913 3323 1987 alterius
3357 1912 3497 1984 falsa
3522 1932 3715 1987 sugges-

2137 1987 2285 2041 serit.
2337 1985 2394 2041 Si
2416 1987 2543 2055 quis
2571 1983 2761 2042 contra
2790 1992 2954 2054 caput
2980 1983 3207 2040 alterius
3244 1983 3380 2042 falsa
3407 1983 3716 2055 suggesserit

2137 2057 2223 2113 vel
2258 2072 2358 2129 pro
2389 2071 2739 2129 quacumque
2775 2056 2974 2129 invidia
3013 2063 3109 2110 aut
3151 2056 3717 2129 iniustaaecusatione

2139 2127 2374 2211 aliquem
2414 2128 2806 2211 commoverit,
2860 2127 2976 2211 ipse
3020 2140 3251 2211 poenam
3292 2127 3376 2210 vel
3419 2127 3712 2211 dampnum,

2139 2196 2282 2269 quozl
2326 2199 2484 2255 alteri
2530 2198 2810 2263 intulerit,
2860 2196 3113 2268 excipiat.
3163 2196 3445 2254 Neminem
3480 2196 3715 2269 dainpnes

2138 2279 2428 2340 antequam
2486 2270 2731 2340 inquiras
2776 2270 3058 2340 veritatem
3075 2275 3101 2334 ';
3148 2270 3273 2339 quia
3300 2271 3561 2340 scriptum
3603 2279 3710 2325 est:

2141 2335 2333 2422 omnia
2360 2351 2534 2422 autem
2556 2335 2802 2422 probate;
2828 2335 3283 2422 quod-ponamus?
3308 2335 3493 2422 sancte:

2208 2413 2334 2468 551.
2377 2411 2454 2466 De
2478 2409 2564 2472 eo,
2600 2412 2689 2481 qui
2718 2425 2811 2481 per
2836 2409 3090 2465 invidiam
3130 2409 3204 2464 vel
3241 2410 3422 2465 dolum
3465 2410 3607 2468 liberi
3642 2414 3714 2467 ul

2136 2484 2273 2538 servi
2313 2482 2529 2536 domum
2566 2482 2875 2536 incenderit.
2924 2481 2982 2535 Si
3030 2481 3154 2551 quis
3188 2496 3286 2551 per
3319 2481 3551 2551 aliquam
3593 2484 3717 2538 invi-

2139 2554 2284 2609 diam
2308 2553 2390 2609 vel
2414 2551 2597 2608 dolum
2626 2552 2679 2606 in
2710 2560 2871 2608 nocte
2892 2551 2974 2605 vel
3003 2553 3063 2623 in
3080 2552 3167 2606 die
3212 2553 3389 2622 ignem
3421 2554 3715 2623 imposuerit

2138 2633 2193 2679 et
2231 2624 2530 2680 incenderit
2559 2623 2716 2678 liberi
2747 2623 2828 2678 vel
2864 2623 3004 2678 servi
3040 2622 3282 2688 domum,
3318 2622 3715 2681 omniaediﬁcia

2139 2697 2395 2752 restituat
2420 2703 2476 2749 et
2497 2694 2755 2764 quicquid
2790 2694 2863 2765 ibi
2891 2694 3089 2750 arserit
3121 2704 3411 2765 conponat,
3439 2706 3492 2751 et
3520 2697 3716 2765 insuper

2138 2767 2422 2837 sexaginta
2443 2760 2727 2837 solidis—sit
2746 2764 3051 2837 culpabilis,
3077 2760 3377 2837 et'pn'blica
3405 2760 3711 2837 poenitentia

2138 2834 2438 2908 secundum
2465 2834 2723 2908 iudicium
2747 2834 3091 2892 sacerdotum
3139 2834 3437 2908 multetur}
3467 2847 3519 2892 et
3544 2836 3713 2908 quanti

2137 2907 2490 2978 bomin'esde
2526 2907 2643 2977 ipso
2680 2906 2931 2963 incendio
2967 2907 3272 2973 evaserint,
3319 2906 3603 2978 unicuique
3637 2923 3717 2978 se-

2138 2978 2374 3034 cundum
2402 2977 2576 3048 legem
2604 2985 2894 3049 conponat,
2928 2985 2983 3034 et
3004 2979 3188 3034 omnia
3214 2993 3355 3049 quae
3388 2979 3462 3035 ibi
3483 2977 3711 3050 perdide-

2138 3052 2251 3104 rint
2281 3049 2556 3105 restituat.

2208 3115 2333 3175 552.
2376 3118 2446 3175 Ut
2472 3120 2655 3190 siquis
2681 3135 2886 3174 servum
2920 3120 3114 3174 iniuste
3139 3120 3462 3175 accasave’rit
3484 3121 3712 3185 alienum,

2391 3188 2562 3262 simile
2598 3190 2920 3262 mancipium
2961 3206 3062 3262 pro
3092 3191 3189 3262 hoc
3232 3191 3373 3262 facta
3412 3191 3609 3248 reddat.
3656 3193 3707 3248 Si

2138 3261 2262 3331 quis
2290 3276 2504 3317 servum
2537 3261 2736 3316 iniuste
2755 3260 3095 3331 accusaverit
3120 3260 3381 3327 alienum,
3404 3269 3459 3316 et
3483 3263 3692 3320 innoceo

2139 3330 2223 3387 ter
2269 3340 2539 3405 tormenta
2574 3330 2887 3405 pertulerit,
2932 3330 3153 3405 domino
3198 3332 3383 3405 simile
3411 3335 3712 3405 mancipium

2136 3418 2237 3473 pro
2268 3403 2370 3459 hoc
2402 3400 2546 3473 facto
2581 3402 2791 3457 reddat.
2827 3401 2885 3457 Si
2920 3415 3047 3457 vero
3074 3402 3337 3473 innocens
3374 3404 3427 3458 in
3467 3400 3713 3461 torniento

2138 3472 2388 3529 mortuus
2416 3472 2599 3539 fuerit,
2635 3473 2772 3530 duos
2810 3483 2998 3529 servos
3031 3472 3273 3530 eiusdem
3301 3474 3489 3533 meriti
3515 3476 3622 3533 sine
3639 3475 3713 3531 di-

2140 3545 2342 3601 latione
2362 3544 2581 3599 domino
2604 3546 2878 3599 restituat.
2940 3568 2941 3571 η

2208 3616 2333 3671 555.
2374 3614 2453 3668 De
2476 3616 2559 3689 via
2584 3614 2813 3689 publica.
2844 3614 2901 3670 Si
2930 3615 3053 3685 quis
3076 3613 3517 3689 viampublicam
3542 3624 3626 3673 aut
3648 3616 3710 3675 Ii-

2139 3692 2431 3741 tostratum
2450 3685 2533 3741 vel
2554 3685 2697 3739 viam
2720 3701 3061 3741 communem
3085 3685 3525 3744 alicui‘elauserit
3544 3696 3711 3743 contra

2138 3754 2343 3829 legem,
2376 3771 2502 3829 cum
2533 3756 2787 3829 sua_lcge
2822 3766 3114 3829 conponat,
3148 3767 3202 3829 et
3233 3758 3538 3829 clausuram
3560 3774 3710 3829 quam

2140 3824 2216 3882 ibi
2250 3826 2376 3882 fecit
2411 3826 2583 3881 tollat.
2625 3824 2778 3893 Quod
2805 3828 2849 3881 si
2879 3824 3079 3896 negare
3104 3827 3355 3893 voluerit,
3387 3844 3511 3884 cum
3540 3824 3714 3886 duode-

2139 3898 2247 3952 cim
2284 3897 2775 3953 sacramentalibus
2800 3897 2961 3952 iuret.
3326 3906 3329 3907 '

2209 3967 2334 4039 554.
2379 3967 2455 4023 De
2475 3968 2558 4039 eia
2589 3966 2919 4039 convicinali.
2946 3967 3003 4022 Si
3031 3968 3155 4039 quis
3183 3968 3324 4023 viam
3351 3968 3710 4027 convicimletn

2139 4038 2225 4110 vel
2265 4035 2591 4110 pastoralem
2634 4037 2927 4110 clauserit,
2954 4035 3078 4093 cum
3112 4054 3206 4094 sua
3247 4039 3363 4109 lege
3387 4048 3714 4110 conponatct

2140 4107 2312 4178 ipsam
2340 4108 2482 4162 viam
2510 4108 2738 4179 aperiat.
2759 4107 3023 4164 Similiter
3047 4117 3103 4164 et
3126 4110 3192 4166 de
3214 4107 3411 4166 semita
3434 4107 3711 4168 faciendum

2140 4188 2247 4235 est.

2212 4270 2337 4327 355.
2380 4270 2457 4325 De
2480 4287 2561 4334 eo,
2585 4270 2677 4344 qui
2707 4266 2904 4344 fontem
2930 4271 3362 4344 coinquinaverit.
3392 4272 3451 4330 Si
3480 4274 3596 4344 quis
3615 4272 3715 4328 fon-

2141 4349 2252 4395 tem
2277 4357 2600 4411 quacunqne
2635 4341 2834 4395 invidia
2869 4341 3301 4411 coinquinaverit
3324 4345 3410 4400 vel
3437 4341 3715 4401 maculave-

2143 4412 2518 4487 rit,,emend_et_
2539 4427 2663 4467 eum
2689 4411 2887 4487 primo,
2917 4420 2976 4467 ut
3003 4412 3156 4487 nulla
3182 4415 3265 4487 sit
3281 4414 3714 4487 coinquinationis

2147 4482 2201 4536 in
2229 4498 2295 4537 eo
2321 4482 2577 4551 suspicio,
2606 4490 2661 4537 et
2686 4498 2809 4543 cum
2851 4483 2966 4552 lege
2988 4500 3085 4538 sua
3110 4485 3303 4540 vicinis
3331 4482 3443 4542 boc'
3467 4486 3708 4542 emendet.

791 4583 873 4640 eo,
892 4568 999 4640 qui
1028 4567 1093 4621 dc
1115 4568 1233 4638 fure
1252 4568 1498 4640 nesciens
1528 4565 1732 4640 aliquid
1776 4582 2035 4640 conpara-

2156 4553 2209 4617 Si
2241 4544 2433 4635 autem
2446 4544 2813 4640 plurimorum.
2839 4544 3120 4610 invvicinio
3143 4564 3341 4626 puteus
3361 4555 3558 4623 fuerat,
3601 4572 3713 4613 con-

449 4638 598 4693 serit.
638 4636 697 4694 Si
725 4639 848 4707 quis
873 4636 938 4693 de
974 4636 1096 4693 fure
1115 4636 1364 4694 nesciens
1388 4638 1591 4707 aliquid
1617 4636 2029 4707 'conparaverit,

448 4717 678 4781 quaerat
725 4717 950 4781 accepto
996 4710 1177 4781 spatio
1232 4709 1595 4764 venditorem.
1646 4707 1820 4774 Quem
1843 4707 1891 4763 si
1929 4724 2034 4763 non

450 4779 693 4849 potuerit
733 4779 1024 4844 invenire,
1056 4781 1250 4849 probet
1298 4793 1360 4835 se
1422 4794 1546 4834 cum
1592 4787 1937 4835 sacramento
1981 4788 2037 4833 et

451 4848 680 4906 hstibus
716 4848 1100 4914 innocentem,
1147 4858 1204 4905 et
1241 4849 1387 4919 quod
1417 4850 1560 4919 apud
1604 4864 1730 4906 eum
1757 4849 2039 4919 cognosci-

450 4931 556 4991 tur_
572 4919 852 4991 restituat,
882 4928 938 4975 et
978 4919 1154 4991 furem
1180 4918 1582 4991 quaerere’non
1609 4920 1858 4976 desistat.
1883 4918 2039 4991 Quod

449 4990 495 5044 si
530 4989 914 5061 furemcelare
943 4990 1175 5046 voluerit
1201 4989 1601 5061 ‘etperiurans
1628 4996 1816 5059 postea
1863 4990 2040 5061 detec—

452 5069 540 5115 tus
586 5058 781 5126 fuerit,
838 5068 1098 5131 tanquam
1145 5060 1237 5116 ille
1280 5058 1398 5125 fur,
1450 5061 1528 5115 ita
1574 5058 1678 5116 iste
1708 5062 1763 5115 in
1812 5059 2045 5115 crimine

451 5132 798 5199 dampnetur.

442 5260 445 5263 _
522 5201 652 5272 545.
691 5200 770 5255 De
792 5216 873 5264 eo,
902 5202 993 5272 qui
1019 5201 1219 5256 occulte
1252 5202 1310 5255 in
1336 5211 1484 5256 nocte
1521 5200 1598 5255 vel
1622 5202 1681 5255 in
1708 5201 1794 5256 die
1824 5201 2043 5257 alterius

453 5269 653 5325 animal
687 5269 956 5326 occiderit.
987 5272 1044 5328 Si
1074 5274 1197 5343 quis
1226 5273 1441 5329 occulte
1463 5272 1516 5324 in
1546 5282 1706 5327 nocte
1739 5272 1824 5327 vel
1848 5273 1904 5327 in
1955 5274 2042 5330 die

2142 4624 2410 4694 positione
2445 4625 2586 4679 inter
2611 4640 2670 4679 se
2705 4623 3022 4679 multentur.

2214 4713 2339 4768 356.
2378 4712 2455 4785 De
2472 4730 2559 4785 eo,
2579 4714 2663 4768 cui
2687 4729 2878 4785 aurum
2906 4713 2982 4785 vel
3012 4726 3285 4785 argentum
3317 4727 3407 4772 aut
3434 4725 3713 4772 ornamento

2145 4784 2510 4838 commendata
2534 4783 2750 4858 fuerint.
2781 4784 2837 4839 Si
2875 4784 2962 4839 cui
2990 4783 3184 4858 aurum
3219 4787 3304 4858 vel
3335 4797 3608 4858 argentum
3637 4793 3715 4840 aut

2143 4862 2465 4925 ornamenta
2491 4854 2574 4925 vel
2596 4868 2971 4925 quaecumque
3005 4857 3216 4925 species
3241 4854 3442 4915 fuerin]
3463 4870 3713 4916 commcn-

2146 4922 2306 4979 datae
2328 4924 2442 4979 sive
2462 4923 2533 4979 ad
2570 4924 2592 4955 ⁸
2612 4922 3049 4981 custodiendum
3068 4927 3301 4985 traditae
3329 4930 3440 4985 sint
3466 4932 3577 4986 sive
3602 4942 3712 4982 ναις

2147 4992 2374 5065 dendae,
2415 5002 2471 5050 et
2504 4995 2756 5065 inidomo
2798 4996 2967 5065 ipsius
3005 5012 3128 5052 cum
3168 5000 3332 5056 rebus
3360 5002 3477 5057 suis
3516 4999 3713 5056 forsitan

2148 5064 2350 5120 fuerint
2395 5064 2646 5122 incendio
2677 5064 3001 5132 crematae,
3055 5084 3160 5123 una
3209 5085 3332 5125 cum
3380 5072 3603 5128 testibus
3637 5065 3712 5132 (ιηί

2148 5137 2523 5207 commendata
2562 5146 2877 5207 susceperat
2907 5139 3166 5207 praebeat
3208 5151 3576 5207 sacramenta,
3601 5136 3714 5194 nillil

2146 5206 2341 5281 exinde
2382 5206 2499 5263 suis
2536 5205 2809 5279 profuisse
2856 5205 3203 5279 conpendiis,
3248 5220 3304 5267 et
3341 5212 3474 5268 nilnil
3522 5205 3715 5281 cogatur

2147 5276 2457 5345 exsolvere;
2482 5276 2713 5349 eioepto
2739 5292 2931 5335 aurum
2956 5276 3013 5335 et
3038 5276 3345 5351 argentum,
3375 5285 3520 5354 quod
3552 5276 3715 5338 aii-dem

1703 5402 2096 5461 VARIANTES
2134 5404 2535 5464 LECTIONES.
2604 5430 2609 5433 η

527 5516 543 5545 ¹
578 5514 665 5598 sic
877 5514 1029 5598 Galli.
1103 5513 1466 5598 Homi‘eidium
1488 5511 1617 5569 laici
1644 5514 1688 5569 si
1711 5514 2028 5598 inccclesia
2050 5526 2417 5598 perpetratum
2434 5516 2619 5587 fuerit,
2640 5518 3167 5598 altaredestruatur,
3195 5527 3589 5598 donecrpmprii
3619 5525 3713 5598 epi-
3762 5514 3763 5517 “

455 5587 601 5661 scopi
627 5587 855 5642 arbitrio
880 5586 1217 5661 restituatur.
1255 5586 1351 5641 Sin
1378 5594 1559 5642 autem
1581 5586 1853 5661 presbiter
1883 5587 1995 5661 illic
2024 5586 2264 5644 aut'ante
2285 5590 2458 5661 altare
2480 5586 2794 5661 peremptus
2815 5591 2998 5661 fuerit,
3030 5586 3204 5651 altare
3227 5586 3535 5653 simul-cuin
3559 5586 3707 5654 cocle-

455 5648 892 5722 sia'destruatur,
916 5658 1091 5727 donec
1117 5672 1386 5713 consensu
1423 5648 1707 5727 apostolici
1734 5658 2135 5714 recOncilietur.

456 5738 960 5807 ixqiesuimptuosiini
993 5726 1058 5782 (ἓ.
1094 5771 1107 5789 ,
1178 5728 1201 5759 ⁸
1226 5728 1383 5784 cuius
1411 5728 1699 5798 pecuniam
1725 5745 1861 5783 corr.
1894 5744 2055 5801 quam
2082 5730 2370 5802 pecuniam
2402 5726 2473 5807 (ἶ.

456 5802 477 5826 "
503 5799 641 5854 ἀνίει
672 5798 714 5854 (ἰ
723 5837 740 5855 .

2267 5661 2288 5737 ξ
2315 5660 2534 5737 Deogue
2562 5660 2686 5737 t.a.’
2702 5680 2757 5737 ιι.
2788 5661 2906 5737 Ral.
3036 5666 3058 5698 ³
3079 5669 3564 5737 praesumptiosum
3591 5681 3707 5737 cor;-

2586 5735 2607 5765 ⁵
2627 5734 2928 5792 iudicandis
2975 5734 3238 5812 superscr.
3268 5734 3352 5797 vel
3391 5740 3629 5797 iurandis
3660 5734 3713 5792 ὓ.
