3828 6214
415 225 519 279 735

1315 213 1372 267 Β.
1411 208 1662 267 CAROLI
1696 207 1918 264 MAGNI.
1949 209 2097 264 OPP.
2140 208 2319 264 PARS
2356 208 2395 262 l.
2438 206 2677 264 SECTIO
2717 209 2736 262 1

3552 214 3653 269 756

481 330 581 388 Η.
606 329 988 400 thuicumqne
1010 338 1155 400 servo
1183 323 1262 376 vel
1286 320 1738 400 ancillaeeculum
1765 311 1973 400 eruerit,
2011 325 2055 382 Α
2112 392 2122 400 Δ
2155 320 2254 400 Ξῑ..
2280 321 2353 400 De
2380 337 2458 380 eo.
2503 324 2587 391 qui
2618 320 2874 400 seduxerit
2917 320 3164 400 virginem
3189 320 3544 400 desponsatam
3573 327 3655 379 ret

415 403 601 455 liberos
625 391 715 453 eos
737 391 977 450 dimittat.
1007 394 1062 446 Si
1091 394 1420 460 percusserit
1445 393 1708 460 quispiam
1762 391 1975 443 oculum

415 473 553 524 servi
576 470 656 522 sui
673 478 760 520 aut
777 466 1001 519 ancillae
1013 472 1067 518 et
1091 460 1266 517 luscos
1287 477 1384 527 eos
1411 462 1619 527 fecerit,
1635 460 1868 515 dimittat
1889 475 1983 513 eos

419 541 614 594 liberos
653 552 750 607 pro
779 536 959 607 oculo,
1007 547 1166 607 «piem
1196 533 1356 585 eruit.
1393 531 1625 607 Deu_tei_n_
1647 545 1775 584 vero
1800 530 1848 583 si
1880 545 1980 607 eit-

417 600 839 665 cusserit'servo
870 604 952 658 vel
984 600 1216 657 ancillae
1260 615 1411 666 suae,
1468 600 1627 655 simili
1681 601 1982 654 sententiae

415 677 732 733 subiacebit.
1239 714 1242 717 -
1481 699 1486 705 ι

489 744 574 800 15.
608 746 685 799 De
727 747 846 797 bove
882 743 1141 809 cornipeta
1169 755 1302 810 quae
1325 740 1486 810 uirum
1527 739 1864 810 numeraverit
1905 739 1985 792 vel

420 817 699 877 mulierem,
757 824 804 867 et
831 808 1037 866 domino
1073 808 1229 863 illius.
1279 808 1335 862 Si
1367 809 1464 862 bos
1500 809 1776 876 cornipeta
1809 809 1979 861 virum

420 892 515 939 aut
567 886 841 938 mulierem
865 878 1449 948 .occideritglapidihus
1499 878 1756 935 obruatur
1785 886 1840 931 et
1875 893 1980 930 non

417 955 744 1008 i-omedetur.
787 951 1064 1010 Dominus,
1112 949 1261 1019 cuius
1293 949 1390 1019 bos
1428 957 1542 1019 est,
1573 951 1826 1019 innocens
1853 949 1976 1001 erit.

418 1024 568 1090 Quod
613 1024 658 1077 si
701 1023 799 1076 bos
837 1022 1111 1088 coruipcta
1135 1015 1396 1090 il‘uerit‘ab
1427 1017 1547 1090 heri
1572 1025 1626 1070 et
1656 1018 1844 1072 nudius
1877 1027 1981 1090 ter-

419 1087 498 1146 ius
527 1101 580 1146 et
649 1091 935 1147 contestati
965 1087 1089 1144 sunt
1118 1089 1390 1141 dominum
1426 1088 1440 1117 ⁸
1477 1087 1639 1152 illius,
1686 1097 1784 1141 inec
1813 1088 1980 1141 reclu-

415 1164 476 1215 tit
493 1162 1016 1226 eumooccidcritque
1039 1159 1206 1211 virum
1237 1166 1327 1210 aut
1349 1155 1642 1226 mulierem,
1666 1165 1719 1209 et
1733 1156 1830 1210 bos
1851 1157 1985 1226 lapi-

414 1232 598 1286 sdibus
622 1231 845 1286 bruatur
875 1225 939 1282 et
956 1229 1177 1290 dominu
1203 1244 1232 1277 u
1269 1227 1409 1280 illius
1434 1225 1700 1280 occidant.
1753 1225 1906 1292 Quod
1937 1226 1982 1279 si

416 1303 647 1368 pretium
700 1303 747 1355 ei
781 1300 938 1353 fuerit
971 1299 1305 1364 impositum,
1336 1295 1484 1349 dabit
1511 1309 1607 1364 pro
1635 1296 1811 1349 anima
1861 1310 1980 1359 sua,

413 1371 665 1438 quicquid
698 1371 854 1424 fuerit
880 1368 1203 1436 po-tnlatus.

488 1433 574 1495 16.
609 1439 685 1493 De
707 1457 789 1504 eo,
841 1433 926 1508 qui
964 1438 1236 1490 cisternam
1265 1435 1520 1508 aperuerit
1565 1443 1614 1488 et
1661 1433 1867 1502 foderit.
1927 1434 1985 1508 Si

416 1511 540 1576 quis
569 1504 1153 1578 aperuerit'cisternam
1186 1517 1240 1578 et
1270 1504 1468 1578 foderit
1487 1511 1540 1556 et
1572 1518 1679 1557 non
1709 1505 1987 1578 Operuerit

414 1573 556 1643 eam,
595 1573 954 1644 occideritque
983 1577 1080 1629 bos
1119 1574 1201 1628 vel
1239 1574 1419 1627 asinus
1459 1575 1508 1626 ir.
1540 1587 1680 1644 eam.
1738 1573 1988 1644 dominus

417 1641 682 1704 cisternae
708 1641 893 1701 reddet
933 1645 1162 1712 pretium
1191 1644 1573 1698 iumentorum.
1625 1641 1775 1707 Quod
1804 1652 1981 1697 autem

415 1727 683 1773 mortuum
712 1725 814 1780 est,
849 1717 1010 1783 ipsius
1035 1714 1156 1766 erit.

457 1835 464 1843 .
491 1789 575 1841 i7.
607 1786 683 1839 De
711 1786 830 1839 bove
869 1780 1059 1848 alieno,
1083 1786 1127 1835 si
1157 1784 1368 1836 alterius
1400 1780 1570 1834 bovem
1622 1783 1980 1835 vulneraverit.

417 1857 474 1911 Si
530 1857 627 1910 bos
655 1855 864 1908 alienus
912 1856 1102 1908 bovem
1129 1854 1347 1906 alterius
1399 1851 1756 1906 vulneraverit
1786 1861 1841 1904 et
1900 1853 1987 1905 ille

419 1935 660 1980 mortuus
697 1924 874 1986 fuerit,
930 1923 1160 1976 vendent
1189 1924 1380 1975 bovem
1438 1921 1616 1974 vivum
1648 1929 1704 1974 et
1749 1921 1988 1976 divident

416 1995 685 2062 praecium
716 2003 768 2049 et
789 1996 1036 2046 cadaver.
1071 1991 1126 2046 Si
1156 2000 1336 2062 autem
1365 1990 1566 2057 sciebat
1595 1990 1843 2062 dominus
1873 1993 1990 2062 eius

415 2060 558 2134 quod
588 2066 686 2118 bos
709 2063 931 2134 \iliOSttS
957 2070 1092 2124 erat,
1122 2084 1131 2108 ι
1155 2069 1174 2113 t
1199 2061 1519 2134 noluiteum
1551 2060 1845 2134 custodire,
1872 2061 1988 2116 red-

413 2130 506 2188 dat
538 2135 727 2187 hovem
760 2148 852 2198 pro
882 2133 1016 2190 hove
1047 2139 1101 2184 et
1129 2131 1358 2184 cadaver
1386 2131 1646 2196 integrum
1680 2130 1926 2197 accipiat.

487 2203 571 2272 18.
605 2202 680 2255 De
699 2219 778 2267 eo,
801 2204 884 2270 qui
916 2201 1087 2254 bovem
1134 2207 1221 2250 aut
1269 2215 1407 2253 orem
1437 2199 1638 2272 furatus
1659 2201 1835 2272 fuerit.
1887 2199 1987 2266 Qui

417 2270 625 2328 [iuratus
675 2272 834 2324 fuerit
881 2272 1071 2324 bovem
1129 2276 1220 2321 aut
1275 2284 1456 2334 ovem,
1529 2271 1772 2337 quinque
1823 2270 1989 2324 boves

417 2359 516 2412 pro
563 2359 670 2396 uno
726 2342 863 2395 bove
891 2341 1141 2394 restituat
1167 2347 1227 2392 et
1269 2348 1500 2407 quatuor
1550 2353 1680 2393 oves
1729 2354 1826 2407 pro
1885 2355 1987 2392 una

414 2428 536 2466 ονε.

486 2481 571 2534 19.
611 2479 687 2533 De
711 2477 840 2546 fure,
874 2479 961 2547 qui
987 2480 1194 2532 domum
1222 2478 1504 2545 sit/fodiens
1548 2489 1778 2547 repertus
1807 2480 1982 2548 fuerit.

412 2551 468 2605 Si
503 2551 774 2618 effregerit
797 2549 882 2602 fur
907 2549 1261 2615 doutttut'sive
1292 2548 1580 2603 sull'odiens
1611 2549 1768 2602 fuerit
1797 2551 1986 2603 inven-

414 2631 501 2675 tus
539 2631 596 2674 et
628 2629 850 2687 accepto
893 2618 1114 2671 vulnere
1179 2628 1424 2672 mortuus
1469 2619 1647 2681 fuerit,
1706 2634 1990 2687 percussor

421 2705 524 2743 non
552 2690 655 2744 erit
688 2699 811 2743 rens
841 2689 1133 2758 sanguinis.
1163 2689 1313 2754 Quod
1339 2690 1380 2740 si
1413 2698 1534 2743 orto
1565 2689 1683 2743 solo
1715 2690 1816 2743 hnc
1846 2689 1988 2743 fece-

417 2761 503 2814 rit.
535 2759 877 2828 homicidium
907 2760 1237 2828 perpetravit
1267 2769 1322 2811 et
1368 2758 1482 2828 ipse
1513 2760 1790 2813 morietur.
1821 2759 1878 2814 Si
1911 2761 1988 2812 iu-

417 2838 632 2882 ventum
666 2826 822 2881 fuerit
861 2826 1003 2896 apud
1034 2843 1153 2881 eum
1208 2830 1351 2895 qvol
1390 2826 1617 2883 ’l'uratus
1639 2838 1722 2883 cst
1776 2830 1986 2895 vivens,

413 2899 527 2953 sive
557 2899 654 2951 bos
673 2898 787 2950 sive
815 2899 1014 2958 asinus,
1050 2899 1392 2951 restituatur.‘

484 2967 572 3038 20.
607 2965 685 3019 De
711 2982 792 3031 eo,
837 2969 920 3036 qui
950 2967 1054 3038 lese
1085 2967 1124 3038 it
1152 2968 1330 3038 agrum
1357 2969 1430 3021 re!
1456 2969 1674 3022 vineam.
1700 2967 1756 3023 Si
1803 2969 1986 3024 leserit

2089 392 2354 444 dormierit
2374 408 2488 443 cum
2516 389 2592 462 ea.
2621 392 2675 462 Si
2701 389 3121 462 seduxerirquis
3154 389 3411 450 virginem
3433 393 3656 462 despon-

2088 469 2264 514 satam
2301 470 2356 514 et
2391 460 2672 514 dortnierit
2707 475 2828 514 cum
2852 474 2937 524 ea,
2962 459 3174 515 dotauit
3201 475 3319 514 eam
3349 469 3401 514 et
3446 459 3659 519 habebit

2088 545 2332 583 υχητειη.

2156 598 2244 652 25.
2301 599 2372 651 De
2398 608 2541 667 patre
2587 597 2805 666 pueHae,
2837 614 2882 650 κ.
2905 613 3018 651 eam
3043 598 3168 650 dar-
3193 598 3432 660 noluerit,
3460 609 3512 650 ut
3537 601 3657 654 red-

2085 669 2174 721 dat
2232 671 2496 736 pecuniam
2529 670 2673 721 iuxta
2716 685 2906 722 morem
2961 670 3118 720 dotis.
3148 667 3203 719 Si
3235 677 3389 735 pater
3432 671 3659 724 noluerit

2085 739 2345 805 virginem
2375 738 2526 796 dare.
2573 737 2759 789 rrddat
2782 739 3058 801 prconium
3091 738 3237 789 iuxta
3271 753 3470 790 morem
3494 740 3658 806 dotis,

2084 809 2250 876 quam
2278 809 2505 874 virgines
2527 809 2772 875 accipere
2792 816 3204 860 eonsiieverunt.

2155 876 2243 930 26.
2280 876 2353 930 De
2383 874 2656 947 maleﬁcis.
2684 875 2954 929 Malelicos
2984 892 3090 930 nun
3127 874 3346 940 patiaris
3380 876 3570 947 vivere.

2154 947 2241 999 27.
2277 947 2350 1000 De
2387 948 2488 1010 his,
2521 946 2615 1016 qui
2662 963 2774 998 cum
2816 947 3041 999 iumento
3071 947 3156 998 (οἱ
3188 947 3312 999 rint.
3346 946 3442 1010 Qui
3471 947 3661 1002 coierit

2084 1030 2203 1070 cum
2236 1017 2492 1072 iumento.
2530 1025 2700 1075 morte
2742 1017 3022 1067 moriatur.

2154 1085 2222 1138 28
2285 1085 2359 1138 De
2387 1090 2403 1135 Ι
2421 1089 2487 1150 is,
2524 1088 2606 1153 qui
2631 1086 2729 1138 diis
2759 1085 3027 1137 immolant
3058 1085 3134 1138 rel
3157 1085 3386 1136 advenas
3413 1083 3658 1153 afﬂigunt.

2085 1155 2185 1220 Qui
2231 1157 2472 1209 immolat
2511 1157 2632 1220 diis,
2662 1156 2956 1209 occidatur.
2990 1156 3265 1206 Atvenam
3315 1170 3420 1207 non
3465 1155 3661 1208 umtri-

2084 1226 2252 1282 stahis
2283 1240 2454 1290 neque
2473 1223 2674 1291 aflliges
2695 1240 2760 1276 eu
2787 1241 2837 1274 u.
3354 1241 3362 1246 -

2156 1293 2242 1348 29.
2276 1294 2349 1348 De
2370 1297 2577 1348 decimis
2604 1305 2651 1346 et
2675 1294 2917 1360 primitiis
2948 1292 3166 1347 Domino
3183 1293 3483 1346 o’Terendis.
3511 1293 3660 1346 Deci-

2088 1381 2201 1418 mas
2233 1373 2349 1418 tuas
2388 1373 2446 1417 et
2475 1364 2730 1430 primitias
2761 1381 2864 1416 non
2907 1364 3145 1416 tardabis
3189 1361 3386 1417 olferre
3441 1361 3662 1416 Domino

2087 1436 2153 1488 do
2185 1433 2304 1487 liliis
2332 1435 2434 1487 tuis
2464 1434 2853 1500 primogenitis.
2890 1434 2961 1486 De
2991 1432 3161 1486 bobus
3211 1446 3431 1500 quoque
3473 1440 3526 1484 et
3546 1434 3658 1486 ovi-

2089 1504 2189 1558 bus
2230 1503 2476 1557 similiter
2506 1502 2690 1557 facias.
2738 1502 2954 1569 Septem
2986 1502 3173 1555 diebus
3219 1503 3289 1556 sit
3318 1517 3442 1556 cum
3494 1514 3661 1557 matre

2087 1589 2183 1627 sua
2214 1590 2225 1624 :
2256 1573 2341 1626 die
2368 1583 2560 1627 octavo
2592 1571 2755 1626 redde
2785 1573 2946 1624 lilium
2980 1570 3229 1624 Domino.

2161 1642 2248 1695 '51).
2285 1641 2360 1694 De
2384 1642 2612 1708 deposito
2650 1643 2725 1694 ret
2759 1643 2972 1710 pignore
2996 1641 3138 1694 dato.
3179 1641 3488 1706 Depositum
3516 1649 3657 1693 tuum

2092 1721 2184 1765 aut
2229 1712 2248 1741 ⁸
2279 1713 2496 1778 pignore
2524 1713 2731 1776 datum,
2763 1721 2853 1763 aut
2883 1711 2923 1763 si
2952 1711 3146 1778 aliquis
3169 1711 3269 1763 sibi
3294 1710 3660 1764 co.nmendata

2087 1782 2363 1846 celaverit,
2399 1791 2492 1835 aut
2520 1782 2562 1836 si
2597 1796 2707 1833 rem
2741 1781 2999 1850 perditam
3035 1782 3300 1834 invenerit
3331 1789 3383 1833 et
3418 1782 3663 1833 iuraverit

2090 1867 2195 1904 non
2221 1851 2510 1913 invenisse,
2542 1851 2819 1905 COIlViCiIIS
2843 1850 3027 1903 delicti
3074 1851 3260 1904 reddet
3291 1865 3323 1902 ο
3349 1851 3491 1909 nuia,
3525 1865 3662 1917 quae

2091 1921 2454 1986 per'i‘raudem
2487 1921 2655 1974 voluit
2686 1923 2948 1981 obtinere,
2992 1921 3203 1973 tertiam
3231 1928 3287 1973 et
3317 1920 3556 1988 quintam
3587 1919 3664 1972 in-

2088 2006 2251 2059 super
2283 2002 2490 2059 partem
2521 1992 2760 2056 domino,
2793 1991 2878 2044 cui
2905 1989 3142 2042 fraudem
3174 1989 3450 2042 intuli-rit.

2159 2057 2246 2114 51.
2286 2057 2361 2113 De
2396 2061 2710 2130 turpitudine
2740 2061 2966 2129 proximi
2996 2076 3096 2113 non
3129 2059 3432 2130 revelanda.
3483 2057 3662 2112 Omnis

2091 2130 2250 2184 homo
2283 2132 2348 2182 ad
2389 2128 2704 2197 sanguinem
2735 2128 2962 2200 proximi
2993 2131 3074 2182 sui
3103 2145 3209 2182 non
3240 2128 3479 2191 act-edat,
3509 2138 3565 2182 ut
3587 2145 3664 2182 rc-

2093 2201 2236 2254 velet
2301 2202 2684 2269 turpitudinem
2738 2199 2883 2254 eius.
2941 2201 3048 2253 Nec
3095 2200 3258 2269 ullam
3313 2199 3665 2269 discooperics

2086 2271 2467 2336 turpiludinem
2499 2271 2754 2336 mulieris,
2783 2272 2906 2337 quia
2927 2281 3097 2324 vestra
3127 2268 3398 2338 turpitudo
3422 2280 3525 2322 es‘.

2161 2340 2246 2394 52.
2283 2340 2360 2392 De
2387 2342 2608 2403 homine,
2643 2341 2727 2410 qui
2756 2340 3026 2393 dormierit
3051 2355 3164 2391 tum
3214 2337 3426 2410 muliere
3442 2337 3659 2410 ancilla.

2056 2437 2062 2444 ι
2093 2408 2265 2464 Homo
2294 2411 2337 2463 si
2366 2407 2801 2464 dormierit'cum
2834 2411 3055 2463 muliere
3079 2410 3227 2464 coitu
3265 2407 3505 2471 seminis,
3533 2423 3665 2476 quae

2093 2481 2252 2533 fuerit
2281 2480 2494 2544 ancilla,
2524 2481 2682 2533 etiam
2717 2479 2911 2533 nubilis
2938 2487 2994 2532 et
3025 2489 3202 2532 ta-uen
3232 2478 3407 2544 pretio
3439 2494 3544 2530 non
3575 2492 3659 2531 reo

2089 2551 2303 2618 dempta
2339 2565 2443 2629 .ucc
2500 2550 2746 2604 libertate
2775 2549 2998 2615 donata,
3030 2548 3365 2618 vapulabunt
3405 2548 3562 2601 ambo
3613 2558 3664 2602 et

2091 2635 2194 2672 non
2220 2630 2532 2673 moriantur.

2157 2688 2244 2742 55.
2285 2687 2404 2760 Non
2431 2689 2612 2743 drbere
2641 2690 2905 2760 auguriari
2940 2690 2959 2720 "
2992 2690 3084 2760 nec
3123 2687 3386 2760 οὐσα-ναν(
3411 2703 3588 2758 magos
3623 2699 3663 2739 et

2088 2761 2302 2814 ariolos.
2347 2759 2462 2815 Non
2490 2759 2844 2828 augurietnini
2873 2775 2971 2812 riec
3001 2759 3357 2813 observ-abitis
3385 2761 3449 2809 ad
3491 2773 3662 2822 magos

2091 2845 2190 2899 nec
2241 2830 2460 2892 arinlos,
2515 2845 2615 2886 nec
2664 2830 2860 2899 ali,uid
2893 2829 3176 2884 sciscitetis
3205 2828 3225 2860 ⁸
3283 2842 3379 2898 per
3414 2843 3530 2881 eos.
3564 2829 3664 2893 ligo

2093 2897 2230 2953 Deus
2259 2909 2462 2955 vester.

2158 2969 2246 3023 ⁸54.
2283 2968 2675 3025 Delionorando
2703 2987 2844 3025 sene.
2869 2969 3065 3024 Coram
3095 2983 3230 3024 cano
3258 2966 3432 3036 capite
3454 2981 3664 3021 consur-

417 3016 680 3106 qui’s'nar.
714 3016 916 3109 ῖςίεέτιῖιξιί
935 3016 1260 3109 uitiaui...
1283 3016 1343 3090 ei
1360 3016 1986 3109 ’ἀεηὶίῑξέῑῖεῖιξιιεῑῑιῑίιῖῖ
2009 3016 2054 3076 c
2089 3016 3075 3109 είιξέιῖιίάέιῑέὲῖιὶῑε·’δέτξξπῑλῑιῑξέέίίξ,
3099 3016 3390 3109 ἷζίῖἰυῖἑῇ
3409 3016 3596 3109 bas;

418 3122 592 3178 suum,
622 3113 678 3178 ut
705 3107 1022 3178 depascatur
1048 3106 1242 3178 aliena,
1285 3106 1541 3175 quidquid
1570 3109 1829 3178 optimum
1856 3110 1877 3178 ’ν
1897 3111 1991 3162 ha-

421 3176 595 3254 buerit
628 3175 680 3254 in
709 3189 837 3243 agro
868 3175 951 3230 vel
974 3176 1026 3228 iu
1054 3177 1207 3230 vinea
1245 3192 1339 3245 iro
1385 3175 1621 3247 dampni’
1653 3175 1991 3234 estimatione

420 3253 686 3298 restituat.

484 3314 572 3366 ί21.
604 3313 686 3386 De
708 3330 789 3378 eo,
821 3315 905 3386 qui
931 3315 1101 3383 ignem
1129 3316 1445 3369 succenderit
1470 3318 1524 3369 in
1552 3317 1712 3386 agris,
1763 3327 1817 3370 ut
1840 3317 1989 3371 dam-

418 3399 538 3435 num
566 3384 818 3456 restituat.
848 3385 920 3456 Si
956 3399 1202 3456 egressus
1235 3388 1370 3452 ignis
1421 3384 1684 3456 invenerit
1713 3386 1888 3456 spicas
1937 3399 1993 3441 et

416 3453 884 3522 compreuenderit
913 3469 1138 3508 acervos
1167 3454 1372 3521 frugum
1412 3455 1525 3509 sive
1552 3453 1758 3509 stantes
1779 3465 1991 3522 segetes

418 3520 672 3593 in_a_gris,
715 3522 901 3576 reddet
928 3520 1366 3593 dampnum,qui
1401 3527 1575 3592 ignem
1629 3520 1986 3580 succenderit.

482 3590 574 3644 23.
623 3591 698 3644 De
723 3609 801 3654 eo,
831 3593 916 3663 qui
942 3590 1369 3663 commendarem
1406 3590 1571 3647 amico
1595 3598 1883 3662 pecuniam.
1931 3594 1989 3650 Si

414 3663 533 3727 quis
589 3661 1041 3732 commendavei'it
1091 3663 1264 3716 amiro
1314 3661 1602 3732 pecuniam
1646 3673 1741 3718 aut
1791 3681 1882 3719 vas
1938 3667 1988 3718 in

417 3729 734 3803 custodiam,
765 3742 821 3785 et
876 3732 943 3803 ab
971 3746 1058 3803 eo,
1089 3732 1180 3799 qui
1211 3729 1528 3803 susceperit,
1560 3732 1699 3786 furto
1752 3733 1988 3788 ablatum

419 3801 594 3862 luerit,
633 3800 678 3871 si
714 3799 1114 3871 inveniturfur,
1145 3799 1601 3871 duplum'rcddat.
1630 3804 1684 3857 Si
1714 3805 1867 3869 latet,
1888 3805 1991 3858 do-
2025 3804 2032 3810 ’

420 3871 592 3939 minus
641 3868 836 3923 domus
885 3868 1336 3939 applicabiturad
1385 3872 1517 3927 deos
1567 3872 1608 3935 ³,
1665 3881 1721 3926 et
1770 3868 1987 3937 iurabit,

417 3938 560 4006 quod
595 3954 700 3992 non
724 3938 1031 4010 extenderit
1075 3955 1290 3994 manum
1322 3943 1375 3995 in
1411 3957 1523 3995 rem
1553 3942 1776 4010 proximi
1807 3943 1889 3996 sui
1919 3943 1989 3996 ad

420 4009 827 4076 perpetrandam
863 4009 1100 4063 fraudem
1133 4010 1184 4064 in
1234 4011 1371 4066 bove
1396 4012 1481 4065 vel
1507 4012 1659 4065 asino
1689 4019 1741 4064 et
1769 4027 1869 4066 ove
1926 4029 1992 4068 ac

419 4077 756 4150 vestimento.
816 4081 881 4132 lat
924 4079 1173 4148 quicquid
1224 4081 1512 4150 dampnum
1565 4079 1758 4135 inferre
1789 4090 1987 4150 potest,

417 4147 587 4218 abeo
619 4148 892 4218 utriusque
919 4147 1080 4202 causa
1109 4147 1404 4218 perveniat.
1435 4149 1502 4204 Et
1537 4151 1582 4206 si
1629 4151 1707 4204 illi
1762 4147 1990 4208 arbitros

417 4215 788 4280 indicaverint,
817 4219 1036 4286 duplum
1070 4215 1318 4274 restituat
1345 4222 1591 4287 proximo
1614 4235 1735 4275 suo.

483 4306 573 4357 ‘25.
610 4306 700 4380 De
723 4308 890 4380 asino,
923 4307 1058 4380 bove,
1085 4312 1320 4380 omnique
1340 4312 1564 4364 iumento
1592 4311 1660 4363 ad
1689 4310 1982 4374 custodien-

417 4376 537 4428 dum
565 4377 777 4429 tradito.
808 4377 861 4430 Si
880 4360 1020 4445 'quis

418 4453 628 4505 novem,
657 4461 810 4498 ovem
841 4455 896 4498 et
922 4462 1082 4500 onme
1126 4450 1418 4514 iumentum
1462 4449 1529 4502 ad
1574 4451 1872 4504 cusodiam
1924 4461 1982 4505 ct
2065 4467 2073 4480 ‘

417 4523 684 4586 tuoituum
723 4515 883 4586 fuerit
911 4525 1002 4567 aut
1049 4517 1381 4571 debilitatum
1411 4519 1494 4571 vel
1525 4532 1738 4586 captum
1770 4521 1836 4572 ali
1885 4521 1982 4575 ho-

415 4584 616 4654 stibus,
659 4584 936 4651 nullusque
988 4586 1090 4638 hoc
1140 4586 1346 4648 viderit,
1393 4584 1752 4654 iusiurandum
1799 4591 1899 4642 erit
1931 4592 1980 4644 in

415 4652 648 4715 medio",
673 4656 814 4725 quod
839 4670 944 4708 non
967 4655 1266 4709 extenderit
1299 4672 1511 4710 manum
1539 4657 1588 4709 in
1617 4652 1727 4710 rem
1757 4662 1983 4725 proximi

414 4725 493 4775 sui
521 4740 534 4784 ;
559 4724 916 4788 suscipiatqne
939 4726 1184 4788 dominus
1208 4727 1561 4779 iuramentum
1584 4736 1638 4779 et
1654 4728 1742 4780 ille
1761 4724 1987 4783 reddere

419 4811 523 4846 non
550 4801 791 4858 cogetur.
824 4795 879 4845 Si
904 4794 1042 4846 furto
1073 4793 1338 4848 sublatum
1363 4794 1538 4856 fuerit,
1565 4798 1810 4850 restituat
1835 4797 1984 4852 dam-

419 4878 576 4927 pnum
604 4864 820 4916 domino
845 4878 963 4914 suo.
989 4863 1042 4914 Si
1073 4873 1367 4918 contestqu
1394 4880 1425 4916 a
1451 4861 1641 4927 bc-Stia,
1684 4865 1888 4919 deferat
1917 4869 1984 4921 ad

415 4948 558 4995 cum,
599 4932 742 5000 quid
771 4931 1008 4985 occisum
1048 4940 1152 4997 est,
1191 4943 1246 4987 et
1273 4949 1377 4987 non
1420 4943 1765 4990 restauretur.
1798 4936 1896 5001 Qui
1953 4954 1983 4991 a

418 5003 662 5072 proximo
691 5016 788 5055 suo
817 5001 1100 5071 quicquam
1132 5005 1318 5055 horum
1344 5013 1526 5056 mutuo
1559 5005 1909 5072 postulaverit
1929 5017 1985 5061 et

418 5071 752 5142 debilitatum
797 5079 891 5122 aut
925 5083 1190 5142 morttmm
1217 5072 1372 5126 fuerit
1393 5071 1608 5128 domino
1639 5091 1742 5128 non
1775 5075 1794 5104 ⁸
1825 5091 1980 5142 prae-

417 5149 589 5203 serite,
621 5140 845 5193 reddere
881 5140 1051 5210 comp.
1077 5143 1252 5196 llatur.
1284 5145 1438 5207 Quod
1467 5146 1510 5197 si
1539 5144 1589 5196 iu
1648 5140 1981 5210 praesentia-

419 5227 533 5262 rum
556 5209 800 5263 dominus
829 5209 1020 5272 fuerit,
1043 5229 1146 5266 non
1177 5215 1508 5276 res‘tituatur,
1532 5209 1761 5268 niaxime
1782 5215 1826 5268 si
1855 5231 1988 5270 con-

418 5282 606 5334 ductus
632 5281 838 5334 venerit
860 5296 957 5350 pro
988 5282 1236 5338 mercede
1262 5283 1442 5354 operis
1467 5283 1570 5338 sui.

2162 3108 2250 3162 55.
2289 3107 2433 3163 Nihil
2471 3105 2725 3179 agendum
2755 3119 2935 3164 contra
2981 3112 3150 3179 aequit
3173 3116 3312 3161 .tem.
3342 3105 3660 3179 NoliteAiui-

2091 3192 2254 3246 quum
2278 3179 2475 3246 aliquid
2502 3175 2676 3236 facere
2701 3182 2751 3234 in
2783 3181 3002 3238 iudicio,
3029 3175 3080 3232 in
3106 3179 3310 3246 regula,
3340 3177 3390 3229 in
3419 3175 3662 3245 pondere,

2093 3247 2144 3299 ii
2197 3264 2469 3303 irensura.
2514 3252 2728 3306 Statera
2775 3252 2919 3304 iusta
2964 3258 3018 3302 et
3045 3264 3216 3317 aequa
3263 3249 3371 3300 sint
3414 3247 3664 3316 pondera,

2092 3317 2260 3390 iustus
2291 3320 2502 3390 modius
2527 3336 2837 3390 aequosque
2862 3320 3147 3374 sextarius.

2161 3387 2250 3459 δί.
2299 3387 2376 3442 De
2409 3405 2488 3451 eo,
2532 3385 2625 3459 qui
2658 3385 2953 3443 moechatur
2989 3405 3100 3441 rum
3131 3403 3291 3441 uxore
3331 3385 3553 3459 proximi
3573 3386 3659 3459 sui.

2092 3456 2190 3522 Qui
2226 3455 2555 3515 moechatus
2577 3460 2734 3514 fuerit
2761 3475 2882 3514 cum
2916 3473 3085 3512 uxore
3113 3459 3337 3511 alterius
3365 3466 3418 3508 et
3467 3455 3660 3508 adulte-

2093 3531 2230 3580 rium
2262 3529 2448 3582 iecerit
2472 3545 2594 3584 cum
2627 3530 2857 3597 coniuge
2890 3529 3117 3596 proximi
3148 3527 3254 3592 sui,
3278 3527 3463 3580 'morte
3488 3526 3662 3579 moria-

2095 3606 2179 3649 tur
2217 3605 2272 3648 ct
2293 3601 2547 3653 moechus
2573 3608 2625 3652 et
2647 3597 2911 3652 adultera.

2161 3666 2248 3738 ὅτ.
2283 3664 2360 3720 De
2388 3683 2466 3732 eo,
2494 3669 2580 3738 qui
2602 3669 2871 3727 dorntierit
2894 3683 3007 3720 cum
3028 3682 3248 3738 noverca
3270 3682 3389 3738 sua.
3420 3664 3525 3738 Qui
3545 3663 3658 3738 dor-

2093 3737 2272 3789 mierit
2325 3752 2446 3791 cum
2487 3734 2718 3792 noverca
2747 3753 2842 3792 sua
2873 3746 2928 3791 et
2955 3737 3276 3791 revelaverit
3331 3734 3659 3804 ignominiam

2095 3807 2260 3874 patris
2286 3807 2388 3874 sui,
2433 3805 2734 3862 inoriantur
2764 3809 2945 3862 ambo.
2997 3808 3227 3876 Sanguis
3254 3820 3444 3860 eorum
3485 3804 3552 3858 sit
3577 3818 3658 3857 su-

2130 3889 2190 3928 ω·
2219 3892 2333 3929 eos.

2094 3892 2364 4018 Ρὲἒὸῗυῖε
2390 3963 2470 4012 eo,
2505 3948 2589 4018 qui
2612 3955 2820 4018 propter
2845 3945 3006 4018 Deum
3029 3949 3223 4018 furtum
3266 3945 3530 4018 confessus
3561 3944 3656 4012 {ue-

2069 4016 2177 4068 ‘rit.
2223 4014 2280 4085 Si
2314 4014 2531 4085 propter
2561 4014 2727 4071 Deum
2756 4014 3038 4072 confessus
3065 4017 3226 4070 fuerit
3282 4014 3445 4069 homo
3479 4015 3656 4085 furtum

2091 4084 2231 4152 quod
2266 4083 2632 4167 fecit_,_reddat
2654 4088 2940 4167 capitalem
2972 4096 3029 4142 et
3061 4087 3308 4155 quintam
3339 4092 3542 4154 partem
3569 4083 3655 4134 de-

2091 4170 2255 4223 super
2285 4158 2355 4218 ei,
2386 4158 2439 4208 in
2467 4172 2624 4227 quem
2657 4158 2917 4226 peccavit.

2159 4245 2247 4299 39.
2284 4246 2362 4301 De
2397 4264 2476 4312 eo,
2501 4249 2586 4317 qui
2624 4252 2764 4318 {erro
2804 4247 3108 4318 percusserit
3147 4247 3428 4304 hominem.
3467 4243 3522 4318 Si
3556 4243 3659 4311 quis

2095 4316 2236 4369 ferro
2255 4314 2576 4386 pereusserit
2606 4314 3196 4372 liomincmetmortuus
3232 4318 3411 4378 fuerit,
3439 4314 3525 4383 qui
3556 4329 3658 4381 per-

2086 4390 2316 4440 cusserit
2345 4404 2467 4442 reus
2493 4389 2596 4441 erit
2626 4389 2894 4444 homicidii
2924 4389 2945 4419 ⁹
2975 4398 3030 4443 et
3061 4389 3174 4458 ipse
3205 4391 3484 4440 morietur.

2159 4475 2247 4531 Αἱ).
2281 4476 2351 4531 Ut
2385 4463 2596 4547 propter
2617 4479 2768 4532 unius
2792 4479 3134 4532 testiinonium
3180 4476 3354 4529 nullus
3375 4472 3656 4528 condemne-

2087 4553 2193 4598 tur.
2230 4548 2309 4601 Ad
2341 4548 2496 4602 unius
2529 4548 2891 4601 testimonium
2924 4547 3103 4601 nullus
3123 4551 3532 4601 condemnetur.

2159 4638 2247 4692 41.
2275 4638 2351 4692 De
2372 4640 2581 4692 decimis
2610 4639 2938 4708 separmdis.
2987 4639 3279 4708 Separabis
3330 4634 3558 4691 decimas
3601 4643 3655 4681 ex

2090 4711 2361 4775 omnibus,
2393 4725 2532 4778 quae
2561 4717 2853 4780 nascuntur
2886 4709 2980 4762 tibi
3013 4725 3078 4780 eo
3135 4709 3656 4780 tempore,_et__rep0j

2093 4795 2190 4852 nes
2221 4773 2358 4852 inter
2387 4773 2578 4852 ianuas
2607 4788 2744 4833 tuas.
2775 4779 3105 4852 Foenerabis
3135 4773 3592 4852 eas-acerdotibus
3611 4776 3659 4852 et

2092 4849 2286 4911 levitis,
2335 4849 2557 4903 advenis
2586 4859 2640 4902 et
2669 4849 2986 4917 peregrinis,
3033 4850 3250 4918 pupillis
3281 4857 3337 4902 et
3387 4841 3658 4918 viduisiei

2091 4918 2374 4973 benedicet
2407 4929 2458 4972 te
2487 4914 2738 4973 dominus
2767 4919 2905 4973 Deus
2951 4914 3074 4973 tuus
3099 4914 3308 4974 cunctis
3333 4914 3518 4972 diebus
3537 4914 3660 4961 vitae

2089 4995 2235 5041 tuae.

2155 5076 2244 5155 42.
2278 5077 2356 5155 pe
2377 5096 2464 5155 eo,
2488 5081 2574 5155 qui
2599 5081 2869 5155 ambulans
2903 5098 2994 5150 per
3015 5083 3148 5155 viam
3172 5083 3351 5136 nidum
3381 5083 3489 5155 avis
3534 5079 3655 5155 inre-

2087 5151 2239 5201 nerit.
2280 5149 2337 5202 Si
2365 5149 2607 5203 ambulas
2637 5165 2729 5218 per
2759 5149 2909 5204 viam
2932 5159 2986 5204 et
3023 5154 3202 5206 nidum
3235 5156 3351 5207 avis
3410 5149 3656 5205 inveneris

2089 5221 2141 5272 in
2165 5219 2362 5290 arbore
2391 5222 2472 5272 vel
2503 5221 2555 5274 in
2587 5231 2724 5273 terra
2774 5231 2828 5273 et
2858 5232 3081 5274 matrem
3114 5223 3270 5289 pullis
3321 5224 3540 5290 desuper
3584 5218 3648 5268 in-

2089 5289 2396 5354 cubantem,
2431 5305 2538 5344 non
2563 5292 2769 5346 tenebis
2795 5306 2914 5346 eam
2945 5307 3066 5346 cum
3096 5293 3236 5360 litiis,
3265 5294 3369 5348 sed
3398 5289 3540 5346 abire
3578 5300 3658 5355 ιη’

1630 5378 2019 5470 vanis-sirus
2055 5403 2486 5474 LECTIONESX

498 5545 509 5571 ¹
544 5543 761 5597 domino
798 5544 913 5598 Bal.

431 5622 495 5665 tis
524 5612 582 5665 Β.
639 5614 659 5640 ’⁸
683 5615 858 5669 ittdicii
894 5616 950 5670 Β.

991 5549 1009 5577 ³
1036 5548 1236 5602 obtime
1269 5546 1330 5601 (ἐ.
1389 5549 1407 5578 ³
1440 5548 1601 5603 adcos
1625 5544 1686 5598 (ἱ.
1741 5545 1758 5574 ⁸
1784 5548 1984 5606 mediur

2110 5556 2155 5607 il.
2235 5557 2253 5586 ³
2278 5556 2414 5626 deest
2444 5557 2504 5610 ὕ.
2577 5560 2594 5589 ⁸
2615 5559 2666 5614 d.
2694 5569 2776 5615 est
2803 5577 2854 5630 p.
2885 5561 2944 5615 Ii.
3023 5564 3041 5592 ⁷
3066 5563 3313 5634 augurari
3345 5561 3411 5615 (λ.
3488 5558 3505 5585 ⁸
3531 5555 3652 5639 θείης
