3868 6214
73 261 203 316 757

580 253 732 312 COD.
774 249 1046 308 DIPLOM.
1075 276 1146 286 —
1169 238 1527 298 BENEDICTI
1566 232 2092 292 C:\l’lTUl..‘.RIUM
2131 232 2537 290 COLLECTIO.
2562 263 2633 274 —
2664 233 2793 288 LIB.
2838 232 2901 287 Il.

3303 234 3410 288 75‘}

73 375 292 436 ueris.
327 379 514 441 captos
772 365 945 434 ρυιιοε
995 377 1145 427 suos.
1199 368 1256 414 υι
1311 355 1599 413 benedice
1655 364 1707 408 ιο
1741 347 3408 441 Asescenasiasuesei21:29:50.???399293auctae-

77 445 395 496 Dnminus.

165 511 280 565 £3.
312 511 379 566 Ut
408 525 524 561 rum
550 506 858 572 aediﬁcatur
883 504 1066 557 domus
1101 518 1253 563 nova,
1281 499 1376 568 ﬁat
1396 513 1569 550 murus
1617 512 1707 563 per

72 585 389 635 circuitum
455 581 660 632 domus.
720 573 856 628 Cum
905 572 1278 628 aedilicaveris
1329 572 1548 625 domum
1611 582 1706 620 no-

79 667 265 710 vam.
315 651 476 704 iacies
525 659 737 700 murum
779 644 905 697 tecti
959 658 1054 712 per
1098 641 1406 712 circi-itum,
1442 652 1505 712 ne
1535 637 1709 712 ellua-

78 707 280 774 «ὴιωί-
321 720 537 782 sanguis
569 718 620 770 in
672 717 890 767 domum
927 707 1071 766 tuam
1100 721 1157 766 et
1210 710 1284 765 sis
1338 724 1462 764 reus
1484 707 1710 762 labente

78 790 216 841 alio
256 799 312 842 et
339 790 390 842 in
422 799 682 858 praeceps
713 793 924 858 ruente.

166 859 280 912 44.
317 858 392 911 De
419 845 568 911 iinea
591 845 755 908 altero
787 855 977 907 semine
1007 868 1111 906 non
1141 851 1386 905 serenda.
1417 845 1531 927 Non
1561 861 1711 927 seres

82 928 332 982 vineam
363 938 507 981 tuam
539 927 710 980 altero
736 939 964 988 sennne,
1019 938 1086 975 ne
1127 937 1212 982 ea,
1245 935 1386 988 quae
1415 927 1604 973 sevnstt
1656 927 1712 973 et

79 1013 262 1064 quae
294 1005 588 1052 nascuntur
612 1011 682 1048 ex
710 995 890 1055 vinea,
924 993 1128 1060 pariter
1156 1007 1267 1043 sant
1287 991 1579 1064 tillCctllul'.

167 1067 283 1120 45.
319 1068 386 1120 (.t
411 1084 512 1120 non
533 1074 708 1120 aretur
728 1066 781 1117 in
813 1064 933 1116 bove
951 1063 1103 1117 simul
1142 1071 1189 1115 et
1219 1062 1389 1114 asina.
1441 1062 1556 1114 μου
1587 1072 1712 1111 ara-

87 1137 187 1191 bis
222 1140 286 1193 in
313 1138 453 1192 hove
481 1137 639 1190 simul
666 1143 723 1188 et
751 1139 922 1192 asina.

175 1208 286 1261 46.
321 1205 446 1261 Non
474 1205 790 1260 induendum
829 1205 1180 1258 vestimentum
1208 1201 1346 1272 quod
1387 1217 1453 1254 ea:
1494 1201 1619 1272 lana
1665 1208 1715 1251 et

91 1279 226 1332 tino
277 1277 587 1332 contuitur.
630 1275 746 1329 Non
779 1275 832 1328 in
875 1289 970 1328 ues
998 1270 1400 1337 vestimentum,
1450 1270 1598 1340 quod
1647 1285 1716 1323 ex

93 1351 241 1402 lana
276 1359 330 1403 et
347 1350 466 1402 lino
488 1353 803 1400 contextum
834 1352 939 1397 est.

180 1419 288 1471 47.
324 1419 399 1472 De
435 1415 605 1487 puella
630 1417 825 1485 virgine
848 1416 1183 1487 desponsata.
1203 1413 1286 1487 _Si
1323 1413 1443 1481 quis
1474 1408 1712 1487 puellam

95 1506 126 1540 v
160 1490 388 1556 rgineni
428 1480 853 1556 despumaverit,
885 1480 949 1538 et
970 1483 1242 1556 inuenerit
1265 1480 1405 1556 Aeam
1438 1482 1634 1550 aliquis
1663 1480 1716 1532 in

91 1553 345 1614 civitate
402 1566 461 1613 et
514 1553 1014 1610 cuneatiunritcuni
1055 1568 1144 1618 ea,
1173 1553 1408 1607 adducas
1459 1565 1718 1617 utrosque

93 1631 172 1682 ad
227 1640 447 1692 portam
487 1626 720 1682 civitatis
759 1624 921 1690 illius,
952 1635 1008 1679 et
1060 1623 1324 1692 lapidibus
1373 1623 1715 1684 obruentur;

99 1693 324 1767 puella,
359 1699 480 1767 quia
511 1713 616 1750 non
647 1697 920 1761 clamavit,
946 1709 1068 1750 cum
1099 1703 1243 1749 esset
1267 1695 1318 1747 in
1370 1693 1632 1757 civitate;
1664 1702 1720 1745 et

99 1772 216 1829 vir,
254 1770 382 1840 quia
411 1767 708 1840 humiliavn
735 1782 878 1840 eam.

179 1832 287 1895 48.
311 1838 390 1892 De
417 1839 730 1906 desponsata
753 1837 950 1907 uirgine
969 1839 1021 1889 in
1045 1850 1174 1905 agro
1199 1844 1424 1904 reperta.
1452 1832 1508 1888 Si
1539 1841 1722 1887 autem

103 1913 164 1964 in
227 1923 366 1977 agro
397 1908 661 1978 repererit
695 1907 775 1978 vir
815 1906 1047 1978 puellam
1087 1919 1228 1978 quae
1259 1913 1585 1978 desponsata
1616 1913 1718 1978 est.

101 1993 164 2035 et
219 1972 510 2034 dormierit
538 1993 663 2032 cum
693 1972 828 2045 illa;
862 1977 976 2046 ipse
1012 1972 1278 2030 morietur
1333 1975 1501 2030 solus.
1539 1972 1722 2028 Puella

102 2051 260 2119 nihil
285 2051 542 2119 patiatur.

183 2117 267 2173 49
286 2114 298 2119 ⁷
319 2119 389 2173 Ut
415 2117 677 2172 eunuchus
701 2118 890 2171 attritis
920 2117 1168 2171 testiculis
1198 2115 1470 2170 ecclesiam
1502 2114 1594 2170 Dei
1618 2132 1721 2170 non

103 2194 297 2244 intret.
349 2189 465 2244 Non
495 2189 716 2242 intrabit
744 2187 1029 2242 eunuthus
1069 2186 1269 2241 attritis
1315 2191 1399 2240 vel
1431 2188 1725 2255 amputatis

103 2261 392 2316 ιιοειὶαιιὶδ
432 2268 487 2313 et
514 2257 725 2314 absciso
748 2267 963 2313 veretro
998 2257 1284 2312 ecclesiam
1329 2256 1580 2316 Domitii;
1625 2272 1725 2312 nec

109 2333 466 2398 ingrediatur
495 2344 614 2382 eam
667 2343 909 2391 manzer,
938 2329 1042 2382 hoc
1087 2329 1263 2382 estde
1305 2335 1487 2398 scorta
1539 2336 1721 2398 initiis.

345 2399 425 2454 De
447 2401 664 2466 petunia
694 2399 764 2451 ad
805 2416 1016 2453 usuram
1046 2415 1147 2452 nan
1198 2396 1544 2464 foeneranda.
1604 2396 1720 2451 Non

108 2472 436 2527 l'uenerabis
464 2471 613 2524 fratri
645 2479 736 2523 tuo
764 2474 830 2522 ad
855 2484 1074 2524 usuram
1107 2468 1393 2539 pecuniam
1416 2482 1518 2522 nec
1544 2467 1724 2536 truces

110 2559 226 2598 nec
254 2541 552 2611 quamlibet
579 2541 738 2594 alain
767 2554 906 2594 rem.

188 2609 288 2666 5t.
325 2612 406 2665 De
448 2621 562 2666 voto
603 2627 706 2666 non
736 2611 1046 2678 (ti/ferendo.
1093 2610 1228 2663 Cum
1287 2609 1501 2664 voveris
1538 2617 1722 2663 vntum

113 2683 354 2737 domino
387 2683 497 2736 Deo
530 2691 643 2746 tuo,
676 2695 781 2734 non
815 2681 1053 2735 tardahis
1101 2679 1346 2743 reddere,
1379 2683 1502 2748 quia
1535 2682 1722 2748 requi-

116 2764 206 2808 ret
265 2751 678 2811 illuddominus
709 2751 850 2806 Dens
885 2762 1028 2807 tuus.
1079 2753 1144 2804 ιι
1189 2749 1233 2804 si
1265 2758 1508 2804 moratus
1535 2750 1722 2816 lueris,

115 2826 470 2904 reputabitur
493 2822 586 2903 tibi
618 2827 670 2876 in
700 2832 1002 2904 peceatum,
1039 2821 1216 2877 donec
1236 2819 1425 2888 facias,
1455 2826 1598 2888 quod
1629 2837 1725 2876 ore

119 2896 358 2964 proprio
390 2893 616 2948 Domino
647 2893 960 2964 promisisti.

195 2965 296 3034 ιε.
329 2963 400 3020 Ut
430 2966 602 3030 homo,
635 2963 719 3032 oui
738 2980 952 3019 uxorem
981 2964 1262 3034 acceperit,
1293 2979 1394 3016 non
1414 2963 1626 3016 accedat
1657 2963 1727 3016 ad

116 3032 344 3112 bellum.
383 3037 516 3112 Cum
555 3036 1025 3112 aCC_P|-§_Ill_l)Qlll0
1067 3032 1312 3100 uxorem,
1343 3049 1452 3112 non
1501 3034 1723 3089 accedat

117 3112 189 3160 ad
224 3108 454 3172 bellum,
481 3106 582 3162 nec
613 3108 663 3162 ei
694 3106 840 3162 ullae
860 3107 1208 3175 iniungantur
1239 3107 1590 3160 necessitates
1617 3121 1720 3173 pu-

119 3179 305 3232 blicae
333 3195 349 3243 ;
378 3177 474 3234 sed
511 3177 720 3232 vacaiiit
748 3180 954 3245 absque
981 3178 1139 3244 culpa
1170 3177 1354 3232 domui
1381 3191 1513 3230 suae
1539 3193 1555 3240 ;
1583 3185 1638 3230 ct
1667 3185 1724 3230 ut

120 3264 237 3300 uno
266 3263 417 3302 anno
443 3248 673 3303 laetetur
696 3264 816 3302 cum
848 3261 1018 3301 uxore
1043 3262 1161 3302 sua.

192 3317 292 3373 53.
326 3318 400 3373 Ut
433 3335 538 3372 non
589 3319 894 3373 aciduntur
922 3327 1098 3387 pataes
1147 3335 1242 3387 pro
1293 3317 1443 3387 ﬁliis,
1483 3333 1576 3371 nec
1624 3317 1725 3387 ﬁlii

118 3405 220 3457 pro
249 3389 510 3460 patribus.
541 3391 834 3456 ρυοάίιιοη
879 3389 1199 3444 occidantur
1241 3402 1420 3458 patres
1451 3404 1548 3455 pro
1604 3390 1726 3442 liliis

121 3475 230 3516 nec
263 3461 362 3514 titii
394 3476 493 3530 pro
523 3462 764 3530 patribus
791 3477 804 3525 ;
834 3464 928 3515 sed
960 3460 1328 3528 unusquisque
1354 3474 1454 3529 pro
1500 3467 1724 3529 peccato

118 3544 226 3585 suo
254 3533 544 3585 morietur.

197 3599 302 3673 54..
331 3599 410 3655 De
423 3617 502 3673 eo,
531 3601 618 3673 qui
645 3602 746 3655 vim
776 3617 807 3654 a
838 3599 1247 3672 persecutoribus
1277 3601 1494 3671 patitur,
1522 3609 1579 3654 ut
1605 3617 1723 3673 sus-

121 3672 379 3740 cipiatur.
423 3670 480 3727 Si
510 3670 630 3742 quis
661 3688 766 3726 vnn
798 3670 1298 3742 a'persecutormus
1324 3687 1514 3742 passus
1543 3672 1722 3736 fuerit,

120 3744 459 3812 suscipiatur
502 3755 558 3798 et
605 3745 848 3812 requiem
899 3744 1158 3808 inveniat,
1215 3743 1283 3797 ad
1329 3758 1726 3814 quamcumque

122 3815 418 3868 ecclesiam
455 3816 684 3869 venerit.

194 3883 294 3938 55.
324 3882 404 3958 ιρι
431 3886 666 3958 muliere,
697 3902 828 3958 quae
853 3901 973 3958 cum
996 3884 1105 3939 viro
1131 3900 1224 3958 suo
1265 3901 1368 3958 non
1410 3893 1597 3958 potest
1627 3902 1724 3937 nn-

124 3953 270 4010 bere.
335 3955 392 4010 Si
422 3957 504 4010 vir
533 3966 592 4012 et
635 3953 830 4012 mulier
855 3957 1239 4012 coniunxerint
1268 3971 1328 4010 se
1354 3956 1408 4010 in
1441 3956 1726 4012 matrimo-

125 4028 277 4097 nium
310 4035 370 4080 et
395 4033 581 4097 postea
611 4028 811 4082 dixerit
838 4027 1032 4082 mulier
1057 4027 1126 4081 de
1164 4043 1301 4092 νει-ο,
1335 4043 1444 4081 non
1473 4042 1633 4097 posse
1663 4027 1726 4081 il-

127 4096 238 4150 lum
281 4098 298 4128 ⁸
350 4096 553 4154 nubere
580 4113 701 4153 cum
727 4114 790 4156 ea
816 4115 832 4164 ;
858 4099 904 4152 si
935 4112 998 4152 ea
1028 4097 1228 4168 poterit
1273 4096 1525 4168 probare,
1582 4097 1727 4168 quod

127 4169 441 4240 verumsit,
473 4173 701 4240 accipiat
732 4171 918 4224 alium.

335 4239 405 4294 Ut
429 4235 619 4312 absque
639 4257 894 4297 consensu
920 4240 1147 4312 episcopi
1176 4235 1460 4312 oblationes
1499 4256 1601 4312 non
1631 4256 1725 4293 ac-

127 4310 418 4379 cipiantur.
455 4307 767 4382 Ut'praeter
795 4307 1181 4368 conscientiam
1211 4311 1455 4382 episcopi
1477 4311 1725 4382 ablatio,-

127 4397 224 4435 nes
279 4382 554 4436 fructuum
585 4384 852 4439 ecclesiae
894 4383 1104 4438 debitas
1132 4381 1311 4436 nullus
1341 4382 1426 4434 Vel
1455 4381 1585 4436 dare
1638 4381 1722 4436 vel

127 4452 384 4520 accipere
404 4456 637 4508 audeat.

199 4520 294 4576 57.
328 4523 397 4577 Ut
421 4522 692 4592 presbiteri
717 4523 1092 4580 civitatis‘sine
1112 4523 1256 4577 iussu
1289 4522 1370 4576 sui
1390 4523 1618 4594 episcopi
1649 4526 1722 4578 ni~

131 4593 200 4646 tit
228 4594 466 4648 iubeant.
504 4595 571 4648 tt
598 4597 883 4665 presbiteri
915 4596 1152 4650 civitatis
1177 4594 1295 4648 sine
1317 4594 1467 4648 iussu
1495 4593 1576 4652 sui
1624 4597 1734 4665 epi-

130 4665 284 4789 scogi
321 4665 453 4719 nihil
480 4665 698 4720 iubeant
725 4682 826 4723 nec
866 4667 922 4722 in
950 4679 1278 4734 unaquaque
1309 4667 1597 4735 parrochia
1629 4668 1733 4721 ali-

130 4750 216 4789 qui
279 4746 464 4789 attulit.

129 4746 256 4803 qutd
279 4746 464 4802 agant.

201 4803 296 4860 58.
331 4803 386 4858 Ν
391 4824 419 4860 e
446 4807 715 4878 presbiteri
745 4825 851 4863 rem
880 4809 1131 4862 ecclesiae
1179 4806 1367 4879 absque
1396 4808 1609 4863 licentia
1655 4812 1735 4863 iui

129 4879 364 4946 episcopi
406 4879 655 4933 vendant.
689 4881 755 4936 Ut
794 4881 1078 4950 presbiteri
1125 4894 1239 4934 rem
1289 4879 1555 4934 ecclesiae
1619 4880 1739 4934 sine

136 4955 352 5022 tnzemia
409 4953 494 5005 vel
524 4951 749 5005 scientia
780 4949 861 5006 sui
904 4949 1142 5022 episcopi
1173 4966 1282 5005 non
1339 4951 1574 5005 vendant
1632 4966 1732 5006 nec

133 5019 385 5086 cuiquam
419 5022 673 5077 tribuant.

202 5088 394 5148 59.51'
423 5094 676 5161 presbiter
715 5095 791 5149 rel
823 5095 1074 5148 diaconus
1131 5093 1414 5147 deseruerit
1465 5096 1735 5150 ecclesiam

133 5176 300 5235 suam,
340 5163 652 5231 deponatur.
685 5169 752 5221 ω
790 5168 1056 5234 presbiter
1087 5166 1171 5219 vel
1199 5165 1482 5231 diaconus,
1515 5168 1606 5235 ‘lui
1635 5177 1734 5220 «te-

131 5233 262 5285 serit
293 5235 583 5292 ecclesiam
609 5252 760 5292 suam
792 5233 857 5291 iet
887 5237 954 5290 ad
986 5236 1146 5290 aliam
1170 5236 1471 5306 transierit,
1496 5233 1733 5308 depona-

138 5313 236 5356 ltll'.

201 5371 291 5430 60.
329 5371 408 5429 De
424 5377 722 5445 presbiteris
747 5381 824 5434 vel
851 5379 1150 5433 diaconibus
1169 5388 1256 5431 aut
1280 5377 1680 5434 subdiaconibus
1701 5396 1734 5433 a

136 5446 626 5517 propriisepiscopis
647 5451 1023 5505 exauctoratis.
1054 5448 1123 5505 Ut
1145 5451 1409 5520 presbiter
1441 5452 1523 5506 Vel
1545 5451 1730 5506 diaco-

1791 432 1900 476 ~tns
1935 439 2091 477 suum
2123 422 2481 476 ministerium
2525 420 2749 489 incipiat
2780 433 3133 488 praesumere
3161 422 3207 488 ',
3256 437 3410 490 spem

1812 495 2171 561 restitutionis
2201 508 2306 547 non
2330 492 2546 545 habeat.

1883 563 1971 616 6t.
2015 559 2216 634 Siquis
2245 565 2534 629 episcopus,
2576 559 2851 634 presbiter,
2882 559 3138 634 diaconus
3191 564 3267 617 uel
3289 563 3413 618 sub-

1816 634 2070 688 diaconus
2084 631 2153 687 ad
2168 632 2356 686 bellum
2377 635 2706 704 processerit,
2733 631 3051 704 deponatur.
3070 632 3133 704 Si
3155 634 3279 704 quis
3300 635 3417 702 cpi-

1812 719 2032 768 scapus,
2065 705 2332 773 presbiter
2369 711 2462 755 aut
2501 702 2763 773 diaconus
2785 772 2792 773 ί
2815 703 2907 773 vel
2944 702 3307 773 subdiacnnus
3349 705 3417 757 ad

1816 774 2014 828 bellum
2043 771 2365 844 processerit
2397 781 2454 826 et
2496 787 2651 844 arma
2671 771 2862 844 bellica
2897 771 3117 826 indutus
3148 774 3311 827 fuerit
3348 775 3418 828 ad

1816 839 2263 912 belligerandum,
2305 844 2373 898 ab
2396 842 2542 896 omni
2566 839 2754 912 ollit-ia
2771 841 3104 910 deponatur,
3129 845 3182 898 in
3207 854 3416 899 tantum

1817 923 1874 967 ut
1907 911 2010 970 nec
2048 915 2238 969 laicam
2272 913 2710 967 cnninmnionem
2745 911 2966 966 habeat.
3328 935 3332 940 ί

1887 984 1976 1037 62.
2014 985 2083 1040 Ut
2115 985 2389 1052 iresbiteri
2432 984 2649 1036 alterius
2680 983 2907 1053 regionis
2957 999 3062 1053 non
3117 986 3417 1050 sacriﬁcent

1816 1073 1848 1120 p
1881 1051 2176 1110 aesculibus
2208 1055 2502 1124 presbiteris
2543 1054 2705 1126 ipsius
2736 1051 2990 1126 regionis.
3023 1051 3092 1126 Ut
3134 1059 3418 1126 presbiteri

1817 1127 2042 1181 alterius
2071 1123 2307 1194 regionis
2339 1123 2719 1194 praesentibus
2746 1124 2911 1194 ipius
2941 1123 3177 1193 regionis
3213 1130 3423 1194 pre-hi-

1767 1183 1780 1196 ’
1821 1197 1949 1250 teris
1978 1213 2083 1251 nan
2113 1183 2442 1252 sacriﬁcent.

1891 1267 1981 1322 65.
2017 1267 2095 1321 De
2117 1266 2367 1320 uxoribus
2392 1275 2442 1319 et
2466 1265 2588 1318 uiris
2622 1281 2676 1318 se
2705 1264 3103 1323 dimittentibus.
3139 1268 3208 1324 Ut
3239 1271 3292 1324 hi
3336 1271 3421 1326 vc!

1823 1337 1943 1402 hae,
1971 1340 2061 1404 qui
2085 1354 2282 1392 uxores
2310 1345 2401 1390 aut
2424 1336 2567 1389 viros
2586 1335 2887 1395 dimittunt.
2919 1352 3027 1391 non
3053 1341 3292 1400 inibant;
3325 1343 3421 1396 sed

1822 1418 1914 1462 aut
1957 1410 2302 1464 continentes
2341 1415 2615 1469 maneant,
2650 1414 2745 1458 aut
2793 1406 3010 1462 sibimet
3067 1412 3421 1466 reconcilien-

1823 1487 1927 1532 tur.

1894 1549 1980 1604 ιι.
2019 1549 2095 1604 De
2143 1551 2398 1620 cpiscom’s
2426 1543 2747 1620 litigantibus
2771 1547 2847 1620 vel
2875 1548 3142 1605 iudicatis.
3171 1550 3228 1605 Si
3270 1551 3420 1608 litem

1823 1620 2073 1675 habuerit
2097 1617 2386 1688 episcopus
2429 1633 2552 1674 cum
2593 1617 2698 1671 alio
2723 1618 3002 1688 episcopo,
3035 1635 3142 1675 non
3174 1623 3419 1687 alterius,

1829 1691 1923 1745 sed
1976 1707 2109 1746 suae
2139 1690 2448 1760 provinciae
2498 1689 2702 1760 iudic«_-s
2729 1700 2977 1756 quaerat.
3009 1688 3077 1744 Et
3105 1704 3162 1745 ut
3191 1694 3425 1748 indicato

1832 1763 1884 1814 in
1921 1763 2099 1831 aliqua
2141 1757 2309 1831 causa
2338 1765 2597 1830 episcopo
2629 1757 2793 1831 liceat
2825 1762 3024 1814 iterare
3056 1762 3339 1830 iudicium,
3369 1776 3428 1817 et

1826 1833 1870 1884 si
1909 1827 2133 1889 necesse
2189 1827 2388 1893 fuerit;
2432 1827 2599 1884 libere
2653 1827 2970 1899 episcopum
3013 1831 3167 1888 adire
3224 1827 3424 1890 ltoma-

1900 1975 1988 2028 65.
2032 1976 2107 2026 A'n
2137 1973 2466 2046 liereticohni
2486 1973 2586 2026 llus
2619 1971 3020 2046 benedict'onem
3044 1975 3304 2046 accipiat.
3354 1976 3426 2033 Ut

1827 2052 1894 2098 ali
1927 2045 2167 2100 heretico
2200 2044 2636 2099 benedictionem
2670 2042 2848 2094 nullus
2880 2044 3131 2112 Mcipiat.

1897 2119 1984 2170 liti.
2025 2115 2103 2170 De
2130 2115 2454 2170 orationibus
2483 2114 2550 2166 ad
2585 2113 2793 2166 Patrem
2817 2113 3126 2184 dirigendis.
3155 2117 3223 2170 llt
3245 2119 3428 2172 nullus

1827 2190 1879 2243 in
1927 2189 2175 2257 precibus
2224 2187 2323 2240 nisi
2367 2188 2434 2257 a-l
2488 2184 3335 2257 Patrem‘dirigntoratinnem;
3369 2201 3427 2244 nt

1827 2253 1977 2328 prius
2049 2273 2144 2312 cas
2196 2273 2318 2312 cum
2379 2253 2815 2310 instructionibus
2887 2255 2971 2310 vel
3036 2258 3427 2314 eruditioribus

1827 2337 2040 2384 tractet.
2170 2340 2178 2348 '

1895 2397 1988 2454 67.
2033 2399 2108 2452 De
2141 2397 2437 2470 presbitero»
2461 2397 2526 2448 ab
2554 2397 2660 2470 alio
2688 2403 2929 2470 episcopo
2956 2401 3218 2454 ortinato.
3262 2400 3424 2456 Ordi-

1827 2481 1986 2524 natus
2016 2470 2249 2524 clrricus
2279 2469 2348 2540 ab
2374 2468 2770 2540 alio‘cpiscopo
2790 2512 2804 2534 ,
2840 2468 2946 2524 non
2979 2471 3310 2540 deprecante
3339 2474 3424 2527 νει

1825 2541 2205 2596 consentiente
2225 2538 2347 2600 suo,
2382 2539 2433 2592 in
2463 2537 2610 2592 clero
2644 2537 2750 2594 non
2773 2549 3010 2597 maneat.

1896 2609 1993 2682 68.7
2029 2609 2108 2664 De
2137 2611 2242 2682 illis
2269 2609 2538 2682 presbitexi
2554 2631 2594 2674 ς,
2627 2613 2714 2682 qui
2747 2612 2978 2666 nesciunt
3007 2613 3150 2666 iuxta
3177 2629 3425 2682 praecep-

1826 2691 1932 2734 tnm
1966 2681 2258 2755 Saluatoris
2307 2681 2588 2755 baptizare.
2648 2680 2775 2755 Illos
2821 2699 3013 2738 omnes
3064 2685 3116 2755 ’,
3167 2680 3304 2755 quos
3348 2680 3424 2740 illi

1828 2753 2147 2821 praesbiteri
2180 2751 2612 2824 baptizavcrunt,
2631 2753 2722 2818 qui
2753 2755 3066 2808 nescierunt
3094 2751 3241 2809 iuxta
3272 2773 3423 2824 prae-

1826 2832 2040 2890 ceptum
2064 2823 2268 2878 domini
2292 2823 2578 2894 salvatoris
2599 2825 2770 2877 nostri
2793 2824 2910 2880 Iesu
2932 2825 3126 2880 Christi
3153 2823 3429 2894 baptizare

1827 2909 2004 2963 neque
2048 2903 2269 2948 sanctie
2319 2891 2599 2946 Trinitatis
2656 2895 2866 2950 miStica
2928 2896 3092 2951 ve;ha
3150 2891 3423 2960 invocare,

1829 2975 2117 3034 prupteri-a
2148 2965 2396 3018 iubemus
2424 2978 2518 3017 eos
2548 2964 2832 3032 baptizari,
2863 2967 2990 3034 quia
3021 2967 3139 3022 sine
3172 2967 3278 3024 lite
3303 2985 3429 3024 san-

1828 3043 1948 3090 ctae
1975 3035 2256 3091 't'rinitatis
2282 3042 2410 3088 sunt
2441 3034 2720 3101 baptizati.

1902 3103 1990 3161 69.
2036 3105 2112 3158 De
2130 3105 2310 3180 inissis
2339 3107 2552 3162 nostris.
2578 3107 2813 3180 qualiter
2827 3124 2944 3163 cum
2971 3110 3229 3178 episrop's
3257 3111 3433 3180 singu-

1827 3176 2003 3232 larum
2032 3178 2298 3245 regionum
2328 3191 2467 3247 crca
2495 3178 2743 3230 ecclesias
2788 3177 2882 3234 Dei
2904 3176 3113 3247 eam:
3138 3176 3432 3236 sacerdotes

1769 3283 1772 3287 -
1827 3236 2270 3324 agm__débcant_.
2335 3245 2404 3301 Ut
2444 3248 2593 3300 missi
2639 3249 2808 3324 nostri
2862 3267 2964 3304 una
3013 3236 3133 3305 cum
3163 3252 3436 3324 epist-opis

1829 3320 2067 3392 propriis
2115 3321 2366 3392 magnam
2406 3333 2595 3373 curam
2643 3320 2904 3387 habeant,
2936 3325 3192 3387 quatinus
3219 3320 3436 3378 dirutae

1828 3390 2094 3448 ecclesiae
2141 3390 2372 3453 pleniter
2422 3400 3008 3458 restaurentur‘atque
3049 3403 3332 3458 ornentur,
3376 3403 3436 3448 et

1827 3477 1969 3532 quae
1999 3462 2220 3517 dotatae
2249 3476 2358 3514 non
2387 3468 2514 3516 sunt
2543 3463 2627 3515 vel
2657 3477 2796 3531 quae
2825 3462 3011 3517 dotem
3051 3477 3205 3531 suam
3250 3465 3430 3532 perdi-

1831 3540 1939 3587 tam
1966 3533 2052 3588 vel
2082 3533 2422 3605 subtractam
2449 3532 2668 3605 halent,
2701 3533 2932 3605 pleniter
2948 3542 3013 3587 et
3045 3534 3307 3605 canonice
3334 3533 3434 3589 do-
3465 3545 3468 3548 ’

1831 3613 2047 3670 tentur;
2111 3612 2169 3657 ut
2216 3603 2363 3671 quod
2411 3602 2610 3658 iniuste
2661 3602 3048 3673 pérdideiunt,
3108 3603 3248 3660 iuste
3296 3605 3436 3661 reci-

1830 3691 1999 3800 Ρωδὲ
2019 3746 2118 3807 his,
2149 3744 2440 3816 quiﬁecclesi
2459 3761 2503 3798 ts
2531 3761 2654 3799 suas
2684 3762 2776 3800 nec
2804 3747 2839 3800 d
2861 3755 2990 3800 .tare
3017 3761 3110 3798 nec
3146 3744 3320 3799 dotem
3347 3764 3432 3800 re-

1827 3817 1975 3872 stitui
2000 3815 2194 3870 volunt.
2225 3815 2292 3869 Et
2316 3817 2360 3870 si
2385 3831 2480 3870 eas
2500 3818 2692 3872 dotare
2712 3816 3006 3879 noluerint,
3031 3827 3263 3885 quorum
3283 3827 3432 3884 sunt,

1829 3899 1924 3942 aut
1951 3888 2222 3944 subtracta
2253 3887 2480 3941 reddere
2508 3887 2798 3958 noluerint.
2845 3889 3139 3958 episc0pn+
3181 3889 3431 3957 proprius

1829 3962 1894 4013 ad
1918 3959 2214 4014 dominium
2237 3972 2369 4012 suae
2388 3958 2532 4012 sedis
2552 3957 2812 4013 ecclesias
2833 3956 3051 4014 reviicet
3082 3956 3431 4016 futuris’tem-

1831 4029 2052 4098 poribus
2081 4028 2456 4099 possidendas.
2490 4028 2646 4096 Quod
2677 4031 2719 4083 si
2761 4029 2959 4100 aliquis
3005 4029 3300 4100 liberorum
3346 4030 3430 4084 his

1830 4100 2192 4164 resultaveiit,
2236 4103 2304 4154 ab
2353 4101 2613 4168 episcmio
2653 4099 2895 4157 eiusdem
2929 4101 3031 4156 loci
3063 4099 3322 4168 reliquiae
3361 4115 3428 4154 ex

1830 4172 1913 4226 his
1939 4170 2252 4225 auferantur
2279 4180 2337 4225 et
2362 4171 2414 4225 in
2446 4170 2657 4226 meliori
2696 4171 2818 4227 loco
2847 4179 3140 4242 ponantur,
3179 4182 3239 4225 et
3279 4170 3431 4242 ipsae

1830 4247 2182 4296 destruantur
2209 4242 2292 4296 vel
2323 4250 2653 4296 crementur.

1904 4311 1992 4388 70_.
2035 4311 2115 4388 D_e
2144 4329 2224 4375 eo,
2248 4316 2335 4382 qui
2361 4313 2692 4388 semetipsum
2721 4313 2909 4388 occidit
2926 4324 3026 4388 aut
3045 4318 3227 4388 laqueo
3246 4328 3303 4366 se
3323 4328 3434 4367 sus-

1834 4404 1880 4456 p.
1899 4385 2032 4438 ndit.
2064 4383 2138 4437 De
2169 4399 2257 4446 eo,
2278 4385 2376 4456 qui
2403 4385 2755 4452 semetipsum
2786 4386 2987 4440 occidit
3013 4383 3125 4442 aut'
3148 4387 3344 4456 laqueo
3367 4398 3432 4437 se

1763 4453 1810 4512 Ι)
1834 4449 2133 4536 suspendit.
2163 4449 2563 4536 consideratam
2594 4449 2706 4536 .est,
2727 4533 2734 4536 Δ
2759 4464 2819 4536 ut
2859 4456 2905 4509 si
2945 4457 3067 4536 quis
3094 4449 3437 4536 compatiens

1838 4524 1964 4582 velit
1993 4525 2335 4596 elimosinam
2364 4528 2514 4596 dare,
2542 4524 2742 4579 tribuat
2771 4533 2827 4578 et
2849 4524 3156 4582 orationem
3183 4525 3236 4580 in
3285 4525 3432 4596 psal-

1838 4597 2036 4653 modiis
2062 4597 2239 4650 taciat.
2289 4594 2668 4650 Ohlationibus
2691 4605 2868 4650 tamen
2900 4606 2957 4652 et
2985 4599 3166 4653 missis
3195 4594 3296 4666 ipsi
3336 4609 3432 4666 ca-

1837 4677 2034 4733 reant;
2069 4669 2197 4735 quia
2237 4666 2804 4735 incomprehensibilia
2839 4677 2967 4721 sunt
3014 4665 3223 4724 iudicia
3254 4665 3348 4720 Dei
3376 4673 3434 4720 et

1839 4739 2261 4812 protenditatem
2292 4737 2501 4812 consilii
2530 4739 2652 4812 eius
2675 4752 2838 4812 nemo
2875 4748 3057 4812 potest
3084 4738 3431 4804 investigare.

1913 4810 2002 4863 7t.
2047 4809 2117 4863 L-'t
2161 4810 2345 4863 incesti
2381 4817 2429 4862 et
2457 4807 3034 4878 parricidae-canonice
3077 4817 3431 4865 coerceantur.

1841 4880 1918 4936 De
1961 4881 2284 4935 incestuosis
2309 4888 2366 4934 et
2393 4880 2694 4948 parricidis,
2729 4881 2786 4933 ut
2810 4882 3076 4938 canonice
3101 4882 3435 4937 cohercean-

1846 4964 1961 5019 tur;
1991 4955 2132 5006 sicut
2160 4949 2230 5006 de
2255 4951 2345 5006 illo
2373 4950 2664 5006 iudicatum
2704 4961 2807 5014 est,
2837 4953 2928 5018 qui
2957 4963 3280 5008 materterae
3301 4965 3435 5005 suae

1845 5025 2005 5077 tiliam
2035 5023 2331 5090 stupraiit,
2366 5030 2422 5075 ut
2457 5021 2766 5090 coniugium
2798 5022 2936 5077 ultra
2979 5040 3086 5080 non
3116 5029 3349 5093 repetat,
3377 5030 3438 5076 et

1843 5094 2068 5148 militiae
2095 5093 2368 5162 cingulum
2417 5093 2776 5161 derelinquat,
2818 5102 2873 5148 et
2905 5106 3000 5150 aut
3043 5093 3432 5152 monasterium

1843 5174 2013 5236 petat,
2038 5174 2132 5218 aut
2159 5167 2202 5218 si
2234 5163 2366 5218 l'oris
2391 5179 2674 5219 remanere
2697 5166 2949 5236 voluerit,
2975 5177 3219 5236 tempora
3248 5162 3444 5235 poeni:

1846 5235 2048 5291 tentiae
2075 5236 2372 5291 secundum
2395 5249 2633 5290 canones
2656 5235 2885 5305 pleniter
2911 5235 3178 5292 exsolvat.

1919 5308 2006 5359 72.
2053 5306 2122 5360 Ut
2164 5324 2258 5361 nec
2298 5323 2331 5359 a
2377 5306 2398 5336 ‘
2437 5306 2624 5361 clerico
2666 5307 2924 5376 [ilactcria
2958 5325 3050 5364 nec
3081 5307 3146 5362 ab
3175 5308 3284 5362 ullo
3303 5305 3412 5376 [ian

1838 5379 2143 5434 christiano.
2177 5377 2445 5433 Utclerici
2471 5378 2553 5433 vel
2584 5375 2701 5432 laici
2734 5377 2993 5434 lilacteria
3029 5379 3112 5432 vel
3143 5379 3306 5434 falsas
3344 5375 3425 5429 in-

1839 5451 2163 5520 scriptiones
2185 5450 2205 5480 ⁵
2232 5459 2325 5504 aut
2352 5449 2629 5520 ligaturas,
2657 5463 2800 5520 quae
2848 5450 3200 5520 inprudentes
3229 5463 3328 5520 pro
3355 5452 3433 5501 te-

1363 5584 1522 5637 VA-P'
1543 5583 1758 5639 \NTES
1796 5583 2202 5640 LECTIONES.

206 5694 218 5724 '
244 5693 389 5748 deest
417 5695 482 5752 εἷ.

143 5767 343 5837 ptioncs
365 5764 430 5821 (ἰ.

563 5701 580 5731 ί
610 5715 660 5758 e.
691 5701 866 5755 sancti
915 5699 1198 5756 ministerii
1238 5698 1475 5756 cilicium
1507 5702 1519 5755 i
1548 5740 1557 5751 .
1588 5716 1730 5771 pinu
1754 5721 1782 5768 ι,

1931 5699 1992 5755 C.
2073 5701 2090 5732 ³
2121 5699 2370 5758 homines
2412 5699 2556 5755 Colb.
2594 5700 2693 5756 Til.
2776 5702 2875 5760 l“ut
2920 5718 2991 5759 nc
3019 5702 3087 5760 cl.
3121 5700 3184 5755 6‘.
3266 5702 3433 5756 ’scri-
