3828 6214
69 227 176 280 τσπ

535 216 686 273 COD.
730 213 1002 270 DIPLOM.
1043 242 1112 252 —
1143 210 1504 267 BENEDICTI
1543 209 2062 267 CAPITULARIUM
2102 210 2507 268 COLLECTlO.
2537 242 2606 252 —-
2631 211 2759 266 LIB.
2800 212 2863 266 ll.

3266 215 3371 269 76ίῖ

74 344 160 394 mli
193 335 430 407 periculo
459 333 752 407 subiaceat.
789 329 882 384 Sin
908 336 1095 407 autem
1122 328 1505 407 contumeliam
1538 336 1654 382 tan-
1685 334 1732 392 Α
1763 333 1820 382 et
1850 331 2195 399 postmodum
2230 332 2604 407 poenitentiae
2635 330 2876 407 remedia
2905 345 3014 385 non
3065 332 3370 407 requirunt,

71 400 417 468 tum'fecerit,
450 401 732 456 tormentis
759 410 812 455 et
835 401 998 454 exilio
1029 400 1292 452 tradatur.

131 479 270 532 130.
317 473 395 530 Ne
420 473 594 540 ﬁdeles
622 488 684 524 ea:
727 471 941 538 propria
969 470 1423 539 consanguinitate
1469 485 1655 522 uxores

71 554 306 609 durant;
344 560 427 598 nec
450 543 549 605 illi,
579 542 664 610 q-ti
707 541 902 594 dudum
932 541 1143 593 minime.
1172 551 1454 610 nupserunt
1479 579 1494 602 ,
1545 540 1657 593 sine

73 616 421 674 cesiedictiune
447 609 728 665 sacerdotis
756 612 939 664 nubere
956 621 1310 679 praesumant.
1331 609 1621 665 Christiani
1641 611 1655 639 ι

71 710 130 744 ex
164 683 567 759 propinquitate
605 682 685 736 sui
722 682 998 759 sanguinis
1029 696 1194 750 usque
1223 683 1306 759 ab.
1321 681 1614 759 septimum
1638 681 1656 710 ¹

68 750 295 827 eadunt
334 750 592 827 connubia
624 767 729 827 non
771 753 996 827 ducant;
1037 765 1214 827 neque
1263 751 1383 804 sine
1415 750 1658 827 benedi-

74 822 248 886 ctione
279 825 594 890 sacerdotis,
626 823 717 893 qui
745 831 870 877 ante
894 822 1100 892 innupti
1129 829 1306 883 erant,
1337 823 1542 875 nubere
1568 835 1661 874 au-

69 905 248 955 deant.

138 961 262 1023 151.
313 972 384 1020 De
420 981 522 1019 non
563 962 867 1033 recipiendis
892 961 1075 1015 alienis
1125 961 1525 1029 paenitentibus.
1555 959 1655 1027 Qui

73 1059 161 1109 pro
192 1039 393 1092 delicto
422 1051 520 1090 suo
544 1051 573 1088 a
604 1035 985 1109 communione
1008 1041 1346 1109 separantur,
1373 1033 1584 1109 placuit
1601 1042 1660 1085 ut

71 1101 114 1163 in
143 1110 571 1178 quibuscumque
601 1105 733 1158 locis
759 1102 969 1156 fuerant
999 1101 1223 1165 exclusi,
1258 1102 1310 1155 iit
1337 1103 1542 1156 eisdem
1573 1105 1656 1156 lo-

67 1184 138 1237 cis
162 1177 605 1234 communionem
630 1182 1052 1242 consequantur.
1110 1229 1118 1237 .

135 1251 256 1304 13-3.
307 1247 374 1302 Ut
424 1261 528 1299 non
584 1247 736 1299 liceat
785 1244 1030 1298 clericum
1075 1242 1150 1295 vel
1202 1243 1511 1297 monac/ium
1544 1245 1658 1298 sine

69 1322 279 1390 epistola
306 1317 529 1390 episcopi
577 1316 656 1390 sui
688 1315 966 1390 proficisci.
1009 1311 1344 1390 Clericisvel
1374 1315 1656 1390 trioriacliis

69 1384 176 1446 sine
230 1384 688 1444 commendatitiis
735 1385 978 1455 epistolis
1016 1384 1257 1454 episc0pi
1305 1386 1388 1439 sui
1434 1385 1654 1439 licentia

73 1478 167 1516 non
201 1468 390 1528 pateat
417 1457 699 1526 evagandi.

135 1523 253 1584 153.
300 1528 382 1582 De
407 1523 608 1583 dotibus
647 1534 697 1580 et
736 1524 954 1594 publicis
1003 1525 1215 1595 nuptiis.
1267 1523 1485 1579 Nullum
1535 1525 1656 1580 sine

74 1604 187 1657 dote
207 1602 302 1653 tiat
334 1598 670 1666 coniugium;
723 1612 824 1652 nec
851 1597 967 1651 sine
995 1596 1220 1666 publicis
1263 1597 1463 1665 nuptiis
1509 1599 1656 1666 quis-

73 1688 223 1741 quam
245 1670 454 1741 nubere
475 1679 807 1741 praesumat.

134 1739 254 1794 154.
305 1738 385 1792 De
408 1735 556 1791 rebus
585 1738 833 1791 ecclesiae
853 1735 1038 1792 ablatis
1060 1745 1145 1789 aut
1176 1735 1436 1860 fraudatis
1465 1739 1541 1791 vel
1566 1753 1651 1792 re-

134 1814 234 1860 m‘s.
261 1810 321 1860 Si
353 1811 472 1860 uuis
499 1810 885 1860 cuiuscumque
911 1823 1170 1860 munuscu
1196 1825 1224 1860 a
1253 1807 1515 1860 ecclesiae
1531 1823 1651 1860 san-

77 1814 234 1867 tentis.
261 1810 321 1864 Si
353 1811 472 1877 quis
499 1810 885 1877 cuiuscumque
911 1807 1224 1877 tnunuscula
1253 1807 1515 1862 ecclesiae
1531 1823 1657 1862 san-

76 1886 163 1937 ctis
212 1876 604 1946 scripturarum
652 1876 820 1931 titulis
865 1879 1058 1932 collata
1106 1876 1310 1932 nefaria
1361 1878 1658 1932 calliditate

75 1951 360 2010 abstulerit,
397 1947 744 2018 fraudaverit,
773 1949 1052 2012 inmiserit,
1083 1952 1442 2003 rctcntaverit
1490 1959 1656 2019 atque

77 2023 418 2092 suppresserit
448 2020 467 2050 ³
500 2028 554 2092 et
585 2035 691 2092 non
717 2019 899 2092 statim
925 2035 953 2088 a
982 2019 1268 2092 sacerdote
1288 2022 1654 2092 connnonitos

80 2089 174 2148 lleo
199 2092 397 2147 collata
427 2090 743 2158 reddiderit,
768 2091 836 2144 ab
864 2091 1124 2145 ecclesiae
1168 2089 1470 2145 catholicae
1499 2106 1653 2145 com-

81 2163 315 2218 munione
339 2162 589 2230 pellatur.

1762 416 2205 456 connnnn:onem
2259 403 2474 469 penitus
2517 418 2623 456 non
2657 403 2964 470 accipiant;
3023 415 3163 468 quos
3207 404 3368 456 etiam

1764 470 2011 524 iubemus
2039 470 2108 524 ad
2138 473 2425 526 clericatus
2453 472 2693 525 oflicium
2723 487 2830 525 non
2862 471 3096 525 admitti.

1805 540 1958 593 'H‘Z.
2008 540 2082 594 De
2113 544 2596 597 cacommuniratis.
2653 543 2708 596 Si
2757 541 2880 610 quis
2908 557 2938 594 a
2990 541 3370 596 communione

1761 611 2092 665 sacerdotali
2125 613 2284 666 fuerit
2313 614 2640 667 auctoritate
2668 627 2963 679 suspensus
2985 649 3004 677 ,
3063 611 3209 666 lunic
3262 628 3370 664 non

1764 683 1938 733 solum
1957 696 1986 734 a
2004 681 2350 746 clericorum,
2373 681 2469 736 sed
2487 684 2650 736 etiam
2669 698 2698 736 a
2715 683 2878 736 tOtius
2901 682 3373 750 populicolloquio

1763 760 1928 818 atque
1951 752 2202 808 convivio
2234 753 2436 822 placuit
2463 753 2701 818 excludi,
2728 755 2904 808 donec
2933 752 3259 821 resipiscens
3301 754 3370 806 ad

1762 823 2053 880 sanitatem
2084 825 2264 877 redire
2291 823 2534 878 festinet.
3343 881 3347 885 ,

1838 892 1961 948 145.
2005 891 2092 947 Ne
2119 894 2314 948 iudices
2364 894 2686 962 perﬁdorum
2723 909 2964 946 excessus
3011 892 3204 962 absque
3250 909 3371 960 pro-

1764 964 1996 1029 priorum
2046 967 2372 1018 sacerdotum
2427 963 2644 1018 consilio
2711 965 2962 1017 iudicett.
3031 963 3108 1017 Ne
3165 963 3370 1017 iudices

1762 1035 2054 1101 quicquam
2086 1035 2154 1088 de
2178 1035 2506 1103 perfidorum
2539 1034 2858 1088 excessibus
2913 1045 3068 1088 extra
3115 1036 3369 1088 sacerdo-

1765 1113 1875 1157 tum
1905 1104 2268 1158 cohibentiam
2305 1104 2542 1158 iudicare
2573 1113 2944 1169 praesumant.

1837 1173 1959 1228 Ml.
2002 1173 2079 1227 De
2107 1192 2187 1241 ex,
2211 1175 2358 1228 ositis
2386 1173 2677 1244 infantibus
2709 1191 2770 1226 ac
2805 1175 3110 1228 collectione
3159 1190 3364 1228 eorum.

1765 1244 1820 1299 Si
1843 1245 2120 1314 expositus
2147 1254 2272 1299 ante
2293 1247 2578 1301 ecclesiam
2620 1245 3181 1313 cuiuscunqnefuerit
3207 1245 3370 1314 mise-

1764 1316 1977 1370 ratione
2016 1317 2314 1380 collectus,
2372 1315 2786 1370 comestationis
2843 1323 3012 1384 pOnat
3055 1315 3366 1383 epistolam.

1763 1385 1831 1440 Et
1858 1387 1905 1440 si
1935 1387 2001 1448 is,
2033 1387 2122 1454 qui
2156 1387 2418 1442 collectus
2473 1393 2578 1452 est,
2608 1385 2750 1438 intra
2773 1384 2962 1439 decem
3009 1385 3124 1439 dies
3153 1385 3366 1454 quaesi—

1764 1466 1853 1512 tus
1872 1459 2196 1526 agnitusque
2225 1472 2334 1510 non
2365 1457 2526 1510 fuerit
2552 1497 2569 1524 ,
2619 1469 2846 1510 securus
2895 1457 3089 1509 habeat
3117 1456 3210 1525 qui
3253 1455 3372 1510 col-
3409 1506 3411 1509 .

1763 1527 1910 1595 legit.
1931 1527 2074 1582 Sane
2093 1526 2183 1596 qui
2209 1537 2331 1596 post
2352 1527 2686 1595 praedictum
2712 1535 2925 1595 tempus
2936 1530 3054 1580 eius
3067 1527 3358 1580 calumnia-

1764 1609 1848 1652 tor
1876 1595 2140 1663 extiterit,
2187 1606 2245 1652 ut
2302 1595 2570 1652 homicida
2622 1596 2989 1651 ecclesiastica
3031 1598 3370 1651 districtione

1693 1691 1730 1748 Β
1762 1669 2302 1748 dant-nabi_t_ur,‘sicut
2340 1678 2552 1748 patrum
2581 1671 2763 1748 sanxit
2786 1669 3105 1748 auctoritas.

1833 1739 1957 1792 145.
2001 1738 2078 1791 De
2099 1739 2302 1792 clericis
2333 1738 2737 1809 relinquentibus
2759 1738 2984 1807 officium
3014 1754 3182 1809 suum,
3207 1746 3270 1809 et,
3297 1738 3366 1789 ad

1758 1813 2019 1863 seculares
2040 1807 2487 1880 confugientibus.
2506 1807 2730 1870 Placuit;
2747 1819 2806 1862 ut
2828 1809 3080 1880 clericus.
3106 1808 3150 1861 si
3178 1808 3369 1880 relicto

1759 1881 1940 1934 otlicio
1967 1896 2068 1935 suo
2109 1878 2330 1950 propter
2359 1880 2751 1934 districtionem
2799 1879 2866 1950 ad
2911 1880 3214 1933 secularem
3258 1878 3368 1950 for-

1762 1962 1902 2004 tasse
1924 1953 2231 2020 confugerit
2257 1958 2315 2004 et
2357 1950 2610 2003 solatium
2663 1951 2712 2004 ei
2744 1949 3075 2007 defensionis
3121 1951 3226 2003 iste
3265 1949 3366 2002 itu-

1760 2021 2030 2092 penderit,
2063 2037 2186 2075 cum
2211 2021 2406 2077 eodem
2431 2022 2500 2074 ab
2525 2021 2794 2076 ecclesiae
2821 2022 3207 2074 communione
3245 2022 3364 2090 pel-

1758 2093 1926 2146 latttr.

1830 2163 1951 2216 Mli.
2001 2161 2069 2215 Ut
2100 2175 2247 2217 servo
2262 2179 2365 2216 non
2388 2163 2650 2226 credatur,
2676 2162 2720 2216 si
2742 2179 2905 2232 super
2928 2163 3195 2215 dominum
3215 2177 3367 2216 suum

138 2233 253 2286 155.
297 2229 368 2286 Ut
400 2247 546 2284 nemo
582 2247 666 2285 res
696 2229 959 2298 ecclesiae,
990 2231 1090 2284 nisi
1114 2231 1200 2285 cui
1238 2231 1349 2284 iure
1371 2231 1616 2283 debtntur
1636 2272 1653 2297 ,

82 2306 121 2355 in
145 2301 440 2372 quibuslibet
471 2301 766 2372 regionibus
796 2302 1023 2365 iacentes
1053 2316 1336 2369 competere
1364 2303 1552 2354 audeat
1579 2302 1656 2355 vel

84 2386 250 2428 tenere.
276 2371 348 2427 Ut
377 2371 556 2426 nullus
590 2373 966 2441 episcoporum
1007 2382 1098 2425 aut
1126 2372 1410 2426 cuiuslibet
1452 2372 1655 2426 ordinis

83 2445 289 2498 clericus
343 2443 429 2496 vel
459 2444 563 2495 alia
619 2456 991 2511 quaecumque
1037 2457 1268 2511 persona
1325 2442 1656 2510 quibuslibet

82 2513 457 2568 conditionibus
484 2527 578 2566 seu
609 2513 663 2568 in
716 2529 822 2565 uno
857 2527 1030 2584 regno
1055 2528 1153 2569 seu
1185 2513 1236 2566 in
1292 2512 1400 2566 alio
1447 2512 1656 2581 positas

86 2586 277 2638 alterius
314 2584 703 2652 cuiuscumque
756 2582 1022 2637 ecclesiae
1078 2599 1166 2638 res
1214 2591 1310 2636 aut
1361 2591 1513 2650 petat
1564 2591 1656 2636 aut

88 2663 368 2721 praesumat
396 2655 669 2722 accipere.
686 2652 839 2719 Quod
861 2653 904 2706 si
929 2653 1138 2720 fecerit,
1161 2653 1362 2708 tamdiu
1393 2655 1656 2707 habeatur

87 2742 109 2774 ιι
131 2725 499 2778 communione
526 2723 788 2778 ecclesiae
828 2724 909 2778 vel
936 2726 1003 2778 ab
1038 2726 1280 2778 omnium
1314 2723 1536 2776 fratrum
1591 2738 1656 2778 ac

92 2796 290 2846 liliormn
324 2794 552 2847 caritate
591 2809 883 2862 suspensus
913 2835 929 2859 ,
982 2794 1157 2850 donec
1198 2797 1312 2863 ipse
1355 2794 1652 2860 ecclesiae,

88 2865 215 2917 cuius
240 2864 448 2924 directo
478 2865 670 2918 ordine
695 2865 828 2919 iuris
864 2873 949 2919 est
989 2865 1167 2919 ablata
1196 2865 1401 2933 legions
1428 2906 1444 2931 ,
1497 2865 1657 2920 resti-

95 2943 204 2987 tuat.
279 2982 284 2987 .
617 2973 620 2976 .
1567 2963 1585 2981 .

148 3004 254 3058 l36.
299 3002 374 3058 De
404 3005 484 3058 liis
509 3007 595 3074 qui
636 3005 902 3078 facultates
931 3006 1176 3060 ecclesiae
1220 3008 1482 3077 delegatus
1508 3009 1657 3078 aufe-

91 3086 187 3127 runt
209 3079 280 3129 vel
307 3056 584 3130 retentant.
621 3056 696 3130 ibe
723 3078 809 3130 cui
843 3077 999 3130 liceat
1020 3093 1107 3131 res
1134 3077 1216 3130 vel
1261 3056 1543 3133 facaultates
1560 3056 1652 3132 έρε-
1685 3056 1730 3118 C

94 3147 242 3199 clesiis
266 3155 356 3200 aut
387 3147 732 3202 monasteriis
765 3148 847 3201 vel
895 3148 1243 3202 xenodochiis
1270 3162 1367 3217 pro
1395 3164 1648 3215 quacum-

95 3233 176 3283 que
199 3218 470 3271 elimosina
503 3232 627 3272 cum
657 3219 858 3272 iustitia
881 3218 1155 3286 delegatas
1198 3228 1490 3280 retentare,
1524 3221 1657 3273 alie-

96 3301 217 3351 nare,
246 3298 404 3356 alque
427 3288 771 3342 subtrahere.
790 3288 944 3354 Quod
969 3289 1010 3341 si
1034 3289 1154 3356 quis
1169 3289 1375 3353 fecerit,
1401 3299 1655 3358 tanquam

100 3365 314 3410 necator-
342 3373 641 3427 pauperum
672 3359 1012 3428 antiquorum
1057 3375 1118 3412 ca
1145 3374 1326 3413 tonum
1373 3362 1659 3415 sententiis

99 3428 390 3500 constrictus
419 3431 488 3482 ab
516 3431 781 3484 ecclesiae
809 3429 1080 3484 liminibus
1104 3431 1446 3495 excludatur,
1475 3445 1662 3500 quam-

99 3497 169 3618 3m
187 3497 248 3618 lab
268 3498 383 3569 ipso
427 3513 679 3571 ea,quae
721 3510 850 3555 sunt
895 3499 1071 3555 ablata
1102 3511 1198 3555 aut
1244 3510 1454 3556 retenta
1477 3497 1507 3569 ,‘
1535 3503 1656 3556 red-

129 3582 181 3618 .m
207 3583 279 3618 ur.

129 3576 279 3620 .tnltlr.

98 3649 103 3655 '
131 3636 266 3714 _157.
303 3637 372 3714 Ut
398 3641 565 3714 socios
605 3656 726 3714 suos
774 3641 1021 3714 nominet,
1053 3644 1193 3711 apud
1223 3658 1372 3714 quem
1423 3659 1541 3710 pars
1566 3659 1658 3696 ra-

103 3708 226 3774 pinae
247 3711 395 3782 fuerit
424 3711 653 3782 inventa.
688 3711 842 3782 Apud
861 3726 1022 3780 quem
1047 3708 1245 3767 scelus
1265 3708 1576 3781 agnoscitur
1604 3723 1661 3769 et

103 3793 202 3842 pars
223 3781 436 3848 rapinae
460 3781 620 3836 fuerit
641 3781 874 3845 inventa,
908 3784 1088 3838 statim
1128 3787 1309 3839 socios
1334 3800 1462 3838 suos
1489 3785 1662 3838 nomi-

104 3861 454 3924 narecogatur.
479 3854 634 3918 Quod
657 3853 700 3907 si
727 3854 1008 3908 nominare
1030 3853 1283 3922 noluerit,
1313 3864 1564 3910 teneatur
1591 3856 1660 3911 ad

110 3919 376 3974 vindictam.

160 3987 265 4066 158.
305 3989 382 4045 De
419 3993 501 4047 liis
545 3995 632 4062 qui
674 3993 969 4066 diripienda
1009 3994 1242 4050 indicare
1269 3995 1654 4067 repperiuntur.

107 4056 403 4138 Quicumque
431 4056 696 4133 ingenuus
731 4056 813 4120 vel
843 4081 1031 4121 servus
1056 4067 1260 4135 aliquid
1292 4056 1659 4138 diripiendum

111 4129 400 4210 indicaverit,
433 4129 512 4188 ut'
529 4139 918 4210 cuiuscumque
947 4151 1033 4190 res
1056 4129 1381 4210 evertatur,
1400 4129 1512 4192 'aut
1562 4155 1658 4210 pe-

109 4201 305 4277 cora_vel
331 4204 567 4277 iumenta
591 4201 933 4277 diripiantur,
960 4214 1014 4260 et
1039 4223 1101 4261 ex
1131 4211 1235 4264 hoc
1253 4201 1416 4263 certis
1461 4201 1658 4277 proba-

112 4269 540 4348 tioiiibos‘publice
568 4269 846 4333 convictus
877 4269 1210 4342 inveniatur,
1257 4295 1354 4347 pro
1383 4269 1475 4334 eo'
1515 4284 1658 4348 quod

113 4340 399 4464 εὲξῧνῗτίι,
423 4355 639 4402 centum
677 4348 859 4417 viginti
888 4348 1095 4418 flagella
1154 4340 1371 4419 publice
1400 4340 1659 4406 extensus

117 4426 122 4433 ’
258 4429 281 4463 il
314 4452 326 4464 .

115 4422 326 4474 accipiat.

170 4477 275 4533 159.
317 4483 609 4542 Utabbates
637 4489 692 4542 in
721 4493 830 4544 eius
859 4491 1050 4557 episco;
1068 4490 1108 4556 i,
1135 4491 1190 4544 in
1214 4492 1357 4545 cuius
1382 4493 1658 4556 parrochia

115 4558 224 4635 fitfit.
248 4565 485 4635 potestate
513 4562 808 4628 persis'ant.
842 4562 1078 4616 Abbates
1108 4576 1208 4631 pro
1239 4563 1541 4618 humilitate
1569 4581 1658 4619 re-
1699 4575 1706 4580 ‘

117 4620 290 4701 ligionis
311 4626 361 4679 in
390 4620 768 4701 episcoporum
821 4620 1448 4699 potestate-consistant.
1506 4635 1574 4688 Et
1614 4635 1659 4690 si

117 4689 376 4774 quiilflira
407 4689 644 4774 resula'm
681 4689 926 4767 fecer-Ml.
959 4705 1024 4757 ab
1057 4705 1332 4774 episcopis
1382 4689 1656 4773 corl'lga'l'

119 4767 202 4847 ltil-
222 4759 310 4828 Qui
341 4759 503 4847 seruet
528 4773 581 4825 in
607 4789 750 4847 anno
780 4777 830 4827 in
871 4759 1011 4847 loco,
1041 4759 1128 4829 ubi
1162 4759 1445 4846 episcopus
1479 4759 1660 4847 elege-

120 4837 190 4890 ιη,
215 4845 417 4899 accepta
453 4844 739 4898 vocatione
767 4845 1107 4899 conveniant.

148 4898 279 4986 :MO.
320 4898 520 4986 Utriull
542 4931 585 4965 is
614 4916 896 4968 monachus
947 4898 1206 4986 relinquat
1229 4933 1376 4970 suum
1403 4929 1666 4974 monaste-

123 4982 296 5056 {lillllfl
328 4981 479 5056 cellas
529 4996 796 5056 coiturum
826 4987 937 5040 sine
980 4981 1204 5056 episi'opi
1237 4989 1312 5042 vel
1344 4989 1545 5044 abbatis
1585 4993 1665 5046 sui

128 5040 310 5128 ξ’ἶῗῖῗὲίιξο
342 5049 417 5128 Ul
454 5054 633 5110 nullus
677 5060 971 5111 monachus
1005 5040 1428 5126 congi'egttlioné
1464 5040 1666 5116 illam;

127 5116 246 5199 fierit
268 5117 511 5177 derelima
541 5127 852 5199 ambitionis
896 5137 989 5182 aut
1031 5116 1280 5184 vanitatis
1307 5130 1520 5199 inpulsu
1551 5134 1666 5188 cel-
1693 5169 1706 5180 .

128 5174 528 5270 lq‘lfz'lhl‘alllllslruere
554 5197 673 5252 sine
693 5199 927 5270 episcopi
960 5174 1315 5269 permissioue
1348 5174 1432 5258 vrel
1455 5174 1666 5260 561.3133

131 5259 461 5335 autvoluiitate
485 5259 813 5335 praesumat.

321 5318 1054 5415 De.amantia—Quicumque
1102 5350 1228 5411 post
1273 5353 1494 5400 sanctae
1542 5346 1668 5402 reli-

133 5399 270 5451 's'lonis
293 5399 676 5469 professionem
701 5399 804 5481 apo
837 5399 1034 5469 tant'et
1061 5399 1127 5466 ait
1157 5417 1401 5471 secutum
1434 5399 1666 5471 redeunt
1780 5399 1972 5474 "—1-54.
2019 5417 2100 5476 De
2121 5419 2418 5490 presbiteris
2445 5420 2527 5476 cel
2555 5421 2862 5476 diaconibus
2888 5422 3000 5476 sine
3027 5420 3252 5491 episcopi
3295 5419 3382 5473 sui

1310 5532 1707 5590 VABIANTES
1747 5535 2154 5596 LECTIONES.

179 5625 384 5756 ἐιίὶἒάῖᾶθὶ
407 5641 460 5697 in
482 5643 562 5700 tit.
596 5636 877 5718 L.ll"isig.
977 5654 993 5679 ³
1024 5657 1237 5706 sextum
1270 5649 1331 5706 L.
1373 5651 1560 5730 πεδία.
1652 5654 1668 5682 ³
1700 5656 2000 5728 abrcpscrit
2029 5655 2149 5714 Bal.
2253 5661 2272 5690 ⁸
2306 5676 2356 5715 a.
2390 5661 2570 5718 Cilllsls
2601 5671 2638 5716 t.
2675 5662 2792 5717 Bal.
2850 5663 2894 5738 f‘
2920 5679 2972 5734 q.
3007 5661 3280 5732 exemptio
3311 5658 3371 5716 α,

1757 2234 1834 2286 υ.ι
1864 2249 2016 2302 super
2047 2233 2208 2287 alium
2238 2233 2455 2287 liberum
2484 2236 2678 2286 crimen
2702 2234 2956 2287 iniecerit.
2983 2234 3153 2287 Servo
3177 2233 3367 2302 poeni-

1759 2313 1846 2358 tus
1873 2320 1981 2358 non
2008 2305 2268 2358 credatur
2284 2307 2328 2357 si
2361 2319 2522 2370 super
2568 2307 2802 2371 aliquem
2833 2306 3040 2358 crimen
3094 2304 3367 2369 iniecerit,

1758 2384 1854 2428 aut
1881 2377 1923 2428 si
1971 2375 2140 2428 etiam
2172 2375 2454 2430 dominum
2506 2390 2663 2427 suum
2696 2375 2748 2427 in
2779 2375 3005 2428 crimine
3050 2375 3365 2443 inpetierit;

1759 2461 1884 2498 nam
1916 2446 2130 2500 etiamsi
2165 2449 2217 2500 in
2248 2447 2536 2501 tormentis
2581 2445 2789 2513 positus
2817 2456 3058 2514 exponat
3079 2447 3221 2513 quod
3248 2445 3365 2498 obi-

1758 2518 1854 2580 cit,
1883 2516 2028 2570 credi
2067 2525 2247 2571 tamen
2280 2517 2352 2570 illi
2387 2517 2537 2570 nullo
2569 2516 2731 2568 tnodo
2761 2516 3059 2581 oportebit.

1832 2585 1953 2640 M7.
1999 2585 2068 2640 Ut
2096 2595 2246 2641 testes
2276 2603 2337 2640 ea
2369 2597 2564 2640 tantum
2610 2587 3129 2656 lesti/icentur,quac
3160 2587 3213 2639 in
3241 2602 3366 2640 con-

1759 2674 1782 2710 s
1820 2674 1877 2710 ec
1900 2675 1932 2710 u
1969 2673 2145 2711 eorum
2177 2671 2293 2711 actu
2321 2673 2435 2711 esse
2455 2672 2522 2709 no
2552 2666 2754 2709 cuntur.
2800 2658 2993 2711 'I'estes
3027 2673 3134 2711 non
3169 2659 3368 2712 absen-

1761 2737 1844 2781 tes
1869 2743 2046 2796 neque
2075 2742 2174 2797 per
2222 2729 2508 2798 epistolam
2563 2728 2937 2782 testimonium
2997 2729 3213 2789 dicant;
3273 2727 3368 2782 sed

1760 2809 2074 2868 praesentes
2101 2814 2263 2866 quam
2310 2809 2578 2852 noverunt
2625 2807 2679 2850 et
2717 2799 2969 2851 viderunt
3014 2813 3120 2851 non
3152 2805 3370 2852 taceant

1763 2867 2068 2922 veritatem.
2099 2869 2208 2923 Nec
2239 2871 2307 2924 de
2335 2871 2456 2923 aliis
2495 2868 2517 2900 ‘
2559 2867 2926 2923 testimonium
2984 2870 3211 2931 dicant,
3267 2868 3368 2921 nisi

1759 2939 1826 2993 dc
1855 2941 1936 2994 his
1997 2941 2409 3008 tantunnnodo,
2464 2955 2609 3010 quae
2659 2942 2760 2993 sub
2817 2947 3128 3009 praesentsa
3180 2955 3370 2993 eorum

1762 3021 1883 3064 acta
1914 3026 2035 3066 esse
2065 3022 2385 3065 noscuntur.
3456 3015 3458 3017 ’

1835 3079 1957 3135 148.
2003 3082 2192 3148 Quales
2223 3083 2441 3136 debeant
2486 3082 2776 3150 scripturae
2800 3081 2988 3134 valere.
3047 3079 3370 3148 Scripturae

1760 3167 1902 3218 quae
1929 3154 2073 3207 diem
2100 3163 2155 3207 et
2183 3167 2383 3206 annum
2415 3153 2705 3207 habuerint
2725 3153 3008 3206 evidenter
3021 3167 3364 3220 espressum,

1759 3231 1925 3291 atque
1951 3224 2252 3279 secundum
2286 3225 2416 3291 legis
2455 3222 2702 3277 ordinem
2747 3226 3094 3292 conscriptae
3123 3237 3244 3277 esse
3271 3237 3368 3276 no-

1757 3304 2000 3356 scuntur,
2027 3310 2123 3348 seu
2157 3294 2456 3348 conditoris
2481 3294 2567 3347 vel
2599 3294 2814 3347 testium
2846 3292 3048 3348 fuerint
3076 3293 3246 3360 signis
3273 3300 3369 3346 aut

1761 3365 2247 3434 SllllSCf'lpllOIllbUS
2271 3367 2580 3428 roboratae,
2613 3367 2762 3417 onmi
2795 3363 3110 3418 habeantur
3138 3364 3368 3417 stabiles

1763 3437 2037 3490 firmitate.

1834 3505 1957 3561 HO.
2002 3505 2080 3559 De
2120 3507 2287 3576 pactis
2321 3513 2370 3559 et
2416 3507 2621 3576 placitis
2650 3507 3035 3576 consvrrandis.
3071 3503 3237 3559 Pacta
3286 3503 3374 3558 vel

1761 3577 1979 3646 placita,
2011 3575 2154 3646 quae
2205 3592 2300 3646 per
2345 3575 2644 3646 scripturas
2682 3575 2919 3644 legitime
2957 3593 3021 3630 ac
3077 3577 3372 3630 iustissime

1763 3647 1903 3701 facta
1928 3658 2072 3712 sunt,
2103 3647 2398 3701 dummodo
2429 3648 2480 3700 in
2526 3648 2608 3702 his
2657 3647 2772 3700 dies
2813 3648 2898 3700 vel
2946 3661 3123 3700 annus
3153 3647 3222 3699 sit
3261 3648 3374 3701 evi-

1761 3718 1955 3772 denter
1982 3733 2293 3786 espressus,
2319 3718 2627 3772 nullatenus
2678 3717 2949 3770 immutari
2981 3718 3366 3783 permittimus.

1837 3789 1959 3842 150.
2003 3789 2199 3843 Contra
2249 3793 2482 3858 priorum
2519 3789 2875 3855 definitionem
2925 3789 3038 3857 ﬁlio
3080 3788 3156 3840 rel
3196 3787 3374 3841 heredi

1764 3877 1866 3913 non
1905 3861 2060 3914 licere
2089 3857 2280 3914 uenire.
2325 3857 2463 3914 Filio
2519 3861 2600 3912 vel
2659 3859 2846 3912 heredi
2877 3871 3066 3912 contra
3130 3859 3210 3924 pri
3252 3874 3371 3924 rum

1765 3931 1958 3984 iustam
1982 3940 2074 3985 aut
2103 3930 2403 4000 legitimam
2428 3929 2800 4000 definitionem
2831 3933 3018 4000 venire
3047 3944 3154 3982 non
3171 3928 3373 3994 diceat,

1763 4004 1886 4072 quia
1914 4003 2020 4056 iust
2041 4021 2049 4034 -
2073 3998 2357 4070 repellitur
2379 3999 2746 4070 praesumptio
2789 3998 2949 4066 illius,
2981 4001 3073 4070 qui
3105 3999 3252 4056 facta
3283 4015 3369 4054 se-

1764 4075 1976 4126 niormn
2008 4073 2207 4126 iniuste
2236 4082 2466 4125 conatur
2495 4073 2830 4140 inrumpere.

1839 4142 1960 4196 151.
2006 4141 2090 4196 Ne
2109 4143 2380 4215 quisquam
2401 4153 2667 4215 accusetur
2684 4143 2777 4215 vel
2787 4141 3058 4215 puniatur,
3077 4141 3182 4195 nisi
3203 4142 3377 4194 mani-

1765 4215 1969 4284 festatis
1989 4213 2200 4267 iudiciis
2246 4215 2412 4279 scelus
2457 4213 2702 4284 patuerit.
2759 4213 2877 4266 Non
2912 4227 3132 4284 passim
3183 4216 3376 4284 damus

1764 4281 2058 4340 accusandi
2089 4285 2171 4340 vel
2207 4281 2465 4352 puniendi
2496 4285 2788 4349 licentiam,
2821 4283 2924 4337 nisi
2959 4292 3053 4336 aut
3074 4281 3376 4338 lttaltifeStiS

1764 4356 1976 4411 indiciis
2005 4364 2242 4425 patuerit
2291 4354 2466 4410 scelus
2495 4363 2591 4409 aut
2639 4355 2876 4423 legitime
2929 4354 3092 4408 fuerit
3137 4355 3368 4422 idipsuin

1699 4440 1745 4495 ι)
1774 4428 1971 4480 malmn
2005 4424 2316 4482 accusatum
2347 4436 2512 4496 atque
2556 4429 2898 4488 convictum;
2947 4426 3204 4493 quatinus
3228 4424 3372 4478 nulla

1769 4499 2054 4552 videantur
2104 4495 2529 4552 intentione'vel
2575 4498 2767 4553 ordine
2814 4507 3025 4566 patrum
3070 4495 3374 4564 transgredi

1746 4584 1932 4638 ~praec
1969 4577 2056 4638 pta
2087 4577 2394 4624 sanctorum
2419 4578 2515 4624 aut
2543 4569 2762 4624 obviare
2788 4568 2959 4624 saeris
3006 4567 3206 4636 regulis
3236 4567 3373 4621 anti-

1811 4656 2019 4700 1101⁸11111,

1768 4656 2274 4765 ᾳιιῗὲἓῖηὐιυαῖεαι
2309 4710 2642 4765 commutatio
2665 4711 2889 4764 sicut-et
2944 4710 3158 4779 emptio.
3209 4708 3373 4762 Com-

1771 4783 1998 4836 mutatio
2021 4782 2065 4836 si
2098 4797 2204 4835 non
2238 4783 2397 4835 fuerit
2430 4797 2527 4850 per
2576 4784 2683 4835 vim
2715 4790 2770 4836 et
2796 4789 2997 4834 metum
3022 4788 3256 4847 extorta,
3291 4787 3370 4833 ta-

1769 4853 1876 4907 lem
1903 4855 2117 4922 qnaletn
2149 4862 2205 4906 et.
2243 4853 2447 4920 emptio
2477 4853 2496 4882 ⁸
2525 4853 2723 4907 habeat.
2752 4853 3081 4905 firmitatem.

1844 4923 1967 4977 155.
2011 4925 2074 4978 Si
2114 4925 2295 4978 timore
2331 4924 2615 4990 conpulsus
2643 4926 2916 4994 quisquam
2953 4939 3008 4976 se
3037 4937 3236 4976 servum
3263 4937 3375 4974 esse

1771 4995 1931 5048 dicat.
1977 4993 2077 5062 Qui
2131 4995 2327 5049 timore
2377 4997 2671 5064 conpulsus
2699 4993 2914 5050 servum
2967 5009 3029 5047 se
3053 5007 3173 5047 epse
3219 5003 3375 5047 extra

1773 5065 2028 5119 iudicium
2062 5066 2282 5128 dixerit,
2317 5067 2522 5119 nullum
2556 5067 2945 5134 praeiudicium
2999 5064 3264 5118 libertatis
3294 5065 3374 5116 ln-

1771 5145 1983 5203 currat,
2012 5138 2187 5192 donec
2230 5137 2426 5191 iudicio
2460 5148 2865 5206 praesentetur,
2898 5136 2982 5190 vel
3014 5135 3035 5165 ⁵
3065 5135 3371 5206 libertatem

1770 5206 2012 5272 suam,si
2054 5223 2174 5262 eam
2205 5205 2470 5278 probavit
2509 5218 2794 5277 praesente
2841 5208 3018 5263 iudice
3043 5245 3060 5269 ,
3107 5205 3375 5261 obtineat.

1771 5279 1878 5331 Ant
1907 5280 1951 5332 si
1981 5294 2172 5333 servus
2212 5277 2583 5343 convincitur,
2614 5281 2798 5336 statim
2850 5280 3076 5334 domino
3108 5277 3372 5333 retorme-
