3828 6214
124 260 230 316 795

122 445 317 515 sepem
353 448 604 515 ponendo
633 489 644 510 ,
682 451 777 503 nec
829 445 1079 498 t-onrides
1111 447 1360 514 stirpare,
1396 446 1476 496 vel
1511 447 1735 496 arbores

121 519 394 578 ειη-«Ιιϊο,
416 519 496 570 vel
526 520 574 570 in
597 518 761 582 pt‘lt'is‘
786 517 830 569 la
872 529 1046 575 ut'at‘c,
1070 517 1377 570 nectlmnus
1394 525 1732 578 t'OIislt'tlt‘l'e;

123 606 221 642 nec
256 589 310 639 in
352 591 512 642 horto
544 590 824 650 laborent,
873 603 970 638 nec
999 587 1062 637 τιτι
1098 587 1352 650 placitum
1385 586 1731 646 conveniant,

122 679 221 712 nec
283 660 610 712 venationes
675 665 984 710 exi-rceant.
1043 655 1148 710 Sed
1201 657 1298 710 trii
1357 657 1733 710 tantummodo

120 745 292 795 opera
317 769 332 788 ,
373 731 414 782 si
465 729 760 782 necessitas
792 727 1048 785 ingruerit
1078 742 1308 788 sunnna,
1334 738 1525 796 agant.
1551 737 1731 782 elucn

120 799 250 860 alia.
305 799 357 851 ttl
410 810 490 853 est
519 815 670 852 rarra
704 799 915 851 hostilia
955 797 1037 850 vel
1066 799 1318 851 victualia
1373 801 1453 852 vel
1499 799 1734 858 sil‘nrtc

121 885 361 923 nnrcsse
416 869 574 922 fuerit
623 885 819 936 corpus
859 867 1146 922 cuiuslibet
1199 869 1396 922 ducere
1436 869 1501 920 ad
1554 869 1733 935 sepul-

119 942 346 991 t'itrllttl.
389 943 511 992 Itoni
541 939 788 994 similiter
823 939 1078 992 mulieres
1124 940 1325 1004 'Opcra
1360 940 1594 993 textrilia
1625 955 1731 992 non

124 1011 360 1068 fat-iant,
396 1028 490 1065 nce
521 1009 770 1077 capulcnt
801 1051 816 1075 ,
849 1024 946 1063 nec
969 1018 1254 1073 consuant,
1281 1025 1378 1064 nec
1410 1025 1572 1077 opera
1607 1025 1733 1078 pec-

124 1083 234 1132 tilia
273 1082 480 1135 l'aciant
505 1121 518 1143 ,
554 1096 653 1134 nec
687 1081 858 1132 lanam
903 1095 1147 1148 carpere,
1180 1095 1278 1134 nec
1300 1079 1465 1133 linum
1497 1083 1732 1146 haltere,

120 1167 221 1204 nec
256 1151 311 1205 iu
343 1152 559 1220 publico
597 1151 916 1204 vestimenta
951 1150 1132 1204 lavare
1155 1189 1172 1216 ,
1217 1166 1317 1205 nec
1349 1153 1588 1205 vervices
1613 1160 1734 1205 tou-

120 1224 252 1276 ili-re
295 1224 534 1276 habeant.
574 1221 798 1282 licitum,
836 1230 892 1273 ut
922 1220 1245 1276 omnimodis
1294 1222 1590 1276 ltonoretur
1617 1221 1733 1276 dies

119 1294 461 1360 dominicus,
515 1293 1107 1363 reqttiesqucservetur
1127 1292 1424 1363 aquatiuus
1445 1293 1512 1346 ad
1539 1293 1732 1346 missa-

122 1379 240 1416 rum
274 1363 544 1418 solemnia
573 1361 624 1417 et
654 1367 719 1416 a-l
743 1362 1026 1417 ecclesiam
1061 1361 1294 1430 undique
1329 1363 1496 1416 libere
1527 1377 1730 1416 conve-

123 1435 311 1496 niant,
368 1443 422 1488 et
471 1433 690 1488 laudent
734 1432 898 1486 Deum
945 1447 1042 1502 pro
1085 1434 1334 1487 omnibus
1381 1433 1556 1497 bonis,
1591 1433 1733 1500 quae

122 1505 282 1558 nobis
299 1505 357 1558 in
379 1505 462 1559 illa
482 1505 568 1560 die
587 1505 730 1558 fecit.
754 1502 1000 1570 Legimus
1015 1503 1182 1569 enim,
1207 1505 1456 1572 apostolo
1475 1503 1732 1558 dicente:

122 1573 416 1646 Manifesta
441 1585 612 1628 autent
640 1584 758 1628 sunt
776 1591 942 1646 cepero
967 1575 1167 1646 carnis;
1193 1591 1322 1645 quae
1349 1585 1464 1627 sunt
1495 1575 1732 1643 fornica-

121 1649 310 1710 tiones,
347 1647 732 1706 immttudirine,
765 1645 1000 1698 lit-.ttriae
1025 1686 1040 1712 ,
1086 1645 1342 1698 ida/orum
1371 1647 1606 1710 servitus,
1640 1663 1728 1700 ve-

121 1717 313 1785 neﬁcia
342 1759 358 1782 ,
402 1717 703 1770 i-iinticitiae
727 1756 740 1777 ,
785 1715 1151 1779 contentiones,
1184 1716 1578 1780 aemulationes,
1610 1718 1729 1770 ani-

122 1789 395 1856 ntmitatei
423 1831 436 1852 ,
470 1789 600 1844 irae.
639 1789 804 1847 iisne.
837 1787 1201 1850 dissensiones,
1235 1788 1468 1840 haereses
1488 1827 1503 1850 ,
1535 1799 1721 1851 sectae,

121 1861 222 1912 invi
266 1860 284 1913 i
327 1876 378 1922 e,
430 1859 728 1920 lomicidi‘r,
778 1860 882 1910 ,τιμε
915 1866 1066 1920 tates,
1124 1858 1392 1911 conte'snti
1429 1873 1517 1911 nes
1548 1869 1596 1912 et
1646 1862 1724 1913 liis

120 1931 358 1985 similia:
393 1947 522 2000 quae
546 1931 789 2000 praedico
821 1928 986 2000 vobis,
1013 1931 1143 2000 sicut
1173 1929 1407 2000 praediti
1428 1970 1442 1994 ,
1480 1931 1725 1997 quaniam

124 2001 208 2066 qui
251 1998 750 2070 ta'ia'agstiitfreg
791 2016 874 2052 um
927 1998 1024 2052 Dei
1052 2016 1155 2051 non
1205 1999 1558 2066 pessidebunt.
1602 2001 1727 2057 Ideo

124 2072 261 2126 haec
325 2074 517 2126 eadem
545 2113 560 2136 ,
591 2087 730 2140 quae
762 2085 986 2137 magnus
1027 2072 1372 2138 praedicator
1411 2070 1461 2123 in
1493 2071 1725 2127 ecclesia

126 2141 216 2194 Dei
249 2142 567 2210 singilmtim
599 2141 915 2198 nominavit.
947 2155 1068 2193 cum
1099 2141 1278 2196 studio
1307 2141 1611 2210 prohibete,
1645 2144 1728 2198 in-

127 2215 470 2281 tellegentes,
513 2227 674 2281 quain
704 2211 773 2266 sit
802 2211 1038 2266 terribile
1069 2211 1196 2266 illud
1226 2213 1370 2280 quod
1411 2212 1547 2267 dixit
1576 2231 1588 2265 :
1625 2212 1727 2278 Qui

126 2285 253 2336 talia
281 2303 363 2352 (εει.
389 2293 464 2345 nt,
509 2300 726 2354 rrguum
776 2282 868 2336 Dei
898 2299 999 2335 non
1044 2295 1434 2354 consequentur.
1484 2285 1550 2338 Et
1577 2287 1725 2340 omni

128 2355 385 2409 instantia
437 2353 747 2424 praedicata
796 2353 952 2424 tidem
1009 2353 1293 2406 tenendam
1337 2353 1587 2411 Domino.
1654 2359 1727 2412 Ite

128 2417 453 2480 humilitate-
479 2439 608 2480 vero
636 2433 691 2478 et
721 2417 1016 2492 paci'encia,
1065 2429 1132 2478 de
1162 2425 1414 2480 castitate
1445 2437 1499 2480 et
1543 2431 1723 2482 cont?-

129 2499 330 2559 ucntia,
366 2499 432 2551 de
459 2496 789 2565 benignitate
819 2504 873 2550 et
900 2494 1295 2562 misericordia,
1319 2495 1386 2550 de
1413 2495 1728 2555 elemosinis

128 2579 179 2622 et
221 2567 570 2624 confessione
601 2575 946 2634 peccatorum
995 2580 1218 2619 suorum
1244 2604 1260 2629 ,
1307 2575 1365 2621 et
1391 2566 1728 2624 debitoribus

126 2642 231 2696 suis
261 2649 322 2696 ut
343 2637 637 2694 secundum
663 2637 984 2691 dominicam
1012 2636 1316 2692 orationem
1347 2639 1597 2695 omnibus
1626 2655 1726 2698 sua

126 2712 302 2766 debita
338 2710 635 2770 dimittant,
666 2719 891 2762 cunctos
919 2715 1155 2761 monete.

193 2783 320 2838 ⁸581.
355 2779 440 2836 Ea:
466 2779 648 2851 quibus
677 2795 856 2847 supra.
897 2776 1268 2851 Sacerdotibus
1305 2779 1560 2835 omnibus.
1589 2780 1722 2837 Stu-

126 2852 359 2909 dendum
385 2848 785 2921 est‘episcoiiis,
815 2857 871 2902 ut
896 2848 1218 2905 dissidentes
1245 2849 1439 2907 fratres
1461 2854 1634 2921 magis
1655 2854 1724 2909 ad

129 2940 337 2994 pacem,
369 2938 533 2995 quam
565 2923 643 2995 ad,
669 2921 923 2995 iudicium
950 2921 1324 2995 cohortentur.

196 2992 506 3052 Auctoritas
532 2992 900 3048 ecclesiastica
920 3003 1098 3062 atque
1121 2994 1383 3062 canonica
1399 2993 1581 3062 docet,
1613 3011 1722 3050 non

127 3068 324 3124 debere
367 3069 570 3134 absque
599 3063 866 3118 sententia
917 3060 1144 3118 Romani
1175 3065 1443 3134 pontiticis
1495 3060 1722 3123 concilia

132 3140 458 3194 caelehrare.
709 3184 725 3200 ,

197 3210 446 3281 Episcopi
479 3205 920 3263 intercessionem
951 3212 1229 3275 praestent
1256 3205 1375 3272 bis,
1415 3207 1507 3278 qui
1536 3207 1718 3278 iniqua

129 3282 177 3335 vi
203 3283 602 3350 opprimuntur.

198 3345 383 3406 Nullus
423 3351 710 3421 episcopus
740 3346 840 3402 nisi
885 3346 937 3400 in
987 3345 1225 3421 legitima
1268 3347 1479 3421 synodo
1528 3359 1584 3406 et
1614 3365 1716 3406 suo

131 3432 369 3490 tempore
425 3419 720 3492 apostolica
771 3427 934 3492 atque
963 3419 1223 3492 canonica
1256 3419 1544 3492 vocatione
1586 3437 1719 3477 con-

133 3489 340 3562 gregata
388 3489 554 3564 super
601 3489 926 3560 quibusdam
971 3489 1289 3546 criminibus
1330 3490 1577 3562 pulsatus
1629 3509 1720 3547 au-

133 3565 318 3619 tltatur.
890 3605 894 3609 .

195 3635 363 3690 Nemo
392 3634 704 3706 episcopum
725 3630 876 3706 apud
915 3629 1119 3686 iudices
1147 3631 1420 3689 seculares
1458 3647 1719 3691 accusare

133 3701 449 3776 praesumat,
481 3701 742 3772 sed‘apud
773 3704 1028 3776 primates
1057 3717 1204 3758 suos.

201 3780 553 3832 Accusatores
606 3786 660 3829 et
686 3773 1092 3839 accusationes,
1136 3787 1272 3842 quas
1311 3774 1458 3844 leges
1495 3776 1664 3831 seculi
1697 3777 1717 3808 ¹

135 3862 233 3902 non
248 3848 574 3902 adsciscunt.
600 3847 858 3899 canonica
889 3844 1127 3899 funditus
1149 3846 1364 3913 repellit
1390 3846 1714 3903 auctoritas.

201 3917 371 3972 Variis
398 3917 826 3972 detractionibus
856 3923 913 3970 et
955 3914 1394 3972 accusationibus
1422 3933 1529 3972 non
1560 3918 1720 3974 decet

135 3988 433 4044 labefactari
464 3990 742 4059 primatem
764 4031 778 4054 ,
826 3985 919 4040 sed
950 3987 1119 4056 magis
1157 3995 1367 4056 patrum
1396 3989 1596 4058 regulis
1624 4005 1715 4046 ro-

137 4059 328 4115 borari.
368 4057 502 4115 Nam
526 4066 576 4114 et
611 4057 854 4113 Liberius
880 4073 1016 4127 papa
1051 4074 1148 4127 pro
1178 4057 1477 4116 Athanasio
1503 4061 1718 4118 duobus

137 4131 277 4186 annis
305 4131 357 4185 in
385 4131 550 4186 exilio
582 4140 764 4201 trusus
792 4137 874 4184 est
899 4168 913 4192 ,
949 4128 1186 4201 etuniulti
1217 4131 1308 4201 alii
1331 4130 1593 4201 episcOpi,
1622 4133 1716 4200 qui

137 4216 245 4256 eum
274 4202 535 4257 damnare
577 4200 887 4264 noluerunt,
928 4199 1091 4272 exilio
1118 4200 1500 4272 suntdamnati
1522 4199 1549 4254 ἐ
1575 4199 1716 4272 quo-

139 4286 244 4343 runt
275 4272 580 4343 exemplum
610 4287 800 4327 omnes
830 4271 1077 4343 convenit
1108 4271 1262 4342 sequi
1311 4271 1642 4343 sacerdotes.

200 4341 746 4404 Multum’tleroeatio
801 4341 1124 4412 praevalet,
1165 4341 1385 4411 quando
1430 4345 1719 4413 derogator

139 4415 359 4469 creditur
408 4414 514 4469 lide
565 4414 774 4483 dignus.
838 4413 960 4483 ltleo
997 4428 1104 4466 non
1157 4427 1344 4468 omnes
1393 4415 1719 4470 admittendi

645 261 794 315 COD.
834 217 1103 313 lill’l.(-i\l.
1138 289 1196 296 ——
1230 257 1587 312 BHM’ZDltL'l‘l
1631 255 2147 311 L.\PlTl)l.\Rlll\|
2186 253 2586 312 tiOl.l.l-ItlTlU.
2713 251 2837 304 ΜΗ.
2883 251 2942 303 ll.

122 381 343 446 Campis
395 376 620 436 arando.
658 375 905 442 melemln
957 375 1038 446 vel
1091 373 1301 428 foenum
1335 375 1590 432 secando,
1653 373 1733 425 vel
1767 377 1814 431 Α

1751 3105 1800 3171 C

3336 246 3440 300 τςτι

1916 375 2085 427 Maior
2115 391 2141 427 a
2173 375 2379 427 minore
2414 392 2519 428 non
2552 381 2730 443 potest
2757 371 3003 426 iudicari.

1918 445 2108 498 Iudicis
2163 463 2267 497 nun
2299 454 2380 498 est
2408 438 2704 514 quemlibet
2749 443 2986 495 iudicare
3017 441 3099 514 vel
3150 438 3442 514 condemp-

1842 529 1974 568 nare
2004 518 2208 584 absque
2241 511 2477 582 legitimo
2524 523 2878 576 accusatore;
2938 513 3063 582 quia
3096 521 3151 565 et
3184 511 3442 563 Dominus

1840 585 2025 640 ludam
2057 586 2228 642 iurem
2262 603 2380 640 esse
2403 586 2632 655 sciebat,
2663 586 2756 641 sed
2799 586 2926 654 quia
2957 601 3063 639 non
3102 591 3186 640 est
3217 597 3439 636 accusa-

1843 667 1944 713 tus.
1978 657 2098 711 ideo
2123 674 2228 710 non
2261 666 2344 711 est
2367 657 2592 711 eiectus.

1913 726 2208 796 Episcopus
2263 730 2466 783 eiecms
2498 738 2660 796 atque
2687 726 2798 780 suis
2831 725 2994 779 rebus
3023 724 3337 796 expoliatos
3380 736 3433 774 tu

1839 812 1898 872 se
1921 802 1998 852 les
2028 791 2275 872 proprias
2300 800 2466 872 recipi
2514 791 2587 851 α’
2609 811 2706 872 sua
2755 797 2936 852 omnia
2970 795 3216 864 legaliter
3261 791 3436 872 primo

1838 870 1917 923 eis
1946 870 2092 922 reddi
2141 871 2311 923 sant-ti
2359 883 2599 924 canones
2645 869 3039 927 decreverunt;
3090 875 3147 920 et
3177 874 3362 933 postea
3393 869 3436 914 si

1837 940 1960 1008 quis
1989 956 2084 993 eos
2117 955 2372 994 accusare
2404 941 2587 1010 vellet,
2620 954 2794 1008 aequo
2827 938 3073 1010 periculo
3107 936 3286 989 facere
3315 948 3440 986 san-

1837 1015 2110 1074 civeruut,
2161 1011 2362 1065 iudices
2392 1008 2909 1065 esse’deccruentes
2959 1008 3243 1076 episcopos
3283 1012 3434 1059 rvete

1835 1081 2112 1148 Sapientes
2141 1083 2190 1134 iii
2224 1081 2452 1136 ecclesia
2482 1081 2888 1140 convenientes,
2923 1079 3011 1134 tibi
3041 1087 3209 1134 testes
3243 1085 3436 1131 essent

1835 1153 2168 1216 singulorum
2195 1191 2210 1215 ,
2234 1153 2324 1219 qui
2357 1152 2596 1221 oppressi
2623 1150 2966 1205 videbantur.

1911 1221 2136 1296 l’lacuit,
2171 1233 2224 1276 ut
2249 1217 2297 1296 si
2335 1217 2709 1296 quaecumque
2749 1237 2995 1296 persona
3011 1228 3202 1276 contra
3232 1217 3437 1296 e_i_iisco§

1835 1308 1965 1355 pum
2016 1293 2100 1347 vel
2146 1287 2368 1348 actores
2390 1287 2651 1348 ecclesiae
2698 1287 2762 1347 se
2812 1293 3092 1363 proprium
3145 1287 3438 1363 crediderit

1838 1363 2042 1417 imitere
2099 1365 2410 1429 negotium,
2459 1365 2608 1433 prius
2633 1363 2700 1417 ad
2731 1358 2854 1419 eum
2898 1358 3144 1418 recurrat
3193 1358 3437 1416 cariiatis

1835 1434 2045 1498 studio;
2079 1445 2138 1488 ut
2162 1435 2406 1489 familiari
2437 1434 2711 1503 colloquio
2745 1435 3110 1489 cmumonitus
3141 1447 3204 1485 ea
3235 1443 3433 1503 sanare

1835 1504 2052 1571 debeat,
2106 1520 2247 1571 quae
2299 1506 2350 1559 in
2395 1501 2791 1574 querimoniam
2852 1505 3214 1559 deducuntur.
3261 1501 3433 1566 Quam

1833 1589 1948 1630 rem
1977 1577 2021 1629 si
2053 1574 2269 1630 diﬂ'erre
2298 1578 2318 1606 ⁸
2353 1576 2587 1632 voluerit
2617 1615 2634 1644 ,
2685 1576 3010 1631 sententiam
3056 1574 3314 1644 suscipiat
3336 1586 3435 1624 ex.

1835 1647 2362 1702 communicationis.

1909 1717 1965 1772 Si
2007 1732 2147 1786 quae
2198 1732 2395 1772 causae
2451 1717 2536 1772 vel
2585 1717 2966 1773 contentiones
3023 1719 3164 1771 inter
3201 1714 3433 1769 clericos

1837 1795 1893 1842 et
1925 1785 2093 1843 laicOs
2126 1797 2233 1842 tam
2267 1788 2490 1845 maioris
2527 1790 2732 1843 ordinis
2757 1831 2772 1854 ,
2823 1806 2981 1857 quam
3013 1789 3178 1842 etiam
3213 1785 3431 1840 interio-

1833 1858 1908 1931 ris
1941 1857 2141 1913 fuerint
2166 1869 2393 1915 exortae
2421 1903 2434 1918 .
2480 1861 2704 1931 placuit,
2738 1873 2796 1914 ut
2832 1859 3130 1914 secundum
3160 1859 3430 1931 synodum

1832 1930 2092 1984 Nicenatn
2123 1931 2466 2000 eoz-gregatis
2530 1933 2782 1986 onmibus
2829 1933 3072 1987 eiusdem
3120 1930 3435 1998 provinciae

1831 2001 2107 2071 episcopis
2159 2001 2386 2064 iurgium
2419 2003 2773 2068 terminetur;
2811 2019 2909 2056 nec
2938 2001 3025 2056 cui
3064 2002 3220 2056 liceat
3249 2044 3262 2060 ,
3314 2003 3434 2052 sine

1830 2073 2163 2142 praeiudicio
2205 2082 2311 2126 tam
2337 2090 2383 2125 -n
2413 2074 2676 2128 ecclesiae
2717 2089 3008 2138 romanae,
3057 2073 3141 2126 cui
3187 2073 3207 2102 ⁵
3234 2073 3285 2125 iu
3310 2087 3428 2142 oin-

1832 2141 1992 2197 nibus
2015 2145 2194 2198 causis
2232 2144 2458 2199 debetur
2495 2143 2796 2198 reverentia
2827 2144 3086 2199 custodiri
3117 2143 3321 2195 relictis
3351 2141 3434 2193 bis

1829 2213 2202 2271 sacerdotibus
2253 2216 2342 2285 qui
2399 2217 2450 2268 in
2498 2215 2688 2271 eadem
2720 2216 2996 2284 provincia
3031 2214 3125 2268 Ι)ιεί
3172 2214 3434 2268 ccc!esias

1832 2296 1980 2339 ma-tu
2012 2286 2193 2340 divino
2223 2288 2547 2355 gubernant,
2581 2285 2647 2340 ad
2679 2287 2813 2340 alias
2867 2286 3161 2342 convolare
3210 2285 3457 2353 provin-.

1830 2355 1941 2418 cias
1982 2357 2062 2409 vel
2113 2359 2337 2411 aliarmu
2395 2357 2795 2424 provinciarum
2850 2357 3232 2426 apisconnrnui
3285 2355 3424 2426 iutli-_

1829 2426 1973 2480 cium
1997 2429 2175 2496 expeti
2209 2427 2291 2481 vel
2316 2423 2465 2496 pati,
2519 2429 2620 2482 nisi
2649 2428 2808 2483 fuerit
2851 2423 3228 2488 provocatum.
3276 2423 3431 2490 Quod

1830 2497 1873 2550 si
1907 2500 2027 2565 quis
2081 2498 2536 2567 praesumpserit,
2589 2507 2645 2553 et
2674 2501 2742 2552 ab
2777 2497 2960 2567 ol’licio
2989 2497 3118 2553 clcti
3151 2501 3432 2566 depastus

1829 2576 1885 2623 et
1915 2567 2226 2622 iniuriarum
2259 2583 2382 2622 reus
2397 2572 2466 2623 ab
2494 2570 2747 2625 omnibus
2776 2570 3067 2624 iudicetur.

1901 2636 1956 2692 Si
1985 2649 2168 2694 autem
2201 2640 2433 2695 maiores
2456 2656 2658 2695 causae
2685 2643 2736 2694 in
2788 2641 2968 2694 medio
3019 2639 3221 2693 iuerint
3263 2636 3433 2690 devo-

1829 2707 1999 2782 lutae.
2058 2710 2135 2782 ad
2185 2712 2368 2766 sedem
2411 2712 2787 2782 apostolicam,
2845 2721 2903 2764 ut
2949 2719 3136 2782 sancta
3175 2712 3434 2782 synodus

1828 2781 2020 2835 statuit
2042 2790 2096 2836 et
2125 2781 2280 2836 beata
2306 2780 2646 2838 consuetudo
2688 2783 2877 2852 exigit,
2910 2780 3284 2852 periudiciu’tn
3316 2781 3434 2851 epi-

1827 2852 2049 2916 scoiiale
2080 2853 2366 2908 referatur.

1905 2921 2335 2978 Ptudentissiiue
2373 2923 2774 2994 iustissimeque
2807 2923 3026 2980 decreta
3058 2923 3244 2978 Niccni
3291 2937 3427 2977 con-

1829 2993 1940 3066 cilii
1962 2996 2079 3066 sive
2107 2995 2343 3048 Africani
2367 2993 2744 3054 decreverunt.
2779 3010 3158 3066 quaecumque
3214 2995 3432 3062 negotia

1831 3062 1883 3118 in
1913 3065 2029 3120 suis
2069 3065 2224 3134 locis,
2259 3066 2347 3120 ubi
2399 3076 2518 3121 orta
2552 3078 2698 3127 sunt,
2732 3062 3002 3127 liiiienda;
3035 3062 3273 3120 maxime
3307 3066 3434 3134 quia

1831 3135 2121 3204 ttnicuiqne
2165 3151 2484 3193 concessum
2526 3145 2630 3201 est,
2661 3139 2707 3191 si
2760 3138 2958 3192 iudicio
2986 3135 3226 3192 oﬂensus
3276 3136 3433 3192 fuerit

1820 3207 2183 3279 cognitorum,
2217 3209 2284 3262 ad
2313 3208 2544 3263 concilia
2592 3223 2725 3263 suae
2771 3208 3086 3279 provinciae
3129 3206 3215 3262 vel
3265 3208 3431 3262 etiam

1822 3275 2128 3333 universale
2157 3293 2478 3348 provocare.

1892 3349 2117 3419 Servata
2173 3364 2314 3418 quae
2341 3350 2540 3419 scripta
2583 3359 2666 3406 est
2709 3350 2776 3404 dc
2806 3350 3296 3418 gubernationibus
3340 3364 3430 3403 re-

1823 3417 1968 3487 gula,
2004 3417 2347 3475 manifestum
2372 3417 2623 3488 estquod
2648 3421 2760 3484 illa,
2791 3417 2934 3490 quae
2962 3431 3088 3476 sunt
3110 3437 3209 3492 per
3237 3432 3428 3474 unam-

1820 3502 2092 3558 quamque
2117 3492 2472 3563 provinciam,
2507 3493 2674 3560 ipsius
2705 3493 3014 3562 provinciae
3041 3491 3283 3563 syuodus
3312 3493 3428 3546 dis-

1821 3570 2054 3681 pelnisat,
2113 3562 2252 3616 sicut
2306 3562 2510 3618 Niceno
2555 3573 2771 3620 constat
2813 3562 3096 3620 decretum
3137 3578 3260 3618 esse
3298 3577 3430 3617 con-

1821 3643 1867 3681 Cl
1894 3645 1967 3681 ιο.

1820 3643 1967 3683 (21110.

1895 3701 1951 3756 Si
1975 3703 2094 3770 quis
2115 3703 2406 3773 episcopus
2425 3717 2588 3772 super
2605 3705 2770 3761 certis
2790 3713 3074 3761 accusatur
3094 3703 3431 3772 criminibus,

1820 3769 1889 3847 ab
1917 3769 2168 3847 omnibus
2198 3769 2448 3844 audiatur
2476 3769 2558 3830 vel
2600 3777 2875 3844 iudicetur
2899 3778 2993 3847 qui
3040 3785 3168 3832 sunt
3209 3777 3264 3830 in
3302 3769 3433 3846 pro-1

1798 3843 1995 3898 vincia
2026 3845 2314 3915 epist-Opis.

1893 3915 2276 3989 Quaecumque
2300 3923 2426 3989 sunt
2455 3915 2520 3969 ad
2547 3916 2822 3987 religionis
2866 3917 3264 3976 observantiam
3295 3933 3424 3989 per-

1819 3985 2068 4111 hincqtia,
2093 3985 2228 4043 locis
2250 3987 2363 4043 suis
2390 3997 2446 4043 et
2473 4003 2503 4042 a
2553 3985 2689 4044 suae
2733 3989 3018 4047 dioceseos
3068 3985 3422 4062 synodis'au-

1858 4072 1945 4111 ian
1977 4073 2056 4111 ur.

1858 4067 2056 4112 tantur.

1897 4129 2282 4206 Unaquaeque
2310 4129 2584 4206 provincia
2626 4145 2753 4206 suo
2777 4135 3200 4206 metropolitano
3241 4133 3432 4190 etsuis

1821 4199 2370 4273 comprovincialibus
2398 4201 2668 4273 episcopis
2710 4203 2782 4258 sit
2821 4199 3101 4261 contenta.

1893 4269 2210 4346 Maledictus
2238 4273 2415 4346 omnis
2435 4269 2446 4272 ⁷
2466 4269 2869 4346 (ιυίξιηηεΐθτι
2899 4277 3159 4334 terminos
3189 4276 3425 4346 proximi

1822 4341 1932 4419 sui;
1954 4341 2192 4419 Etdicet
2216 4345 2395 4399 omnis
2423 4341 2655 4419 populus
2686 4363 2701 4400 :
2733 4346 2919 4400 Amen.
2952 4347 3021 4403 Et
3046 4341 3275 4419 reliqua.

1895 4412 1996 4480 Qui
2020 4414 2049 4490 _°
2077 4424 2205 4490 sunt
2251 4412 2714 4484 supradiocesiin
2755 4419 3027 4490 episcopi,
3051 4412 3417 4490 .neq'uaqnam

141 4495 270 4558 sunt,
296 4486 390 4542 sed
445 4485 544 4541 viri
581 4484 963 4558 p:obatissin_ii.
1013 4484 1194 4538 Primo
1218 4499 1434 4558 semper
1463 4501 1714 4553 persona,
1752 4487 1800 4547 D
1824 4485 1892 4539 ad
1918 4484 2198 4558 ecclesias,
2231 4500 2374 4555 quae
2417 4495 2545 4541 sunt
2578 4497 2730 4542 extra
2764 4484 3032 4558 p‘raeﬁsos
3064 4484 3182 4546 sibi
3234 4484 3424 4545 termio

144 4554 299 4626 iides,
357 4557 468 4612 vita
521 4554 948 4611 et’conversatio
977 4555 1345 4626 accusantium
1391 4557 1716 4626 inquiratur.

143 4623 202 4678 Et
226 4639 429 4696 postea,
475 4643 616 4697 quae
641 4627 980 4690 obiciuntur,
1014 4625 1244 4681 lideliter
1271 4623 1716 4694 pertractentur;

144 4697 253 4770 quia
284 4699 412 4754 nihil
454 4701 611 4752 aliter
648 4697 762 4752 tieri
795 4697 992 4760 debet,
1024 4697 1124 4752 nisi
1171 4698 1539 4768 itnpetitorum
1569 4700 1720 4770 prius

144 4767 237 4820 vita
263 4770 600 4825 discutiatur.

207 4839 311 4908 Non
341 4850 427 4896 est
453 4839 767 4901 auctoritas,
791 4853 1115 4908 quemquam
1143 4839 1463 4895 clericorum
1481 4840 1720 4898 iudicare

145 4906 218 4980 vel
244 4910 552 4980 dampnare,
583 4906 872 4978 antequam
905 4918 1248 4966 accusatores
1275 4923 1590 4979 praesentes
1623 4913 1721 4967 ba-

147 4976 291 5057 lteat,
322 4976 612 5050 lucumque
650 4976 975 5036 defendendi
1011 4981 1031 5011 ³
1061 4976 1292 5052 accipiat
1338 4981 1408 5037 ad
1451 4983 1719 5054 abluenda

148 5062 365 5107 εηηιηιει.
1557 5085 1560 5088 ’

205 5117 380 5179 Omnis
430 5122 708 5179 accusatio
755 5122 894 5177 intra
945 5123 1277 5192 provinciam
1337 5125 1610 5191 audiatur,
1663 5134 1721 5181 et

148 5202 174 5239 a
213 5194 740 5265 conprovincialihus
797 5197 1136 5248 terminetur.
1199 5197 1347 5251 Ultra
1404 5197 1717 5265 provinciae

151 5263 383 5337 terminus
413 5264 701 5319 accusandi
731 5263 942 5319 licentia
972 5280 1078 5319 non
1107 5263 1502 5337 progrediatur.

149 5332 498 5452 “Episcopus
539 5350 642 5390 nec
665 5341 985 5405 provocatus
1035 5332 1135 5407 pro
1172 5332 1337 5393 rebus
1390 5337 1716 5393 transitoriis

202 5417 272 5452 I212
298 5445 312 5452 -
1092 5431 1100 5440 ‘

167 5413 312 5469 uiget.
1092 5431 1100 5440 ι

204 5470 308 5552 μοι]
344 5484 428 5531 est
475 5477 673 5552 iustum
711 5473 948 5552 iudicare
973 5488 1066 5531 aut
1104 5477 1474 5552 condemnare
1515 5480 1712 5549 virum,

146 5546 273 5600 cuius
292 5561 466 5604 causa
484 5547 552 5604 ad
593 5546 855 5617 liquidum
887 5562 994 5603 non
1023 5557 1103 5604 est
1135 5551 1464 5606 examinata.

1822 4571 1949 4680 pos:l
1969 4557 2249 4679 acfedant,
2299 4572 2403 4614 nec
2453 4572 2546 4613 eas
2592 4557 2777 4629 aliqua
2816 4566 3258 4633 praesumptione
3279 4576 3418 4616 con-

1848 4643 1914 4680 un
1955 4643 2021 4680 an
2056 4666 2070 4680 .

1848 4635 2070 4681 undaut.

1895 4697 2013 4752 Non
2044 4705 2259 4774 oportet
2302 4701 2579 4774 transferri
2636 4699 2897 4758 terminos
2938 4720 2966 4758 a
2998 4703 3243 4774 patribus
3292 4718 3427 4758 eon-

1822 4770 2062 4843 stitutos,
2097 4779 2155 4824 ut
2180 4770 2588 4843 alterualterius
2616 4775 2960 4842 parrochiam
3000 4770 3228 4829 invadat
3260 4783 3427 4843 atque

1824 4840 1937 4895 illic
1958 4841 2256 4916 celebrare
2306 4841 2488 4916 divina
2539 4840 2794 4914 mysteria
2847 4846 3156 4902 iuc0tisulto
3211 4840 3423 4916 episco-

1825 4913 1995 4984 ρος,
2017 4913 2115 4984 cui
2133 4913 2420 4968 commissa
2449 4925 2566 4978 esu.
2585 4913 2914 4984 praesumat.
3207 4935 3211 4946 ’

1899 4981 2022 5036 589..
2191 4984 2434 5059 capituiis
2475 4980 2662 5059 domiti
2699 4983 2880 5059 Karolt
2921 4990 3058 5059 regis
3087 5003 3227 5041 anno
3277 4988 3427 5058 regni

1827 5053 2235 5132 eius_undecinto
2271 5056 2431 5132 Auctis.
2493 5057 2572 5132 De
2613 5055 2724 5132 Itis,
2755 5058 2840 5132 qui
2885 5053 3024 5132 intra
3052 5076 3266 5132 regnant
3315 5053 3427 5113 sine

1824 5125 2347 5199 iussiouccdoruiaica
2385 5143 2474 5196 per
2515 5129 2615 5181 vim
2648 5125 2846 5198 aliqui!
2870 5125 3160 5197 raptt-rint.
3205 5129 3262 5185 Si
3301 5132 3424 5199 quis

1826 5198 1880 5252 in
1909 5195 2149 5269 exercitu
2181 5195 2315 5251 infra
2345 5195 2567 5266 regnum
2597 5199 2716 5254 sine
2738 5195 2998 5258 iussione
3028 5201 3295 5255 dominica
3320 5195 3424 5269 per

1824 5269 1934 5322 vitn
1963 5267 2211 5323 hostilem
2240 5269 2439 5332 aliquid
2468 5269 2717 5337 praedari
2761 5272 3032 5339 voluerit,
3073 5283 3165 5325 aut
3203 5267 3419 5325 foenum

1820 5349 1877 5394 to
1902 5339 2032 5404 lere,
2065 5348 2430 5410 autgranuni,
2457 5340 2574 5394 sive
2601 5355 2797 5410 pecora
2829 5348 3032 5398 maiora
3062 5343 3145 5396 vel
3185 5343 3417 5402 tltiuura,

1818 5412 2118 5480 domusque
2159 5409 2465 5480 inl'rangere
2493 5411 2576 5465 vel
2603 5409 2910 5467 incendere
2943 5431 2955 5466 :
2993 5413 3137 5467 llaec
3195 5429 3264 5466 ne
3292 5415 3424 5467 tiant

1817 5483 2048 5553 omnino
2092 5479 2462 5553 prohibemus.
2507 5481 2661 5548 Quod
2691 5483 2735 5536 si
2792 5485 2859 5536 ab
2905 5485 3084 5553 aliquo
3142 5490 3423 5549 praesum-

1817 5551 1995 5623 ptiose
2024 5549 2225 5605 factum
2274 5551 2454 5622 fuerit,
2488 5553 2770 5623 sexaginta
2797 5549 3009 5623 solidis,
3051 5555 3096 5610 si
3147 5555 3286 5612 liber
3311 5562 3421 5626 est,

1350 5668 1738 5725 \'.\l’il.\.\"l‘I{S
1777 5667 2162 5724 lJiiZTIO'NES

215 5777 382 5837 ’ἄξαι
415 5779 530 5836 Bal.
611 5783 630 5812 ²
653 5785 1050 5853 sttpcrxiiptunt
1079 5783 1163 5839 vel
1196 5783 1282 5840 tlci
1307 5783 1369 5839 (ἰ.

1449 5784 1469 5814 ³
1509 5783 1544 5837 l.
1576 5799 1635 5838 sc
1680 5782 1732 5836 tl.
1769 5783 1882 5838 Βίαν.

1964 5783 1981 5812 ⁵
2029 5782 2239 5840 deferre
2264 5784 2306 5840 (ἱ
2407 5787 2427 5816 ⁵
2459 5801 2600 5856 quae
2628 5784 2674 5842 G
2773 5787 2794 5817 ⁸
2821 5801 2962 5856 quae
2990 5789 3056 5846 ϐ.
3131 5791 3152 5821 ⁷
3184 5804 3251 5845 eo
3281 5789 3350 5846 G.
