3860 6208
140 399 280 497 Αςιοῑ)

159 561 363 617 nacliis
384 575 600 630 quoque
631 558 926 628 praesentis
957 553 1258 630 sententiae
1291 554 1461 605 l'orma
1490 559 1756 630 servetur.
1793 549 1832 599 Α

163 634 333 695 Quod
385 622 427 685 si
469 622 753 683 veilio'ruzn
799 628 1170 693 increpatione
1224 641 1328 675 non
1378 622 1765 695 emendaverit,

162 693 342 754 etiam
375 703 686 755 verberibus
715 701 1000 752 statuimus
1029 713 1150 750 eum
1181 693 1482 748 coherceri.

245 795 372 850 158.
411 793 492 846 ,γρ
519 796 732 846 clericus
757 793 867 844 sine
893 792 1144 859 permissu
1167 790 1392 858 episcopi
1431 787 1510 859 sui
1558 786 1769 859 proﬁci—

166 878 371 917 scatur.
409 866 490 917 lix
525 857 1028 929 rmriliodguieusi,
1061 857 1289 929 cupihilo
1313 859 1402 912 3:2.
1444 857 1516 909 De
1539 858 1766 929 clericis,

158 938 252 1004 qui
292 938 403 988 sine
432 936 650 1003 cpistola
697 951 765 1003 po
788 928 960 1001 ili/iris
986 934 1086 1004 sui
1125 928 1558 1004 proficiscuntur.
1593 928 1772 1004 lies:

163 998 321 1058 inter
379 998 472 1058 aut
501 998 756 1058 diaconus
819 998 899 1058 vel
950 998 1182 1056 clericus
1230 998 1346 1055 Sine
1381 1000 1635 1052 antistitis
1686 998 1768 1050 sui

160 1078 424 1142 ,ινιδιοιιδ
455 1076 756 1138 ambulans,
798 1073 1148 1128 Communion
1187 1089 1236 1125 In
1268 1074 1318 1126 ei
1347 1069 1524 1125 nullo:
1557 1071 1768 1139 impen-

160 1148 284 1200 dat.
369 1193 373 1198 .
1495 1151 1499 1154 ’

247 1240 373 1293 liii).
408 1240 480 1293 De
510 1240 609 1303 liis,
628 1243 710 1304 cui
735 1240 786 1292 in
809 1238 1035 1306 pmpriis
1049 1236 1329 1309 prorinriis
1358 1253 1460 1309 non
1485 1237 1772 1309 communi-

161 1322 320 1366 cum.
358 1312 438 1364 Ex
487 1314 705 1365 concilio
735 1311 982 1380 Africano
1013 1306 1242 1377 capitulo
1301 1309 1385 1360 18.
1439 1306 1665 1380 Placuit,
1700 1317 1774 1380 ιιι

163 1385 510 1450 quicumque
553 1401 660 1436 non
693 1378 1100 1436 communicatis
1126 1382 1176 1432 in
1210 1379 1425 1447 propria
1467 1378 1769 1444 provincia,

163 1454 222 1505 in
261 1456 387 1507 aliis
419 1453 714 1521 provinciis
746 1453 823 1504 vel
859 1451 1236 1505 transmarnis
1262 1451 1501 1518 partibus
1529 1452 1596 1502 ad
1620 1465 1773 1521 einnf

163 1519 567 1578 niiinicandniu
592 1523 919 1592 obrepserit,
952 1523 1214 1576 iacturam
1242 1521 1640 1575 comunmionis
1686 1519 1771 1575 vel

162 1598 469 1649 clericatus
499 1596 752 1664 exeipiat.

244 1685 374 1742 160.
410 1686 486 1740 De
533 1687 886 1756 patratoribus
931 1686 1252 1740 diversarum
1302 1684 1578 1738 malorum.
1635 1680 1775 1738 Sunt

165 1771 315 1812 sane
344 1759 682 1813 diversorum
716 1759 980 1812 malorum
1035 1765 1360 1823 patratures.
1405 1770 1546 1825 quos
1588 1765 1644 1809 et
1687 1756 1772 1809 lex

163 1830 363 1882 divina
396 1829 646 1898 inprobat
675 1839 731 1884 et
757 1829 1156 1897 conileinp-iat;
1201 1842 1300 1896 pro
1329 1841 1561 1892 quorum
1609 1826 1772 1880 etiam

161 1901 409 1955 diversis
435 1899 734 1955 sceleribus
764 1913 820 1955 et
857 1899 1071 1969 llagitiis
1094 1898 1326 1967 p0pulus
1356 1898 1497 1969 tame
1519 1909 1575 1952 et
1605 1899 1773 1965 pesti-

161 1969 344 2025 lentia
376 1972 680 2039 ﬂagellatur
703 1981 760 2026 et
813 1967 1078 2026 ecclesiae
1136 1980 1312 2022 status
1367 1967 1669 2022 iiilirmatur
1718 1979 1772 2022 et

163 2056 404 2108 regnum
428 2042 789 2112 periclitatur.
826 2040 888 2094 Et
917 2056 1244 2110 quamquam
1298 2040 1436 2093 haec
1469 2040 1542 2112 in
1600 2042 1772 2094 sacris

161 2113 410 2182 eloquiis
437 2113 570 2166 satis
594 2118 703 2168 sint
733 2123 1033 2176 exsecrata,
1070 2125 1169 2166 niis
1209 2111 1576 2165 necessarium
1610 2125 1768 2178 prae-

163 2183 433 2247 vidiinus,
465 2184 660 2238 iterum
709 2194 894 2240 nostra
949 2182 1359 2243 ammoaitione,
1391 2182 1772 2236 exhortatione

165 2263 345 2324 atque
391 2256 752 2325 prohibitione
813 2254 1126 2325 praecaveri
1192 2253 1415 2307 omnino
1472 2263 1770 2322 oportere;

165 2327 322 2379 sicut
344 2336 469 2380 sunt
495 2327 829 2381 diversarum
878 2325 1235 2394 pollutionuin
1285 2333 1610 2392 patratores,
1642 2340 1775 2392 quas

165 2411 300 2468 cuin
360 2397 614 2452 masculis
665 2405 722 2452 et
765 2396 1050 2468 pecoribus
1105 2395 1346 2449 nonnulli
1396 2395 1777 2468 diversissimis

165 2467 358 2539 modis
381 2469 707 2539 admittunt;
739 2466 880 2539 quae
909 2467 1388 2539 incomparabilem
1431 2466 1588 2521 dulce
1609 2469 1774 2521 linem

172 2538 412 2606 piissimi
470 2537 771 2594 Creatoris
805 2540 872 2594 ad
933 2537 1348 2592 amaritudinem
1419 2548 1776 2604 provocantes

169 2617 338 2665 tanto
388 2613 606 2680 gravius
643 2610 982 2678 delinquunt,
1015 2622 1221 2680 quanto
1277 2616 1468 2662 contra
1527 2619 1776 2680 naturain

163 2679 432 2749 peceaiit.
463 2679 567 2736 Pro
597 2697 704 2750 quo
730 2683 892 2736 etiam
922 2681 1130 2735 scelere
1159 2679 1283 2748 igne
1311 2681 1535 2734 coelesti
1566 2679 1775 2734 conlla-

165 2763 368 2818 gratae
399 2752 700 2823 infernique
726 2753 875 2807 hiatu
904 2751 1145 2822 quinque
1175 2760 1466 2818 aiisorptae
1492 2763 1619 2804 sunt
1647 2753 1780 2823 civ.-

167 2831 340 2894 tates.
376 2839 588 2878 necnon
611 2822 970 2894 Quadraginta
998 2832 1054 2894 et
1082 2837 1148 2876 eo
1181 2823 1414 2891 amplius
1439 2825 1604 2894 ⁸ιιιιΙιιι
1655 2822 1776 2876 stir-

167 2893 252 2961 pis
284 2890 670 2952 Ueniaiiiineae
721 2890 981 2950 mucrone
1034 2890 1280 2948 fraterno
1323 2890 1574 2948 ουιιῐυτείι
1629 2904 1775 2950 sunt.

170 2966 328 3020 llaec
351 2981 514 3035 porro
539 2965 732 3022 indicia
753 2975 808 3020 et
834 2964 1116 3020 evidentes
1163 2963 1430 3019 vindictae
1480 2965 1778 3031 declarant,

170 3049 346 3103 quam
378 3037 700 3092 detestabile
729 3047 785 3092 et
812 3036 1150 3093 exsecrabile
1179 3037 1320 3104 apud
1369 3035 1603 3090 divinam
1662 3051 1777 3089 nia-

173 3109 433 3162 iiestateiii
467 3109 569 3164 hoc
605 3109 794 3162 vitium
848 3115 1015 3164 estet.
1065 3107 1280 3178 Scimus
1326 3109 1492 3170 enim,
1527 3108 1782 3178 quoniam

153 3178 375 3238 talium
406 3181 691 3235 criminum
735 3189 1039 3250 palratores
1083 3181 1170 3250 lex
1220 3175 1482 3243 Romana,
1512 3175 1652 3248 quae
1703 3186 1786 3250 est

175 3251 430 3302 omnium
482 3249 837 3305 humanarum
893 3258 1065 3306 mater
1112 3249 1330 3319 legum,
1384 3250 1506 3318 igne
1554 3249 1785 3304 cremari

181 3319 361 3374 iubet.
392 3320 553 3376 Vobis
583 3337 710 3392 ergo
753 3322 1004 3376 onmibus
1052 3321 1366 3376 terribil.ti-r
1409 3324 1788 3376 denuntiainus
1820 3325 1864 3386 C

175 3394 495 3462 vestrisque
523 3391 732 3448 cunctis
764 3409 826 3447 ac
858 3393 1011 3446 vobis
1041 3391 1426 3446 l'amulantibus
1456 3402 1619 3460 atque
1663 3395 1789 3446 sub-

182 3463 323 3534 ditis
355 3479 459 3518 una
490 3465 894 3519 vobiscum’sub
943 3465 1034 3517 Dei
1081 3464 1328 3534 districto
1376 3464 1574 3518 iudicio
1630 3473 1790 3534 atque

177 3533 451 3607 lidelitate
481 3547 661 3590 nostra
689 3536 1066 3607 praecipimus,
1098 3535 1165 3588 ab
1213 3534 1294 3607 bis
1333 3535 1533 3607 caveri,
1565 3545 1618 3590 et
1660 3533 1791 3590 haec

179 3605 512 3661 facientibus
552 3623 650 3662 nec
677 3605 855 3662 verbis
878 3605 986 3662 nec
1028 3608 1182 3662 tactis
1211 3606 1318 3661 ullo
1351 3606 1512 3659 modo
1561 3621 1789 3663 consen-

181 3677 328 3737 tire;
361 3679 618 3746 quoniam
667 3680 754 3749 qui
807 3679 934 3733 talia
986 3687 1170 3749 agunt,
1205 3677 1454 3746 apostolo
1497 3680 1788 3748 polleeate

182 3760 421 3816 regnum
455 3749 547 3803 Dei
577 3767 682 3805 non
715 3750 1390 3819 consequentur.'l‘cmpus
1414 3764 1648 3818 namque
1680 3759 1781 3816 est,

191 3829 252 3869 ut
286 3820 621 3894 multitudini
650 3825 924 3890 pereuntis
973 3821 1180 3894 p0|tull_
1210 3819 1460 3894 paicatis,
1509 3824 1600 3889 qui
1641 3824 1651 3852 ‘
1701 3838 1787 3876 se-

179 3893 409 3956 quendo
437 3893 684 3962 eseinpla
719 3891 990 3960 peccantis
1014 3891 1270 3964 principis
1307 3893 1536 3946 cadebat
1582 3895 1632 3948 iii
1684 3909 1785 3962 pu-

184 3969 341 4014 teuin
371 3964 562 4017 mortis
605 3984 618 4017 ;
667 3964 790 4032 quia
842 3974 1310 4035 quantuscumque
1359 3964 1444 4016 vel
1498 3979 1594 4032 per
1645 3967 1786 4019 bona

183 4035 441 4101 exempla
468 4037 533 4087 ad
568 4035 728 4088 vitam
757 4038 1010 4090 coelestis
1033 4035 1244 4105 patriae
1284 4037 1654 4090 contraliiiims
1703 4043 1788 4092 vel

183 4117 284 4172 per
313 4107 453 4177 mala
483 4110 728 4175 exempla
758 4106 825 4160 ad
855 4109 1210 4177 perditionem
1239 4113 1525 4174 sequentes
1559 4109 1784 4176 praeibi-

186 4191 314 4228 inus
339 4176 380 4240 ‘,
421 4177 489 4230 de
517 4180 677 4230 tantis
721 4176 910 4246 procul
934 4179 1102 4233 dubio
1131 4176 1200 4231 ab
1230 4189 1454 4231 aeterno
1497 4178 1673 4233 iudce
1705 4180 1786 4233 vel

185 4261 400 4316 poenas
430 4251 510 4302 vel
535 4263 772 4318 praemia
796 4251 1072 4320 accepturi
1096 4263 1301 4320 sumus.
1355 4248 1412 4301 Si
1466 4250 1609 4304 enim
1656 4266 1788 4318 griis

183 4330 400 4391 nostra,
433 4332 571 4374 scut
594 4335 690 4389 per
712 4320 844 4389 istas
875 4319 1182 4391 provincias
1231 4319 1564 4388 divulgatum
1613 4335 1696 4376 est
1733 4333 1788 4376 et

185 4390 350 4443 nobis
381 4394 434 4443 in
461 4391 685 4444 Francia
716 4403 771 4445 et
799 4392 850 4446 in
874 4390 1026 4447 ltalia
1069 4393 1450 4458 inproperatur
1477 4401 1534 4446 et
1561 4393 1628 4447 ab
1659 4395 1787 4462 ipsis

188 4462 421 4529 paganis
451 4463 820 4532 iapiOperium
851 4472 952 4526 est,
986 4462 1180 4532 spretis
1212 4462 1472 4530 legalibus
1500 4466 1787 4520 connubiis

189 4537 555 4587 adniterando
581 4543 637 4587 et
693 4535 1017 4588 luxuriando
1065 4533 1131 4586 ad
1179 4533 1348 4587 instar
1394 4533 1787 4592 Sodountanae

189 4606 372 4670 gentis
401 4602 614 4658 loedain
648 4606 812 4659 vitam
836 4608 1054 4661 duxerit
1085 4621 1113 4672 ε,
1139 4605 1208 4659 de
1255 4603 1348 4657 tali
1394 4607 1786 4663 commixtione

189 4676 544 4729 meretricum
578 4677 970 4731 aestimandum
1000 4683 1084 4730 est
1125 4675 1422 4744 degeneres
1461 4684 1690 4746 populos
1729 4689 1785 4734 et

191 4745 460 4812 ignobiles
486 4755 543 4800 et
566 4749 805 4804 l'uientes
829 4749 1046 4804 libidine
1086 4747 1202 4801 fore
1227 4745 1609 4815 proci-candus,
1635 4760 1689 4804 et
1717 4750 1785 4805 ad

188 4825 500 4872 extremum
528 4835 831 4874 universam
864 4819 1073 4884 plebem
1099 4818 1167 4870 ad
1208 4821 1485 4872 deteriora
1527 4834 1582 4874 et
1634 4823 1787 4890 igno-

190 4890 384 4946 biliora
417 4902 752 4960 vergentem,
785 4901 840 4944 et
870 4891 1160 4944 novissime
1189 4904 1290 4943 nec
1319 4890 1371 4943 iii
1391 4891 1532 4945 bello
1553 4895 1788 4948 seCulari

193 4967 390 5018 torteiu
416 4959 531 5015 nee
551 4977 604 5014 in
639 4963 739 5015 lide
760 4960 1008 5015 stabilem
1039 4969 1092 5016 et
1123 4977 1222 5015 nec
1269 4959 1643 5018 lionorabilein
1689 4968 1785 5019 lio-

192 5034 430 5087 unuibus
453 5048 551 5086 nec
574 5032 685 5086 Deo
707 5037 994 5086 amabilem
1018 5048 1134 5087 esse
1159 5042 1436 5085 venturam
1463 5054 1474 5085 :
1507 5041 1647 5089 sicut
1669 5038 1788 5091 aliis

189 5105 447 5171 gentibus
496 5103 820 5176 Hispaniae,
860 5101 1176 5176 Provinciae
1230 5114 1284 5156 et
1342 5103 1782 5173 lliisgundiOnnm

191 5177 407 5244 populis
435 5175 682 5242 Contigit,
713 5189 855 5243 quae
884 5178 962 5230 sic
992 5190 1024 5229 a
1051 5175 1162 5229 Deo
1194 5178 1510 5247 recedentes
1554 5180 1788 5233 l'orinca-

192 5258 278 5302 tae
307 5257 457 5313 sunt,
493 5247 851 5301 donecludex
883 5248 1227 5315 omnipotens
1269 5249 1456 5300 talium
1503 5252 1789 5304 criminum

192 5320 418 5374 ultrices
450 5335 653 5388 poenas
679 5336 775 5389 per
797 5319 1155 5388 ignorantiam
1190 5319 1322 5386 legis
1346 5319 1438 5372 Dei
1467 5331 1522 5374 et
1550 5340 1643 5391 per
1665 5324 1793 5376 Sar-

194 5406 424 5448 I‘JCCIIUS
483 5392 666 5446 venire
713 5401 769 5446 et
799 5395 1004 5448 servire
1047 5401 1314 5460 permisit.
1371 5398 1434 5444 ιιι
1475 5399 1794 5459 notandum,

192 5469 338 5536 quod
370 5466 424 5520 in
456 5465 549 5518 illo
579 5464 781 5518 scelere
819 5466 962 5520 aliud
1009 5468 1243 5520 immane
1280 5469 1538 5534 ilagitiunt
1588 5470 1801 5525 subter-

609 439 761 494 COD.
807 437 1080 493 Dll‘l.l).\l.
1126 463 1192 474 —-
1237 427 1598 487 BENEDICTI
1642 420 2159 480 C.\PlTl'l..\l’illi.\l
2205 415 2606 474 COLIECTIO.
2651 445 2714 456 —
2759 413 2913 469 ann.
2959 412 3044 467 Π.

3371 410 3476 467 910

1867 542 2017 601 latet,
2040 541 2088 592 id
2108 537 2569 593 estlioniicidinm.
2597 535 2732 602 Quia
2749 534 2872 588 dum
2893 535 3214 587 illacmcrcti
3233 547 3340 586 tces
3363 532 3477 585 sive

1879 610 2288 665 monasteriales
2311 614 2421 660 sive
2458 606 2730 661 scculares
2757 606 2895 658 male
2922 611 3218 673 conceptas
3258 602 3476 658 suboles

1881 685 1931 736 iii
1973 682 2207 749 pl‘Cl'ulls
2235 685 2556 742 genuerunt,
2588 693 2751 749 saepe
2788 676 3018 749 maxima
3052 689 3133 749 ev
3181 684 3472 749 parte_o_c-

1877 745 2078 810 ι·ιι1ιιιιι,
2097 768 2200 803 ιιυιι
2228 753 2513 820 intplentes
2535 747 2733 820 Christi
2756 748 3020 820 ecclesias
3047 746 3166 820 liliis
3184 745 3475 820 alloptiyis,

1877 827 1969 876 sed
2003 823 2238 876 tinnulos
2269 816 2588 888 corporibus
2616 829 2671 873 et
2693 816 2893 888 inferos
2938 816 3147 871 miseris
3187 817 3475 870 animabus

1880 897 1898 921 λ
1931 896 2149 947 satiant.
2205 893 2353 944 Absit
2376 887 2547 953 enim,
2596 900 2654 943 ut
2681 904 2778 958 pro
2827 887 3025 942 talibus
3068 888 3304 956 pereatis
3333 888 3373 948 ⁵,
3421 895 3477 958 et

1880 983 1977 1018 nos
2017 962 2173 1016 simul
2198 979 2318 1015 cum
2345 975 2512 1028 regno
2540 957 2800 1014 cadanius‘
2825 960 3107 1025 gloriaque
3133 959 3296 1012 tutius
3321 957 3473 1026 regni

1879 1045 2092 1105 pereat;
2126 1033 2469 1105 quoniach
2501 1031 2949 1105 praecedentibus
2973 1029 3310 1097 agitavimus,
3335 1043 3477 1105 quae

1877 1099 2177 1166 seruiiiris',
2235 1105 2334 1158 nisi
2392 1103 2635 1171 praevisa
2703 1100 2923 1165 luerint,
2964 1110 3189 1168 possunt
3233 1099 3475 1156 evenire.

1875 1180 2054 1231 Satius
2079 1184 2158 1230 est
2186 1189 2404 1244 quoque
2435 1174 2592 1226 nobis
2641 1172 2838 1244 tali-ns
2881 1185 3090 1232 carere,
3116 1185 3306 1244 quam
3353 1185 3476 1244 cum

1878 1249 1959 1301 liis
1985 1261 2166 1310 ruere,
2191 1241 2524 1312 regnumque
2555 1246 2623 1296 ab
2652 1243 2847 1297 etnicis
2874 1251 3037 1310 atque
3077 1241 3194 1312 eius
3248 1241 3477 1312 popula-

1879 1322 2024 1372 rilins
2056 1319 2232 1371 laturo
2260 1310 2503 1384 tempore
2545 1313 2808 1366 ailnnllari
2857 1312 2938 1366 vel
2985 1310 3294 1384 possiileri._
3324 1311 3479 1384 Scire

1877 1389 2020 1443 enim
2050 1403 2147 1442 vos
2177 1381 2446 1455 rupimus,
2473 1386 2784 1455 quicunque
2814 1384 2832 1412 ⁵
2860 1398 3025 1453 super
3056 1383 3136 1455 liis
3159 1391 3250 1436 ant
3275 1381 3478 1436 f’Clt‘liS

1878 1471 1972 1512 aut
2005 1454 2619 1513 libeiiter'consentieus
2672 1458 2919 1510 inventus
2969 1454 3150 1512 luerit.
3208 1470 3304 1507 nos
3351 1469 3474 1507 cum

1879 1533 2025 1584 iuxta
2061 1529 2401 1600 praedictam
2433 1527 2730 1580 Romanam
2765 1526 2936 1593 legem
2971 1528 3162 1600 punire
3187 1526 3227 1600 ἢ.
3270 1597 3277 1600 Α
3442 1597 3450 1600 _
3493 1574 3498 1584 ,

1951 1597 2073 1654 ltili
2110 1600 2184 1652 De
2209 1615 2286 1662 eo,
2319 1599 2404 1666 qui
2438 1600 2650 1666 propria
2678 1613 2835 1651 inore
2863 1597 3107 1650 derelicia
3131 1598 3204 1648 rel
3234 1597 3346 1649 sine
3365 1597 3481 1648 rui-

1877 1689 1944 1742 pa
1975 1674 2245 1742 iiiicrferti
2279 1674 2437 1742 unum
2474 1669 2632 1742 diuit.
2679 1668 3020 1742 Quicumque
3053 1667 3267 1742 propria
3300 1682 3481 1742 uxore

1879 1737 2136 1798 derelicta
2166 1741 2249 1794 vel
2281 1740 2397 1794 sine
2427 1740 2586 1809 culpa
2613 1737 2910 1809 interfecta
2930 1737 3090 1791 aliain
3122 1737 3358 1809 deserit,
3386 1752 3480 1791 ar-

1880 1815 1983 1868 mis
2011 1811 2274 1881 ilepnsitis
2300 1807 2572 1880 publicani
2597 1820 2722 1876 agat
2752 1808 3169 1881 poenitentiam.
3191 1807 3256 1881 Et
3277 1809 3320 1862 si
3346 1824 3482 1881 eon-

1885 1894 2068 1938 tnmax
2088 1879 2280 1944 luerit,
2303 1879 2796 1950 coinprelieailatnr
2826 1895 2854 1932 a
2883 1879 3082 1933 comite
3110 1887 3164 1933 et
3195 1880 3338 1932 l'erro
3364 1880 3484 1935 vin-

1811 1944 1851 2003 Β
1879 1955 2054 2010 ciatur
2084 1964 2137 2008 et
2172 1957 2222 2007 in
2255 1944 2502 2008 custodia
2536 1954 2803 2018 mittatur,
2825 1949 3000 2005 donec
3031 1964 3117 2004 res
3139 1949 3204 2003 ail
3235 1958 3480 2006 nostram

1876 2027 2121 2081 notitiam
2151 2025 2473 2079 delucatur.
3344 2090 3346 2092 ν

1959 2096 2072 2150 .Gi.
2104 2095 2180 2148 De
2209 2113 2288 2158 eo,
2323 2099 2418 2158 qui,
2442 2111 2520 2148 res
2549 2094 2750 2147 alienas
2779 2092 2917 2146 malo
2948 2092 3158 2160 ingenio
3188 2102 3386 2160 emptas
3424 2096 3486 2156 ﬁ-

1875 2168 1946 2223 lio
1977 2185 2068 2221 suo
2100 2179 2186 2219 aut
2217 2167 2422 2220 cuilibet
2451 2182 2701 2236 personae
2740 2165 2994 2236 legitimos
3026 2179 3212 2236 (uiues
3235 2179 3338 2236 non
3390 2167 3484 2236 lia-

1875 2240 2011 2293 benti
2052 2237 2348 2292 tradiderit.
2383 2234 2724 2306 Quicumque
2765 2235 3104 2306 resalicnas.
3127 2234 3354 2289 cuilibet
3389 2235 3486 2292 lio-

1877 2312 2006 2366 mini
2039 2309 2348 2372 viniliderit,
2366 2317 2421 2362 et
2444 2309 2558 2376 ipse
2581 2305 2765 2369 homo,
2790 2305 2883 2374 qui
2905 2310 3122 2359 easdem
3148 2320 3234 2377 res
3255 2321 3484 2377 compa-

1877 2391 2022 2436 ratas
2049 2379 2231 2444 habet,
2265 2395 2363 2450 per
2384 2377 2876 2450 malumingenium
2900 2377 3123 2450 proprio
3155 2376 3263 2450 lilio
3291 2376 3486 2450 autal-

1879 2453 1980 2508 teri
2004 2451 2222 2506 cuilibet
2244 2448 2474 2505 necdum
2502 2449 2769 2517 legitimos
2793 2461 2966 2502 annos
2997 2448 3214 2502 liabenti
3249 2449 3489 2504 iustitiae

1879 2524 2150 2578 tollendae
2194 2538 2356 2576 causa
2389 2520 2700 2584 tradiderit,
2752 2521 2999 2572 volumus
3048 2528 3211 2584 atque
3262 2517 3489 2576 ﬁrmiter

1878 2593 2260 2676 praecipimus,
2292 2602 2350 2648 ut
2374 2591 2419 2648 si
2444 2599 2598 2676 pater
2623 2591 2862 2676 eiusdem
2886 2590 3092 2676 parvuli
3128 2590 3342 2676 riserit,
3375 2590 3491 2676 ipse

1883 2659 2046 2720 intret
2069 2659 2128 2718 in
2159 2678 2377 2718 causam
2422 2659 2686 2718 rationem
2719 2659 2974 2714 reddendi
3007 2675 3105 2731 pro
3139 2660 3248 2715 lilio
3277 2659 3406 2716 suo.
3429 2661 3490 2718 Si

1881 2746 2063 2791 autem
2096 2735 2210 2803 ipse
2242 2744 2412 2806 pater
2437 2743 2684 2806 mortuus
2723 2741 2840 2798 est,
2886 2743 3014 2806 tunc
3055 2731 3334 2806 legitimus
3375 2734 3493 2806 eius

1883 2802 2256 2877 propinquus,
2282 2807 2371 2874 qui
2403 2805 2542 2877 iuste
2572 2805 2622 2858 ei
2670 2813 2814 2877 tutor
2833 2811 2937 2877 aut
2977 2802 3232 2877 defensor
3261 2818 3381 2858 esse
3412 2805 3491 2859 vi-

1882 2872 2070 2937 detur.
2100 2872 2217 2945 pro
2249 2872 2365 2945 ipso
2407 2876 2675 2930 rationem
2716 2872 2943 2928 reddere
2974 2873 3334 2942 compellatur
3367 2893 3380 2928 :
3416 2877 3491 2929 si-

1884 2949 2087 3003 militer
2117 2948 2185 3001 de
2216 2949 2335 3002 aliis
2366 2948 2620 3001 omnibus
2665 2945 2883 3000 iustitiis
2914 2945 2980 2999 ad
3014 2960 3138 2998 eum
3173 2946 3493 3014 pertinenti-

1885 3020 2025 3080 bus;
2055 3028 2410 3088 exccpta_sna
2455 3018 2694 3086 legitima
2729 3016 3242 3088 liereilitate,jquae
3291 3018 3342 3071 ei
3396 3033 3496 3087 per

1890 3081 2308 3171 s_iiccessioiieiii'
2346 3081 2629 3171 parenium
2686 3101 2914 3141 suorum
2973 3081 3214 3171 legitime
3268 3081 3493 3144 evenire

1889 3162 2095 3216 debuit.
2120 3159 2274 3227 Quod
2320 3159 2365 3215 si
2407 3161 2527 3229 quis
2571 3160 2712 3214 lianc
2748 3167 2994 3213 nostram
3031 3159 3323 3213 nissioncm
3356 3175 3484 3214 cou-

1891 3236 2173 3301 tempserit
2200 3232 2285 3286 vel
2318 3233 2634 3299 neglexerit,
2659 3229 2799 3284 sicut
2829 3230 2897 3284 de
2926 3231 3129 3301 ceteris
3150 3239 3495 3300 contempti»

1896 3300 2068 3369 rbus,
2101 3305 2172 3356 ita
2204 3304 2271 3358 de
2301 3317 2367 3356 eo
2396 3311 2608 3373 agatur.
2647 3303 2692 3355 Is
2722 3315 2852 3373 vero
2892 3301 2982 3370 qui
3011 3300 3226 3355 easdem
3258 3315 3346 3356 res
3380 3302 3492 3373 pri-

1898 3391 2016 3428 mus
2048 3367 2242 3428 invasit
2269 3382 2325 3428 et
2356 3367 2550 3427 iniuste
2579 3371 2835 3434 vendidit,
2871 3367 3079 3426 necnon
3103 3379 3157 3427 et
3190 3367 3489 3440 emptores,

1895 3455 2125 3512 excepta
2147 3447 2263 3500 sola
2295 3460 2525 3514 persona
2552 3443 2782 3512 parvuli,
2815 3442 2920 3497 hoc
2948 3443 3092 3514 quod
3126 3443 3499 3500 fraudulenter

1894 3517 2260 3579 admiserunt,
2311 3516 2449 3569 intra
2501 3517 2730 3583 patriam
2791 3516 3082 3568 emendare
3127 3524 3413 3582 ciigaritur,
3444 3525 3500 3570 et

1895 3589 2254 3668 posteansicut
2280 3595 2686 3668 contemptores
2699 3585 2965 3668 'inssinnis
2993 3595 3212 3666 nostrae
3233 3585 3335 3640 sub
3365 3587 3497 3668 lide-

1895 3656 2194 3713 inssoribus
2242 3663 2308 3711 al
2344 3667 2586 3712 nostram
2631 3656 2997 3729 piaeseutiam
3040 3658 3230 3711 venire
3268 3656 3496 3730 conpelo

1894 3731 2090 3782 lantur.

1964 3823 2086 3876 luIS.
2118 3823 2182 3877 Ut
2211 3823 2274 3876 de
2295 3839 2592 3876 unoumuso
2622 3823 2689 3875 ad
2715 3822 2986 3875 ecclesiam
3015 3822 3137 3874 dato
3168 3821 3367 3876 nullum
3394 3822 3493 3875 Itu-

1892 3913 2104 3948 manum
2136 3896 2375 3965 exigatur
2404 3894 2688 3947 seri-ilium.
2725 3893 2877 3965 Quod
2896 3893 2983 3962 qui
3017 3894 3221 3965 iecerit,
3254 3910 3370 3965 cum
3402 3911 3499 3965 sua

1893 3968 2002 4033 leue
2031 3963 2280 4019 emendet.
2333 3966 2406 4020 De
2457 3982 2565 4018 uno
2597 3980 2786 4018 inanso
2816 3963 2882 4017 ad
2915 3964 3200 4030 ecclesiam
3247 3963 3401 4023 dato.
3431 3964 3503 4018 de

1892 4054 2000 4106 quo
2027 4037 2190 4108 aliqui
2225 4037 2471 4090 homines
2497 4044 2684 4090 contra
2714 4044 2914 4088 statuta
2940 4036 3040 4089 sibi
3070 4035 3348 4108 servitium
3378 4037 3500 4090 exi-

1890 4118 2042 4178 gunt,
2067 4106 2392 4177 quicumque
2424 4123 2520 4178 pro
2553 4107 2653 4160 liae
2688 4121 2851 4161 causa
2883 4114 3169 4160 aecusatus
3200 4106 3384 4173 luerit,
3417 4122 3504 4162 co.

1893 4196 2007 4234 mes
2031 4183 2113 4234 vel
2144 4179 2288 4232 missi
2319 4178 2441 4240 hoc,
2471 4180 2615 4246 quod
2642 4179 2765 4230 inde
2788 4179 3122 4231 subtractum
3149 4186 3256 4243 est,
3291 4179 3503 4246 presbi-

1893 4253 2022 4306 teris
2043 4265 2164 4304 cum
2196 4265 2293 4303 sua
2324 4249 2444 4317 lege
2475 4250 2683 4303 restitui
2721 4248 2939 4303 faciant.
2969 4247 3040 4304 Et
3069 4249 3403 4319 quicumque
3433 4250 3514 4304 de

1892 4338 1999 4375 uno
2031 4336 2220 4376 inanso
2251 4322 2315 4372 ad
2347 4321 2630 4376 ecclesiam
2661 4321 2792 4374 dato
2823 4331 3038 4389 praeter
3068 4319 3498 4374 ecclesiasticum

1889 4396 2134 4462 exegerit
2165 4393 2470 4458 servitium,
2498 4391 2756 4462 episeopo
2787 4392 2874 4446 vel
2913 4391 3114 4446 comite
3143 4390 3501 4460 distringente

1890 4463 1993 4518 boc
2023 4464 2228 4534 legibus
2258 4463 2532 4518 emendet.

1969 4557 2085 4611 Ilii.
2116 4557 2197 4611 De
2229 4559 2330 4624 his,
2363 4557 2451 4625 qui
2481 4571 2643 4610 nonas
2671 4566 2718 4610 et
2749 4556 2972 4609 decimas
3003 4556 3079 4610 vel
3108 4559 3503 4612 restaurationes

1889 4641 1975 4682 aut
2009 4646 2192 4684 census
2222 4634 2348 4686 dare
2377 4631 2674 4698 neglegunt,
2707 4638 2757 4680 ut
2790 4627 2883 4680 hoc
2915 4630 3112 4695 legibus
3155 4632 3420 4682 rmrmlent
3453 4643 3499 4684 et

1819 4721 1862 4776 ι)
1893 4706 2105 4770 insuper
2150 4704 2372 4776 baunum
2402 4712 2654 4776 nostrum
2687 4701 2996 4776 persoiriuit.
3032 4701 3103 4754 lle
3133 4699 3236 4765 liis,
3267 4703 3356 4768 qui
3400 4715 3501 4755 tto-

1895 4791 1991 4828 nas
2037 4783 2092 4827 et
2133 4775 2369 4826 decimas
2401 4773 2502 4824 iatn
2538 4787 2629 4838 per
2669 4771 2863 4824 inultos
2904 4786 3074 4824 annos
3125 4783 3212 4823 aut
3253 4787 3316 4824 ex
3353 4783 3504 4838 parte

1897 4855 1987 4898 aut
2018 4861 2078 4896 ex
2112 4854 2224 4897 toto
2250 4845 2380 4897 dare
2409 4843 2774 4910 neglexerunt,
2813 4843 3081 4909 volumus,
3109 4853 3164 4894 nt
3187 4858 3282 4908 per
3311 4845 3505 4900 missos

1900 4925 2110 4970 nostros
2130 4918 2588 4982 ciiiistringaiitnr.
2609 4923 2664 4966 ut
2688 4914 3342 4980 secundumcapitiilaretn
3369 4929 3506 4983 prino

1901 5004 2012 5039 rem
2045 4989 2257 5041 solvant
2287 4988 2442 5039 unius
2472 4985 2597 5038 anni
2631 5001 2825 5038 nonam
2857 4993 2913 5038 et
2943 4986 3210 5038 decimam
3250 5000 3371 5038 cum
3404 5000 3502 5040 sua

1899 5061 2016 5121 lege
2046 5069 2098 5112 et
2131 5057 2346 5124 insuper
2379 5057 2610 5110 bamnnn
2659 5065 2923 5109 nistrnm.
2961 5055 3015 5106 lii
3059 5058 3157 5108 bur.
3185 5055 3263 5110 i-is
3291 5057 3504 5110 «lenun-

1898 5131 2080 5192 tietnr,
2113 5132 2591 5199 quodqniiruiuqiie
2619 5133 2754 5181 lianc
2780 5127 3172 5196 neglegentiam
3199 5130 3507 5191 iteraverit,

1902 5202 2239 5263 benelicinm,
2292 5200 2432 5255 unde
2479 5201 2609 5253 liaec
2660 5214 2797 5253 iiuna
2825 5209 2880 5252 et
2905 5200 3111 5253 decima
3151 5199 3380 5266 persolvi
3409 5200 3503 5252 de-

1905 5277 2035 5334 buit,
2075 5276 2395 5326 ainissmnin
2430 5287 2490 5325 se
2532 5273 2686 5325 sciat.
2720 5271 2789 5323 Ita
2820 5269 2963 5322 enim
2996 5269 3297 5324 continetur
3327 5272 3377 5322 in
3413 5283 3505 5326 ca-

1911 5348 2139 5413 pitulare
2187 5347 2359 5396 bonae
2404 5343 2696 5397 memoriae
2726 5340 2986 5409 genitoris
3015 5338 3182 5395 nostri
3212 5342 3263 5413 riu
3296 5342 3431 5395 libro
3465 5356 3504 5406 ι,

1911 5412 2144 5481 Capitnlo
2182 5416 2302 5476 15.7,
2341 5432 2358 5464 ι
2398 5425 2457 5467 ιιι
2489 5415 2505 5441 ⁷
2540 5429 2713 5475 iiquae
2745 5425 2797 5467 ct
2825 5415 3068 5466 decimae
3102 5412 3306 5481 legibus
3335 5427 3503 5467 rewa-

1913 5488 2126 5538 dicntnr
2167 5497 2220 5540 et
2262 5488 2479 5555 insuper
2527 5487 2734 5539 liannus
2773 5486 3077 5538 doninicns
3112 5499 3140 5537 a
3189 5485 3506 5555 neglegente

1451 5635 1839 5693 VAIllANThS
1873 5637 2246 5696 LECTIONES

270 5760 285 5789 '
319 5771 466 5832 quae
493 5754 666 5832 Bal}
701 5750 969 5820 praeimus
997 5748 1118 5832 lia].
1147 5751 1486 5832 praeveimus
1526 5749 1715 5832 G._ve_l
1743 5751 2707 5832 perveliimusmargi‘niadicriptuni.
2742 5827 2751 5832 _
2791 5755 2810 5784 ³
2839 5754 2915 5832 sic
2957 5752 3022 5832 (ἓἶ
3047 5770 3306 5832 eccam,
3337 5756 3508 5824 primo
3539 5755 3542 5760 ’

199 5819 521 5884 animalibus
551 5819 794 5877 habuerat
825 5831 878 5872 ut
909 5831 956 5872 et
989 5819 1106 5873 Bal.
1189 5822 1206 5849 ’⁸
1234 5823 1470 5890 peccatis
1499 5825 1636 5876 coni.
1676 5819 1792 5876 Bel.

1868 5826 1887 5852 ⁵
1918 5840 1966 5876 (⁵.
2009 5825 2136 5891 Quia
2166 5824 2375 5892 anul.

2455 5828 2474 5854 ⁸
2508 5829 2557 5878 iii
2583 5827 2819 5895 margine
2851 5825 2918 5877 (ἐ.
2953 5825 3201 5878 addidit:
3234 5829 3506 5882 volumus.

201 5902 218 5930 τ
243 5903 367 5954 haec
397 5901 451 5952 in
483 5905 623 5950 tertii
653 5893 857 5968 exhibet
891 5891 1030 5968 Bul.,
1061 5893 1216 5946 minio
1248 5894 1452 5959 scripsit
1483 5896 1548 5948 (ἐ.
1581 5898 1662 5966 qui
1697 5897 1747 5949 in
1773 5897 1883 5949 Iern
1911 5895 2004 5948 hoc
2038 5891 2401 5966 distinguendo
2436 5902 2682 5968 confusus
2702 5891 2708 5895 ⁷
2731 5910 2844 5954 esse
2870 5898 3095 5952 videtur.
3131 5896 3193 5950 In
3227 5900 3511 5968 capimlari

203 5975 312 6041 ipso
342 5987 446 6024 non
475 5972 712 6036 leguntur
743 5967 868 6018 Imm:
900 5963 1066 6018 rcrba.
