3856 6220
431 290 522 383 ξΗ

1337 291 1392 341 ll.
1435 286 1682 344 CAROIJ
1726 286 1931 338 tl.\l‘..\'l
1973 285 2123 340 ()l’l‘.
2169 286 2340 342 PARS
2380 286 2418 340 I.
2463 286 2702 343 SECTIO
2742 291 2754 341 l

3581 284 3660 342 9H

370 433 372 444 ι
427 401 773 467 I'Ersulvatttr.
829 401 893 452 l‘t
933 401 1020 467 qtti
1053 402 1062 428 ‘
1099 399 1446 455 ecclesiarum
1481 401 1730 453 beneﬁcia
1774 401 1988 458 hicat,
2027 407 2068 461 Λ
2105 401 2327 452 rttttluttt
2355 409 2410 453 et
2434 401 3145 466 restauramlum,quantum
3179 400 3294 465 ipse
3321 396 3390 448 de
3417 393 3567 450 rebus
3591 416 3656 449 eis.

427 486 621 524 nonam
649 483 697 524 et
737 472 994 523 tit-rimam
1019 487 1080 522 ex
1114 471 1192 523 eis
1219 471 1496 532 ecclesiae,
1545 472 1695 524 cuius
1723 487 1806 522 res
1843 480 1985 531 Mtttl,

424 541 622 594 donent
648 543 684 593 ¹.
720 539 784 594 Et
817 540 902 608 qui
949 543 1050 594 tale
1081 542 1396 595 beneﬁcium
1429 541 1622 594 habent
1646 584 1657 602 ,
1690 553 1742 593 et
1781 543 1844 592 ad
1883 557 1988 593 me-

423 613 670 664 dietatetu
729 613 986 672 laboraui,
1040 623 1094 664 ιιι
1141 613 1207 664 tle
1258 627 1441 664 eorum
1491 616 1732 678 portione
1776 626 1987 676 proprio

425 683 718 748 presbiteru
771 682 1002 736 «let-imas
1069 681 1289 736 donent.
1340 701 1357 732 ι
1418 682 1548 735 Item
1581 682 1672 734 ἰιι
1714 680 1987 746 capitulari

424 762 608 805 nostro
653 753 701 802 in
741 753 874 804 libro
907 768 962 814 ιι,
996 756 1228 819 capitulo
1254 752 1316 806 ’21
1351 753 1417 806 de
1445 753 1632 806 eadem
1665 767 1720 806 re
1753 752 1770 780 ³
1805 770 1816 803 :
1855 769 1873 800 t
1918 753 1988 804 lic

423 823 576 874 nonis
607 821 816 890 quidem
854 833 904 877 et
946 823 1190 888 decimis,
1233 824 1371 877 unde
1407 833 1460 876 ct
1492 825 1700 887 genitor
1733 832 1912 874 uoster
1937 833 1988 875 et

424 908 518 945 nos
557 894 862 960 frequenter
889 904 940 946 et
973 893 1023 945 in
1056 893 1280 946 diversis
1325 895 1531 962 placitis
1570 894 1988 962 admonitionem

422 964 644 1016 li-cimus
677 976 728 1018 et
770 979 860 1030 ιιοι-
895 965 1202 1030 capitularia
1239 974 1418 1016 nn~tra
1467 963 1688 1025 qualiter
1723 965 1854 1016 haec
1896 961 1990 1014 ob-

421 1044 699 1093 serventur
727 1034 1114 1092 ortlinavimus.
1161 1036 1404 1087 volumus
1443 1045 1600 1101 atque
1633 1034 1893 1095 iubemus,
1934 1043 1991 1084 ut

417 1103 484 1156 tle
513 1105 656 1157 omni
685 1105 1026 1158 conlaboratu
1052 1117 1102 1159 et
1133 1105 1202 1159 de
1232 1106 1350 1158 vino
1387 1114 1440 1158 et
1481 1105 1639 1158 foeno
1682 1104 1992 1171 plenitcret

353 1188 356 1190 ‘
397 1174 645 1228 ‘~lideliter
669 1175 736 1229 ab
763 1177 1009 1229 omnibus
1037 1190 1173 1229 naua
1205 1186 1260 1230 et
1283 1174 1488 1229 decima
1533 1182 1880 1240 persolvatur.
1916 1172 1991 1227 De

405 1244 706 1318 .ttutrilltillc
753 1261 896 1310 vero,
943 1247 1082 1312 quod
1124 1247 1179 1300 in"
1211 1247 1416 1300 decima
1435 1245 1677 1318 dandum
1709 1254 1814 1310 est,
1855 1246 1992 1318 sicut

417 1315 670 1368 hactenus
697 1320 1026 1371 consuetudo
1060 1317 1174 1379 fuit,
1204 1319 1271 1370 ab
1301 1315 1548 1369 omnibus
1575 1318 1909 1369 observetur.
1932 1314 1988 1370 Si

413 1387 532 1452 quis
581 1395 753 1439 tamen
794 1388 1162 1454 episcotiorum
1216 1389 1396 1451 luerit,
1446 1387 1533 1453 qui
1582 1397 1858 1456 argentum
1898 1401 1993 1451 pro

416 1457 516 1506 hoc
545 1458 789 1523 accipere
817 1458 970 1523 \elit,
1007 1459 1060 1512 in
1099 1473 1194 1513 sua
1226 1467 1439 1512 maneat
1469 1468 1728 1528 potestate
1757 1467 1810 1510 et
1847 1458 1990 1510 iuxta

412 1529 554 1605 quod
595 1528 642 1582 ei
683 1538 737 1582 et
772 1528 880 1594 illi,
919 1530 1004 1598 qui
1034 1530 1134 1584 hoc
1170 1530 1474 1598 persolvere
1502 1529 1683 1592 debet,
1722 1542 1990 1588 convene-

412 1606 498 1651 τιι.

458 1666 606 1723 165.
652 1668 780 1737 (166
810 1668 964 1738 Bs...)
1013 1669 1088 1722 De
1131 1671 1228 1733 Itis,
1261 1670 1346 1736 qui
1383 1671 1630 1723 decimam
1681 1667 1993 1722 "ecclesiae

411 1739 618 1802 iniuste,
655 1756 755 1791 non
788 1742 1065 1792 secundum
1097 1741 1480 1805 dispositionem
1523 1739 1749 1806 episcopi
1777 1740 1857 1790 cui
1900 1740 1990 1792 de-

411 1811 573 1874 betur,
604 1810 867 1876 auferunt,
916 1819 962 1864 et
992 1811 1150 1862 aliubi
1195 1820 1282 1864 aut
1327 1820 1533 1878 prapter
1575 1810 1853 1861 amicitiam
1900 1819 1989 1863 aut

413 1891 621 1943 propter
670 1896 881 1932 munera
927 1882 1051 1932 dare
1095 1891 1443 1947 praesumunt.
1476 1881 1809 1946 Quicumque
1839 1880 1982 1934 deci-

414 1964 557 2002 mam
596 1950 858 2002 abstrahit
889 1950 956 2003 de
988 1953 1237 2016 ecclesia,
1279 1951 1346 2004 ad
1393 1967 1550 2019 quam
1596 1965 1692 2018 per
1732 1950 1989 2006 iustitiam

411 2020 525 2072 dari
568 2020 759 2085 debet,
805 2030 858 2073 et
897 2036 1014 2074 eam
1062 2023 1482 2091 praesumptiose
1517 2022 1595 2075 vel
1627 2031 1842 2089 propter
1873 2038 1990 2077 tnu-

416 2105 542 2144 ttera
573 2103 664 2154 aut
693 2091 979 2144 amicitiam
1013 2102 1102 2145 aut
1130 2095 1286 2145 aliam
1320 2092 1614 2161 quamlibet
1650 2095 1987 2147 occasionem

407 2161 472 2212 ad
501 2161 718 2219 alti-ram
750 2163 1033 2216 ecclesiam
1071 2161 1298 2225 dederit,
1340 2179 1368 2216 a
1408 2164 1604 2217 comite
1635 2162 1720 2216 vel
1752 2178 1779 2214 a
1825 2165 1991 2218 misso

408 2241 594 2284 nostro
622 2232 989 2299 distringatur,
1021 2240 1078 2286 ut
1104 2233 1343 2288 eiusdem
1370 2235 1606 2289 decimae
1638 2234 1987 2303 quantitatem

406 2315 527 2353 cum
555 2316 648 2354 sua
679 2304 793 2365 lege
823 2305 1086 2356 restituat.

479 2391 598 2446 166.
627 2393 752 2458 (167
782 2393 937 2463 ΒΑι..)
973 2393 1047 2448 De
1077 2396 1184 2459 his,
1205 2396 1290 2463 qui
1321 2396 1546 2450 decimas
1594 2397 1694 2450 nisi
1721 2413 1753 2449 a
1785 2412 1835 2450 se
1862 2411 1991 2461 quo-

405 2478 507 2538 quo
535 2463 687 2538 modo
717 2464 1054 2529 redimantur,
1082 2467 1208 2518 dare
1236 2469 1526 2538 neglegunt,
1559 2477 1610 2519 ttt
1641 2469 1854 2538 ﬁrmiter
1882 2469 1988 2520 dis-

407 2529 722 2605 tring‘ttntur,
751 2537 970 2603 qualiter
1002 2539 1078 2588 vel
1118 2538 1261 2589 inviti
1291 2529 1403 2589 ltoc'
1425 2529 1708 2590 emendent.
1745 2537 1988 2593 Decimus

406 2619 542 2669 quae
570 2607 794 2671 populus
823 2607 950 2662 dare
978 2623 1083 2661 non
1119 2611 1248 2671 vult,
1281 2608 1382 2662 nisi
1414 2611 1651 2675 quolibet
1684 2607 1705 2638 ⁸
1733 2609 1892 2663 modo
1919 2609 1988 2664 ab

404 2689 468 2746 ego
493 2675 842 2740 redimantur,
867 2677 934 2730 ab
959 2678 1226 2746 episc0pis
1253 2680 1642 2746 prohibendum
1666 2689 1750 2733 est
1777 2695 1844 2734 ne
1873 2680 1983 2734 liat.

405 2744 469 2796 Et
499 2747 542 2796 si
577 2746 696 2810 quis
721 2744 1058 2817 contemptor
1081 2744 1329 2803 inventus
1356 2750 1538 2811 fuerit.
1570 2759 1626 2803 ut
1653 2764 1750 2803 nec
1779 2749 1986 2810 episco-

405 2831 527 2880 pum
561 2830 656 2868 nec
677 2821 927 2870 comitem
957 2820 1143 2873 audire
1164 2822 1309 2884 velit,
1337 2823 1382 2876 si
1418 2832 1599 2875 noster
1621 2827 1780 2875 homo
1807 2821 1984 2881 fuerit.

401 2885 467 2936 ad
501 2897 736 2962 nostram
778 2890 1132 2954 praesentiain
1176 2894 1356 2946 venire
1396 2892 1780 2962 compellatur;
1822 2893 1988 2946 ecteri

404 2970 543 3028 vero
582 2956 992 3028 distringantur,
1047 2971 1104 3014 ιιι
1163 2963 1309 3014 inviti
1367 2956 1625 3017 ecclesiae
1679 2956 1986 3028 restituant,

409 3026 498 3091 qui
526 3026 544 3055 ⁸
574 3026 869 3085 voluntarie
899 3029 1027 3084 dare
1050 3036 1418 3103 neglexerunt.
1973 3026 1990 3052 ί

2023 1779 2070 1839 Β

476 3115 596 3205 tG‘l.
623 3117 759 3205 (168
793 3120 949 3205 Bst.)
979 3121 1052 3176 De
1083 3124 1182 3205 Itis,
1204 3127 1290 3193 qui
1320 3124 1714 3205 restaurationes
1737 3125 1979 3178 ecclesia-
2009 3140 2058 3205 ρ

399 3201 512 3263 rum
543 3203 816 3263 earumque
841 3195 1105 3246 domorum
1137 3197 1301 3263 facere
1352 3197 1428 3246 vel
1473 3196 1694 3247 decimas
1729 3205 1773 3248 et
1818 3211 1978 3250 nonas

399 3258 524 3336 dare
553 3262 846 3336 neglegunt,
877 3264 992 3336 sise
1022 3280 1122 3316 non
1137 3258 1480 3326 correxerint,
1507 3275 1556 3315 ut
1591 3265 1829 3333 beneficia
1855 3283 1944 3336 per
1962 3297 1976 3308 -

399 3329 555 3402 dunt.
576 3331 911 3402 Quicumque
941 3335 1007 3388 de
1048 3337 1207 3388 rebus
1238 3337 1597 3398 ecclesiarum,
1631 3329 1764 3402 quas
1793 3329 1974 3393 in'be-

402 3397 652 3469 neliciutn
704 3397 917 3469 habent,
966 3407 1380 3458 restaurationes
1424 3397 1605 3459 earum
1651 3397 1834 3464 lacere
1884 3425 1977 3463 ne-

399 3468 684 3547 glexerint,
730 3472 1263 3547 iuxta_Capitularetn
1305 3479 1650 3544 anteriorem,
1683 3480 1735 3531 in
1764 3494 1871 3547 quo
1911 3480 1978 3533 de

403 3539 654 3618 operibus
684 3558 747 3618 ac
777 3545 931 3598 nouis
960 3539 1258 3618 etdecintis
1289 3539 1648 3600 Constitututu
1671 3539 1884 3614 est,'sic
1912 3549 1978 3604 de

401 3609 507 3687 illis
554 3614 926 3682 adimpleatur,
977 3616 1026 3668 id
1075 3619 1179 3682 est,
1210 3616 1260 3669 itt
1312 3617 1447 3671 libro
1496 3633 1567 3682 tv,
1606 3609 1844 3687 'capitulo
1889 3621 1976 3675 38.

410 3697 429 3730 ι
468 3679 543 3735 De
569 3679 729 3751 qpere
758 3701 881 3737 vero
906 3688 984 3738 vel
1016 3679 1403 3741 restauratione
1423 3679 1770 3743 ecclesiarum
1799 3705 1978 3744 eomes

405 3761 459 3829 et
487 3753 772 3829 episcopus
800 3755 910 3808 sive
939 3759 1072 3808 abba
1105 3771 1207 3829 una
1239 3772 1359 3811 cum
1392 3760 1555 3812 misso
1588 3770 1794 3823 nostro,
1821 3776 1978 3829 quem

404 3821 506 3888 ipsi
544 3823 642 3877 sibi
689 3826 755 3878 ad
797 3833 894 3877 hoc
924 3828 1200 3896 elegerint.
1244 3830 1726 3884 considerationem
1760 3821 1974 3896 faciant,
2028 3855 2031 3859 ·

396 3899 455 3944 ιιι
485 3896 848 3965 unusquisque
872 3912 1058 3953 eorum
1091 3908 1294 3952 tantum
1340 3900 1463 3955 inde
1496 3903 1725 3971 accipiat
1753 3901 1818 3956 ad
1851 3917 1982 3969 ape-

2095 471 2372 523 t'lt'siat'tlﬂl
2405 472 2599 538 habere
2631 471 2993 535 cognoscitur.
3028 469 3289 522 Similiter
3319 476 3374 538 et
3421 469 3556 521 vassi
3583 485 3654 520 tiu.

2094 542 2188 591 stri
2219 549 2307 592 aut
2340 543 2389 593 in
2418 537 2703 594 cmttmuuc
2739 551 2942 594 tantum
2973 542 3153 604 operis
3183 537 3476 602 accipiant,
3505 554 3654 602 quati-

2095 619 2205 662 tuiu
2243 626 2418 664 ret-unt
2449 613 2936 666 ecclesiasticarum
2973 610 3171 663 habent
3198 619 3289 661 aut
3321 609 3653 676 lltlttsqutSQIu!

2099 695 2191 742 ινιτ
2220 697 2278 733 se
2311 682 2459 734 iuxta
2489 684 2837 750 quantitatem
2863 695 3020 748 quam
3053 680 3166 750 ipse
3199 688 3364 750 tenet.
3399 679 3502 731 Aut
3525 679 3564 731 si
3594 679 3654 732 iu-

2097 761 2178 802 ter
2207 765 2302 802 eos
2339 749 2674 815 convenerit,
2714 763 2770 805 ut
2802 768 2896 818 pro
2931 765 3092 816 opere
3124 749 3370 802 faciendo
3403 758 3652 816 argentum

2095 821 2294 875 tloncut
2315 859 2328 881 ,
2375 824 2517 874 iuxta
2549 825 2976 878 aestimationem
3019 819 3199 888 operis
3231 820 3283 873 in
3312 832 3532 888 argento
3557 835 3652 886 per-

2093 895 2300 944 solvant
2335 908 2349 944 :
2380 907 2500 945 cum
2547 907 2654 960 quo
2698 895 2869 956 pretio
2915 887 3091 945 rector
3130 891 3394 945 ecclesiae
3423 887 3489 943 ad
3519 904 3648 958 prae-

2095 961 2290 1015 dictam
2324 963 2770 1017 resIauratiouem
2801 964 3076 1030 Operarios
3103 961 3409 1014 conducere
3440 970 3491 1012 et
3514 971 3652 1014 mate-

2096 1033 2225 1084 riam
2269 1048 2449 1087 emere
2499 1036 2688 1098 possit.
2737 1034 2797 1086 Et
2841 1033 2929 1100 qui
2978 1046 3146 1086 nonas
3190 1040 3246 1085 et
3283 1031 3517 1084 decimas
3551 1031 3653 1086 dare

2097 1104 2410 1170 neglexerit.
2445 1105 2676 1170 primum
2711 1105 2927 1171 quidem
2963 1105 3079 1156 illas
3107 1117 3230 1156 cum
3257 1102 3372 1170 lege
3403 1117 3494 1154 sua
3525 1112 3651 1155 resti-

2098 1182 2230 1235 tuat,
2264 1173 2478 1242 insuper
2502 1184 2555 1228 et
2581 1177 2811 1226 banuutu
2843 1183 3085 1228 nostrum
3112 1174 3317 1236 Solvat;
3345 1181 3402 1242 ut
3427 1171 3494 1224 ita
3515 1175 3652 1225 casn-

2095 1252 2246 1307 gaius
2272 1256 2450 1298 caveat
2479 1261 2492 1309 ;
2540 1259 2607 1299 ne
2647 1244 2863 1315 saepius
2894 1245 3134 1298 iterando
3175 1241 3494 1298 beueliciutu
3522 1245 3652 1297 amit-

2098 1325 2190 1367 tat.
2232 1334 2249 1365 ι

2170 1385 2291 1438 168.
2339 1381 2465 1450 (169
2506 1385 2661 1448 ΒΜ..)
2693 1384 2760 1440 Ut
2792 1385 2867 1448 bi,
2893 1386 2981 1455 qui
3013 1394 3174 1436 terras
3195 1384 3534 1437 dominicatas
3553 1401 3652 1448 pro-

2096 1465 2266 1522 pterea
2302 1457 2533 1509 excolere
2563 1457 2776 1518 nolunt,
2808 1466 2862 1509 ut
2903 1471 3063 1508 nonas
3093 1464 3138 1508 et
3171 1455 3392 1508 decimas
3437 1456 3548 1508 inde
3569 1473 3650 1509 ιιοιι

2094 1528 2310 1586 solvant,
2347 1526 2563 1592 pleniter
2591 1529 3027 1595 constringuntur,
3064 1535 3120 1578 ut
3147 1528 3274 1578 haec
3304 1527 3368 1578 de
3399 1526 3550 1595 tribus
3575 1544 3650 1580 tm-

2094 1596 2173 1648 nis
2203 1596 2397 1666 legibus
2424 1598 2732 1666 persolvant.
2769 1593 2841 1651 oe
2867 1597 2995 1661 illis,
3027 1597 3114 1665 qui
3146 1611 3303 1665 agros
3325 1593 3651 1651 dominicatos

2097 1675 2378 1739 propterea
2409 1669 2698 1739 neglegunt
2726 1669 2997 1732 excolere,
3031 1678 3089 1720 ut
3131 1681 3304 1720 nonas
3346 1676 3404 1739 et
3445 1667 3652 1721 decimas

2093 1737 2288 1791 exinde
2321 1753 2426 1792 non
2459 1737 2786 1806 persolvant,
2815 1750 2872 1794 et
2899 1739 3100 1794 alienas
3132 1748 3303 1792 terras
3334 1737 3400 1791 ad
3429 1741 3650 1794 excolen-

2098 1807 2225 1862 tlum
2255 1819 2471 1878 propter
2501 1809 2601 1864 hoc
2645 1810 2930 1880 accipiunt,
2966 1809 3250 1872 volumus,
3303 1817 3359 1861 ut
3401 1808 3467 1880 de
3511 1811 3650 1865 Il'ibtts
3741 1848 3744 1850 η

2101 1879 2255 1933 annis
2284 1881 2452 1948 ipsam
2484 1896 2677 1935 nonam
2727 1879 2780 1936 et
2825 1881 3090 1936 decimam
3116 1895 3238 1934 cum
3278 1894 3372 1933 sua
3415 1879 3523 1944 lege
3549 1896 3649 1948 per-

2095 1951 2327 2004 solvant.
2366 1949 2432 2004 Et
2460 1951 2504 2004 si
2533 1952 2653 2022 quis
2679 1961 3020 2020 contemptor
3060 1960 3154 2004 aut
3189 1949 3405 2004 comitis
3439 1959 3523 2004 aut
3548 1953 3650 2005 aiis-

2093 2036 2276 2075 Surum
2326 2033 2629 2076 nostrorum
2663 2035 2879 2091 propter
2912 2023 3014 2077 hoc
3042 2023 3302 2083 extiterit,
3341 2035 3436 2085 per
3463 2022 3650 2076 lideitts-

2093 2106 2244 2147 sores
2265 2092 2415 2166 [ϐοά.
2448 2091 2516 2158 G,
2549 2093 2647 2146 sub
2672 2091 3094 2164 tideiussoribus]
3119 2094 3186 2147 ad
3215 2094 3466 2162 palatium
3495 2092 3648 2148 venire

2093 2165 2472 2232 compellatur.

2165 2256 2302 2310 tb9.’
2341 2254 2470 2324 (I70
2511 2252 2670 2321 BAL.)
2721 2253 2796 2308 De
2833 2255 3064 2319 teloneis,
3115 2253 3200 2307 ubi
3244 2269 3360 2325 non,
3386 2253 3646 2325 exigantur.

2091 2323 2360 2380 Statutum
2392 2336 2496 2390 est,
2523 2327 2693 2382 utubi
2738 2335 2976 2390 tempore
3020 2325 3104 2378 avi
3137 2323 3508 2395 uostridmuni
3545 2327 3647 2395 Pip-

2093 2396 2199 2465 piui
2231 2397 2564 2451 consuetudo
2611 2396 2708 2450 fuit
2737 2396 3002 2450 teloneum
3051 2395 3200 2458 dare,
3252 2393 3321 2447 ibi
3363 2404 3415 2450 et
3457 2396 3504 2449 ιιι
3533 2393 3647 2450 lutu-

2092 2483 2210 2520 rum
2237 2468 2428 2532 detur;
2459 2483 2581 2520 nam
2609 2469 2696 2520 ubi
2735 2468 2946 2520 noviter
2975 2466 3276 2533 incoeptum
3308 2475 3409 2527 est,
3451 2467 3645 2518 ulterius

2091 2553 2196 2591 non
2225 2547 2431 2606 agatur.
2472 2536 2538 2591 Et
2569 2539 2656 2591 ubi
2691 2551 2915 2592 necesse
2942 2552 3046 2592 non
3078 2550 3158 2590 est
3196 2537 3412 2588 ﬂuvium
3442 2537 3646 2604 aliquem

2093 2617 2253 2676 ponte
2297 2622 2644 2671 transmeare,
2685 2610 2765 2663 vel
2795 2609 2880 2662 ubi
2914 2607 3063 2660 navis
3096 2623 3190 2676 per
3221 2607 3448 2664 mediam
3486 2621 3647 2676 aquam

2089 2691 2144 2732 ct
2163 2681 2262 2732 sub
2296 2690 2454 2744 ponte
2502 2681 2624 2733 ierit
2669 2688 2725 2733 et
2759 2680 2824 2731 ad
2871 2681 3041 2744 ripam
3072 2693 3181 2731 non
3224 2676 3647 2746 appropinquare-

2091 2751 2181 2813 rit,
2209 2764 2309 2804 nec
2353 2751 2422 2803 ibi
2465 2749 2665 2818 aliquid
2697 2761 2938 2816 emptum
2975 2751 3057 2802 vel
3091 2750 3443 2805 tenundatum
3482 2750 3610 2802 fuerit
3633 2791 3646 2814 ,

2090 2819 2312 2874 ulterius
2343 2822 2610 2875 tel0neum
2653 2835 2757 2874 non
2804 2821 2980 2876 detur.
3013 2819 3080 2874 Et
3125 2834 3282 2873 nemo
3323 2831 3468 2887 cogat
3509 2821 3646 2873 alium

2073 2893 2153 2943 'ad
2181 2901 2395 2973 pontem
2424 2892 2522 2972 ire,
2560 2890 2647 2973 ubi
2688 2892 3080 2973 iuxtaopoutetn
3107 2905 3302 2973 aquam
3348 2900 3646 2973 transmeare

2091 2971 2285 3030 potest.
2326 2960 2390 3027 Et
2435 2963 2526 3032 qui
2577 2963 2799 3018 ulterius
2839 2960 2890 3017 in
2933 2962 3124 3017 talibus
3171 2962 3334 3024 locis,
3367 2962 3444 3016 vel
3468 2962 3531 3032 de
3557 2962 3642 3024 his,

2091 3036 2175 3101 qui
2218 3035 2284 3087 ad
2329 3031 2578 3103 palatium
2620 3049 2716 3089 seu
2769 3035 2820 3088 in
2864 3037 3070 3090 hostem
3112 3043 3366 3104 pergunt,
3411 3031 3644 3104 teloneum

2090 3109 2434 3172 exactaverit,
2464 3119 2584 3160 cum
2617 3120 2711 3160 sua
2759 3105 2871 3173 lege
2923 3107 3094 3173 ipsum
3143 3105 3412 3160 teloneum
3459 3103 3645 3166 reddat,

2086 3186 2139 3228 et
2185 3177 2418 3230 bannum
2469 3184 2733 3243 nostrum,
2766 3175 2818 3230 id
2862 3186 2944 3232 est
2973 3176 3247 3246 sexaginta
3277 3173 3491 3244 solidos,
3517 3188 3644 3229 coui-

2089 3259 2270 3313 pultat.

2161 3339 2282 3394 ΠΟ.
2332 3340 2352 3412 (
2383 3340 2476 3412 t'lt
2515 3339 2688 3412 ΒΑι..)
2734 3339 2812 3395 De
2855 3339 3004 3394 rebus
3031 3339 3300 3404 ecclesiae,
3333 3354 3460 3412 quae
3485 3337 3646 3405 absque

2091 3410 2202 3463 ulla
2240 3403 2540 3477 repetitione
2579 3411 2642 3463 ttb
2667 3403 2860 3464 eadem
2909 3412 3128 3465 ecclesia
3159 3426 3252 3479 per
3279 3403 3482 3479 triginta
3507 3403 3645 3461 annos

2088 3497 2346 3547 possessae
2374 3492 2514 3545 sunt,
2544 3490 2598 3533 ut
2621 3485 2765 3534 nulla
2792 3482 3078 3534 testimonia
3104 3497 3259 3548 super
3285 3483 3411 3533 lianc
3438 3479 3643 3544 deinceps

2087 3551 2449 3616 possessionem
2502 3553 2839 3620 recipiantur.
2887 3551 2954 3607 Ut
2995 3553 3065 3606 de
3106 3553 3268 3606 rebus
3305 3551 3640 3611 ecclesiarum,

2084 3637 2219 3690 quae
2251 3624 2318 3674 ab
2346 3625 2424 3676 eis
2451 3639 2546 3691 per
2578 3624 2789 3692 triginta
2819 3638 3082 3678 annorum
3112 3625 3284 3690 spatia
3307 3624 3420 3677 sine
3449 3621 3544 3675 ulla
3572 3621 3636 3673 io-'

2084 3693 2455 3761 terpellatione
2499 3707 2776 3763 possessae
2819 3703 2974 3757 sunt,
3027 3693 3336 3748 testimonia
3386 3707 3483 3746 ιιοιι
3525 3693 3641 3763 reei-

2086 3765 2320 3832 piantur,
2350 3765 2444 3819 sed
2471 3761 2538 3819 eo
2576 3765 2736 3839 modo
2763 3764 3164 3839 contineantur,
3195 3765 3333 3839 sicut
3360 3779 3444 3839 res
3477 3761 3535 3816 ad
3565 3764 3641 3815 tis-

2084 3850 2205 3887 cum
2236 3843 2479 3890 nostrum
2511 3835 2841 3904 pertinentes
2868 3835 3136 3891 contineri
3165 3837 3357 3891 solent.

1616 4032 2003 4088 VAIIIANTES
2042 4032 2445 4090 LECTIONES.

472 4147 485 4175 ¹
512 4163 574 4199 ea;
596 4145 674 4198 Itis
701 4144 862 4200 verbis
906 4143 1025 4198 Bal.
1062 4147 1268 4199 rubrum
1298 4149 1417 4212 fecit
1453 4148 1567 4201 novi
1613 4150 1796 4215 capitis
1828 4145 1949 4211 165,
1982 4149 2181 4204 addens
2201 4150 2282 4204 illi
2307 4163 2326 4201 :
2355 4147 2516 4214 Etﬂe
2546 4148 2704 4204 nonis
2729 4157 2784 4203 et
2809 4148 3032 4204 decimis
3060 4163 3168 4204 non
3196 4146 3531 4214 redimendis,
3560 4146 3643 4200 nisi

393 4216 653 4291 episcopo
689 4216 1160 4291 placuerit;_quae
1190 4215 1339 4291 rei-ba
1367 4216 1431 4271 (ὲ.
1460 4220 1618 4291 minio
1669 4222 1861 4286 scripta
1898 4222 2075 4274 statim
2116 4223 2259 4291 infra
2309 4220 2531 4274 intrudit
2583 4221 2639 4274 in
2675 4221 2844 4275 medio
2882 4221 3054 4288 capite
3086 4229 3204 4275 mtte
3243 4218 3391 4291 verba
3424 4219 3642 4291 volumus

931 4289 949 4315 '
991 4288 1116 4340 haec
1147 4289 1302 4340 minio
1320 4290 1530 4356 scripsit
1554 4289 1620 4343 (ί.

399 4300 560 4356 atque
587 4288 851 4342 iubemus.
931 4289 949 4315 '
991 4288 1116 4340 haec
1147 4289 1344 4340 minias

399 4359 416 4386 ⁸
444 4374 556 4411 nuo
586 4360 700 4411 vult
722 4358 834 4411 Bal.
916 4358 933 4388 ⁵
965 4373 1099 4410 corr.
1134 4373 1202 4411 nu
1229 4359 1274 4410 id
1304 4359 1344 4411 (ἱ

965 4373 1099 4410 corr.
1134 4373 1202 4426 qu
1229 4373 1274 4410 ul
1304 4373 1369 4411 ιι.

397 4359 416 4386 ⁸
444 4374 556 4428 quo
586 4360 700 4414 vult
722 4358 834 4412 Bal.

1702 4290 1721 4318 ³
1744 4291 1775 4343 d
1797 4332 1810 4353 ,
1843 4291 1996 4345 cuius
2025 4287 2295 4348 ecclesiae
2319 4291 2620 4347 secundum
2652 4287 3056 4361 distiusitionem
3087 4290 3325 4364 episcopi
3352 4290 3559 4347 debetur
3582 4287 3638 4341 (ἰ.
