3860 6208
225 403 338 458 ἔ)ιῦ

1035 660 1243 778 Βιῖ
1308 654 1994 770 GAROLI
2071 651 2724 766 MAGNI

551 363 775 456 conm
817 401 1340 458 Dtl'Lt).\l.-\‘l‘lt2L‘S.
1385 378 1462 443 -’
1495 399 1905 456 ιιῖιιιιιεαιιι.
1940 429 2006 438 -
2042 400 2077 452 l.
2129 397 2372 451 mutu.
2421 395 2548 447 l't-Ltt
2594 390 2872 446 osum
2918 390 3205 444 l‘Alt‘l‘lZS.

3430 387 3528 442 9Ιὶ

3234 537 3456 553 ο--σ-α

2503 547 2762 557 ...σεο-...-

819 831 2065 990 DIPLOMATICI
2205 827 2952 985 CODICIS

494 1066 1100 1181 SECTlO
1217 1064 1500 1177 SEC
1545 1062 2025 1178 UNDA.
2077 1053 3275 1173 "PRIVILEGIA.

1115 1262 1254 1332 DE
1295 1258 1652 1334 REBUS
1696 1258 1896 1330 ECC
1913 1252 2594 1329 LESIASTICIS

223 1380 876 1500 DIPLOMATA',
920 1408 1660 1486 FUNDATIONES
1692 1463 1710 1497 ,
1763 1403 2365 1482 PRIVILEGIA
2413 1403 2543 1479 ET
2594 1404 2791 1479 PI/E
2845 1397 3536 1479 DONATIONES.

797 1613 845 1675 1.
891 1612 1354 1673 Ριιινιιιιεῦιει
1400 1611 1587 1686 ΟΗΈ
1651 1611 1755 1669 ΛΟ
1805 1609 2086 1668 PARTES

1943 1609 2112 1669 mas
2157 1571 2483 1670 GALLI/13
2539 1607 2975 1670 seueram.

790 1936 966 2003 Magni
1030 1954 1123 2006 pro
1193 1936 1455 1991 Gorzieusi
1527 1943 1840 1993 monasterio

871 2017 1031 2078 (anno
1057 2008 1208 2073 768).

563 2123 654 2183 (iis
684 2122 920 2181 Calmeto,
952 2122 1075 2170 Hist.
1100 2109 1178 2172 de'
1198 2114 1433 2171 Lorraine
1453 2129 1480 2185 .l

228 1938 476 2010 Diploma
544 1937 716 1992 Caroli

297 2229 524 2285 Carolus
562 2229 732 2302 gratia
775 2228 868 2283 Dei
917 2244 1009 2284 rex
1062 2227 1412 2294 Francorum,
1464 2231 1545 2282 vir
1594 2229 1836 2293 illustris,

223 2323 480 2377 erunibus
505 2323 794 2391 episcOpis,
826 2322 1128 2385 abbatibus,
1159 2322 1468 2384 comitibus,
1514 2325 1674 2376 etiam
1707 2325 1834 2378 niis-

221 2418 322 2478 sis,
353 2430 515 2485 atque
543 2418 808 2472 universis
833 2417 1075 2472 tidelibus
1099 2418 1315 2480 nostris,
1347 2425 1452 2470 tam
1485 2417 1839 2485 praesentibus

221 2523 387 2576 quam
418 2505 636 2561 futuris.
667 2507 722 2561 Si
754 2507 1038 2575 petitiones
1077 2506 1418 2562 sacerdotum
1457 2517 1618 2576 atque
1647 2522 1838 2563 servo-

223 2615 345 2652 rum
391 2598 503 2662 Dei,
553 2600 608 2653 in
647 2614 754 2669 quo
803 2600 1003 2653 nostris
1046 2599 1264 2654 auribus
1315 2609 1715 2668 sugge<serunt,
1770 2601 1837 2654 ad

223 2682 474 2746 (Mecium
519 2693 878 2760 perducimus,
926 2693 1126 2761 regiam
1169 2692 1632 2748 mansuetudinem
1671 2701 1834 2748 eser-

224 2797 432 2844 cemus,
476 2791 636 2852 atque
677 2798 772 2850 pro
803 2781 977 2836 salute
1004 2783 1222 2842 animae.
1264 2793 1318 2836 et
1352 2783 1648 2839 stabilitate
1687 2785 1837 2854 regni

225 2873 422 2939 nostri,
456 2871 662 2926 Domini
705 2873 1125 2928 misericordiam
1151 2883 1397 2937 exorent.
1420 2889 1607 2930 eorum
1631 2877 1838 2930 animos

223 2965 596 3020 exhortamur.
629 2964 790 3035 Igitur
816 2967 1037 3021 solertia
1068 2959 1244 3021 veStra
1287 2971 1517 3031 noverit,
1558 2970 1837 3024 venerabio

226 3058 331 3112 lein
378 3058 550 3111 virum
583 3059 940 3114 Theomarum
969 3059 1239 3124 abbatem,
1280 3059 1347 3113 ad
1388 3070 1627 3116 nostram
1669 3061 1836 3117 adve-

227 3148 796 3219 nisse‘przesentiam,
855 3153 946 3220 qui
1011 3151 1196 3205 detulit
1266 3152 1422 3206 nobis
1493 3153 1828 3224 privilegium

223 3255 432 3296 sancta:
472 3243 862 3297 rCCtlrdali0l|i3
891 3242 1262 3313 Cluodegangi
1292 3246 1681 3316 archiepiscopi
1721 3247 1831 3302 Me-

226 3337 398 3389 tensis
443 3335 620 3399 urbis,
660 3336 801 3405 quod
844 3338 984 3389 circa
1035 3339 1418 3391 monasterium
1460 3337 1705 3404 Gorziae,
1750 3340 1836 3392 ubi

227 3439 399 3493 usque
429 3424 494 3477 ad
527 3424 682 3479 tinem
706 3428 884 3480 saculi
914 3425 1277 3480 habitantibus
1301 3429 1719 3496 conscripserat,
1747 3429 1836 3482 tibi

227 3516 505 3584 legebatur
545 3511 834 3584 insertum,”
856 3519 1083 3585 qualiter
1125 3534 1220 3582 per
1269 3533 1595 3574 consensum
1642 3531 1698 3577 et
1742 3537 1834 3575 vo-
1910 3573 1920 3585 ,

223 3600 734 3694 luntutetn'domini
776 3621 829 3663 et
859 3611 1316 3697 genitoris_nostri
1361 3613 1531 3669 Pinini
1569 3613 1838 3697 quondam

224 3702 393 3771 regis,
431 3687 592 3757 etiam
629 3713 683 3758 et
720 3717 983 3758 consensu
1015 3687 1233 3759 snoium
1277 3687 1614 3762 sacerdotum
1648 3717 1702 3762 et
1731 3709 1840 3762 cle-

222 3791 485 3859 ricorum,
545 3794 908 3863 supradictutn
974 3798 1360 3850 monasterium
1427 3797 1478 3850 in
1538 3797 1841 3870 nominibus

221 3884 592 3952 apostolorum
625 3885 768 3940 Petri
797 3895 850 3941 et
880 3887 1027 3942 Pauli
1055 3897 1267 3942 conSIat
1295 3890 1642 3955 aediﬁcatum,
1674 3893 1760 3947 ubi
1788 3903 1844 3950 et

222 3980 416 4034 postea
468 3973 788 4028 'snnctissimi
835 3991 1032 4044 corpus
1081 3976 1335 4048 Gorgonii
1389 3979 1557 4035 Roma
1601 3981 1838 4037 delatum

221 4060 500 4128 condidit;
533 4079 597 4118 ea
637 4066 841 4121 scilicet
877 4067 1204 4133 conditione,
1248 4078 1303 4123 ut
1339 4072 1390 4124 in
1423 4071 1541 4138 ipso
1572 4084 1839 4127 monaste-

225 4157 308 4208 rio
351 4154 602 4211 monachi
646 4159 943 4214 secundum
989 4162 1232 4217 ordinem
1281 4174 1336 4218 et
1383 4166 1622 4237 regulam
1669 4170 1839 4223 sancti

225 4249 503 4304 Benedicti
535 4252 802 4319 perpetuis
831 4254 1164 4322 temporibus
1188 4255 1451 4320 viverent,
1475 4265 1635 4328 atque
1658 4274 1754 4327 pro
1783 4273 1842 4314 se

220 4350 277 4394 et
296 4356 404 4409 {pro
426 4341 548 4395 aliis
580 4341 787 4397 Domini
813 4346 1235 4400 misericordiam
1262 4348 1627 4404 indesinenter
1645 4366 1839 4407 exora-

219 4441 371 4488 rent.
419 4432 620 4488 Tamen
673 4421 748 4490 ad.
789 4438 1214 4493 confirmandum
1268 4441 1424 4509 hujus
1484 4441 1609 4495 boni
1662 4445 1838 4511 operis

217 4531 520 4589 certamen,
553 4527 897 4595 cognovimus
923 4527 1167 4583 diversns
1210 4529 1296 4584 res
1333 4530 1398 4583 ad
1439 4531 1670 4585 eundem
1714 4548 1837 4587 san-

217 4626 369 4670 ctum
411 4619 610 4683 locum,
644 4621 919 4694 praelatum
962 4624 1272 4693 episcopum
1323 4624 1621 4697 delegasse,
1671 4639 1834 4697 atque

219 4709 290 4764 ita
313 4710 686 4780 conﬁrmasse,
711 4724 767 4767 ut
792 4714 1047 4785 deinceps
1076 4731 1175 4771 nec
1195 4717 1261 4771 ab
1290 4719 1407 4786 ipso
1431 4720 1688 4790 episcopo
1713 4736 1833 4784 suo,

217 4804 336 4857 sive
407 4805 810 4859 successoribus
865 4816 920 4861 et
977 4809 1405 4877 archidiaconis,
1466 4827 1561 4866 seu
1626 4815 1836 4868 caeteris

218 4895 470 4950 ecclesia:
487 4896 888 4966 eoadjutoribus
905 4899 1082 4967 aliquo
1105 4911 1347 4969 tempore
1367 4883 1530 4956 fuisse
1546 4903 1655 4957 irru
1665 4914 1809 4971 ptum
1825 4943 1833 4952 .

221 4983 384 5039 Unde
409 4987 606 5042 asserit
633 4989 885 5055 praefatus
930 4991 1230 5046 Tliomarus
1266 4993 1454 5058 abbas,
1496 4995 1682 5064 suique
1725 5014 1835 5048 Illn-

222 5077 403 5143 nachi,
450 5078 552 5133 hoc
593 5080 926 5151 privilegium
968 5086 1369 5147 continuatum,
1406 5096 1457 5138 et
1501 5085 1614 5139 lnec
1653 5088 1831 5139 omnia

220 5170 406 5239 quieto
434 5172 625 5225 ordine
653 5180 735 5227 se'
764 5175 1037 5242 possidere
1065 5194 1079 5242 ;
1111 5177 1204 5231 sed
1255 5193 1353 5247 pro
1395 5179 1605 5248 p’etatis
1644 5182 1834 5233 studiis

223 5261 382 5328 petiit
419 5263 790 5317 celsitudinem
826 5275 1082 5335 nostram,
1117 5279 1172 5320 ut
1216 5267 1355 5323 circa
1400 5273 1676 5338 pra-latum
1718 5290 1833 5327 mo-

221 5341 546 5419 nasterium,
595 5353 820 5424 ejusque
867 5370 1124 5422 rectores,
1160 5371 1395 5414 nostram
1439 5365 1669 5432 denique
1705 5382 1832 5418 eon-

223 5447 580 5501 tirmationem
605 5463 701 5516 pro
725 5449 983 5506 mercedis
1006 5447 1291 5521 augmento
1314 5457 1656 5511 conscribere
1675 5470 1834 5526 atque

221 5537 546 5592 conﬁrmare
577 5539 859 5604 vellemus,
895 5543 1049 5611 cujus
1086 5546 1398 5614 petitionem
1431 5550 1700 5619 denegare
1735 5569 1828 5605 ne-

221 5630 516 5698 quivimus,
536 5632 629 5686 sed
650 5633 829 5689 libenti
862 5639 1040 5690 animo
1057 5636 1194 5691 hanc
1217 5640 1532 5707 praestitisse
1545 5652 1601 5696 et
1627 5645 1831 5696 contir—

222 5735 407 5776 tnasse
461 5728 787 5791 cognoscite.
842 5727 1224 5796 Praecipientes
1269 5732 1411 5785 enim
1456 5733 1728 5800 jubetnus,
1778 5747 1833 5789 ut

223 5815 521 5882 inspectum
550 5818 659 5884 jam
688 5819 884 5873 dictum
919 5821 1274 5891 privilginm,
1308 5825 1447 5878 sicut
1478 5842 1570 5893 per
1600 5829 1829 5881 eundem

223 5905 550 5976 declaratur,
582 5910 720 5981 situt
749 5913 815 5966 ab
845 5914 960 5982 ipso
992 5915 1245 5984 episcopo
1276 5932 1371 5986 per
1408 5933 1732 5973 consensum
1777 5932 1828 5975 ct

1863 1843 1906 1897 Α
1940 1823 2266 1878 voluntatem
2305 1823 2506 1878 domini
2538 1824 2796 1894 genitoris
2839 1827 3034 1889 nostri,
3072 1841 3167 1881 seu
3197 1827 3538 1882 sacerdotum

1945 1934 2006 1972 ac
2043 1919 2360 1974 clericorum
2408 1919 2605 1974 tactum
2638 1930 2741 1984 est,
2771 1919 2910 1988 quod
2943 1921 3266 1975 sanctissimi
3301 1923 3538 1993 episcOpi

1945 2014 1994 2066 in
2025 2013 2230 2081 publica
2262 2013 2645 2068 conﬁrmarunt
2666 2014 2895 2083 synodo.
2921 2015 2990 2066 ita
3014 2029 3137 2068 cum
3163 2015 3254 2068 Dei
3280 2025 3332 2070 et
3361 2025 3541 2070 nostra

1941 2107 2109 2175 gratia
2138 2107 2204 2161 sit
2237 2105 2288 2159 in
2316 2106 2566 2160 omnibus
2592 2107 2987 2170 contirtu.uuui,
3019 2117 3072 2160 ct
3105 2121 3274 2176 neque
3305 2121 3334 2160 a
3367 2109 3542 2175 ponti-

1943 2199 2130 2254 ﬁcibus
2186 2198 2524 2263 Metensiuin,
2580 2210 2668 2252 aut
2722 2199 2942 2268 reliquis
2997 2198 3236 2269 ejusdem
3295 2199 3539 2255 ecclesia:

1941 2291 2260 2356 rectoribus,
2312 2307 2376 2344 ea
2425 2306 2543 2360 qtlJ!
2592 2290 2644 2343 in
2695 2292 2797 2344 boc
2848 2290 3129 2359 piivilegio
3180 2291 3542 2354 continentur,

1939 2387 2230 2452 contracta,
2259 2400 2356 2442 nec
2381 2385 2649 2454 quomodo
2672 2385 2958 2454 aliquando
2988 2394 3298 2452 perruptum
3323 2389 3416 2451 sit,
3445 2386 3543 2441 sed

1940 2480 2077 2534 sicut
2109 2479 2358 2548 praefatus
2389 2479 2624 2548 pontifex
2668 2495 2764 2548 pro
2797 2480 2953 2534 laude
2982 2489 3035 2534 et
3065 2479 3288 2536 servitio
3323 2478 3544 2535 Cuncti-

1940 2573 2192 2641 put‘entis,
2224 2571 2288 2626 ad
2337 2572 2614 2641 praefatum
2666 2581 2906 2625 sanctqu
2960 2572 3134 2626 locum
3185 2572 3542 2639 adordinavit,

1942 2677 2037 2728 pro
2061 2664 2330 2717 communi
2365 2664 2571 2718 scilicet
2595 2679 2711 2727 sua,
2744 2663 2996 2735 regnique
3024 2676 3184 2735 atque
3216 2664 3543 2722 Francorum

1940 2760 2204 2822 mercede,
2233 2758 2429 2813 nostris
2449 2769 2501 2814 et
2527 2758 2719 2812 futuris
2744 2760 3076 2827 temporibus
3104 2750 3376 2826 perduret,
3404 2775 3540 2828 qua-

1942 2860 2098 2905 tenus
2133 2852 2322 2905 melius
2344 2851 2575 2906 delectet
2595 2851 2837 2922 ejusdem
2861 2851 3104 2907 ecclesia:
3139 2863 3398 2918 rectores,
3420 2866 3543 2908 etim

1939 2945 2051 3012 ipsa
2075 2957 2256 2998 saneta
2284 2945 2436 3000 turba
2462 2946 2878 3011 monachorum,
2908 2961 3002 3012 pro
3032 2946 3203 3000 salute
3226 2947 3434 3015 patriae,
3455 2947 3538 3000 vel

1937 3038 2231 3094 stabilitate
2266 3039 2414 3110 regni
2441 3040 2609 3094 nostri
2638 3040 2848 3095 Domini
2885 3041 3313 3096 misericordiam
3347 3041 3543 3112 depreo

1939 3129 2071 3184 cari.
3132 3125 3135 3128 ’

2009 3219 2230 3290 Signum
2258 3220 2436 3280 Caroli
2460 3223 2836 3294 gloriosissimi
2870 3224 3032 3294 regis.

1945 3428 2190 3506 Diploma
2216 3412 2391 3484 Caroli
2423 3430 2604 3502 Magni
2645 3412 3080 3506 quaprioratum
3119 3436 3286 3487 sancti
3321 3435 3546 3491 Deodnti

2081 3502 2240 3564 donat
2270 3507 2580 3556 monasterio
2608 3503 2772 3556 sancti
2803 3502 3040 3575 Dionysii
3073 3507 3228 3572 (anno
3259 3506 3409 3575 769).

2047 3672 2054 3679 ί
2160 3613 2251 3677 (Ex
2283 3613 2341 3664 D.
2363 3615 2610 3678 Bouquet,
2637 3615 2842 3666 liecueil
2864 3616 2957 3666 des
2989 3616 3308 3677 Historiens.)

2015 3697 2240 3753 Carolus
2286 3699 2454 3769 gratia
2509 3698 2598 3753 Dei
2655 3714 2747 3753 rex
2791 3697 3120 3754 Francorum
3153 3700 3234 3754 vir
3291 3702 3516 3757 inluster
3610 3747 3612 3750 μ

1945 3790 2210 3862 Quicquid
2240 3789 2382 3845 enim
2416 3792 2479 3845 ad
2511 3792 2626 3847 loca
2658 3791 3010 3847 ecclesiarum
3042 3792 3132 3848 Dei
3166 3794 3422 3864 benevola
3449 3795 3542 3850 de-

1945 3886 2159 3940 votione
2186 3886 2554 3950 concedimus,
2608 3888 2711 3940 hoc
2759 3886 2915 3941 nobis
2971 3886 3036 3941 ad
3087 3889 3315 3942 salutem
3347 3889 3542 3943 anima:

1945 3989 2141 4032 nostrte
2181 3979 2444 4046 prolicere
2471 3979 2765 4045 credimus,
2799 3981 3031 4034 maxime
3065 3980 3128 4034 ad
3161 3980 3248 4034 illa
3280 3981 3416 4049 loca,
3452 3982 3542 4036 ubi
3589 3992 3591 3994 '

1947 4053 2201 4138 parentes
2232 4072 2401 4128 nostri
2435 4058 2774 4140 requiescere
2803 4071 3076 4134 videntur,
3118 4072 3218 4127 hoc
3247 4073 3542 4147 adimplere

1944 4163 2248 4234 studemus.
2293 4162 2632 4232 Quapmpter
2675 4173 2860 4217 notum
2910 4163 2980 4217 sit
3007 4164 3257 4219 omnibus
3299 4164 3542 4220 fidelibus

1943 4253 2143 4321 nostris
2169 4253 2528 4320 praesentibus
2557 4263 2611 4307 et
2643 4254 2858 4316 tuturis,
2883 4269 2948 4308 eo
2972 4254 3113 4322 quod
3140 4270 3259 4323 nos,
3289 4256 3358 4311 ob
3387 4271 3541 4310 amo-

1945 4357 2056 4396 rem
2087 4341 2179 4396 Dei
2207 4351 2261 4395 et
2293 4343 2562 4398 mercedis
2593 4353 2792 4397 nostra:
2847 4355 3219 4412 augmentum.
3276 4344 3544 4399 donamus

1942 4435 2008 4487 ad
2037 4450 2158 4490 casa
2190 4437 2361 4491 sancti
2392 4437 2578 4492 domui
2635 4435 2880 4508 Dionysii
2938 4439 3192 4509 martyris
3221 4479 3236 4504 ,
3280 4436 3369 4492 ubi
3425 4438 3544 4508 ipse

1943 4531 2170 4585 domnus
2201 4532 2476 4600 preciosns
2504 4547 2626 4586 cum
2675 4532 2878 4586 sanctis
2905 4533 3068 4586 sociis
3114 4531 3167 4586 in
3199 4546 3426 4601 corpore
3455 4547 3543 4587 re.

1940 4623 2200 4692 quiescit,
2262 4632 2320 4680 et
2375 4624 2610 4679 domnus
2661 4626 2873 4695 genitor
2910 4604 3095 4680 ndster
3147 4625 3537 4707 Pippinusrex

1943 4716 2281 4786 requiescere
2310 4717 2544 4784 videtur,
2578 4727 2633 4772 et
2661 4734 2781 4785 nos,
2832 4719 2876 4773 si
2923 4718 3031 4773 ι)εο
3060 4719 3338 4788 placuerit,
3372 4733 3543 4789 sepe-
3631 4708 3636 4714 ’

1944 4808 2044 4862 lire
2095 4807 2348 4877 cupimus
2376 4850 2391 4874 ,
2451 4808 2822 4878 donatumque
2863 4809 3062 4864 ibidem
3094 4811 3161 4865 ad
3209 4811 3327 4881 ipso
3354 4822 3540 4866 sancto

1944 4901 2060 4954 loco
2084 4916 2207 4955 esse
2239 4900 2514 4966 volumus,
2545 4911 2600 4956 et
2632 4903 2719 4956 ubi
2753 4901 3070 4958 Folleradus
3091 4903 3256 4960 abbas
3278 4913 3334 4959 et
3360 4916 3539 4960 custos

1941 5007 2174 5060 ιπεευδδθ
2199 4992 2566 5061 dignoScitur,
2618 4998 2720 5050 hoc
2760 5005 2844 5069 est
2882 4998 3214 5052 monasterio
3239 4997 3418 5067 aliquo
3449 5000 3536 5068 qui

1941 5095 2281 5152 nuncupatur
2310 5101 2340 5140 a
2372 5097 2577 5141 sancto
2606 5087 2849 5143 Deodato
2879 5130 2895 5153 ,
2927 5088 3061 5144 infra
3095 5089 3302 5162 Vosago
3342 5093 3490 5164 sylva
3521 5133 3536 5158 ,

1940 5176 2076 5230 sicut
2108 5192 2229 5230 eum
2264 5177 2495 5232 domnus
2529 5188 2582 5234 et
2609 5181 2826 5249 genitor
2856 5194 3042 5237 noster
3075 5182 3331 5250 Pippiuus
3358 5183 3409 5236 in
3442 5200 3536 5238 sua

1942 5271 2262 5322 investitura
2311 5270 2551 5326 tenuisse
2594 5275 3005 5339 comprobatum
3057 5286 3160 5343 est,
3198 5291 3260 5331 ea
3291 5277 3530 5332 videlicet

1938 5363 2166 5430 ratione,
2195 5373 2250 5416 ut
2297 5380 2515 5434 semper
2557 5367 2657 5434 ipsi
2699 5370 2896 5436 ‘l't'atres
2927 5370 3113 5422 decem
3143 5383 3206 5424 ac
3231 5370 3534 5439 quindecim

1940 5472 2034 5526 per
2066 5460 2209 5513 vices
2245 5459 2442 5514 ibidem
2477 5462 2650 5528 ipsum
2687 5463 2863 5516 locum
2905 5464 3179 5519 Custodire
3202 5463 3454 5532 debeant,
3484 5477 3538 5520 et

1939 5551 2006 5602 ibi
2041 5551 2255 5605 assidue
2287 5554 2336 5606 in
2373 5554 2595 5622 psaiuiis
2637 5564 2690 5608 et
2733 5556 2961 5619 missas,
3019 5566 3072 5610 et
3115 5559 3326 5612 czcteris
3379 5560 3534 5612 obse-

1935 5641 2236 5696 cratiunum
2269 5645 2632 5712 orationibus,
2669 5646 2751 5700 vel
2787 5647 3090 5714 peculiares
3133 5649 3406 5704 orationes
3438 5664 3534 5718 pro

1938 5735 2087 5789 nobis
2111 5745 2163 5789 et
2195 5753 2290 5806 pro
2317 5738 2516 5791 domno
2575 5750 2735 5809 atque
2786 5740 3022 5810 glorioso
3064 5742 3308 5811 genitore
3347 5755 3532 5798 nnSIro

1939 5828 2220 5883 Dominum
2253 5846 2439 5899 preces
2470 5847 2702 5887 exorare
2731 5832 2820 5888 die
2847 5844 2900 5888 et
2930 5844 3087 5888 nocte
3113 5852 3216 5888 non
3245 5836 3530 5891 desistant.

1936 5923 2220 5988 Propterea
2254 5925 2390 5981 hanc
2432 5927 2853 5995 praeceptionem
2887 5939 3124 5984 nostram
3168 5929 3234 5986 ad
3266 5931 3378 5990 ivsa
3406 5945 3531 5988 casa
