3856 6220
381 214 482 267 M5

1262 204 1607 265 li.,(2.\lttll.l
1651 202 1861 254 .\l.\ti.\'l
1903 198 2049 252 ()l'l'.
2097 196 2271 249 ιιλιιδ
2316 193 2357 246 1.
2404 190 2645 248 Sl‘lthlO
2693 187 2751 242 Η.

3539 181 3636 236 916

380 337 546 380 sancti
588 338 639 380 et
664 325 844 377 domui
877 323 1107 392 ltior'ivsii
1135 321 1473 374 conscribere
1501 318 1773 385 iussimus,
1799 324 1854 366 nt
1892 313 1957 365 ab
1995 316 2035 369 Λ
2067 326 2159 364 seu
2194 327 2217 359 ει
2254 307 2460 362 Ιὶυιητιιὶ
2495 305 2806 358 timentibus
2835 301 3069 352 uescitur
3102 297 3268 367 fuisse
3294 294 3524 349 additum
3555 301 3634 349 vel

383 423 479 470 bac
518 416 600 469 die
633 425 865 469 rectores
890 414 1054 481 ipsius
1079 411 1385 464 ntona~tetii
1416 409 1666 475 pra-dicto
1696 414 1959 459 monaste-

380 511 456 560 rio
495 515 615 561 eunt
654 505 898 558 omnibus
943 504 1006 555 ad
1060 517 1117 555 se
1162 499 1548 569 pertinentibus
1577 513 1638 549 ev
1670 505 1848 548 nostra
1887 495 1962 546 itt-

383 589 657 668 dulgentia
703 596 1088 666 pra-scutaliter
1143 592 1397 662 ret-ipiant
1435 591 1499 644 ad
1541 585 1913 655 pos~ideuduin
1947 624 1960 647 ,

311 732 318 740 .
382 692 536 741 itaut
583 689 833 751 deinceps
887 687 1053 753 ipsum
1110 683 1280 734 locum
1338 681 1562 732 Ιιειὺι·ίιιιι
1619 679 1698 731 vel
1752 683 1964 728 teneant

383 781 582 846 absque
624 779 778 832 ullius
807 776 1179 830 cootrarictate
1211 773 1289 826 vel
1331 769 1613 824 calumnia.
1650 767 1707 820 Et
1749 775 1804 819 ut
1854 768 1965 817 iure

383 880 560 924 nostra
610 868 894 936 prmreltio
947 866 1029 919 vel
1074 865 1406 918 t-onlirmatin
1441 857 1638 913 nostris
1677 867 1731 911 et
1775 855 1963 909 futuris

382 966 713 1034 temporibus
745 964 894 1018 ﬁrma
919 974 971 1018 et
1000 961 1209 1017 stabilis
1239 958 1527 1035 perdurare
1555 955 1762 1016 debeat,
1802 969 1958 1006 manu

384 1058 593 1124 pmpria
639 1055 822 1110 subter
861 1055 1195 1108 decrevimus
1229 1052 1506 1110 roborare,
1539 1058 1594 1102 et
1645 1047 1712 1099 de
1759 1043 1959 1097 annulo

382 1158 564 1201 nostro
601 1147 832 1217 sigillare
860 1145 1135 1214 jnssirnus.

451 1228 668 1306 Signum
699 1237 872 1291 Caroli
902 1233 1270 1305 gloriosissinti
1303 1232 1462 1303 regis.

456 1330 726 1384 tlitherius
759 1328 1086 1396 recognovit.
1384 1378 1386 1380 ,

455 1421 586 1475 Data
608 1419 976 1475 ldusJanuarii
1007 1433 1149 1473 anno
1177 1418 1346 1486 primo
1376 1415 1525 1485 regni
1548 1416 1733 1468 nostri.
1770 1415 1956 1466 Actum

386 1515 700 1585 Aquisgrani
748 1512 945 1582 palatio
975 1510 1184 1581 publico
1211 1509 1263 1564 in
1317 1508 1407 1564 Dei
1457 1507 1673 1562 nomine
1717 1505 1954 1558 feliciter.

382 1610 572 1659 Amen.

460 1769 501 1822 Ι)
525 1770 696 1838 plomo
729 1767 917 1821 °(.'nroli
947 1765 1117 1904 um(gni
1145 1763 1567 1902 prpﬁgtpnaslerio
1598 1759 1884 1816 Corbciensi

1038 1851 1170 1887 anno
1206 1857 1219 1887 ι
1334 1876 1346 1887 .

1038 1851 1170 1887 (ωηο
1206 1851 1346 1887 ιυυι.

862 1947 950 2008 (Ex
980 1947 1038 1997 Π.
1062 1947 1305 2008 Bouquet,
1334 1945 1472 2006 ibid.)

454 2054 676 2109 Carolus
709 2069 798 2106 rex
827 2051 1148 2104 Francorum
1185 2048 1261 2102 \it‘
1285 2047 1531 2103 inluster.
1567 2047 1619 2102 Si
1648 2060 1708 2102 ea
1739 2061 1858 2114 nuce
1887 2046 1955 2100 ab

394 2148 718 2202 anteriorem
746 2159 927 2214 regum
959 2139 1224 2212 quondam
1257 2152 1558 2196 nostrorum
1591 2139 1654 2194 ad
1691 2136 1805 2193 loca
1834 2153 1955 2192 san-

383 2249 596 2294 ctorum
630 2239 710 2292 vel
745 2253 840 2305 pro
861 2235 1256 2304 opportunitate
1281 2248 1558 2287 servorum
1593 2231 1682 2286 Dei
1710 2232 1805 2286 fuit
1830 2246 1955 2286 con-

382 2346 591 2386 cessum
634 2338 790 2398 atque
821 2327 1104 2391 indolzum,
1159 2328 1358 2380 nostris
1413 2323 1641 2378 oraculis
1670 2323 1957 2377 ailirtnavi-

384 2443 522 2493 rnus,
552 2441 734 2498 regum
764 2424 1198 2478 consuetudinem
1240 2433 1551 2475 exercemus
1580 2459 1594 2482 ,
1631 2430 1680 2470 et
1712 2417 1864 2471 nobis
1890 2417 1955 2472 ad

381 2517 680 2574 mercedem
730 2516 810 2569 vel
869 2515 1212 2570 stabilitatem
1270 2511 1417 2578 regni
1471 2509 1636 2563 nostri
1693 2510 1956 2576 pertinuere

340 2604 341 2607 “
380 2601 717 2667 confidimus.
759 2609 922 2678 lgitnr
969 2604 1291 2661 venerabilis
1339 2603 1488 2670 [lado
1529 2602 1595 2655 de
1635 2602 1957 2654 tnnnasterio

379 2702 627 2768 Corbeia',
658 2700 798 2771 quod
829 2684 1059 2768 punitur‘
1092 2695 1142 2750 in
1195 2709 1325 2764 pago
1377 2691 1719 2748 Ambianensi
1751 2732 1764 2756 ,
1815 2689 1954 2760 quod

380 2807 748 2850 antece~sorcs
793 2792 960 2847 ndstii
1011 2790 1322 2846 Clmbarius
1365 2789 1653 2859 quondam
1685 2802 1774 2839 rex
1809 2828 1822 2850 ,
1873 2783 1954 2838 vel

277 2893 288 2901 ”
380 2886 759 2942 Balbeoliildis
816 2885 992 2953 regina
1047 2897 1231 2938 eorum
1287 2896 1448 2949 oi-ete
1512 2895 1540 2933 a
1613 2877 1955 2933 fundamento

376 2983 1100 3045 construereprzeceperuut,
1125 2974 1424 3028 clementia:
1454 2971 1600 3040 regni
1635 2968 1802 3043 nostri
1829 2981 1948 3036 sug-

373 3070 536 3140 gessit
580 3086 644 3124 co
674 3068 812 3136 quod
851 3065 1103 3136 prazl'atus
1154 3065 1397 3132 princeps
1448 3062 1608 3118 talem
1664 3060 1728 3113 ad
1777 3062 1948 3128 ipsum

379 3161 761 3218 mouasterimn
807 3177 898 3229 per
929 3175 1113 3214 eorum
1143 3157 1524 3226 pra-cep'ioties
1553 3154 1952 3210 concessissent

373 3254 658 3318 licentiam,
691 3263 746 3306 nt
773 3267 958 3306 amnes
1000 3265 1084 3305 res
1126 3261 1230 3304 tam
1273 3248 1412 3319 quod
1468 3249 1568 3318 ipsi
1618 3247 1813 3303 ibidem
1856 3261 1951 3315 pro

375 3361 559 3402 eorum
591 3345 838 3401 mercede
882 3343 979 3396 visi
1025 3346 1264 3397 ﬁrmasse
1293 3341 1525 3403 fuerunt,
1554 3355 1710 3409 quam
1734 3337 1892 3392 etiam
1921 3351 1950 3390 a

371 3439 784 3497 succedentibus
829 3438 1082 3506 regibus,
1116 3435 1197 3489 vel
1240 3450 1268 3487 a
1318 3433 1637 3503 quibuslibet
1688 3432 1852 3487 Deum
1885 3430 1951 3484 ti-

372 3532 638 3588 mentibus
695 3519 998 3585 ltoruinihus
1053 3519 1208 3581 luerit
1261 3523 1616 3579 additnm‘vel
1642 3524 1896 3577 collatum
1931 3530 1965 3588 ,ι

342 3637 454 3692 ζειαί
485 3625 551 3677 ab
582 3623 712 3691 ipsis
737 3620 1049 3676 custodibus
1082 3619 1287 3688 praelati
1318 3617 1629 3672 monasterii
1665 3631 1762 3684 per
1783 3615 1951 3684 quod-

369 3715 498 3770 libet
528 3715 796 3785 ingeniuzn
851 3712 1024 3766 fuerit
1049 3717 1332 3764 attractum
1364 3709 1415 3762 in
1443 3707 1767 3778 quibuslibet
1799 3707 1949 3777 pagis

369 3805 454 3861 vel
483 3804 788 3860 territoriis.
820 3803 918 3856 lioc
949 3817 1070 3872 pars
1094 3801 1260 3871 ipsius
1287 3799 1598 3856 monasterii
1620 3798 1718 3854 sub
1746 3800 1947 3868 integra
1993 3824 1996 3826 ·

371 3897 686 3959 emunitate,
721 3881 925 3964 absque
971 3895 1191 3950 introitu
1216 3893 1456 3964 iudicum
1486 3893 1568 3947 vel
1604 3890 1717 3946 ﬁsci
1750 3890 1948 3964 publici

375 3989 789 4061 repetitionibus
820 4031 833 4054 ,
878 3987 1151 4056 possidere
1189 3987 1342 4050 omni
1374 3995 1615 4054 tempore
1643 3984 1825 4053 quieto
1856 3999 1947 4037 or.-

371 4082 498 4137 dine
537 4082 776 4136 deberet.
822 4080 974 4135 Unde
1013 4087 1067 4134 et
1113 4081 1253 4146 ipsas
1286 4077 1676 4148 przeceptioncs
1700 4086 1946 4131 anteces-

366 4187 547 4227 sorum
582 4180 882 4226 nostrorum
913 4215 927 4238 ,
969 4185 1064 4226 seu
1096 4179 1149 4227 et
1178 4168 1610 4224 conﬁrmationes
1633 4167 1944 4232 Cbilderici,

365 4263 700 4323 Theoderici,
728 4263 1041 4328 (lblodovei,
1074 4261 1399 4318 Cliildeberti
1429 4302 1442 4326 ,
1477 4261 1760 4330 Dagoberti
1782 4305 1796 4328 ,
1824 4259 1944 4326 Pip-

1975 3019 2025 3082 C

2069 403 2320 452 r-ollatutu
2372 408 2462 451 aut
2511 412 2604 466 per
2643 395 2915 462 quodlibet
2959 391 3226 459 ingenium
3283 390 3350 444 ab
3389 389 3516 457 ipsis
3555 389 3638 441 alt-

2069 493 2275 545 batibus
2326 490 2578 544 inibidem
2638 488 2747 541 Deo
2790 485 3144 539 servientibus
3202 480 3300 536 fuit
3341 490 3635 541 attractum,

2067 594 2157 636 aut
2215 585 2422 639 inantca
2486 580 2680 634 ibidem
2706 622 2718 643 ,
2778 579 2885 631 Deo
2917 576 3232 640 auxiliante,
3264 589 3290 624 a
3332 572 3638 639 quibuslibet

2069 675 2370 740 hominibus
2404 674 2562 727 fuerit
2599 672 2933 726 melioratum
2979 667 3060 720 vel
3091 671 3506 733 augmentatum,
3540 669 3636 714 tam

2067 765 2207 833 quod
2235 766 2480 832 pt'msenti
2509 772 2750 836 tempore
2784 773 2904 825 pars
2948 757 3112 823 ips-ius
3143 752 3450 806 monasterii
3476 750 3637 816 possi-

2065 860 2193 911 dete
2225 858 2303 910 vel
2337 855 2612 909 dominare
2636 851 2864 912 videtur.
2890 859 3124 916 quamet
3156 846 3389 904 inantea,
3426 842 3636 896 Domino

2054 949 2352 1018 ,διιίιιγειιιω
2386 989 2398 1009 ,
2453 946 2645 999 ibidem
2694 943 2858 996 fuerit
2909 936 3297 1008 perlquzulibet
3352 944 3635 986 strutuenta

2064 1051 2330 1094 cartarum
2387 1040 2640 1092 collatnru
2686 1046 2777 1090 aut
2837 1041 3122 1088 attractum
3156 1071 3169 1095 ,
3225 1027 3472 1096 inSpeeIis
3519 1022 3637 1093 ipsis

2067 1132 2510 1202 pra-ceptionibus
2559 1117 2990 1185 memoratorqu
3030 1123 3364 1193 principum,
3395 1119 3494 1172 sub
3520 1117 3636 1170 inte-

2064 1241 2156 1296 gra
2185 1227 2481 1279 emunitate
2503 1223 2709 1292 absque
2740 1218 2956 1274 introitu
2979 1217 3212 1285 iudicum
3235 1213 3445 1266 valeant
3470 1210 3638 1278 quieto

2063 1318 2255 1372 Ordine
2299 1330 2484 1371 tenere
2533 1317 2615 1370 vel
2669 1314 2943 1382 possidere
2987 1329 2998 1362 :
3048 1311 3118 1364 ita
3164 1319 3221 1363 ut
3273 1306 3447 1361 nullus
3485 1303 3634 1372 judex

2065 1409 2309 1476 publicus
2358 1410 2408 1462 in
2460 1417 2640 1462 curtes
2692 1403 2858 1475 ipsius
2911 1399 3259 1463 monasterii,
3293 1398 3376 1452 vel
3408 1396 3636 1451 homines

2061 1499 2151 1566 qui
2190 1513 2351 1567 supra
2385 1506 2558 1552 terras
2588 1507 2930 1551 commanere
2950 1492 3221 1556 videntur,
3247 1503 3346 1543 nec
3366 1487 3430 1542 ad
3457 1501 3634 1541 causas

2061 1590 2351 1644 audiendas
2378 1630 2392 1655 ,
2440 1603 2540 1642 nec
2584 1587 2650 1641 ad
2698 1586 2844 1640 lreda
2871 1581 3157 1652 exigenda,
3189 1595 3290 1634 nec
3321 1591 3526 1648 paratas
3551 1587 3635 1631 aut

1988 1658 2372 1736 Bmansiones
2428 1677 2738 1742 faciendas,
2797 1691 2897 1730 nee
2957 1674 3092 1728 ullas
3150 1671 3534 1727 redbibiriones
3575 1669 3635 1722 de

2061 1784 2212 1846 parte
2245 1773 2355 1828 tisci
2388 1771 2558 1826 nostri
2599 1766 2954 1839 requirendus
2995 1775 3090 1819 aut
3134 1759 3474 1830 accipiendas
3498 1800 3512 1822 ,
3558 1758 3633 1813 iu-

2058 1869 2206 1937 grcdi
2239 1865 2461 1921 omnino
2487 1871 2776 1934 praesumat
2810 1879 2821 1914 :
2852 1861 2947 1915 sed
2976 1861 3076 1914 sub
3106 1857 3310 1926 integra
3335 1853 3630 1916 emunitate,

2061 1975 2115 2016 ut
2138 1961 2369 2015 diximus
2395 2000 2411 2027 ,
2467 1973 2587 2013 cum
2617 1955 2867 2012 erunibus
2895 1952 3065 2028 [redis
3105 1949 3404 2014 concessis,
3449 1947 3634 2002 nostris

2059 2062 2116 2109 et
2170 2051 2367 2105 futuris
2420 2049 2757 2118 temporibus
2787 2046 2971 2116 quieto
3006 2041 3194 2104 ordine
3222 2039 3436 2094 valeant
3477 2039 3631 2107 possi-

2059 2143 2188 2198 dere
2219 2143 2302 2196 vel
2333 2138 2635 2206 dominare,
2671 2145 2728 2191 tit
2777 2136 2964 2190 melius
3010 2133 3243 2189 delectet
3277 2145 3463 2185 servos
3500 2129 3632 2198 ipsos

2062 2239 2155 2293 Dei
2199 2253 2297 2308 pro
2343 2235 2635 2289 stabilitate
2677 2231 2823 2300 regni
2875 2229 3046 2284 nostri
3085 2228 3175 2281 Dei
3223 2222 3629 2280 misericordiam

2059 2332 2356 2400 deprecari.
2413 2330 2476 2385 Et
2517 2338 2575 2383 ttt
2621 2329 2734 2382 lucc
2772 2325 3060 2394 praeceptio
3089 2324 3297 2377 tirrnior
3346 2318 3628 2380 habeatur,

2063 2426 2145 2478 vel
2199 2439 2293 2492 per
2331 2433 2569 2486 tempora
2619 2415 2962 2472 in-omnibus
3010 2420 3404 2476 conservetur,
3458 2422 3632 2463 manus

2063 2520 2278 2570 nostrae
2306 2509 2796 2580 subscriptionibus
2841 2507 3026 2562 subter
3055 2519 3174 2560 eam
3201 2503 3533 2558 decrevimus
3553 2516 3628 2556 τοι

2062 2609 2272 2663 borare.
2741 2661 2743 2663 ι

2135 2697 2368 2752 ltlterius
2393 2693 2708 2765 recognovit
2726 2701 2780 2749 et
2807 2690 3140 2761 subscripsit.

2138 2789 2265 2842 Data
2318 2787 2418 2841 sub
2463 2787 2550 2842 die
2598 2800 2704 2841 xvii
2753 2783 3016 2839 Calendas
3047 2781 3266 2854 Aprilis.
3299 2795 3439 2835 anno
3464 2779 3489 2835 1
3518 2793 3625 2833 cum

2064 2895 2291 2949 regnate
2329 2879 2489 2948 capi.
2523 2882 2712 2932 Actum
2741 2876 3005 2932 Andriaca
3033 2875 3159 2930 villa
3195 2876 3248 2928 in
3282 2872 3493 2927 nomine
3531 2871 3623 2924 Do-

2061 2971 2212 3026 mini.

2808 3039 2894 3094 IV.

2057 3169 2080 3196 ιι
2125 3156 2365 3226 Diploma
2395 3155 2570 3211 Caroli
2603 3154 2781 3224 Magni
2810 3169 2901 3222 pro
2955 3149 3304 3226 Andegovemi
3363 3142 3626 3202 S..Albiru'

2514 3219 2817 3279 monasterio
2848 3229 3010 3293 (anno
3033 3219 3161 3290 109)

2535 3339 2628 3400 (Ex
2657 3339 2713 3388 D.
2746 3338 2993 3398 Bouquet,
3016 3333 3155 3394 ibid.)

2124 3445 2349 3501 Carolus
2416 3460 2509 3500 rex
2573 3444 2900 3499 Francorum
2950 3441 3032 3494 vir
3082 3437 3288 3494 illuster
3322 3477 3338 3501 ,
3396 3435 3622 3488 omnibus

2055 3542 2252 3595 nostris
2279 3581 2295 3605 ,
2329 3550 2433 3594 etc.
2484 3526 2646 3609 Igitur
2681 3524 2993 3606 magniﬁcus
3015 3531 3436 3611 vir‘Guntliarus
3464 3537 3623 3583 rector

2053 3633 2120 3687 de
2153 3633 2482 3688 monasterio
2513 3631 2570 3686 S.
2607 3629 2805 3694 Albini,
2831 3628 2921 3697 qui
2962 3634 3047 3681 est
3083 3631 3425 3680 constructus
3471 3633 3623 3691 pr0pe

2053 3739 2234 3786 muros
2279 3721 2606 3789 Andecavis,
2658 3721 2741 3776 vel
2781 3717 2961 3774 clerici
2985 3717 3051 3774 de
3091 3717 3204 3786 ipsa
3228 3715 3448 3770 ecclesia
3475 3726 3619 3783 pecu-

2054 3820 2198 3874 liaris
2231 3819 2439 3888 patroni
2474 3819 2643 3873 nostri
2671 3817 2737 3870 ad
2784 3823 3025 3869 nostrain
3050 3810 3368 3866 accedentes
3406 3819 3621 3878 pra-sen-

2051 3910 2200 3976 tiam,
2234 3910 2536 3966 clementia:
2577 3909 2726 3980 regni
2757 3907 2926 3964 uestri
2965 3908 3354 3976 suggesserunt
3390 3914 3455 3955 eo
3493 3896 3620 3967 quod

2050 4014 2423 4060 antecessores
2477 4015 2670 4067 nosm,
2704 4015 2800 4056 seu
2847 4001 3008 4056 etiam
3059 3998 3289 4052 domnus
3329 4009 3393 4049 ac
3423 3992 3622 4063 genitor

2051 4106 2234 4150 liOalL‘l‘
2290 4097 2460 4151 beatte
2505 4095 2782 4155 memoria:
2825 4093 3046 4160 Pipinus
3096 4088 3368 4160 quondam
3403 4100 3494 4141 rev
3538 4096 3621 4152 per

2053 4191 2271 4245 illorum
2311 4191 2659 4246 auctoritates
2681 4202 2974 4256 eorumque
3001 4184 3248 4239 manibus
3270 4175 3617 4250 suscriptas...

2047 4291 2101 4333 ut
2131 4281 2391 4350 quasdam
2443 4281 2598 4335 villas
2627 4280 2871 4352 ejusdem
2911 4278 3137 4332 abbatize
3168 4273 3444 4330 canonicis
3469 4273 3619 4342 ipsius

365 4352 494 4424 pini,
540 4356 806 4425 quondam
861 4370 1067 4425 regum,
1103 4350 1307 4410 necnon
1352 4363 1406 4408 et
1440 4353 1695 4423 genitoris
1727 4352 1937 4420 nostri,

2060 4367 2153 4424 lo'ei
2191 4371 2473 4441 deputatas
2499 4350 2678 4427 denuo
2710 4387 2804 4440 per
2823 4368 3156 4426 celsitudinis
3183 4377 3383 4421 nostra:
3408 4363 3620 4421 auctori-

363 4449 478 4516 ipse
504 4447 636 4502 abba
666 4463 728 4500 ex
761 4447 862 4501 hoc
891 4447 942 4501 in
973 4448 1218 4514 prasenti
1246 4448 1400 4502 nobis
1424 4447 1643 4515 protulit
1672 4447 1940 4516 legendas;

359 4549 410 4592 ct
452 4539 620 4605 ipsum
688 4537 1004 4592 beneficium
1055 4537 1123 4590 ab
1167 4539 1242 4591 eo
1299 4547 1538 4606 tempore
1596 4552 1762 4606 usque
1807 4554 1944 4610 nunc

359 4636 550 4690 asserit
603 4650 722 4688 esse
769 4643 1145 4689 conservatum
1179 4653 1187 4686 :
1222 4633 1315 4688 sed
1361 4649 1454 4702 pro
1480 4632 1744 4707 ﬁrmitatis
1767 4634 1943 4688 studio

357 4726 510 4795 petiit
539 4725 917 4779 celsitudinem
973 4735 1209 4779 nostram
1254 4735 1310 4777 ut
1360 4724 1460 4777 hoc
1523 4725 1692 4794 ipsum
1735 4725 1799 4778 ad
1854 4738 1943 4777 su-

360 4819 708 4885 proscriptum
765 4817 1150 4872 monasterium
1203 4827 1384 4872 nostra
1418 4818 1626 4885 plenius
1647 4815 1940 4874 auctoritas

357 4909 580 4964 deberet
604 4905 944 4963 conﬁrmare.
977 4910 1138 4978 Cujus
1172 4909 1478 4978 petitionem
1505 4912 1734 4978 gratanti
1759 4912 1940 4965 animo

357 5000 672 5071 praestitisse
699 5009 752 5054 et
782 5002 1153 5066 conﬁrmasse,
1179 5011 1232 5056 et
1258 5001 1308 5054 iu
1340 5002 1586 5055 omnibus
1603 5003 1939 5056 concessisse

357 5094 682 5164 cognoscite.
713 5092 1046 5161 QuaprOpter
1093 5105 1188 5160 per
1245 5101 1557 5160 prasentem
1597 5094 1845 5163 jubcmus
1875 5109 1938 5150 ac

357 5183 697 5240 decernimus
723 5183 1022 5261 iussionem
1051 5219 1068 5248 ,
1114 5193 1170 5260 ut
1198 5184 1447 5252 quicquid
1479 5182 1547 5238 ab
1575 5185 1936 5245 anteiioribns

359 5281 557 5336 nostris
604 5280 669 5334 ad
715 5290 1066 5334 memoratum
1108 5280 1489 5335 monasterium
1529 5281 1580 5334 in
1612 5281 1935 5350 quibuslibet

359 5377 487 5430 locis
511 5374 590 5430 vel
622 5373 907 5429 territm'iis
937 5372 1092 5426 fuerit
1121 5385 1434 5437 conoessum
1461 5384 1616 5443 atque
1647 5374 1930 5438 indultum,

428 5545 451 5572 δ
481 5531 633 5599 Apud
657 5528 1121 5599 Sattimarthanos.
1155 5531 1244 5598 qui
1294 5528 1436 5581 idem
1471 5545 1792 5595 prmeeptum
1817 5534 1930 5586 edi-

356 5597 552 5671 derunt
573 5611 704 5654 tom.
735 5597 796 5673 ιν
829 5599 1014 5673 Galliae
1043 5597 1267 5673 Christ”
1305 5615 1422 5673 pag.
1457 5601 1574 5673 “247.7
1607 5599 1930 5670 Mamanius,

357 5669 809 5737 Clementittiat‘us,
852 5669 1116 5742 l'rlpt'Jitt's,
1152 5671 1452 5736 l'innnrius,
1485 5672 1757 5727 Snbrncus.

2053 4465 2175 4518 tatis
2216 4466 2536 4534 suseriptum
2581 4482 2678 4520 nos
2719 4467 2878 4520 etiam
2916 4464 3119 4520 eisdem
3149 4464 3334 4518 u~ibus
3378 4467 3616 4532 perpetua

2052 4560 2166 4628 lege
2238 4558 2510 4612 habendas
2576 4557 2794 4611 easdem
2871 4557 3192 4611 conﬁrmare
3251 4555 3615 4625 dignaremur:

2049 4668 2274 4724 quarum
2317 4653 2528 4707 scilicet
2557 4653 2799 4705 villarum
2829 4651 2927 4705 ista
2955 4657 3080 4704 sunt
3118 4647 3331 4702 nomina
3365 4664 3378 4699 :
3407 4646 3617 4700 Mairon-

2049 4759 2172 4808 nus,
2217 4743 2700 4808 Clementiniacus,
2734 4741 2996 4810 Papirius,
3022 4737 3333 4806 Prunarius,
3357 4737 3616 4800 Sabiacus,

2051 4837 2406 4902 Multonacus,
2444 4834 2907 4897 Menasteriolum,
2939 4843 2992 4888 et
3015 4831 3166 4887 vinea
3196 4846 3313 4901 quae
3343 4830 3478 4886 infra
3503 4843 3619 4883 con-

2046 4927 2187 4980 sistit
2240 4927 2621 4981 !llonasterium
2659 4943 2671 4978 :
2705 4923 3052 4993 piscationem
3101 4937 3127 4974 a
3161 4930 3312 4990 porta
3344 4919 3374 4960 δ
3414 4917 3619 4973 Cancia-

2044 5032 2206 5071 cense
2261 5032 2432 5088 usque
2477 5018 2540 5070 ad
2573 5018 2798 5072 insulam
2829 5031 2947 5084 qua!
2979 5024 3319 5084 nuncupatur
3358 5012 3613 5068 Virelista.

2045 5108 2112 5164 Et
2151 5109 2253 5162 hoc
2303 5123 2401 5176 per
2442 5123 2614 5163 annos
2667 5107 2907 5178 singulos
2957 5107 3284 5171 constituit,
3335 5113 3396 5159 ut
3439 5104 3616 5158 dentur

2045 5203 2352 5270 praataxatis
2403 5201 2656 5255 fratribus
2707 5217 2772 5255 ex
2825 5201 2947 5254 villa
3008 5211 3029 5238 ε
3079 5198 3373 5254 Vistiniaco
3417 5197 3482 5252 de
3515 5195 3615 5249 sale

2046 5293 2254 5346 modios
2300 5282 2537 5346 centum.
2577 5292 2727 5366 Unde
2774 5291 2934 5345 etiam
2967 5332 2982 5357 ,
3039 5289 3200 5344 veluti
3258 5291 3614 5360 prresignattnn

2041 5385 2475 5454 est,.altitudinis
2504 5367 3050 5454 tiostrwprzeceptum
3085 5386 3186 5439 hoc
3219 5380 3612 5453 ﬁerijussimuS,

2111 5539 2136 5577 θ’
2173 5538 2323 5606 Apud
2357 5541 2596 5599 eosdem,
2631 5536 2909 5590 Crotiense.

2117 5623 2135 5646 ι’
2170 5613 2322 5678 Apud
2350 5611 2588 5675 cordeut,
2623 5609 2932 5663 Justtuiaco.
