3856 6220
153 245 261 298 997

456 243 679 301 C(‘DEX
724 241 1246 298 Dll’l.0.\lA.TlCUS.
1286 271 1360 284 --
1400 237 1819 322 I’RIVIIJCQIA.
1870 267 1934 276 —-
1981 238 2019 290 1.
2063 236 2307 291 ιηιιιίυ
2359 237 2491 291 PER
2538 237 2816 296 GALLLE
2867 239 3164 297 PARTES.

3366 248 3470 306 813

150 377 247 422 ,κει-
292 361 432 430 quod
490 357 828 427 praecipmius
871 369 926 409 ut
998 357 1400 425 przenominate
1476 371 1562 410 res
1618 369 1741 410 cum
1779 363 1823 420 Α
1858 366 1998 406 nunc
2022 351 2304 406 videantur
2329 367 2451 407 esse
2481 364 2832 410 conservata.
2867 356 2970 410 Sed
3007 372 3104 425 pro
3139 360 3346 430 integra
3381 368 3470 416 tsr-

147 457 302 508 ontni
345 454 670 520 integritate,
705 463 756 504 et
803 452 920 504 sine
951 453 1250 519 cuiuspiam
1292 459 1560 503 rectorum
1608 462 1750 516 pne-

146 546 245 600 t'ati
274 543 776 607 locitninoratione,
825 541 1009 613 usibus
1056 551 1109 594 et
1166 540 1441 607 stipendiis
1493 539 1589 590 Dei
1635 551 1752 590 scr-

152 653 342 690 vortttn
381 638 434 689 in
457 637 642 690 eodem
689 635 805 687 loco
833 632 1052 688 Christo
1085 629 1456 686 l'atnnlantittttt
1480 629 1753 696 deputata:

149 732 472 785 habeantur.
518 731 724 784 Interea
772 729 932 780 etiam
973 726 1350 780 constituimus
1396 733 1454 777 tit
1486 736 1749 777 numerus

150 824 383 879 fratrum
438 825 572 877 ultra
623 822 1126 890 quinquagenarinnt
1183 832 1460 870 numerum
1523 815 1591 868 ab
1641 815 1749 868 aii-

146 932 255 982 quo
310 932 494 972 eorum
542 917 734 970 abbate
779 914 885 968 ullo
937 928 1167 980 unquam
1214 923 1457 974 tempore
1505 922 1610 962 non
1650 922 1749 960 att-

146 1021 365 1080 geatnr.
433 1010 495 1062 Et
539 1009 640 1062 huc
672 1007 772 1060 ltoc
804 1018 1002 1059 nostr.e
1039 1002 1376 1056 auctoritatis
1416 1008 1744 1070 prmceptutn

147 1103 358 1156 ﬁrmius
396 1098 671 1165 habeatur,
702 1109 756 1154 et
787 1113 879 1167 per
920 1095 1094 1149 futura
1141 1105 1380 1162 tempora
1406 1106 1434 1145 a
1459 1105 1748 1146 successo-

146 1194 296 1245 ribus
330 1191 468 1244 illius
497 1201 548 1245 et
586 1190 833 1244 lidelibus
863 1196 1061 1242 sancta:
1111 1185 1203 1239 Dei
1248 1183 1506 1239 Ecclesia:
1549 1182 1747 1236 melius

145 1283 440 1347 t-i-edatnr,
491 1292 547 1336 et
607 1282 916 1351 diiig‘entius
965 1288 1315 1334 conservetur
1345 1316 1361 1340 ,
1411 1278 1483 1332 de
1535 1277 1746 1331 annulo

140 1383 332 1428 nostro
361 1374 550 1428 subter
567 1373 831 1444 jussintns
857 1370 1108 1442 sigillari.

211 1465 438 1536 Signum
466 1464 646 1521 Karoli
677 1461 1050 1536 gloriosissimi
1079 1462 1242 1531 regis.

210 1555 455 1612 Hiterius
478 1556 814 1626 recognovit.

136 1629 141 1635 I
209 1648 347 1704 Data
373 1648 426 1703 in
449 1665 638 1704 mense
672 1648 848 1703 Madio
871 1689 886 1713 ,
938 1662 1079 1702 anno
1111 1648 1284 1716 primo
1321 1655 1584 1718 regnante
1634 1643 1735 1698 Ka-

1861 445 2050 497 niitate
2106 445 2260 511 petiit
2311 445 2620 498 celsitudini
2674 460 2872 501 nosme
2921 464 3082 518 supra
3135 467 3471 511 memoratus

1857 533 2018 600 abba,
2063 543 2120 587 nt
2152 535 2252 588 hoc
2284 535 2429 588 circa
2466 537 2639 602 ipsum
2669 539 2850 590 locum
2884 556 2981 604 pro
3011 554 3188 597 nostra
3227 547 3466 623 auctori-

1859 639 1967 684 tate
1999 629 2208 695 plenius
2250 631 2579 684 conlirmare
2623 632 2948 687 deberemus
2978 654 2990 688 :
3033 636 3187 706 cujus
3220 640 3464 703 petitioni

1857 737 1957 790 pro
1991 722 2259 776 mercedis
2315 731 2516 777 nostra:
2567 733 2978 793 ancttnentnm,
3033 729 3466 788 vel'reverentia

1856 813 2026 882 ipsius
2059 813 2228 866 saneti
2263 812 2366 867 loci
2402 815 2472 867 ita
2508 817 2828 882 prastitisse
2871 827 2922 870 et
2967 819 3017 872 in
3047 821 3300 875 omnibus
3335 839 3459 876 con-

1856 905 2101 959 ﬁrmasse
2135 907 2466 976 cognoscite.
2515 906 2908 977 Principientes
2939 913 3082 967 enim
3116 927 3172 968 nt
3205 917 3460 986 quicquid

1854 1005 2068 1052 constat
2099 997 2169 1053 de
2204 998 2319 1068 ipsa
2353 999 2651 1054 cmunitate
2679 1041 2695 1067 ,
2747 1002 2885 1056 sicut
2927 1007 3181 1072 superius
3207 1017 3292 1062 est
3317 1023 3463 1063 cuia-

1853 1087 2180 1156 prehensum
2206 1131 2220 1154 ,
2273 1098 2651 1145 antecessores
2682 1095 2850 1147 nostri
2897 1094 3046 1164 justc
3079 1107 3132 1151 et
3160 1100 3415 1154 rationab
3447 1134 3465 1140 -

1852 1179 1973 1232 liter
1998 1190 2393 1234 concesserunt
2413 1181 2496 1235 vel
2529 1181 3014 1249 conﬁrmaverunt,
3048 1197 3102 1241 et
3133 1189 3200 1243 de
3230 1205 3295 1243 eo
3326 1202 3465 1244 teut-

1853 1289 1982 1340 pore
2029 1290 2202 1344 usque
2246 1289 2390 1328 nunc
2440 1285 2590 1330 recto
2635 1278 2850 1333 tramite
2899 1279 2998 1334 fuit
3042 1294 3460 1337 conservatum:

1851 1367 1921 1420 ita
1970 1376 2026 1421 et
2070 1368 2288 1422 inantea
2333 1377 2427 1436 per
2463 1380 2722 1424 nostrum
2782 1383 3114 1440 prteceptum
3151 1376 3359 1444 plenius
3409 1379 3459 1429 in

1850 1456 1943 1512 Dei
1992 1459 2213 1513 nomine
2260 1457 2332 1511 sit
2377 1472 2760 1516 conservatum
2787 1506 2801 1528 ,
2831 1466 3127 1534 inspectas
3159 1467 3290 1522 istas
3323 1485 3461 1538 pr.»-

1846 1548 2124 1615 ceptiones
2201 1550 2696 1618 suprascriptornm
2775 1553 3119 1625 principum,
3173 1559 3314 1614 sicut
3365 1576 3460 1628 per

1847 1640 2064 1696 easdem
2089 1641 2424 1705 declaratur,
2445 1645 2587 1698 circa
2617 1645 2790 1710 ipsum
2817 1647 3068 1702 abbatem
3095 1648 3453 1713 llardradntn,

140 1740 256 1795 rolo
280 1739 674 1812 gloriosissimo
723 1756 849 1812 rege
894 1730 1243 1796 Francorum.
1278 1737 1469 1794 Act‘tnn
1522 1750 1546 1778 ιι
1589 1737 1737 1792 Mur-
1766 1741 1817 1799 ιΒ
1847 1731 1932 1786 vel
1965 1746 2313 1788 successores
2354 1734 2423 1788 ad
2469 1733 2646 1804 ipsum
2682 1740 3071 1794 monasterium
3102 1741 3279 1796 Sithiu
3313 1747 3457 1796 omni

141 1847 300 1888 "1100.

907 1900 972 1956 γ.

142 2016 384 2090 Diploma
400 2015 576 2072 Caroli
599 2014 778 2090 Magni
801 2031 894 2090 pro
916 2014 1233 2090 humanitate
1253 2013 1464 2069 cmitobii
1489 2014 1732 2070 Sithiu:-

719 2089 789 2141 sis
816 2086 976 2156 (anno
1004 2087 1154 2154 769).

513 2199 673 2263 (Apud
699 2197 905 2258 Μειι›ιῐι.,
951 2198 1013 2248 dc
1042 2196 1114 2247 lie
1139 2195 1361 2260 diplom.)

209 2301 439 2357 Karolus
487 2302 656 2372 gratia
708 2301 800 2357 Dei
851 2317 942 2356 rex
995 2301 1344 2367 Francorum,
1380 2303 1460 2357 vir
1505 2304 1733 2359 illuster.

138 2395 192 2450 Si
222 2395 366 2450 facta
391 2405 796 2469 antecessorum
842 2405 1149 2450 nostrorum
1194 2411 1378 2467 regum
1422 2399 1566 2468 quod
1621 2399 1735 2454 loca

137 2497 445 2543 sanctorum
478 2489 842 2557 praestiterunt
865 2491 948 2544 vel
977 2502 1380 2558 concesserunt,
1410 2507 1506 2560 per
1531 2493 1736 2548 nostris

139 2580 370 2636 oraculis
401 2583 825 2648 conlirmamus,
878 2596 1023 2652 regia
1068 2583 1456 2640 consuetudine
1498 2599 1736 2667 exercef-

141 2687 280 2739 mus,
305 2681 363 2728 et
384 2672 541 2729 nobis
567 2674 632 2728 ad
665 2673 882 2729 laudem
901 2677 983 2730 vel
1007 2675 1353 2731 stabilitatem
1383 2678 1534 2749 regni
1565 2679 1732 2733 nostri

141 2764 190 2816 in
225 2762 323 2819 Dei
361 2766 578 2819 nomine
610 2765 883 2835 pertinere
921 2768 1266 2823 conﬁdimus.
1315 2769 1481 2839 Igitur
1511 2786 1735 2827 venera-

146 2853 261 2909 bilis
290 2853 373 2908 vir
403 2853 714 2912 liardradus
739 2857 875 2913 abba
903 2857 973 2914 de
1014 2862 1345 2916 monasterio
1375 2861 1552 2917 Sitltiu
1579 2903 1594 2928 ,
1641 2865 1734 2932 qui

140 2956 220 3000 est
256 2947 312 3002 in
347 2963 482 3018 pago
508 2949 845 3006 Tervaninse
873 2951 926 3006 in
959 2951 1165 3008 honore
1195 2965 1398 3008 sanctae
1428 2955 1612 3010 Marize
1641 2971 1734 3026 ge-

145 3038 349 3094 uitricis
378 3037 592 3095 Domini
628 3043 797 3096 nostri
826 3042 953 3098 .Iesu
980 3041 1204 3112 Chriéti,
1234 3061 1444 3103 necnon
1474 3059 1528 3104 et
1557 3049 1731 3106 sancti

144 3132 276 3188 Petri
303 3141 362 3188 et
386 3135 532 3188 Pauli
561 3138 930 3206 apostolorum
956 3139 1036 3194 vel
1064 3150 1377 3197 caeterorum
1402 3142 1726 3200 domnornm
1755 3143 1803 3205 ϐ

145 3237 450 3282 sanctorum
482 3238 828 3286 constructus
853 3271 869 3298 ,
917 3233 982 3286 ad
1015 3243 1252 3288 nostrain
1286 3238 1552 3293 accedens
1583 3253 1733 3309 prae-

86 3306 90 3309 ’
139 3315 404 3385 sentiam,
450 3318 753 3375 clementia:
799 3322 948 3393 regni
986 3325 1154 3379 nostri
1199 3306 1730 3398 suggessite‘o‘quod

141 3421 504 3465 antecessores
533 3411 683 3482 regni
714 3415 882 3469 nostri
930 3431 1085 3485 reges
1115 3416 1183 3472 de
1211 3432 1400 3474 omnes
1428 3432 1612 3476 curtes
1644 3423 1732 3478 vel

129 3500 288 3556 'villas
335 3501 506 3571 ipsius
553 3506 908 3574 monasterii,
959 3509 1211 3580 quicquid
1253 3512 1443 3566 eodem
1488 3521 1733 3584 tempore

143 3593 509 3662 possidebant,
544 3606 638 3651 ant
664 3598 843 3655 adhuc
892 3599 1106 3656 inantea
1137 3618 1203 3658 ex
1260 3619 1481 3660 munere
1509 3621 1730 3676 regum,

148 3686 226 3760 vel
253 3687 450 3744 collata
485 3690 706 3761 populi,
755 3707 851 3748 seu
883 3693 950 3749 de
981 3706 1326 3768 comparato,
1377 3707 1470 3754 aut
1497 3699 1565 3755 de
1593 3716 1729 3770 quo-

140 3777 265 3834 libet
311 3791 545 3837 attracto
595 3783 648 3838 in
697 3785 1028 3855 quibuslibet
1069 3790 1219 3860 pagis
1249 3798 1412 3860 atque
1443 3792 1732 3850 territoriis

141 3867 261 3925 inibi
289 3879 409 3926 erat
437 3873 677 3928 additum
708 3877 791 3931 vel
839 3876 1094 3933 collatum
1122 3920 1138 3946 ,
1184 3880 1390 3951 integra
1420 3867 1733 3950 ‘emunitate

141 3965 574 4022 antecessoribus
600 3968 712 4022 suis
741 3968 826 4025 vel
868 3970 934 4025 ad
967 3973 1354 4029 monasterium
1383 3974 1559 4031 Sithiu
1588 3992 1726 4033 cou-

141 4054 416 4122 cessisset,
450 4067 508 4113 ut
538 4059 716 4116 nullus
739 4061 904 4131 judex
937 4064 1181 4133 publicus
1212 4066 1408 4122 ibidem
1440 4068 1506 4124 ad
1536 4083 1730 4126 causas

142 4149 453 4221 audiendas,
484 4165 576 4208 aut
604 4153 745 4211 freta
779 4158 1096 4224 exactanda,
1127 4161 1210 4216 vel
1243 4160 1594 4232 ﬁdejnssores
1625 4167 1725 4222 tol-

142 4239 341 4312 lendus,
378 4245 463 4300 vel
515 4247 824 4304 mansiones
872 4261 966 4306 aut
1017 4263 1229 4322 paratas
1259 4252 1574 4324 faciendas,
1630 4274 1730 4316 nec

145 4331 602 4407 bomines,_ipsius
649 4345 962 4400 monasterii
1007 4354 1115 4402 tam
1161 4349 1426 4419 ingenuos
1467 4367 1629 4421 quam
1669 4364 1730 4409 et

143 4428 455 4496 servientes,
477 4434 566 4510 qui
596 4449 755 4504 super
778 4444 950 4493 terras
971 4453 1099 4494 suas
1120 4453 1486 4512 commanent,
1510 4445 1731 4501 distrin-

142 4521 375 4589 gendos,
426 4538 525 4581 nec
570 4527 708 4582 ullas
752 4529 1141 4588 redhibitiones
1182 4534 1574 4605 requirendas,
1626 4555 1728 4596 nec
1756 4514 1811 4576 Ῐ)

142 4614 480 4682 exaCtandas,
500 4617 782 4688 judiciaria
812 4631 1050 4691 potestas
1078 4625 1275 4682 ibidem
1305 4628 1590 4699 ingredere
1617 4647 1722 4687 non

144 4717 426 4772 presumat
455 4724 726 4780 quoquam
761 4721 1042 4783 tempOre;
1079 4715 1182 4771 nisi
1210 4719 1352 4788 quod
1381 4721 1482 4774 sub
1512 4727 1723 4778 emuni-

143 4801 257 4855 tatis
300 4815 528 4860 munere
576 4805 726 4860 omni
779 4815 1021 4877 tempore
1066 4824 1188 4865 cum
1238 4828 1429 4868 omnes
1475 4813 1610 4870 freto
1637 4817 1752 4871 .vel\

145 4892 338 4951 bannos
365 4911 656 4954 concessos
687 4914 812 4970 pars
844 4902 1014 4972 ipsius
1057 4897 1392 4962 monasterii
1419 4911 1726 4977 perenniter

143 4986 323 5045 debeat
351 4991 655 5059 possidere.
694 4993 845 5051 Unde
876 4999 1291 5068 przeceptionem
1325 5011 1730 5060 antecessorum

146 5088 438 5136 nostrorum
469 5097 530 5138 se
559 5098 625 5138 ex
657 5083 761 5141 hoc
793 5102 901 5155 pra:
931 5089 1178 5144 manibus
1221 5091 1422 5148 habere
1453 5094 1684 5151 afﬁrmat
1712 5139 1726 5162 ,

145 5179 193 5223 et
217 5172 355 5242 quod
384 5175 499 5244 ipsa
529 5175 787 5232 beneﬁcia
812 5194 1067 5236 concessa
1097 5182 1164 5238 ab
1189 5198 1256 5240 eo
1283 5194 1525 5257 tempore
1559 5205 1730 5260 usque

211 5339 233 5406 ξι
259 5327 428 5406 Locus
455 5332 613 5404 vulgo
638 5333 809 5390 dictus
839 5335 1045 5392 Moruai
1073 5341 1213 5406 apud
1243 5341 1528 5399 Santones.

209 5398 234 5438 ι
259 5398 700 5482 Αιιιίξξειιιιζρᾳεί
734 5398 1157 5465 Encolismetisis
1189 5415 1444 5482 palatium
1475 5398 1626 5471 erat:
1666 5429 1722 5472 at

149 5480 344 5551 veretur
366 5473 710 5551 _Mabil|onius
741 5489 798 5531 ιιι
825 5484 967 5535 anno
1000 5488 1146 5548 regni
1183 5473 1355 5551 primo
1385 5486 1612 5543 Carolus
1647 5492 1714 5544 Μ.

151 5543 239 5620 lnge
275 5543 326 5597 in
365 5545 834 5620 loco_consnterit.
887 5552 942 5605 ln
975 5543 1246 5608 Andriaco
1293 5559 1489 5620 palatio
1529 5563 1593 5613 ad
1627 5564 1718 5614 ΑΙ-

151 5611 291 5687 teiam
343 5631 450 5669 non
502 5616 657 5686 longe
704 5636 733 5674 a
779 5622 1032 5678 Sitltiensi
1079 5611 1410 5683 monasterio
1443 5611 1718 5687 resedi-sise

150 5685 319 5742 credit.
379 5687 512 5743 Nam
541 5685 644 5746 hoc
673 5693 788 5761 ipso
815 5709 958 5750 anno
982 5697 1210 5767 degebat
1237 5701 1374 5769 apud
1399 5685 1720 5758 Aodriacain

1849 1833 2094 1890 tempore
2142 1824 2257 1892 ipsa
2291 1824 2548 1881 beneﬁcia
2583 1841 2842 1884 concessa
2878 1830 2930 1885 in
2961 1833 3214 1888 omnibus
3248 1837 3460 1888 valeant

1845 1930 1967 1970 esse
1990 1927 2348 1983 conservata;
2381 1928 2437 1974 et
2467 1919 2668 1974 nullam
2698 1920 3140 1992 refragationem,
3168 1941 3266 1980 nec
3293 1927 3456 1981 ullum

1847 2009 2297 2076 impedimentum
2330 2025 2358 2064 a
2388 2009 2669 2081 iudicibus
2699 2013 2926 2082 publicis
2957 2017 3156 2072 exinde
3188 2033 3455 2089 quoquam

1848 2113 2094 2172 tempore
2125 2102 2328 2158 habere
2376 2119 2480 2159 non
2526 2107 2956 2174 pertimescant:
3005 2110 3145 2165 unde
3179 2112 3296 2180 ipsa
3326 2128 3456 2168 con~

1850 2192 2098 2262 gregatio
2129 2186 2227 2262 pro
2259 2195 2553 2251 stabilitate
2600 2199 2749 2268 regni
2797 2199 3002 2268 nostri,
3036 2203 3120 2254 vel
3152 2202 3328 2257 salute
3357 2219 3453 2272 pa-

1849 2285 1967 2339 triae
2001 2285 2217 2340 Domini
2251 2287 2678 2343 misericordiam
2708 2287 2912 2360 jngiter
2941 2290 3176 2346 debeant
3203 2283 3450 2348 exorare.

1846 2376 1913 2430 Et
1941 2387 1999 2430 ut
2029 2378 2143 2431 itare
2172 2379 2466 2433 auctoritas
2495 2379 2702 2434 ﬁrmior
2732 2382 3013 2450 habeatur,
3038 2393 3090 2438 et
3121 2383 3172 2437 in
3201 2385 3453 2439 omnibus

1841 2479 2218 2533 conservetur,
2259 2484 2453 2526 manus
2485 2481 2688 2526 nostra:
2722 2474 3179 2530 suscribtionibus
3209 2492 3327 2532 eam
3358 2479 3452 2532 de.

1840 2561 2110 2615 crevimus
2147 2561 2426 2617 roborare.
2649 2570 2652 2573 '

1910 2650 2134 2722 Signum
2173 2651 2358 2707 Karnli
2389 2655 2782 2725 gloriosissinti’
2806 2660 2967 2728 regis.

1913 2743 2043 2799 Data
2075 2761 2263 2802 mense
2286 2745 2452 2817 Julio,
2478 2763 2620 2805 anno
2649 2750 2824 2818 primo
2851 2754 3000 2824 regni
3029 2755 3220 2809 nostri.
3256 2755 3446 2808 Actum

1837 2836 1867 2876 δ
1891 2837 2157 2893 Andiaco.
2595 2911 2659 2968 Vl

1839 2997 2082 3069 Diploma
2114 3001 2289 3057 Caroli
2323 3000 2506 3075 Magni
2517 3019 2635 3080 pro
2661 3006 3018 3080 Andegavensi
3045 3019 3068 3048 '1
3104 3007 3166 3066 S.
3195 3008 3447 3080 Stephani

2347 3077 2561 3129 ecclesia
2593 3077 2756 3146 (arma
2786 3078 2942 3146 770).

2332 3165 2425 3229 (Ex
2452 3166 2510 3217 D.
2538 3168 2790 3232 Bouquet,
2814 3171 2961 3235 ibid.)

1909 3247 2138 3303 Karolus
2181 3251 2356 3319 gratia
2407 3251 2502 3307 Dei
2553 3268 2646 3308 rex
2694 3253 3057 3326 Francorum,
3100 3259 3182 3314 vir
3214 3259 3444 3336 illuster.

1835 3343 2088 3396 omnibus
2120 3344 2442 3412 agentibus,
2486 3353 2593 3400 tam
2639 3350 2998 3414 prtese‘ntibus
3029 3367 3192 3422 quam
3225 3333 3444 3412 futuris.

1842 3430 2000 3486 Tunc
2034 3443 2218 3488 nostra
2250 3434 2514 3492 celsitudo
2547 3436 2899 3496 fundamenta
2935 3443 3016 3497 sui
3048 3445 3300 3503 culminis
3327 3463 3447 3504 coro

1835 3523 2094 3592 roborat,
2127 3529 2351 3596 quando
2379 3527 2445 3584 ad
2480 3531 2773 3600 petitiones
2805 3533 3145 3590 sacerdotum
3176 3548 3232 3594 et
3259 3553 3448 3595 servo-

1835 3631 1954 3670 rum
2009 3617 2147 3684 Dei,
2194 3621 2339 3690 quod
2393 3637 2494 3690 pro
2546 3624 2764 3680 illorum
2814 3627 2997 3696 quiete
3039 3630 3122 3685 vel
3168 3629 3445 3700 juvamine

1836 3712 2105 3777 pertinet,
2138 3712 2496 3779 obaudinins,
2529 3727 2580 3770 et
2614 3715 2716 3771 ltoc
2747 3719 2902 3773 nobis
2930 3719 2996 3773 ad
3029 3723 3334 3778 mercedem
3363 3724 3452 3781 vel

1834 3799 2188 3854 stabilitatem
2246 3803 2398 3872 regni
2450 3807 2620 3862 nostri
2669 3808 2720 3861 in
2770 3807 2864 3862 Dei
2909 3810 3128 3866 nomine
3173 3814 3448 3882 pertinere

1832 3890 2175 3949 conﬁdimus.
2229 3895 2460 3967 Ideoque
2487 3911 2777 3969 cognosc-tt
2809 3901 3121 3974 magnitudo
3154 3887 3251 3962 seu
3286 3910 3453 3966 Itili-

1835 3991 1921 4039 tas
1950 3995 2156 4051 vestra,
2191 3991 2336 4056 quod
2368 3992 2704 4060 apostolicus
2733 3995 2812 4049 vir
2831 3997 3133 4054 Mauriolus
3159 4001 3447 4072 episcopus

1831 4075 2244 4144 Andecavensis
2274 4081 2512 4137 civitatis
2558 4084 2626 4138 tle
2671 4087 3005 4143 monasterio
3050 4089 3110 4144 S.
3142 4091 3444 4160 Stephani,

1831 4167 1976 4236 quod
2028 4171 2130 4224 sub
2164 4173 2299 4227 urbe
2335 4175 2502 4242 ipsius
2550 4177 2786 4235 civitatis
2820 4195 3005 4251 .pr0pe
3055 4200 3269 4240 murum
3310 4204 3445 4242 con-

1831 4270 2099 4318 structum
2130 4275 2256 4334 est,
2309 4269 2467 4325 nobis
2498 4275 2768 4342 suggessit
2800 4276 3038 4343 qualiter
3067 4291 3444 4336 antecessores

1832 4357 2004 4410 nostri
2040 4372 2196 4428 reges
2222 4359 2398 4436 ip~ut_u
2427 4365 2872 4420 monasteriolum
2900 4368 2966 4423 ad
2998 4372 3174 4426 lumen
3200 4375 3454 4429 ecclesiae

1831 4446 1888 4501 S.
1923 4445 2163 4504 Manritii
2203 4467 2639 4520 concesserunt,
2678 4467 2734 4514 et
2766 4470 2822 4513 nt
2855 4477 2952 4516 nos
2984 4467 3144 4518 modo
3175 4482 3270 4534 per
3301 4484 3457 4522 mer--

1836 4537 1984 4591 cedis
2026 4549 2230 4594 nostra;
2267 4554 2618 4612 augmentum
2654 4552 2759 4603 tale
2793 4550 3110 4608 beneﬁcium
3153 4557 3201 4610 ei
3242 4572 3442 4614 conce-

1836 4627 1966 4684 dere
2001 4630 2350 4702 deberemus,
2387 4647 2444 4690 ut
2485 4636 2538 4690 in
2571 4637 2763 4694 locella
2797 4642 2966 4713 ipsius
2997 4651 3310 4703 monasterii
3332 4692 3347 4712 ,
3389 4653 3443 4704 ιιι

1835 4722 2269 4795 quibuscumque
2301 4731 2448 4799 pagis
2473 4732 2554 4786 vel
2581 4734 2867 4790 territoriis
2897 4751 2960 4791 ea
2984 4739 3194 4796 videtur
3219 4742 3442 4812 habere,

1837 4817 2016 4872 nullus
2043 4819 2209 4903 j‘udex
2245 4825 2511 4892 publicus,
2541 4843 2641 4882 nec
2674 4829 2740 4883 ad
2773 4845 2966 4886 causas
2993 4834 3313 4903 audiendas,
3341 4854 3445 4894 nec

1836 4910 1902 4985 ad
1932 4897 2206 4970 inlre‘ndas
2255 4919 2337 4972 vel
2384 4918 2532 4975 {reda
2564 4925 2853 4994 exigenda,
2880 4943 2978 4982 nec
3009 4928 3330 4988 liostilitates
3354 4937 3444 4991 vel

1833 5005 2144 5061 mansiones
2179 5020 2272 5062 aut
2304 5022 2516 5078 paratas
2551 5013 2860 5086 faciendas,
2907 5035 3006 5075 nec
3033 5021 3099 5074 ad
3129 5023 3264 5077 ullas
3291 5025 3438 5079 redi-

1832 5096 2066 5151 bitioues
2097 5103 2454 5168 requirendas
2488 5104 2696 5175 ingredi
2730 5109 2967 5164 audeat:
3009 5111 3104 5166 sed
3135 5113 3278 5178 quod
3312 5115 3442 5171 ﬁsco

1830 5203 1861 5242 a
1895 5189 2053 5260 longo
2096 5201 2340 5262 tempore
2391 5196 2488 5250 fuit
2534 5201 2874 5257 consuetudo
2922 5205 2992 5259 ad
3037 5207 3437 5272 exactandutn',

1834 5346 2056 5422 villam,
2107 5349 2193 5404 ubi
2246 5352 2578 5422 privilegium
2636 5355 2947 5416 Corbeiensi
2995 5362 3172 5418 abbati
3229 5365 3438 5422 Iladoni

1833 5433 1924 5471 seu
1955 5421 2196 5474 Citadoni
2227 5421 2516 5478 concessit.

1906 5500 1927 5527 σε
1959 5493 2239 5571 Quodnam
2269 5496 2339 5547 sit
2369 5497 2498 5550 illud
2529 5499 2586 5554 S.
2620 5499 2879 5571 Stephani
2914 5509 3304 5564 monasterium
3335 5524 3431 5564 seu

1835 5563 2302 5648 monasteriolum,
2337 5581 2441 5620 non
2469 5571 2664 5648 liquet.
2710 5563 2905 5648 Fertne
2934 5576 2988 5631 id
3023 5563 3433 5648 intelligendum

1835 5634 2046 5718 viiieinr
2073 5636 2145 5714 tle
2187 5634 2616 5718 mor-rasterio'S.
2664 5634 2871 5718 Albini,
2916 5648 3042 5703 olim
3083 5634 3434 5718 suburbano,

1835 5705 1974 5779 quod
2007 5706 2155 5772 princ
2181 5725 2267 5775 pio
2291 5710 2347 5761 ὃ.
2370 5710 2550 5767 Maria:
2574 5731 2668 5770 seu
2694 5720 2754 5774 Si.
2777 5705 3045 5774 Germano
3070 5705 3432 5779 AltliSSiOdOI':

1837 5776 2115 5844 episcopo,
2156 5795 2263 5836 non
2294 5781 2351 5836 S.
2378 5785 2677 5854 Stephano,
2712 5791 3182 5850 Saciatuin'l’uisse
3208 5776 3428 5865 legitur.
