3856 6220
480 239 584 295 923

1407 227 1465 282 Β.
1506 223 1756 280 ολιιυω
1796 222 2014 278 BIAGNI
2054 221 2206 278 ΟΡΡ.
2253 224 2427 281 PARS
2467 226 2505 280 l.
2548 224 2792 281 SECTIO
2833 223 2894 278 ll.

3637 224 3720 278 θξι

477 351 714 421 ψιοιώυι
757 347 916 400 modo
962 342 1028 398 ab
1067 343 1312 421 omnibus
1336 382 1349 404 ,
1382 342 1468 408 qui
1499 355 1660 407 super
1690 351 1857 392 terras
1888 337 2054 408 ipsius
2084 341 2133 400 Α
2164 337 2460 406 l'tiucipule
2484 325 2697 410 quidem
2715 338 3012 396 clementia
3041 346 3456 409 cuncturnmque
3485 339 3634 395 decet
3651 358 3722 395 ac-

476 419 646 494 sancti
679 435 939 490 Vincentii
981 434 1059 487 vel
1089 419 1260 505 sancti
1287 430 1536 486 Germani
1579 443 1920 481 comtuauere
1953 442 2059 480 no-

480 539 728 588 scuntur,
785 525 984 578 habere
1034 533 1274 592 poterat,
1325 531 1378 575 et
1432 533 1621 574 etnnes
1677 517 2059 572 redhibitiooes

477 618 677 685 absque
732 616 892 669 ullius
944 614 1136 682 iudicis
1194 612 1412 666 introitu
1462 619 1555 662 aut
1602 609 1916 674 repetitione
1960 608 2053 658 ba-

479 712 635 764 beant
663 722 938 763 concessa.
973 705 1347 774 Prsecipientes
1373 703 1514 757 enim
1538 703 1785 769 jubetuus
1809 711 1863 753 ut
1885 713 2055 767 neque

477 813 609 858 nos.
659 813 834 866 neque
879 797 1120 865 juniorcs
1170 810 1263 847 seu
1318 805 1654 847 successores
1703 791 1910 855 nostri,
1970 791 2052 843 vel

473 891 693 959 quilibet
739 905 801 944 ex
841 889 1118 959 judiciaria
1159 897 1419 957 potestate
1463 890 1733 939 accinctus
1777 899 1872 952 pro
1911 898 2050 952 quo-

469 997 698 1049 cumque
741 979 899 1034 modo
947 977 1070 1033 ullis
1111 977 1352 1048 ingenuis
1389 977 1440 1028 in
1473 976 1678 1030 cunctis
1725 975 1881 1028 terris
1915 990 2052 1042 pra!-

473 1076 596 1129 latr
623 1073 890 1139 basilica,
916 1072 1003 1126 vel
1033 1073 1184 1126 in‘co
1211 1071 1349 1140 quod
1383 1069 1628 1138 praesenti
1659 1079 1900 1139 tempore
1929 1085 2050 1138 pos-

467 1165 660 1218 siderei
686 1163 913 1228 videtur,
986 1171 1080 1218 aut
1121 1161 1261 1229 quod
1323 1161 1531 1216 inantea
1576 1161 1769 1215 ibidem
1810 1157 2046 1214 additum

467 1273 496 1309 a
527 1256 692 1310 Deum
723 1255 1035 1310 timentibus
1065 1253 1223 1310 fuerit
1253 1253 1336 1308 vel
1373 1253 1625 1308 collatum
1647 1294 1664 1318 ,
1692 1268 1792 1308 nec
1818 1253 1882 1306 ad
1915 1267 2044 1308 cau-

467 1363 555 1403 sas
580 1347 922 1413 audiendum,
955 1361 1052 1401 nec
1071 1346 1137 1401 ad
1170 1354 1311 1401 recta
1334 1346 1457 1416 (sic)
1476 1345 1818 1414 exigendum,
1843 1359 1943 1400 nec
1963 1343 2046 1399 di-

466 1441 772 1494 strictioues
798 1449 889 1493 aut
919 1438 1225 1494 mansiones
1257 1437 1556 1492 faciendum
1575 1478 1591 1504 ,
1631 1452 1730 1492 nec
1757 1437 1889 1491 ullas
1921 1451 2043 1505 par-

465 1546 559 1584 vas
609 1547 697 1586 res
742 1531 1166 1601 requirendum,
1214 1541 1305 1584 aut
1355 1531 1598 1585 homines
1649 1530 1716 1584 de
1765 1529 1938 1598 capite
1991 1529 2044 1585 in

462 1622 664 1691 judicio
706 1626 995 1692 reprobare
1031 1624 1294 1679 ullatenus
1337 1632 1694 1692 praesumant,
1733 1630 1787 1675 et
1817 1630 2041 1690 praeter-

2162 434 2506 485 counnodare
2534 448 2715 486 aurem
2749 433 3025 499 benignam
3046 475 3063 501 ,
3088 433 3455 502 prtecipncqne
3483 447 3578 499 pro
3598 449 3721 485 com-

2163 518 2356 584 pentlio
2383 522 2703 587 animarum,
2728 532 2834 576 etc.
2858 523 3018 592 Igitur
3049 523 3383 587 venerabilis,
3403 521 3481 574 vir
3503 521 3720 600 Faribcr-

2162 617 2245 661 tus
2276 609 2418 663 dono
2454 611 2541 664 ltei
2565 612 2730 665 abbas
2754 613 2820 666 de
2850 615 3174 668 monasterio
3201 613 3414 668 Vivario
3439 613 3721 681 peregrino-

2159 717 2314 763 rum,
2366 703 2716 771 qtli‘ponitur
2765 705 2815 757 in
2865 719 2998 773 pago
3050 706 3325 758 Alsacensi
3377 719 3541 771 super
3571 703 3720 756 rivum

2158 789 2402 842 Μωδαεή
2427 831 2439 855 ,
2471 794 2608 860 quod
2634 791 3106 848 estcon~trttctutn
3139 796 3188 848 ln
3219 794 3423 849 honore
3456 796 3513 848 S.
3545 794 3722 847 Leode-

2153 881 2284 947 garii
2333 893 2386 936 et
2429 883 2488 936 S.
2530 883 2668 937 l‘etri
2706 885 2934 952 apostoli
2980 895 3036 940 et
3075 884 3136 940 S.
3179 886 3360 940 Marize
3397 901 3492 940 seu
3523 894 3722 940 ett-tero.

2154 987 2378 1041 rumque
2400 1014 2413 1036 ,
2447 973 2534 1027 ubi
2579 974 2694 1043 ipse
2730 989 2850 1029 cum
2895 986 3066 1030 turma
3107 976 3330 1046 plurima
3361 977 3720 1030 monachorum

2151 1062 2422 1120 deservire
2449 1066 2798 1135 dignoscitur,
2822 1068 3124 1124 clementia!
3154 1069 3303 1137 regni
3330 1069 3495 1123 nostri
3529 1082 3722 1137 sugges-

2149 1153 2240 1215 sit,
2271 1163 2533 1222 quatenus
2559 1165 2931 1211 antecessores
2957 1161 3121 1212 nostri
3146 1157 3413 1227 quondam
3437 1173 3534 1228 per
3557 1171 3722 1211 eorum

2148 1251 2494 1305 auctoritates
2521 1296 2535 1316 ,
2583 1251 2791 1308 illorum
2830 1254 3075 1308 manibus
3120 1253 3448 1322 subscriptas
3498 1251 3567 1306 de
3614 1251 3718 1305 villa

2151 1341 2318 1407 ipsius
2352 1343 2662 1396 monasterii
2683 1381 2699 1408 ,
2730 1357 2822 1398 seu
2854 1344 2994 1413 quod
3023 1344 3089 1399 ad
3135 1358 3372 1413 prmsens
3417 1343 3717 1413 possidebat.

2099 1410 2121 1437 ⁸
2151 1437 2259 1486 tam
2291 1448 2357 1488 es
2386 1435 2764 1490 emunitatibus
2793 1410 3089 1506 principum
3110 1410 3248 1503 ,iseu
3287 1410 3579 1493 Eberhardi
3599 1479 3614 1501 ,
3644 1436 3719 1506 qui

2155 1527 2328 1597 ipsum
2382 1530 2768 1584 monasterium
2821 1530 2872 1585 in
2919 1545 3013 1586 sua
3068 1532 3412 1603 elcetuosyna
3461 1529 3719 1598 fundavit,

2157 1637 2316 1689 quam
2346 1639 2410 1679 ex
2453 1623 2698 1694 largitate
2729 1627 3072 1696 pagensium,
3119 1625 3202 1680 vel
3243 1624 3368 1694 quid
3411 1624 3463 1680 in
3507 1634 3653 1678 antea
3693 1638 3717 1678 ι

466 1685 644 1772 inissis
674 1685 1078 1786 repetitionibus
1105 1729 1239 1786 quas
1267 1685 1360 1769 aut
1387 1716 1587 1770 nostris
1615 1685 1706 1768 aut
1735 1685 2054 1770 antecesso-
2083 1685 2130 1745 Β
2164 1685 2273 1766 beo
2315 1685 2627 1769 timentibus
2670 1685 2973 1770 hominibus
3016 1685 3208 1771 ibidem
3241 1685 3535 1785 delegatum
3562 1715 3718 1782 fuetit,

463 1820 584 1858 rum
625 1819 932 1860 ηοειτοιυηι
971 1819 1212 1874 repetere
1240 1818 1660 1871 consueverant,
1692 1809 1866 1860 omnia
1893 1821 2051 1878 supe-

463 1897 573 1952 rius
610 1898 806 1967 scripta
848 1901 1150 1968 perpetuis,
1201 1901 1309 1955 Dco
1356 1901 1679 1967 auxiliante,
1722 1903 2050 1970 temporibus

387 2003 389 2005 ί
461 2003 711 2067 mattea!"
765 1990 1101 2046 incouvulsa.
1150 1993 1222 2045 lta
1274 1991 1465 2063 igitur,
1507 2001 1558 2046 ut
1605 1993 1803 2050 dictum
1830 2001 1950 2058 est,
1981 1993 2050 2048 de

459 2082 710 2137 omnibus
742 2083 1046 2138 hominibus
1075 2086 1162 2153 qui
1201 2099 1362 2153 super
1395 2095 1561 2138 terras
1598 2085 1920 2154 praescripta:
1950 2087 2046 2140 ba-

458 2171 627 2227 s'liczn
653 2174 822 2228 sancti
855 2174 1112 2230 Vincentii
1143 2185 1196 2229 et
1218 2176 1399 2230 domui
1426 2175 1676 2236 Germani
1704 2189 2047 2232 commanere

463 2272 790 2330 noscuntur,
821 2271 875 2318 et
903 2265 970 2320 de
1007 2265 1181 2335 capite
1208 2280 1395 2320 eorum
1427 2281 1560 2336 quos
1588 2277 1771 2322 contra
1803 2269 2047 2325 homines

457 2355 656 2412 liberos
697 2357 750 2413 itt
794 2361 939 2413 omni
983 2359 1176 2428 placito
1217 2362 1578 2416 testimonium
1616 2362 1756 2418 ferre
1792 2364 2046 2418 concedi-

458 2469 606 2522 mus,
638 2465 693 2510 et
722 2455 862 2524 quod
905 2458 986 2511 vel
1037 2457 1230 2512 exinde
1263 2459 1476 2526 exigere
1505 2467 1596 2512 aut
1622 2473 1842 2528 sperare
1883 2469 2045 2528 pote-

456 2545 629 2608 mtis,
684 2560 781 2599 nos
830 2546 1157 2602 omnimodis
1205 2546 1611 2614 przesentialiter
1661 2564 1938 2606 remot-ere
1989 2559 2045 2607 et

440 2645 793 2703 pequestrare
840 2637 1139 2692 studemus.
1189 2635 1254 2690 Et
1301 2636 1529 2695 fortasse
1561 2640 1702 2707 quod
1755 2642 2044 2698 calliditate

453 2723 691 2794 iudicum
723 2723 950 2781 faciente
996 2730 1114 2797 ipse
1149 2729 1468 2784 emunitates
1499 2731 1587 2785 ubi
1625 2729 1837 2786 fuerant
1876 2733 2040 2788 inter-

456 2821 650 2882 ruptas,
678 2801 708 2869 a
737 2829 876 2870 novo
901 2815 1254 2886 det-eruimus,
1283 2829 1340 2874 ut
1363 2820 1537 2875 nullus
1564 2821 1665 2877 hoc
1694 2821 1872 2878 facere
1900 2839 2040 2892 pras-

451 2916 654 2973 sumat,
699 2906 790 2976 qui
838 2925 942 2963 non
992 2911 1106 2966 vult
1154 2897 1330 2967 rerum
1381 2911 1725 2971 ami~$ionem
1774 2919 2042 2974 sustinere

455 2999 777 3066 multarum;
805 2987 903 3056 lsed
928 3003 1069 3071 quod
1100 3018 1128 3056 a
1160 3005 1349 3074 priscis
1379 3007 1687 3076 parentibus
1715 3010 1910 3064 nostris
1941 3025 2038 3064 an-

451 3089 731 3145 terioribus
774 3093 989 3164 regibus
1033 3095 1129 3165 ipsi
1183 3106 1382 3152 sancte
1432 3099 1662 3154 basilica:
1691 3100 1871 3155 domni
1906 3101 2037 3157 Vin-

399 3215 403 3220 -
451 3179 613 3234 ceutii
643 3182 723 3237 vel
753 3182 924 3238 saneti
955 3183 1202 3240 Germani
1235 3187 1472 3242 noscitur
1500 3188 1664 3244 fuisse
1693 3205 2034 3258 concessum,

449 3272 702 3342 inspectis
731 3290 916 3330 eorum
947 3279 1426 3347 prmceptionibus,
1471 3296 1568 3336 nos
1606 3298 1634 3338 a
1680 3299 1819 3362 novo
1857 3299 2036 3341 nostra

346 3417 359 3428 ,
448 3363 771 3436 indulgentia
818 3370 1165 3438 roboramus,
1214 3382 1372 3441 atque
1417 3374 1724 3441 plenissima
1761 3385 1814 3431 et
1853 3392 2030 3446 prom-

448 3456 691 3526 ptissima
720 3459 999 3517 voluntate
1029 3477 1123 3532 pro
1149 3475 1394 3531 respectu
1426 3467 1544 3521 fidei
1571 3467 1679 3536 jam
1703 3468 1848 3524 dicto
1872 3471 2035 3526 Laut-

450 3545 603 3601 fredo
630 3549 807 3626 abbati
833 3553 1050 3622 suisque
1069 3557 1472 3610 successoribus
1500 3560 1865 3626 concedimus,
1890 3563 2032 3632 quod

450 3639 630 3694 nullus
659 3656 756 3710 pro
783 3643 1020 3712 qualibet
1054 3647 1338 3702 occisione
1379 3647 1647 3718 refragare
1674 3663 1760 3706 aut
1794 3653 2035 3710 minuere

449 3741 542 3784 aut
568 3732 874 3789 convellere
900 3747 1206 3804 prtcsumat.
1233 3738 1337 3794 Sed
1366 3749 1420 3795 et
1442 3743 1485 3795 si
1517 3744 1640 3812 quid
1667 3743 1822 3799 liscus
1853 3757 2036 3803 noster

442 3821 512 3877 tle
551 3825 834 3881 antedictis
889 3827 1028 3884 villis
1069 3831 1362 3900 supradicti
1409 3837 1574 3889 sancti
1644 3836 1902 3893 Vineeutii
1953 3842 2033 3896 vel

441 3911 625 3967 domui
671 3913 923 3972 Germani
964 3924 1231 3990 utcunque
1274 3920 1327 3976 in
1373 3939 1567 3993 regno,
1625 3926 1732 3981 Deo
1775 3929 2029 3999 prepitio,

443 4011 627 4057 nostra
663 4003 861 4062 habere
895 4008 1131 4076 videtur,
1159 4012 1243 4067 vel
1273 4011 1339 4067 de
1372 4009 1622 4070 rebus'ad
1654 4022 1871 4074 easdem
1902 4037 2025 4092 per-

441 4095 736 4151 tinentibus
769 4100 1004 4167 petuerit
1041 4106 1372 4181 augmentari
1395 4148 1410 4170 ,
1445 4107 1541 4177 ipsi
1573 4111 1802 4166 basilica!
1830 4124 2033 4185 tempo-

443 4187 594 4241 ribus
625 4191 949 4258 perennibus
993 4195 1238 4262 proﬁciat
1281 4197 1331 4250 in
1370 4204 1687 4270 auguteutis.
1725 4203 1873 4260 Hanc
1901 4223 2033 4276 quo-

441 4295 546 4347 que
589 4282 957 4336 auctoritatem
1011 4296 1068 4339 ut
1116 4289 1460 4352 perlrenniter
1506 4295 1702 4348 nostris
1749 4307 1800 4349 et
1843 4297 2032 4354 futuris

2153 1803 2356 1872 integra
2400 1806 2693 1861 emunitate
2741 1807 3136 1862 concessissent
3187 1825 3198 1861 :
3254 1816 3313 1862 ut
3351 1808 3528 1862 nullus
3570 1805 3714 1876 judex

2155 1895 2397 1964 publicus
2438 1897 2491 1952 in
2526 1899 2676 1953 villas
2718 1899 2800 1954 vel
2840 1915 2928 1956 res
2965 1899 3132 1970 ipsius
3174 1899 3483 1956 monasterii
3520 1914 3607 1955 seu
3635 1915 3717 1956 nec

2149 1987 2216 2040 ad
2251 2002 2439 2044 causas
2469 1989 2761 2044 audiendas
2781 2030 2798 2055 ,
2830 2006 2928 2046 nec
2957 1991 3104 2048 freda
3135 1991 3394 2062 exigenda
3416 2031 3433 2059 ,
3462 2006 3559 2047 nec
3587 2007 3716 2047 man-

2149 2074 2350 2144 siones,
2379 2089 2470 2132 ant
2501 2089 2713 2148 paratas
2739 2079 3028 2146 faciendas,
3065 2095 3163 2137 nec
3185 2081 3527 2152 lidejussores
3546 2081 3714 2136 tollen-

2149 2170 2248 2224 dos
2273 2213 2286 2236 ,
2321 2185 2418 2224 nec
2449 2171 2694 2226 homines
2734 2172 2901 2243 ipsius
2948 2174 3255 2228 monasterii
3303 2173 3371 2229 de
3415 2173 3712 2245 quibuslibet

2147 2261 2324 2316 causis
2356 2261 2764 2332 distringendis,
2799 2278 2898 2319 nec
2929 2264 3020 2318 ulli
3055 2265 3371 2321 redibitione
3418 2266 3710 2334 requirendo

2149 2352 2341 2408 ibidem
2384 2353 2586 2424 ingredi
2627 2369 2733 2409 non
2776 2355 3026 2415 debeant.
3063 2355 3259 2412 Verum
3289 2366 3345 2412 et
3390 2358 3556 2426 ipsam
3593 2372 3711 2425 prte-

2145 2445 2446 2513 ceptiouem
2487 2445 2596 2514 jam
2638 2446 2795 2501 dictis
2841 2449 3272 2505 antecessoribus
3322 2449 3518 2504 nostris
3552 2464 3637 2504 seu
3662 2461 3707 2504 et

2149 2539 2608 2595 confirmationem
2651 2540 2953 2597 antedictos
2994 2543 3160 2598 abbas
3205 2541 3511 2598 Faribertus
3555 2551 3708 2599 rector

2147 2629 2214 2685 de
2246 2629 2362 2700 ipso
2391 2633 2717 2687 monasterio
2749 2634 2903 2689 nobis
2928 2634 3165 2689 ostendit
3191 2634 3254 2689 ad
3287 2634 3640 2706 relegendum,
3658 2646 3706 2691 et

2145 2720 2318 2791 ipsum
2347 2723 2662 2779 beneficium
2687 2723 2828 2778 circa
2849 2725 3076 2781 eundem
3099 2737 3154 2782 et
3178 2737 3525 2782 memoratam
3549 2727 3705 2783 eccle-

2146 2811 2283 2868 siam
2311 2812 2478 2882 ipsius
2503 2829 2671 2884 usque
2696 2829 2837 2870 nunc
2865 2814 3066 2871 adserit
3091 2829 3211 2872 esse
3240 2827 3584 2872 asservatum.
3613 2816 3703 2874 Sed

2147 2918 2245 2974 pro
2273 2903 2538 2960 ﬁrmitatis
2569 2907 2745 2962 studio
2785 2909 2917 2976 petit
2951 2907 3323 2964 celsitudinem
3369 2918 3628 2975 nostram,
3657 2921 3705 2964 ut

2148 2997 2248 3053 hoc
2276 2997 2452 3054 denuo
2479 3000 2620 3054 circa
2655 2999 3036 3055 monaSIerium
3064 3001 3237 3070 ipsum
3281 3009 3338 3056 et
3376 3002 3518 3072 ipsos
3543 3017 3704 3056 mona-

2143 3092 2276 3148 chos
2298 3104 2477 3148 nostra
2500 3093 2722 3150 deberet
2741 3094 3029 3151 auctoritas
3049 3096 3370 3165 generaliter
3389 3094 3705 3151 conﬁrmare.

2139 3182 2302 3253 Cujus
2336 3181 2644 3254 petitionem
2684 3199 2781 3255 pro
2820 3187 3120 3240 reverentia
3158 3184 3324 3254 ipsius
3362 3186 3494 3250 loci,
3527 3197 3578 3241 ut
3604 3201 3701 3240 me-

2143 3290 2361 3330 reamur
2408 3277 2472 3330 ad
2528 3277 2828 3333 mercedem
2869 3277 3062 3332 sociari
3115 3277 3422 3347 plenissima
3461 3278 3702 3332 voluntate

2140 3365 2238 3420 visi
2268 3365 2462 3419 fuimus
2494 3367 2840 3434 praestitisse,
2880 3377 2934 3421 et
2977 3369 3027 3422 itt
3074 3364 3699 3424 omnibus°coulirmasse.

2141 3456 2523 3529 Prmeipientes
2553 3473 2681 3530 ergo
2706 3459 2977 3528 jubentus,
3008 3470 3064 3513 ut
3093 3461 3270 3515 nullus
3293 3460 3461 3529 judex
3489 3461 3702 3530 publicus

2137 3548 2191 3604 in
2223 3564 2311 3604 res
2347 3551 2428 3605 vel
2463 3549 2743 3605 facultates
2779 3549 2946 3621 ipsius
2986 3551 3228 3607 ecclesiae
3255 3592 3271 3618 ,
3303 3566 3400 3607 nec
3438 3551 3501 3606 ad
3538 3565 3700 3607 causas

2138 3627 2468 3704 audiendas,
2502 3654 2600 3696 nec
2636 3639 2787 3695 freda
2835 3643 3090 3711 exigenda
3111 3683 3126 3709 ,
3157 3658 3254 3698 nec
3289 3644 3587 3699 mansiones
3621 3655 3700 3698 aut

2138 3742 2351 3802 paratas
2395 3732 2699 3800 faciendas,
2743 3747 2841 3788 nec
2886 3732 3228 3805 ﬁdeiussores
3277 3718 3575 3803 tollendos,
3617 3749 3699 3789 nee

2140 3826 2387 3882 homines
2417 3827 2580 3897 ipsius
2612 3826 2853 3882 ecclesia:
2881 3838 2936 3892 et
2965 3827 3276 3884 monasterii
3307 3831 3472 3900 ipsius
3501 3837 3598 3884 tam
3625 3828 3697 3884 itt-

2133 3935 2337 3992 genoos
2380 3937 2538 3991 quam
2580 3932 2634 3978 et
2673 3935 2899 4002 servos,
2926 3921 3014 3989 qui
3045 3921 3208 3992 s'uper
3243 3937 3428 3979 eorum
3471 3935 3629 3980 terras
3651 3930 3698 3978 et

2136 4012 2288 4068 mitio
2314 4028 2532 4070 manere
2563 4014 2845 4080 videntur,
2877 4015 2966 4084 qui
2997 4015 3192 4071 ibidem
3222 4017 3484 4086 aspiciunt
3511 4015 3572 4070 de
3596 4016 3680 4086 qui

2133 4103 2364 4162 buslibet
2391 4108 2569 4163 causis
2613 4109 3032 4180 distringendis,
3071 4110 3368 4166 nec-ullam
3413 4109 3694 4166 reddibitio-

2135 4212 2256 4252 nem
2290 4197 2614 4268 requirendo
2643 4199 2837 4254 ibidem
2871 4201 3073 4270 ingredi
3106 4215 3210 4255 non
3238 4200 3499 4266 debeant,
3527 4201 3612 4256 sed
3633 4215 3691 4254 ex

2135 4289 2406 4344 beneﬁciis
2450 4305 2478 4343 a
2519 4289 2630 4360 jam
2673 4292 2830 4347 dictis
2878 4293 3306 4349 antecessoribus
3351 4293 3582 4360 nostris,
3625 4293 3694 4347 ln-

445 4374 810 4439 tetnporibus;
847 4376 954 4429 Deo
983 4380 1293 4448 auxiliante,
1324 4399 1352 4436 a
1389 4386 1542 4440 nobis
1572 4391 1878 4459 nostrisque
1905 4403 2022 4447 suc.

2145 4385 2331 4453 speetis
2365 4383 2566 4452 pridem
2605 4387 3042 4454 auctoritatibus,
3073 4389 3137 4442 ad
3167 4388 3276 4457 jam
3311 4389 3509 4443 dictum
3535 4402 3695 4442 mona-

438 4465 743 4518 cessoribus
770 4465 1147 4525 inviolabiliter
1185 4486 1440 4529 alternam
1482 4481 1734 4548 perduret
1772 4483 1821 4534 in
1863 4484 2032 4538 ﬁrmi-

438 4565 630 4622 tatem,
660 4575 819 4612 mnnu
851 4549 1046 4616 nostra:
1082 4558 1454 4634 suscriptiouis
1482 4573 1662 4627 subter
1687 4576 2028 4635 decrevimus

436 4647 713 4717 roborare,
746 4660 799 4704 et
825 4653 890 4706 de
919 4656 1117 4710 annulo
1149 4671 1326 4712 nostro
1355 4662 1539 4717 subter
1567 4666 1820 4736 sigillare.

507 4741 729 4811 Signum
760 4744 930 4798 Caroli
960 4748 1326 4817 gloriosissinti
1358 4756 1519 4825 regis.

505 4834 654 4888 Rado
680 4836 744 4889 ad
778 4838 942 4890 vicem
973 4841 1169 4896 ltiterii.

510 4925 638 4978 Data
674 4941 767 4980 XIII
810 4927 924 4983 Kal.
973 4929 1326 5001 Novembris,
1366 4953 1505 4991 anno
1553 4956 1582 4992 v
1633 4944 1778 5010 regni
1831 4948 2018 5002 nostri.

434 5021 622 5071 Actum
650 5010 921 5076 Aristallio
952 5025 1148 5093 palatio
1180 5029 1390 5096 publico
1439 5033 1488 5086 in
1531 5034 1622 5088 lict
1657 5042 1870 5093 nomine
1902 5041 2019 5095 fell-

429 5123 582 5166 ettcr.

1177 5190 1265 5245 XI.

433 5291 758 5375 I’rwceptutn
789 5295 963 5352 Caroli
1002 5299 1181 5371 Magni
1219 5321 1312 5374 pro
1360 5314 1665 5365 monasterio
1699 5313 2020 5373 .llorlmcensi

1057 5376 1214 5439 (anno
1263 5378 1410 5448 77?).

798 5480 893 5547 (lix.
912 5483 1150 5548 Martette,
1167 5487 1376 5545 Anccd..
1399 5497 1510 5539 tom.
1544 5491 1644 5554 l".)

497 5583 721 5641 Carolus
770 5589 939 5660 gratia
991 5591 1082 5647 Dei
1133 5607 1222 5647 res
1279 5592 1624 5663 Francorum,
1663 5598 1742 5652 vir
1773 5601 2013 5658 inluster.

2134 4474 2360 4529 sterium
2390 4493 2556 4547 usque
2580 4493 2720 4531 nunc
2746 4479 2837 4532 fiat
2863 4489 3232 4535 conservatum
3260 4497 3273 4534 :
3301 4483 3370 4534 ita
3390 4492 3444 4536 et
3464 4481 3691 4549 deinceps

2130 4579 2224 4633 per
2253 4576 2494 4620 nostram
2535 4568 2910 4622 auctoritatem
2941 4571 3268 4638 generaliter
3298 4581 3506 4626 maneat
3532 4573 3690 4624 incon-

2128 4657 2380 4723 vulsum,
2431 4671 2485 4714 et
2523 4659 2777 4730 quidquid
2829 4662 3022 4717 exinde
3072 4662 3232 4717 fiscus
3278 4675 3462 4718 noster
3508 4671 3688 4732 poterat

2127 4763 2377 4810 cxactare
2415 4757 2465 4810 in
2515 4757 2864 4811 luminaribus
2904 4759 3068 4828 ipsius
3108 4759 3292 4815 domui
3334 4761 3623 4832 Leodegarii
3645 4772 3689 4816 et

2128 4845 2185 4905 S.
2234 4846 2413 4901 Maria:
2439 4889 2454 4914 ,
2504 4864 2600 4917 pro
2650 4849 2939 4904 stabilitate
2981 4852 3127 4921 regni
3173 4852 3337 4908 nostri
3380 4852 3604 4921 proﬁciat
3642 4851 3684 4905 itt

2132 4953 2468 5008 perpetuum.
2505 4942 2565 4995 lit
2597 4949 2652 4996 ut
2698 4943 2782 4996 ba:
2825 4944 3171 4998 auctoritates
3215 4956 3322 4999 tam
3367 4945 3687 5015 praesentibus

2127 5050 2287 5104 quam
2329 5046 2382 5092 et
2413 5036 2603 5091 futuris
2633 5039 2960 5105 temporibus
3003 5040 3207 5108 possint
3238 5051 3508 5106 constare,
3547 5053 3684 5094 manu

2129 5140 2312 5182 nostra
2340 5130 2785 5186 subterroborare
2813 5141 2867 5185 et
2901 5133 3097 5186 annulo
3121 5143 3305 5189 nostro
3341 5132 3568 5204 sigillare
3587 5130 3687 5201 jus-

2122 5343 2128 5350 ‘
2201 5337 2418 5407 Signum
2444 5335 2624 5396 Caroli
2652 5338 3020 5408 gloriosissimi
3057 5341 3216 5412 regis.

2202 5451 2330 5506 Data
2361 5452 2485 5506 ldus
2507 5453 2747 5508 Januarii
2773 5469 2914 5510 anno
2939 5466 3130 5526 quarto
3151 5459 3294 5529 regni
3317 5456 3481 5514 nostri
3510 5453 3680 5529 palatio

2131 5556 2316 5600 uestro
2349 5545 2562 5616 publico
2590 5547 2642 5601 in
2675 5545 2766 5604 Dei
2796 5549 3012 5604 nomine
3041 5548 3284 5606 feliciter.
