3856 6220
44 217 135 274 9‘35

783 343 894 400 ΧΗ.

43 461 63 490 ⁸
92 451 262 506 Caroli
287 454 474 518 Marini
502 457 680 509 charta
703 458 1039 511 inmanitatis
1072 457 1391 512 Murbacmisi
1415 458 1633 512 abbatia:

267 529 396 578 data
429 529 518 579 sub
551 527 827 581 Ilariberto
857 531 1033 581 abbate
1058 539 1214 595 (anno
1244 531 1394 597 772).

433 643 525 702 (Ex
556 645 810 706 Schimile
837 645 966 692 Alsat
1012 645 1256 706 diplont.).

99 745 326 802 Carolus
372 750 540 819 gratia
594 751 687 806 Dei
738 769 828 804 rex
879 752 1229 817 FranCorum,
1266 755 1341 805 \ir
1386 753 1626 807 inluSlcr.

44 839 334 908 Principale
351 843 561 908 quidem
587 844 885 896 clementius
903 855 1212 896 cunctorum
1238 843 1390 896 drcet
1415 858 1630 896 art-om-

44 934 248 985 ntotlare
273 948 461 987 aurem
497 935 781 1004 benignam
807 935 1176 1004 praecipueque
1201 952 1295 1004 pro
1316 936 1632 1001 compendio

44 1025 334 1077 animarum
378 1042 404 1075 a
449 1026 878 1092 prmceilentibus
937 1026 1149 1093 regibus
1204 1027 1631 1080 antecessoribus

46 1117 230 1168 nostris
255 1116 322 1168 ad
354 1117 467 1171 loca
488 1118 837 1171 ecclesiarum
874 1120 1159 1184 probamus
1215 1133 1336 1172 esse
1368 1117 1629 1171 indultum

44 1206 224 1259 devota
254 1217 438 1262 mente
461 1207 720 1261 debemus
754 1209 1106 1276 perpendere.
1133 1217 1182 1261 et
1205 1224 1435 1278 congrua
1470 1209 1633 1264 bene-

46 1301 172 1365 licia,
205 1307 268 1352 ut
298 1315 609 1354 mereamur
631 1301 694 1354 ad
727 1303 1030 1355 ntercedem
1057 1318 1178 1356 esse
1201 1302 1503 1372 participes,
1525 1319 1629 1358 non

44 1405 254 1459 negare,
290 1392 384 1445 sed
440 1391 962 1462 robustissimojnre
1015 1410 1110 1462 pro
1159 1396 1357 1448 nostris
1400 1397 1632 1450 oraculis

41 1483 377 1547 conﬁrmare.
417 1484 580 1552 Igitur
605 1485 930 1539 venerabilis
951 1485 1032 1539 vir
1077 1483 1396 1539 llaribcrtus
1428 1487 1626 1540 donum

46 1576 122 1628 Dei
162 1575 304 1628 abba
349 1575 416 1629 de
457 1577 786 1639 monasterio
831 1577 1044 1631 \‘ivario
1089 1577 1513 1647 peregrinorum,
1541 1580 1628 1648 qui

46 1668 248 1736 punitur
276 1668 328 1720 in
362 1682 499 1736 pago
524 1669 819 1722 Alsacense
842 1684 1004 1736 super
1027 1669 1242 1722 ﬁuvinm
1272 1669 1519 1725 Morbach
1537 1669 1626 1737 qui

365 222 598 280 CODEX
640 225 1160 281 DlPLOMATlCUS.
1197 254 1267 266 —
1308 225 1715 282 PlllVlLEGIA.
1749 255 1816 265 -—
1846 227 1882 279 Ι.
1925 226 2166 281 PlllVlL.
2213 226 2343 283 PER
2383 228 2662 286 GALLI/13
2705 231 2998 289 PARTES.

3223 233 3329 288 926

1661 348 1704 403 Λ
1738 342 2010 398 [θριιιιιιιυς
2044 346 2209 412 ipsius
2245 347 2494 401 Ecclesiae
2544 365 2644 402 uec
2689 350 2753 402 ad
2802 365 2991 404 causas
3039 349 3334 406 audiendas

1740 452 1835 490 nec
1859 437 2002 490 lreda
2028 439 2313 507 evigcnda,
2335 454 2432 492 nec
2459 441 2762 496 mansiones
2789 454 2877 495 attt
2904 453 3114 508 paratas
3133 443 3332 496 facien-

1737 530 1831 583 das
1880 546 1975 584 nec
2009 532 2349 598 ﬁdeiussores
2383 525 2673 587 tollendum
2737 540 2835 590 nec
2892 537 3136 590 homines
3167 537 3333 604 ipsius

1737 621 1976 676 ecclesia:
2012 624 2091 676 vel
2128 625 2438 678 monasterii
2484 628 2650 693 ipsius
2687 637 2794 680 tam
2849 628 3112 693 ingenuos
3168 645 3330 696 quam

1736 723 1788 766 et
1827 729 2011 767 servos
2044 717 2128 782 qui
2163 730 2329 783 super
2359 733 2546 770 eorum
2598 731 2766 771 terras
2825 723 2902 771 vel
2935 719 2964 757 δ
2997 720 3150 773 initio
3177 736 3328 774 enin-

1738 820 1957 860 manete
1984 807 2233 860 videntur
2263 810 2352 876 qui
2384 809 2580 862 ibidem
2615 811 2883 878 aspiciunt
2913 812 2978 863 de
3002 812 3331 880 quibuslibet

1736 902 1914 952 causis
1945 900 2395 970 distringendnm,
2431 919 2527 956 nec
2559 905 2661 956 tilla
2691 905 3026 957 redibntione
3057 908 3332 974 requiren-

1736 993 1886 1055 dum,
1939 995 2135 1050 ibidem
2173 995 2454 1061 ingredere
2490 1014 2592 1050 non
2624 998 2858 1051 debeant
2901 999 2992 1052 sed
3044 1001 3177 1052 sicut
3218 1000 3333 1068 ipse

1739 1083 2032 1136 heneliciits
2059 1085 2095 1136 'a
2123 1086 2230 1154 jam
2257 1088 2412 1138 dictis
2461 1087 2896 1140 antecessoribus
2924 1088 3118 1140 nostris
3148 1088 3330 1154 inspe-

1735 1187 1852 1229 etas
1886 1179 2123 1244 priorum
2159 1182 2461 1246 principum
2506 1182 2875 1238 auctoritates.
2925 1183 2990 1233 ad
3039 1182 3140 1246 iam
3187 1183 3332 1235 dicto

1737 1269 2052 1322 monastirio
2086 1284 2260 1336 usque
2290 1286 2430 1325 nunc
2462 1271 2554 1325 ﬁat
2583 1286 2982 1337 conservatum,
3005 1275 3074 1325 ita
3105 1282 3157 1328 et
3180 1273 3331 1327 deiu-
3400 1263 3404 1267 ’

1734 1373 1862 1426 ceps
1889 1375 1983 1428 per
2015 1369 2259 1414 nostram
2295 1362 2496 1416 auctori
2546 1364 2867 1432 generaliter
2895 1375 3104 1419 ntaneat
3146 1364 3332 1418 incon-

1735 1452 1946 1505 vnlsum
1999 1461 2054 1506 et
2106 1454 2358 1524 quiequid
2409 1455 2604 1511 exinde
2669 1457 2829 1511 ﬁscus
2887 1468 3068 1512 noster
3128 1466 3333 1525 poterat

1734 1556 1988 1598 exactare
2025 1545 2076 1597 in
2109 1545 2466 1602 luminaribus
2497 1547 2667 1617 ipsius
2691 1539 2872 1603 domui
2906 1548 3215 1618 Leodegarii
3245 1549 3333 1606 vel

1733 1650 1932 1694 sancta:
1969 1640 2145 1695 Mariae
2168 1683 2182 1707 ,
2217 1656 2314 1710 pro
2365 1641 2654 1696 stabilitate
2698 1643 2845 1710 regni
2896 1642 3061 1696 nostri
3093 1642 3332 1710 proﬁciat

44 1769 116 1811 est
143 1769 493 1814 Constructas
529 1761 580 1813 in
607 1760 809 1814 honore
832 1762 1000 1815 sancti
1047 1759 1358 1831 Leodegarii
1387 1772 1441 1816 et
1461 1764 1625 1818 sancti

1747 1735 1791 1787 in
1822 1746 2160 1804 perpetuum,
2199 1746 2252 1791 et
2284 1751 2339 1789 ιιι
2370 1735 2485 1791 lucc
2520 1738 2814 1791 auctoritas
2844 1745 2948 1789 tam
2980 1738 3331 1803 praseutibus

46 1851 172 1904 Petri
198 1851 433 1921 apostoli
465 1852 774 1906 velsancta:
829 1853 1026 1917 hlarim,
1073 1869 1167 1907 seu
1198 1866 1623 1924 ceterorumque,

45 1944 120 1996 tibi
155 1945 269 2012 ipse
294 1959 414 1996 etnn
447 1954 620 1998 turma
651 1945 878 2011 plurima
922 1944 1307 1999 monachorum
1353 1947 1630 2002 deservire

45 2035 291 2099 noscitur,
318 2036 622 2090 clementim
653 2036 801 2104 regni
845 2022 1011 2089 nostri
1061 2037 1353 2108 suggessit,
1394 2053 1460 2092 eo
1487 2039 1626 2109 quod

45 2139 408 2181 antecessores
433 2130 600 2181 nostri
626 2134 893 2197 quondam
931 2145 1024 2197 per
1053 2145 1238 2184 eorum
1283 2134 1628 2189 auctoritates

47 2223 249 2274 illorum
277 2223 523 2273 maribus
549 2223 869 2290 subscriptis
892 2223 959 2276 de
983 2223 1132 2274 villas
1163 2222 1332 2289 ipsius
1362 2236 1629 2281 monaste-

45 2312 102 2364 rii
132 2311 208 2363 sui
245 2311 385 2377 quod
414 2312 478 2365 ad
515 2327 754 2380 pI'IPSEIIS
785 2314 1110 2378 possidebat,
1147 2323 1254 2368 tam
1291 2331 1356 2370 ex
1386 2323 1625 2372 muneri-

51 2404 132 2453 lius
165 2402 460 2468 pancipunt
491 2420 583 2455 scit
611 2404 889 2469 libroardi,
922 2406 1006 2473 qni
1040 2407 1209 2473 ipstttn
1237 2391 1642 2466 monasterium

48 2497 90 2544 in
113 2508 200 2545 sua
228 2496 527 2548 aelimosiua
559 2499 817 2562 fundavit,
849 2513 1008 2566 quam
1052 2515 1114 2553 ex
1158 2501 1401 2571 largitate
1434 2520 1628 2575 pageu-

48 2588 192 2652 sittm,
226 2589 308 2643 vel
335 2589 462 2656 quid
491 2589 542 2644 in
581 2603 735 2646 antea
777 2609 805 2644 a
838 2592 950 2646 Deo
978 2595 1287 2649 timentibus
1321 2597 1627 2654 horninibus

50 2681 229 2734 ibidem
261 2681 564 2752 delegatum
615 2683 777 2739 fuerit
835 2688 1037 2754 integra
1069 2691 1380 2744 annunitate
1411 2705 1630 2747 conces-

43 2768 256 2838 'sisseut,
287 2783 342 2827 nt
370 2776 548 2828 nullus
585 2776 745 2845 jutles
803 2761 1056 2846 puhlc'us,
1101 2779 1153 2833 in
1210 2782 1346 2836 villis
1406 2783 1491 2838 vel
1542 2800 1628 2840 res

51 2869 197 2935 ipsius
223 2873 541 2945 monasterii
593 2873 673 2924 sui
709 2888 806 2927 nec
838 2874 901 2926 ad
955 2890 1144 2929 causas
1175 2878 1493 2945 audiendas,
1529 2896 1628 2936 nec

51 2964 182 3017 lrcda
211 2967 498 3035 exigenda,
525 2981 624 3022 nec
649 2969 955 3022 mansiones
983 2956 1304 3036 aut'paratas
1336 2972 1624 3042 faciendas,

56 3070 138 3109 nec
161 3057 501 3126 litlejtta'ttores
535 3062 828 3114 tollendum
881 3077 974 3116 nec
1019 3062 1260 3117 homines
1298 3067 1462 3128 ipsius
1514 3083 1627 3120 ntu-

53 3150 255 3203 nasterii
292 3153 359 3205 de
401 3152 730 3221 quibuslibet
785 3155 962 3209 causis
1018 3157 1468 3227 distringendum.
1527 3176 1625 3216 nec

56 3241 179 3296 nulla
202 3243 540 3298 redtbutione
562 3248 967 3314 requirendum,
997 3249 1192 3303 ibidem
1221 3251 1626 3322 ingrederentur

55 3335 251 3396 debeat,
268 3335 408 3389 unde
432 3347 485 3390 et
519 3336 691 3405 ipsam
721 3325 1137 3407 |~rtltcepti0uettt
1161 3341 1268 3409 jzttn
1296 3343 1456 3396 dictis
1479 3356 1626 3400 ante-

55 3427 339 3481 cessoribus
371 3428 574 3481 nostris
605 3444 701 3484 seu
735 3440 789 3485 et
811 3432 1275 3488 conﬁrmationem
1309 3447 1430 3490 ante
1456 3437 1628 3491 dietus

52 3519 168 3572 abba
209 3519 522 3576 llaribertus
578 3532 756 3578 rector
808 3523 875 3578 de
918 3524 1033 3592 ipso
1083 3528 1418 3580 monasterio
1475 3529 1628 3584 nobis

53 3614 260 3666 oStendil
279 3615 342 3667 ad
378 3618 699 3686 relegendas
718 3626 771 3670 ct
800 3617 952 3685 ipsud
993 3618 1309 3671 beneﬁcium
1335 3621 1474 3673 circa
1497 3636 1628 3677 cun-

53 3702 153 3757 dem
172 3706 250 3760 vel
267 3719 615 3763 memoratam
640 3708 919 3763 ecclesiam
939 3709 1102 3780 ipsius
1122 3724 1290 3779 usque
1313 3726 1453 3767 nunc
1466 3712 1624 3768 adse—

56 3797 112 3849 rit
133 3812 246 3852 esse
276 3811 655 3854 conservatum
701 3801 794 3855 sed
850 3815 946 3868 pro
1005 3801 1345 3857 adﬁrmantis
1392 3804 1626 3858 studium

57 3889 585 3955 petiitcelsitndinem
619 3903 881 3957 nostram,
914 3901 972 3946 ut
1004 3891 1105 3946 hoc
1147 3896 1324 3947 denuo
1347 3895 1488 3949 circa
1513 3894 1629 3964 ipso

59 3985 354 4038 monasterio
376 3983 459 4038 vel
485 3984 633 4060 ipsos
652 3985 947 4040 monachos
978 3997 1160 4040 nostra
1186 3986 1414 4043 deberet
1437 3999 1626 4044 aucto-

58 4070 171 4125 ritas
213 4070 544 4143 generaliter
586 4076 937 4141 conﬁrmare,
980 4080 1131 4146 cujus
1187 4079 1498 4145 petitionem
1530 4095 1627 4149 pro

59 4168 330 4220 reverentia
362 4168 531 4234 ipsius
579 4169 680 4223 loci
727 4177 785 4222 ut
841 4185 1145 4223 mereamur
1198 4173 1263 4222 ad
1321 4173 1625 4228 mercedem

59 4261 237 4315 sociare
261 4263 573 4331 plenissima
621 4263 897 4314 voluntate
937 4261 1031 4314 visi
1067 4252 1265 4315 luimus
1298 4250 1619 4332 prestitisse,

61 4359 128 4410 vel
159 4359 202 4412 in
222 4360 471 4414 omnibus
501 4360 859 4413 conﬁrmasse
891 4360 1217 4427 cognoscite.
1246 4360 1626 4429 Praecipientes

1736 1841 1899 1894 quam
1948 1837 2001 1882 et
2057 1825 2248 1881 futuris
2299 1827 2628 1896 temporibus
2672 1829 2840 1894 possit
2894 1837 3141 1881 Constare
3172 1843 3330 1881 manu

1736 1929 1916 1973 nostra
1947 1907 2132 1975 subter
2171 1922 2543 1976 roboravimus
2591 1931 2643 1976 et
2675 1923 2836 1975 anulo
2871 1927 3052 1975 nostro
3099 1921 3332 1991 sigillare

1729 2012 2010 2082 jussimus.
2605 1999 2609 2002 λ

1808 2107 2030 2177 Signum
2057 2105 2235 2161 Caroli
2257 2107 2628 2176 gloriosissimi
2662 2107 2822 2177 regis.

1807 2198 2094 2253 Lutherius
2124 2200 2410 2267 recognovi
2441 2210 2497 2254 et
2527 2200 2851 2267 subscripsi.

1810 2290 1940 2346 Data
1976 2291 2094 2344 ldus
2117 2289 2358 2346 Januarii
2390 2307 2530 2345 anno
2559 2302 2748 2358 quarto
2778 2292 2926 2361 regni
2957 2291 3147 2346 nostri.
3175 2291 3331 2346 Blan-

1732 2381 1880 2435 eiaco
1904 2382 2109 2450 palacio
2143 2382 2356 2451 publico
2379 2382 2430 2436 in
2465 2383 2558 2438 Dei
2583 2385 2802 2438 nomine
2834 2384 3085 2438 leliciter.

2463 2511 2596 2569 Xlll.

1732 2623 1974 2693 Diploma
2022 2624 2197 2680 Caroli
2242 2627 2416 2697 magni
2461 2643 2752 2680 concessum
2789 2627 3029 2681 Ilerltluui
3086 2629 3326 2692 episcopo

1807 2699 2185 2767 Argetutneusi,
2212 2714 2314 2766 quo
2377 2697 2617 2750 Ecclesiae
2661 2702 3015 2767 Argeutint'usi
3070 2709 3234 2754 totum
3276 2703 3327 2752 in

1803 2768 1936 2820 valle
1957 2765 2278 2821 Brttscltiana
2327 2769 2617 2837 districtum
2669 2765 2819 2824 terra:
2861 2775 3132 2839 cou/t'rmat
3163 2776 3324 2841 (anno

1803 2839 1953 2904 775).
2982 2877 2985 2879 -

1971 2952 2065 3015 (Ex
2093 2951 2399 3013 Grandidier,
2424 2953 2640 3004 Histoire
2661 2955 2724 3004 de
2752 2955 3086 3019 Strasbourg.)

1813 3066 1835 3094 ο
1862 3056 2082 3112 Carolus
2113 3057 2278 3125 gratia
2314 3058 2404 3114 [)ei
2433 3076 2524 3112 rex
2560 3059 2909 3128 Francorum,
2957 3064 3035 3116 vir
3081 3064 3324 3118 inluster.

1737 3145 1867 3200 Illud
1900 3147 2054 3201 nobis
2082 3147 2147 3201 ad
2185 3148 2530 3203 stabilitatem
2592 3151 2742 3220 regni
2795 3156 2951 3216 notri,
3008 3154 3188 3220 procul
3228 3155 3327 3209 du-

1731 3237 1874 3293 bium
1909 3239 1960 3293 in
1993 3237 2082 3294 Dei
2115 3241 2333 3295 nomine
2356 3244 2628 3296 credmus
2657 3243 2946 3312 pertinere,
2972 3248 3015 3298 si
3043 3248 3329 3315 petitiones

1729 3331 2074 3385 sacetdotum
2107 3343 2196 3386 aut
2225 3333 2601 3399 ecclesiarum,
2633 3350 2737 3404 que
2779 3337 2976 3390 nostris
3001 3337 3198 3392 fuerint
3223 3355 3322 3393 au-

1732 3423 1885 3476 ribus
1908 3424 2139 3491 prolate,
2176 3423 2511 3492 perducimus
2563 3427 2628 3478 ad
2669 3427 2942 3482 etl’eetum.
2988 3429 3324 3499 Quapropter

1733 3529 1918 3572 notum
1965 3520 2038 3572 sit
2079 3518 2328 3573 omnibus
2363 3519 2607 3573 lidelihus
2657 3507 2870 3576 nostris
2906 3525 3241 3591 presentibus
3269 3535 3324 3579 et

1735 3608 1959 3674 tuturis,
2015 3611 2136 3676 quia
2192 3611 2273 3664 vir
2323 3613 2650 3671 venerabilis
2694 3613 2844 3669 Eddo
2887 3615 3325 3686 Strazburgensis

1732 3699 1960 3754 ecclesie
2014 3700 2326 3769 episc0pus,
2378 3716 2483 3771 que
2529 3713 2610 3757 est
2664 3715 2966 3760 constructa
3015 3706 3066 3761 in
3118 3707 3326 3763 honore

1734 3804 1917 3849 sancte
1952 3793 2043 3848 Dei
2071 3795 2343 3863 genitricis
2375 3811 2696 3867 semperque
2725 3798 2944 3869 virginis
2987 3799 3172 3864 Marie,
3212 3801 3328 3856 cle-

1740 3887 2016 3951 ntenciaut
2039 3888 2190 3956 regni
2221 3887 2388 3942 nostri
2417 3890 2758 3958 supplicavit,
2787 3891 3018 3960 qualiter
3055 3893 3328 3962 quondam

1732 3977 1981 4032 locellum
2017 3979 2455 4049 nuncupantemd
2488 3980 2644 4036 Stilla
2669 3997 2828 4052 quem
2849 3997 2878 4036 a
2907 3983 3065 4053 longo
3089 3994 3332 4052 tempore

1735 4087 1832 4142 per
1861 4071 2305 4136 conﬁrmationes
2333 4089 2517 4144 regum
2549 4075 2784 4143 predicta
2812 4075 3050 4146 possidet
3073 4076 3330 4143 ecclesia,

1731 4182 1783 4225 et
1813 4181 2050 4226 rectores
2084 4172 2248 4241 ipsius
2269 4172 2500 4227 ecclesie
2552 4173 2850 4242 predictum
2881 4174 3182 4241 locum’per
3214 4173 3328 4228 loca

1729 4263 2096 4329 denominata,
2147 4265 2198 4318 id
2250 4275 2352 4327 est,
2403 4281 2500 4334 per
2551 4267 2694 4334 regia
2729 4276 2970 4333 cstrata,
3021 4281 3124 4336 que
3156 4257 3330 4335 pergit

1729 4375 1892 4424 super
1915 4359 2274 4427 rivolum,qui
2307 4360 2501 4412 dicitur
2532 4359 2548 4396 ί
2584 4360 2762 4422 Stilla,
2792 4373 2954 4428 sitper
2977 4376 3098 4413 casa
3121 4362 3144 4399 ε
3167 4355 3336 4412 Itoni:

59 4453 452 4520 ergojubemus,
510 4463 566 4506 ut
615 4452 797 4506 nullus
840 4448 1006 4521 judex
1050 4452 1291 4520 publicus
1338 4454 1388 4506 in
1421 4469 1508 4508 res
1540 4455 1619 4509 vel
1651 4472 1699 4525 ο
1729 4453 1916 4517 maldi,
1950 4451 2144 4508 deinde
2177 4453 2263 4506 tibi
2297 4452 2491 4506 dicitur
2527 4453 2553 4491 ¹ι
2589 4452 3034 4522 Paphinisnaida,
3087 4454 3209 4507 inde
3243 4462 3329 4506 to-

113 4642 133 4669 ο
156 4632 384 4696 Diploma
420 4630 518 4684 hoc
546 4629 860 4686 Carolinum
921 4629 1244 4696 impressum
1290 4640 1375 4685 est
1407 4631 1459 4685 in
1490 4631 1623 4686 Mar-

56 4710 152 4754 tene
188 4705 464 4756 Thesauro
518 4705 793 4765 anet-dot.,
841 4710 971 4753 tom.
1010 4704 1047 4764 l,
1084 4717 1204 4769 pag.
1240 4703 1325 4765 to;
1365 4703 1617 4768 Eccard.,

55 4774 172 4841 lli-ig.
208 4775 408 4829 llahsb.
451 4778 658 4844 Austr.,
689 4789 808 4844 pag.
843 4772 967 4835 119,
1001 4781 1077 4844 γει
1109 4773 1162 4826 itt
1216 4773 1384 4839 Lunig
1433 4775 1618 4842 Spicd.

53 4849 218 4900 eet-les.
271 4847 476 4915 contio.
509 4843 550 4910 l,
583 4860 701 4913 pag.
733 4843 867 4908 935;
917 4843 1013 4897 sed
1069 4859 1134 4898 ex
1189 4847 1451 4913 exemplis
1498 4862 1623 4900 cor-

56 4927 215 4979 rttptts.

111 4985 321 5042 1tilitt'o.
353 4985 580 5042 Videtur
620 4987 734 5039 haec
777 5002 874 5038 vox
909 4986 1078 5052 posita
1126 4987 1176 5038 in
1224 4986 1456 5040 ablativo
1497 5003 1622 5041 casu

57 5065 98 5129 et
120 5058 412 5129 signiﬁcare
439 5059 576 5112 idem
590 5059 742 5123 λιιιοό
764 5059 1068 5118 dominium,
1090 5058 1325 5127 legitima
1345 5061 1619 5123 possessio.

60 5123 312 5198 llaro'hgec
343 5144 441 5182 vox
465 5131 720 5185 occurrit.
751 5139 803 5181 et
842 5129 1058 5196 quidem
1111 5123 1160 5179 in
1214 5129 1416 5182 chartis
1445 5130 1618 5198 Pipini

62 5208 106 5250 et
128 5195 287 5256 llaroli
315 5201 486 5267 Magni
522 5211 747 5254 tantum.
771 5195 903 5254 Vide
924 5198 1112 5267 Cangii
1141 5199 1381 5253 Glossar.
1415 5195 1618 5256 noviss.

62 5273 185 5332 θύη..
209 5288 334 5326 voce
366 5271 595 5326 Milium.

120 5343 436 5397 cTestatitur
492 5345 728 5410 plerique
776 5350 1044 5404 auctores,
1097 5343 1233 5394 viam
1281 5353 1619 5398 monstrante

68 5411 334 5479 ilabilloue,
365 5414 436 5468 de
483 5413 563 5467 Re
613 5415 918 5480 diploutat.,
947 5428 1063 5482 pag.
1099 5413 1183 5476 75,
1217 5413 1466 5482 Carolutn
1506 5416 1617 5468 Ma-

71 5498 202 5550 gnum
230 5499 420 5540 nomen
444 5501 599 5539 suum
630 5493 938 5540 constanter
964 5481 1206 5551 signasse
1227 5481 1404 5538 littera
1431 5486 1490 5551 α,
1518 5502 1619 5538 au-

71 5564 244 5624 tequam
288 5557 579 5624 imperator
633 5557 819 5610 fuisset
870 5567 1188 5618 Coronatus;
1249 5557 1451 5609 addunt
1494 5573 1621 5612 vero

70 5623 186 5695 illum
227 5627 290 5681 ad
338 5623 622 5695 imperium
676 5637 918 5680 evectum
976 5643 1188 5695 semper
1219 5642 1276 5680 se
1308 5634 1617 5683 nominasse

73 5693 308 5762 liarolttm,
342 5693 596 5755 mutando
619 5699 659 5752 C
692 5699 746 5751 itt
779 5697 846 5750 Κ.
888 5693 1138 5752 l’luiitnis
1182 5701 1292 5750 haec
1322 5697 1619 5754 discmiunt

72 5781 284 5824 auctores
340 5770 526 5826 Gallici
573 5774 723 5826 nova;-
775 5769 1151 5840 Diplomaticm,
1216 5777 1342 5824 tottt.
1388 5771 1446 5839 ll,
1491 5789 1610 5843 pag.

1723 4631 1988 4695 218-222,
2015 4633 2100 4699 qui
2127 4632 2262 4686 hanc
2288 4633 2606 4686 sententiam
2656 4647 2762 4685 non
2793 4631 2924 4685 satis
2952 4632 3157 4686 veritati
3194 4647 3315 4688 esse

1725 4720 2017 4759 coosonam
2041 4705 2300 4771 jndicant.

1797 4776 1824 4813 ιι
1860 4776 2027 4828 llodie
2050 4775 2198 4828 vicus
2223 4775 2370 4840 Still,
2406 4774 2455 4828 in
2483 4774 2620 4827 valle
2672 4774 2937 4826 Bruscaua
2978 4783 3030 4827 et
3060 4774 3318 4830 Ballivatu

1727 4846 2176 4900 Sehirmeckiano
2204 4847 2359 4910 situs,
2396 4846 2573 4899 adhuc
2607 4844 2878 4913 pertinens
2909 4846 2972 4896 ad
3007 4846 3319 4915 episcotiutu

1727 4919 2194 4986 Argentinensetn.

1803 5002 1826 5027 θ
1851 4989 1974 5042 Hmc
2003 4997 2172 5041 strata
2205 4987 2353 5056 regia
2390 4986 2476 5042 illa
2497 4994 2602 5050 est,
2626 5001 2746 5056 qua:
2766 5000 2860 5050 per
2880 4986 3070 5040 vallem
3099 4987 3325 5043 [trnsea-

1728 5077 1848 5113 nam
1875 5061 2019 5112 ducit
2039 5075 2103 5112 ex
2125 5060 2321 5112 Alsatia
2340 5061 2389 5110 in
2416 5059 2669 5120 Galliam,
2689 5057 2849 5112 hodie
2867 5057 3044 5111 adhuc
3057 5060 3322 5121 existens.

1727 5142 1779 5186 et
1807 5131 2124 5198 quibusdam
2157 5132 2221 5181 ab
2251 5130 2373 5182 hinc
2403 5131 2559 5182 annis
2586 5137 2856 5182 renovata.

1806 5202 1824 5240 ί
1858 5202 2024 5256 llodie
2058 5201 2258 5253 rivulus
2289 5200 2432 5265 Still,
2459 5200 2614 5270 cujus
2652 5198 2828 5252 fontes
2860 5210 2986 5253 sunt
3014 5201 3064 5254 in
3095 5201 3188 5254 illa
3219 5201 3323 5254 Vo-

1725 5273 1836 5342 sagi
1868 5285 2015 5341 parte
2046 5289 2164 5334 qua:
2224 5270 2573 5326 Wellersthal
2637 5281 2886 5336 Vocatur,
2916 5273 3122 5327 duabus
3156 5273 3323 5326 leucis

1723 5347 1792 5399 ab
1817 5359 1940 5399 arce
1997 5345 2469 5398 Ocltseinteinensi
2502 5362 2518 5396 ;
2552 5346 2691 5396 unde
2736 5342 3016 5396 descendit
3064 5344 3131 5396 ad
3191 5360 3327 5398 con-

1725 5417 1923 5469 vallem
1953 5413 2493 5480 -Scltirmeckianam,
2544 5424 2598 5469 et
2645 5414 2804 5484 paulo
2841 5424 2959 5482 post
2988 5429 3046 5469 se
3075 5416 3328 5469 liruscnte

1723 5488 2016 5555 conjttngit.

1804 5554 1832 5598 6'
1865 5559 2031 5612 lluilie
2065 5557 2218 5612 vicus
2252 5555 2457 5621 Ut'mat,
2502 5555 2792 5610 semileuea
2839 5554 3064 5609 llaslaco
3094 5556 3328 5626 distans,

1726 5631 1790 5685 ad
1821 5630 2052 5683 Stratam
2081 5630 2284 5699 regiam
2315 5637 2369 5682 et
2416 5629 2481 5680 ad
2529 5629 2839 5696 episcOpum
2873 5627 3323 5695 Argentiuenscm

1727 5706 2024 5774 pertinens.
2130 5772 2136 5774 Α
2247 5773 2255 5774 7
2701 5707 2706 5712 ’

1797 5775 1819 5814 ιι
1854 5775 2026 5828 Ιιυιυδ
2061 5772 2209 5827 vallis
2243 5773 2527 5827 Bruscana;
2558 5774 2785 5842 ignotus.
