3856 6220
1374 345 1428 399 Β.
1461 344 1709 401 CAROIJ
1759 343 1967 399 SHGNI
2012 344 2162 398 lll’l‘.
2211 345 2388 401 PARS
2431 346 2472 402 l.
2517 345 2763 400 SFCTlO
2804 344 2863 398 ll.

3699 337 3779 392 Γῧέ

478 474 692 540 ᾼιιίεοιίι
747 469 1070 524 monasterio
1119 465 1284 519 abbas
1331 465 1396 517 ad
1431 477 1667 516 nostram
1728 474 2068 518 accesserunt
2103 469 2142 522 Α
2178 465 2275 515 hoc
2310 468 2462 519 nobis
2494 467 2556 518 ad
2604 465 2867 518 mercedis
2897 471 3242 530 augmentum
3295 463 3379 514 vel
3438 455 3776 514 stabilitatem

396 579 397 582 ‘
477 564 839 634 przesentiam,
870 569 1173 614 asserentes
1198 572 1256 611 se
1286 571 1381 624 pro
1411 559 1835 622 opportunitate,
1880 557 2070 608 amba-

475 672 593 711 rum
627 655 850 724 partium
885 667 969 706 res
995 650 1244 704 Ecclesia)
1277 651 1412 701 inter
1445 665 1501 700 sc
1524 651 1899 707 concamiaac;
1935 646 2073 699 unde

476 759 529 802 ct
555 749 704 814 ipsas
729 742 1176 800 commutationes
1211 743 1472 794 honorum
1507 742 1782 792 hominum
1819 739 2071 790 manibus

479 846 756 897 roboratas
783 841 834 893 in
867 836 1112 907 praesenti
1160 836 1511 890 ostenderunt
1566 835 1845 900 legendas:
1900 833 1986 885 ubi
2021 841 2074 882 et

476 935 822 1005 cognovimus
851 931 1084 1002 qualiter
1136 928 1288 982 dedit
1322 938 1376 981 et
1429 936 1758 980 ritetuoratus
1790 925 2072 991 epist-Opus

477 1029 543 1082 de
576 1027 779 1079 ratione
809 1026 864 1076 S.
895 1020 1133 1076 Gervasii
1170 1017 1478 1085 llabigaudo
1508 1014 1688 1069 abbati
1735 1015 1800 1068 ad
1855 1029 1986 1080 opus
2013 1015 2070 1065 S.

474 1121 705 1181 Carileli,
749 1117 869 1170 villa
921 1116 1007 1170 illa
1059 1129 1176 1181 qua:
1228 1121 1449 1165 vocatur
1483 1111 1808 1166 Sabonarias
1849 1109 1900 1163 in
1936 1123 2070 1176 pago

474 1211 889 1269 Cenoruannico,
930 1209 980 1261 itt
1014 1205 1226 1261 condita
1265 1205 1613 1267 Labrociuse,
1645 1216 1799 1269 quem
1842 1201 2070 1252 domnus

472 1303 741 1360 Seuardus
771 1316 868 1354 suo
893 1311 1056 1367 opere
1082 1313 1112 1351 a
1145 1313 1286 1351 novo
1317 1296 1638 1354 construxit,
1671 1303 1725 1347 et
1754 1292 1951 1346 ibidem
1987 1305 2074 1343 re-

473 1396 721 1464 quiescit,
755 1408 875 1446 cum
907 1389 1347 1446 omnibusrehus
1375 1387 1439 1439 ad
1472 1401 1529 1439 se
1555 1382 1940 1451 pertinentibus
1989 1381 2071 1432 vel

473 1488 879 1557 aspicientibus:
916 1485 964 1538 id
995 1491 1100 1550 est,
1131 1483 1378 1536 omnibus
1397 1479 1573 1540 terris,
1609 1476 1873 1540 domibus,
1905 1472 2071 1527 tedili—

471 1585 588 1647 ciis,
639 1580 945 1644 accolabus,
979 1575 1277 1644 mancipiis,
1327 1564 1456 1638 litis,
1506 1569 1735 1634 libertis,
1785 1576 1839 1622 et
1869 1564 2072 1619 beneli-

469 1677 549 1730 cia
579 1675 956 1744 ingenuorum,
987 1651 1156 1724 vineis
1183 1677 1237 1721 et
1259 1666 1431 1733 silvis,
1463 1665 1690 1732 campis.
1723 1659 1885 1728 pratis
1913 1703 1924 1724 ,
1975 1672 2067 1726 pa-

472 1771 639 1828 scuis.
668 1771 820 1837 aquis
850 1778 1181 1833 aquarutuve
1213 1761 1544 1826 decursibus,
1578 1758 1857 1812 mobilibus
1884 1763 1938 1810 et
1967 1756 2068 1807 im-

470 1860 780 1924 mobilibus,
815 1857 1100 1920 l'arinariis,
1133 1853 1314 1925 gregis
1330 1867 1451 1906 cum
1469 1850 1796 1920 pastoribus.
1823 1847 1999 1899 omnia
2023 1854 2077 1899 et

467 1971 535 2012 ex
566 1949 838 2013 omnibus.
867 1967 992 2006 cum
1025 1948 1170 2003 omni
1203 1949 1536 2017 supellectile
1568 1943 1815 2015 quicquid
1845 1942 1947 1996 dici
1979 1949 2070 1994 aut

469 2046 738 2100 nominari
772 2052 968 2112 potest.
1028 2041 1286 2097 Similiter
1334 2042 1448 2093 ha-c
1473 2048 1659 2092 contra
1681 2038 1745 2109 lin
1775 2047 2069 2104 compenso

465 2139 615 2194 dedit
637 2138 746 2208 jam
778 2139 916 2190 latus
941 2134 1283 2202 llabigaudus
1315 2131 1381 2186 de
1406 2133 1612 2184 ratione
1649 2131 1819 2184 Sancti
1852 2126 2066 2183 Carileli

467 2226 1084 2297 Meroldo-episcopoad
1123 2240 1260 2291 Opus
1291 2223 1350 2279 S.
1385 2215 1652 2287 Gervasu,
1681 2223 1803 2275 villa
1838 2236 1959 2291 qua:
1983 2235 2070 2273 vo-

465 2321 1058 2378 caturtiurte-Bosaue
1094 2331 1162 2378 et
1215 2318 1788 2373 Monte-Ehretramno
1841 2317 1891 2370 in
1935 2331 2070 2386 pago

464 2413 893 2481 Cenonianuico,
943 2413 995 2466 in
1028 2411 1243 2466 condita
1282 2411 1600 2475 Siliacense,
1647 2423 1771 2462 cum
1817 2408 2068 2462 oumibus

464 2507 788 2578 appenditiis
813 2508 1082 2571 suis,cum
1108 2505 1291 2569 terris,
1319 2503 1593 2569 domibus,
1626 2502 1887 2568 aediliciis,
1917 2517 2069 2556 man-

462 2601 642 2667 cipiis,
668 2600 800 2665 litis,
833 2598 1061 2664 libertis,
1086 2605 1140 2682 et
1170 2595 1426 2661 beneﬁcia
1462 2598 1840 2666 ingenuorum,
1873 2593 2062 2654 vineis,

463 2693 632 2762 silvis,
676 2693 904 2758 campis,
955 2689 1138 2758 pratis,
1203 2691 1434 2758 pascuis,
1488 2690 1641 2758 aquis
1700 2702 2068 2758 aquarumque

459 2770 800 2848 decursibus,
869 2782 1158 2836 mobilibus
1223 2770 1278 2834 et
1342 2779 1728 2842 immobilibus,
1798 2777 2066 2848 peculium

463 2875 746 2944 utriusque
775 2887 936 2928 sexus
967 2883 1071 2926 tam
1100 2871 1300 2941 majora
1333 2887 1494 2942 quam
1531 2870 1758 2936 minora,
1804 2869 1980 2923 omnia
2013 2879 2068 2923 et

462 2983 528 3023 ex
560 2967 810 3022 omnibus
836 2965 1087 3036 quicquid
1121 2966 1224 3020 dici
1250 2974 1306 3021 et
1334 2964 1596 3019 nominari
1631 2973 1807 3033 potest
1830 2964 1896 3018 ad
1931 2962 2067 3017 intc-

465 3075 639 3128 grum.
692 3059 796 3114 Sed
824 3075 926 3127 pro
952 3060 1159 3128 integra
1213 3057 1462 3112 ﬁrmitate
1496 3057 1762 3126 petierunt
1793 3056 1904 3127 jam
1937 3054 2072 3126 dicti,

463 3151 560 3205 viri
590 3149 892 3206 celsitudiui
936 3161 1156 3214 nosme,
1191 3163 1246 3204 ut
1291 3150 1391 3206 hoc
1422 3166 1514 3217 per
1546 3159 1781 3202 nostram
1821 3149 2067 3202 auctori—

467 3253 627 3298 tatem
649 3242 976 3298 coulirmare
1005 3242 1348 3298 deberemus.
1402 3243 1640 3311 Quorum
1673 3242 1914 3309 petitioni
1945 3255 2066 3311 gra-
2097 3212 2142 3274 C

2093 3357 2100 3366 μ
2175 3333 2428 3402 palatium
2457 3336 2564 3387 visa
2592 3345 2676 3391 est
2725 3335 3044 3400 reddidisse,
3068 3345 3161 3390 aut
3207 3339 3420 3393 inantea
3468 3339 3601 3393 inira
3650 3339 3761 3393 lisco

471 3334 601 3387 tanti
626 3335 806 3386 animo
833 3333 902 3386 ita
933 3333 1246 3403 prtestitisse
1270 3333 1350 3387 vel
1367 3338 1714 3387 t-(mlirmasse
1735 3335 2066 3403 cognoscite.

465 3423 850 3492 l’razcipientcs
880 3440 1009 3494 ergo
1052 3423 1306 3495 jubetuns
1341 3434 1408 3504 _ut
1459 3424 1709 3494 quicquid
1745 3441 1867 3492 pars
1899 3425 2066 3479 altera

461 3517 688 3572 contulit
715 3517 871 3587 parti,
896 3528 986 3571 aut
1013 3528 1198 3571 contra
1231 3519 1279 3571 iu
1307 3519 1810 3586 recompensatione
1839 3517 2065 3587 recepit,

461 3610 532 3666 ab
580 3609 681 3664 hoc
729 3610 819 3665 die
866 3625 961 3679 per
1013 3610 1151 3666 hanc
1191 3613 1568 3664 auctoritatem
1623 3610 2066 3680 iuspectas'ipsas

463 3708 932 3772 counuutationes,
987 3706 1127 3762 sicut
1183 3723 1276 3776 per
1326 3723 1418 3762 eas
1447 3706 1770 3773 declaratur,
1795 3706 2058 3769 habendi,

465 3801 704 3862 tenendi,
738 3799 1124 3861 conin‘uttandi,
1157 3801 1237 3853 vel
1269 3799 1520 3868 quicquid
1547 3801 1744 3854 exinde
1777 3800 2066 3868 unusquis-

462 3905 566 3959 que
597 3889 736 3959 quod
761 3908 787 3941 a
822 3907 945 3960 pare
974 3906 1072 3944 suo
1111 3892 1339 3960 accepit,
1384 3896 1447 3944 ad
1483 3893 1776 3961 perlectum
1819 3893 2062 3959 ejusdem

465 3985 717 4040 Ecclesia:
775 4000 1029 4040 exercere
1065 3986 1310 4049 Voluerit,
1355 3986 1581 4040 liberam
1615 3997 1665 4038 et
1698 3984 2060 4040 ﬁrmissimam

464 4081 516 4132 in
544 4078 792 4132 ornuibus
846 4078 1078 4134 habeant
1111 4089 1452 4147 p0te5tatem,
1503 4089 1557 4133 et
1607 4094 1780 4146 neque
1828 4080 1896 4133 ab
1932 4080 2064 4148 ipsis

463 4167 729 4237 prredictis
775 4167 928 4236 viris,
990 4184 1163 4237 neque
1213 4185 1244 4223 ιι
1275 4168 1678 4224 successoribus
1711 4169 1923 4224 illorum
1957 4171 2064 4223 ullo

461 4279 712 4335 umquam
732 4274 972 4332 tempore
989 4264 1116 4333 ipsa:
1131 4265 1577 4317 commutationes
1593 4263 1879 4318 violentur.
1912 4262 2064 4319 Unde

459 4357 593 4413 duas
621 4356 1077 4410 commutationes
1104 4369 1210 4409 uno
1243 4365 1426 4410 tenore
1454 4355 1784 4426 conscriptas
1813 4357 1924 4410 licri
1945 4356 2064 4426 jus-

459 4451 651 4517 simus,
682 4464 816 4519 quas
844 4464 1004 4502 tnanu
1034 4449 1246 4518 propria
1277 4449 1626 4516 lirtnavituus,
1679 4459 1733 4504 et
1774 4449 1842 4504 de
1899 4451 2063 4503 anulo

462 4550 646 4596 nostro
675 4540 910 4608 sigillare
927 4538 1210 4608 jussitnus.
1320 4523 1328 4530 ’

533 4633 754 4704 Signum
783 4631 960 4686 liaroli
984 4631 1357 4702 gloriosissitni
1391 4633 1552 4703 regis.

535 4727 777 4779 ldlierius
803 4727 1116 4795 recognovi.

533 4819 724 4872 Datum
748 4834 795 4872 ιιι
826 4817 939 4871 Cal.
964 4819 1160 4888 Martii,
1185 4835 1326 4876 anno
1369 4838 1416 4876 ιί
1463 4823 1611 4894 regni
1674 4827 1866 4890 nostri,
1903 4827 2060 4896 Papia

460 4912 673 4965 civitate
707 4911 936 4980 publice.

1171 4982 1336 5038 XVII.

463 5065 789 5148 Prwrcptuur
815 5074 987 5128 Caroli
1019 5074 1199 5147 Magni
1215 5079 1365 5148 regis
1400 5078 1718 5133 Francorum
1753 5100 1842 5148 pro
1890 5084 2061 5137 sancti

631 5145 846 5199 Martini
876 5145 1178 5201 utouasterio
1210 5145 1494 5204 Ταινιωιωὶ
1539 5154 1697 5220 (anno
1739 5145 1889 5225 77a).

947 5258 1040 5320 (lix
1067 5259 1123 5308 1).
1151 5259 1395 5323 Bouquet,
1425 5263 1564 5326 ibid.)

531 5364 755 5421 Carolus
787 5364 954 5434 gratia
981 5363 1068 5418 Dei
1105 5382 1198 5419 rex
1231 5365 1560 5424 Francorum
1612 5383 1664 5424 ct
1692 5385 1714 5410 ³
1749 5361 2058 5442 Langobar-

461 5458 674 5521 dorum,
696 5475 757 5510 ac
792 5458 1048 5528 patricius
1083 5459 1467 5517 liornauorutn.
1488 5463 1541 5518 Si
1573 5467 1714 5518 enim
1748 5481 1810 5518 ex
1841 5467 1922 5519 his
1943 5484 2062 5536 quae

462 5551 639 5631 divina
674 5551 841 5616 pietas
874 5551 1029 5604 nobis
1059 5551 1341 5610 afﬂuenter
1386 5557 1590 5621 tribuit,
1625 5572 1722 5626 pro
1746 5562 2064 5627 opportuni-

465 5655 575 5700 tate
603 5660 880 5699 servorum
931 5646 1025 5700 Dei
1066 5647 1198 5726 locis
1239 5648 1635 5706 venerabilibus
1690 5655 2060 5725 concedimus,

2181 559 2327 621 regni
2358 559 2524 610 nostri
2556 558 2826 624 pertinere
2847 555 3190 608 conlidimus.
3224 553 3588 620 Quapmptcr
3619 560 3776 602 notum

2179 649 2247 702 sit
2276 651 2515 701 omnium
2553 649 2789 702 lidcliuiu
2823 653 3129 700 nostrorum
3159 643 3553 714 magnitudini,
3574 642 3779 711 qualiter

2180 756 2276 794 nos
2306 741 2614 808 etconjum'
2660 752 2836 792 nostra
2870 737 3155 805 lliltlegard
3191 738 3374 805 regina
3435 735 3516 790 ob
3561 749 3778 786 amorem

2181 833 2298 898 Dei,
2332 843 2383 886 et
2425 843 2619 885 nostra!
2644 845 2928 884 commune
2967 829 3228 892 mercedis
3280 837 3668 900 augmentum,
3696 829 3775 878 do-

2181 939 2369 976 natnus
2400 924 2460 976 ad
2489 932 2888 977 sacrosanctam
2926 921 3208 976 ecclesiam
3239 919 3552 975 beatissimi
3581 919 3776 972 confe»

2179 1019 2317 1070 soris
2348 1018 2403 1072 S.
2443 1018 2652 1070 Martini
2687 1027 2738 1069 et
2772 1015 2978 1082 patroni
3010 1015 3179 1067 nostri
3209 1013 3510 1067 Turoniczn
3565 1011 3778 1066 civitatis

2181 1118 2572 1167 constructam,
2608 1107 2693 1158 ubi
2731 1107 2842 1172 ipse
2875 1105 3141 1164 pretiosus
3174 1106 3402 1158 domnus
3431 1118 3674 1169 corpore
3708 1119 3778 1157 rc-

2182 1199 2434 1266 qnicscit,
2470 1209 2523 1249 et
2554 1196 2631 1250 vir
2654 1197 2979 1250 venerabilis
3006 1195 3298 1250 Gull'artlus
3362 1197 3508 1250 abba
3569 1211 3779 1262 pra-csse
3834 1195 3835 1266 ᾖ

2180 1290 2418 1352 videtur,
2461 1289 2826 1356 donatumque
2857 1289 2906 1341 in
2942 1297 3252 1356 perpetuum
3283 1288 3350 1341 ad
3379 1287 3644 1342 eumdem
3675 1303 3780 1338 sau-
3834 1335 3835 1364 ι

2179 1390 2321 1434 ctum
2359 1381 2556 1444 locum,
2591 1380 2674 1433 vel
2697 1379 2939 1449 ejusdem
2976 1380 3375 1448 c0ugregatinui
3398 1395 3576 1434 causa
3624 1381 3776 1434 vesti-

2179 1482 2487 1525 mentorum
2514 1486 2632 1525 esse
2659 1473 2906 1525 voluuuts
2943 1490 2954 1524 :
3009 1473 3108 1526 hoc
3149 1482 3254 1536 est,
3304 1473 3479 1527 insula
3534 1487 3658 1526 cum
3695 1489 3774 1525 ca-
3834 1473 3835 1532 ξ

2179 1562 2342 1616 stello
2365 1563 2773 1629 Sermionense,
2797 1579 2913 1632 quze
2935 1574 3016 1618 est
3046 1563 3143 1617 sita
3175 1563 3229 1618 itt
3261 1565 3378 1620 lacu
3411 1565 3708 1631 Minciadte,
3731 1575 3775 1621 et
3834 1543 3835 1610 ξ

2179 1662 2387 1707 curtem
2423 1656 2732 1724 piscarium,
2765 1670 2826 1711 ac
2864 1655 3084 1710 Lionam
3113 1670 3235 1711 cum
3283 1657 3545 1712 Ouutilms
3598 1659 3773 1714 linilius

2180 1754 2235 1798 et
2261 1744 2380 1813 ejus
2410 1747 2680 1811 terminis,
2714 1748 2853 1800 sicut
2881 1747 2934 1800 in
2965 1746 3180 1815 publico
3207 1757 3262 1802 et
3293 1748 3360 1802 ad
3409 1750 3671 1817 palatium
3711 1754 3773 1802 vi-
3834 1777 3835 1786 ι

2111 1837 2302 1896 Bsnm
2346 1848 2430 1894 est
2461 1840 2814 1908 pertinuisse,
2865 1850 2920 1896 et
2969 1841 3180 1896 inantea
3229 1843 3363 1896 intra
3416 1842 3552 1896 lisco
3610 1857 3773 1900 nostra

2173 1929 2466 1996 excidt-rit,
2493 1938 2603 1984 tam
2638 1932 2773 1985 Infra
2806 1929 2924 2000 ipso
2965 1931 3201 1986 termino
3229 1972 3245 1998 ,
3303 1949 3466 2001 quam
3518 1945 3577 1988 et
3630 1935 3772 1990 alaris

2175 2020 2376 2077 ibidem
2407 2023 2459 2076 in
2485 2027 2752 2092 integrum
2786 2025 3127 2092 pertinentia,
3164 2025 3214 2079 id
3266 2035 3350 2081 est
3391 2030 3598 2095 curtis,
3621 2032 3772 2086 eccle-

2171 2117 2286 2181 siis,
2312 2117 2472 2185 villis,
2508 2122 2733 2183 mansis,
2767 2119 3069 2184 mancipiis,
3118 2122 3397 2175 massariis
3423 2164 3440 2188 ,
3495 2123 3768 2191 adiﬁciis,

2173 2209 2365 2275 vineis,
2410 2211 2642 2276 olivetis,
2687 2211 2914 2281 campis,
2938 2211 3112 2276 silvis,
3145 2213 3336 2281 pratis,
3370 2219 3608 2285 pascuis,
3635 2220 3770 2283 aquis

2172 2314 2502 2368 aquartunve
2558 2301 2911 2369 decursibus,
2944 2302 3236 2358 mobilibus
3291 2315 3346 2360 et
3396 2308 3769 2370 innuohililnis.

2173 2393 2354 2446 omnia
2383 2403 2436 2446 et
2465 2408 2530 2447 ex
2561 2395 2830 2461 omnibus,
2855 2397 3019 2451 etiam
3052 2406 3107 2452 et
3130 2400 3514 2452 monasteriolo
3565 2400 3657 2452 illo
3695 2403 3766 2454 in-

2171 2484 2250 2539 fra
2283 2487 2401 2554 ipso
2430 2497 2630 2553 castro,
2654 2504 2811 2557 quem
2845 2491 2986 2544 Ausa
3039 2506 3179 2545 novo
3223 2507 3391 2561 opere
3442 2497 3766 2559 construxit,

2172 2577 2316 2646 quod
2350 2579 2510 2632 estin
2538 2578 2743 2635 honore
2774 2580 2944 2636 sancti
2977 2582 3294 2646 Salvatoris,
3321 2599 3446 2638 cum
3478 2589 3626 2642 omni
3669 2591 3767 2658 ejus

2171 2675 2463 2732 soliditate.
2497 2678 2768 2732 Donamus
2791 2683 2951 2734 etiam
2983 2682 3048 2735 ad
3109 2680 3389 2751 pra-fatum
3449 2683 3624 2740 locum
3671 2688 3772 2739 val-‘

2175 2768 2282 2824 lem
2309 2771 2590 2839 illamqua:
2613 2782 2832 2827 vocatur
2847 2774 3256 2838 Caulonia,curn
3283 2776 3422 2830 salto
3440 2793 3492 2832 et
3531 2779 3764 2842 caudino,

2173 2866 2259 2920 vel
2306 2882 2477 2938 usque
2522 2868 2858 2937 Judalanias,
2899 2886 3020 2924 cum
3069 2871 3346 2927 montibus
3389 2884 3444 2927 et
3491 2872 3696 2942 alpibus
3741 2890 3766 2926 a

2178 2957 2286 3013 line
2312 2957 2629 3027 Treantina,
2664 2962 2755 3030 qui
2785 2969 3007 3016 vocatur
3036 2961 3297 3028 Tbonale,
3331 2979 3500 3032 usque
3536 2967 3590 3020 in
3623 2967 3762 3020 linem

2174 3050 2528 3118 Brixiacinse,
2559 3069 2652 3108 seu
2683 3058 2733 3108 in
2771 3055 2886 3124 giro
2942 3055 3305 3125 ltergamasei,
3331 3059 3591 3129 quicquid
3643 3060 3762 3115 intra

2176 3147 2324 3216 ipsos
2349 3147 2504 3214 lines,
2523 3147 2605 3202 vel
2630 3151 2695 3201 ab
2725 3149 2836 3216 ipsa
2861 3149 3000 3204 valle
3017 3159 3068 3203 et
3102 3149 3262 3220 longo
3287 3161 3527 3222 tempore
3547 3163 3602 3208 et
3622 3155 3762 3208 modo

2174 3243 2425 3310 aspicere
2455 3242 2840 3312 velpertiuere
2870 3244 3104 3310 videtur,
3130 3247 3268 3301 sicut
3296 3247 3348 3300 in
3384 3247 3592 3315 publico
3631 3260 3680 3302 et
3706 3251 3761 3300 ad

2174 3437 2362 3478 nostro
2392 3425 2672 3500 ceciderit.
2698 3424 2865 3480 Simili
2897 3426 3055 3481 modo
3085 3440 3204 3482 cuin
3261 3429 3598 3500 integritate,
3637 3433 3760 3485 sicut

2171 3516 2240 3572 de
2275 3519 2508 3571 termino
2564 3518 2932 3574 Sermionensi
2976 3517 3418 3587 conscripsimus,
3453 3520 3523 3574 ita
3575 3530 3628 3575 et
3673 3521 3757 3575 ista

2170 3610 2351 3663 omnia
2382 3610 2723 3683 tradidimus.
2750 3610 2971 3679 Insuper
3000 3602 3340 3678 adjnugimus
3384 3611 3452 3666 ad
3501 3613 3755 3680 praefatum

2169 3713 2414 3758 sanctum
2443 3705 2615 3757 locum
2667 3704 3041 3758 sinodocltium
3089 3703 3236 3758 illum
3289 3707 3428 3760 inter
3473 3705 3666 3760 Padum
3712 3717 3757 3760 et

2169 3795 2418 3851 Ticinum
2451 3798 2590 3865 quod
2625 3797 2676 3851 iu
2709 3797 2912 3851 honore
2939 3797 2994 3851 S.
3021 3797 3199 3870 alariae
3220 3807 3582 3853 constructum
3609 3813 3755 3868 prope

2176 3888 2396 3958 Papiam
2426 3888 2700 3943 civitatem
2735 3889 2786 3942 in
2819 3890 2990 3943 locum
3019 3887 3252 3954 Wahan,
3283 3903 3405 3944 cum
3441 3891 3564 3945 villa
3612 3892 3752 3948 Sola-

2173 3985 2275 4051 rio,
2309 3985 2391 4040 vel
2419 3986 2670 4039 omnibus
2693 3985 3023 4054 appendiciis
3067 4002 3277 4052 eorum,
3323 3996 3378 4042 ct
3425 3990 3621 4053 casella
3667 4005 3754 4044 una

2171 4078 2309 4134 infra
2354 4079 2594 4145 Papiam,
2620 4078 2672 4132 id
2709 4089 2791 4134 est
2813 4095 2916 4134 una
2948 4094 3070 4135 cum
3104 4081 3282 4147 terris,
3309 4079 3579 4147 domibus,
3601 4087 3753 4139 eccle-

2166 4172 2281 4237 siis,
2315 4172 2576 4239 ardillciis,
2629 4173 2936 4238 accolabus,
2995 4174 3300 4241 mancipiis,
3352 4177 3752 4242 massariis,vi-

2165 4267 2305 4334 neis,
2341 4266 2514 4336 silvis,
2541 4267 2769 4338 campis,
2800 4266 2985 4334 pratis,
3018 4269 3422 4337 pascuis,aquis
3449 4283 3749 4340 aquarutnre

2163 4358 2502 4425 decursibus,
2537 4359 2846 4422 mobilibus,
2875 4370 2932 4414 et
2975 4360 3358 4426 immobilibus,
3385 4363 3562 4416 omnia
3609 4374 3660 4418 et
3694 4378 3748 4415 ex

2164 4454 2436 4507 erunibus.
2471 4453 2596 4508 llaec
2626 4469 2754 4508 vero
2805 4453 2986 4507 omnia
3032 4456 3279 4522 superius
3328 4461 3594 4511 nominata
3646 4473 3747 4509 cum

2093 4577 2138 4635 υ
2167 4546 2412 4602 terminis
2442 4555 2496 4601 et
2527 4546 2723 4602 lluibus
2753 4547 2836 4603 vel
2855 4547 3188 4616 appendiciis
3213 4549 3324 4602 suis
3353 4565 3381 4602 a
3406 4549 3497 4604 die
3520 4552 3747 4619 presenti

2169 4639 2222 4694 iu
2257 4650 2571 4708 perpetuum
2605 4638 2671 4693 ad
2703 4637 2982 4708 praefatam
3010 4639 3282 4695 basilicam
3318 4641 3375 4698 S.
3429 4641 3650 4708 Martini,
3681 4641 3748 4695 vel

2168 4729 2287 4799 cjns
2325 4740 2563 4786 rectores
2617 4732 3093 4798 Concessit-tus,ae
3145 4733 3449 4801 plenissima
3507 4736 3746 4788 voluntate

2172 4821 2516 4876 indulsimus.
2551 4822 2842 4892 Propterea
2887 4825 3024 4878 hanc
3067 4829 3481 4895 praeceptionem
3539 4830 3741 4882 auctori-

2174 4916 2297 4969 tatis
2330 4925 2527 4972 nostrze
2557 4918 2901 4972 conscribere
2926 4918 3217 4987 jusstmus,
3247 4931 3303 4974 ut
3342 4937 3404 4976 ea
3445 4938 3563 4990 quae
3607 4938 3742 4991 supra

2174 5010 2316 5064 dicta
2367 5019 2495 5064 sont
2537 5025 2659 5078 pars
2694 5022 3007 5065 memorata:
3039 5013 3277 5068 basilica:
3307 5016 3364 5068 S.
3399 5015 3603 5069 Martini
3625 5016 3742 5085 ejus-

2172 5119 2277 5172 que
2308 5106 2534 5158 rectoris
2567 5101 2759 5157 ali'hac
2792 5104 2878 5158 die
2913 5105 3166 5171 habeant,
3193 5115 3408 5160 teneant
3439 5118 3592 5176 atque
3635 5123 3740 5178 pos-

2172 5195 2404 5258 sideant,
2439 5205 2492 5250 et
2524 5196 2588 5249 ad
2620 5185 2792 5263 ipsam
2821 5211 3004 5251 casam
3043 5197 3131 5250 Dei
3165 5214 3258 5266 pro
3289 5200 3550 5255 mercedis
3569 5209 3742 5260 nostra:

2173 5289 2516 5360 eleemosyna
2551 5289 2602 5342 in
2636 5291 2944 5356 auguieutis
2981 5292 3247 5359 proliciat,
3283 5302 3339 5346 ut
3370 5297 3542 5349 nullus
3571 5310 3634 5349 ex
3672 5296 3742 5364 ju-

2172 5383 2393 5437 diciaria
2443 5389 2711 5451 potestate
2763 5393 2855 5436 aut
2910 5385 3147 5454 qualibet
3201 5401 3426 5450 persona
3476 5401 3740 5444 metu0rato

2173 5474 2431 5529 Gulfardo
2460 5473 2639 5528 abbati
2686 5476 2902 5543 suisipte
2952 5477 3380 5544 successoribus,
3415 5489 3503 5532 aut
3548 5487 3740 5546 agentes

2170 5568 2248 5625 dd
2269 5584 2328 5627 se
2355 5570 2628 5638 praedictis
2649 5573 2809 5628 rebus
2845 5573 3164 5643 inquietare,
3199 5584 3289 5628 aut
3323 5585 3512 5629 contra
3543 5577 3737 5631 rationis

2173 5661 2418 5717 ordinem
2451 5663 2532 5717 vel
2583 5665 2903 5720 calumniam
2953 5681 3213 5736 generare
3262 5683 3478 5738 quoquo
3526 5677 3737 5738 tempore

540 5807 857 5886 fObservat
896 5804 1234 5891 Mabillonius
1267 5806 1554 5891 secundam
1599 5806 1828 5864 litteram
1873 5812 2107 5869 nominis
2152 5812 2608 5886 Langobardorum
2654 5833 2748 5887 per
2775 5835 2804 5871 α
2842 5826 3152 5875 constanter
3203 5816 3377 5874 cllerri
3427 5821 3479 5876 in
3522 5829 3733 5891 autogra-

470 5876 612 5945 phis,
641 5895 748 5932 non
780 5894 872 5947 per
905 5894 955 5942 ο,
989 5884 1044 5930 ιιι
1070 5880 1267 5946 passim
1292 5879 1341 5931 in
1366 5879 1542 5934 editis.
