3856 6220
131 398 216 448 li?)
398 391 624 448 CUM-LX
670 389 1197 444 IIII'I.0.\I\TI(ll'S.
1243 418 1308 428 -ο
1357 386 1730 442 I‘lll\'ll.l".(‘.l.‘

1842 416 1887 424 —
1937 388 1971 438 1.
2020 385 2268 438 Ριηνιιι.
2317 383 2447 439 I’l-IR
2489 383 2768 439 (SALLLE
2818 384 3108 442 PARTES.
3307 389 3410 444 93$

131 486 402 581 νικηυηωί
433 529 441 560 τ
478 511 567 563 sed
603 509 698 558 hoc
731 517 923 558 nostra:
956 489 1293 558 auctoritatis
1343 505 1540 558 donum
1568 505 1687 572 jnre
1723 509 1764 560 Α
1797 501 1940 554 venit
1981 502 2043 553 ad
2093 517 2337 567 campmu
2387 499 2746 562 Οιιιιιίιιίρυιη,
2779 501 2975 556 deinde
3032 504 3096 555 ad
3147 493 3401 574 campum

1815 590 2144 658 Wilgeverti,
2187 591 2381 645 deinde
2416 593 2480 643 ad
2536 593 2819 646 Sarnetum
2873 609 3042 664 usque
3099 596 3171 650 ad
3223 600 3413 653 cellam
3481 615 3484 618 ‘

1811 688 1978 738 Sancti
2039 686 2318 750 Germani,
2374 697 2426 739 et
2471 687 2667 741 deinde
2702 703 2795 757 per
2827 689 2971 743 illam
3022 700 3242 744 stratam
3296 709 3413 760 ψη)

1815 777 1987 844 pergit
2018 780 2079 826 ad
2115 791 2266 828 \etus
2320 780 2707 830 tttotiastct'ittttt
2753 787 2938 831 contra
2993 794 3182 849 pagunt
3237 782 3414 835 Stam-

1821 870 2025 934 pinscni
2088 879 2329 934 pervenit
2378 869 2568 920 lemma
2623 872 2685 920 ad
2734 869 3303 930 Iinsltacittiii,tleittile
3353 875 3418 925 ad

1820 959 2409 1021 Frinnenterilis,inde
2464 963 2528 1013 ad
2580 960 2934 1016 War-auteras
2982 979 3165 1018 contra
3229 983 3416 1036 pagum

1817 1050 2204 1104 Carnuteusein
2249 1054 2491 1119 pervenit
2549 1056 2740 1108 lemma
2791 1056 2855 1108 ad
2909 1057 3315 1121 I‘utiulos,iiide
3348 1060 3416 1112 ad

1822 1142 2123 1208 l’ucilittos,
2150 1144 2345 1196 deinde
2372 1148 2435 1196 ad
2466 1145 2647 1198 llulini
2667 1146 2895 1209 -villare,
2916 1147 3036 1200 inde
3068 1150 3132 1200 ad
3160 1147 3290 1203 Wad
3311 1151 3424 1203 isti-

1822 1237 1997 1289 villam
2031 1237 2093 1289 ad
2128 1239 2215 1290 illo
2250 1237 2474 1300 I’irario,
2503 1239 2696 1292 deinde
2729 1238 2791 1291 ad
2828 1240 2915 1292 illa
2952 1239 3126 1293 Frena
3161 1257 3275 1310 quae
3328 1243 3424 1297 luit

1821 1329 2188 1396 Steplianone,
2224 1330 2344 1382 inde
2383 1331 2448 1382 ad
2501 1332 2860 1395 (laltnonteni,
2895 1331 3090 1385 deinde
3136 1348 3230 1401 per
3279 1333 3423 1387 Illam

1825 1433 2048 1474 stratam
2080 1437 2198 1490 quas
2231 1423 2400 1491 pergit
2449 1424 2511 1473 ad
2566 1422 2955 1487 Ilelnioretum,
2994 1423 3118 1477 inde
3165 1427 3230 1478 ad
3289 1426 3423 1479 Loti-

133 605 189 658 ibi
214 613 513 670 permaneat
540 598 866 650 lirniissiuiu.
892 598 949 650 Et
986 609 1038 649 nt
1070 598 1181 649 haec
1207 607 1384 650 nostra
1413 599 1703 651 auctoritas

134 696 316 749 lirinior
346 693 618 754 habeatur,
647 692 724 744 vel
770 691 970 744 nostris
1027 702 1077 744 et
1131 690 1319 744 l'ulnris
1371 692 1704 759 temporibus

133 787 300 839 melius
325 793 694 844 conservetur,
723 797 882 834 manu
916 783 1126 848 propria
1160 782 1343 834 subter
1367 796 1485 835 eam
1518 782 1706 834 decre-

132 880 284 928 vimus
314 876 586 929 roborare.

195 968 405 1036 Signum
437 966 610 1020 Caroli
641 962 1012 1033 gloriosissitlti
1047 963 1205 1030 regis.

197 1060 419 1111 lliterius
443 1059 751 1124 recognovi.

202 1152 320 1200 Data
353 1163 458 1202 xvrl
507 1149 771 1201 Gali-udas
825 1149 1072 1218 Augusti,
1127 1163 1266 1200 anno
1327 1164 1379 1200 vt
1431 1157 1481 1200 et
1544 1148 1714 1212 primo

139 1240 268 1308 regni
297 1241 481 1292 nostri.
520 1242 709 1295 Actum
755 1239 912 1309 Papia
971 1239 1188 1297 civitate
1243 1239 1294 1293 in
1354 1240 1447 1293 Dei
1498 1242 1715 1293 nomine

141 1336 362 1388 leliciter.
409 1337 600 1386 Amen.

830 1422 1011 1479 XVIII.

177 1585 184 1592 ,
227 1533 399 1587 Caroli
428 1533 606 1605 Magni
637 1535 817 1588 charta
848 1552 937 1602 pro
962 1537 1269 1589 monasterio
1305 1535 1624 1606 Dionysiuno

943 1608 1038 1630 9?!

754 1611 916 1672 (anno
943 1608 1090 1674 77-5).

611 1716 704 1777 (lix
733 1718 793 1766 I).
819 1717 1060 1778 Douquct,
1089 1717 1252 1780 ibid).

209 1826 427 1880 Karolns
455 1826 628 1896 gratia
665 1824 764 1879 Dei
792 1839 884 1877 rex
911 1823 1238 1878 Francorum
1269 1835 1320 1877 et
1351 1822 1726 1893 Langobardo-

149 1935 251 1971 rian
282 1933 340 1972 ac
370 1917 619 1986 patricius
672 1917 1057 1984 Romanorum,
1097 1917 1175 1970 vir
1223 1916 1465 1970 inluster.
1498 1916 1563 1970 Et
1601 1918 1722 1983 quia

149 2019 384 2064 monente
404 2009 700 2079 Scriptura,
735 2010 805 2062 ita
835 2019 1047 2078 oportet
1095 2023 1541 2077 unumquemque
1596 2023 1727 2062 cou-

143 2112 334 2158 stanter
374 2099 699 2171 praeparari,
731 2107 995 2170 quatenus
1049 2101 1275 2153 veniens
1299 2084 1303 2088 .
1331 2103 1380 2153 in
1432 2108 1724 2165 consipectu

145 2195 346 2265 superni
387 2191 612 2255 Iudicis,
647 2192 789 2244 illam
823 2201 1093 2245 merentur
1123 2191 1331 2244 Domini
1365 2193 1508 2261 piatn
1541 2204 1724 2244 vocem

145 2289 344 2342 audire:
387 2286 592 2350 I'enite,
621 2282 1070 2338 benedictivl'atris
1101 2285 1216 2346 inci,
1244 2286 1487 2352 percipite
1516 2301 1726 2352 regnum

147 2385 270 2450 quod
285 2382 415 2436 vobis
436 2392 672 2449 paratum
704 2390 779 2434 est
799 2380 862 2432 ab
893 2379 1090 2448 origine
1121 2379 1300 2434 mundi
1357 2376 1571 2443 (.lluttlt.
1595 2393 1724 2440 xxv,

148 2475 264 2544 5t);
322 2460 457 2528 unde
488 2487 676 2526 omnes
699 2471 828 2542 justi
859 2482 1014 2525 erunt
1043 2471 1584 2540 gavisi.Quaproptrr
1608 2485 1724 2532 ιιοε.

150 2576 200 2619 ut
238 2566 497 2618 credimus
525 2605 540 2630 ,
586 2563 873 2618 salubriter
926 2564 1334 2616 considerantes
1383 2563 1613 2630 qualiter
1663 2577 1728 2614 ex

154 2660 368 2713 terrenis
395 2659 555 2711 rebus
587 2655 781 2725 quibus
813 2669 1046 2722 superna
1079 2658 1244 2720 gratia
1291 2655 1446 2707 nobis
1498 2653 1752 2724 altlueu_-'

155 2762 226 2804 ter
255 2752 302 2803 in
337 2751 436 2803 hoc
459 2747 660 2802 sarculo
691 2749 885 2815 largire
916 2747 1125 2814 dignata
1161 2755 1265 2810 est,
1301 2747 1479 2798 saltim
1524 2746 1573 2798 in
1605 2759 1730 2798 san—

151 2851 256 2894 ctas
287 2841 371 2894 Dei
401 2839 486 2893 vi-l
520 2839 570 2892 in
621 2838 944 2906 pauperibus
983 2836 1184 2890 Chrisri
1241 2852 1306 2888 ex
1356 2840 1455 2889 hoc
1498 2836 1732 2889 tribuere

155 2931 475 2996 deberemus,
499 2937 558 2983 ut
590 2928 1011 2982 misericordiam
1065 2928 1318 2981 Altissimi
1372 2928 1591 2996 adipisci
1643 2944 1734 2978 va-

158 3025 374 3087 leamus;
407 3023 608 3076 idcirco
656 3022 894 3076 cedimus
927 3037 1021 3088 pru
1063 3018 1257 3073 anima:
1305 3029 1500 3074 nostrae
1550 3036 1735 3074 reme-

157 3118 310 3180 dium,
341 3115 420 3170 vel
454 3129 550 3184 pro
569 3115 813 3183 genitore
845 3123 1030 3167 nostro
1053 3115 1319 3182 quondam
1351 3115 1504 3166 bona:
1531 3129 1736 3167 memo-

158 3210 241 3261 ιίςιτ
271 3209 510 3276 Pippino,
533 3208 598 3261 ad
625 3208 1010 3261 monasterium
1042 3209 1222 3259 domui
1258 3205 1493 3276 Dionysii
1530 3215 1733 3276 marty-

161 3303 243 3364 ris,
276 3301 357 3353 ubi
388 3301 500 3370 ipse
530 3301 804 3368 preciosus
851 3315 970 3352 cum
1001 3299 1165 3352 sociis
1214 3301 1324 3352 suis
1374 3314 1599 3365 corpore
1651 3315 1735 3353 re-

162 3391 393 3462 quiescit,
419 3402 472 3445 et
499 3392 587 3445 ubi
615 3390 955 3470 supradictus
986 3391 1217 3443 domnus
1240 3401 1294 3444 et
1323 3391 1534 3459 genitor
1556 3404 1738 3446 noster

165 3484 402 3547 humatus
425 3497 542 3538 esse
574 3482 876 3545 videtur,et
908 3480 1218 3535 Fulleradus
1257 3485 1390 3534 abba
1433 3499 1550 3537 esse
1587 3485 1737 3536 dino-

162 3578 348 3641 scitur;
382 3592 701 3646 cessu-inqne
729 3578 792 3628 ad
826 3577 1102 3643 praelatum
1131 3586 1376 3628 sanctum
1410 3577 1582 3629 locum
1617 3593 1737 3628 esse

167 3672 416 3733 vultinitts,
444 3670 546 3724 hoc
581 3679 684 3733 est,
716 3669 866 3723 villas
915 3683 1048 3736 quas
1098 3670 1212 3735 ipse
1257 3669 1487 3722 domnus
1529 3672 1740 3736 genitor

168 3777 337 3819 auster
369 3781 459 3835 per
490 3778 679 3818 manus
697 3775 909 3816 nostras
927 3764 989 3815 ad
1017 3763 1184 3830 ipsam
1208 3780 1385 3816 casam
1415 3763 1506 3816 Dei
1537 3765 1736 3815 dudum

163 3859 483 3926 ilelegavcrat
518 3897 532 3920 ,
587 3867 953 3926 nuncupantes
1007 3854 1310 3920 Faverulas,
1355 3873 1475 3925 quin
1529 3856 1740 3924 poniiir

166 3949 214 3999 in
252 3962 375 4016 pago
427 3947 800 4010 Madriacinse,
857 3958 906 4000 ct
967 3947 1202 3999 Nuronte
1267 3947 1333 3998 in
1369 3948 1483 4013 ipso
1531 3947 1739 3998 (Iariio-

169 4051 271 4093 uno
315 4055 428 4094 cum
485 4039 633 4093 omni
677 4037 996 4108 integritate,
1037 4037 1118 4091 vel
1174 4035 1504 4105 appendit-iis
1555 4053 1738 4090 earum

164 4132 224 4185 ad
272 4132 378 4200 ipso
427 4133 772 4199 monasterio,
824 4117 904 4187 vel
960 4133 1237 4186 monachis
1289 4131 1483 4186 ibidem
1543 4133 1741 4201 degen-

166 4231 329 4297 tibus,
373 4247 464 4286 seu
518 4232 582 4283 ad
654 4230 931 4283 luminaria
984 4228 1065 4281 vel
1119 4229 1380 4296 stipendia
1447 4243 1738 4296 pauperum

167 4327 499 4388 procuranda,
527 4323 834 4382 statuimus,
864 4322 1001 4375 sicut
1049 4335 1077 4373 a
1131 4335 1284 4373 vasso
1331 4330 1516 4374 nostro
1564 4320 1742 4376 Aude-

164 4417 300 4479 gario
328 4430 584 4483 possessa:
616 4416 860 4477 luerunt;
895 4416 1114 4479 insuper
1156 4421 1210 4464 et
1259 4428 1381 4465 eum
1423 4411 1626 4469 Al'oreste
1675 4411 1741 4466 ad

167 4521 250 4558 αδδς
283 4508 570 4573 pertinente
599 4519 723 4575 qua:
749 4514 969 4558 vocatur
1025 4504 1312 4571 Equaliua,
1340 4519 1461 4557 cum
1509 4503 1740 4558 foresta-

1825 1516 2161 1584 gnm-lucuni
2192 1526 2244 1568 et
2274 1517 2663 1569 Scirone-valle
2711 1531 2874 1585 super
2922 1517 3252 1596 Ntvigellani.
3303 1520 3429 1576 Ilaec

1826 1608 2003 1659 omnia
2036 1608 2285 1674 snperius
2311 1608 2452 1662 dicta
2476 1623 2596 1662 cum
2627 1610 2778 1662 omni
2810 1609 3121 1677 integritate
3153 1625 3207 1666 et
3233 1613 3423 1667 solidi-

1829 1706 1938 1750 tate
1960 1713 2076 1762 sua,
2108 1696 2244 1753 sicut
2276 1714 2443 1767 usque
2477 1715 2619 1753 nunc
2650 1715 2678 1753 a
2732 1703 2859 1755 liscu
2883 1711 3067 1756 nostro
3098 1717 3430 1773 cognoscun-

1833 1799 1916 1843 tur
1943 1807 2064 1845 esse
2097 1807 2366 1861 passessa,
2401 1808 2522 1847 cum
2554 1796 2830 1863 utriusque
2877 1809 3040 1850 sexus
3087 1795 3429 1865 feraminum,

1762 1869 2139 1950 Beervurum,
2203 1885 2617 1954 Capreoloruin,
2665 1901 2733 1940 ex
2781 1902 3009 1954 quorum
3061 1891 3220 1944 coriis
3269 1889 3433 1945 libros

1833 1976 2001 2044 ipsius
2035 1978 2175 2030 sacri
2211 1977 2313 2030 loci
2343 1979 2741 2046 eouperiendos
2773 1981 3104 2035 ordinamus.
3168 1982 3275 2037 Nec
3327 1999 3433 2037 non

1831 2068 1994 2122 etiam
2020 2085 2085 2122 ex
2133 2070 2438 2136 supradicta
2488 2072 2776 2126 venatione
2825 2075 3160 2128 intirmorum
3213 2076 3434 2131 fratrum

1830 2175 2054 2228 corpora
2087 2163 2150 2214 ad
2178 2174 2388 2230 tempus
2420 2165 2718 2231 reparanda
2774 2175 2826 2218 ct
2887 2167 3186 2222 roboranda
3239 2173 3434 2225 consti-

1837 2253 2060 2305 lnitnns.
2094 2254 2253 2320 Igitur
2287 2255 2570 2320 praedictas
2599 2257 2752 2310 villas
2780 2255 3068 2314 Faberolas
3117 2274 3168 2315 et
3223 2262 3434 2318 Naron-

1836 2355 1939 2398 tem
1974 2358 2024 2397 et
2059 2360 2178 2398 cuur
2208 2348 2405 2401 l'ureste
2435 2349 2718 2416 Eqnalina,
2749 2352 2828 2404 Vel
2861 2367 2920 2406 οι
2953 2371 3071 2418 qua:
3100 2371 3259 2422 supra
3291 2357 3430 2412 dixi-

1834 2456 1972 2505 mus,
2020 2442 2083 2492 ad
2139 2443 2309 2508 ipsum
2338 2453 2582 2497 sanctum
2617 2446 2792 2500 locum
2817 2450 3057 2503 cedimus
3088 2466 3245 2521 atque
3268 2452 3429 2507 denae

1838 2551 1988 2597 mus.
2021 2552 2143 2587 cum
2196 2537 2353 2591 tetris
2378 2579 2391 2601 ,
2445 2539 2691 2595 domibus
2718 2581 2733 2604 ,
2787 2543 3030 2598 a'diliciis
3055 2585 3069 2609 ,
3125 2547 3430 2614 accolabns,

1838 2627 2141 2694 mancipiis,
2160 2629 2350 2696 vitreis,
2379 2630 2549 2692 silvis.
2567 2633 2793 2701 campis,
2814 2638 2999 2702 pratis,
3027 2640 3259 2706 pascuis,
3283 2644 3434 2708 aquis

1834 2733 2171 2785 aquarumve
2221 2722 2572 2789 decursibus,
2607 2724 2895 2778 mobilibus
2954 2735 3007 2780 ct
3058 2730 3436 2800 iuuuobilibus,

1839 2811 2109 2865 l'arinariis
2139 2829 2302 2878 super
2329 2814 2497 2879 ipsam
2551 2816 2976 2870 dominationem
3017 2823 3438 2878 ciiisistentihus

1837 2903 1948 2954 sive
1983 2903 2154 2956 lat-ere
2188 2902 2518 2968 volentibus;
2563 2905 2808 2961 similiter
2837 2916 2892 2962 ct
2922 2916 3178 2965 mercaris
3232 2911 3283 2965 in
3336 2916 3439 2966 eis-

1843 2992 1965 3044 dem
2001 2992 2136 3046 villis
2164 2993 2580 3059 conllnentibns,
2623 2997 2735 3050 sive
2765 2999 3037 3052 mercandi
3095 3003 3262 3068 gratia
3308 3017 3438 3056 con-

1839 3084 2220 3139 venientibus:
2257 3085 2328 3138 ita
2372 3095 2427 3139 ut
2484 3087 2660 3142 nullus
2715 3104 2920 3154 comes,
2976 3107 3072 3146 nec
3126 3097 3438 3164 vreecomis,

1843 3195 1942 3234 nec
1996 3179 2384 3252 vicarius,nec
2430 3185 2814 3248 ,ceiitenarius,
2875 3201 2973 3240 nec
3028 3186 3166 3242 ullus
3224 3200 3441 3244 exactor

1840 3273 2138 3343 judiciaria!
2155 3275 2460 3354 potestatis,
2489 3288 2578 3330 aut
2602 3278 2893 3345 teloneum,
2909 3292 2997 3334 aut
3019 3282 3161 3336 freda
3181 3285 3440 3354 exigenda

1843 3380 1934 3421 aut
1967 3353 2228 3423 ieraiiiin'a
2261 3371 2377 3423 sine
2407 3370 2619 3424 licentia
2664 3373 2869 3427 abbatis
2921 3374 3198 3440 capienda,
3227 3386 3319 3429 aut
3368 3377 3442 3431 Ia-

1843 3475 2010 3530 queos
2041 3462 2262 3516 tendere
2291 3461 2371 3515 vel
2404 3463 2638 3530 pedicas,
2673 3475 2763 3516 aut
2809 3465 2968 3518 ullam
2996 3471 3442 3522 consuetudini-tn

1846 3553 2118 3621 imponere
2154 3565 2243 3608 aut
2276 3555 2642 3622 superaddere
2667 3558 2888 3619 audeat;
2921 3562 3013 3611 sed
3047 3571 3253 3614 remoto
3283 3566 3443 3616 tutius

1845 3649 2235 3718 inquietudinis
2267 3651 2676 3720 impedimento,
2720 3663 2774 3706 et
2829 3657 3220 3711 ciintrarioitnn
3272 3660 3443 3712 homi-

1845 3758 1968 3796 num
2003 3759 2132 3796 ausu
2164 3745 2279 3798 sive
2308 3763 2369 3797 ex
2416 3747 2543 3814 ipsis
2571 3747 2708 3800 villis
2732 3751 3200 3810 mercatis,omnia
3231 3765 3293 3806 ex
3327 3769 3444 3806 titti-

1846 3835 2026 3898 nibus,
2053 3839 2188 3889 sicut
2217 3839 2421 3891 dictum
2453 3849 2554 3904 est,
2591 3841 2902 3908 supradicto
2936 3854 3121 3896 sancto
3174 3845 3292 3900 loco
3345 3847 3444 3901 sub

1844 3927 1987 3980 omni
2036 3930 2338 3999 integritate
2384 3944 2436 3984 et
2499 3935 2832 3996 emunitate,
2887 3935 3139 4003 quicquid
3190 3944 3438 4006 praesenti

1845 4028 2086 4087 tempore
2115 4034 2297 4076 nostra
2330 4023 2526 4077 ibidem
2557 4025 2768 4078 videtur
2797 4040 2916 4080 esse
2943 4031 3212 4093 posseSsiu
3238 4030 3318 4084 vel
3347 4030 3443 4084 do—

1842 4112 2088 4176 minatio,
2116 4129 2236 4181 pars
2266 4116 2506 4183 prteilicti
2549 4117 2860 4170 monasterii
2918 4118 3143 4189 ejusque
3203 4131 3444 4177 rectores

1846 4213 2042 4257 nostris
2069 4219 2117 4259 et
2150 4205 2341 4262 futuris
2372 4211 2708 4278 temporibus
2745 4210 2998 4278 habeant,
3037 4205 3254 4268 tendant
3283 4225 3442 4286 atque

1847 4297 2176 4364 possideant.
2217 4301 2278 4353 [ﬁt
2305 4311 2364 4354 ut
2408 4303 2484 4354 eis
2536 4305 2726 4358 melius
2767 4303 3001 4360 delectet
3044 4321 3139 4375 pro
3189 4307 3346 4362 nobis
3392 4319 3445 4362 et

1845 4389 2046 4444 domno
2076 4393 2320 4460 geniture
2349 4406 2532 4448 nosrro
2565 4395 2770 4449 Domini
2808 4398 3234 4452 misericordiam
3269 4411 3442 4455 atten-

1853 4481 1956 4536 tius
1980 4483 2286 4559 implorare,
2310 4483 2444 4538 hanc
2473 4487 2814 4542 autoritatem
2849 4503 3008 4543 manu
3040 4500 3226 4544 nostra
3255 4492 3442 4546 subter

171 4595 254 4649 riis
281 4572 328 4651 ει
356 4597 513 4652 cenis
540 4572 735 4650 “hibus
763 4597 814 4650 in
847 4611 963 4650 eam
992 4595 1311 4665 designatis,
1337 4596 1579 4652 “deﬁce,
1604 4611 1737 4652 com
1771 4594 1818 4655 υ
1855 4572 2205 4642 firmavimus,
2237 4585 2290 4631 cI
2316 4577 2382 4633 de
2428 4581 2589 4635 anulo
2633 4592 2819 4636 nostro
2859 4583 3047 4638 subter
3082 4584 3304 4656 sigillari
3333 4588 3444 4658 jus-

169 4698 238 4740 tra
267 4704 447 4757 pagum
486 4673 909 4743 Madriaeensem
970 4688 1212 4754 pervenit
1254 4701 1279 4728 ιι
1331 4687 1526 4742 Iennna
1572 4704 1740 4759 usque

167 4781 226 4834 ad
257 4781 688 4845 l‘etr.un-lictam,
717 4781 910 4836 deinde
932 4782 997 4834 ad
1033 4781 1283 4836 Molarias
1324 4797 1489 4849 super
1517 4782 1740 4836 Victria-
1768 4827 1770 4832 .

168 4889 291 4938 cui...
316 4875 506 4930 deinde
530 4874 593 4927 ait
627 4854 1213 4944 Montem-Presbyteri,
1239 4874 1434 4929 deinde
1483 4874 1547 4927 ad
1600 4873 1740 4927 Con-

169 4967 329 5018 dattun
356 4981 521 5036 usque
555 4967 620 5019 ad
677 4966 966 5020 Cuculosa.
1012 4965 1254 5021 Secunda
1313 4967 1503 5018 li-nnna
1553 4977 1739 5019 contra

172 5071 339 5125 pagunt
381 5059 779 5112 PiIICI3CI‘IlSCIII
839 5060 1080 5126 pervenit
1126 5060 1190 5110 ad
1237 5057 1640 5122 Condonaria-‘i
1674 5056 1739 5111 3d

179 5145 362 5203 Venuas
394 5166 563 5220 uSque
591 5151 979 5215 Anreu-Vallo,
1011 5153 1204 5206 deinde
1237 5152 1503 5206 Levicias.
1560 5150 1738 5206 Tertia

171 5239 339 5295 Iiauma
363 5257 544 5297 contra
571 5259 760 5312 pagum
794 5244 1114 5298 I'arisiacum
1139 5245 1204 5299 de
1231 5244 1556 5299 Ull'arciacas
1620 5260 1742 5314 per-

234 5431 254 5453 ει
287 5415 463 5470 Letum
511 5418 637 5480 legit
690 5419 966 5485 Dubletus,
1018 5436 1174 5488 quam
1229 5435 1414 5474 vocom
1465 5423 1738 5474 terminum

171 5484 527 5559 interpretatur
553 5489 912 5544 illabillunius.
961 5484 1289 5559 Legendnm,
1325 5491 1557 5558 Lemnia,
1586 5493 1634 5547 id
1657 5504 1740 5548 est

172 5557 308 5631 silva.
344 5560 470 5615 Vide
492 5561 748 5631 Cangitnn
782 5563 846 5614 ad
877 5563 1017 5616 banc
1041 5557 1272 5617 ‘vocem.

236 5629 261 5704 ιζ
284 5630 394 5684 .Iam
425 5649 513 5686 rex
551 5629 1017 5701 Langobardnruiu
1049 5634 1436 5688 eratiCarulns
1494 5634 1736 5704 Magnus,

177 5711 221 5776 tit
243 5701 517 5776 lertbujus
538 5704 738 5758 charta:
762 5704 977 5770 titulus;
1017 5707 1136 5760 hinc
1165 5722 1335 5758 annus
1359 5706 1562 5774 primus
1583 5701 1738 5776 regni

179 5775 234 5827 ile
261 5772 414 5828 ltalia-
443 5792 606 5845 regno
637 5777 981 5846 accipiendos
1008 5788 1110 5832 est.
1155 5772 1482 5842 liuinartius,
1533 5781 1622 5848 qui
1653 5772 1739 5832 se-

1841 4667 2031 4725 simus.

1915 4759 2131 4827 Signum
2171 4761 2344 4816 Caroli
2378 4765 2752 4833 gloriosissitni
2790 4769 2951 4839 regis.

1914 4873 2224 4945 Wigbaldus
2257 4880 2319 4932 ad
2359 4881 2526 4936 vicem
2588 4883 2810 4940 Ilitlicrii
2866 4888 3154 4957 recognovi
3209 4898 3264 4945 et
3306 4893 3440 4945 sub-

1844 4971 2051 5036 scripsi.

1918 5062 2042 5116 Data
2075 5067 2124 5117 in
2155 5081 2338 5122 mense
2372 5069 2672 5135 Decembri,
2709 5071 2734 5110 ι)
2763 5087 2904 5125 anno
2933 5070 3111 5142 primo
3150 5077 3299 5147 regni
3347 5094 3446 5130 no-

1846 5157 1966 5209 stri.
2001 5159 2192 5212 Actum
2228 5159 2608 5218 Saluiiniciaco
2639 5166 2834 5233 palatio
2873 5165 3106 5236 publico,
3143 5168 3193 5223 in
3228 5169 3318 5224 Dei
3347 5185 3442 5223 nuo

1843 5247 1985 5303 mine
2017 5249 2262 5306 feliciter.
2295 5256 2487 5308 Amen.

1843 5426 2070 5503 cunilam
2114 5425 2370 5503 librorum
2395 5430 2457 5485 dc
2485 5430 2562 5487 Re
2592 5431 2936 5503 diplomatica
2968 5438 3254 5493 editionem
3286 5453 3440 5493 cura-

1845 5499 1938 5577 vit,
1976 5500 2074 5550 line
2104 5499 2715 5579 diplomadescriptum
2776 5509 2903 5562 dicit
2956 5526 3017 5563 ex
3084 5513 3436 5579 antograpbo,

1814 5567 1958 5634 “ipse
2016 5580 2188 5645 tamen
2224 5567 2594 5645 Mgabillonius',
2631 5576 2723 5632 lib.
2791 5595 2915 5633 xxrv
2965 5581 3156 5634 Annal.
3208 5567 3437 5645 Detied.;

1847 5655 1991 5692 num.
2023 5643 2116 5706 52,
2144 5643 2193 5694 in
2227 5643 2342 5710 ejus
2398 5646 2704 5725 diplomatis
2746 5652 2972 5705 sinceris
3019 5655 3280 5722 exemplis
3334 5643 3438 5725 legi

1847 5720 2096 5781 testatur,
2130 5730 2264 5768 anno
2293 5727 2506 5785 septimo
2531 5731 2576 5772 et
2611 5722 2797 5786 primo.
