3856 6220
222 426 310 483 941
516 417 741 476 εουεχ
785 415 1309 485 οιῐτωιιΑτιιὶιιε.
1351 441 1420 453 —
1460 410 1875 467 PRIVILEGIA.
1908 437 1976 449 --
2017 408 2055 461 l.
2104 407 2348 462 l’i’thlL.
2394 405 2528 461 PER
2568 405 2847 462 GALLI/IL
2892 406 3156 461 PARTES

3383 407 3488 460 ειη

220 537 390 597 ticom,
423 548 521 588 nec
552 530 941 599 cespitalicom,
992 542 1091 581 nec
1131 525 1543 595 pulveraticom,
1573 536 1671 577 nec
1717 538 1796 574 sa-
1829 528 1878 587 Α
1902 510 2225 581 condonant,
2269 518 2417 586 juxta
2448 518 2585 585 quod
2631 528 3001 571 antecessores
3054 531 3207 586 reges
3245 532 3336 585 per
3367 532 3492 569 snas

223 626 512 685 lutaticum,
567 635 664 676 nec
708 619 1038 682 mutaticom,
1087 630 1183 671 nec
1225 616 1294 671 de
1321 616 1470 669 navis
1509 614 1593 667 vel
1644 612 1799 666 karra

218 730 417 777 eorum,
445 728 541 766 nec
569 713 633 766 dc
658 726 898 772 saumas,
932 722 1105 778 neque
1142 707 1211 762 de
1242 706 1342 760 ltoc
1379 704 1520 774 quod
1556 702 1800 757 homines

218 819 390 862 eorum
419 804 484 857 ad
515 818 703 858 eorum
731 802 955 855 dorsum
992 809 1223 866 portant,
1258 812 1355 849 nec
1381 795 1444 848 ad
1486 811 1669 849 eorum
1704 810 1799 848 nc-

219 897 480 966 gociantes
518 895 604 963 qui
653 908 750 963 per
790 892 903 960 ipsa
936 906 1060 944 casa
1108 892 1198 944 Dei
1231 885 1450 957 sperare
1483 899 1796 950 noscuntur,

218 1001 309 1041 nec
338 986 387 1039 in
411 999 597 1040 eorum
650 984 823 1048 villas,
866 996 967 1037 nec
1012 994 1187 1050 agros,
1223 994 1320 1033 nec
1345 980 1413 1033 de
1445 978 1677 1032 hominis
1706 978 1796 1048 qui

217 1078 277 1131 ad
311 1076 452 1131 foras
478 1075 531 1129 in
561 1089 747 1129 eorum
798 1070 951 1124 villas
1000 1070 1065 1123 ad
1117 1067 1529 1138 negociandum,
1563 1068 1646 1122 vel
1682 1069 1801 1122 vina

214 1162 617 1235 comparandum
670 1163 1004 1226 advenerim,
1055 1175 1155 1215 nec
1218 1159 1286 1214 ad
1342 1169 1587 1237 nostrum
1642 1174 1801 1229 opus,

216 1272 305 1311 nec
333 1255 398 1309 ad
431 1263 691 1321 vestrum,
722 1269 820 1308 nec
843 1252 909 1307 ad
949 1252 1202 1320 iunioris,
1242 1262 1337 1305 seu
1363 1252 1805 1321 successorisque

217 1358 441 1417 vestros,
477 1348 530 1402 in
558 1349 705 1403 nullo
732 1346 915 1412 modo,
948 1345 1095 1400 nullo
1124 1344 1388 1407 telIOneo,
1422 1342 1573 1397 nullo
1612 1342 1802 1398 exclu-

214 1441 395 1506 satico,
440 1438 578 1495 infra
609 1453 773 1507 regna
799 1436 1022 1492 Francia
1048 1446 1103 1491 et
1133 1434 1306 1499 Italia,
1330 1448 1426 1489 sco
1456 1433 1802 1502 ubicumque,

215 1543 380 1602 nequo
397 1526 668 1585 decimum
705 1528 925 1599 exigere
957 1544 1055 1582 nec
1095 1536 1349 1582 exactare
1392 1542 1497 1580 nun
1540 1526 1803 1590 debeatis,

212 1624 327 1689 nisi,
361 1614 421 1677 ut
457 1622 713 1687 dixinms,
765 1623 902 1676 sicut
941 1620 994 1674 in
1047 1606 1235 1674 eorum
1282 1626 1577 1671 strumenta
1620 1624 1806 1672 tenere

213 1716 469 1778 videntur,
505 1715 640 1768 infra
674 1728 835 1783 regna
870 1712 979 1766 Deo
1006 1708 1237 1780 propitio
1290 1718 1474 1762 nostra
1518 1709 1664 1761 sicut
1709 1706 1805 1760 ba-

208 1805 361 1861 beant
388 1819 708 1860 concessum
742 1803 918 1873 adque
968 1801 1257 1857 indultum.
1307 1800 1372 1855 Et
1405 1810 1461 1854 ut
1506 1799 1628 1883 lucc
1660 1814 1800 1869 prm-

1902 613 2243 667 auctoritatcs
2292 610 2355 664 ad
2416 610 2584 679 ipsam
2647 609 2922 665 basilicam
2985 608 3087 663 ltnc
3132 609 3493 677 prxstiteruut

1905 704 1985 757 vel
2008 704 2422 768 conﬁrmarunt,
2456 703 2648 757 iterato
2692 702 2793 755 hoc
2832 702 2973 755 circa
3022 694 3270 755 abbatem
3301 713 3493 755 cance-

1905 801 2031 854 di:re
2063 811 2113 855 ct
2167 801 2486 859 confirmare
2535 798 2876 865 dcbcrtmn‘s.
2931 795 3160 864 Ideoque
3206 808 3496 864 cognoscat

1907 892 2215 960 magnitudo
2242 905 2332 945 seu
2358 890 2556 942 utilitas
2579 898 2752 941 vestra
2781 873 2919 956 quod
2946 902 3044 942 nos
3070 903 3163 955 pro
3196 890 3494 942 revirreutia

1906 982 2075 1050 ipsius
2104 981 2273 1036 sancti
2303 978 2428 1047 loci,
2460 980 2544 1034 vel
2596 994 2691 1047 pro
2721 979 2897 1046 quiete
2926 978 3124 1033 ibidem
3168 979 3274 1032 Dco
3309 978 3496 1031 famu-

1908 1075 2152 1137 lantiuin,
2184 1073 2581 1142 promptissima
2601 1074 2875 1126 voluntate
2899 1072 3075 1125 denuo
3103 1072 3495 1135 concessimus.

1905 1175 1960 1219 et
1989 1166 2040 1218 in
2073 1166 2321 1219 omnibus
2368 1164 2826 1217 confirmavimus.
2879 1165 3214 1233 Quapropter
3258 1179 3351 1234 per
3398 1165 3499 1219 hoc

1908 1265 2253 1325 prmceptum,
2294 1255 2436 1325 quod
2469 1255 2775 1325 specialiter
2805 1253 3171 1322 decernimus,
3214 1263 3265 1307 et
3307 1268 3497 1323 perpe-

1906 1357 2055 1403 tuum
2105 1349 2372 1403 voluimus
2400 1364 2523 1403 esse
2555 1351 2893 1413 mansurum,
2940 1349 3189 1416 iubemus
3234 1356 3290 1402 ut
3320 1362 3499 1416 neque

1908 1455 2025 1503 nos,
2056 1454 2230 1509 neque
2282 1441 2548 1509 juniorcs,
2600 1454 2696 1495 seu
2748 1454 3094 1495 successores
3151 1440 3348 1504 nostri,
3398 1452 3500 1493 nec

1905 1532 2157 1607 quislibet
2185 1531 2251 1585 de
2278 1529 2561 1601 iudiciaria
2608 1542 2874 1601 poteState
2914 1532 3209 1597 accinctus,
3243 1532 3293 1586 in
3320 1544 3500 1586 curtes

1907 1624 2147 1692 prmfata:
2184 1624 2418 1680 basilicae
2447 1624 2631 1679 domui
2667 1623 2930 1695 Diony~ii,
2966 1625 3052 1679 ubi
3084 1634 3137 1680 et
3168 1625 3256 1680 ubi
3293 1625 3343 1679 in
3375 1626 3497 1694 qui-

1907 1717 2236 1785 buscumque
2275 1715 2422 1787 pagis
2453 1716 2588 1771 infra
2636 1731 2796 1786 regna
2848 1731 2967 1787 qua
3010 1717 3343 1786 adquisimus
3386 1716 3494 1771 Deo

1911 1808 2138 1878 propitio
2169 1807 2353 1875 ltalim,
2380 1824 2501 1878 quae
2530 1808 2726 1863 dicitur
2760 1808 3154 1881 Langobardia,
3197 1808 3281 1865 vel
3308 1806 3495 1863 Vallis~

209 1897 382 1967 ceptio
417 1897 623 1951 firmior
652 1895 933 1962 habeatur,
964 1894 1150 1948 subter
1177 1906 1296 1946 eam
1323 1891 1664 1946 decrevimus
1706 1904 1797 1945 I’O-
1830 1886 1878 1953 Β
1904 1898 2116 1963 τθῑὶηε,
2173 1913 2332 1969 quam
2389 1898 2652 1955 moderno
2706 1910 2951 1971 tempore
3004 1899 3073 1955 ad
3101 1906 3269 1968 ipsam
3319 1914 3498 1955 casam

211 1986 416 2056 borare,
461 1999 518 2045 et
546 1987 613 2044 de
659 1989 823 2042 anolo
866 1998 1052 2042 nostro
1099 1986 1362 2058 sigillare.

282 2100 502 2170 Signum
532 2098 708 2156 Caroli
738 2097 1115 2171 gloriosissimi
1148 2097 1311 2169 regis.

281 2211 597 2284 Wigbaldus
626 2211 695 2267 ad
731 2216 905 2266 vicem
930 2211 1161 2267 llitlterii
1208 2212 1540 2281 recognovit.

276 2327 402 2382 Data
433 2326 605 2394 pridie
655 2326 776 2381 ldus
828 2325 1065 2391 Martias,
1106 2339 1251 2378 anno
1277 2324 1506 2393 septimo
1536 2332 1594 2378 et
1626 2323 1800 2393 primo

207 2420 349 2489 regni
401 2418 589 2473 nostri.
638 2419 833 2474 Aetum
883 2415 1157 2471 Carisiaco
1205 2415 1405 2487 palatio
1453 2415 1689 2485 publico,
1745 2414 1798 2467 in

207 2514 295 2570 Dei
323 2515 538 2569 nomine
566 2512 822 2568 feliciter.
856 2514 1048 2566 Amen.

911 2624 1098 2680 XXIII.

208 2745 526 2817 Praccptum
566 2743 755 2817 Caroli
794 2740 972 2815 Magni
1015 2745 1089 2817 de
1125 2744 1450 2817 immunitate
1497 2742 1799 2799 monasterii

550 2814 1028 2883 SattoDionysiani
1071 2815 1232 2885 (anno
1287 2816 1439 2887 775).

674 2928 770 2991 (Ex
798 2927 855 2979 D.
887 2930 1132 2991 Uouquet,
1161 2930 1304 2992 ibid.)

223 3084 230 3091 .
276 3036 499 3092 Carolus
525 3037 699 3108 gratia
732 3037 823 3092 Dei
874 3051 968 3092 rex
1014 3036 1345 3091 Francorum
1388 3046 1443 3089 et
1492 3032 1800 3103 Longobar-

201 3128 409 3193 durum,
469 3142 533 3183 ac
573 3129 828 3199 patricius
877 3127 1259 3183 Romanorum.
1298 3125 1612 3196 incipientia
1644 3124 1798 3195 regni

207 3220 371 3273 nostri
402 3218 595 3273 al'l'ectu
635 3217 704 3273 de
735 3227 916 3273 nostra
952 3217 1226 3273 erectione
1264 3219 1467 3286 integre
1497 3216 1799 3271 auxiliante

209 3312 426 3365 Domino
455 3310 692 3380 vigilavi,
716 3320 768 3366 et
792 3325 888 3379 pro
908 3311 1026 3377 ipso
1058 3308 1199 3364 bono
1222 3325 1384 3379 opere
1414 3321 1654 3375 auctum,
1682 3324 1801 3364 cum

205 3405 426 3459 consilio
461 3402 798 3472 pontificum,
854 3404 937 3457 vel
987 3404 1285 3469 seniorum,
1338 3403 1655 3472 optimatum
1708 3418 1806 3457 no-

203 3506 454 3567 strorum,
483 3496 835 3551 emunitatem
866 3509 964 3567 pro
1002 3505 1188 3550 nostro
1219 3495 1595 3550 confirmando
1636 3511 1803 3567 regno

202 3600 254 3645 et
283 3588 547 3655 mercede,
584 3589 670 3645 vel
728 3586 1079 3658 adipiscenda
1123 3589 1232 3641 vita
1280 3595 1482 3642 aeterna
1537 3601 1800 3643 renovare

206 3680 537 3744 deberemus,
570 3695 677 3749 quo
706 3689 761 3734 et
786 3680 857 3733 ita
882 3678 1126 3734 fecimus.
1158 3676 1385 3749 Oportet
1412 3692 1543 3747 ergo
1564 3677 1803 3735 clemen-

206 3774 325 3827 tiam
354 3772 702 3843 principalem
736 3771 880 3826 inter
908 3781 1133 3824 czctcras
1175 3769 1461 3839 petitiones
1493 3766 1620 3822 illud
1653 3767 1797 3838 quod

206 3877 298 3934 pro
320 3867 488 3921 salute
514 3864 822 3928 ascribitur,
873 3872 929 3918 et
960 3877 1054 3933 pro
1086 3862 1271 3916 divino
1301 3862 1520 3916 nomine
1548 3862 1802 3931 postula-

207 3968 309 4023 tur,
343 3958 587 4028 placabili
626 3952 812 4011 auditu
868 3957 1171 4023 suscipere,
1198 3965 1251 4010 et
1296 3955 1480 4025 procul
1522 3952 1685 4010 dubio
1732 3953 1799 4009 ad

206 4054 448 4110 ellectum
479 4053 793 4123 perducere,
823 4053 1073 4121 quatinus
1104 4052 1170 4106 de
1202 4050 1423 4106 caducis
1462 4050 1627 4105 rebus
1653 4065 1801 4121 pra:-

207 4149 365 4203 sentis
394 4148 577 4203 saeculi
615 4158 816 4202 aeterna
846 4146 1258 4215 conquirantur,
1279 4143 1431 4215 juxta
1468 4154 1797 4213 prmceptum

210 4240 407 4296 Domini
455 4241 729 4296 dicentis:
767 4238 947 4293 Facite
986 4241 1123 4293 vobis
1176 4240 1368 4291 antica;
1400 4238 1466 4292 de
1506 4254 1802 4291 mammona

208 4334 484 4404 iniquitatis
515 4332 673 4407 (Luc.
706 4350 819 4403 xvt,
850 4332 929 4403 9).
967 4333 1127 4403 ,Ergo
1167 4331 1236 4387 de
1266 4347 1571 4409 tuatttmonn
1605 4331 1801 4401 iniqui-

208 4426 499 4495 tatis'juxta
551 4424 727 4493 ipsum
776 4425 980 4480 dictum
1035 4440 1133 4479 nos
1177 4432 1395 4494 oportet
1451 4423 1680 4478 mercari
1730 4424 1800 4480 de

208 4518 426 4571 terrenis
468 4515 731 4582 cmlestia,
782 4528 837 4572 et
882 4516 1008 4572 dum
1060 4516 1231 4573 sacris
1270 4516 1405 4571 locis
1457 4517 1799 4586 impertimur

207 4629 438 4685 congrua
491 4613 778 4681 beneficia,
828 4614 1208 4669 retributorem
1250 4613 1537 4670 Dominum
1582 4628 1650 4668 ex
1697 4612 1800 4667 hoc
1830 4627 1882 4689 ι)

210 4706 399 4763 habere
446 4708 789 4763 confidimus.
840 4709 1002 4778 lgitur
1030 4707 1354 4763 venerabilis
1407 4706 1797 4763 vir'Fulradus

207 4797 335 4852 abba
383 4801 451 4854 de
502 4796 719 4854 basilica
767 4800 1051 4867 peculiaris
1114 4799 1322 4868 patroni
1382 4798 1554 4852 nostri
1604 4796 1792 4852 domui

212 4889 445 4963 Dionysii
480 4893 756 4963 martyris,
782 4893 869 4946 ubi
898 4892 1013 4961 ipse
1042 4892 1309 4959 pretiosus
1338 4891 1567 4943 domnus
1597 4889 1647 4943 in
1678 4904 1800 4943 cor-

212 4995 335 5047 pore
378 4982 693 5050 requiescit,
727 4981 1069 5038 clementiam
1102 4979 1247 5050 regni
1281 4981 1449 5034 nostri
1478 4978 1798 5050 supplicavit

209 5087 273 5126 eo
301 5073 439 5140 quod
474 5073 542 5129 ab
572 5064 1008 5128 antecessoribus
1042 5073 1259 5143 regibus
1288 5087 1315 5125 a
1362 5072 1521 5141 longo
1553 5083 1799 5138 tempore

213 5162 380 5215 omnis
408 5164 675 5218 emunitas
722 5164 789 5217 de
834 5163 975 5215 villis
1020 5163 1253 5231 praafatie
1301 5166 1503 5217 sanctae
1558 5162 1797 5217 basilicae

217 5248 366 5305 fuerit
417 5266 703 5317 concessa,
756 5254 899 5308 unde
958 5252 1101 5318 ipsas
1154 5262 1209 5307 et
1260 5252 1648 5323 praeceptiones
1688 5268 1798 5321 prae

218 5340 448 5395 inanibus
488 5357 551 5398 se
578 5342 780 5402 habere
811 5342 1064 5411 afﬁrmat,
1097 5352 1151 5398 et
1180 5342 1282 5397 boc
1327 5355 1497 5423 usque
1542 5358 1684 5398 nunc
1717 5344 1800 5395 in-

221 5428 528 5487 violabiliter
571 5434 766 5488 asserit
808 5449 933 5489 esse
977 5445 1376 5489 conservatum.
1411 5433 1617 5490 Idcirco
1651 5436 1800 5504 petiit

221 5530 276 5573 ut
304 5522 399 5576 boc
422 5538 516 5592 per
546 5536 787 5578 nostram
820 5527 1196 5581 auctoritatem
1225 5527 1421 5590 denuo,
1457 5542 1553 5596 pro
1584 5528 1661 5582 rei
1711 5531 1800 5582 tir-

221 5613 417 5681 ntitate,
449 5618 589 5673 circa
622 5618 796 5688 ipsum
836 5629 1082 5673 sanctum
1120 5620 1293 5673 locum
1327 5620 1410 5673 vel
1440 5618 1686 5672 homines
1714 5619 1803 5689 qui

217 5712 389 5756 secum
417 5705 708 5779 substantia
738 5722 834 5766 sua
860 5708 926 5761 ad
951 5709 1118 5777 ipsam
1152 5700 1427 5765 basiticam
1460 5708 1680 5763 tradunt
1715 5710 1798 5764 vel

1909 1989 2000 2044 Dei
2027 1988 2415 2059 delegavimus,
2439 1989 2583 2061 quod
2611 2002 2735 2061 pars
2759 1979 2932 2062 ipsius
2961 1991 3270 2070 Monasterii
3307 2004 3496 2061 posse-

1902 2083 2050 2138 disse
2076 2084 2159 2139 vel
2190 2084 2453 2140 dominari
2486 2084 2718 2153 videtur,
2748 2085 2830 2142 vel
2858 2085 3001 2156 quod
3040 2102 3073 2142 a
3104 2085 3275 2141 Deum
3301 2085 3499 2141 timen-

1906 2174 2046 2229 tibus
2102 2173 2407 2230 ltuminibus
2452 2190 2547 2247 per
2592 2176 2827 2249 legitima
2884 2179 3235 2233 instrumenta
3299 2178 3497 2232 ibidem

1904 2265 2065 2320 fuerit
2092 2280 2436 2335 concessum,
2466 2275 2557 2323 aut
2594 2265 2808 2323 inantea
2839 2267 3036 2323 ibidem
3070 2267 3229 2323 fuerit
3257 2267 3496 2323 additum

1902 2365 2063 2426 atque
2092 2358 2424 2427 delegatum,
2470 2373 2566 2413 nec
2588 2360 2653 2414 ad
2693 2371 2886 2414 causas
2911 2359 3260 2425 audiendum,
3304 2374 3403 2416 nec
3434 2361 3499 2413 :nl

1906 2450 2248 2519 tidejussores
2294 2451 2613 2517 tollendum,
2669 2466 2771 2507 nec
2819 2452 2886 2506 ad
2942 2452 3093 2508 freda
3141 2451 3496 2525 exigendum,

1904 2552 2004 2593 nec
2031 2538 2096 2591 ad
2128 2543 2437 2594 ntausiones
2484 2549 2575 2592 aut
2619 2548 2832 2609 parat-ts
2865 2540 3188 2608 faciendum,
3220 2558 3318 2598 nec
3366 2545 3502 2599 ullas

1904 2630 2249 2688 redibitioncs
2280 2630 2686 2703 requirendum,
2736 2633 2943 2702 ingredi
2974 2634 3059 2690 vel
3106 2634 3324 2703 exigere
3363 2649 3500 2704 quo-

1904 2738 2062 2793 quam
2093 2733 2336 2793 tempore
2383 2707 2595 2793 penitus
2640 2734 3035 2795 praesumatur:
3087 2727 3184 2782 sed
3241 2729 3497 2798 quicquid

1907 2819 2068 2871 ti-cus
2115 2827 2302 2873 noster
2342 2818 2541 2873 exinde
2582 2819 2819 2889 potuerit
2845 2834 3087 2889 sperare,
3131 2822 3308 2876 omnia
3353 2831 3408 2877 et
3433 2839 3498 2879 ex

1904 2908 2152 2963 omnibus
2181 2926 2276 2977 pro
2303 2912 2566 2965 mercedis
2609 2921 2807 2965 nostra:
2835 2912 3183 2981 compendio,
3226 2929 3348 2969 cum
3376 2930 3499 2969 orn-

1905 3001 2064 3056 nibus
2111 3003 2275 3059 fredis
2303 3003 2371 3059 ad
2402 3004 2669 3073 integrum
2701 3005 2919 3060 sibimet
2947 3007 3314 3063 concessimus
3344 3008 3503 3082 [con-

1903 3090 2117 3164 cessis].
2151 3095 2357 3164 ltaque,
2390 3105 2449 3150 ut
2477 3094 2678 3150 dictum
2715 3106 2823 3163 est,
2876 3098 3131 3168 inspectis
3180 3100 3312 3167 ipsis
3362 3116 3501 3170 pra:-

1904 3187 2243 3254 ceptiouibus
2273 3189 2603 3243 anteriorutn
2658 3204 2866 3258 regum,
2911 3192 2991 3245 rel
3020 3191 3170 3261 justa
3194 3195 3333 3262 quod
3366 3208 3494 3262 prae.

1909 3292 2036 3334 seus
2068 3288 2249 3334 nostra
2281 3279 2492 3334 videtur
2536 3281 2818 3337 continere
2874 3282 3187 3353 auctoritas,
3239 3286 3495 3354 quicqiiid

1910 3371 2023 3440 ipse
2046 3380 2261 3427 sanctus
2292 3372 2439 3428 locus
2463 3387 2491 3425 a
2528 3374 2615 3427 die
2641 3374 2915 3443 praesenti,
2942 3386 2996 3426 ut
3020 3374 3271 3441 diximus,
3302 3377 3498 3432 habere

1908 3463 2186 3531 probatur,
2217 3479 2376 3534 quam
2408 3464 2551 3534 quod
2588 3465 2640 3519 in
2678 3466 3018 3533 postmodum
3042 3481 3071 3521 a
3104 3466 3273 3522 Deum
3306 3468 3501 3524 timen-

1909 3554 2048 3610 tibus
2073 3555 2397 3625 bominibns,
2426 3558 2506 3613 vel
2552 3572 2581 3611 a
2629 3559 2785 3611 nubis
2830 3557 3025 3613 ibidem
3066 3557 3226 3613 fuerit
3259 3560 3500 3615 additum

1909 3647 1991 3702 vel
2014 3648 2398 3713 condonatum,
2424 3663 2517 3703 seu
2542 3647 2847 3719 quicunque
2867 3650 3006 3717 fuste
3035 3656 3089 3704 et
3113 3649 3503 3705 rationabilster

1904 3757 2028 3795 cum
2058 3756 2151 3797 sua
2199 3742 2345 3797 omni
2386 3741 2682 3797 substantia
2715 3756 2773 3798 se
2815 3741 3118 3810 tradiderit,
3162 3752 3215 3797 et
3259 3759 3347 3799 res
3377 3760 3503 3800 suas

1907 3848 2001 3901 per
2025 3833 2257 3903 legitima
2289 3832 2644 3889 instrumenta
2675 3834 3136 3905 delegaveripvel
3183 3838 3497 3903 tirntaverit,

1902 3925 2005 3981 sub
2030 3925 2231 3995 integra
2260 3928 2553 3983 emunitate
2580 3942 2609 3980 a
2649 3928 2736 3982 die
2769 3928 3019 3995 prsesenti
3057 3932 3231 3984 valeat
3261 3930 3501 3985 residcrn

1905 4028 2119 4090 quietus
2162 4029 2324 4090 atque
2374 4036 2618 4089 securus,
2652 4029 2727 4087 et,
2762 4032 2816 4075 ut
2845 4022 3046 4076 dictum
3094 4030 3197 4087 est,
3244 4022 3498 4093 quicquid

1902 4114 2105 4167 exinde
2152 4111 2376 4169 forsitan
2424 4112 2583 4168 fiscus
2637 4120 2823 4169 noster
2865 4130 3086 4183 sperare
3137 4124 3407 4185 potuerat,
3447 4120 3498 4173 in

1905 4196 2276 4272 luminaribus,
2320 4205 2403 4261 vel
2443 4204 2744 4274 stipendiis,
2776 4221 2871 4261 seu
2913 4207 2963 4259 in
2997 4206 3253 4261 alimonia
3290 4223 3495 4278 paupe-

1905 4312 2022 4353 rum
2060 4298 2227 4368 ipsius
2258 4300 2594 4362 mnnastcrii,
2631 4300 2945 4365 perenniter
2977 4314 3072 4368 per
3095 4310 3335 4355 nostrum
3367 4316 3500 4355 ora-

1903 4393 2083 4447 culum
2124 4394 2191 4447 ad
2224 4392 2491 4462 integrum
2528 4392 2579 4445 in
2626 4391 2876 4446 onmibus
2921 4403 2971 4446 et
3019 4408 3083 4446 ex
3128 4392 3378 4450 omnibus
3431 4397 3502 4449 sit

1905 4500 2224 4540 concessum
2252 4484 2711 4554 atqueindullmn,
2740 4493 2797 4539 ut
2818 4498 2912 4538 eos
2937 4485 3125 4540 melius
3149 4486 3377 4543 deleCtet
3400 4503 3499 4558 pro

1906 4576 2195 4639 stabilitate
2226 4579 2373 4647 regni
2407 4578 2574 4632 nostri
2606 4588 2657 4631 ut
2683 4577 2885 4646 quiete,
2924 4578 3004 4633 vel
3034 4592 3128 4646 pro
3148 4579 3357 4633 cunctis
3385 4580 3498 4635 leu-

1907 4669 1993 4724 dis
2037 4669 2237 4723 nostris
2286 4669 2499 4723 llomiui
2531 4670 2959 4724 misericordiam
3009 4670 3266 4731 attentius
3310 4672 3503 4742 depre-

1906 4762 2039 4816 cari.
2075 4761 2139 4814 Et
2166 4772 2223 4815 ut
2271 4761 2385 4816 lucc
2414 4762 2707 4816 auctoritas
2750 4762 2948 4816 nosuis
2978 4772 3032 4817 et
3070 4761 3263 4816 futuris
3290 4772 3494 4834 temp».

1907 4855 2055 4909 riLus
2090 4855 2232 4908 circa
2263 4855 2435 4922 ipsum
2467 4862 2715 4908 sanctum
2747 4853 2919 4908 locum
2967 4853 3309 4925 perbenniter
3346 4853 3498 4908 firma

1908 4956 1963 4998 et
1996 4946 2247 4999 inviolata
2280 4955 2612 5015 permaneat,
2648 4945 2729 4999 vel
2776 4960 2872 5013 per
2919 4956 3160 5015 tempora
3207 4948 3370 5001 illacsa
3400 4962 3498 5001 cu-

1906 5041 2170 5094 studiatur
2199 5051 2359 5110 atque
2388 5051 2761 5103 conservetur,
2794 5050 2849 5097 et
2895 5042 2966 5096 ab
3013 5042 3263 5099 omnibus
3302 5043 3503 5111 judici-

1907 5131 2007 5186 bus
2058 5133 2249 5188 melius
2292 5132 2567 5201 credatur,
2624 5134 2855 5203 propriae
2906 5148 3097 5188 manus
3151 5134 3500 5205 adnotatione

1903 5225 2209 5281 studuimus
2260 5226 2599 5281 adumbrare.

2049 5318 2267 5388 Signum
2302 5320 2478 5375 Karol.
2511 5319 2884 5390 gloriosissimi
2910 5322 3055 5392 regis

2053 5427 2366 5501 Wigbaldus
2398 5432 2463 5485 ad
2498 5432 2668 5487 vicem
2700 5429 2889 5487 lliterii
2925 5433 3259 5504 recognovit.

1979 5533 2003 5559 ⁸
2037 5525 2167 5579 Data
2200 5526 2367 5596 pridie
2399 5526 2519 5589 ldus
2548 5525 2789 5592 Martias,
2824 5543 2965 5582 anno
2993 5529 3223 5597 septimo
3244 5538 3298 5584 et
3330 5530 3505 5599 primo

1910 5619 2057 5688 regni
2091 5622 2281 5674 nostri.
2314 5620 2505 5675 Actum
2537 5618 2811 5677 Carisiaco
2840 5620 3041 5692 palatio
3066 5620 3123 5677 in
3158 5620 3250 5676 Dei
3283 5620 3503 5675 nomine

1912 5709 2159 5766 feliciter.
2193 5715 2390 5767 Amen.

293 5811 517 5872 ‘Simile
571 5828 899 5887 prmceptum
946 5818 1128 5874 datum
1178 5827 1263 5876 est
1306 5821 1359 5874 in
1409 5837 1580 5876 mense
1621 5822 1804 5877 Octub.
1846 5840 1985 5879 anno
2009 5826 2278 5882 undecimo
2305 5837 2351 5882 et
2379 5830 2558 5897 quinto
2590 5830 2753 5901 regni,
2789 5830 2839 5885 id
2867 5838 2950 5887 est
2977 5845 3119 5889 anno
3147 5829 3274 5889 778.
