3856 6220
117 317 227 375 965

845 420 1010 477 XXV.

115 528 299 581 (ῥαίοξὶ
355 523 533 593 Magni
583 500 1715 593 plucitunhﬂnoadversusﬂvrcltmtrndunt

188 574 471 651 ἀιὶὲοέέυῖ
502 574 829 659 episcopum;
863 574 1206 659 Parisiensem
1261 574 1546 659 Placieiuin
1602 586 1720 659 lno-

200 641 491 722 ῖᾶέῖέιῖὶιῖηι
514 641 745 729 inpage
796 656 1122 729 Pincincenu
1160 647 1466 703 monasterio
1498 644 1557 699 S.
1595 641 1722 695 Dio-

193 741 338 810 nysii
359 726 629 790 ascribitur
660 726 819 801 (anno
848 726 999 794 775).

188 852 427 907 Carolus
469 845 637 918 gratia
684 842 776 897 Dei
820 854 917 894 res
961 837 1291 891 Francorum
1323 840 1373 885 et
1416 827 1729 898 Langobar-

122 949 349 1010 dorum,
404 917 491 997 vir
535 939 783 995 inluster.
837 931 985 987 Tunc
1039 926 1236 997 regalis
1298 922 1562 979 celsitudo
1616 917 1729 972 suis

122 1038 384 1095 culminis
411 1032 759 1096 sublimatnr,
797 1024 1015 1096 quando
1039 1029 1355 1077 cunctorum
1381 1015 1556 1086 jurgia
1581 1012 1729 1081 juxta
1814 1032 1824 1042 ε

126 1127 532 1202 pra-positionis
580 1125 661 1178 vel
714 1117 1083 1189 responsionis
1126 1112 1337 1179 eloquia
1390 1109 1531 1161 inter
1563 1104 1728 1159 alter-

126 1195 313 1281 utrum
339 1219 553 1277 salubre
574 1216 838 1272 deliberat
865 1208 1138 1267 sentencia
1163 1223 1177 1261 :
1204 1214 1466 1275 quatenus
1492 1197 1595 1253 sub
1622 1195 1734 1251 Deo

131 1323 182 1373 in
210 1331 347 1386 rege
390 1320 569 1373 manet
615 1315 856 1379 potestas
906 1299 1179 1373 quomodo
1222 1302 1417 1352 cuncta
1472 1289 1739 1347 tetribilia

130 1411 373 1465 debeant
411 1405 697 1461 ordenare.
732 1393 941 1472 [Igitur]
985 1408 1106 1450 cum
1152 1394 1258 1446 nos
1286 1391 1339 1443 in
1372 1386 1467 1442 Dei
1499 1396 1735 1439 nomene

134 1500 301 1557 Dnria
333 1498 456 1552 villa
495 1496 548 1550 in
583 1492 797 1548 Pnlacio
825 1496 1011 1544 nostro
1039 1487 1104 1538 ad
1138 1484 1513 1538 universorum
1545 1492 1737 1533 causas

133 1589 496 1650 audiendum,
541 1584 624 1642 vel
670 1592 816 1639 recta
854 1578 1055 1651 judicia
1087 1574 1495 1633 termenandum
1524 1571 1739 1627 resede-

137 1688 335 1749 rimus,
379 1682 561 1752 ibique
600 1677 825 1733 veniens
868 1672 1197 1743 apostolicus
1245 1669 1297 1724 in
1336 1665 1553 1723 Christo
1582 1665 1740 1719 Pater

370 282 373 285 Ι
441 310 672 371 εοιιει
713 300 1237 373 ῡιιτιοιιλτιιῖυε,
1282 328 1351 342 --
1394 286 1808 349 i’RlV-IIJ'ZGiA.
1847 313 1909 325 -—
1942 282 1981 337 l.
2030 280 2275 337 PRIVIL.
2325 277 2457 335 PER
2499 274 2773 334 GALLirE
2816 270 3108 332 PARTES.

3306 265 3412 327 9‘6

1746 401 1796 463 Α
1827 396 2094 453 llarnaldn
2120 395 2451 468 presbytero,
2478 396 2571 449 visi
2590 394 2801 450 fuerunt
2820 394 3068 448 stetisse:
3094 400 3147 445 et
3170 404 3233 444 ca
3258 389 3414 453 hora;

1825 501 2139 561 protegente
2184 490 2367 543 divina
2417 488 2645 544 dextera
2698 486 2835 552 Dei,
2892 485 3033 540 Deus
3076 483 3415 551 omnipotens

1825 598 1980 638 suum
2033 583 2235 652 justum
2280 581 2538 651 judicium
2589 581 2905 645 declaravit,
2937 587 2993 633 ut
3028 579 3188 631 homo
3218 590 3417 631 memo-

1817 672 1944 729 ‘rato
1988 673 2370 729 llerchenrado
2417 672 2713 742 episcopo,
2760 670 2981 743 nomine
3028 668 3307 735 Corellus,
3360 667 3425 719 ad

1828 766 1945 834 ipso
1977 764 2069 820 Dei
2097 764 2355 835 judicium
2403 764 2469 820 ad
2515 764 2628 835 ipsa
2657 777 2876 818 crucem
2909 758 3189 831 trephidus
3212 768 3267 813 et
3290 773 3424 814 con-

1830 862 2002 915 victus
2036 860 2244 930 aparuit
2273 877 2287 912 :
2319 868 2376 915 et
2408 869 2535 914 tunc
2586 858 2701 928 ipse
2753 854 3169 911 llercbenradus
3218 849 3429 921 episco-

1834 967 1933 1022 pus
1980 952 2034 1007 in
2085 942 2373 1023 praesentia
2424 959 2606 1005 nostra
2656 950 2739 1007 vel
2790 962 3073 1020 [noueram
3118 955 3423 1023 nostrorum

1833 1016 1936 1100 sibi
1992 1016 2309 1114 recognovit
2361 1044 2442 1098 vel
2496 1016 2805 1105 resededit,‘
2834 1039 2978 1110 quod
3020 1054 3120 1096 nec
3150 1038 3289 1109 ipse,
3332 1016 3431 1093 nec

1840 1154 1961 1209 pars
1990 1139 2137 1193 eet-le
2170 1138 2234 1193 ia:
2258 1152 2371 1192 sua:
2396 1149 2596 1192 sanctae
2625 1134 2829 1200 Mariae,
2864 1137 2945 1190 vel
2973 1133 3143 1190 sancti
3173 1134 3434 1203 Stephani

1835 1249 1930 1290 seu
1946 1231 2116 1291 sancti
2129 1232 2381 1289 Germani
2400 1230 2610 1287 n‘ullnm
2625 1230 2851 1287 drictum
2872 1228 3164 1297 habebant,
3182 1242 3279 1298 per
3290 1227 3434 1298 Quod

1839 1326 1959 1397 ipso
2010 1325 2245 1383 Plaeicio
2296 1322 2667 1396 monasthyrio
2710 1321 2916 1378 habere
2955 1320 3277 1391 potuissent.
3309 1318 3440 1375 Pro-

1840 1414 1964 1475 inde
1993 1431 2091 1474 nos
2122 1417 2299 1473 taliter
2330 1432 2431 1471 una
2469 1429 2593 1471 cum
2645 1415 2893 1471 ﬁdelibus
2943 1413 3177 1481 nostris,
3227 1412 3281 1469 id
3312 1420 3442 1469 sunt

1839 1511 2171 1579 Ghazrardo,
2217 1510 2525 1578 Bernardo,
2574 1507 2831 1578 Radull’o,
2882 1507 3194 1575 iiilderado,
3246 1506 3445 1563 Erme-

1842 1606 2021 1674 naido,
2069 1606 2365 1671 llebroinn,
2412 1602 2785 1671 Theudoaldo,
2818 1604 3083 1675 Agnone,
3115 1600 3445 1666 comitibus;

1847 1700 2151 1765 llaltbertn,
2176 1684 2524 1765 Laumberto,
2541 1695 2858 1764 ilcrterieo,
2880 1704 2945 1763 et
2970 1694 3229 1751 Anselmo
3250 1692 3451 1750 comite

138 1773 566 1834 llercltenradus
595 1769 883 1853 episcopus
908 1765 1059 1821 urbis
1089 1761 1321 1818 Parisios
1348 1759 1569 1814 civitate
1597 1770 1742 1827 pon-

1869 1794 2057 1849 >alacio
2098 1759 2309 1859 nostro,
2341 1791 2425 1846 vel
2457 1759 2683 1861 reliquis
2725 1759 3063 1863 quampluris
3102 1786 3204 1845 visi
3254 1786 3452 1842 fuimus

142 1872 269 1927 tiles
316 1866 548 1923 Folrado
590 1865 785 1918 abbate
829 1850 1250 1928 interpellabat;
1296 1850 1565 1921 repetibat
1603 1852 1654 1906 ei
1682 1863 1749 1905 eo

141 1965 287 2034 quod
323 1961 425 2032 ipsi
460 1956 697 2015 Placicio
721 1949 1098 2016 mouaslbirio,
1142 1949 1232 2019 qui
1278 1957 1364 2001 est
1406 1950 1750 2000 constructus

145 2059 197 2112 in
227 2058 440 2110 honore
483 2058 687 2108 sancta:
727 2045 942 2115 ,Iiarize,
991 2053 1049 2099 et
1100 2040 1273 2097 sancti
1324 2036 1489 2102 Pt-lri,
1534 2035 1589 2089 in
1618 2045 1752 2101 pago

155 2147 528 2207 Pineiacenae,
558 2155 718 2213 quem
754 2137 992 2194 Francus
1022 2134 1184 2189 homo
1209 2130 1428 2187 nomine
1453 2126 1753 2182 Adet-aldus

156 2242 222 2297 ad
251 2254 381 2295 casa
402 2235 580 2292 sancti
610 2234 815 2298 Maria’,
868 2242 924 2287 et
972 2227 1143 2285 sancti
1182 2222 1439 2295 Stephani
1484 2230 1541 2274 et
1581 2217 1753 2273 sancti

152 2330 539 2401 Germaniper
592 2340 753 2382 suum
803 2332 1167 2379 stramentum
1208 2312 1579 2378 condonavit,
1638 2313 1754 2381 ipse

155 2428 423 2485 Folradus
447 2423 586 2479 abba
610 2422 677 2478 ad
705 2423 858 2492 parte
882 2419 1051 2474 sancti
1086 2412 1323 2485 Dionysii
1352 2418 1476 2482 post
1506 2423 1564 2463 se
1590 2406 1756 2462 leniat

156 2520 301 2574 man
318 2516 512 2572 ordine
541 2514 740 2585 injuste
764 2529 776 2564 :
805 2510 900 2565 sed
928 2508 1045 2580 ipse
1074 2504 1337 2561 Folradns
1362 2502 1499 2556 abba
1522 2500 1593 2555 de
1620 2512 1754 2568 pra-

159 2618 315 2666 sente
338 2606 607 2671 adstabat,
654 2614 712 2659 et
751 2601 933 2657 taliter
972 2599 1119 2655 dedit
1172 2596 1227 2651 in
1278 2592 1581 2663 responsis,
1608 2587 1755 2661 quod

160 2704 277 2773 ipso
331 2699 567 2755 Placicio
614 2693 973 2750 innnasthirio
1017 2702 1135 2759 post
1185 2704 1247 2744 se
1282 2686 1349 2741 ad
1391 2694 1541 2755 parte
1580 2680 1756 2739 sancti

164 2793 385 2849 Dionisii
402 2805 694 2859 numquam
720 2787 951 2843 reteniat
973 2786 1115 2839 malo
1134 2779 1324 2837 ordine
1354 2779 1551 2849 injuste
1573 2790 1671 2847 pro
1692 2788 1760 2830 eo

161 2886 303 2956 quod
353 2884 494 2939 dixit
538 2881 776 2938 Francus
824 2874 1011 2945 homo,
1065 2876 1285 2930 nomine
1310 2870 1613 2943 Hagadeus,
1643 2868 1763 2938 ipso

89 2958 93 2962 ’
166 2978 525 3035 mona-tbirio
572 2975 804 3032 Placicin
832 2973 896 3027 ad
930 2968 1286 3026 monasthirio
1327 2965 1497 3022 sancti
1530 2963 1759 3019 Dionisii

116 3064 119 3067 ’
166 3086 358 3127 manus
406 3068 758 3139 potestativas
796 3079 891 3135 per
935 3078 1089 3131 suum
1136 3068 1495 3116 strumentnm
1556 3052 1761 3112 condo-

168 3175 349 3222 nasset
370 3184 385 3230 ;
408 3129 474 3219 ἐι
500 3176 598 3236 per
625 3164 737 3233 ipsa
781 3129 1069 3216 traditione
1094 3159 1211 3227 plus
1235 3155 1465 3225 obtingit
1487 3154 1617 3222 ipsa
1649 3166 1763 3204 mu-
1787 3129 1838 3197 ο

168 3257 457 3313 nasthirms
481 3254 745 3311 Placicius
770 3253 836 3307 ad
860 3266 985 3307 casn
1008 3250 1182 3305 sancti
1214 3247 1437 3304 Dionisii
1467 3245 1764 3311 adhaerere,

169 3354 325 3419 quam
365 3344 537 3418 ipsius
569 3345 959 3402 llerchenrado
997 3342 1351 3411 episcopum}
1382 3348 1533 3409 parte
1560 3349 1772 3393 saneta

146 3432 345 3496 ~Maria
374 3448 431 3496 et
462 3440 633 3495 sancti
681 3437 938 3508 Stephani
972 3445 1028 3509 et
1056 3434 1228 3490 sancti
1271 3431 1525 3488 Germani
1571 3428 1769 3487 adred~

174 3535 319 3589 dere.
356 3533 509 3588 Unde
551 3538 606 3586 et
647 3531 760 3601 ipsa
800 3537 1134 3585 estrumenta
1166 3542 1277 3597 prae
1306 3524 1551 3579 manibus
1582 3529 1641 3578 se
1669 3522 1766 3577 ha-

175 3627 285 3683 bire
321 3626 630 3691 adﬁrmant,
658 3635 712 3679 et
739 3626 883 3693 ipsas
911 3623 965 3678 in
997 3622 1289 3690 prasencia
1322 3630 1502 3675 nostra
1525 3617 1770 3690 protule-

177 3729 298 3774 runt
318 3716 679 3774 recensendas
722 3716 883 3771 etiam
912 3724 970 3770 et
999 3716 1066 3770 de
1097 3714 1197 3769 hac
1225 3726 1387 3768 cansa
1416 3713 1483 3768 ab
1513 3723 1772 3782 utrasque

180 3821 353 3880 partes
382 3810 455 3867 ibi
483 3820 631 3868 certa
656 3810 1032 3881 cognovimus,
1058 3808 1061 3811 ’
1084 3817 1139 3863 et
1178 3804 1245 3859 ad
1293 3803 1473 3861 divina
1518 3802 1772 3875 mysteria

179 3905 371 3962 Christi
420 3904 789 3961 misericordia
837 3902 1187 3972 conspirante
1230 3900 1393 3969 (sicut
1436 3899 1591 3968 lon‘ga
1636 3912 1771 3953 con-

181 3998 403 4053 suetudo
450 3996 700 4065 exposcit
726 4005 782 4050 et
828 3995 943 4064 ipse
973 3990 1331 4060 voluniptarie
1358 3989 1773 4059 consenserunt)

180 4091 422 4161 jubentus
465 4101 723 4143 emanare
758 4084 1046 4158 judicium,
1096 4095 1155 4139 ut
1182 4083 1309 4138 dum
1342 4096 1439 4152 per
1465 4082 1597 4152 ip~is
1626 4093 1771 4137 stru-

187 4186 371 4240 nteutis
402 4187 471 4264 de
500 4192 756 4253 utrasque
785 4181 953 4251 partis
981 4188 1254 4251 certamen
1292 4178 1770 4247 nnn'declaratur,

187 4288 241 4333 ut
262 4274 411 4335 recto
439 4274 695 4332 thramite
722 4268 786 4331 ad
812 4274 925 4331 Dei
952 4272 1211 4350 judicium
1244 4272 1315 4328 ad
1338 4286 1554 4329 erucem
1583 4286 1772 4329 eorum

190 4370 464 4438 huncnes,
496 4370 581 4426 bis
608 4370 921 4426 nominibus
965 4368 1274 4424 Aderamno
1312 4368 1380 4421 de
1425 4374 1576 4437 parte
1603 4367 1773 4421 sancti

192 4462 401 4518 Dionisii
454 4463 539 4517 vel
594 4461 828 4517 Fnlrado
872 4460 1087 4524 abbate,
1138 4468 1191 4515 et
1241 4458 1459 4515 Corello
1506 4459 1577 4513 de
1625 4468 1776 4527 parte

1806 4510 1859 4573 D

1850 1888 2138 1960 indicasse,
2180 1896 2238 1941 ut
2265 1886 2393 1942 dum
2425 1884 2542 1957 ipse
2573 1888 2908 1942 memoratus
2934 1882 3097 1939 homo
3126 1881 3295 1939 sancti
3326 1879 3451 1937 Dio-

1854 1983 1976 2039 nisii
2009 1981 2091 2039 vel
2124 1979 2355 2037 Folrado
2384 1976 2604 2045 abbate,
2644 1975 2868 2035 nomine
2918 1975 3305 2044 Adelramnus,
3340 1973 3451 2044 jam

1855 2074 2001 2131 tlieto
2041 2072 2262 2129 humine
2302 2070 2474 2129 sancti
2523 2070 2727 2138 Maria,
2756 2069 2841 2125 vel
2869 2069 3042 2126 sancti
3069 2067 3331 2139 Stephani
3360 2083 3457 2123 sco

1856 2166 2026 2239 sancti
2046 2163 2329 2231 Germani,
2350 2177 2558 2220 necnon
2582 2159 3037 2219 etllerchenrado
3058 2159 3336 2229 episcnpo,
3361 2174 3458 2213 no-

1859 2260 2005 2319 mine
2026 2248 2265 2326 Corello,
2293 2252 2360 2313 ad
2393 2256 2512 2323 ipso
2541 2253 2635 2311 Dei
2680 2252 2889 2326 judicio
2912 2255 2978 2309 ad
3001 2268 3222 2309 crnrem
3255 2250 3456 2307 ibidem

1857 2348 2125 2407 convlcuit
2145 2367 2160 2415 ;
2182 2357 2245 2405 et
2275 2349 2387 2423 ipse
2410 2346 2656 2403 Corcllus
2687 2345 2885 2401 ibidem
2908 2344 2973 2400 ad
3004 2351 3120 2416 ipso
3140 2344 3233 2401 Dei
3250 2344 3458 2415 jnd:cin

1860 2440 2476 2512 trepidus‘etcbnvictus
2510 2440 2718 2508 aparuit
2748 2457 2760 2493 :
2787 2448 3071 2509 propterea
3108 2438 3381 2507 jubemus,
3408 2448 3499 2490 ut-

1858 2536 1984 2592 dum
2002 2533 2276 2603 baccausa
2292 2533 2370 2591 sic
2391 2538 2516 2589 acta
2526 2531 2610 2589 vel
2631 2540 2932 2603 perpetrata
2949 2544 3069 2599 esse
3090 2530 3463 2601 cognovimus,

1860 2637 1919 2683 ut
1940 2637 2269 2684 memoratus
2302 2626 2564 2683 Fulradus
2586 2624 2724 2681 abba
2754 2632 3056 2703 memorato
3088 2622 3321 2679 Plaeicio
3348 2637 3467 2677 mo-

1863 2720 2138 2793 nasthyi-io
2185 2736 2290 2777 una
2337 2735 2461 2777 cum
2514 2721 2628 2776 suis
2684 2717 3023 2789 apendiciis,
3077 2718 3160 2772 vel
3210 2716 3465 2787 quicquid

1864 2816 2062 2871 ibidem
2118 2823 2409 2885 pertenere
2472 2813 2717 2879 videtur;
2748 2798 2751 2801 ’
2782 2814 2835 2869 ἰη
2887 2823 3076 2868 contra
3124 2826 3269 2883 Omtte
3322 2809 3468 2867 dit-to
3508 2818 3515 2823 ’

1868 2908 2251 2966 Ilercbenrado
2299 2909 2577 2980 episcopo,
2607 2908 2691 2964 vel
2719 2907 2965 2964 ecclesie
3004 2923 3117 2964 sua:
3156 2908 3330 2964 sancti
3362 2906 3471 2961 lla-

1865 3000 2014 3072 riae,!
2034 3000 2116 3057 vel
2167 2998 2341 3057 sancti
2386 2998 2645 3071 Stephani
2679 3009 2734 3056 ct
2762 3000 2933 3056 sancti
2967 2998 3224 3055 Germani
3252 3002 3473 3070 suisque

1866 3087 2276 3150 successoribus
2305 3093 2372 3149 ad
2406 3104 2560 3165 parte
2608 3093 2779 3150 sancti
2832 3092 3055 3151 Dinnisii
3088 3092 3472 3164 ntuttasthyrite

1870 3204 1993 3245 sure
2027 3187 2153 3259 jure
2207 3184 2593 3265 ﬁrmissemum
2652 3182 2841 3243 habiat
2876 3186 3251 3265 evindicatnm
3298 3188 3475 3255 adque

1868 3279 2173 3354 elidiatum,
2206 3261 2276 3337 et.
2308 3277 2380 3336 sit
2406 3280 2547 3337 inter
2593 3279 2825 3351 ipsisin
2875 3261 3220 3350 postmodum
3270 3279 3475 3351 absque

1872 3375 1979 3432 ulla
2026 3374 2359 3446 repeticioue
2412 3370 2798 3430 llercltenrado
2852 3373 3112 3445 episcopo
3153 3373 3238 3429 vel
3265 3386 3478 3429 succes-
3534 3386 3541 3393 '

1870 3467 2084 3523 scribus
2110 3467 2224 3522 suis
2250 3482 2521 3538 omneque
2552 3452 2797 3537 tempore
2823 3465 3000 3522 subita
3018 3464 3202 3537 'adqnc
3230 3466 3473 3533 definita.

1871 3574 1967 3615 seu
1997 3568 2053 3616 et
2077 3554 2281 3615 indulta
2311 3558 2552 3613 causatio
2580 3566 2627 3614 ⁸.

1946 3653 2353 3726 Theudegarius
2382 3652 2698 3723 recognovit
2725 3660 2781 3708 et
2805 3652 3125 3722 subscripsit

1947 3744 2139 3800 Datum
2170 3744 2359 3816 quinto
2383 3743 2654 3800 Kalendas
2687 3745 2955 3815 Augustas
2986 3743 3039 3799 in
3071 3759 3215 3798 anno
3245 3745 3478 3814 septimo

1874 3841 2027 3913 regni
2080 3838 2251 3896 nostri
2294 3838 2458 3895 Duria
2499 3838 2629 3894 villa
2662 3838 2717 3894 in
2759 3836 2973 3893 Palacio
3014 3836 3228 3907 publico
3279 3839 3333 3891 in
3383 3837 3475 3895 Dei

1876 3936 2096 3992 nomine
2124 3932 2372 3992 feliciter.
2404 3934 2599 3990 Amen.
2644 3992 2649 3995 _

2547 4024 2738 4081 XXVI.

1877 4120 2204 4190 Prwceptam
2252 4119 2429 4177 Caroli
2460 4118 2641 4192 Magni
2685 4120 2931 4192 quadam
2984 4119 3185 4192 prndio
3230 4120 3479 4175 donantis

2160 4192 2469 4247 monasterio
2494 4192 2555 4248 S.
2592 4190 2830 4263 Dionysii
2856 4192 3017 4262 (anno
3042 4191 3195 4259 πει).

1960 4343 1966 4349 ,
2069 4299 2078 4308 ·
2188 4283 2283 4347 (Ex
2310 4283 2371 4335 D.
2392 4284 2639 4346 Bouqnet,
2667 4281 2865 4336 Reate“
2899 4282 2985 4334 dea
3006 4281 3164 4347 Hist.)

1946 4367 2176 4437 Carolus
2196 4367 2370 4439 gratia
2394 4366 2488 4422 Dei
2526 4382 2619 4423 rex
2653 4363 2993 4422 Francorum
3008 4375 3062 4423 et
3086 4367 3478 4440 Langobardo-

1876 4478 2023 4527 rum.
2061 4477 2161 4520 nec
2191 4477 2297 4517 non
2326 4462 2585 4533 patricius
2611 4459 2997 4516 Romanorum.
3031 4459 3297 4531 Quicquid
3333 4461 3478 4518 enim

191 4564 380 4609 saneta:
411 4552 588 4609 Maria:
632 4551 717 4608 vel
757 4553 930 4609 sancti
956 4551 1214 4621 Stephani
1243 4561 1297 4607 et
1322 4554 1494 4605 sancti
1521 4550 1778 4606 Germani
1806 4550 1857 4573 "
1882 4556 1948 4611 ad
1974 4558 2088 4611 loca
2110 4562 2417 4631 sanctorum
2436 4550 2822 4609 venerabilinm
2855 4552 2928 4610 ob
2954 4568 3195 4609 amorem
3226 4554 3318 4612 Dei
3349 4569 3479 4611 cnn-

192 4648 265 4701 vel
309 4647 691 4705 llercbenradn
739 4647 1015 4716 episcopo,
1054 4646 1206 4701 exire
1233 4645 1410 4716 adque
1434 4656 1578 4700 stare
1610 4646 1781 4702 debe—
1843 4646 1852 4654 ’

194 4741 311 4796 rint.
335 4742 486 4809 Quod
515 4741 585 4796 ita
616 4751 672 4798 et
701 4741 754 4795 in
784 4740 990 4808 capella
1020 4748 1224 4805 nostra,
1253 4739 1582 4794 recensettda
1616 4738 1777 4793 missa

318 4879 584 4935 Eximium
616 4889 697 4934 est
726 4878 834 4933 hoc
863 4878 1138 4947 placitum,
1188 4878 1491 4945 prresertim
1525 4879 1593 4932 ob
1625 4894 1775 4933 men-

198 4951 381 5006 tionem
405 4953 477 5006 de
502 4951 814 5018 probatione
840 4951 1036 5005 crucis.
1067 4948 1171 5006 Res
1192 4950 1272 5004 sic
1296 4949 1573 5018 agebatur.
1604 4949 1778 5005 Missa:

200 5032 453 5095 tempore,
497 5023 613 5095 sive
662 5023 795 5095 dum
840 5020 1039 5095 Psalmi
1068 5020 1658 5095 oratioqueDominica
1692 5036 1779 5077 re-

200 5094 507 5156 citarentur,
560 5091 808 5147 homines
859 5092 964 5147 duo
1016 5089 1264 5147 cntidncti
1313 5092 1379 5146 ad
1420 5089 1633 5147 crucem
1667 5103 1777 5147 sta-

204 5158 318 5219 bant
367 5162 603 5219 brachiis
644 5163 927 5228 expansis.
982 5163 1082 5228 Qui
1130 5162 1291 5232 prior.
1333 5163 1503 5219 lassus
1562 5162 1776 5219 brachia

202 5235 549 5301 deposuisset,
576 5244 667 5288 ant
700 5235 981 5305 titubantia
1014 5235 1308 5298 habuisset,
1339 5234 1457 5303 ejus
1485 5250 1611 5305 pars
1640 5238 1775 5290 victa

202 5306 529 5385 censebatur.
577 5304 1073 5385 Egregiumuejusce
1089 5308 1236 5385 “ritus
1260 5304 1571 5385 esetnplum
1601 5317 1779 5362 exstat

204 5375 249 5429 in
280 5376 441 5431 italia:
465 5392 633 5431 sacra:
672 5387 817 5430 tonio
851 5376 912 5441 V,
948 5377 1054 5432 col.
1085 5375 1144 5428 Gl
1166 5378 1211 5430 l.
1244 5376 1359 5433 Alia
1394 5378 1521 5432 item
1550 5380 1778 5433 cnnsnle

206 5445 250 5525 in
292 5447 568 5525 Glossario
612 5448 881 5525 cangiann
930 5449 993 5501 ad
1045 5464 1230 5502 vorem
1282 5448 1480 5503 Crucis.
1535 5448 1771 5504 Observa

208 5519 411 5595 insuper
451 5519 813 5595 esitocloco,
866 5530 1105 5595 tenuere
1126 5520 1324 5595 _Caroli
1372 5520 1544 5587 Magni
1588 5521 1773 5574 Eccle-

206 5589 325 5659 sian
374 5589 698 5644 Parisiacam
757 5601 950 5657 praéter
1004 5592 1063 5648 ὃ.
1124 5589 1454 5657 Stephanum
1517 5603 1773 5659 patronus

207 5654 451 5729 habuisse
485 5659 546 5715 S.
598 5654 815 5713 Mariam
866 5670 918 5716 et
962 5661 1020 5716 S.
1055 5654 1408 5729 Germanum,
1441 5654 1580 5717 haud
1611 5664 1773 5718 dubie

209 5723 518 5784 Parisiorum
567 5732 893 5795 antistitem,
955 5734 1041 5799 qui
1089 5742 1211 5799 post
1253 5723 1554 5788 solemnem
1608 5735 1776 5800 ipsius

210 5800 436 5872 corporis
464 5816 497 5858 e
526 5802 731 5857 tumulo
772 5805 1172 5859 translationem
1204 5803 1345 5859 inter
1375 5805 1489 5876 ejus
1519 5804 1773 5862 Ecclesia:

1882 4649 2123 4705 cedimus
2167 4648 2254 4704 vel
2284 4645 2692 4713 confirmamus,
2725 4646 2828 4701 hoc
2877 4643 3037 4702 nobis
3065 4646 3132 4700 ad
3167 4648 3478 4703 mercedem

1882 4742 1969 4798 vei
2005 4737 2355 4801 stabilitatem
2398 4734 2549 4811 regni
2584 4737 2755 4794 nostri
2806 4738 3082 4808 pertinere
3132 4716 3475 4796 conﬁdimus.

1884 4891 2141 4954 patronos
2190 4878 2437 4954 adiectus
2483 4876 2787 4954 ειμι-κω]
2838 4876 3113 4954 legitur-in
3140 4876 3327 4954 t-ltarta
3358 4882 3476 4933 δερ.

1884 4947 2045 5080 ἵξιθηὶ
2104 4950 2319 5018 comitis
2365 4950 2488 5033 pro
2519 4947 2751 5005 luebado
2803 4950 3085 5018 episcopo,
3134 4950 3479 5034 snlnﬁarntn

1940 5037 2078 5080 anno
2140 5021 2284 5080 apud
2344 5034 2519 5075 virum
2574 5020 2647 5077 cl.
2708 5016 3040 5080 Stephanum
3094 5018 3367 5076 Daluztnm
3425 5041 3478 5077 ιιι

1885 5038 2078 5106 M3800
2140 5038 2297 5103 3000.
2344 5038 2519 5103 τιτιιιη
2574 5038 2647 5077 ω.
2708 5038 3044 5145 Norbanum
3094 5038 3367 5093 ιςθιυζιιιηι
3425 5041 3478 5077 ill

1884 5109 2028 5150 notis
2053 5092 2118 5147 ad
2169 5090 2496 5161 Capitularia
2526 5091 2639 5146 col.
2692 5092 2795 5148 ἰοὺ
2840 5134 2851 5146 .
2903 5088 3214 5158 Plactclum,
3259 5090 3477 5161 Plaisir,

1883 5167 2034 5247 vicus
2071 5164 2357 5247 esthband”
2382 5162 2575 5247 procul.
2600 5164 2850 5247 assueti
2888 5163 3387 5247 Gegnaninnppidn
3427 5167 3482 5219 in

1883 5238 2021 5292 silva
2070 5237 2258 5309 Ledia.
2299 5234 2436 5291 Vide
2483 5235 2760 5309 Dubletum
2808 5251 2928 5309 pag.
2973 5236 3104 5309 713.
3148 5234 3357 5292 omissa
3400 5248 3486 5307 est

1829 5344 1838 5353 -
1884 5309 1973 5365 hic
2008 5323 2039 5362 a
2090 5307 2300 5362 notario
2331 5314 2456 5361 nota
2476 5307 2641 5379 regni
2672 5302 3089 5379 Langobardici,
3117 5309 3209 5377 qui
3238 5302 3479 5365 detentus

1882 5380 2169 5450 aliquando
2194 5418 2209 5441 ,
2248 5376 2487 5450 tametsi
2542 5379 2712 5433 rarius
2738 5420 2754 5445 ,
2795 5376 3073 5433 ‘occurrit.
3126 5376 3311 5449 Neque
3350 5381 3477 5434 illud

1882 5448 2287 5512 omittendum,
2352 5448 2492 5501 duos
2550 5451 2760 5503 admitti
2825 5462 3079 5517 oportere
3138 5448 3480 5506 ErCanrados

1882 5524 2165 5593 episcOpos
2229 5519 2609 5593 Parisienscs,
2670 5536 2777 5581 non
2834 5525 3099 5586 unicum,
3160 5532 3221 5577 ut
3272 5524 3324 5577 in
3390 5521 3479 5577 tu.

1889 5589 2019 5648 siori
2072 5592 2244 5650 Gallia
2295 5589 2599 5646 christiana
2641 5611 2657 5645 :
2699 5605 2893 5661 nempe
2948 5609 3112 5649 unum
3169 5593 3478 5662 seniorem,

1883 5674 2142 5734 regnante
2177 5662 2374 5719 Carolo
2400 5662 2608 5731 Magno,
2642 5664 2747 5718 hoc
2783 5664 2836 5718 in
2876 5663 3168 5733 diplomate
3206 5678 3481 5720 memora-

1885 5746 2046 5864 tgn;
2109 5736 2334 5790 alterum
2386 5733 2660 5805 juniorem
2714 5735 2817 5791 sub
2874 5736 3072 5794 Carolo
3128 5734 3295 5791 Calvo
3355 5745 3481 5792 ante

1960 5823 2131 5863 neam.

1960 5823 2131 5863 ticam.
