3856 6220
253 90 353 145 947

1110 88 1179 143 'B.
1221 87 1472 142 CAROLI
1521 84 1733 140 MAGNI
1776 86 1926 142 Ul'l’.
1973 89 2146 143 PARS
2188 90 2226 157 Ι,
2270 90 2514 145 SECTIU
2556 90 2613 144 ll.

3424 99 3524 159 938

251 207 476 276 Ideoque
499 215 682 258 no‘um
715 205 783 258 sit
811 204 1051 258 omnium
1085 201 1323 256 ﬁdi-lium
1356 209 1835 270 no-trornmmtag-
1871 207 1914 264 Α
1948 202 2111 257 Deum
2131 205 2442 259 timentibus
2472 206 2779 260 hominibus
2825 207 3020 262 ibidem
3054 209 3356 278 delegatum
3407 214 3518 282 fuit,

255 297 503 362 nitudini,
538 298 776 367 qualiter
829 307 1050 366 propter
1081 311 1273 350 nomen
1311 293 1538 360 Domini,
1571 302 1624 348 et
1652 294 1842 347 animm

256 399 458 446 nostra:
487 391 739 457 salutem,
768 406 834 444 eo
873 390 1012 459 quod
1044 394 1241 443 mercis
1271 397 1451 442 nostra
1483 387 1554 446 in.
1583 368 1840 442 arti-rnnni

239 493 587 550 permaneat,
641 484 901 537 donamus
930 483 994 535 ad
1027 497 1153 536 casa
1211 483 1268 536 S.
1307 480 1542 560 Dionysii
1591 491 1642 535 et
1672 483 1840 535 sancti

256 576 476 639 Privati,
512 577 596 630 ubi
620 577 719 644 ipsi
755 573 977 646 pretiosi
1001 589 1238 647 corpore
1264 575 1625 643 requiescunt,
1653 571 1842 628 Eadal-

255 670 372 737 lago
403 681 453 723 et
478 668 673 725 Salona
733 667 785 722 in
843 683 978 738 pago
1027 667 1315 732 Salminse,
1355 657 1454 721 res
1503 664 1842 738 proprietatis

256 775 390 814 mem
431 761 482 813 in
537 755 844 828 Wastiugas
891 773 1024 830 quas
1082 757 1408 813 Adalbaldus
1448 755 1690 829 genitore
1721 767 1842 809 meo

257 851 492 914 tradidit,
523 859 888 921 quantumque
917 850 984 905 ad
1018 849 1138 920 ipso
1183 850 1302 904 loco
1329 848 1570 918 aspicere
1598 844 1842 910 videtur;

253 943 509 1013 similiter
560 943 685 998 illus
716 948 950 998 'mansns
980 956 1115 1013 quos
1164 940 1371 1008 genitor
1403 953 1584 994 noster
1615 937 1844 992 Fulrado

254 999 627 1099 beneﬁciavit;
663 1031 847 1087 lnlllici
874 1047 972 1088 ιιιιε
999 999 1188 1098 curtre,
1221 1041 1276 1086 et
1314 1031 1398 1085 illa
1428 1041 1570 1085 terra
1621 1039 1672 1084 et
1691 1027 1840 1100 sylva

259 1129 325 1180 de
358 1140 463 1180 uno
521 1139 710 1179 mansu
741 1125 1025 1179 Abdusito
1056 1144 1070 1189 -,
1131 1123 1382 1179 similiter
1409 1123 1515 1178 alio
1549 1136 1734 1176 mansn
1788 1120 1840 1173 iu

256 1220 553 1289 Ermerago
576 1219 728 1286 villa,
753 1228 807 1274 et
839 1218 930 1272 illo
963 1233 1152 1272 manso
1196 1217 1261 1273 ad
1314 1217 1608 1285 Alntingas,
1639 1227 1688 1270 et
1724 1214 1842 1269 i'los

255 1326 472 1367 mansos
497 1312 562 1365 ad
591 1311 883 1376 Carisiaco,
916 1322 1402 1382 quantumcumque
1431 1309 1494 1362 ad
1523 1309 1664 1376 ipsus
1694 1320 1838 1359 mau-

251 1420 341 1459 sos
365 1406 607 1474 aspicere
631 1403 862 1467 videtur,
892 1401 1252 1472 donatumque
1287 1400 1336 1454 in
1374 1387 1690 1470 perpetuum
1718 1411 1842 1451 esse

248 1498 393 1565 volo,
419 1497 469 1552 id
501 1506 722 1553 estcum
757 1495 938 1567 terris,
969 1481 1243 1560 aco'abns,
1275 1493 1543 1557 domibus,
1575 1489 1834 1552 mdiﬁciis,

1952 294 2154 364 integra
2207 296 2499 351 emnnitate
2546 300 2967 366 concessissent,
3047 301 3313 357 utnullus
3373 305 3519 373 judcs

1953 387 2198 454 puliliCus
2235 387 2286 443 in
2319 389 2459 443 villis
2493 392 2574 441 vi-l
2608 391 2767 444 rebus
2795 391 2961 457 ipsius
2996 393 3248 448 I'chlesite
3278 408 3406 462 sme,
3433 417 3523 454 ret:

1948 478 2014 528 ad
2038 491 2232 532 Causas
2271 480 2592 546 audiendas,
2638 496 2737 536 nec
2769 480 2914 537 {reda
2960 485 3244 555 exigenda,
3273 503 3368 542 nec
3386 505 3522 543 utan-

1947 568 2131 626 siones
2159 581 2250 625 ant
2280 585 2492 641 paratas
2522 573 2817 638 faciendas,
2851 577 3313 645 neclidejussnres
3341 581 3515 638 tollen-

1946 661 2093 725 dum.
2155 679 2254 719 nec
2307 667 2554 721 homines
2583 665 2751 733 ipsius
2808 666 3064 723 Ecclesia:
3113 671 3180 723 de
3218 671 3524 740 quibuslibet

1945 753 2125 808 causis
2139 754 2592 823 distringendum.
2625 773 2723 812 nec
2741 757 2904 812 ullam
2930 761 3337 815 retributionem
3362 764 3521 833 requi-

1949 847 2194 912 rendum,
2229 848 2428 903 ibidem
2489 851 2771 920 ingredere
2800 866 2906 906 non
2938 853 3156 908 audeat.
3186 853 3340 910 Untle
3366 854 3523 926 ipsam

1949 941 2364 1009 pneceptinnem
2420 943 2852 999 antecessoribus
2914 943 3365 1016 [:nnecessorum,
3403 949 3525 1024 etc.]

1950 1031 2150 1085 nostris
2203 1030 2314 1101 jam
2373 1033 2555 1096 dictis.
2609 1048 2703 1088 seu
2752 1047 3022 1090 eteorum
3072 1037 3524 1095 conﬁrmationem

1951 1136 2076 1179 ante
2113 1125 2287 1180 dictus
2319 1125 2456 1179 abba
2493 1127 2838 1184 Baldebertus
2878 1139 3057 1185 rector
3087 1131 3157 1186 de
3204 1133 3319 1200 ipso
3350 1149 3528 1190 mona-

1945 1216 2113 1270 sterio
2144 1219 2300 1272 nobis
2325 1219 2562 1272 ostendit
2582 1219 2649 1274 ad
2673 1221 3042 1290 relcgendum,
3075 1232 3131 1277 et
3165 1223 3338 1291 ipsum
3372 1225 3528 1282 bene-

1949 1307 2126 1362 ﬁcium
2157 1313 2300 1362 circa
2349 1311 2574 1364 eandem
2628 1323 2986 1366 nemoralam
3022 1312 3322 1368 Ecclesium
3377 1316 3530 1384 ip-ins

1949 1417 2114 1470 usque
2147 1417 2286 1456 nunc
2313 1404 2507 1459 asserit
2556 1418 2678 1458 esse
2703 1416 3105 1460 conservatum.
3167 1405 3275 1461 Sed
3309 1423 3405 1478 pro
3450 1410 3524 1462 lir-

1949 1496 2147 1549 mitatis
2196 1497 2376 1551 studio
2419 1497 2580 1566 petiit
2630 1498 3006 1554 celsitudinem
3052 1512 3294 1554 nostram
3331 1510 3391 1555 ut
3437 1501 3530 1557 hoc

250 1588 474 1657 mansis,
506 1587 807 1659 mancipiis,
867 1586 1093 1658 campis,
1143 1584 1332 1654 sylvis,
1369 1582 1553 1653 pratis,
1600 1582 1834 1654 pascuis,
1875 1584 1915 1641 Β
1945 1589 2121 1642 denuo
2148 1592 2288 1644 circa
2313 1591 2485 1658 ipsum
2514 1593 2897 1648 monasterium
2946 1594 3028 1649 vel
3053 1596 3198 1664 ipsos
3250 1598 3533 1654 monachus

248 1681 451 1746 vineis,
513 1679 666 1749 aquis
715 1691 1044 1749 aquarnmve
1091 1675 1424 1741 decursibus,
1473 1671 1761 1742 mobilibus
1789 1681 1842 1726 et

251 1771 639 1832 inuuobilibus,
677 1780 844 1824 totum
873 1779 925 1822 et
949 1767 1013 1821 ad
1043 1768 1328 1838 integrum,
1358 1763 1606 1835 quicquid
1640 1761 1704 1818 ad
1727 1763 1839 1831 ipsa

253 1865 365 1919 let-.i
399 1862 648 1933 superius
672 1862 915 1917 intimata
941 1859 1184 1930 aspicere
1204 1845 1698 1926 vid«tnr,'paitibus
1719 1870 1841 1907 san-

249 1960 318 2012 cti
353 1957 590 2028 Dionysii
645 1967 698 2011 et
748 1956 925 2010 sancti
977 1953 1174 2008 Privati
1222 1951 1508 2034 donamus,
1562 1947 1841 2011 tradimus,

249 2063 412 2124 atque
435 2052 484 2106 in
517 2049 1047 2108 omnibusindultum
1073 2061 1193 2102 esse
1221 2047 1488 2100 volumus.
1523 2038 1840 2109 Prarcipien-

253 2161 334 2200 tes
393 2160 521 2214 ergo
560 2143 812 2214 jubemus
859 2151 914 2195 ut
940 2140 1118 2197 nullus
1172 2125 1448 2209 quislibet)
1477 2134 1545 2191 de
1599 2133 1844 2188 ﬁdelibus

253 2242 484 2305 Loslris,
543 2255 716 2310 neque
767 2235 835 2293 de
869 2235 1151 2308 jutliciaria
1211 2241 1496 2302 potestate,
1554 2227 1843 2300 praedictas

243 2351 404 2391 rasas
438 2333 553 2398 Dei,
592 2333 673 2386 vel
707 2342 946 2386 rectores
967 2328 1087 2396 e,'us
1116 2327 1184 2381 de
1215 2326 1357 2395 ipsas
1381 2337 1466 2378 res
1497 2320 1742 2391 superius
1766 2319 1846 2373 in—

253 2438 426 2484 st-rtas
444 2427 760 2496 inquietare,
787 2437 886 2479 nec
909 2419 1233 2477 calumniam
1257 2430 1514 2488 generare
1541 2412 1844 2468 nullatenus

230 2532 630 2590 pra-sumatur,
667 2505 786 2580 sed,
820 2514 1150 2579 utdiximus,
1181 2509 1379 2566 nostris
1407 2520 1461 2565 et
1485 2503 1674 2561 futuris
1700 2517 1837 2559 tem-

257 2614 472 2682 poribus
494 2611 560 2664 ad
598 2609 728 2678 ipsis
745 2607 875 2662 locis
916 2603 1118 2662 sanctis
1143 2601 1392 2675 prolieiat
1433 2601 1486 2656 in
1518 2595 1842 2669 augmentis.

235 2705 435 2758 =l~2tltuc
452 2702 566 2757 bazc
578 2700 865 2755 auctoritas
882 2698 1086 2751 lirmior
1107 2693 1387 2760 habeatur,
1402 2690 1482 2745 vel
1503 2703 1594 2760 per
1608 2700 1844 2757 tempora

237 2792 449 2850 'rneliiis
469 2803 833 2856 conservetur,
855 2806 1012 2854 manu
1037 2786 1253 2858 propria
1276 2785 1463 2841 subter
1476 2798 1592 2838 eam
1609 2781 1846 2836 decrevi-

253 2903 372 2944 mus
402 2887 680 2953 roborare,
707 2896 762 2942 et
787 2883 857 2940 de
885 2883 1047 2938 anulo
1072 2890 1259 2935 nostro
1297 2877 1555 2948 iussimus
1580 2876 1841 2946 sigillare.

325 2980 542 3054 Signum
572 2977 754 3034 Karoli
776 2973 1151 3046 gloria-issimi
1183 2969 1350 3040 regis.

327 3074 478 3130 ltado
498 3071 566 3128 ad
593 3072 764 3127 vicem
791 3066 1015 3124 ltitberii
1048 3064 1384 3136 recognovit.

327 3169 456 3223 Data
489 3167 544 3222 in
576 3179 761 3221 mense
783 3148 1109 3226 Novembro,
1141 3172 1283 3212 anno
1309 3166 1498 3211 octavo
1518 3152 1580 3216 et
1607 3151 1847 3209 secundo

255 3261 403 3332 regni
448 3261 650 3314 nostri.
697 3261 887 3312 Actum
919 3251 1364 3310 'l'bcodone-villa
1395 3249 1447 3304 in
1481 3246 1574 3304 Dei
1628 3245 1846 3302 nomine

257 3353 514 3410 feliciter.
544 3353 711 3405 Arnen
725 3391 737 3405 .

952 3438 1162 3498 XXVII.

275 3560 599 3632 Praeceptum
619 3557 795 3614 Caroli
821 3555 1002 3627 Magni
1031 3571 1124 3625 pro
1149 3552 1472 3608 Morbacensi
1494 3546 1826 3605 monasterio.

744 3670 838 3733 (Es
867 3671 928 3722 Ι).
953 3670 1196 3732 Bouquet,
1224 3665 1369 3727 ibid.)

333 3779 560 3834 Carolus
583 3777 749 3849 gratia
779 3777 871 3832 Dei
916 3791 1008 3831 res
1036 3773 1362 3830 Francorum
1387 3761 1439 3827 ei
1464 3768 1849 3841 Longobardo-

262 3887 405 3926 rum.
438 3867 721 3938 Principali
771 3866 986 3935 quidem
1015 3865 1315 3921 clementia:
1343 3869 1660 3918 cunctorum
1699 3859 1854 3944 decet

263 3960 674 4017 accommodare
737 3972 920 4014 aurem
971 3956 1279 4028 benignam,
1332 3952 1702 4024 pracipueque
1755 3963 1854 4020 pro

264 4052 584 4122 compendio
606 4051 906 4106 animarum
937 4065 965 4102 a
996 4047 1423 4118 praecedentibus
1452 4042 1666 4116 regibus
1694 4051 1851 4098 ante-

261 4145 571 4202 cessoribus
616 4145 819 4201 nostris
871 4141 938 4198 ad
981 4141 1097 4199 loca
1158 4139 1520 4196 Ecclesiarum
1565 4139 1852 4208 probamus
1894 4156 1900 4162 '

264 4255 386 4294 esse
412 4237 699 4308 indultum,
727 4237 919 4292 devota
974 4234 1237 4292 debemus
1267 4244 1450 4290 mente
1495 4229 1850 4303 perpendere,

265 4339 321 4386 et
348 4341 539 4386 cuncta
561 4328 844 4395 beneﬁcia,
876 4335 933 4382 ιιι
953 4341 1260 4382 mereamur
1287 4323 1351 4380 ad
1381 4311 1682 4380 mercedem
1730 4335 1851 4377 esse
1888 4331 1932 4390 υ

269 4423 581 4494 participes,
615 4434 720 4476 non
768 4433 986 4490 negare,
1028 4417 1125 4473 sed
1171 4415 1553 4472 robustissimo
1589 4412 1715 4484 jure
1759 4427 1858 4482 pro

267 4515 463 4569 nostris
505 4512 736 4568 oraculis
769 4513 1109 4566 conlirmare.
1148 4507 1309 4579 igitur
1359 4504 1678 4573 venerabilis
1704 4503 1858 4558 Ami-

265 4623 328 4663 co
355 4607 497 4662 dono
524 4604 620 4660 Dei
653 4605 817 4661 abbas
840 4605 908 4660 de
937 4601 1268 4660 monasterio
1303 4597 1889 4670 ,Vivario—peregrino-'

269 4717 411 4764 rum,
461 4700 552 4767 qui
598 4699 813 4768 pooitur
857 4699 910 4752 in
951 4711 1087 4766 pago
1118 4695 1406 4752 Msasense
1445 4707 1614 4762 super
1640 4690 1867 4767 ﬂuvium,

271 4793 507 4852 Morbae.
539 4791 627 4858 qui
664 4801 750 4845 est
775 4800 1116 4846 constructus
1138 4789 1193 4846 in
1222 4789 1426 4842 honore
1453 4785 1515 4842 ὃ.
1546 4783 1859 4852 Leodegarii

271 4893 324 4937 et
349 4883 408 4938 S.
443 4881 589 4940 l’etri
616 4881 842 4952 apostoli
874 4890 929 4937 et
973 4882 1030 4936 S.
1082 4873 1260 4934 Maiis:
1285 4887 1712 4946 caeterorumque
1736 4889 1865 4928 san-

269 4989 501 5039 ctorum,
535 4975 623 5029 ubi
671 4977 787 5040 ipse
833 4990 956 5029 cum
1014 4973 1169 5028 turba
1204 4973 1426 5040 plurima
1475 4969 1863 5026 monachorum

273 5067 544 5120 deservire
575 5065 836 5130 noscitur,
894 5065 1200 5120 clementia:
1253 5061 1406 5134 regni
1439 5061 1608 5115 nostri
1640 5074 1866 5130 sugges~

273 5160 342 5215 sit
371 5173 439 5215 eo
461 5158 602 5228 quod
635 5159 803 5212 nostri
834 5167 1208 5214 antecessores
1236 5155 1506 5229 quondam
1551 5170 1646 5225 per
1679 5145 1876 5212 eorum

273 5249 627 5305 autltoritates
685 5250 900 5309 illorum
945 5250 1192 5305 manibus
1247 5249 1581 5324 subscriptas
1633 5246 1700 5300 de
1727 5243 1871 5302 villis

276 5343 440 5411 ipsius
468 5345 524 5399 S.
563 5342 838 5407 Ecclesite,
894 5343 1036 5414 quod
1066 5341 1244 5418 [quas]
1273 5342 1337 5396 ad
1367 5355 1605 5414 praesens
1632 5339 1872 5408 posside—

278 5432 390 5498 bat,
422 5442 527 5488 tatn
583 5450 647 5489 ex
691 5438 1004 5489 muneribus
1053 5435 1386 5503 principum,
1449 5449 1543 5487 seu
1577 5431 1870 5486 Eberliardi

277 5529 364 5597 qu‘i
408 5529 603 5594 ipsum.
630 5530 1012 5582 monasterium
1048 5529 1098 5582 in
1151 5543 1246 5582 sua
1289 5527 1582 5583 elemosina
1613 5524 1870 5590 fundavit,

278 5635 436 5691 quam
485 5634 551 5674 ex
604 5622 914 5694 pagatisiutn
972 5623 1239 5693 largitate,
1293 5619 1377 5676 vel
1420 5619 1561 5692 quod
1605 5618 1870 5680 iuanteaa

1954 1691 2133 1735 nostra
2201 1682 2424 1737 deberet
2469 1682 2767 1738 antboritas
2811 1687 3140 1754 generaliter
3193 1687 3531 1745 unrlirmare.

1948 1770 2112 1842 Cujus
2145 1773 2455 1841 petitionem
2490 1790 2585 1842 pro
2617 1777 2921 1831 reverentia
2972 1761 3142 1846 ipsius
3173 1777 3312 1842 loci,
3345 1789 3404 1832 ut
3433 1797 3536 1833 tne«

1948 1879 2162 1919 reamur
2187 1866 2254 1919 ad
2297 1866 2602 1922 mercedem
2654 1869 2876 1936 sociari,
2911 1870 3222 1937 plenissima
3267 1874 3538 1928 voluntate

1948 1957 2044 2010 visi
2078 1955 2278 2012 l'uimus
2326 1959 2662 2028 praestitisse,
2694 1963 2773 2016 vel
2815 1963 2867 2016 in
2909 1964 3160 2017 omnibus
3189 1966 3539 2022 conﬁrmasse

1947 2051 2277 2119 cognoscite.
2335 2050 2724 2121 Prtecipientcs
2775 2067 2908 2124 ergo
2953 2054 3206 2122 iubemus
3259 2066 3317 2112 ut
3366 2059 3540 2114 nullus

1942 2137 2106 2208 judes
2133 2141 2374 2208 publicus
2400 2142 2452 2194 in
2487 2157 2572 2196 res
2603 2143 2685 2196 vel
2737 2145 3016 2198 facultates
3055 2143 3226 2214 ipsius
3273 2146 3541 2214 ecclesia.

1949 2243 2046 2284 nec
2068 2231 2136 2284 ad
2185 2247 2380 2286 causas
2441 2231 2760 2299 audiendas,
2815 2245 2869 2290 et
2911 2233 3060 2290 {reda
3109 2235 3395 2306 exigenda,
3445 2252 3544 2294 nec

1949 2325 2253 2378 mansiones
2306 2335 2397 2379 aut
2441 2335 2654 2396 paratas
2701 2327 2998 2390 faciendis,
3061 2344 3163 2384 nec
3197 2329 3541 2398 lidejussores

1950 2416 2267 2484 tollendum,
2302 2434 2402 2472 nec
2453 2419 2698 2476 homines
2740 2419 2904 2490 ipsius
2946 2420 3194 2477 ecclesiae
3243 2430 3355 2476 tam
3399 2422 3542 2490 inge-

1951 2523 2087 2562 nuus
2107 2525 2264 2578 quam
2297 2524 2506 2575 servos,
2533 2513 2620 2580 qui
2645 2527 2809 2581 super
2835 2527 3020 2568 eorum
3051 2511 3234 2585 [ejus]
3267 2522 3437 2568 terras
3456 2514 3545 2571 vel

1952 2603 2104 2655 initio
2131 2617 2478 2659 commanere
2505 2603 2776 2671 videntur,
2807 2595 2894 2674 qui
2937 2605 3135 2662 ibidem
3164 2606 3451 2675 aspiciunt,
3473 2607 3545 2662 de

1949 2695 2280 2763 quibuslibet
2326 2695 2504 2751 causis
2535 2696 2983 2768 distringendum,
3011 2714 3110 2753 nec
3145 2699 3286 2752 ullas
3319 2698 3543 2753 retribu-

1949 2787 2127 2842 tiones
2179 2788 2583 2858 requirendum,
2638 2791 2834 2847 ibidem
2876 2791 3158 2862 ingredere
3189 2809 3297 2848 non
3325 2793 3540 2849 debeat.

1951 2880 2057 2937 Sed
2079 2882 2217 2936 sicut
2239 2882 2406 2952 ipsius
2433 2883 2748 2940 beneﬁcium
2779 2900 2806 2942 a
2833 2885 2944 2955 jam
2975 2885 3134 2942 dictis
3185 2888 3546 2941 an'ecessori—

1831 3041 1836 3043 Α
1874 2949 1920 3012 c
1957 2972 2057 3027 bus
2087 2949 2285 3028 nostris
2309 2975 2600 3040 indultum,
2628 2949 2865 3045 priorum
2886 2962 3185 3047 principum
3216 2978 3548 3034 authoritate

1951 3063 2017 3118 ad
2038 3063 2149 3134 jam
2181 3065 2378 3121 dictam
2399 3067 2685 3129 ecclesiam
2724 3083 2894 3140 usque
2931 3084 3073 3125 nunc
3098 3069 3203 3126 l'uit
3252 3084 3545 3125 conserva-

1953 3164 2088 3223 tum,
2123 3157 2193 3210 ita
2215 3168 2269 3214 et
2297 3158 2554 3229 deinceps
2581 3175 2677 3230 per
2706 3172 2944 3216 nostram
2975 3160 3360 3217 authoritatem
3380 3176 3544 3231 gene-

1953 3246 2140 3317 raliter
2154 3260 2366 3305 maneat
2387 3251 2783 3307 inconvulsum.
2804 3251 3138 3322 thuldqnid
3162 3252 3364 3309 esinde
3384 3252 3547 3308 ﬁscus

1951 3348 2136 3394 noster
2157 3349 2365 3408 poterat
2393 3355 2634 3412 sperare,
2686 3343 2741 3396 in
2770 3341 2937 3411 ipsius
2963 3342 3171 3400 domini
3224 3342 3547 3413 Leodegarii

1951 3444 2004 3488 et
2035 3430 2095 3488 S.
2128 3432 2271 3489 Petri
2301 3434 2656 3492 luminaribus
2682 3435 2767 3491 vel
2799 3434 3084 3502 S.blari:e,
3117 3449 3216 3506 pro
3252 3436 3551 3492 stabilitate

1955 3524 2108 3596 regni
2137 3527 2309 3581 nostri
2337 3526 2580 3596 proliciat
2628 3525 2682 3581 in
2714 3537 3079 3598 augmentum.
3115 3527 3184 3583 Et
3211 3536 3270 3583 ut
3317 3527 3435 3583 hac
3452 3543 3549 3583 an-

1956 3618 2185 3681 tboritas
2214 3630 2322 3674 tam
2342 3620 2699 3690 praesentibus
2719 3635 2878 3691 quam
2907 3630 2965 3676 et
3003 3620 3195 3676 l'uturis
3217 3620 3550 3694 temporibus

1955 3699 2123 3778 possit
2146 3701 2416 3778 constare,
2444 3727 2605 3768 manu
2636 3722 2816 3768 nostra
2838 3712 3024 3770 subter
3055 3713 3453 3781 roboravimus,
3490 3724 3548 3770 et

1955 3801 2158 3857 annulo
2189 3810 2373 3858 nostro
2401 3803 2638 3874 sigillare
2659 3803 2945 3875 iussimus.

2027 3892 2248 3965 Signum
2266 3891 2443 3951 Caroli
2471 3896 2842 3967 gloriosissimi
2870 3898 3034 3970 regis.

2028 3985 2342 4059 Wigbaldus
2365 3989 2430 4044 ad
2448 3987 2618 4047 vicem
2645 3989 2871 4049 llitherii
2894 3990 3221 4063 recognovit.

2031 4080 2162 4134 Data
2191 4081 2363 4150 pridie
2399 4081 2580 4137 Nonas
2608 4083 2830 4154 Aprilis,
2861 4098 3005 4141 anno
3045 4086 3280 4155 septimo
3300 4092 3357 4140 et
3379 4083 3552 4159 primo

1962 4176 2109 4246 regni
2168 4177 2363 4233 nostri.
2414 4179 2607 4233 Actum
2648 4176 2921 4234 Carisiaco
2951 4178 3150 4251 palatio
3204 4178 3441 4251 publice,
3497 4179 3552 4237 in

1963 4267 2056 4322 Dei
2080 4268 2296 4324 nomine
2317 4267 2569 4328 feliciter.
2603 4271 2798 4324 Amen.

2637 4382 2872 4438 XXVllI.

1962 4493 2282 4568 Prwceptttm
2329 4497 2502 4553 Caroli
2552 4495 2728 4568 Magni
2774 4514 2866 4568 pro
2916 4498 3224 4555 monasterio
3271 4496 3550 4555 Flavinia-

2414 4571 2550 4623 censi
2579 4570 2744 4640 (anno
2767 4570 2915 4638 775).
2993 4619 2996 4622 .

2446 4679 2538 4738 (Ex
2566 4680 2627 4731 D.
2657 4667 2908 4745 anquet,
2936 4681 3078 4744 ibid.)

2033 4787 2258 4843 Carolus
2288 4789 2458 4858 gratia
2504 4785 2600 4843 Dei
2631 4803 2722 4842 rex
2773 4787 3100 4854 Francorum
3141 4798 3198 4842 et
3243 4785 3552 4859 Longobar-

1964 4877 2183 4946 dorum,
2230 4893 2294 4933 ac
2341 4877 2596 4946 patricius
2645 4876 3034 4947 Romanorum,
3082 4878 3164 4932 vir
3208 4877 3466 4934 inlustris.
3496 4875 3552 4932 Si

1967 4965 2320 5038 petitionibus
2367 4967 2706 5050 sacerdotum
2739 4969 2880 5038 quod
2925 4969 2990 5024 ad
3033 4969 3327 5039 profectum
3375 4969 3550 5026 Eccle-

1966 5064 2167 5118 siarnm
2198 5063 2450 5132 pertinet,
2498 5060 2692 5118 devota
2743 5071 2923 5117 mente
2961 5070 3300 5130 praestamus,
3325 5061 3550 5118 retribu-

1972 5167 2144 5210 torem
2193 5155 2434 5210 omnium
2483 5140 2742 5209 bonorum
2791 5153 2973 5209 desum
3021 5151 3294 5208 Christum
3339 5169 3408 5210 es
3455 5155 3550 5207 boc

1974 5264 2070 5303 nos
2094 5248 2293 5303 habere
2320 5247 2664 5302 conﬁdimus.
2699 5247 2858 5302 Pctiit
2901 5247 3271 5304 celsitudinem
3319 5258 3547 5303 nostram

1974 5339 2295 5403 venerabilis
2324 5341 2405 5392 vir
2455 5338 2723 5393 ManaSses
2759 5325 2899 5392 abba
2942 5323 3017 5393 'de
3060 5339 3392 5395 monasterio
3418 5334 3549 5405 quod

1976 5442 2199 5486 vocatur
2231 5430 2586 5496 Flaviniacus,
2622 5431 2674 5484 in
2709 5446 2842 5500 pago
2885 5430 3120 5494 Alsinse,
3151 5429 3293 5499 quod
3322 5438 3407 5484 est
3431 5441 3550 5481 eon-

1977 5534 2238 5604 structum
2273 5524 2323 5576 in
2373 5523 2580 5593 bonore
2612 5523 2820 5577 Domini
2871 5523 3040 5601 nostri
3071 5520 3198 5577 Jesu
3227 5519 3449 5584 Christi,
3478 5516 3549 5571 vel

1978 5616 2147 5673 saneti
2177 5599 2342 5683 Petri,
2373 5615 2456 5672 vel
2505 5615 2676 5679 sancti
2724 5599 2991 5682 l’rriecti,
3024 5623 3083 5671 ut
3106 5627 3265 5672 omne
3294 5611 3549 5672 teloncuut
