  <div class='ocr_page' id='page_1' title='image "/cluster/home/n/w/nwhite01/storage/ocr_20150623/97/uva.x000827070/466.png"; bbox 0 0 3856 6220; ppageno 0'>
   <div class='ocr_carea' id='block_1_1' title="bbox 96 310 208 367">
    <p class='ocr_par' dir='ltr' id='par_1_1' title="bbox 96 310 208 367">
     <span class='ocr_line' id='line_1_1' title="bbox 96 310 208 367; baseline 0.009 -2"><span class='ocrx_word' id='word_1_1' title='bbox 96 310 208 367; x_wconf 66' lang='grc'><strong>939</strong></span> 
     </span>
    </p>
   </div>
   <div class='ocr_carea' id='block_1_2' title="bbox 432 258 3130 369">
    <p class='ocr_par' dir='ltr' id='par_1_2' title="bbox 432 258 3130 369">
     <span class='ocr_line' id='line_1_2' title="bbox 432 258 3130 369; baseline -0.004 -1"><span class='ocrx_word' id='word_1_2' title='bbox 432 312 665 369; x_wconf 71' lang='lat' dir='ltr'><strong>CODEX</strong></span> <span class='ocrx_word' id='word_1_3' title='bbox 710 258 1237 367; x_wconf 55' lang='grc' dir='ltr'><strong>οιιιιωιᾉτιουε.</strong></span> <span class='ocrx_word' id='word_1_4' title='bbox 1285 334 1356 352; x_wconf 81' lang='grc'><strong>-·</strong></span> <span class='ocrx_word' id='word_1_5' title='bbox 1394 274 1815 366; x_wconf 56' lang='grc' dir='ltr'><strong>ινιιινιιιεῦιλζ</strong></span> <span class='ocrx_word' id='word_1_6' title='bbox 1857 336 1929 349; x_wconf 90' lang='lat'><strong>-—</strong></span> <span class='ocrx_word' id='word_1_7' title='bbox 1958 305 2000 360; x_wconf 87' lang='lat' dir='ltr'><strong>l.</strong></span> <span class='ocrx_word' id='word_1_8' title='bbox 2038 305 2295 362; x_wconf 80' lang='lat' dir='ltr'><strong>PRIVIL.</strong></span> <span class='ocrx_word' id='word_1_9' title='bbox 2340 299 2471 361; x_wconf 72' lang='lat' dir='ltr'><strong>PER</strong></span> <span class='ocrx_word' id='word_1_10' title='bbox 2514 303 2792 363; x_wconf 66' lang='lat' dir='ltr'><strong>GALLlJﬂ</strong></span> <span class='ocrx_word' id='word_1_11' title='bbox 2838 302 3130 360; x_wconf 71' lang='lat' dir='ltr'><strong>PARTES.</strong></span> 
     </span>
    </p>
   </div>
   <div class='ocr_carea' id='block_1_3' title="bbox 95 418 3426 497">
    <p class='ocr_par' dir='ltr' id='par_1_3' title="bbox 95 418 3426 497">
     <span class='ocr_line' id='line_1_3' title="bbox 95 418 3426 497; baseline -0.001 -21"><span class='ocrx_word' id='word_1_12' title='bbox 95 425 238 478; x_wconf 71' lang='lat' dir='ltr'><strong>intva</strong></span> <span class='ocrx_word' id='word_1_13' title='bbox 275 441 506 497; x_wconf 86' lang='lat' dir='ltr'><strong>regnum</strong></span> <span class='ocrx_word' id='word_1_14' title='bbox 539 434 779 481; x_wconf 90' lang='lat' dir='ltr'><strong>nostrum</strong></span> <span class='ocrx_word' id='word_1_15' title='bbox 811 424 881 479; x_wconf 79' lang='lat' dir='ltr'><strong>de</strong></span> <span class='ocrx_word' id='word_1_16' title='bbox 924 424 1324 494; x_wconf 82' lang='lat' dir='ltr'><strong>negotiantibns</strong></span> <span class='ocrx_word' id='word_1_17' title='bbox 1374 438 1586 484; x_wconf 86' lang='lat' dir='ltr'><strong>eorum.</strong></span> <span class='ocrx_word' id='word_1_18' title='bbox 1623 422 1706 478; x_wconf 83' lang='lat' dir='ltr'><strong>vel</strong></span> <span class='ocrx_word' id='word_1_19' title='bbox 1742 427 1787 488; x_wconf 77' lang='grc' dir='ltr'><strong>Α</strong></span> <span class='ocrx_word' id='word_1_20' title='bbox 1819 435 1974 491; x_wconf 70' lang='lat' dir='ltr'><strong>rcges</strong></span> <span class='ocrx_word' id='word_1_21' title='bbox 2024 420 2376 489; x_wconf 88' lang='lat' dir='ltr'><strong>singulariter</strong></span> <span class='ocrx_word' id='word_1_22' title='bbox 2407 419 2784 489; x_wconf 72' lang='lat' dir='ltr'><strong>expleverunt,</strong></span> <span class='ocrx_word' id='word_1_23' title='bbox 2834 428 2890 472; x_wconf 87' lang='lat' dir='ltr'><strong>ct</strong></span> <span class='ocrx_word' id='word_1_24' title='bbox 2932 433 3031 475; x_wconf 87' lang='lat' dir='ltr'><strong>nos</strong></span> <span class='ocrx_word' id='word_1_25' title='bbox 3075 418 3177 474; x_wconf 88' lang='lat' dir='ltr'><strong>hoc</strong></span> <span class='ocrx_word' id='word_1_26' title='bbox 3225 419 3426 474; x_wconf 83' lang='lat' dir='ltr'><strong>donum</strong></span> 
     </span>
    </p>
   </div>
   <div class='ocr_carea' id='block_1_4' title="bbox 92 518 1712 587">
    <p class='ocr_par' dir='ltr' id='par_1_4' title="bbox 92 518 1712 587">
     <span class='ocr_line' id='line_1_4' title="bbox 92 518 1712 587; baseline 0.001 -17"><span class='ocrx_word' id='word_1_27' title='bbox 92 520 159 572; x_wconf 91' lang='lat' dir='ltr'><strong>dc</strong></span> <span class='ocrx_word' id='word_1_28' title='bbox 194 520 464 575; x_wconf 79' lang='lat' dir='ltr'><strong>omnibus</strong></span> <span class='ocrx_word' id='word_1_29' title='bbox 494 518 804 575; x_wconf 84' lang='lat' dir='ltr'><strong>hominibus</strong></span> <span class='ocrx_word' id='word_1_30' title='bbox 835 533 1045 580; x_wconf 89' lang='lat' dir='ltr'><strong>eorum,</strong></span> <span class='ocrx_word' id='word_1_31' title='bbox 1078 518 1165 587; x_wconf 81' lang='lat' dir='ltr'><strong>qui</strong></span> <span class='ocrx_word' id='word_1_32' title='bbox 1200 533 1292 586; x_wconf 84' lang='lat' dir='ltr'><strong>per</strong></span> <span class='ocrx_word' id='word_1_33' title='bbox 1331 519 1500 587; x_wconf 84' lang='lat' dir='ltr'><strong>ipsam</strong></span> <span class='ocrx_word' id='word_1_34' title='bbox 1532 533 1712 571; x_wconf 79' lang='lat' dir='ltr'><strong>rasam</strong></span> 
     </span>
    </p>
   </div>
   <div class='ocr_carea' id='block_1_5' title="bbox 92 611 1712 676">
    <p class='ocr_par' dir='ltr' id='par_1_5' title="bbox 92 611 1712 676">
     <span class='ocr_line' id='line_1_5' title="bbox 92 611 1712 676; baseline -0.001 -12"><span class='ocrx_word' id='word_1_35' title='bbox 92 626 335 676; x_wconf 82' lang='lat' dir='ltr'><strong>sperare</strong></span> <span class='ocrx_word' id='word_1_36' title='bbox 387 611 668 676; x_wconf 83' lang='lat' dir='ltr'><strong>videntur,</strong></span> <span class='ocrx_word' id='word_1_37' title='bbox 719 620 778 666; x_wconf 92' lang='lat' dir='ltr'><strong>ut</strong></span> <span class='ocrx_word' id='word_1_38' title='bbox 832 611 1037 665; x_wconf 90' lang='lat' dir='ltr'><strong>nullum</strong></span> <span class='ocrx_word' id='word_1_39' title='bbox 1096 611 1367 665; x_wconf 88' lang='lat' dir='ltr'><strong>teioneum</strong></span> <span class='ocrx_word' id='word_1_40' title='bbox 1421 612 1550 665; x_wconf 83' lang='lat' dir='ltr'><strong>dare</strong></span> <span class='ocrx_word' id='word_1_41' title='bbox 1608 626 1712 663; x_wconf 89' lang='lat' dir='ltr'><strong>non</strong></span> 
     </span>
    </p>
   </div>
   <div class='ocr_carea' id='block_1_6' title="bbox 92 690 1710 769">
    <p class='ocr_par' dir='ltr' id='par_1_6' title="bbox 92 690 1710 769">
     <span class='ocr_line' id='line_1_6' title="bbox 92 690 1710 769; baseline -0.003 -11"><span class='ocrx_word' id='word_1_42' title='bbox 92 690 353 758; x_wconf 75' lang='lat' dir='ltr'><strong>debeant</strong></span> <span class='ocrx_word' id='word_1_43' title='bbox 386 706 438 758; x_wconf 93' lang='lat' dir='ltr'><strong>in</strong></span> <span class='ocrx_word' id='word_1_44' title='bbox 471 705 801 767; x_wconf 71' lang='lat' dir='ltr'><strong>civitatibus,</strong></span> <span class='ocrx_word' id='word_1_45' title='bbox 832 702 1108 767; x_wconf 85' lang='lat' dir='ltr'><strong>mercatis,</strong></span> <span class='ocrx_word' id='word_1_46' title='bbox 1133 701 1295 767; x_wconf 77' lang='lat' dir='ltr'><strong>villis,</strong></span> <span class='ocrx_word' id='word_1_47' title='bbox 1336 701 1490 763; x_wconf 87' lang='lat' dir='ltr'><strong>vicis,</strong></span> <span class='ocrx_word' id='word_1_48' title='bbox 1512 702 1710 769; x_wconf 78' lang='lat' dir='ltr'><strong>pontis,</strong></span> 
     </span>
    </p>
   </div>
   <div class='ocr_carea' id='block_1_7' title="bbox 96 792 1714 865">
    <p class='ocr_par' dir='ltr' id='par_1_7' title="bbox 96 792 1714 865">
     <span class='ocr_line' id='line_1_7' title="bbox 96 792 1714 865; baseline -0.001 -18"><span class='ocrx_word' id='word_1_49' title='bbox 96 796 399 862; x_wconf 86' lang='lat' dir='ltr'><strong>portubus,</strong></span> <span class='ocrx_word' id='word_1_50' title='bbox 434 810 535 851; x_wconf 87' lang='lat' dir='ltr'><strong>nec</strong></span> <span class='ocrx_word' id='word_1_51' title='bbox 557 795 657 865; x_wconf 88' lang='lat' dir='ltr'><strong>ipsi</strong></span> <span class='ocrx_word' id='word_1_52' title='bbox 690 795 962 859; x_wconf 78' lang='lat' dir='ltr'><strong>monachi,</strong></span> <span class='ocrx_word' id='word_1_53' title='bbox 994 807 1089 848; x_wconf 89' lang='lat' dir='ltr'><strong>seu</strong></span> <span class='ocrx_word' id='word_1_54' title='bbox 1117 792 1458 864; x_wconf 85' lang='lat' dir='ltr'><strong>negotiantes</strong></span> <span class='ocrx_word' id='word_1_55' title='bbox 1498 808 1714 859; x_wconf 89' lang='lat' dir='ltr'><strong>eorum,</strong></span> 
     </span>
    </p>
   </div>
   <div class='ocr_carea' id='block_1_8' title="bbox 96 885 1716 956">
    <p class='ocr_par' dir='ltr' id='par_1_8' title="bbox 96 885 1716 956">
     <span class='ocr_line' id='line_1_8' title="bbox 96 885 1716 956; baseline 0.001 -17"><span class='ocrx_word' id='word_1_56' title='bbox 96 897 151 940; x_wconf 87' lang='lat' dir='ltr'><strong>ct</strong></span> <span class='ocrx_word' id='word_1_57' title='bbox 183 887 448 941; x_wconf 84' lang='lat' dir='ltr'><strong>homines</strong></span> <span class='ocrx_word' id='word_1_58' title='bbox 494 902 706 951; x_wconf 90' lang='lat' dir='ltr'><strong>eorum,</strong></span> <span class='ocrx_word' id='word_1_59' title='bbox 757 886 847 955; x_wconf 85' lang='lat' dir='ltr'><strong>qui</strong></span> <span class='ocrx_word' id='word_1_60' title='bbox 898 900 991 956; x_wconf 89' lang='lat' dir='ltr'><strong>per</strong></span> <span class='ocrx_word' id='word_1_61' title='bbox 1040 885 1211 953; x_wconf 87' lang='lat' dir='ltr'><strong>ipsam</strong></span> <span class='ocrx_word' id='word_1_62' title='bbox 1259 899 1438 938; x_wconf 79' lang='lat' dir='ltr'><strong>casam</strong></span> <span class='ocrx_word' id='word_1_63' title='bbox 1494 899 1716 955; x_wconf 85' lang='lat' dir='ltr'><strong>sperare</strong></span> 
     </span>
    </p>
   </div>
   <div class='ocr_carea' id='block_1_9' title="bbox 99 976 1715 1046">
    <p class='ocr_par' dir='ltr' id='par_1_9' title="bbox 99 976 1715 1046">
     <span class='ocr_line' id='line_1_9' title="bbox 99 976 1715 1046; baseline 0.002 -19"><span class='ocrx_word' id='word_1_64' title='bbox 99 976 405 1041; x_wconf 80' lang='lat' dir='ltr'><strong>videntur;</strong></span> <span class='ocrx_word' id='word_1_65' title='bbox 436 993 540 1032; x_wconf 90' lang='lat' dir='ltr'><strong>nec</strong></span> <span class='ocrx_word' id='word_1_66' title='bbox 585 978 883 1046; x_wconf 86' lang='lat' dir='ltr'><strong>teloneum,</strong></span> <span class='ocrx_word' id='word_1_67' title='bbox 917 992 1016 1032; x_wconf 81' lang='lat' dir='ltr'><strong>nec</strong></span> <span class='ocrx_word' id='word_1_68' title='bbox 1049 976 1397 1046; x_wconf 85' lang='lat' dir='ltr'><strong>pontaticum,</strong></span> <span class='ocrx_word' id='word_1_69' title='bbox 1425 992 1524 1032; x_wconf 92' lang='lat' dir='ltr'><strong>nec</strong></span> <span class='ocrx_word' id='word_1_70' title='bbox 1551 977 1715 1032; x_wconf 86' lang='lat' dir='ltr'><strong>roda-</strong></span> 
     </span>
    </p>
   </div>
   <div class='ocr_carea' id='block_1_10' title="bbox 98 1064 1716 1139">
    <p class='ocr_par' dir='ltr' id='par_1_10' title="bbox 98 1064 1716 1139">
     <span class='ocr_line' id='line_1_10' title="bbox 98 1064 1716 1139; baseline 0.001 -19"><span class='ocrx_word' id='word_1_71' title='bbox 98 1067 293 1134; x_wconf 86' lang='lat' dir='ltr'><strong>ticutn,</strong></span> <span class='ocrx_word' id='word_1_72' title='bbox 350 1082 447 1123; x_wconf 89' lang='lat' dir='ltr'><strong>nec</strong></span> <span class='ocrx_word' id='word_1_73' title='bbox 502 1064 928 1139; x_wconf 81' lang='lat' dir='ltr'><strong>barganaticum,</strong></span> <span class='ocrx_word' id='word_1_74' title='bbox 990 1083 1091 1122; x_wconf 88' lang='lat' dir='ltr'><strong>nec</strong></span> <span class='ocrx_word' id='word_1_75' title='bbox 1144 1065 1556 1136; x_wconf 86' lang='lat' dir='ltr'><strong>pulveraticum,</strong></span> <span class='ocrx_word' id='word_1_76' title='bbox 1616 1079 1716 1122; x_wconf 83' lang='lat' dir='ltr'><strong>nec</strong></span> 
     </span>
    </p>
   </div>
   <div class='ocr_carea' id='block_1_11' title="bbox 98 1158 1714 1233">
    <p class='ocr_par' dir='ltr' id='par_1_11' title="bbox 98 1158 1714 1233">
     <span class='ocr_line' id='line_1_11' title="bbox 98 1158 1714 1233; baseline 0.001 -24"><span class='ocrx_word' id='word_1_77' title='bbox 98 1160 452 1225; x_wconf 83' lang='lat' dir='ltr'><strong>mutaticum,</strong></span> <span class='ocrx_word' id='word_1_78' title='bbox 480 1175 582 1215; x_wconf 90' lang='lat' dir='ltr'><strong>nec</strong></span> <span class='ocrx_word' id='word_1_79' title='bbox 609 1159 914 1233; x_wconf 85' lang='lat' dir='ltr'><strong>rivaticum,</strong></span> <span class='ocrx_word' id='word_1_80' title='bbox 946 1173 1047 1215; x_wconf 90' lang='lat' dir='ltr'><strong>nec</strong></span> <span class='ocrx_word' id='word_1_81' title='bbox 1075 1159 1439 1223; x_wconf 89' lang='lat' dir='ltr'><strong>saiutaticum,</strong></span> <span class='ocrx_word' id='word_1_82' title='bbox 1467 1172 1569 1214; x_wconf 88' lang='lat' dir='ltr'><strong>nec</strong></span> <span class='ocrx_word' id='word_1_83' title='bbox 1598 1158 1714 1212; x_wconf 89' lang='lat' dir='ltr'><strong>lau-</strong></span> 
     </span>
    </p>
   </div>
   <div class='ocr_carea' id='block_1_12' title="bbox 97 1250 1713 1321">
    <p class='ocr_par' dir='ltr' id='par_1_12' title="bbox 97 1250 1713 1321">
     <span class='ocr_line' id='line_1_12' title="bbox 97 1250 1713 1321; baseline 0.001 -17"><span class='ocrx_word' id='word_1_84' title='bbox 97 1252 366 1318; x_wconf 86' lang='lat' dir='ltr'><strong>daticum,</strong></span> <span class='ocrx_word' id='word_1_85' title='bbox 401 1266 501 1305; x_wconf 90' lang='lat' dir='ltr'><strong>nec</strong></span> <span class='ocrx_word' id='word_1_86' title='bbox 530 1253 875 1317; x_wconf 84' lang='lat' dir='ltr'><strong>tranaticum,</strong></span> <span class='ocrx_word' id='word_1_87' title='bbox 904 1265 1004 1306; x_wconf 90' lang='lat' dir='ltr'><strong>nec</strong></span> <span class='ocrx_word' id='word_1_88' title='bbox 1034 1250 1103 1306; x_wconf 91' lang='lat' dir='ltr'><strong>de</strong></span> <span class='ocrx_word' id='word_1_89' title='bbox 1151 1250 1253 1305; x_wconf 85' lang='lat' dir='ltr'><strong>hoc</strong></span> <span class='ocrx_word' id='word_1_90' title='bbox 1284 1250 1426 1321; x_wconf 86' lang='lat' dir='ltr'><strong>quod</strong></span> <span class='ocrx_word' id='word_1_91' title='bbox 1464 1250 1713 1306; x_wconf 89' lang='lat' dir='ltr'><strong>homines</strong></span> 
     </span>
    </p>
   </div>
   <div class='ocr_carea' id='block_1_13' title="bbox 98 1343 1721 1415">
    <p class='ocr_par' dir='ltr' id='par_1_13' title="bbox 98 1343 1721 1415">
     <span class='ocr_line' id='line_1_13' title="bbox 98 1343 1721 1415; baseline 0 -18"><span class='ocrx_word' id='word_1_92' title='bbox 98 1360 296 1398; x_wconf 87' lang='lat' dir='ltr'><strong>eorum</strong></span> <span class='ocrx_word' id='word_1_93' title='bbox 353 1346 418 1397; x_wconf 86' lang='lat' dir='ltr'><strong>ad</strong></span> <span class='ocrx_word' id='word_1_94' title='bbox 471 1345 692 1399; x_wconf 78' lang='lat' dir='ltr'><strong>dorsum</strong></span> <span class='ocrx_word' id='word_1_95' title='bbox 748 1354 964 1415; x_wconf 88' lang='lat' dir='ltr'><strong>portare</strong></span> <span class='ocrx_word' id='word_1_96' title='bbox 1023 1344 1293 1411; x_wconf 82' lang='lat' dir='ltr'><strong>videnlur,</strong></span> <span class='ocrx_word' id='word_1_97' title='bbox 1352 1352 1407 1400; x_wconf 87' lang='lat' dir='ltr'><strong>et</strong></span> <span class='ocrx_word' id='word_1_98' title='bbox 1451 1343 1721 1413; x_wconf 75' lang='lat' dir='ltr'><strong>quidquid</strong></span> 
     </span>
    </p>
   </div>
   <div class='ocr_carea' id='block_1_14' title="bbox 100 1433 1709 1504">
    <p class='ocr_par' dir='ltr' id='par_1_14' title="bbox 100 1433 1709 1504">
     <span class='ocr_line' id='line_1_14' title="bbox 100 1433 1709 1504; baseline 0.001 -18"><span class='ocrx_word' id='word_1_99' title='bbox 100 1433 305 1488; x_wconf 77' lang='lat' dir='ltr'><strong>exinde</strong></span> <span class='ocrx_word' id='word_1_100' title='bbox 337 1434 405 1488; x_wconf 84' lang='lat' dir='ltr'><strong>ad</strong></span> <span class='ocrx_word' id='word_1_101' title='bbox 439 1444 641 1503; x_wconf 86' lang='lat' dir='ltr'><strong>partem</strong></span> <span class='ocrx_word' id='word_1_102' title='bbox 674 1434 790 1490; x_wconf 83' lang='lat' dir='ltr'><strong>fisci</strong></span> <span class='ocrx_word' id='word_1_103' title='bbox 822 1436 993 1491; x_wconf 79' lang='lat' dir='ltr'><strong>nostri</strong></span> <span class='ocrx_word' id='word_1_104' title='bbox 1029 1433 1253 1490; x_wconf 81' lang='lat' dir='ltr'><strong>reddere</strong></span> <span class='ocrx_word' id='word_1_105' title='bbox 1293 1434 1512 1504; x_wconf 91' lang='lat' dir='ltr'><strong>debent,</strong></span> <span class='ocrx_word' id='word_1_106' title='bbox 1538 1442 1709 1491; x_wconf 88' lang='lat' dir='ltr'><strong>totum</strong></span> 
     </span>
    </p>
   </div>
   <div class='ocr_carea' id='block_1_15' title="bbox 97 1525 1711 1595">
    <p class='ocr_par' dir='ltr' id='par_1_15' title="bbox 97 1525 1711 1595">
     <span class='ocr_line' id='line_1_15' title="bbox 97 1525 1711 1595; baseline 0.003 -17"><span class='ocrx_word' id='word_1_107' title='bbox 97 1528 149 1578; x_wconf 88' lang='lat' dir='ltr'><strong>in</strong></span> <span class='ocrx_word' id='word_1_108' title='bbox 205 1525 597 1592; x_wconf 89' lang='lat' dir='ltr'><strong>luminaribus,</strong></span> <span class='ocrx_word' id='word_1_109' title='bbox 649 1528 732 1582; x_wconf 83' lang='lat' dir='ltr'><strong>vel</strong></span> <span class='ocrx_word' id='word_1_110' title='bbox 782 1528 835 1580; x_wconf 91' lang='lat' dir='ltr'><strong>in</strong></span> <span class='ocrx_word' id='word_1_111' title='bbox 887 1527 1154 1594; x_wconf 81' lang='lat' dir='ltr'><strong>stipendia</strong></span> <span class='ocrx_word' id='word_1_112' title='bbox 1206 1527 1616 1595; x_wconf 84' lang='lat' dir='ltr'><strong>monachorum,</strong></span> <span class='ocrx_word' id='word_1_113' title='bbox 1658 1540 1711 1583; x_wconf 92' lang='lat' dir='ltr'><strong>et</strong></span> 
     </span>
    </p>
   </div>
   <div class='ocr_carea' id='block_1_16' title="bbox 95 1618 1707 1697">
    <p class='ocr_par' dir='ltr' id='par_1_16' title="bbox 95 1618 1707 1697">
     <span class='ocr_line' id='line_1_16' title="bbox 95 1618 1707 1697; baseline 0.006 -28"><span class='ocrx_word' id='word_1_114' title='bbox 95 1618 505 1686; x_wconf 82' lang='lat' dir='ltr'><strong>susceptionem</strong></span> <span class='ocrx_word' id='word_1_115' title='bbox 554 1634 875 1697; x_wconf 79' lang='lat' dir='ltr'><strong>pauperum,</strong></span> <span class='ocrx_word' id='word_1_116' title='bbox 929 1621 984 1676; x_wconf 89' lang='lat' dir='ltr'><strong>in</strong></span> <span class='ocrx_word' id='word_1_117' title='bbox 1036 1630 1217 1677; x_wconf 87' lang='lat' dir='ltr'><strong>nostra</strong></span> <span class='ocrx_word' id='word_1_118' title='bbox 1259 1621 1601 1693; x_wconf 83' lang='lat' dir='ltr'><strong>eleemosyua</strong></span> <span class='ocrx_word' id='word_1_119' title='bbox 1643 1627 1707 1678; x_wconf 90' lang='lat' dir='ltr'><strong>ad</strong></span> 
     </span>
    </p>
   </div>
   <div class='ocr_carea' id='block_1_17' title="bbox 98 1712 1708 1784">
    <p class='ocr_par' dir='ltr' id='par_1_17' title="bbox 98 1712 1708 1784">
     <span class='ocr_line' id='line_1_17' title="bbox 98 1712 1708 1784; baseline 0.004 -21"><span class='ocrx_word' id='word_1_120' title='bbox 98 1713 269 1775; x_wconf 76' lang='lat' dir='ltr'><strong>ipsam</strong></span> <span class='ocrx_word' id='word_1_121' title='bbox 306 1725 488 1766; x_wconf 88' lang='lat' dir='ltr'><strong>casam</strong></span> <span class='ocrx_word' id='word_1_122' title='bbox 521 1712 613 1767; x_wconf 89' lang='lat' dir='ltr'><strong>Dei</strong></span> <span class='ocrx_word' id='word_1_123' title='bbox 644 1714 1034 1780; x_wconf 76' lang='lat' dir='ltr'><strong>concessimus,</strong></span> <span class='ocrx_word' id='word_1_124' title='bbox 1062 1728 1197 1784; x_wconf 82' lang='lat' dir='ltr'><strong>quas</strong></span> <span class='ocrx_word' id='word_1_125' title='bbox 1226 1730 1369 1771; x_wconf 85' lang='lat' dir='ltr'><strong>nunc</strong></span> <span class='ocrx_word' id='word_1_126' title='bbox 1392 1732 1420 1770; x_wconf 89' lang='lat' dir='ltr'><strong>a</strong></span> <span class='ocrx_word' id='word_1_127' title='bbox 1446 1717 1708 1772; x_wconf 87' lang='lat' dir='ltr'><strong>moderno</strong></span> 
     </span>
    </p>
   </div>
   <div class='ocr_carea' id='block_1_18' title="bbox 1820 513 3421 584">
    <p class='ocr_par' dir='ltr' id='par_1_18' title="bbox 1820 513 3421 584">
     <span class='ocr_line' id='line_1_18' title="bbox 1820 513 3421 584; baseline 0.001 -17"><span class='ocrx_word' id='word_1_128' title='bbox 1820 514 2168 583; x_wconf 68' lang='lat' dir='ltr'><strong>indulgentia:</strong></span> <span class='ocrx_word' id='word_1_129' title='bbox 2192 524 2465 584; x_wconf 73' lang='lat' dir='ltr'><strong>gratanter</strong></span> <span class='ocrx_word' id='word_1_130' title='bbox 2509 513 2824 583; x_wconf 67' lang='lat' dir='ltr'><strong>prmstilissu</strong></span> <span class='ocrx_word' id='word_1_131' title='bbox 2845 513 3180 581; x_wconf 66' lang='lat' dir='ltr'><strong>cognoscite.</strong></span> <span class='ocrx_word' id='word_1_132' title='bbox 3217 513 3421 570; x_wconf 76' lang='lat' dir='ltr'><strong>idcirco</strong></span> 
     </span>
    </p>
   </div>
   <div class='ocr_carea' id='block_1_19' title="bbox 1821 606 3431 678">
    <p class='ocr_par' dir='ltr' id='par_1_19' title="bbox 1821 606 3431 678">
     <span class='ocr_line' id='line_1_19' title="bbox 1821 606 3431 678; baseline 0.001 -18"><span class='ocrx_word' id='word_1_133' title='bbox 1821 621 1918 675; x_wconf 89' lang='lat' dir='ltr'><strong>per</strong></span> <span class='ocrx_word' id='word_1_134' title='bbox 1958 606 2098 660; x_wconf 87' lang='lat' dir='ltr'><strong>hanc</strong></span> <span class='ocrx_word' id='word_1_135' title='bbox 2130 618 2450 674; x_wconf 68' lang='lat' dir='ltr'><strong>prmsentem</strong></span> <span class='ocrx_word' id='word_1_136' title='bbox 2504 607 2926 678; x_wconf 60' lang='lat' dir='ltr'><strong>praeceptionem</strong></span> <span class='ocrx_word' id='word_1_137' title='bbox 2955 607 3234 678; x_wconf 84' lang='lat' dir='ltr'><strong>juhemus,</strong></span> <span class='ocrx_word' id='word_1_138' title='bbox 3266 618 3431 676; x_wconf 80' lang='lat' dir='ltr'><strong>atque</strong></span> 
     </span>
    </p>
   </div>
   <div class='ocr_carea' id='block_1_20' title="bbox 1822 698 3427 770">
    <p class='ocr_par' dir='ltr' id='par_1_20' title="bbox 1822 698 3427 770">
     <span class='ocr_line' id='line_1_20' title="bbox 1822 698 3427 770; baseline 0 -18"><span class='ocrx_word' id='word_1_139' title='bbox 1822 706 2084 768; x_wconf 87' lang='lat' dir='ltr'><strong>perpetuo</strong></span> <span class='ocrx_word' id='word_1_140' title='bbox 2140 698 2353 752; x_wconf 89' lang='lat' dir='ltr'><strong>ﬁrmum</strong></span> <span class='ocrx_word' id='word_1_141' title='bbox 2409 700 2524 752; x_wconf 86' lang='lat' dir='ltr'><strong>fore</strong></span> <span class='ocrx_word' id='word_1_142' title='bbox 2576 699 2942 764; x_wconf 85' lang='lat' dir='ltr'><strong>decernimus,</strong></span> <span class='ocrx_word' id='word_1_143' title='bbox 2979 711 3033 752; x_wconf 90' lang='lat' dir='ltr'><strong>ut</strong></span> <span class='ocrx_word' id='word_1_144' title='bbox 3068 698 3427 770; x_wconf 78' lang='lat' dir='ltr'><strong>Luggogalus,</strong></span> 
     </span>
    </p>
   </div>
   <div class='ocr_carea' id='block_1_21' title="bbox 1817 791 3429 862">
    <p class='ocr_par' dir='ltr' id='par_1_21' title="bbox 1817 791 3429 862">
     <span class='ocr_line' id='line_1_21' title="bbox 1817 791 3429 862; baseline -0.001 -15"><span class='ocrx_word' id='word_1_145' title='bbox 1817 791 2137 858; x_wconf 85' lang='lat' dir='ltr'><strong>Curciacus,</strong></span> <span class='ocrx_word' id='word_1_146' title='bbox 2167 792 2459 861; x_wconf 87' lang='lat' dir='ltr'><strong>Lupiacus,</strong></span> <span class='ocrx_word' id='word_1_147' title='bbox 2485 791 2756 862; x_wconf 76' lang='lat' dir='ltr'><strong>Magittus,</strong></span> <span class='ocrx_word' id='word_1_148' title='bbox 2779 791 3082 857; x_wconf 87' lang='lat' dir='ltr'><strong>Catuntius,</strong></span> <span class='ocrx_word' id='word_1_149' title='bbox 3109 793 3429 857; x_wconf 66' lang='lat' dir='ltr'><strong>hminem,</strong></span> 
     </span>
    </p>
   </div>
   <div class='ocr_carea' id='block_1_22' title="bbox 1821 870 3428 956">
    <p class='ocr_par' dir='ltr' id='par_1_22' title="bbox 1821 870 3428 956">
     <span class='ocr_line' id='line_1_22' title="bbox 1821 870 3428 956; baseline 0.001 -18"><span class='ocrx_word' id='word_1_150' title='bbox 1821 885 2025 951; x_wconf 70' lang='lat' dir='ltr'><strong>Luona,</strong></span> <span class='ocrx_word' id='word_1_151' title='bbox 2058 885 2374 949; x_wconf 83' lang='lat' dir='ltr'><strong>Nobridius,</strong></span> <span class='ocrx_word' id='word_1_152' title='bbox 2428 870 2768 951; x_wconf 76' lang='lat' dir='ltr'><strong>Albiniacus,</strong></span> <span class='ocrx_word' id='word_1_153' title='bbox 2800 885 3133 956; x_wconf 61' lang='lat' dir='ltr'><strong>Mazoyaius,</strong></span> <span class='ocrx_word' id='word_1_154' title='bbox 3176 884 3428 940; x_wconf 84' lang='lat' dir='ltr'><strong>Podcnti-</strong></span> 
     </span>
    </p>
   </div>
   <div class='ocr_carea' id='block_1_23' title="bbox 1820 974 3427 1043">
    <p class='ocr_par' dir='ltr' id='par_1_23' title="bbox 1820 974 3427 1043">
     <span class='ocr_line' id='line_1_23' title="bbox 1820 974 3427 1043; baseline -0.001 -13"><span class='ocrx_word' id='word_1_155' title='bbox 1820 978 2029 1043; x_wconf 75' lang='lat' dir='ltr'><strong>niacus,</strong></span> <span class='ocrx_word' id='word_1_156' title='bbox 2053 976 2394 1039; x_wconf 87' lang='lat' dir='ltr'><strong>Castanelus,</strong></span> <span class='ocrx_word' id='word_1_157' title='bbox 2421 975 2767 1042; x_wconf 88' lang='lat' dir='ltr'><strong>Camiliacus,</strong></span> <span class='ocrx_word' id='word_1_158' title='bbox 2796 975 3086 1042; x_wconf 80' lang='lat' dir='ltr'><strong>Brionnu-,</strong></span> <span class='ocrx_word' id='word_1_159' title='bbox 3108 974 3427 1043; x_wconf 75' lang='lat' dir='ltr'><strong>Novieutus,</strong></span> 
     </span>
    </p>
   </div>
   <div class='ocr_carea' id='block_1_24' title="bbox 1819 1066 3431 1136">
    <p class='ocr_par' dir='ltr' id='par_1_24' title="bbox 1819 1066 3431 1136">
     <span class='ocr_line' id='line_1_24' title="bbox 1819 1066 3431 1136; baseline -0.001 -13"><span class='ocrx_word' id='word_1_160' title='bbox 1819 1067 2231 1132; x_wconf 86' lang='lat' dir='ltr'><strong>Cenestolalus,</strong></span> <span class='ocrx_word' id='word_1_161' title='bbox 2258 1068 2547 1133; x_wconf 56' lang='lat' dir='ltr'><strong>Caniacue,</strong></span> <span class='ocrx_word' id='word_1_162' title='bbox 2597 1069 2855 1134; x_wconf 80' lang='lat' dir='ltr'><strong>Ainetus,</strong></span> <span class='ocrx_word' id='word_1_163' title='bbox 2884 1066 3198 1136; x_wconf 68' lang='lat' dir='ltr'><strong>Cadriatus,</strong></span> <span class='ocrx_word' id='word_1_164' title='bbox 3223 1068 3431 1136; x_wconf 74' lang='lat' dir='ltr'><strong>lcrila,</strong></span> 
     </span>
    </p>
   </div>
   <div class='ocr_carea' id='block_1_25' title="bbox 1820 1160 3434 1229">
    <p class='ocr_par' dir='ltr' id='par_1_25' title="bbox 1820 1160 3434 1229">
     <span class='ocr_line' id='line_1_25' title="bbox 1820 1160 3434 1229; baseline 0.001 -14"><span class='ocrx_word' id='word_1_165' title='bbox 1820 1162 2109 1227; x_wconf 68' lang='lat' dir='ltr'><strong>Delliacus,</strong></span> <span class='ocrx_word' id='word_1_166' title='bbox 2155 1160 2517 1228; x_wconf 82' lang='lat' dir='ltr'><strong>Parriciacus,</strong></span> <span class='ocrx_word' id='word_1_167' title='bbox 2573 1161 2951 1228; x_wconf 82' lang='lat' dir='ltr'><strong>Prisciniacus,</strong></span> <span class='ocrx_word' id='word_1_168' title='bbox 3002 1162 3305 1229; x_wconf 70' lang='lat' dir='ltr'><strong>(lassiacus,</strong></span> <span class='ocrx_word' id='word_1_169' title='bbox 3338 1164 3434 1217; x_wconf 85' lang='lat' dir='ltr'><strong>Sa-</strong></span> 
     </span>
    </p>
   </div>
   <div class='ocr_carea' id='block_1_26' title="bbox 1820 1256 3432 1325">
    <p class='ocr_par' dir='ltr' id='par_1_26' title="bbox 1820 1256 3432 1325">
     <span class='ocr_line' id='line_1_26' title="bbox 1820 1256 3432 1325; baseline 0.001 -15"><span class='ocrx_word' id='word_1_170' title='bbox 1820 1256 2036 1325; x_wconf 77' lang='lat' dir='ltr'><strong>dobria,</strong></span> <span class='ocrx_word' id='word_1_171' title='bbox 2066 1256 2445 1324; x_wconf 83' lang='lat' dir='ltr'><strong>Mernbriolas,</strong></span> <span class='ocrx_word' id='word_1_172' title='bbox 2490 1256 2786 1325; x_wconf 88' lang='lat' dir='ltr'><strong>Spicarias,</strong></span> <span class='ocrx_word' id='word_1_173' title='bbox 2835 1256 3109 1324; x_wconf 84' lang='lat' dir='ltr'><strong>Ortlucas,</strong></span> <span class='ocrx_word' id='word_1_174' title='bbox 3142 1257 3432 1321; x_wconf 79' lang='lat' dir='ltr'><strong>Sereouas,</strong></span> 
     </span>
    </p>
   </div>
   <div class='ocr_carea' id='block_1_27' title="bbox 1817 1350 3435 1421">
    <p class='ocr_par' dir='ltr' id='par_1_27' title="bbox 1817 1350 3435 1421">
     <span class='ocr_line' id='line_1_27' title="bbox 1817 1350 3435 1421; baseline 0 -15"><span class='ocrx_word' id='word_1_175' title='bbox 1817 1351 2208 1416; x_wconf 79' lang='lat' dir='ltr'><strong>Salustriacus,</strong></span> <span class='ocrx_word' id='word_1_176' title='bbox 2244 1350 2563 1416; x_wconf 83' lang='lat' dir='ltr'><strong>Lausiacus,</strong></span> <span class='ocrx_word' id='word_1_177' title='bbox 2600 1352 2842 1421; x_wconf 69' lang='lat' dir='ltr'><strong>Asellus,</strong></span> <span class='ocrx_word' id='word_1_178' title='bbox 2886 1352 3198 1418; x_wconf 71' lang='lat' dir='ltr'><strong>Delciintus,</strong></span> <span class='ocrx_word' id='word_1_179' title='bbox 3224 1352 3435 1408; x_wconf 86' lang='lat' dir='ltr'><strong>&#39;frinic-</strong></span> 
     </span>
    </p>
   </div>
   <div class='ocr_carea' id='block_1_28' title="bbox 1817 1443 3433 1515">
    <p class='ocr_par' dir='ltr' id='par_1_28' title="bbox 1817 1443 3433 1515">
     <span class='ocr_line' id='line_1_28' title="bbox 1817 1443 3433 1515; baseline 0.002 -18"><span class='ocrx_word' id='word_1_180' title='bbox 1817 1444 2047 1509; x_wconf 80' lang='lat' dir='ltr'><strong>robrus,‘</strong></span> <span class='ocrx_word' id='word_1_181' title='bbox 2078 1444 2446 1507; x_wconf 85' lang='lat' dir='ltr'><strong>Baionvilare,</strong></span> <span class='ocrx_word' id='word_1_182' title='bbox 2494 1443 2842 1509; x_wconf 70' lang='lat' dir='ltr'><strong>Nova-Villa,</strong></span> <span class='ocrx_word' id='word_1_183' title='bbox 2889 1445 3152 1515; x_wconf 76' lang='lat' dir='ltr'><strong>Noéntus,</strong></span> <span class='ocrx_word' id='word_1_184' title='bbox 3197 1447 3433 1510; x_wconf 87' lang='lat' dir='ltr'><strong>Blasina,</strong></span> 
     </span>
    </p>
   </div>
   <div class='ocr_carea' id='block_1_29' title="bbox 1818 1534 3434 1607">
    <p class='ocr_par' dir='ltr' id='par_1_29' title="bbox 1818 1534 3434 1607">
     <span class='ocr_line' id='line_1_29' title="bbox 1818 1534 3434 1607; baseline 0.001 -17"><span class='ocrx_word' id='word_1_185' title='bbox 1818 1536 2098 1600; x_wconf 79' lang='lat' dir='ltr'><strong>Poeiacus,</strong></span> <span class='ocrx_word' id='word_1_186' title='bbox 2132 1534 2490 1602; x_wconf 84' lang='lat' dir='ltr'><strong>Talsiniacus,</strong></span> <span class='ocrx_word' id='word_1_187' title='bbox 2538 1535 2875 1607; x_wconf 80' lang='lat' dir='ltr'><strong>Brigogaius,</strong></span> <span class='ocrx_word' id='word_1_188' title='bbox 2927 1537 3183 1602; x_wconf 81' lang='lat' dir='ltr'><strong>Crucilia,</strong></span> <span class='ocrx_word' id='word_1_189' title='bbox 3238 1539 3434 1593; x_wconf 84' lang='lat' dir='ltr'><strong>Dlada-</strong></span> 
     </span>
    </p>
   </div>
   <div class='ocr_carea' id='block_1_30' title="bbox 1817 1627 3433 1701">
    <p class='ocr_par' dir='ltr' id='par_1_30' title="bbox 1817 1627 3433 1701">
     <span class='ocr_line' id='line_1_30' title="bbox 1817 1627 3433 1701; baseline -0.001 -20"><span class='ocrx_word' id='word_1_190' title='bbox 1817 1628 2007 1694; x_wconf 89' lang='lat' dir='ltr'><strong>laicus,</strong></span> <span class='ocrx_word' id='word_1_191' title='bbox 2033 1627 2323 1693; x_wconf 83' lang='lat' dir='ltr'><strong>Dociacus,</strong></span> <span class='ocrx_word' id='word_1_192' title='bbox 2355 1628 2665 1694; x_wconf 77' lang='lat' dir='ltr'><strong>Melciacus,</strong></span> <span class='ocrx_word' id='word_1_193' title='bbox 2692 1629 2978 1700; x_wconf 76' lang='lat' dir='ltr'><strong>Ai-gitlaiis</strong></span> <span class='ocrx_word' id='word_1_194' title='bbox 3001 1640 3208 1701; x_wconf 77' lang='lat' dir='ltr'><strong>portus,</strong></span> <span class='ocrx_word' id='word_1_195' title='bbox 3235 1630 3433 1698; x_wconf 67' lang='grc' dir='ltr'><strong>Ιὶεδιίς,</strong></span> 
     </span>
    </p>
   </div>
   <div class='ocr_carea' id='block_1_31' title="bbox 1814 1719 3437 1790">
    <p class='ocr_par' dir='ltr' id='par_1_31' title="bbox 1814 1719 3437 1790">
     <span class='ocr_line' id='line_1_31' title="bbox 1814 1719 3437 1790; baseline 0.003 -18"><span class='ocrx_word' id='word_1_196' title='bbox 1814 1720 2171 1785; x_wconf 82' lang='lat' dir='ltr'><strong>Antoniacus,</strong></span> <span class='ocrx_word' id='word_1_197' title='bbox 2203 1734 2328 1773; x_wconf 90' lang='lat' dir='ltr'><strong>cum</strong></span> <span class='ocrx_word' id='word_1_198' title='bbox 2380 1719 2761 1790; x_wconf 85' lang='lat' dir='ltr'><strong>appendentiis</strong></span> <span class='ocrx_word' id='word_1_199' title='bbox 2803 1736 3013 1789; x_wconf 61' lang='lat' dir='ltr'><strong>eorum,</strong></span> <span class='ocrx_word' id='word_1_200' title='bbox 3046 1724 3185 1777; x_wconf 86' lang='lat' dir='ltr'><strong>sicut</strong></span> <span class='ocrx_word' id='word_1_201' title='bbox 3214 1723 3437 1777; x_wconf 89' lang='lat' dir='ltr'><strong>admen-</strong></span> 
     </span>
    </p>
   </div>
   <div class='ocr_carea' id='block_1_32' title="bbox 96 1790 3436 1879">
    <p class='ocr_par' dir='ltr' id='par_1_32' title="bbox 96 1790 3436 1879">
     <span class='ocr_line' id='line_1_32' title="bbox 96 1790 3436 1879; baseline 0.004 -25"><span class='ocrx_word' id='word_1_202' title='bbox 96 1812 346 1867; x_wconf 74' lang='lat' dir='ltr'><strong>tumpore</strong></span> <span class='ocrx_word' id='word_1_203' title='bbox 389 1816 708 1858; x_wconf 81' lang='lat' dir='ltr'><strong>concessum</strong></span> <span class='ocrx_word' id='word_1_204' title='bbox 748 1818 913 1873; x_wconf 85' lang='lat' dir='ltr'><strong>atque</strong></span> <span class='ocrx_word' id='word_1_205' title='bbox 955 1806 1221 1861; x_wconf 89' lang='lat' dir='ltr'><strong>indultum</strong></span> <span class='ocrx_word' id='word_1_206' title='bbox 1271 1821 1395 1863; x_wconf 84' lang='lat' dir='ltr'><strong>esse</strong></span> <span class='ocrx_word' id='word_1_207' title='bbox 1428 1808 1700 1875; x_wconf 89' lang='lat' dir='ltr'><strong>volumus,</strong></span> <span class='ocrx_word' id='word_1_208' title='bbox 1746 1790 1785 1850; x_wconf 74' lang='grc' dir='ltr'><strong>Β</strong></span> <span class='ocrx_word' id='word_1_209' title='bbox 1815 1818 2017 1866; x_wconf 72' lang='lat' dir='ltr'><strong>suratze</strong></span> <span class='ocrx_word' id='word_1_210' title='bbox 2059 1822 2210 1878; x_wconf 87' lang='lat' dir='ltr'><strong>sunt,</strong></span> <span class='ocrx_word' id='word_1_211' title='bbox 2237 1812 2496 1867; x_wconf 83' lang='lat' dir='ltr'><strong>fratribus</strong></span> <span class='ocrx_word' id='word_1_212' title='bbox 2518 1811 2847 1867; x_wconf 72' lang='lat' dir='ltr'><strong>deserviant.</strong></span> <span class='ocrx_word' id='word_1_213' title='bbox 2872 1812 3436 1879; x_wconf 83' lang='lat' dir='ltr'><strong>Similiterstatuimus</strong></span> 
     </span>
    </p>
   </div>
   <div class='ocr_carea' id='block_1_33' title="bbox 99 1892 1706 1967">
    <p class='ocr_par' dir='ltr' id='par_1_33' title="bbox 99 1892 1706 1967">
     <span class='ocr_line' id='line_1_33' title="bbox 99 1892 1706 1967; baseline 0.009 -26"><span class='ocrx_word' id='word_1_214' title='bbox 99 1901 171 1946; x_wconf 87' lang='lat' dir='ltr'><strong>ut.</strong></span> <span class='ocrx_word' id='word_1_215' title='bbox 203 1892 355 1946; x_wconf 90' lang='lat' dir='ltr'><strong>sicut</strong></span> <span class='ocrx_word' id='word_1_216' title='bbox 377 1892 638 1960; x_wconf 61' lang='lat' dir='ltr'><strong>diximus,</strong></span> <span class='ocrx_word' id='word_1_217' title='bbox 671 1894 740 1950; x_wconf 86' lang='lat' dir='ltr'><strong>de</strong></span> <span class='ocrx_word' id='word_1_218' title='bbox 768 1895 1027 1951; x_wconf 86' lang='lat' dir='ltr'><strong>omnibus</strong></span> <span class='ocrx_word' id='word_1_219' title='bbox 1048 1897 1275 1951; x_wconf 90' lang='lat' dir='ltr'><strong>teloneis</strong></span> <span class='ocrx_word' id='word_1_220' title='bbox 1298 1899 1353 1951; x_wconf 90' lang='lat' dir='ltr'><strong>in</strong></span> <span class='ocrx_word' id='word_1_221' title='bbox 1374 1899 1706 1967; x_wconf 82' lang='lat' dir='ltr'><strong>civitatibus,</strong></span> 
     </span>
    </p>
   </div>
   <div class='ocr_carea' id='block_1_34' title="bbox 100 1982 1705 2061">
    <p class='ocr_par' dir='ltr' id='par_1_34' title="bbox 100 1982 1705 2061">
     <span class='ocr_line' id='line_1_34' title="bbox 100 1982 1705 2061; baseline 0.009 -29"><span class='ocrx_word' id='word_1_222' title='bbox 100 1982 256 2048; x_wconf 84' lang='lat' dir='ltr'><strong>vicis,</strong></span> <span class='ocrx_word' id='word_1_223' title='bbox 282 1983 533 2050; x_wconf 87' lang='lat' dir='ltr'><strong>villabus,</strong></span> <span class='ocrx_word' id='word_1_224' title='bbox 561 1986 764 2055; x_wconf 85' lang='lat' dir='ltr'><strong>pontis,</strong></span> <span class='ocrx_word' id='word_1_225' title='bbox 794 1988 1075 2056; x_wconf 85' lang='lat' dir='ltr'><strong>portubus,</strong></span> <span class='ocrx_word' id='word_1_226' title='bbox 1109 1990 1404 2056; x_wconf 87' lang='lat' dir='ltr'><strong>pontatico,</strong></span> <span class='ocrx_word' id='word_1_227' title='bbox 1440 1992 1705 2061; x_wconf 88' lang='lat' dir='ltr'><strong>rodatico,</strong></span> 
     </span>
    </p>
   </div>
   <div class='ocr_carea' id='block_1_35' title="bbox 98 2074 1709 2148">
    <p class='ocr_par' dir='ltr' id='par_1_35' title="bbox 98 2074 1709 2148">
     <span class='ocr_line' id='line_1_35' title="bbox 98 2074 1709 2148; baseline 0.009 -23"><span class='ocrx_word' id='word_1_228' title='bbox 98 2074 471 2140; x_wconf 81' lang='lat' dir='ltr'><strong>barganatico,</strong></span> <span class='ocrx_word' id='word_1_229' title='bbox 524 2076 878 2144; x_wconf 85' lang='lat' dir='ltr'><strong>pulveratico,</strong></span> <span class='ocrx_word' id='word_1_230' title='bbox 931 2081 1212 2145; x_wconf 85' lang='lat' dir='ltr'><strong>mutatico,</strong></span> <span class='ocrx_word' id='word_1_231' title='bbox 1272 2083 1521 2148; x_wconf 89' lang='lat' dir='ltr'><strong>rivatico,</strong></span> <span class='ocrx_word' id='word_1_232' title='bbox 1563 2084 1709 2138; x_wconf 83' lang='lat' dir='ltr'><strong>salu-</strong></span> 
     </span>
    </p>
   </div>
   <div class='ocr_carea' id='block_1_36' title="bbox 96 2165 1708 2243">
    <p class='ocr_par' dir='ltr' id='par_1_36' title="bbox 96 2165 1708 2243">
     <span class='ocr_line' id='line_1_36' title="bbox 96 2165 1708 2243; baseline 0.007 -25"><span class='ocrx_word' id='word_1_233' title='bbox 96 2167 282 2229; x_wconf 77' lang='lat' dir='ltr'><strong>tatico,</strong></span> <span class='ocrx_word' id='word_1_234' title='bbox 314 2165 604 2233; x_wconf 78' lang='lat' dir='ltr'><strong>laudatico,</strong></span> <span class='ocrx_word' id='word_1_235' title='bbox 633 2170 920 2237; x_wconf 82' lang='lat' dir='ltr'><strong>trsnatico,</strong></span> <span class='ocrx_word' id='word_1_236' title='bbox 950 2183 1006 2225; x_wconf 91' lang='lat' dir='ltr'><strong>et</strong></span> <span class='ocrx_word' id='word_1_237' title='bbox 1049 2172 1118 2227; x_wconf 91' lang='lat' dir='ltr'><strong>de</strong></span> <span class='ocrx_word' id='word_1_238' title='bbox 1149 2174 1250 2227; x_wconf 83' lang='lat' dir='ltr'><strong>hoc</strong></span> <span class='ocrx_word' id='word_1_239' title='bbox 1281 2175 1422 2243; x_wconf 89' lang='lat' dir='ltr'><strong>quod</strong></span> <span class='ocrx_word' id='word_1_240' title='bbox 1459 2175 1708 2231; x_wconf 85' lang='lat' dir='ltr'><strong>homines</strong></span> 
     </span>
    </p>
   </div>
   <div class='ocr_carea' id='block_1_37' title="bbox 97 2258 1700 2337">
    <p class='ocr_par' dir='ltr' id='par_1_37' title="bbox 97 2258 1700 2337">
     <span class='ocr_line' id='line_1_37' title="bbox 97 2258 1700 2337; baseline 0.009 -26"><span class='ocrx_word' id='word_1_241' title='bbox 97 2273 283 2311; x_wconf 82' lang='lat' dir='ltr'><strong>eorum</strong></span> <span class='ocrx_word' id='word_1_242' title='bbox 310 2260 373 2311; x_wconf 84' lang='lat' dir='ltr'><strong>ad</strong></span> <span class='ocrx_word' id='word_1_243' title='bbox 395 2258 616 2314; x_wconf 82' lang='lat' dir='ltr'><strong>dorsum</strong></span> <span class='ocrx_word' id='word_1_244' title='bbox 642 2272 876 2331; x_wconf 83' lang='lat' dir='ltr'><strong>portant,</strong></span> <span class='ocrx_word' id='word_1_245' title='bbox 904 2274 957 2318; x_wconf 93' lang='lat' dir='ltr'><strong>et</strong></span> <span class='ocrx_word' id='word_1_246' title='bbox 978 2264 1047 2320; x_wconf 85' lang='lat' dir='ltr'><strong>de</strong></span> <span class='ocrx_word' id='word_1_247' title='bbox 1069 2268 1468 2337; x_wconf 85' lang='lat' dir='ltr'><strong>negetiantibus</strong></span> <span class='ocrx_word' id='word_1_248' title='bbox 1487 2286 1700 2337; x_wconf 84' lang='lat' dir='ltr'><strong>eorum,</strong></span> 
     </span>
    </p>
   </div>
   <div class='ocr_carea' id='block_1_38' title="bbox 98 2351 1704 2433">
    <p class='ocr_par' dir='ltr' id='par_1_38' title="bbox 98 2351 1704 2433">
     <span class='ocr_line' id='line_1_38' title="bbox 98 2351 1704 2433; baseline 0.012 -33"><span class='ocrx_word' id='word_1_249' title='bbox 98 2355 174 2404; x_wconf 86' lang='lat' dir='ltr'><strong>vel</strong></span> <span class='ocrx_word' id='word_1_250' title='bbox 221 2351 295 2406; x_wconf 90' lang='lat' dir='ltr'><strong>de</strong></span> <span class='ocrx_word' id='word_1_251' title='bbox 336 2354 591 2407; x_wconf 89' lang='lat' dir='ltr'><strong>omnibus</strong></span> <span class='ocrx_word' id='word_1_252' title='bbox 640 2355 956 2413; x_wconf 80' lang='lat' dir='ltr'><strong>hominzbus</strong></span> <span class='ocrx_word' id='word_1_253' title='bbox 999 2373 1189 2414; x_wconf 90' lang='lat' dir='ltr'><strong>eorum</strong></span> <span class='ocrx_word' id='word_1_254' title='bbox 1220 2363 1418 2419; x_wconf 85' lang='lat' dir='ltr'><strong>devote</strong></span> <span class='ocrx_word' id='word_1_255' title='bbox 1469 2378 1566 2432; x_wconf 92' lang='lat' dir='ltr'><strong>pro</strong></span> <span class='ocrx_word' id='word_1_256' title='bbox 1591 2364 1704 2433; x_wconf 82' lang='lat' dir='ltr'><strong>ipsa</strong></span> 
     </span>
    </p>
   </div>
   <div class='ocr_carea' id='block_1_39' title="bbox 96 2441 1705 2522">
    <p class='ocr_par' dir='ltr' id='par_1_39' title="bbox 96 2441 1705 2522">
     <span class='ocr_line' id='line_1_39' title="bbox 96 2441 1705 2522; baseline 0.011 -29"><span class='ocrx_word' id='word_1_257' title='bbox 96 2456 213 2493; x_wconf 83' lang='lat' dir='ltr'><strong>casa</strong></span> <span class='ocrx_word' id='word_1_258' title='bbox 273 2441 390 2506; x_wconf 85' lang='lat' dir='ltr'><strong>Dei,</strong></span> <span class='ocrx_word' id='word_1_259' title='bbox 442 2444 631 2499; x_wconf 80' lang='lat' dir='ltr'><strong>Sancti</strong></span> <span class='ocrx_word' id='word_1_260' title='bbox 692 2445 835 2501; x_wconf 81' lang='lat' dir='ltr'><strong>l’etri</strong></span> <span class='ocrx_word' id='word_1_261' title='bbox 887 2457 942 2503; x_wconf 88' lang='lat' dir='ltr'><strong>et</strong></span> <span class='ocrx_word' id='word_1_262' title='bbox 998 2448 1182 2505; x_wconf 81' lang='lat' dir='ltr'><strong>Sancti</strong></span> <span class='ocrx_word' id='word_1_263' title='bbox 1243 2451 1515 2522; x_wconf 62' lang='lat' dir='ltr'><strong>l’ra‘jecti,</strong></span> <span class='ocrx_word' id='word_1_264' title='bbox 1556 2456 1705 2513; x_wconf 86' lang='lat' dir='ltr'><strong>muni</strong></span> 
     </span>
    </p>
   </div>
   <div class='ocr_carea' id='block_1_40' title="bbox 90 2538 1704 2614">
    <p class='ocr_par' dir='ltr' id='par_1_40' title="bbox 90 2538 1704 2614">
     <span class='ocr_line' id='line_1_40' title="bbox 90 2538 1704 2614; baseline 0.009 -29"><span class='ocrx_word' id='word_1_265' title='bbox 90 2544 336 2603; x_wconf 81' lang='lat' dir='ltr'><strong>tempore</strong></span> <span class='ocrx_word' id='word_1_266' title='bbox 369 2538 755 2605; x_wconf 88' lang='lat' dir='ltr'><strong>perpetualiter</strong></span> <span class='ocrx_word' id='word_1_267' title='bbox 775 2542 1146 2598; x_wconf 83' lang='lat' dir='ltr'><strong>concessimus</strong></span> <span class='ocrx_word' id='word_1_268' title='bbox 1168 2555 1329 2614; x_wconf 78' lang='lat' dir='ltr'><strong>atque</strong></span> <span class='ocrx_word' id='word_1_269' title='bbox 1360 2545 1704 2603; x_wconf 83' lang='lat' dir='ltr'><strong>indulsimus.</strong></span> 
     </span>
    </p>
   </div>
   <div class='ocr_carea' id='block_1_41' title="bbox 97 2627 1705 2704">
    <p class='ocr_par' dir='ltr' id='par_1_41' title="bbox 97 2627 1705 2704">
     <span class='ocr_line' id='line_1_41' title="bbox 97 2627 1705 2704; baseline 0.011 -23"><span class='ocrx_word' id='word_1_270' title='bbox 97 2627 354 2681; x_wconf 80' lang='lat' dir='ltr'><strong>Similiter</strong></span> <span class='ocrx_word' id='word_1_271' title='bbox 380 2631 731 2687; x_wconf 83' lang='lat' dir='ltr'><strong>concedimus</strong></span> <span class='ocrx_word' id='word_1_272' title='bbox 759 2635 826 2688; x_wconf 87' lang='lat' dir='ltr'><strong>ad</strong></span> <span class='ocrx_word' id='word_1_273' title='bbox 862 2635 1034 2704; x_wconf 89' lang='lat' dir='ltr'><strong>ipsam</strong></span> <span class='ocrx_word' id='word_1_274' title='bbox 1060 2651 1242 2692; x_wconf 86' lang='lat' dir='ltr'><strong>casam</strong></span> <span class='ocrx_word' id='word_1_275' title='bbox 1276 2639 1367 2695; x_wconf 85' lang='lat' dir='ltr'><strong>Dei</strong></span> <span class='ocrx_word' id='word_1_276' title='bbox 1392 2641 1446 2695; x_wconf 91' lang='lat' dir='ltr'><strong>in</strong></span> <span class='ocrx_word' id='word_1_277' title='bbox 1476 2642 1705 2699; x_wconf 82' lang='lat' dir='ltr'><strong>villsbus</strong></span> 
     </span>
    </p>
   </div>
   <div class='ocr_carea' id='block_1_42' title="bbox 94 2728 1706 2796">
    <p class='ocr_par' dir='ltr' id='par_1_42' title="bbox 94 2728 1706 2796">
     <span class='ocr_line' id='line_1_42' title="bbox 94 2728 1706 2796; baseline 0.011 -25"><span class='ocrx_word' id='word_1_278' title='bbox 94 2732 301 2784; x_wconf 87' lang='lat' dir='ltr'><strong>eorum,</strong></span> <span class='ocrx_word' id='word_1_279' title='bbox 357 2734 453 2776; x_wconf 90' lang='lat' dir='ltr'><strong>seu</strong></span> <span class='ocrx_word' id='word_1_280' title='bbox 506 2738 671 2793; x_wconf 87' lang='lat' dir='ltr'><strong>super</strong></span> <span class='ocrx_word' id='word_1_281' title='bbox 722 2728 1028 2782; x_wconf 87' lang='lat' dir='ltr'><strong>terraturiis</strong></span> <span class='ocrx_word' id='word_1_282' title='bbox 1083 2744 1293 2796; x_wconf 89' lang='lat' dir='ltr'><strong>eorum,</strong></span> <span class='ocrx_word' id='word_1_283' title='bbox 1353 2734 1436 2786; x_wconf 83' lang='lat' dir='ltr'><strong>vel</strong></span> <span class='ocrx_word' id='word_1_284' title='bbox 1493 2735 1706 2789; x_wconf 84' lang='lat' dir='ltr'><strong>cinctus</strong></span> 
     </span>
    </p>
   </div>
   <div class='ocr_carea' id='block_1_43' title="bbox 96 2815 1704 2898">
    <p class='ocr_par' dir='ltr' id='par_1_43' title="bbox 96 2815 1704 2898">
     <span class='ocr_line' id='line_1_43' title="bbox 96 2815 1704 2898; baseline 0.011 -34"><span class='ocrx_word' id='word_1_285' title='bbox 96 2824 274 2868; x_wconf 87' lang='lat' dir='ltr'><strong>eorum</strong></span> <span class='ocrx_word' id='word_1_286' title='bbox 308 2815 445 2869; x_wconf 89' lang='lat' dir='ltr'><strong>infra</strong></span> <span class='ocrx_word' id='word_1_287' title='bbox 474 2828 567 2871; x_wconf 90' lang='lat' dir='ltr'><strong>aut</strong></span> <span class='ocrx_word' id='word_1_288' title='bbox 590 2817 795 2875; x_wconf 89' lang='lat' dir='ltr'><strong>adforis</strong></span> <span class='ocrx_word' id='word_1_289' title='bbox 826 2820 1028 2877; x_wconf 90' lang='lat' dir='ltr'><strong>ibidem</strong></span> <span class='ocrx_word' id='word_1_290' title='bbox 1070 2825 1409 2893; x_wconf 87' lang='lat' dir='ltr'><strong>advenerint,</strong></span> <span class='ocrx_word' id='word_1_291' title='bbox 1442 2837 1496 2883; x_wconf 91' lang='lat' dir='ltr'><strong>et</strong></span> <span class='ocrx_word' id='word_1_292' title='bbox 1543 2828 1704 2898; x_wconf 36' lang='lat' dir='ltr'><strong>quid,</strong></span> 
     </span>
    </p>
   </div>
   <div class='ocr_carea' id='block_1_44' title="bbox 98 2905 1699 2985">
    <p class='ocr_par' dir='ltr' id='par_1_44' title="bbox 98 2905 1699 2985">
     <span class='ocr_line' id='line_1_44' title="bbox 98 2905 1699 2985; baseline 0.012 -29"><span class='ocrx_word' id='word_1_293' title='bbox 98 2905 216 2972; x_wconf 85' lang='lat' dir='ltr'><strong>quid</strong></span> <span class='ocrx_word' id='word_1_294' title='bbox 249 2905 448 2960; x_wconf 84' lang='lat' dir='ltr'><strong>ibidem</strong></span> <span class='ocrx_word' id='word_1_295' title='bbox 480 2911 811 2979; x_wconf 88' lang='lat' dir='ltr'><strong>negotiatum</strong></span> <span class='ocrx_word' id='word_1_296' title='bbox 834 2909 1021 2982; x_wconf 89' lang='lat' dir='ltr'><strong>fuerit,</strong></span> <span class='ocrx_word' id='word_1_297' title='bbox 1043 2930 1204 2971; x_wconf 90' lang='lat' dir='ltr'><strong>omne</strong></span> <span class='ocrx_word' id='word_1_298' title='bbox 1226 2916 1524 2985; x_wconf 88' lang='lat' dir='ltr'><strong>teloneum,</strong></span> <span class='ocrx_word' id='word_1_299' title='bbox 1554 2919 1699 2974; x_wconf 87' lang='lat' dir='ltr'><strong>sicut</strong></span> 
     </span>
    </p>
   </div>
   <div class='ocr_carea' id='block_1_45' title="bbox 98 2991 1701 3082">
    <p class='ocr_par' dir='ltr' id='par_1_45' title="bbox 98 2991 1701 3082">
     <span class='ocr_line' id='line_1_45' title="bbox 98 2991 1701 3082; baseline 0.009 -29"><span class='ocrx_word' id='word_1_300' title='bbox 98 3003 342 3067; x_wconf 76' lang='lat' dir='ltr'><strong>superius</strong></span> <span class='ocrx_word' id='word_1_301' title='bbox 372 3004 637 3072; x_wconf 82' lang='lat' dir='ltr'><strong>diximus,</strong></span> <span class='ocrx_word' id='word_1_302' title='bbox 667 3007 733 3061; x_wconf 91' lang='lat' dir='ltr'><strong>ad</strong></span> <span class='ocrx_word' id='word_1_303' title='bbox 761 3006 933 3076; x_wconf 81' lang='lat' dir='ltr'><strong>ipsam</strong></span> <span class='ocrx_word' id='word_1_304' title='bbox 962 2991 1144 3063; x_wconf 82' lang='lat' dir='ltr'><strong>casam</strong></span> <span class='ocrx_word' id='word_1_305' title='bbox 1169 3026 1268 3080; x_wconf 92' lang='lat' dir='ltr'><strong>per</strong></span> <span class='ocrx_word' id='word_1_306' title='bbox 1292 3021 1533 3067; x_wconf 82' lang='lat' dir='ltr'><strong>nostram</strong></span> <span class='ocrx_word' id='word_1_307' title='bbox 1561 3030 1701 3082; x_wconf 73' lang='lat' dir='ltr'><strong>pra:-</strong></span> 
     </span>
    </p>
   </div>
   <div class='ocr_carea' id='block_1_46' title="bbox 98 3096 1699 3175">
    <p class='ocr_par' dir='ltr' id='par_1_46' title="bbox 98 3096 1699 3175">
     <span class='ocr_line' id='line_1_46' title="bbox 98 3096 1699 3175; baseline 0.011 -30"><span class='ocrx_word' id='word_1_308' title='bbox 98 3096 395 3160; x_wconf 71' lang='lat' dir='ltr'><strong>cep’tionem</strong></span> <span class='ocrx_word' id='word_1_309' title='bbox 420 3099 811 3153; x_wconf 87' lang='lat' dir='ltr'><strong>concessimus.</strong></span> <span class='ocrx_word' id='word_1_310' title='bbox 842 3100 910 3155; x_wconf 85' lang='lat' dir='ltr'><strong>Et</strong></span> <span class='ocrx_word' id='word_1_311' title='bbox 934 3112 991 3156; x_wconf 89' lang='lat' dir='ltr'><strong>ut</strong></span> <span class='ocrx_word' id='word_1_312' title='bbox 1021 3101 1138 3159; x_wconf 67' lang='lat' dir='ltr'><strong>haec</strong></span> <span class='ocrx_word' id='word_1_313' title='bbox 1163 3105 1457 3175; x_wconf 67' lang='lat' dir='ltr'><strong>praacuptio</strong></span> <span class='ocrx_word' id='word_1_314' title='bbox 1490 3105 1699 3163; x_wconf 90' lang='lat' dir='ltr'><strong>ﬁrmior</strong></span> 
     </span>
    </p>
   </div>
   <div class='ocr_carea' id='block_1_47' title="bbox 105 3184 1697 3267">
    <p class='ocr_par' dir='ltr' id='par_1_47' title="bbox 105 3184 1697 3267">
     <span class='ocr_line' id='line_1_47' title="bbox 105 3184 1697 3267; baseline 0.014 -32"><span class='ocrx_word' id='word_1_315' title='bbox 105 3184 376 3251; x_wconf 78' lang='lat' dir='ltr'><strong>habeatur,</strong></span> <span class='ocrx_word' id='word_1_316' title='bbox 413 3196 468 3242; x_wconf 91' lang='lat' dir='ltr'><strong>et</strong></span> <span class='ocrx_word' id='word_1_317' title='bbox 499 3204 596 3257; x_wconf 87' lang='lat' dir='ltr'><strong>per</strong></span> <span class='ocrx_word' id='word_1_318' title='bbox 624 3200 866 3262; x_wconf 88' lang='lat' dir='ltr'><strong>tempora</strong></span> <span class='ocrx_word' id='word_1_319' title='bbox 897 3194 1093 3250; x_wconf 87' lang='lat' dir='ltr'><strong>melius</strong></span> <span class='ocrx_word' id='word_1_320' title='bbox 1124 3200 1501 3267; x_wconf 77' lang='lat' dir='ltr'><strong>conservetur,</strong></span> <span class='ocrx_word' id='word_1_321' title='bbox 1532 3214 1697 3257; x_wconf 90' lang='lat' dir='ltr'><strong>manu</strong></span> 
     </span>
    </p>
   </div>
   <div class='ocr_carea' id='block_1_48' title="bbox 54 3279 1484 3348">
    <p class='ocr_par' dir='ltr' id='par_1_48' title="bbox 54 3279 1484 3348">
     <span class='ocr_line' id='line_1_48' title="bbox 54 3279 1484 3348; baseline 0.014 -20"><span class='ocrx_word' id='word_1_322' title='bbox 54 3302 60 3307; x_wconf 90' lang='lat'><strong>-</strong></span> <span class='ocrx_word' id='word_1_323' title='bbox 100 3286 272 3331; x_wconf 80' lang='lat' dir='ltr'><strong>nostra</strong></span> <span class='ocrx_word' id='word_1_324' title='bbox 303 3279 491 3334; x_wconf 87' lang='lat' dir='ltr'><strong>subter</strong></span> <span class='ocrx_word' id='word_1_325' title='bbox 520 3282 867 3342; x_wconf 78' lang='lat' dir='ltr'><strong>decrevimus</strong></span> <span class='ocrx_word' id='word_1_326' title='bbox 892 3287 1201 3345; x_wconf 86' lang='lat' dir='ltr'><strong>adﬁrmare.</strong></span> <span class='ocrx_word' id='word_1_327' title='bbox 1236 3288 1484 3348; x_wconf 86' lang='lat' dir='ltr'><strong>Carolus.</strong></span> 
     </span>
    </p>
   </div>
   <div class='ocr_carea' id='block_1_49' title="bbox 165 3367 1691 3456">
    <p class='ocr_par' dir='ltr' id='par_1_49' title="bbox 165 3367 1691 3456">
     <span class='ocr_line' id='line_1_49' title="bbox 165 3367 1691 3456; baseline 0.015 -39"><span class='ocrx_word' id='word_1_328' title='bbox 165 3367 291 3421; x_wconf 86' lang='lat' dir='ltr'><strong>Data</strong></span> <span class='ocrx_word' id='word_1_329' title='bbox 323 3368 412 3424; x_wconf 91' lang='lat' dir='ltr'><strong>die</strong></span> <span class='ocrx_word' id='word_1_330' title='bbox 462 3386 493 3425; x_wconf 91' lang='lat' dir='ltr'><strong>v</strong></span> <span class='ocrx_word' id='word_1_331' title='bbox 524 3371 667 3428; x_wconf 78' lang='lat' dir='ltr'><strong>Non.</strong></span> <span class='ocrx_word' id='word_1_332' title='bbox 720 3377 860 3442; x_wconf 81' lang='lat' dir='ltr'><strong>Maii,</strong></span> <span class='ocrx_word' id='word_1_333' title='bbox 891 3386 946 3432; x_wconf 90' lang='lat' dir='ltr'><strong>et</strong></span> <span class='ocrx_word' id='word_1_334' title='bbox 991 3378 1195 3451; x_wconf 83' lang='lat' dir='ltr'><strong>scripta</strong></span> <span class='ocrx_word' id='word_1_335' title='bbox 1244 3396 1343 3451; x_wconf 87' lang='lat' dir='ltr'><strong>per</strong></span> <span class='ocrx_word' id='word_1_336' title='bbox 1388 3381 1691 3456; x_wconf 81' lang='lat' dir='ltr'><strong>Radom-m,</strong></span> 
     </span>
    </p>
   </div>
   <div class='ocr_carea' id='block_1_50' title="bbox 100 3459 1690 3543">
    <p class='ocr_par' dir='ltr' id='par_1_50' title="bbox 100 3459 1690 3543">
     <span class='ocr_line' id='line_1_50' title="bbox 100 3459 1690 3543; baseline 0.017 -34"><span class='ocrx_word' id='word_1_337' title='bbox 100 3459 228 3526; x_wconf 82' lang='lat' dir='ltr'><strong>apud</strong></span> <span class='ocrx_word' id='word_1_338' title='bbox 257 3459 607 3521; x_wconf 84' lang='lat' dir='ltr'><strong>Theodonem</strong></span> <span class='ocrx_word' id='word_1_339' title='bbox 659 3467 839 3522; x_wconf 86' lang='lat' dir='ltr'><strong>villam</strong></span> <span class='ocrx_word' id='word_1_340' title='bbox 890 3471 1096 3540; x_wconf 83' lang='lat' dir='ltr'><strong>palatio</strong></span> <span class='ocrx_word' id='word_1_341' title='bbox 1146 3472 1387 3543; x_wconf 83' lang='lat' dir='ltr'><strong>publico,</strong></span> <span class='ocrx_word' id='word_1_342' title='bbox 1439 3492 1585 3533; x_wconf 90' lang='lat' dir='ltr'><strong>anno</strong></span> <span class='ocrx_word' id='word_1_343' title='bbox 1614 3494 1690 3537; x_wconf 83' lang='lat' dir='ltr'><strong>vit</strong></span> 
     </span>
    </p>
   </div>
   <div class='ocr_carea' id='block_1_51' title="bbox 102 3552 993 3619">
    <p class='ocr_par' dir='ltr' id='par_1_51' title="bbox 102 3552 993 3619">
     <span class='ocr_line' id='line_1_51' title="bbox 102 3552 993 3619; baseline 0.016 -15"><span class='ocrx_word' id='word_1_344' title='bbox 102 3552 327 3618; x_wconf 70' lang='lat' dir='ltr'><strong>pmdicti</strong></span> <span class='ocrx_word' id='word_1_345' title='bbox 358 3554 562 3613; x_wconf 89' lang='lat' dir='ltr'><strong>domini</strong></span> <span class='ocrx_word' id='word_1_346' title='bbox 590 3560 758 3616; x_wconf 77' lang='lat' dir='ltr'><strong>nostri</strong></span> <span class='ocrx_word' id='word_1_347' title='bbox 784 3560 993 3619; x_wconf 86' lang='lat' dir='ltr'><strong>Caroli.</strong></span> 
     </span>
    </p>
   </div>
   <div class='ocr_carea' id='block_1_52' title="bbox 798 3677 990 3734">
    <p class='ocr_par' dir='ltr' id='par_1_52' title="bbox 798 3677 990 3734">
     <span class='ocr_line' id='line_1_52' title="bbox 798 3677 990 3734; baseline -0.005 0"><span class='ocrx_word' id='word_1_348' title='bbox 798 3677 990 3734; x_wconf 80' lang='lat' dir='ltr'><strong>XXIX.</strong></span> 
     </span>
    </p>
   </div>
   <div class='ocr_carea' id='block_1_53' title="bbox 102 3756 1692 3849">
    <p class='ocr_par' dir='ltr' id='par_1_53' title="bbox 102 3756 1692 3849">
     <span class='ocr_line' id='line_1_53' title="bbox 102 3756 1692 3849; baseline 0.017 -38"><span class='ocrx_word' id='word_1_349' title='bbox 102 3756 411 3833; x_wconf 71' lang='lat' dir='ltr'><strong>Pus-ceptum</strong></span> <span class='ocrx_word' id='word_1_350' title='bbox 447 3765 624 3823; x_wconf 80' lang='lat' dir='ltr'><strong>Caroli</strong></span> <span class='ocrx_word' id='word_1_351' title='bbox 671 3768 857 3849; x_wconf 71' lang='lat' dir='ltr'><strong>Magni</strong></span> <span class='ocrx_word' id='word_1_352' title='bbox 901 3790 997 3849; x_wconf 76' lang='lat' dir='ltr'><strong>pro</strong></span> <span class='ocrx_word' id='word_1_353' title='bbox 1036 3773 1327 3849; x_wconf 47' lang='lat' dir='ltr'><strong>(urguenti</strong></span> <span class='ocrx_word' id='word_1_354' title='bbox 1356 3780 1418 3836; x_wconf 84' lang='lat' dir='ltr'><strong>S.</strong></span> <span class='ocrx_word' id='word_1_355' title='bbox 1469 3779 1692 3838; x_wconf 67' lang='lat' dir='ltr'><strong>Martini</strong></span> 
     </span>
    </p>
   </div>
   <div class='ocr_carea' id='block_1_54' title="bbox 543 3846 1222 3919">
    <p class='ocr_par' dir='ltr' id='par_1_54' title="bbox 543 3846 1222 3919">
     <span class='ocr_line' id='line_1_54' title="bbox 543 3846 1222 3919; baseline 0.015 -26"><span class='ocrx_word' id='word_1_356' title='bbox 543 3846 858 3897; x_wconf 76' lang='lat' dir='ltr'><strong>ntanasterio</strong></span> <span class='ocrx_word' id='word_1_357' title='bbox 887 3846 1046 3915; x_wconf 76' lang='lat' dir='ltr'><strong>(anno</strong></span> <span class='ocrx_word' id='word_1_358' title='bbox 1066 3847 1222 3919; x_wconf 81' lang='lat'><strong>775).</strong></span> 
     </span>
    </p>
   </div>
   <div class='ocr_carea' id='block_1_55' title="bbox 565 3952 1193 4025">
    <p class='ocr_par' dir='ltr' id='par_1_55' title="bbox 565 3952 1193 4025">
     <span class='ocr_line' id='line_1_55' title="bbox 565 3952 1193 4025; baseline 0.011 -21"><span class='ocrx_word' id='word_1_359' title='bbox 565 3952 663 4018; x_wconf 79' lang='lat' dir='ltr'><strong>(Ex</strong></span> <span class='ocrx_word' id='word_1_360' title='bbox 684 3954 747 4007; x_wconf 90' lang='lat' dir='ltr'><strong>D.</strong></span> <span class='ocrx_word' id='word_1_361' title='bbox 767 3957 1017 4023; x_wconf 86' lang='lat' dir='ltr'><strong>Bouquet,</strong></span> <span class='ocrx_word' id='word_1_362' title='bbox 1048 3960 1193 4025; x_wconf 84' lang='lat' dir='ltr'><strong>ibid.)</strong></span> 
     </span>
    </p>
   </div>
   <div class='ocr_carea' id='block_1_56' title="bbox 156 4052 1686 4144">
    <p class='ocr_par' dir='ltr' id='par_1_56' title="bbox 156 4052 1686 4144">
     <span class='ocr_line' id='line_1_56' title="bbox 156 4052 1686 4144; baseline 0.014 -36"><span class='ocrx_word' id='word_1_363' title='bbox 156 4052 369 4111; x_wconf 79' lang='lat' dir='ltr'><strong>Carolus</strong></span> <span class='ocrx_word' id='word_1_364' title='bbox 399 4059 571 4130; x_wconf 61' lang='lat' dir='ltr'><strong>gvatia</strong></span> <span class='ocrx_word' id='word_1_365' title='bbox 622 4052 716 4117; x_wconf 84' lang='lat' dir='ltr'><strong>Dei</strong></span> <span class='ocrx_word' id='word_1_366' title='bbox 746 4077 843 4119; x_wconf 80' lang='lat' dir='ltr'><strong>rex</strong></span> <span class='ocrx_word' id='word_1_367' title='bbox 888 4063 1220 4124; x_wconf 80' lang='lat' dir='ltr'><strong>Francorum</strong></span> <span class='ocrx_word' id='word_1_368' title='bbox 1264 4077 1322 4126; x_wconf 89' lang='lat' dir='ltr'><strong>et</strong></span> <span class='ocrx_word' id='word_1_369' title='bbox 1372 4072 1686 4144; x_wconf 74' lang='lat' dir='ltr'><strong>Langobar-</strong></span> 
     </span>
    </p>
   </div>
   <div class='ocr_carea' id='block_1_57' title="bbox 98 4145 1678 4226">
    <p class='ocr_par' dir='ltr' id='par_1_57' title="bbox 98 4145 1678 4226">
     <span class='ocr_line' id='line_1_57' title="bbox 98 4145 1678 4226; baseline 0.018 -29"><span class='ocrx_word' id='word_1_370' title='bbox 98 4145 291 4215; x_wconf 82' lang='lat' dir='ltr'><strong>domm,</strong></span> <span class='ocrx_word' id='word_1_371' title='bbox 342 4160 504 4222; x_wconf 77' lang='lat' dir='ltr'><strong>atque</strong></span> <span class='ocrx_word' id='word_1_372' title='bbox 559 4155 816 4223; x_wconf 83' lang='lat' dir='ltr'><strong>patricius</strong></span> <span class='ocrx_word' id='word_1_373' title='bbox 864 4157 1256 4220; x_wconf 79' lang='lat' dir='ltr'><strong>Romanorum.</strong></span> <span class='ocrx_word' id='word_1_374' title='bbox 1319 4164 1488 4223; x_wconf 87' lang='lat' dir='ltr'><strong>Decet</strong></span> <span class='ocrx_word' id='word_1_375' title='bbox 1532 4170 1678 4226; x_wconf 89' lang='lat' dir='ltr'><strong>enim</strong></span> 
     </span>
    </p>
   </div>
   <div class='ocr_carea' id='block_1_58' title="bbox 100 4240 1683 4328">
    <p class='ocr_par' dir='ltr' id='par_1_58' title="bbox 100 4240 1683 4328">
     <span class='ocr_line' id='line_1_58' title="bbox 100 4240 1683 4328; baseline 0.023 -43"><span class='ocrx_word' id='word_1_376' title='bbox 100 4240 273 4306; x_wconf 71' lang='lat' dir='ltr'><strong>rogalis</strong></span> <span class='ocrx_word' id='word_1_377' title='bbox 299 4242 601 4301; x_wconf 65' lang='lat' dir='ltr'><strong>clementiae</strong></span> <span class='ocrx_word' id='word_1_378' title='bbox 648 4249 965 4319; x_wconf 86' lang='lat' dir='ltr'><strong>dignitatem</strong></span> <span class='ocrx_word' id='word_1_379' title='bbox 1004 4268 1197 4310; x_wconf 85' lang='lat' dir='ltr'><strong>cuncta</strong></span> <span class='ocrx_word' id='word_1_380' title='bbox 1230 4273 1350 4328; x_wconf 73' lang='lat' dir='ltr'><strong>qua:</strong></span> <span class='ocrx_word' id='word_1_381' title='bbox 1371 4276 1399 4314; x_wconf 90' lang='lat' dir='ltr'><strong>a</strong></span> <span class='ocrx_word' id='word_1_382' title='bbox 1429 4266 1683 4321; x_wconf 88' lang='lat' dir='ltr'><strong>sacerdo-</strong></span> 
     </span>
    </p>
   </div>
   <div class='ocr_carea' id='block_1_59' title="bbox 46 4330 1682 4427">
    <p class='ocr_par' dir='ltr' id='par_1_59' title="bbox 46 4330 1682 4427">
     <span class='ocr_line' id='line_1_59' title="bbox 46 4330 1682 4427; baseline 0.023 -49"><span class='ocrx_word' id='word_1_383' title='bbox 46 4338 49 4341; x_wconf 83' lang='lat'>&#39;</span> <span class='ocrx_word' id='word_1_384' title='bbox 101 4330 223 4386; x_wconf 83' lang='lat' dir='ltr'><strong>tibus</strong></span> <span class='ocrx_word' id='word_1_385' title='bbox 244 4337 579 4392; x_wconf 75' lang='lat' dir='ltr'><strong>rationabilis</strong></span> <span class='ocrx_word' id='word_1_386' title='bbox 609 4342 869 4409; x_wconf 64' lang='lat' dir='ltr'><strong>postulata</strong></span> <span class='ocrx_word' id='word_1_387' title='bbox 896 4345 1117 4413; x_wconf 76' lang='lat' dir='ltr'><strong>fuerint,</strong></span> <span class='ocrx_word' id='word_1_388' title='bbox 1140 4351 1349 4407; x_wconf 91' lang='lat' dir='ltr'><strong>sollerti</strong></span> <span class='ocrx_word' id='word_1_389' title='bbox 1400 4368 1526 4410; x_wconf 83' lang='lat' dir='ltr'><strong>cura</strong></span> <span class='ocrx_word' id='word_1_390' title='bbox 1557 4374 1682 4427; x_wconf 85' lang='lat' dir='ltr'><strong>pro-</strong></span> 
     </span>
    </p>
   </div>
   <div class='ocr_carea' id='block_1_60' title="bbox 99 4420 1675 4510">
    <p class='ocr_par' dir='ltr' id='par_1_60' title="bbox 99 4420 1675 4510">
     <span class='ocr_line' id='line_1_60' title="bbox 99 4420 1675 4510; baseline 0.022 -39"><span class='ocrx_word' id='word_1_391' title='bbox 99 4420 380 4490; x_wconf 81' lang='lat' dir='ltr'><strong>spicere,et</strong></span> <span class='ocrx_word' id='word_1_392' title='bbox 411 4442 713 4499; x_wconf 87' lang='lat' dir='ltr'><strong>opportuna</strong></span> <span class='ocrx_word' id='word_1_393' title='bbox 755 4435 837 4491; x_wconf 86' lang='lat' dir='ltr'><strong>vel</strong></span> <span class='ocrx_word' id='word_1_394' title='bbox 868 4452 1102 4510; x_wconf 81' lang='lat' dir='ltr'><strong>congrua</strong></span> <span class='ocrx_word' id='word_1_395' title='bbox 1150 4442 1229 4497; x_wconf 85' lang='lat' dir='ltr'><strong>eis</strong></span> <span class='ocrx_word' id='word_1_396' title='bbox 1271 4444 1531 4503; x_wconf 87' lang='lat' dir='ltr'><strong>beneﬁcia</strong></span> <span class='ocrx_word' id='word_1_397' title='bbox 1569 4465 1675 4505; x_wconf 91' lang='lat' dir='ltr'><strong>non</strong></span> 
     </span>
    </p>
   </div>
   <div class='ocr_carea' id='block_1_61' title="bbox 100 4510 1540 4606">
    <p class='ocr_par' dir='ltr' id='par_1_61' title="bbox 100 4510 1540 4606">
     <span class='ocr_line' id='line_1_61' title="bbox 100 4510 1540 4606; baseline 0.02 -40"><span class='ocrx_word' id='word_1_398' title='bbox 100 4510 359 4586; x_wconf 73' lang='lat' dir='ltr'><strong>denegare,</strong></span> <span class='ocrx_word' id='word_1_399' title='bbox 392 4525 627 4578; x_wconf 77' lang='lat' dir='ltr'><strong>maxime</strong></span> <span class='ocrx_word' id='word_1_400' title='bbox 657 4525 701 4579; x_wconf 88' lang='lat' dir='ltr'><strong>si</strong></span> <span class='ocrx_word' id='word_1_401' title='bbox 752 4531 1081 4586; x_wconf 87' lang='lat' dir='ltr'><strong>anteriorum</strong></span> <span class='ocrx_word' id='word_1_402' title='bbox 1111 4548 1297 4602; x_wconf 73' lang='lat' dir='ltr'><strong>legum</strong></span> <span class='ocrx_word' id='word_1_403' title='bbox 1331 4539 1540 4606; x_wconf 89' lang='lat' dir='ltr'><strong>plenius</strong></span> 
     </span>
    </p>
   </div>
   <div class='ocr_carea' id='block_1_62' title="bbox 101 4601 1675 4698">
    <p class='ocr_par' dir='ltr' id='par_1_62' title="bbox 101 4601 1675 4698">
     <span class='ocr_line' id='line_1_62' title="bbox 101 4601 1675 4698; baseline 0.023 -41"><span class='ocrx_word' id='word_1_404' title='bbox 101 4601 179 4661; x_wconf 86' lang='lat' dir='ltr'><strong>Dei</strong></span> <span class='ocrx_word' id='word_1_405' title='bbox 204 4608 389 4668; x_wconf 89' lang='lat' dir='ltr'><strong>intuitu</strong></span> <span class='ocrx_word' id='word_1_406' title='bbox 419 4627 545 4671; x_wconf 87' lang='lat' dir='ltr'><strong>sunt</strong></span> <span class='ocrx_word' id='word_1_407' title='bbox 574 4618 893 4677; x_wconf 87' lang='lat' dir='ltr'><strong>conﬁrmata</strong></span> <span class='ocrx_word' id='word_1_408' title='bbox 936 4601 1288 4693; x_wconf 84' lang='lat' dir='ltr'><strong>protectiouis</strong></span> <span class='ocrx_word' id='word_1_409' title='bbox 1327 4601 1675 4698; x_wconf 73' lang='lat' dir='ltr'><strong>aucturitate.</strong></span> 
     </span>
    </p>
   </div>
   <div class='ocr_carea' id='block_1_63' title="bbox 100 4697 1675 4786">
    <p class='ocr_par' dir='ltr' id='par_1_63' title="bbox 100 4697 1675 4786">
     <span class='ocr_line' id='line_1_63' title="bbox 100 4697 1675 4786; baseline 0.023 -36"><span class='ocrx_word' id='word_1_410' title='bbox 100 4697 415 4774; x_wconf 76' lang='lat' dir='ltr'><strong>Quapropter</strong></span> <span class='ocrx_word' id='word_1_411' title='bbox 456 4719 642 4763; x_wconf 91' lang='lat' dir='ltr'><strong>notum</strong></span> <span class='ocrx_word' id='word_1_412' title='bbox 675 4711 748 4767; x_wconf 86' lang='lat' dir='ltr'><strong>sit</strong></span> <span class='ocrx_word' id='word_1_413' title='bbox 789 4716 1031 4771; x_wconf 91' lang='lat' dir='ltr'><strong>omnium</strong></span> <span class='ocrx_word' id='word_1_414' title='bbox 1072 4718 1312 4777; x_wconf 87' lang='lat' dir='ltr'><strong>ﬁdelium</strong></span> <span class='ocrx_word' id='word_1_415' title='bbox 1359 4738 1675 4786; x_wconf 89' lang='lat' dir='ltr'><strong>nostrorum</strong></span> 
     </span>
    </p>
   </div>
   <div class='ocr_carea' id='block_1_64' title="bbox 98 4794 1677 4879">
    <p class='ocr_par' dir='ltr' id='par_1_64' title="bbox 98 4794 1677 4879">
     <span class='ocr_line' id='line_1_64' title="bbox 98 4794 1677 4879; baseline 0.025 -39"><span class='ocrx_word' id='word_1_416' title='bbox 98 4794 442 4864; x_wconf 73' lang='lat' dir='ltr'><strong>magnitudini,</strong></span> <span class='ocrx_word' id='word_1_417' title='bbox 477 4800 603 4871; x_wconf 82' lang='lat' dir='ltr'><strong>quia</strong></span> <span class='ocrx_word' id='word_1_418' title='bbox 658 4807 985 4864; x_wconf 76' lang='lat' dir='ltr'><strong>venerabilis</strong></span> <span class='ocrx_word' id='word_1_419' title='bbox 1016 4807 1255 4869; x_wconf 84' lang='lat' dir='ltr'><strong>Hiterius</strong></span> <span class='ocrx_word' id='word_1_420' title='bbox 1290 4815 1428 4873; x_wconf 84' lang='lat' dir='ltr'><strong>abba</strong></span> <span class='ocrx_word' id='word_1_421' title='bbox 1459 4834 1527 4876; x_wconf 79' lang='lat' dir='ltr'><strong>ex</strong></span> <span class='ocrx_word' id='word_1_422' title='bbox 1559 4838 1677 4879; x_wconf 85' lang='lat' dir='ltr'><strong>mo-</strong></span> 
     </span>
    </p>
   </div>
   <div class='ocr_carea' id='block_1_65' title="bbox 1727 3156 1775 3219">
    <p class='ocr_par' dir='ltr' id='par_1_65' title="bbox 1727 3156 1775 3219">
     <span class='ocr_line' id='line_1_65' title="bbox 1727 3156 1775 3219; baseline 0 0"><span class='ocrx_word' id='word_1_423' title='bbox 1727 3156 1775 3219; x_wconf 90' lang='lat' dir='ltr'><strong>C</strong></span> 
     </span>
    </p>
   </div>
   <div class='ocr_carea' id='block_1_66' title="bbox 1813 1903 3437 1977">
    <p class='ocr_par' dir='ltr' id='par_1_66' title="bbox 1813 1903 3437 1977">
     <span class='ocr_line' id='line_1_66' title="bbox 1813 1903 3437 1977; baseline 0.002 -18"><span class='ocrx_word' id='word_1_424' title='bbox 1813 1916 1912 1972; x_wconf 86' lang='lat' dir='ltr'><strong>per</strong></span> <span class='ocrx_word' id='word_1_425' title='bbox 1940 1903 2044 1958; x_wconf 87' lang='lat' dir='ltr'><strong>hoc</strong></span> <span class='ocrx_word' id='word_1_426' title='bbox 2092 1912 2427 1973; x_wconf 65' lang='lat' dir='ltr'><strong>praeceptum</strong></span> <span class='ocrx_word' id='word_1_427' title='bbox 2478 1914 2680 1961; x_wconf 68' lang='lat' dir='ltr'><strong>nostra:</strong></span> <span class='ocrx_word' id='word_1_428' title='bbox 2724 1908 3179 1972; x_wconf 87' lang='lat' dir='ltr'><strong>mansuetudinis,</strong></span> <span class='ocrx_word' id='word_1_429' title='bbox 3211 1918 3267 1962; x_wconf 93' lang='lat' dir='ltr'><strong>ut</strong></span> <span class='ocrx_word' id='word_1_430' title='bbox 3292 1909 3437 1977; x_wconf 72' lang='lat' dir='ltr'><strong>ejus~</strong></span> 
     </span>
    </p>
   </div>
   <div class='ocr_carea' id='block_1_67' title="bbox 1811 1994 3437 2064">
    <p class='ocr_par' dir='ltr' id='par_1_67' title="bbox 1811 1994 3437 2064">
     <span class='ocr_line' id='line_1_67' title="bbox 1811 1994 3437 2064; baseline 0.003 -16"><span class='ocrx_word' id='word_1_431' title='bbox 1811 1996 1935 2050; x_wconf 88' lang='lat' dir='ltr'><strong>dem</strong></span> <span class='ocrx_word' id='word_1_432' title='bbox 1967 1994 2286 2050; x_wconf 78' lang='lat' dir='ltr'><strong>monasterii</strong></span> <span class='ocrx_word' id='word_1_433' title='bbox 2315 1995 2600 2052; x_wconf 88' lang='lat' dir='ltr'><strong>cellclario</strong></span> <span class='ocrx_word' id='word_1_434' title='bbox 2644 1995 2868 2052; x_wconf 76' lang='lat' dir='ltr'><strong>fratrum</strong></span> <span class='ocrx_word' id='word_1_435' title='bbox 2902 1999 3260 2064; x_wconf 81' lang='lat' dir='ltr'><strong>ministretur,</strong></span> <span class='ocrx_word' id='word_1_436' title='bbox 3299 2002 3437 2054; x_wconf 82' lang='lat' dir='ltr'><strong>sicut</strong></span> 
     </span>
    </p>
   </div>
   <div class='ocr_carea' id='block_1_68' title="bbox 1810 2084 3434 2157">
    <p class='ocr_par' dir='ltr' id='par_1_68' title="bbox 1810 2084 3434 2157">
     <span class='ocr_line' id='line_1_68' title="bbox 1810 2084 3434 2157; baseline 0.005 -19"><span class='ocrx_word' id='word_1_437' title='bbox 1810 2084 2119 2143; x_wconf 80' lang='lat' dir='ltr'><strong>ordinatum</strong></span> <span class='ocrx_word' id='word_1_438' title='bbox 2151 2094 2257 2153; x_wconf 82' lang='lat' dir='ltr'><strong>est,</strong></span> <span class='ocrx_word' id='word_1_439' title='bbox 2295 2086 2437 2141; x_wconf 84' lang='lat' dir='ltr'><strong>unde</strong></span> <span class='ocrx_word' id='word_1_440' title='bbox 2486 2097 2731 2157; x_wconf 84' lang='lat' dir='ltr'><strong>tempore</strong></span> <span class='ocrx_word' id='word_1_441' title='bbox 2755 2088 2856 2143; x_wconf 83' lang='lat' dir='ltr'><strong>sibi</strong></span> <span class='ocrx_word' id='word_1_442' title='bbox 2897 2089 3145 2144; x_wconf 87' lang='lat' dir='ltr'><strong>instituto</strong></span> <span class='ocrx_word' id='word_1_443' title='bbox 3172 2089 3434 2146; x_wconf 71' lang='lat' dir='ltr'><strong>fratribus</strong></span> 
     </span>
    </p>
   </div>
   <div class='ocr_carea' id='block_1_69' title="bbox 1813 2179 3436 2251">
    <p class='ocr_par' dir='ltr' id='par_1_69' title="bbox 1813 2179 3436 2251">
     <span class='ocr_line' id='line_1_69' title="bbox 1813 2179 3436 2251; baseline 0.005 -19"><span class='ocrx_word' id='word_1_444' title='bbox 1813 2179 2049 2248; x_wconf 84' lang='lat' dir='ltr'><strong>pleniter</strong></span> <span class='ocrx_word' id='word_1_445' title='bbox 2077 2180 2287 2236; x_wconf 87' lang='lat' dir='ltr'><strong>servire</strong></span> <span class='ocrx_word' id='word_1_446' title='bbox 2322 2184 2515 2251; x_wconf 84' lang='lat' dir='ltr'><strong>possit.</strong></span> <span class='ocrx_word' id='word_1_447' title='bbox 2552 2181 2832 2236; x_wconf 71' lang='lat' dir='ltr'><strong>Porlztrius</strong></span> <span class='ocrx_word' id='word_1_448' title='bbox 2877 2192 3059 2238; x_wconf 85' lang='lat' dir='ltr'><strong>autem</strong></span> <span class='ocrx_word' id='word_1_449' title='bbox 3099 2198 3286 2239; x_wconf 87' lang='lat' dir='ltr'><strong>mense</strong></span> <span class='ocrx_word' id='word_1_450' title='bbox 3337 2185 3436 2241; x_wconf 89' lang='lat' dir='ltr'><strong>De—</strong></span> 
     </span>
    </p>
   </div>
   <div class='ocr_carea' id='block_1_70' title="bbox 1810 2269 3433 2331">
    <p class='ocr_par' dir='ltr' id='par_1_70' title="bbox 1810 2269 3433 2331">
     <span class='ocr_line' id='line_1_70' title="bbox 1810 2269 3433 2331; baseline 0.004 -6"><span class='ocrx_word' id='word_1_451' title='bbox 1810 2269 2015 2325; x_wconf 85' lang='lat' dir='ltr'><strong>cembri</strong></span> <span class='ocrx_word' id='word_1_452' title='bbox 2044 2269 2114 2324; x_wconf 89' lang='lat' dir='ltr'><strong>de</strong></span> <span class='ocrx_word' id='word_1_453' title='bbox 2143 2285 2243 2324; x_wconf 86' lang='lat' dir='ltr'><strong>suo</strong></span> <span class='ocrx_word' id='word_1_454' title='bbox 2272 2272 2576 2326; x_wconf 90' lang='lat' dir='ltr'><strong>ministerio</strong></span> <span class='ocrx_word' id='word_1_455' title='bbox 2606 2272 2827 2327; x_wconf 87' lang='lat' dir='ltr'><strong>serviat.</strong></span> <span class='ocrx_word' id='word_1_456' title='bbox 2870 2274 2945 2330; x_wconf 93' lang='lat' dir='ltr'><strong>De</strong></span> <span class='ocrx_word' id='word_1_457' title='bbox 2975 2276 3095 2330; x_wconf 89' lang='lat' dir='ltr'><strong>aliis</strong></span> <span class='ocrx_word' id='word_1_458' title='bbox 3127 2292 3256 2331; x_wconf 92' lang='lat' dir='ltr'><strong>vero</strong></span> <span class='ocrx_word' id='word_1_459' title='bbox 3287 2277 3433 2331; x_wconf 85' lang='lat' dir='ltr'><strong>villis</strong></span> 
     </span>
    </p>
   </div>
   <div class='ocr_carea' id='block_1_71' title="bbox 1810 2360 3433 2432">
    <p class='ocr_par' dir='ltr' id='par_1_71' title="bbox 1810 2360 3433 2432">
     <span class='ocr_line' id='line_1_71' title="bbox 1810 2360 3433 2432; baseline 0.006 -18"><span class='ocrx_word' id='word_1_460' title='bbox 1810 2360 1974 2414; x_wconf 88' lang='lat' dir='ltr'><strong>solito</strong></span> <span class='ocrx_word' id='word_1_461' title='bbox 2017 2360 2185 2416; x_wconf 89' lang='lat' dir='ltr'><strong>modo</strong></span> <span class='ocrx_word' id='word_1_462' title='bbox 2231 2362 2374 2432; x_wconf 86' lang='lat' dir='ltr'><strong>ligna</strong></span> <span class='ocrx_word' id='word_1_463' title='bbox 2416 2374 2471 2419; x_wconf 90' lang='lat' dir='ltr'><strong>et</strong></span> <span class='ocrx_word' id='word_1_464' title='bbox 2513 2378 2745 2419; x_wconf 78' lang='lat' dir='ltr'><strong>annona:</strong></span> <span class='ocrx_word' id='word_1_465' title='bbox 2790 2366 2909 2422; x_wconf 86' lang='lat' dir='ltr'><strong>sive</strong></span> <span class='ocrx_word' id='word_1_466' title='bbox 2975 2369 3211 2424; x_wconf 73' lang='lat' dir='ltr'><strong>volatilia</strong></span> <span class='ocrx_word' id='word_1_467' title='bbox 3275 2370 3433 2424; x_wconf 91' lang='lat' dir='ltr'><strong>mini-</strong></span> 
     </span>
    </p>
   </div>
   <div class='ocr_carea' id='block_1_72' title="bbox 1808 2457 3429 2522">
    <p class='ocr_par' dir='ltr' id='par_1_72' title="bbox 1808 2457 3429 2522">
     <span class='ocr_line' id='line_1_72' title="bbox 1808 2457 3429 2522; baseline 0.007 -15"><span class='ocrx_word' id='word_1_468' title='bbox 1808 2461 2071 2520; x_wconf 87' lang='lat' dir='ltr'><strong>streutur,</strong></span> <span class='ocrx_word' id='word_1_469' title='bbox 2090 2465 2357 2522; x_wconf 80' lang='lat' dir='ltr'><strong>quatenus</strong></span> <span class='ocrx_word' id='word_1_470' title='bbox 2382 2458 2485 2511; x_wconf 88' lang='lat' dir='ltr'><strong>hoc</strong></span> <span class='ocrx_word' id='word_1_471' title='bbox 2506 2457 2664 2512; x_wconf 89' lang='lat' dir='ltr'><strong>nobis</strong></span> <span class='ocrx_word' id='word_1_472' title='bbox 2682 2458 2749 2512; x_wconf 89' lang='lat' dir='ltr'><strong>ad</strong></span> <span class='ocrx_word' id='word_1_473' title='bbox 2768 2459 2997 2515; x_wconf 72' lang='lat' dir='ltr'><strong>salutem</strong></span> <span class='ocrx_word' id='word_1_474' title='bbox 3016 2463 3212 2517; x_wconf 70' lang='lat' dir='ltr'><strong>animae</strong></span> <span class='ocrx_word' id='word_1_475' title='bbox 3230 2476 3429 2518; x_wconf 68' lang='lat' dir='ltr'><strong>nostra!</strong></span> 
     </span>
    </p>
   </div>
   <div class='ocr_carea' id='block_1_73' title="bbox 1810 2550 3431 2622">
    <p class='ocr_par' dir='ltr' id='par_1_73' title="bbox 1810 2550 3431 2622">
     <span class='ocr_line' id='line_1_73' title="bbox 1810 2550 3431 2622; baseline 0.007 -24"><span class='ocrx_word' id='word_1_476' title='bbox 1810 2553 1865 2599; x_wconf 89' lang='lat' dir='ltr'><strong>et</strong></span> <span class='ocrx_word' id='word_1_477' title='bbox 1895 2555 2246 2615; x_wconf 78' lang='lat' dir='ltr'><strong>augmentum</strong></span> <span class='ocrx_word' id='word_1_478' title='bbox 2292 2550 2445 2618; x_wconf 78' lang='lat' dir='ltr'><strong>regni</strong></span> <span class='ocrx_word' id='word_1_479' title='bbox 2494 2550 2763 2619; x_wconf 87' lang='lat' dir='ltr'><strong>proﬁciat,</strong></span> <span class='ocrx_word' id='word_1_480' title='bbox 2797 2562 2852 2606; x_wconf 85' lang='lat' dir='ltr'><strong>et</strong></span> <span class='ocrx_word' id='word_1_481' title='bbox 2902 2553 3003 2622; x_wconf 84' lang='lat' dir='ltr'><strong>ipsi</strong></span> <span class='ocrx_word' id='word_1_482' title='bbox 3047 2552 3139 2609; x_wconf 91' lang='lat' dir='ltr'><strong>Dei</strong></span> <span class='ocrx_word' id='word_1_483' title='bbox 3184 2556 3329 2611; x_wconf 88' lang='lat' dir='ltr'><strong>servi</strong></span> <span class='ocrx_word' id='word_1_484' title='bbox 3362 2556 3431 2610; x_wconf 88' lang='lat' dir='ltr'><strong>Ii-</strong></span> 
     </span>
    </p>
   </div>
   <div class='ocr_carea' id='block_1_74' title="bbox 1810 2637 3421 2717">
    <p class='ocr_par' dir='ltr' id='par_1_74' title="bbox 1810 2637 3421 2717">
     <span class='ocr_line' id='line_1_74' title="bbox 1810 2637 3421 2717; baseline 0.006 -26"><span class='ocrx_word' id='word_1_485' title='bbox 1810 2637 1994 2693; x_wconf 85' lang='lat' dir='ltr'><strong>berius</strong></span> <span class='ocrx_word' id='word_1_486' title='bbox 2042 2640 2352 2710; x_wconf 86' lang='lat' dir='ltr'><strong>meliusque</strong></span> <span class='ocrx_word' id='word_1_487' title='bbox 2407 2641 2668 2712; x_wconf 61' lang='lat' dir='ltr'><strong>deinceps</strong></span> <span class='ocrx_word' id='word_1_488' title='bbox 2724 2644 2833 2698; x_wconf 85' lang='lat' dir='ltr'><strong>Deo</strong></span> <span class='ocrx_word' id='word_1_489' title='bbox 2887 2645 3138 2702; x_wconf 81' lang='lat' dir='ltr'><strong>famulari</strong></span> <span class='ocrx_word' id='word_1_490' title='bbox 3195 2660 3421 2717; x_wconf 87' lang='lat' dir='ltr'><strong>queant,</strong></span> 
     </span>
    </p>
   </div>
   <div class='ocr_carea' id='block_1_75' title="bbox 1813 2742 3434 2808">
    <p class='ocr_par' dir='ltr' id='par_1_75' title="bbox 1813 2742 3434 2808">
     <span class='ocr_line' id='line_1_75' title="bbox 1813 2742 3434 2808; baseline 0.008 -20"><span class='ocrx_word' id='word_1_491' title='bbox 1813 2746 1980 2808; x_wconf 85' lang='lat' dir='ltr'><strong>atque</strong></span> <span class='ocrx_word' id='word_1_492' title='bbox 2014 2752 2112 2807; x_wconf 88' lang='lat' dir='ltr'><strong>pro</strong></span> <span class='ocrx_word' id='word_1_493' title='bbox 2134 2748 2276 2794; x_wconf 89' lang='lat' dir='ltr'><strong>statu</strong></span> <span class='ocrx_word' id='word_1_494' title='bbox 2302 2752 2507 2796; x_wconf 72' lang='lat' dir='ltr'><strong>sancite</strong></span> <span class='ocrx_word' id='word_1_495' title='bbox 2544 2742 2637 2797; x_wconf 87' lang='lat' dir='ltr'><strong>Dei</strong></span> <span class='ocrx_word' id='word_1_496' title='bbox 2673 2743 2931 2799; x_wconf 71' lang='lat' dir='ltr'><strong>Ecclesiae</strong></span> <span class='ocrx_word' id='word_1_497' title='bbox 2962 2745 3180 2800; x_wconf 87' lang='lat' dir='ltr'><strong>sedulas</strong></span> <span class='ocrx_word' id='word_1_498' title='bbox 3207 2747 3434 2801; x_wconf 79' lang='lat' dir='ltr'><strong>fundere</strong></span> 
     </span>
    </p>
   </div>
   <div class='ocr_carea' id='block_1_76' title="bbox 1815 2832 3430 2909">
    <p class='ocr_par' dir='ltr' id='par_1_76' title="bbox 1815 2832 3430 2909">
     <span class='ocr_line' id='line_1_76' title="bbox 1815 2832 3430 2909; baseline 0.007 -26"><span class='ocrx_word' id='word_1_499' title='bbox 1815 2846 2026 2899; x_wconf 82' lang='lat' dir='ltr'><strong>preces.</strong></span> <span class='ocrx_word' id='word_1_500' title='bbox 2062 2832 2219 2888; x_wconf 87' lang='lat' dir='ltr'><strong>Unde</strong></span> <span class='ocrx_word' id='word_1_501' title='bbox 2250 2849 2535 2890; x_wconf 90' lang='lat' dir='ltr'><strong>monemus</strong></span> <span class='ocrx_word' id='word_1_502' title='bbox 2580 2851 2771 2891; x_wconf 90' lang='lat' dir='ltr'><strong>omnes</strong></span> <span class='ocrx_word' id='word_1_503' title='bbox 2795 2838 2889 2907; x_wconf 76' lang='lat' dir='ltr'><strong>qui</strong></span> <span class='ocrx_word' id='word_1_504' title='bbox 2936 2838 3094 2893; x_wconf 89' lang='lat' dir='ltr'><strong>nobis</strong></span> <span class='ocrx_word' id='word_1_505' title='bbox 3124 2839 3175 2892; x_wconf 91' lang='lat' dir='ltr'><strong>in</strong></span> <span class='ocrx_word' id='word_1_506' title='bbox 3207 2855 3374 2909; x_wconf 82' lang='lat' dir='ltr'><strong>regno</strong></span> <span class='ocrx_word' id='word_1_507' title='bbox 3400 2856 3430 2894; x_wconf 86' lang='lat' dir='ltr'><strong>a</strong></span> 
     </span>
    </p>
   </div>
   <div class='ocr_carea' id='block_1_77' title="bbox 1811 2923 3428 2996">
    <p class='ocr_par' dir='ltr' id='par_1_77' title="bbox 1811 2923 3428 2996">
     <span class='ocr_line' id='line_1_77' title="bbox 1811 2923 3428 2996; baseline 0.006 -19"><span class='ocrx_word' id='word_1_508' title='bbox 1811 2923 1923 2979; x_wconf 86' lang='lat' dir='ltr'><strong>Deo</strong></span> <span class='ocrx_word' id='word_1_509' title='bbox 1951 2925 2248 2981; x_wconf 88' lang='lat' dir='ltr'><strong>commisso</strong></span> <span class='ocrx_word' id='word_1_510' title='bbox 2290 2928 2600 2983; x_wconf 66' lang='lat' dir='ltr'><strong>Successuri</strong></span> <span class='ocrx_word' id='word_1_511' title='bbox 2629 2940 2776 2993; x_wconf 85' lang='lat' dir='ltr'><strong>sunt,</strong></span> <span class='ocrx_word' id='word_1_512' title='bbox 2813 2940 2889 2996; x_wconf 89' lang='lat' dir='ltr'><strong>ut,</strong></span> <span class='ocrx_word' id='word_1_513' title='bbox 2933 2931 3075 2986; x_wconf 74' lang='lat' dir='ltr'><strong>sicut</strong></span> <span class='ocrx_word' id='word_1_514' title='bbox 3103 2949 3199 2986; x_wconf 79' lang='lat' dir='ltr'><strong>sua</strong></span> <span class='ocrx_word' id='word_1_515' title='bbox 3228 2943 3428 2987; x_wconf 83' lang='lat' dir='ltr'><strong>statuta</strong></span> 
     </span>
    </p>
   </div>
   <div class='ocr_carea' id='block_1_78' title="bbox 1805 3017 3431 3090">
    <p class='ocr_par' dir='ltr' id='par_1_78' title="bbox 1805 3017 3431 3090">
     <span class='ocr_line' id='line_1_78' title="bbox 1805 3017 3431 3090; baseline 0.004 -17"><span class='ocrx_word' id='word_1_516' title='bbox 1805 3033 1833 3079; x_wconf 84' lang='lat' dir='ltr'><strong>a</strong></span> <span class='ocrx_word' id='word_1_517' title='bbox 1888 3017 2007 3073; x_wconf 87' lang='lat' dir='ltr'><strong>suis</strong></span> <span class='ocrx_word' id='word_1_518' title='bbox 2070 3020 2487 3075; x_wconf 79' lang='lat' dir='ltr'><strong>successoribus</strong></span> <span class='ocrx_word' id='word_1_519' title='bbox 2543 3024 2859 3077; x_wconf 83' lang='lat' dir='ltr'><strong>conservari</strong></span> <span class='ocrx_word' id='word_1_520' title='bbox 2920 3024 3105 3090; x_wconf 90' lang='lat' dir='ltr'><strong>velint,</strong></span> <span class='ocrx_word' id='word_1_521' title='bbox 3164 3027 3237 3079; x_wconf 90' lang='lat' dir='ltr'><strong>ita</strong></span> <span class='ocrx_word' id='word_1_522' title='bbox 3292 3025 3431 3080; x_wconf 85' lang='lat' dir='ltr'><strong>hanc</strong></span> 
     </span>
    </p>
   </div>
   <div class='ocr_carea' id='block_1_79' title="bbox 1806 3112 3428 3185">
    <p class='ocr_par' dir='ltr' id='par_1_79' title="bbox 1806 3112 3428 3185">
     <span class='ocr_line' id='line_1_79' title="bbox 1806 3112 3428 3185; baseline 0.008 -24"><span class='ocrx_word' id='word_1_523' title='bbox 1806 3119 2046 3164; x_wconf 86' lang='lat' dir='ltr'><strong>nostram</strong></span> <span class='ocrx_word' id='word_1_524' title='bbox 2077 3112 2526 3171; x_wconf 88' lang='lat' dir='ltr'><strong>constitutionem</strong></span> <span class='ocrx_word' id='word_1_525' title='bbox 2572 3114 2835 3185; x_wconf 75' lang='lat' dir='ltr'><strong>privilegii</strong></span> <span class='ocrx_word' id='word_1_526' title='bbox 2890 3115 3255 3172; x_wconf 87' lang='lat' dir='ltr'><strong>inviolabilem</strong></span> <span class='ocrx_word' id='word_1_527' title='bbox 3299 3133 3428 3173; x_wconf 88' lang='lat' dir='ltr'><strong>con-</strong></span> 
     </span>
    </p>
   </div>
   <div class='ocr_carea' id='block_1_80' title="bbox 1807 3204 3423 3269">
    <p class='ocr_par' dir='ltr' id='par_1_80' title="bbox 1807 3204 3423 3269">
     <span class='ocr_line' id='line_1_80' title="bbox 1807 3204 3423 3269; baseline 0.008 -13"><span class='ocrx_word' id='word_1_528' title='bbox 1807 3215 2030 3259; x_wconf 84' lang='lat' dir='ltr'><strong>servare</strong></span> <span class='ocrx_word' id='word_1_529' title='bbox 2055 3204 2306 3261; x_wconf 86' lang='lat' dir='ltr'><strong>studeant</strong></span> <span class='ocrx_word' id='word_1_530' title='bbox 2341 3206 2408 3261; x_wconf 87' lang='lat' dir='ltr'><strong>ad</strong></span> <span class='ocrx_word' id='word_1_531' title='bbox 2456 3222 2801 3263; x_wconf 87' lang='lat' dir='ltr'><strong>communem</strong></span> <span class='ocrx_word' id='word_1_532' title='bbox 2836 3220 3147 3267; x_wconf 89' lang='lat' dir='ltr'><strong>nostrorum</strong></span> <span class='ocrx_word' id='word_1_533' title='bbox 3178 3215 3423 3269; x_wconf 87' lang='lat' dir='ltr'><strong>omnium</strong></span> 
     </span>
    </p>
   </div>
   <div class='ocr_carea' id='block_1_81' title="bbox 1805 3299 3425 3373">
    <p class='ocr_par' dir='ltr' id='par_1_81' title="bbox 1805 3299 3425 3373">
     <span class='ocr_line' id='line_1_81' title="bbox 1805 3299 3425 3373; baseline 0.009 -23"><span class='ocrx_word' id='word_1_534' title='bbox 1805 3299 2068 3353; x_wconf 88' lang='lat' dir='ltr'><strong>salutem.</strong></span> <span class='ocrx_word' id='word_1_535' title='bbox 2102 3300 2164 3355; x_wconf 85' lang='lat' dir='ltr'><strong>Et</strong></span> <span class='ocrx_word' id='word_1_536' title='bbox 2192 3300 2299 3355; x_wconf 86' lang='lat' dir='ltr'><strong>liuc</strong></span> <span class='ocrx_word' id='word_1_537' title='bbox 2329 3302 2443 3356; x_wconf 64' lang='lat' dir='ltr'><strong>haec</strong></span> <span class='ocrx_word' id='word_1_538' title='bbox 2473 3306 2769 3360; x_wconf 78' lang='lat' dir='ltr'><strong>auctoritas</strong></span> <span class='ocrx_word' id='word_1_539' title='bbox 2798 3304 3006 3359; x_wconf 88' lang='lat' dir='ltr'><strong>ﬁrmior</strong></span> <span class='ocrx_word' id='word_1_540' title='bbox 3028 3305 3310 3373; x_wconf 86' lang='lat' dir='ltr'><strong>habeatur,</strong></span> <span class='ocrx_word' id='word_1_541' title='bbox 3340 3311 3425 3365; x_wconf 73' lang='lat' dir='ltr'><strong>vel</strong></span> 
     </span>
    </p>
   </div>
   <div class='ocr_carea' id='block_1_82' title="bbox 1803 3393 3421 3469">
    <p class='ocr_par' dir='ltr' id='par_1_82' title="bbox 1803 3393 3421 3469">
     <span class='ocr_line' id='line_1_82' title="bbox 1803 3393 3421 3469; baseline 0.009 -22"><span class='ocrx_word' id='word_1_542' title='bbox 1803 3393 2005 3447; x_wconf 85' lang='lat' dir='ltr'><strong>nostris</strong></span> <span class='ocrx_word' id='word_1_543' title='bbox 2059 3403 2115 3450; x_wconf 90' lang='lat' dir='ltr'><strong>et</strong></span> <span class='ocrx_word' id='word_1_544' title='bbox 2166 3394 2361 3453; x_wconf 89' lang='lat' dir='ltr'><strong>futuris</strong></span> <span class='ocrx_word' id='word_1_545' title='bbox 2416 3401 2753 3468; x_wconf 86' lang='lat' dir='ltr'><strong>temporibus</strong></span> <span class='ocrx_word' id='word_1_546' title='bbox 2808 3402 3003 3457; x_wconf 88' lang='lat' dir='ltr'><strong>melius</strong></span> <span class='ocrx_word' id='word_1_547' title='bbox 3036 3417 3421 3469; x_wconf 76' lang='lat' dir='ltr'><strong>conschctur,</strong></span> 
     </span>
    </p>
   </div>
   <div class='ocr_carea' id='block_1_83' title="bbox 1801 3492 3424 3561">
    <p class='ocr_par' dir='ltr' id='par_1_83' title="bbox 1801 3492 3424 3561">
     <span class='ocr_line' id='line_1_83' title="bbox 1801 3492 3424 3561; baseline 0.012 -25"><span class='ocrx_word' id='word_1_548' title='bbox 1801 3501 1965 3540; x_wconf 81' lang='lat' dir='ltr'><strong>niauu</strong></span> <span class='ocrx_word' id='word_1_549' title='bbox 2011 3496 2198 3543; x_wconf 86' lang='lat' dir='ltr'><strong>nostra</strong></span> <span class='ocrx_word' id='word_1_550' title='bbox 2245 3503 2368 3544; x_wconf 91' lang='lat' dir='ltr'><strong>eam</strong></span> <span class='ocrx_word' id='word_1_551' title='bbox 2422 3492 2919 3561; x_wconf 80' lang='lat' dir='ltr'><strong>corroboravimus,</strong></span> <span class='ocrx_word' id='word_1_552' title='bbox 2964 3509 3016 3552; x_wconf 89' lang='lat' dir='ltr'><strong>et</strong></span> <span class='ocrx_word' id='word_1_553' title='bbox 3059 3500 3206 3555; x_wconf 89' lang='lat' dir='ltr'><strong>anuli</strong></span> <span class='ocrx_word' id='word_1_554' title='bbox 3252 3502 3424 3557; x_wconf 83' lang='lat' dir='ltr'><strong>nostri</strong></span> 
     </span>
    </p>
   </div>
   <div class='ocr_carea' id='block_1_84' title="bbox 1799 3578 2577 3651">
    <p class='ocr_par' dir='ltr' id='par_1_84' title="bbox 1799 3578 2577 3651">
     <span class='ocr_line' id='line_1_84' title="bbox 1799 3578 2577 3651; baseline 0.01 -19"><span class='ocrx_word' id='word_1_555' title='bbox 1799 3578 2161 3645; x_wconf 88' lang='lat' dir='ltr'><strong>impressione</strong></span> <span class='ocrx_word' id='word_1_556' title='bbox 2199 3581 2577 3651; x_wconf 82' lang='lat' dir='ltr'><strong>sigillavimus.</strong></span> 
     </span>
    </p>
   </div>
   <div class='ocr_carea' id='block_1_85' title="bbox 1870 3669 2915 3752">
    <p class='ocr_par' dir='ltr' id='par_1_85' title="bbox 1870 3669 2915 3752">
     <span class='ocr_line' id='line_1_85' title="bbox 1870 3669 2915 3752; baseline 0.008 -25"><span class='ocrx_word' id='word_1_557' title='bbox 1870 3669 2094 3743; x_wconf 82' lang='lat' dir='ltr'><strong>Signum</strong></span> <span class='ocrx_word' id='word_1_558' title='bbox 2124 3672 2302 3729; x_wconf 85' lang='lat' dir='ltr'><strong>Caroli</strong></span> <span class='ocrx_word' id='word_1_559' title='bbox 2330 3675 2711 3746; x_wconf 89' lang='lat' dir='ltr'><strong>gloriosissimi</strong></span> <span class='ocrx_word' id='word_1_560' title='bbox 2748 3681 2915 3752; x_wconf 87' lang='lat' dir='ltr'><strong>regis.</strong></span> 
     </span>
    </p>
   </div>
   <div class='ocr_carea' id='block_1_86' title="bbox 1869 3767 3093 3849">
    <p class='ocr_par' dir='ltr' id='par_1_86' title="bbox 1869 3767 3093 3849">
     <span class='ocr_line' id='line_1_86' title="bbox 1869 3767 3093 3849; baseline 0.013 -29"><span class='ocrx_word' id='word_1_561' title='bbox 1869 3767 2022 3822; x_wconf 74' lang='lat' dir='ltr'><strong>Rado</strong></span> <span class='ocrx_word' id='word_1_562' title='bbox 2046 3767 2116 3823; x_wconf 87' lang='lat' dir='ltr'><strong>ad</strong></span> <span class='ocrx_word' id='word_1_563' title='bbox 2144 3769 2317 3825; x_wconf 91' lang='lat' dir='ltr'><strong>vicem</strong></span> <span class='ocrx_word' id='word_1_564' title='bbox 2348 3769 2580 3828; x_wconf 88' lang='lat' dir='ltr'><strong>Hitherii</strong></span> <span class='ocrx_word' id='word_1_565' title='bbox 2611 3780 2944 3847; x_wconf 66' lang='lat' dir='ltr'><strong>ri.cognovit.</strong></span> <span class='ocrx_word' id='word_1_566' title='bbox 3084 3844 3093 3849; x_wconf 27' lang='grc' dir='ltr'><em>Α</em></span> 
     </span>
    </p>
   </div>
   <div class='ocr_carea' id='block_1_87' title="bbox 1870 3858 3417 3942">
    <p class='ocr_par' dir='ltr' id='par_1_87' title="bbox 1870 3858 3417 3942">
     <span class='ocr_line' id='line_1_87' title="bbox 1870 3858 3417 3942; baseline 0.011 -27"><span class='ocrx_word' id='word_1_567' title='bbox 1870 3864 2066 3917; x_wconf 89' lang='lat' dir='ltr'><strong>Actum</strong></span> <span class='ocrx_word' id='word_1_568' title='bbox 2090 3861 2410 3920; x_wconf 82' lang='lat' dir='ltr'><strong>Theodonis</strong></span> <span class='ocrx_word' id='word_1_569' title='bbox 2441 3866 2564 3922; x_wconf 86' lang='lat' dir='ltr'><strong>villa</strong></span> <span class='ocrx_word' id='word_1_570' title='bbox 2594 3858 2794 3939; x_wconf 90' lang='lat' dir='ltr'><strong>palatio</strong></span> <span class='ocrx_word' id='word_1_571' title='bbox 2828 3872 3064 3942; x_wconf 89' lang='lat' dir='ltr'><strong>publico,</strong></span> <span class='ocrx_word' id='word_1_572' title='bbox 3100 3875 3152 3929; x_wconf 90' lang='lat' dir='ltr'><strong>iu</strong></span> <span class='ocrx_word' id='word_1_573' title='bbox 3190 3874 3281 3931; x_wconf 89' lang='lat' dir='ltr'><strong>Dei</strong></span> <span class='ocrx_word' id='word_1_574' title='bbox 3324 3892 3417 3932; x_wconf 85' lang='lat' dir='ltr'><strong>no-</strong></span> 
     </span>
    </p>
   </div>
   <div class='ocr_carea' id='block_1_88' title="bbox 1792 3952 2451 4014">
    <p class='ocr_par' dir='ltr' id='par_1_88' title="bbox 1792 3952 2451 4014">
     <span class='ocr_line' id='line_1_88' title="bbox 1792 3952 2451 4014; baseline 0.008 -7"><span class='ocrx_word' id='word_1_575' title='bbox 1792 3952 1939 4008; x_wconf 82' lang='lat' dir='ltr'><strong>mine</strong></span> <span class='ocrx_word' id='word_1_576' title='bbox 1969 3953 2221 4013; x_wconf 87' lang='lat' dir='ltr'><strong>feliciter.</strong></span> <span class='ocrx_word' id='word_1_577' title='bbox 2256 3962 2451 4014; x_wconf 81' lang='lat' dir='ltr'><strong>Amen.</strong></span> 
     </span>
    </p>
   </div>
   <div class='ocr_carea' id='block_1_89' title="bbox 2518 4093 2689 4151">
    <p class='ocr_par' dir='ltr' id='par_1_89' title="bbox 2518 4093 2689 4151">
     <span class='ocr_line' id='line_1_89' title="bbox 2518 4093 2689 4151; baseline 0.012 -2"><span class='ocrx_word' id='word_1_578' title='bbox 2518 4093 2689 4151; x_wconf 79' lang='lat' dir='ltr'><strong>XXX.</strong></span> 
     </span>
    </p>
   </div>
   <div class='ocr_carea' id='block_1_90' title="bbox 1788 4148 3469 4275">
    <p class='ocr_par' dir='ltr' id='par_1_90' title="bbox 1788 4148 3469 4275">
     <span class='ocr_line' id='line_1_90' title="bbox 1788 4148 3469 4275; baseline 0.017 -42"><span class='ocrx_word' id='word_1_579' title='bbox 1788 4178 2119 4250; x_wconf 68' lang='lat' dir='ltr'><strong>Prwceputm</strong></span> <span class='ocrx_word' id='word_1_580' title='bbox 2160 4182 2338 4275; x_wconf 54' lang='lat' dir='ltr'><strong>Carr-iii</strong></span> <span class='ocrx_word' id='word_1_581' title='bbox 2360 4186 2572 4275; x_wconf 45' lang='lat' dir='ltr'><strong>“Magni</strong></span> <span class='ocrx_word' id='word_1_582' title='bbox 2622 4209 2716 4260; x_wconf 84' lang='lat' dir='ltr'><strong>pro</strong></span> <span class='ocrx_word' id='word_1_583' title='bbox 2748 4190 3118 4275; x_wconf 50' lang='lat' dir='ltr'><strong>Angelramno</strong></span> <span class='ocrx_word' id='word_1_584' title='bbox 3170 4205 3414 4275; x_wconf 71' lang='grc' dir='ltr'><strong>ρρίεεονο</strong></span> <span class='ocrx_word' id='word_1_585' title='bbox 3466 4256 3469 4259; x_wconf 96' lang='grc'>.</span> 
     </span>
    </p>
   </div>
   <div class='ocr_carea' id='block_1_91' title="bbox 2261 4256 2903 4337">
    <p class='ocr_par' dir='ltr' id='par_1_91' title="bbox 2261 4256 2903 4337">
     <span class='ocr_line' id='line_1_91' title="bbox 2261 4256 2903 4337; baseline 0.017 -26"><span class='ocrx_word' id='word_1_586' title='bbox 2261 4256 2507 4315; x_wconf 64' lang='lat' dir='ltr'><strong>Mettensi</strong></span> <span class='ocrx_word' id='word_1_587' title='bbox 2555 4256 2718 4329; x_wconf 74' lang='lat' dir='ltr'><strong>(anno</strong></span> <span class='ocrx_word' id='word_1_588' title='bbox 2749 4256 2903 4337; x_wconf 38' lang='lat'><strong>7&#39;75”).</strong></span> 
     </span>
    </p>
   </div>
   <div class='ocr_carea' id='block_1_92' title="bbox 2165 4368 3035 4447">
    <p class='ocr_par' dir='ltr' id='par_1_92' title="bbox 2165 4368 3035 4447">
     <span class='ocr_line' id='line_1_92' title="bbox 2165 4368 3035 4447; baseline 0.018 -28"><span class='ocrx_word' id='word_1_589' title='bbox 2165 4368 2259 4433; x_wconf 83' lang='lat' dir='ltr'><strong>(Ex</strong></span> <span class='ocrx_word' id='word_1_590' title='bbox 2283 4371 2501 4425; x_wconf 82' lang='lat' dir='ltr'><strong>Historia</strong></span> <span class='ocrx_word' id='word_1_591' title='bbox 2522 4375 2754 4439; x_wconf 78' lang='lat' dir='ltr'><strong>Metensi,</strong></span> <span class='ocrx_word' id='word_1_592' title='bbox 2778 4387 2878 4431; x_wconf 88' lang='lat' dir='ltr'><strong>tom</strong></span> <span class='ocrx_word' id='word_1_593' title='bbox 2920 4382 3035 4447; x_wconf 83' lang='lat' dir='ltr'><strong>ill.)</strong></span> 
     </span>
    </p>
   </div>
   <div class='ocr_carea' id='block_1_93' title="bbox 1858 4469 3414 4563">
    <p class='ocr_par' dir='ltr' id='par_1_93' title="bbox 1858 4469 3414 4563">
     <span class='ocr_line' id='line_1_93' title="bbox 1858 4469 3414 4563; baseline 0.016 -37"><span class='ocrx_word' id='word_1_594' title='bbox 1858 4469 2085 4527; x_wconf 88' lang='lat' dir='ltr'><strong>Carolus</strong></span> <span class='ocrx_word' id='word_1_595' title='bbox 2118 4474 2211 4528; x_wconf 89' lang='lat' dir='ltr'><strong>Dei</strong></span> <span class='ocrx_word' id='word_1_596' title='bbox 2260 4477 2432 4546; x_wconf 78' lang='lat' dir='ltr'><strong>gratia</strong></span> <span class='ocrx_word' id='word_1_597' title='bbox 2469 4496 2559 4535; x_wconf 69' lang='lat' dir='ltr'><strong>rex</strong></span> <span class='ocrx_word' id='word_1_598' title='bbox 2618 4481 2952 4541; x_wconf 85' lang='lat' dir='ltr'><strong>Francorum</strong></span> <span class='ocrx_word' id='word_1_599' title='bbox 2996 4498 3054 4545; x_wconf 92' lang='lat' dir='ltr'><strong>et</strong></span> <span class='ocrx_word' id='word_1_600' title='bbox 3094 4490 3414 4563; x_wconf 73' lang='lat' dir='ltr'><strong>Langobar-</strong></span> 
     </span>
    </p>
   </div>
   <div class='ocr_carea' id='block_1_94' title="bbox 1582 4540 3407 4651">
    <p class='ocr_par' dir='ltr' id='par_1_94' title="bbox 1582 4540 3407 4651">
     <span class='ocr_line' id='line_1_94' title="bbox 1582 4540 3407 4651; baseline 0.018 -40"><span class='ocrx_word' id='word_1_601' title='bbox 1582 4559 1679 4611; x_wconf 79' lang='grc' dir='ltr'><strong>Ι)Γο</strong></span> <span class='ocrx_word' id='word_1_602' title='bbox 1706 4540 1759 4600; x_wconf 83' lang='grc' dir='ltr'><strong>Ῑ)</strong></span> <span class='ocrx_word' id='word_1_603' title='bbox 1787 4560 1978 4616; x_wconf 87' lang='lat' dir='ltr'><strong>dorum</strong></span> <span class='ocrx_word' id='word_1_604' title='bbox 2015 4564 2094 4618; x_wconf 85' lang='lat' dir='ltr'><strong>vir</strong></span> <span class='ocrx_word' id='word_1_605' title='bbox 2117 4565 2367 4632; x_wconf 89' lang='lat' dir='ltr'><strong>illustris,</strong></span> <span class='ocrx_word' id='word_1_606' title='bbox 2412 4569 2661 4639; x_wconf 86' lang='lat' dir='ltr'><strong>ducibus,</strong></span> <span class='ocrx_word' id='word_1_607' title='bbox 2703 4577 3017 4645; x_wconf 88' lang='lat' dir='ltr'><strong>comitibus,</strong></span> <span class='ocrx_word' id='word_1_608' title='bbox 3067 4540 3407 4651; x_wconf 56' lang='lat' dir='ltr'><strong>domesticis,</strong></span> 
     </span>
    </p>
   </div>
   <div class='ocr_carea' id='block_1_95' title="bbox 1786 4653 3406 4747">
    <p class='ocr_par' dir='ltr' id='par_1_95' title="bbox 1786 4653 3406 4747">
     <span class='ocr_line' id='line_1_95' title="bbox 1786 4653 3406 4747; baseline 0.016 -39"><span class='ocrx_word' id='word_1_609' title='bbox 1786 4653 1871 4747; x_wconf 49' lang='lat' dir='ltr'><strong>vel</strong></span> <span class='ocrx_word' id='word_1_610' title='bbox 1901 4656 2158 4710; x_wconf 85' lang='lat' dir='ltr'><strong>omnibus</strong></span> <span class='ocrx_word' id='word_1_611' title='bbox 2186 4661 2473 4725; x_wconf 70' lang='lat' dir='ltr'><strong>agentibus</strong></span> <span class='ocrx_word' id='word_1_612' title='bbox 2507 4674 2615 4720; x_wconf 89' lang='lat' dir='ltr'><strong>tam</strong></span> <span class='ocrx_word' id='word_1_613' title='bbox 2642 4665 2776 4722; x_wconf 90' lang='lat' dir='ltr'><strong>ultra</strong></span> <span class='ocrx_word' id='word_1_614' title='bbox 2810 4686 2972 4741; x_wconf 89' lang='lat' dir='ltr'><strong>quam</strong></span> <span class='ocrx_word' id='word_1_615' title='bbox 3005 4675 3138 4730; x_wconf 82' lang='lat' dir='ltr'><strong>citra</strong></span> <span class='ocrx_word' id='word_1_616' title='bbox 3172 4677 3406 4747; x_wconf 69' lang='lat' dir='ltr'><strong>lienum,</strong></span> 
     </span>
    </p>
   </div>
   <div class='ocr_carea' id='block_1_96' title="bbox 1787 4728 3405 4836">
    <p class='ocr_par' dir='ltr' id='par_1_96' title="bbox 1787 4728 3405 4836">
     <span class='ocr_line' id='line_1_96' title="bbox 1787 4728 3405 4836; baseline 0.02 -40"><span class='ocrx_word' id='word_1_617' title='bbox 1787 4728 2071 4799; x_wconf 72' lang='lat' dir='ltr'><strong>Rodanum</strong></span> <span class='ocrx_word' id='word_1_618' title='bbox 2117 4756 2172 4801; x_wconf 91' lang='lat' dir='ltr'><strong>et</strong></span> <span class='ocrx_word' id='word_1_619' title='bbox 2222 4748 2460 4821; x_wconf 79' lang='lat' dir='ltr'><strong>Ligerim</strong></span> <span class='ocrx_word' id='word_1_620' title='bbox 2510 4728 2984 4833; x_wconf 68' lang='lat' dir='ltr'><strong>consistentibus,</strong></span> <span class='ocrx_word' id='word_1_621' title='bbox 3018 4775 3126 4820; x_wconf 89' lang='lat' dir='ltr'><strong>tam</strong></span> <span class='ocrx_word' id='word_1_622' title='bbox 3162 4728 3405 4836; x_wconf 61' lang='lat' dir='ltr'><strong>prmsen:</strong></span> 
     </span>
    </p>
   </div>
   <div class='ocr_carea' id='block_1_97' title="bbox 1784 4836 3404 4931">
    <p class='ocr_par' dir='ltr' id='par_1_97' title="bbox 1784 4836 3404 4931">
     <span class='ocr_line' id='line_1_97' title="bbox 1784 4836 3404 4931; baseline 0.022 -43"><span class='ocrx_word' id='word_1_623' title='bbox 1784 4836 1925 4891; x_wconf 90' lang='lat' dir='ltr'><strong>tibus</strong></span> <span class='ocrx_word' id='word_1_624' title='bbox 1954 4853 2117 4907; x_wconf 89' lang='lat' dir='ltr'><strong>quam</strong></span> <span class='ocrx_word' id='word_1_625' title='bbox 2162 4848 2220 4894; x_wconf 89' lang='lat' dir='ltr'><strong>et</strong></span> <span class='ocrx_word' id='word_1_626' title='bbox 2249 4843 2466 4901; x_wconf 89' lang='lat' dir='ltr'><strong>futuris.</strong></span> <span class='ocrx_word' id='word_1_627' title='bbox 2514 4847 2747 4907; x_wconf 69' lang='lat' dir='ltr'><strong>iuvante</strong></span> <span class='ocrx_word' id='word_1_628' title='bbox 2798 4852 3051 4923; x_wconf 85' lang='lat' dir='ltr'><strong>Domino,</strong></span> <span class='ocrx_word' id='word_1_629' title='bbox 3097 4864 3187 4931; x_wconf 84' lang='lat' dir='ltr'><strong>qui</strong></span> <span class='ocrx_word' id='word_1_630' title='bbox 3221 4880 3319 4920; x_wconf 89' lang='lat' dir='ltr'><strong>nos</strong></span> <span class='ocrx_word' id='word_1_631' title='bbox 3351 4869 3404 4923; x_wconf 91' lang='lat' dir='ltr'><strong>in</strong></span> 
     </span>
    </p>
   </div>
   <div class='ocr_carea' id='block_1_98' title="bbox 3318 303 3543 399">
    <p class='ocr_par' dir='ltr' id='par_1_98' title="bbox 3318 303 3543 399">
     <span class='ocr_line' id='line_1_98' title="bbox 3318 303 3543 399; baseline 0 -41"><span class='ocrx_word' id='word_1_632' title='bbox 3318 303 3433 358; x_wconf 65' lang='lat'><strong>930&#39;</strong></span> <span class='ocrx_word' id='word_1_633' title='bbox 3529 382 3543 399; x_wconf 36' lang='lat'><em>(</em></span> 
     </span>
    </p>
   </div>
   <div class='ocr_carea' id='block_1_99' title="bbox 97 4887 1673 4986">
    <p class='ocr_par' dir='ltr' id='par_1_99' title="bbox 97 4887 1673 4986">
     <span class='ocr_line' id='line_1_99' title="bbox 97 4887 1673 4986; baseline 0.024 -54"><span class='ocrx_word' id='word_1_634' title='bbox 97 4887 300 4943; x_wconf 81' lang='lat' dir='ltr'><strong>nasterio</strong></span> <span class='ocrx_word' id='word_1_635' title='bbox 330 4890 386 4946; x_wconf 88' lang='lat' dir='ltr'><strong>S.</strong></span> <span class='ocrx_word' id='word_1_636' title='bbox 424 4889 635 4950; x_wconf 73' lang='lat' dir='ltr'><strong>Martini</strong></span> <span class='ocrx_word' id='word_1_637' title='bbox 688 4896 871 4954; x_wconf 79' lang='lat' dir='ltr'><strong>eximii</strong></span> <span class='ocrx_word' id='word_1_638' title='bbox 920 4901 1254 4962; x_wconf 86' lang='lat' dir='ltr'><strong>confessoris</strong></span> <span class='ocrx_word' id='word_1_639' title='bbox 1300 4905 1524 4978; x_wconf 86' lang='lat' dir='ltr'><strong>Christi,</strong></span> <span class='ocrx_word' id='word_1_640' title='bbox 1580 4931 1673 4986; x_wconf 56' lang='lat' dir='ltr'><strong>pe.</strong></span> 
     </span>
    </p>
   </div>
   <div class='ocr_carea' id='block_1_100' title="bbox 96 4975 1673 5080">
    <p class='ocr_par' dir='ltr' id='par_1_100' title="bbox 96 4975 1673 5080">
     <span class='ocr_line' id='line_1_100' title="bbox 96 4975 1673 5080; baseline 0.026 -53"><span class='ocrx_word' id='word_1_641' title='bbox 96 4975 284 5035; x_wconf 79' lang='lat' dir='ltr'><strong>cuiisris</strong></span> <span class='ocrx_word' id='word_1_642' title='bbox 314 4986 526 5050; x_wconf 78' lang='lat' dir='ltr'><strong>patroni</strong></span> <span class='ocrx_word' id='word_1_643' title='bbox 573 4990 745 5045; x_wconf 84' lang='lat' dir='ltr'><strong>nostri</strong></span> <span class='ocrx_word' id='word_1_644' title='bbox 787 4991 1074 5053; x_wconf 79' lang='lat' dir='ltr'><strong>Turonica:</strong></span> <span class='ocrx_word' id='word_1_645' title='bbox 1113 4998 1367 5069; x_wconf 87' lang='lat' dir='ltr'><strong>civitatis,</strong></span> <span class='ocrx_word' id='word_1_646' title='bbox 1421 4975 1519 5061; x_wconf 84' lang='lat' dir='ltr'><strong>ubi</strong></span> <span class='ocrx_word' id='word_1_647' title='bbox 1560 4975 1673 5080; x_wconf 73' lang='lat' dir='ltr'><strong>ipse</strong></span> 
     </span>
    </p>
   </div>
   <div class='ocr_carea' id='block_1_101' title="bbox 100 5072 1670 5160">
    <p class='ocr_par' dir='ltr' id='par_1_101' title="bbox 100 5072 1670 5160">
     <span class='ocr_line' id='line_1_101' title="bbox 100 5072 1670 5160; baseline 0.024 -37"><span class='ocrx_word' id='word_1_648' title='bbox 100 5072 329 5137; x_wconf 83' lang='lat' dir='ltr'><strong>pretiosus</strong></span> <span class='ocrx_word' id='word_1_649' title='bbox 378 5080 432 5134; x_wconf 93' lang='lat' dir='ltr'><strong>in</strong></span> <span class='ocrx_word' id='word_1_650' title='bbox 461 5095 689 5151; x_wconf 86' lang='lat' dir='ltr'><strong>corpore</strong></span> <span class='ocrx_word' id='word_1_651' title='bbox 737 5087 1053 5158; x_wconf 90' lang='lat' dir='ltr'><strong>requiescit,</strong></span> <span class='ocrx_word' id='word_1_652' title='bbox 1102 5093 1336 5151; x_wconf 90' lang='lat' dir='ltr'><strong>innotuit</strong></span> <span class='ocrx_word' id='word_1_653' title='bbox 1386 5072 1670 5160; x_wconf 70' lang='lat' dir='ltr'><strong>serenitati</strong></span> 
     </span>
    </p>
   </div>
   <div class='ocr_carea' id='block_1_102' title="bbox 100 5163 1670 5251">
    <p class='ocr_par' dir='ltr' id='par_1_102' title="bbox 100 5163 1670 5251">
     <span class='ocr_line' id='line_1_102' title="bbox 100 5163 1670 5251; baseline 0.022 -35"><span class='ocrx_word' id='word_1_654' title='bbox 100 5163 221 5231; x_wconf 67' lang='lat' dir='ltr'><strong>regni</strong></span> <span class='ocrx_word' id='word_1_655' title='bbox 243 5170 412 5225; x_wconf 86' lang='lat' dir='ltr'><strong>nostri</strong></span> <span class='ocrx_word' id='word_1_656' title='bbox 436 5173 669 5243; x_wconf 85' lang='lat' dir='ltr'><strong>qualiter</strong></span> <span class='ocrx_word' id='word_1_657' title='bbox 695 5185 1011 5236; x_wconf 83' lang='lat' dir='ltr'><strong>antecessor</strong></span> <span class='ocrx_word' id='word_1_658' title='bbox 1036 5198 1170 5239; x_wconf 83' lang='lat' dir='ltr'><strong>suus</strong></span> <span class='ocrx_word' id='word_1_659' title='bbox 1198 5186 1506 5248; x_wconf 82' lang='lat' dir='ltr'><strong>Auttandus</strong></span> <span class='ocrx_word' id='word_1_660' title='bbox 1528 5196 1670 5251; x_wconf 89' lang='lat' dir='ltr'><strong>abba</strong></span> 
     </span>
    </p>
   </div>
   <div class='ocr_carea' id='block_1_103' title="bbox 98 5258 1667 5344">
    <p class='ocr_par' dir='ltr' id='par_1_103' title="bbox 98 5258 1667 5344">
     <span class='ocr_line' id='line_1_103' title="bbox 98 5258 1667 5344; baseline 0.022 -36"><span class='ocrx_word' id='word_1_661' title='bbox 98 5258 319 5320; x_wconf 78' lang='lat' dir='ltr'><strong>quasdam</strong></span> <span class='ocrx_word' id='word_1_662' title='bbox 359 5261 516 5320; x_wconf 79' lang='lat' dir='ltr'><strong>villas</strong></span> <span class='ocrx_word' id='word_1_663' title='bbox 544 5263 860 5339; x_wconf 87' lang='lat' dir='ltr'><strong>instituerit,</strong></span> <span class='ocrx_word' id='word_1_664' title='bbox 890 5287 1008 5344; x_wconf 68' lang='lat' dir='ltr'><strong>qua:</strong></span> <span class='ocrx_word' id='word_1_665' title='bbox 1055 5273 1312 5335; x_wconf 89' lang='lat' dir='ltr'><strong>fratribus</strong></span> <span class='ocrx_word' id='word_1_666' title='bbox 1342 5287 1667 5342; x_wconf 85' lang='lat' dir='ltr'><strong>mensuatim</strong></span> 
     </span>
    </p>
   </div>
   <div class='ocr_carea' id='block_1_104' title="bbox 102 5356 1665 5447">
    <p class='ocr_par' dir='ltr' id='par_1_104' title="bbox 102 5356 1665 5447">
     <span class='ocr_line' id='line_1_104' title="bbox 102 5356 1665 5447; baseline 0.02 -44"><span class='ocrx_word' id='word_1_667' title='bbox 102 5356 174 5410; x_wconf 76' lang='lat' dir='ltr'><strong>Per</strong></span> <span class='ocrx_word' id='word_1_668' title='bbox 198 5358 355 5447; x_wconf 74' lang='lat' dir='ltr'><strong>totum</strong></span> <span class='ocrx_word' id='word_1_669' title='bbox 384 5370 584 5413; x_wconf 89' lang='lat' dir='ltr'><strong>annum</strong></span> <span class='ocrx_word' id='word_1_670' title='bbox 615 5362 822 5419; x_wconf 77' lang='lat' dir='ltr'><strong>servire</strong></span> <span class='ocrx_word' id='word_1_671' title='bbox 846 5365 1080 5435; x_wconf 83' lang='lat' dir='ltr'><strong>debent;</strong></span> <span class='ocrx_word' id='word_1_672' title='bbox 1114 5380 1304 5439; x_wconf 86' lang='lat' dir='ltr'><strong>petens</strong></span> <span class='ocrx_word' id='word_1_673' title='bbox 1344 5375 1665 5447; x_wconf 87' lang='lat' dir='ltr'><strong>dignitatem</strong></span> 
     </span>
    </p>
   </div>
   <div class='ocr_carea' id='block_1_105' title="bbox 100 5440 1666 5540">
    <p class='ocr_par' dir='ltr' id='par_1_105' title="bbox 100 5440 1666 5540">
     <span class='ocr_line' id='line_1_105' title="bbox 100 5440 1666 5540; baseline 0.024 -49"><span class='ocrx_word' id='word_1_674' title='bbox 100 5440 395 5501; x_wconf 65' lang='lat' dir='ltr'><strong>excellentia</strong></span> <span class='ocrx_word' id='word_1_675' title='bbox 418 5457 642 5517; x_wconf 61' lang='lat' dir='ltr'><strong>nostra,</strong></span> <span class='ocrx_word' id='word_1_676' title='bbox 675 5461 732 5507; x_wconf 92' lang='lat' dir='ltr'><strong>ut</strong></span> <span class='ocrx_word' id='word_1_677' title='bbox 757 5469 853 5526; x_wconf 90' lang='lat' dir='ltr'><strong>pro</strong></span> <span class='ocrx_word' id='word_1_678' title='bbox 878 5456 987 5514; x_wconf 89' lang='lat' dir='ltr'><strong>Deo</strong></span> <span class='ocrx_word' id='word_1_679' title='bbox 1005 5469 1061 5516; x_wconf 90' lang='lat' dir='ltr'><strong>et</strong></span> <span class='ocrx_word' id='word_1_680' title='bbox 1086 5440 1666 5540; x_wconf 41' lang='lat' dir='ltr'><strong>reverentiavejusdem</strong></span> 
     </span>
    </p>
   </div>
   <div class='ocr_carea' id='block_1_106' title="bbox 100 5538 1666 5635">
    <p class='ocr_par' dir='ltr' id='par_1_106' title="bbox 100 5538 1666 5635">
     <span class='ocr_line' id='line_1_106' title="bbox 100 5538 1666 5635; baseline 0.026 -53"><span class='ocrx_word' id='word_1_681' title='bbox 100 5538 257 5607; x_wconf 73' lang='lat' dir='ltr'><strong>Sancti,</strong></span> <span class='ocrx_word' id='word_1_682' title='bbox 287 5555 381 5608; x_wconf 91' lang='lat' dir='ltr'><strong>per</strong></span> <span class='ocrx_word' id='word_1_683' title='bbox 428 5556 759 5616; x_wconf 71' lang='lat' dir='ltr'><strong>praeceptum</strong></span> <span class='ocrx_word' id='word_1_684' title='bbox 794 5563 992 5609; x_wconf 74' lang='lat' dir='ltr'><strong>nostra:</strong></span> <span class='ocrx_word' id='word_1_685' title='bbox 1036 5559 1375 5617; x_wconf 86' lang='lat' dir='ltr'><strong>auctoritatis</strong></span> <span class='ocrx_word' id='word_1_686' title='bbox 1408 5538 1463 5618; x_wconf 86' lang='lat' dir='ltr'><strong>id</strong></span> <span class='ocrx_word' id='word_1_687' title='bbox 1489 5566 1666 5635; x_wconf 88' lang='lat' dir='ltr'><strong>ipsum</strong></span> 
     </span>
    </p>
   </div>
   <div class='ocr_carea' id='block_1_107' title="bbox 102 5629 1667 5719">
    <p class='ocr_par' dir='ltr' id='par_1_107' title="bbox 102 5629 1667 5719">
     <span class='ocr_line' id='line_1_107' title="bbox 102 5629 1667 5719; baseline 0.029 -45"><span class='ocrx_word' id='word_1_688' title='bbox 102 5629 383 5690; x_wconf 83' lang='lat' dir='ltr'><strong>conﬁrmare</strong></span> <span class='ocrx_word' id='word_1_689' title='bbox 430 5636 804 5712; x_wconf 88' lang='lat' dir='ltr'><strong>dignaremur,</strong></span> <span class='ocrx_word' id='word_1_690' title='bbox 854 5651 1133 5719; x_wconf 82' lang='lat' dir='ltr'><strong>sequendo</strong></span> <span class='ocrx_word' id='word_1_691' title='bbox 1164 5668 1372 5711; x_wconf 91' lang='lat' dir='ltr'><strong>morem</strong></span> <span class='ocrx_word' id='word_1_692' title='bbox 1420 5669 1667 5718; x_wconf 79' lang='lat' dir='ltr'><strong>anteces-</strong></span> 
     </span>
    </p>
   </div>
   <div class='ocr_carea' id='block_1_108' title="bbox 101 5728 1663 5824">
    <p class='ocr_par' dir='ltr' id='par_1_108' title="bbox 101 5728 1663 5824">
     <span class='ocr_line' id='line_1_108' title="bbox 101 5728 1663 5824; baseline 0.024 -49"><span class='ocrx_word' id='word_1_693' title='bbox 101 5730 266 5815; x_wconf 61' lang='lat' dir='ltr'><strong>surum.</strong></span> <span class='ocrx_word' id='word_1_694' title='bbox 310 5728 473 5801; x_wconf 86' lang='lat' dir='ltr'><strong>Cujus</strong></span> <span class='ocrx_word' id='word_1_695' title='bbox 505 5749 604 5790; x_wconf 87' lang='lat' dir='ltr'><strong>nos</strong></span> <span class='ocrx_word' id='word_1_696' title='bbox 649 5737 895 5804; x_wconf 85' lang='lat' dir='ltr'><strong>petitioni</strong></span> <span class='ocrx_word' id='word_1_697' title='bbox 937 5749 1360 5817; x_wconf 84' lang='lat' dir='ltr'><strong>consentientes,</strong></span> <span class='ocrx_word' id='word_1_698' title='bbox 1394 5764 1441 5807; x_wconf 90' lang='lat' dir='ltr'><strong>et</strong></span> <span class='ocrx_word' id='word_1_699' title='bbox 1479 5766 1663 5824; x_wconf 84' lang='lat' dir='ltr'><strong>patro-</strong></span> 
     </span>
    </p>
   </div>
   <div class='ocr_carea' id='block_1_109' title="bbox 102 5812 1662 5914">
    <p class='ocr_par' dir='ltr' id='par_1_109' title="bbox 102 5812 1662 5914">
     <span class='ocr_line' id='line_1_109' title="bbox 102 5812 1662 5914; baseline 0.028 -50"><span class='ocrx_word' id='word_1_700' title='bbox 102 5812 210 5873; x_wconf 79' lang='lat' dir='ltr'><strong>cinia</strong></span> <span class='ocrx_word' id='word_1_701' title='bbox 246 5824 409 5881; x_wconf 82' lang='lat' dir='ltr'><strong>saneti</strong></span> <span class='ocrx_word' id='word_1_702' title='bbox 457 5826 669 5887; x_wconf 78' lang='lat' dir='ltr'><strong>Martini</strong></span> <span class='ocrx_word' id='word_1_703' title='bbox 718 5847 1060 5907; x_wconf 85' lang='lat' dir='ltr'><strong>venerantes,</strong></span> <span class='ocrx_word' id='word_1_704' title='bbox 1111 5840 1250 5897; x_wconf 88' lang='lat' dir='ltr'><strong>sicut</strong></span> <span class='ocrx_word' id='word_1_705' title='bbox 1299 5858 1662 5914; x_wconf 66' lang='lat' dir='ltr'><strong>prascessorcs</strong></span> 
     </span>
    </p>
   </div>
   <div class='ocr_carea' id='block_1_110' title="bbox 1780 4926 3406 5014">
    <p class='ocr_par' dir='ltr' id='par_1_110' title="bbox 1780 4926 3406 5014">
     <span class='ocr_line' id='line_1_110' title="bbox 1780 4926 3406 5014; baseline 0.02 -35"><span class='ocrx_word' id='word_1_706' title='bbox 1780 4926 1977 4983; x_wconf 88' lang='lat' dir='ltr'><strong>solium</strong></span> <span class='ocrx_word' id='word_1_707' title='bbox 2011 4931 2161 5000; x_wconf 87' lang='lat' dir='ltr'><strong>regni</strong></span> <span class='ocrx_word' id='word_1_708' title='bbox 2190 4931 2447 5001; x_wconf 88' lang='lat' dir='ltr'><strong>instituit,</strong></span> <span class='ocrx_word' id='word_1_709' title='bbox 2478 4937 2610 4993; x_wconf 88' lang='lat' dir='ltr'><strong>illud</strong></span> <span class='ocrx_word' id='word_1_710' title='bbox 2640 4942 2705 4996; x_wconf 84' lang='lat' dir='ltr'><strong>ad</strong></span> <span class='ocrx_word' id='word_1_711' title='bbox 2734 4958 3083 5014; x_wconf 82' lang='lat' dir='ltr'><strong>augmentum</strong></span> <span class='ocrx_word' id='word_1_712' title='bbox 3114 4926 3207 5008; x_wconf 69' lang='lat' dir='ltr'><strong>vel</strong></span> <span class='ocrx_word' id='word_1_713' title='bbox 3233 4958 3406 5012; x_wconf 84' lang='lat' dir='ltr'><strong>stabi-</strong></span> 
     </span>
    </p>
   </div>
   <div class='ocr_carea' id='block_1_111' title="bbox 1777 5016 3401 5108">
    <p class='ocr_par' dir='ltr' id='par_1_111' title="bbox 1777 5016 3401 5108">
     <span class='ocr_line' id='line_1_111' title="bbox 1777 5016 3401 5108; baseline 0.023 -37"><span class='ocrx_word' id='word_1_714' title='bbox 1777 5016 1977 5075; x_wconf 82' lang='lat' dir='ltr'><strong>litatem</strong></span> <span class='ocrx_word' id='word_1_715' title='bbox 2026 5024 2177 5095; x_wconf 81' lang='lat' dir='ltr'><strong>regni</strong></span> <span class='ocrx_word' id='word_1_716' title='bbox 2229 5030 2398 5083; x_wconf 87' lang='lat' dir='ltr'><strong>nostri</strong></span> <span class='ocrx_word' id='word_1_717' title='bbox 2452 5034 2828 5099; x_wconf 85' lang='lat' dir='ltr'><strong>proculdubio</strong></span> <span class='ocrx_word' id='word_1_718' title='bbox 2875 5044 3151 5099; x_wconf 76' lang='lat' dir='ltr'><strong>credimus</strong></span> <span class='ocrx_word' id='word_1_719' title='bbox 3201 5048 3252 5102; x_wconf 90' lang='lat' dir='ltr'><strong>in</strong></span> <span class='ocrx_word' id='word_1_720' title='bbox 3307 5050 3401 5108; x_wconf 92' lang='lat' dir='ltr'><strong>Dei</strong></span> 
     </span>
    </p>
   </div>
   <div class='ocr_carea' id='block_1_112' title="bbox 1776 5112 3456 5199">
    <p class='ocr_par' dir='ltr' id='par_1_112' title="bbox 1776 5112 3456 5199">
     <span class='ocr_line' id='line_1_112' title="bbox 1776 5112 3456 5199; baseline 0.021 -35"><span class='ocrx_word' id='word_1_721' title='bbox 1776 5112 1995 5169; x_wconf 85' lang='lat' dir='ltr'><strong>nomine</strong></span> <span class='ocrx_word' id='word_1_722' title='bbox 2026 5116 2319 5186; x_wconf 87' lang='lat' dir='ltr'><strong>pertinere,</strong></span> <span class='ocrx_word' id='word_1_723' title='bbox 2350 5121 2393 5175; x_wconf 93' lang='lat' dir='ltr'><strong>si</strong></span> <span class='ocrx_word' id='word_1_724' title='bbox 2428 5124 2716 5191; x_wconf 85' lang='lat' dir='ltr'><strong>petitiones</strong></span> <span class='ocrx_word' id='word_1_725' title='bbox 2758 5133 3102 5190; x_wconf 89' lang='lat' dir='ltr'><strong>sacerdotum</strong></span> <span class='ocrx_word' id='word_1_726' title='bbox 3126 5149 3181 5191; x_wconf 90' lang='lat' dir='ltr'><strong>et</strong></span> <span class='ocrx_word' id='word_1_727' title='bbox 3213 5140 3403 5199; x_wconf 82' lang='lat' dir='ltr'><strong>Eccle-</strong></span> <span class='ocrx_word' id='word_1_728' title='bbox 3449 5182 3456 5188; x_wconf 83' lang='grc'><strong><em>-</em></strong></span> 
     </span>
    </p>
   </div>
   <div class='ocr_carea' id='block_1_113' title="bbox 1773 5203 3397 5294">
    <p class='ocr_par' dir='ltr' id='par_1_113' title="bbox 1773 5203 3397 5294">
     <span class='ocr_line' id='line_1_113' title="bbox 1773 5203 3397 5294; baseline 0.018 -35"><span class='ocrx_word' id='word_1_729' title='bbox 1773 5203 1977 5260; x_wconf 85' lang='lat' dir='ltr'><strong>siarum</strong></span> <span class='ocrx_word' id='word_1_730' title='bbox 2030 5208 2123 5263; x_wconf 89' lang='lat' dir='ltr'><strong>Dei</strong></span> <span class='ocrx_word' id='word_1_731' title='bbox 2154 5210 2224 5265; x_wconf 91' lang='lat' dir='ltr'><strong>de</strong></span> <span class='ocrx_word' id='word_1_732' title='bbox 2255 5214 2418 5269; x_wconf 85' lang='lat' dir='ltr'><strong>reetis</strong></span> <span class='ocrx_word' id='word_1_733' title='bbox 2450 5219 2927 5292; x_wconf 85' lang='lat' dir='ltr'><strong>postulationibus,</strong></span> <span class='ocrx_word' id='word_1_734' title='bbox 2956 5243 3089 5294; x_wconf 76' lang='lat' dir='ltr'><strong>quas</strong></span> <span class='ocrx_word' id='word_1_735' title='bbox 3121 5230 3173 5283; x_wconf 91' lang='lat' dir='ltr'><strong>in</strong></span> <span class='ocrx_word' id='word_1_736' title='bbox 3199 5235 3397 5289; x_wconf 83' lang='lat' dir='ltr'><strong>ItuSltis</strong></span> 
     </span>
    </p>
   </div>
   <div class='ocr_carea' id='block_1_114' title="bbox 1772 5298 3401 5377">
    <p class='ocr_par' dir='ltr' id='par_1_114' title="bbox 1772 5298 3401 5377">
     <span class='ocr_line' id='line_1_114' title="bbox 1772 5298 3401 5377; baseline 0.018 -29"><span class='ocrx_word' id='word_1_737' title='bbox 1772 5298 1992 5353; x_wconf 88' lang='lat' dir='ltr'><strong>auribus</strong></span> <span class='ocrx_word' id='word_1_738' title='bbox 2022 5300 2400 5372; x_wconf 88' lang='lat' dir='ltr'><strong>patefecerint,</strong></span> <span class='ocrx_word' id='word_1_739' title='bbox 2433 5309 2778 5376; x_wconf 90' lang='lat' dir='ltr'><strong>perducimus</strong></span> <span class='ocrx_word' id='word_1_740' title='bbox 2809 5314 2874 5368; x_wconf 86' lang='lat' dir='ltr'><strong>ad</strong></span> <span class='ocrx_word' id='word_1_741' title='bbox 2908 5317 3183 5375; x_wconf 73' lang='lat' dir='ltr'><strong>effectum.</strong></span> <span class='ocrx_word' id='word_1_742' title='bbox 3244 5322 3401 5377; x_wconf 85' lang='lat' dir='ltr'><strong>lden-</strong></span> 
     </span>
    </p>
   </div>
   <div class='ocr_carea' id='block_1_115' title="bbox 1770 5386 3394 5484">
    <p class='ocr_par' dir='ltr' id='par_1_115' title="bbox 1770 5386 3394 5484">
     <span class='ocr_line' id='line_1_115' title="bbox 1770 5386 3394 5484; baseline 0.018 -44"><span class='ocrx_word' id='word_1_743' title='bbox 1770 5404 1872 5458; x_wconf 86' lang='lat' dir='ltr'><strong>que</strong></span> <span class='ocrx_word' id='word_1_744' title='bbox 1900 5389 1981 5445; x_wconf 89' lang='lat' dir='ltr'><strong>vir</strong></span> <span class='ocrx_word' id='word_1_745' title='bbox 2030 5386 2359 5461; x_wconf 84' lang='lat' dir='ltr'><strong>apostolicus</strong></span> <span class='ocrx_word' id='word_1_746' title='bbox 2406 5396 2640 5456; x_wconf 89' lang='lat' dir='ltr'><strong>doumus</strong></span> <span class='ocrx_word' id='word_1_747' title='bbox 2669 5414 2725 5458; x_wconf 85' lang='lat' dir='ltr'><strong>et</strong></span> <span class='ocrx_word' id='word_1_748' title='bbox 2774 5403 2935 5462; x_wconf 82' lang='lat' dir='ltr'><strong>Pater</strong></span> <span class='ocrx_word' id='word_1_749' title='bbox 2983 5421 3169 5464; x_wconf 89' lang='lat' dir='ltr'><strong>noster</strong></span> <span class='ocrx_word' id='word_1_750' title='bbox 3208 5415 3394 5484; x_wconf 83' lang='lat' dir='ltr'><strong>Angil-</strong></span> 
     </span>
    </p>
   </div>
   <div class='ocr_carea' id='block_1_116' title="bbox 1770 5488 3392 5575">
    <p class='ocr_par' dir='ltr' id='par_1_116' title="bbox 1770 5488 3392 5575">
     <span class='ocr_line' id='line_1_116' title="bbox 1770 5488 3392 5575; baseline 0.017 -40"><span class='ocrx_word' id='word_1_751' title='bbox 1770 5497 1992 5538; x_wconf 86' lang='lat' dir='ltr'><strong>ramnus</strong></span> <span class='ocrx_word' id='word_1_752' title='bbox 2020 5488 2307 5559; x_wconf 74' lang='lat' dir='ltr'><strong>episcopus</strong></span> <span class='ocrx_word' id='word_1_753' title='bbox 2331 5490 2390 5546; x_wconf 88' lang='lat' dir='ltr'><strong>S.</strong></span> <span class='ocrx_word' id='word_1_754' title='bbox 2413 5492 2671 5551; x_wconf 69' lang='lat' dir='ltr'><strong>Ecclesiae</strong></span> <span class='ocrx_word' id='word_1_755' title='bbox 2699 5496 2977 5555; x_wconf 81' lang='lat' dir='ltr'><strong>Mettensis</strong></span> <span class='ocrx_word' id='word_1_756' title='bbox 3001 5509 3392 5575; x_wconf 76' lang='lat' dir='ltr'><strong>przeceptiones</strong></span> 
     </span>
    </p>
   </div>
   <div class='ocr_carea' id='block_1_117' title="bbox 1771 5581 3389 5661">
    <p class='ocr_par' dir='ltr' id='par_1_117' title="bbox 1771 5581 3389 5661">
     <span class='ocr_line' id='line_1_117' title="bbox 1771 5581 3389 5661; baseline 0.017 -32"><span class='ocrx_word' id='word_1_757' title='bbox 1771 5590 1961 5644; x_wconf 78' lang='lat' dir='ltr'><strong>regum</strong></span> <span class='ocrx_word' id='word_1_758' title='bbox 2012 5581 2482 5647; x_wconf 62' lang='lat' dir='ltr'><strong>praedecessorum</strong></span> <span class='ocrx_word' id='word_1_759' title='bbox 2533 5598 2865 5661; x_wconf 89' lang='lat' dir='ltr'><strong>nostrorum,</strong></span> <span class='ocrx_word' id='word_1_760' title='bbox 2919 5610 3108 5653; x_wconf 86' lang='lat' dir='ltr'><strong>eorum</strong></span> <span class='ocrx_word' id='word_1_761' title='bbox 3140 5603 3389 5657; x_wconf 86' lang='lat' dir='ltr'><strong>manibus</strong></span> 
     </span>
    </p>
   </div>
   <div class='ocr_carea' id='block_1_118' title="bbox 1770 5668 3386 5764">
    <p class='ocr_par' dir='ltr' id='par_1_118' title="bbox 1770 5668 3386 5764">
     <span class='ocr_line' id='line_1_118' title="bbox 1770 5668 3386 5764; baseline 0.019 -43"><span class='ocrx_word' id='word_1_762' title='bbox 1770 5668 2075 5739; x_wconf 83' lang='lat' dir='ltr'><strong>roboratas,</strong></span> <span class='ocrx_word' id='word_1_763' title='bbox 2109 5672 2266 5730; x_wconf 88' lang='lat' dir='ltr'><strong>nobis</strong></span> <span class='ocrx_word' id='word_1_764' title='bbox 2316 5680 2539 5746; x_wconf 91' lang='lat' dir='ltr'><strong>protulit</strong></span> <span class='ocrx_word' id='word_1_765' title='bbox 2578 5688 2986 5764; x_wconf 76' lang='lat' dir='ltr'><strong>recensendas;</strong></span> <span class='ocrx_word' id='word_1_766' title='bbox 3036 5690 3125 5747; x_wconf 90' lang='lat' dir='ltr'><strong>ubi</strong></span> <span class='ocrx_word' id='word_1_767' title='bbox 3158 5709 3386 5764; x_wconf 78' lang='lat' dir='ltr'><strong>genera-</strong></span> 
     </span>
    </p>
   </div>
   <div class='ocr_carea' id='block_1_119' title="bbox 1771 5754 3389 5851">
    <p class='ocr_par' dir='ltr' id='par_1_119' title="bbox 1771 5754 3389 5851">
     <span class='ocr_line' id='line_1_119' title="bbox 1771 5754 3389 5851; baseline 0.017 -34"><span class='ocrx_word' id='word_1_768' title='bbox 1771 5761 1896 5818; x_wconf 87' lang='lat' dir='ltr'><strong>liter</strong></span> <span class='ocrx_word' id='word_1_769' title='bbox 1926 5768 2285 5836; x_wconf 78' lang='lat' dir='ltr'><strong>cegnovimus</strong></span> <span class='ocrx_word' id='word_1_770' title='bbox 2312 5786 2439 5828; x_wconf 90' lang='lat' dir='ltr'><strong>esse</strong></span> <span class='ocrx_word' id='word_1_771' title='bbox 2484 5754 2750 5835; x_wconf 75' lang='lat' dir='ltr'><strong>insertum</strong></span> <span class='ocrx_word' id='word_1_772' title='bbox 2780 5781 2923 5851; x_wconf 90' lang='lat' dir='ltr'><strong>quod</strong></span> <span class='ocrx_word' id='word_1_773' title='bbox 2952 5788 3389 5845; x_wconf 73' lang='lat' dir='ltr'><strong>antecessoribus</strong></span> 
     </span>
    </p>
   </div>
   <div class='ocr_carea' id='block_1_120' title="bbox 1768 5856 3385 5948">
    <p class='ocr_par' dir='ltr' id='par_1_120' title="bbox 1768 5856 3385 5948">
     <span class='ocr_line' id='line_1_120' title="bbox 1768 5856 3385 5948; baseline 0.019 -36"><span class='ocrx_word' id='word_1_774' title='bbox 1768 5856 1879 5913; x_wconf 78' lang='lat' dir='ltr'><strong>suis</strong></span> <span class='ocrx_word' id='word_1_775' title='bbox 1910 5858 2016 5914; x_wconf 89' lang='lat' dir='ltr'><strong>tale</strong></span> <span class='ocrx_word' id='word_1_776' title='bbox 2047 5858 2239 5920; x_wconf 86' lang='lat' dir='ltr'><strong>fuisset</strong></span> <span class='ocrx_word' id='word_1_777' title='bbox 2259 5863 2371 5935; x_wconf 84' lang='lat' dir='ltr'><strong>jam</strong></span> <span class='ocrx_word' id='word_1_778' title='bbox 2398 5881 2429 5923; x_wconf 92' lang='lat' dir='ltr'><strong>a</strong></span> <span class='ocrx_word' id='word_1_779' title='bbox 2461 5869 2625 5942; x_wconf 76' lang='lat' dir='ltr'><strong>longe</strong></span> <span class='ocrx_word' id='word_1_780' title='bbox 2655 5883 2899 5948; x_wconf 87' lang='lat' dir='ltr'><strong>tempore</strong></span> <span class='ocrx_word' id='word_1_781' title='bbox 2930 5879 3192 5938; x_wconf 88' lang='lat' dir='ltr'><strong>indultum</strong></span> <span class='ocrx_word' id='word_1_782' title='bbox 3219 5885 3385 5942; x_wconf 82' lang='lat' dir='ltr'><strong>bene-</strong></span> 
     </span>
    </p>
   </div>
  </div>
