  <div class='ocr_page' id='page_1' title='image "/cluster/home/n/w/nwhite01/storage/ocr_20150623/97/uva.x000827070/470.png"; bbox 0 0 3856 6220; ppageno 0'>
   <div class='ocr_carea' id='block_1_1' title="bbox 5 230 2969 298">
    <p class='ocr_par' dir='ltr' id='par_1_1' title="bbox 5 230 2969 298">
     <span class='ocr_line' id='line_1_1' title="bbox 5 230 2969 298; baseline -0.001 -4"><span class='ocrx_word' id='word_1_1' title='bbox 5 230 51 282; x_wconf 71' lang='grc' dir='ltr'><em>Π</em></span> <span class='ocrx_word' id='word_1_2' title='bbox 286 238 517 297; x_wconf 81' lang='lat' dir='ltr'><strong>CODEX</strong></span> <span class='ocrx_word' id='word_1_3' title='bbox 558 237 1081 298; x_wconf 75' lang='lat' dir='ltr'><strong>Dli’LOMATICUS.</strong></span> <span class='ocrx_word' id='word_1_4' title='bbox 1121 268 1193 280; x_wconf 90' lang='lat'>—</span> <span class='ocrx_word' id='word_1_5' title='bbox 1232 236 1650 295; x_wconf 64' lang='lat' dir='ltr'><strong>PRIViLl-LGIA.</strong></span> <span class='ocrx_word' id='word_1_6' title='bbox 1689 265 1759 277; x_wconf 90' lang='lat'><strong><em>—</em></strong></span> <span class='ocrx_word' id='word_1_7' title='bbox 1790 235 1831 292; x_wconf 91' lang='grc' dir='ltr'><strong>Ι.</strong></span> <span class='ocrx_word' id='word_1_8' title='bbox 1874 233 2128 289; x_wconf 64' lang='grc' dir='ltr'>ιίιιιίι.</span> <span class='ocrx_word' id='word_1_9' title='bbox 2174 233 2306 288; x_wconf 70' lang='lat' dir='ltr'><strong>PER</strong></span> <span class='ocrx_word' id='word_1_10' title='bbox 2346 232 2631 291; x_wconf 68' lang='lat' dir='ltr'><strong>GALLIIE</strong></span> <span class='ocrx_word' id='word_1_11' title='bbox 2673 234 2969 292; x_wconf 71' lang='lat' dir='ltr'><strong>PARTES.</strong></span> 
     </span>
    </p>
   </div>
   <div class='ocr_carea' id='block_1_2' title="bbox 662 354 899 409">
    <p class='ocr_par' dir='ltr' id='par_1_2' title="bbox 662 354 899 409">
     <span class='ocr_line' id='line_1_2' title="bbox 662 354 899 409; baseline -0.008 0"><span class='ocrx_word' id='word_1_12' title='bbox 662 354 899 409; x_wconf 77' lang='lat' dir='ltr'><strong>XXXIV.</strong></span> 
     </span>
    </p>
   </div>
   <div class='ocr_carea' id='block_1_3' title="bbox 6 444 1571 517">
    <p class='ocr_par' dir='ltr' id='par_1_3' title="bbox 6 444 1571 517">
     <span class='ocr_line' id='line_1_3' title="bbox 6 444 1571 517; baseline 0 -22"><span class='ocrx_word' id='word_1_13' title='bbox 6 458 299 517; x_wconf 59' lang='lat' dir='ltr'><strong>receptum</strong></span> <span class='ocrx_word' id='word_1_14' title='bbox 317 449 489 503; x_wconf 77' lang='lat' dir='ltr'><strong>Caroli</strong></span> <span class='ocrx_word' id='word_1_15' title='bbox 510 447 709 515; x_wconf 68' lang='lat' dir='ltr'><strong>Magni,</strong></span> <span class='ocrx_word' id='word_1_16' title='bbox 731 464 821 508; x_wconf 86' lang='lat' dir='ltr'><strong>pro</strong></span> <span class='ocrx_word' id='word_1_17' title='bbox 841 444 1065 498; x_wconf 83' lang='lat' dir='ltr'><strong>Pau&#39;iuo</strong></span> <span class='ocrx_word' id='word_1_18' title='bbox 1081 446 1205 497; x_wconf 74' lang='lat' dir='ltr'><strong>artis</strong></span> <span class='ocrx_word' id='word_1_19' title='bbox 1223 460 1315 514; x_wconf 84' lang='lat' dir='ltr'><strong>gra</strong></span> <span class='ocrx_word' id='word_1_20' title='bbox 1324 453 1571 495; x_wconf 55' lang='lat' dir='ltr'><strong>mutae-ac</strong></span> 
     </span>
    </p>
   </div>
   <div class='ocr_carea' id='block_1_4' title="bbox 465 518 1071 586">
    <p class='ocr_par' dir='ltr' id='par_1_4' title="bbox 465 518 1071 586">
     <span class='ocr_line' id='line_1_4' title="bbox 465 518 1071 586; baseline -0.007 -14"><span class='ocrx_word' id='word_1_21' title='bbox 465 522 708 586; x_wconf 79' lang='lat' dir='ltr'><strong>magistro</strong></span> <span class='ocrx_word' id='word_1_22' title='bbox 740 519 896 586; x_wconf 81' lang='lat' dir='ltr'><strong>(anno</strong></span> <span class='ocrx_word' id='word_1_23' title='bbox 924 518 952 567; x_wconf 84' lang='grc'><strong>7</strong></span> <span class='ocrx_word' id='word_1_24' title='bbox 964 518 1071 584; x_wconf 70' lang='grc'><strong>70).</strong></span> 
     </span>
    </p>
   </div>
   <div class='ocr_carea' id='block_1_5' title="bbox 246 604 1230 672">
    <p class='ocr_par' dir='ltr' id='par_1_5' title="bbox 246 604 1230 672">
     <span class='ocr_line' id='line_1_5' title="bbox 246 604 1230 672; baseline -0.005 -13"><span class='ocrx_word' id='word_1_25' title='bbox 246 612 346 670; x_wconf 64' lang='lat' dir='ltr'><strong>(lix</strong></span> <span class='ocrx_word' id='word_1_26' title='bbox 373 611 431 659; x_wconf 79' lang='grc' dir='ltr'><strong>Ι).</strong></span> <span class='ocrx_word' id='word_1_27' title='bbox 461 612 703 672; x_wconf 75' lang='lat' dir='ltr'><strong>Bouquel,</strong></span> <span class='ocrx_word' id='word_1_28' title='bbox 733 606 922 658; x_wconf 83' lang='lat' dir='ltr'><strong>Recueif</strong></span> <span class='ocrx_word' id='word_1_29' title='bbox 961 607 1048 655; x_wconf 81' lang='lat' dir='ltr'><strong>des</strong></span> <span class='ocrx_word' id='word_1_30' title='bbox 1076 604 1230 667; x_wconf 79' lang='grc' dir='ltr'><strong>Πὶοι.)</strong></span> 
     </span>
    </p>
   </div>
   <div class='ocr_carea' id='block_1_6' title="bbox 14 689 1571 765">
    <p class='ocr_par' dir='ltr' id='par_1_6' title="bbox 14 689 1571 765">
     <span class='ocr_line' id='line_1_6' title="bbox 14 689 1571 765; baseline -0.008 -18"><span class='ocrx_word' id='word_1_31' title='bbox 14 694 260 749; x_wconf 79' lang='lat' dir='ltr'><strong>Carolus</strong></span> <span class='ocrx_word' id='word_1_32' title='bbox 296 694 464 765; x_wconf 88' lang='lat' dir='ltr'><strong>gratia</strong></span> <span class='ocrx_word' id='word_1_33' title='bbox 499 694 590 749; x_wconf 99' lang='lat' dir='ltr'><strong>Dei</strong></span> <span class='ocrx_word' id='word_1_34' title='bbox 622 709 712 749; x_wconf 79' lang='lat' dir='ltr'><strong>rex</strong></span> <span class='ocrx_word' id='word_1_35' title='bbox 746 692 1071 746; x_wconf 73' lang='lat' dir='ltr'><strong>Fiaucormn</strong></span> <span class='ocrx_word' id='word_1_36' title='bbox 1110 702 1161 745; x_wconf 90' lang='lat' dir='ltr'><strong>et</strong></span> <span class='ocrx_word' id='word_1_37' title='bbox 1196 689 1571 758; x_wconf 72' lang='lat' dir='ltr'><strong>Longohanln-</strong></span> 
     </span>
    </p>
   </div>
   <div class='ocr_carea' id='block_1_7' title="bbox 6 781 1568 855">
    <p class='ocr_par' dir='ltr' id='par_1_7' title="bbox 6 781 1568 855">
     <span class='ocr_line' id='line_1_7' title="bbox 6 781 1568 855; baseline -0.001 -22"><span class='ocrx_word' id='word_1_38' title='bbox 6 805 98 848; x_wconf 68' lang='lat' dir='ltr'><strong>in,</strong></span> <span class='ocrx_word' id='word_1_39' title='bbox 139 797 199 839; x_wconf 89' lang='lat' dir='ltr'><strong>et</strong></span> <span class='ocrx_word' id='word_1_40' title='bbox 247 788 508 855; x_wconf 83' lang='lat' dir='ltr'><strong>patricius</strong></span> <span class='ocrx_word' id='word_1_41' title='bbox 550 786 947 849; x_wconf 78' lang='lat' dir='ltr'><strong>Romanorum,</strong></span> <span class='ocrx_word' id='word_1_42' title='bbox 989 787 1237 837; x_wconf 87' lang='lat' dir='ltr'><strong>omnibus</strong></span> <span class='ocrx_word' id='word_1_43' title='bbox 1279 781 1568 849; x_wconf 75' lang='lat' dir='ltr'><strong>episcopi,</strong></span> 
     </span>
    </p>
   </div>
   <div class='ocr_carea' id='block_1_8' title="bbox 6 875 1571 946">
    <p class='ocr_par' dir='ltr' id='par_1_8' title="bbox 6 875 1571 946">
     <span class='ocr_line' id='line_1_8' title="bbox 6 875 1571 946; baseline 0 -19"><span class='ocrx_word' id='word_1_44' title='bbox 6 879 273 942; x_wconf 69' lang='lat' dir='ltr'><strong>iiiatihus,</strong></span> <span class='ocrx_word' id='word_1_45' title='bbox 304 878 553 946; x_wconf 89' lang='lat' dir='ltr'><strong>ducibus,</strong></span> <span class='ocrx_word' id='word_1_46' title='bbox 580 878 884 942; x_wconf 75' lang='lat' dir='ltr'><strong>comitibus,</strong></span> <span class='ocrx_word' id='word_1_47' title='bbox 912 875 1185 939; x_wconf 84' lang='lat' dir='ltr'><strong>castaldis,</strong></span> <span class='ocrx_word' id='word_1_48' title='bbox 1207 875 1290 929; x_wconf 88' lang='lat' dir='ltr'><strong>vel</strong></span> <span class='ocrx_word' id='word_1_49' title='bbox 1322 875 1571 928; x_wconf 84' lang='lat' dir='ltr'><strong>omnibus</strong></span> 
     </span>
    </p>
   </div>
   <div class='ocr_carea' id='block_1_9' title="bbox 6 966 1566 1039">
    <p class='ocr_par' dir='ltr' id='par_1_9' title="bbox 6 966 1566 1039">
     <span class='ocr_line' id='line_1_9' title="bbox 6 966 1566 1039; baseline -0.002 -20"><span class='ocrx_word' id='word_1_50' title='bbox 6 969 209 1023; x_wconf 77' lang='lat' dir='ltr'><strong>felibus</strong></span> <span class='ocrx_word' id='word_1_51' title='bbox 249 970 476 1035; x_wconf 80' lang='lat' dir='ltr'><strong>nostris,</strong></span> <span class='ocrx_word' id='word_1_52' title='bbox 512 969 866 1039; x_wconf 74' lang='lat' dir='ltr'><strong>prtesentibus</strong></span> <span class='ocrx_word' id='word_1_53' title='bbox 895 978 949 1020; x_wconf 91' lang='lat' dir='ltr'><strong>et</strong></span> <span class='ocrx_word' id='word_1_54' title='bbox 980 967 1189 1021; x_wconf 91' lang='lat' dir='ltr'><strong>futuris.</strong></span> <span class='ocrx_word' id='word_1_55' title='bbox 1226 966 1414 1019; x_wconf 78' lang='lat' dir='ltr'><strong>Merito</strong></span> <span class='ocrx_word' id='word_1_56' title='bbox 1445 967 1566 1032; x_wconf 85' lang='lat' dir='ltr'><strong>qui-</strong></span> 
     </span>
    </p>
   </div>
   <div class='ocr_carea' id='block_1_10' title="bbox 6 1056 1571 1124">
    <p class='ocr_par' dir='ltr' id='par_1_10' title="bbox 6 1056 1571 1124">
     <span class='ocr_line' id='line_1_10' title="bbox 6 1056 1571 1124; baseline -0.003 -12"><span class='ocrx_word' id='word_1_57' title='bbox 6 1076 68 1112; x_wconf 76' lang='lat' dir='ltr'><strong>.un</strong></span> <span class='ocrx_word' id='word_1_58' title='bbox 126 1074 156 1112; x_wconf 90' lang='lat' dir='ltr'><strong>a</strong></span> <span class='ocrx_word' id='word_1_59' title='bbox 217 1059 383 1113; x_wconf 84' lang='lat' dir='ltr'><strong>nobis</strong></span> <span class='ocrx_word' id='word_1_60' title='bbox 430 1060 779 1115; x_wconf 79' lang='lat' dir='ltr'><strong>sublevantur</strong></span> <span class='ocrx_word' id='word_1_61' title='bbox 834 1057 1179 1117; x_wconf 86' lang='lat' dir='ltr'><strong>muneribus,</strong></span> <span class='ocrx_word' id='word_1_62' title='bbox 1232 1057 1320 1124; x_wconf 86' lang='lat' dir='ltr'><strong>qui</strong></span> <span class='ocrx_word' id='word_1_63' title='bbox 1372 1056 1571 1108; x_wconf 64' lang='lat' dir='ltr'><strong>nostris</strong></span> 
     </span>
    </p>
   </div>
   <div class='ocr_carea' id='block_1_11' title="bbox 8 1147 1571 1220">
    <p class='ocr_par' dir='ltr' id='par_1_11' title="bbox 8 1147 1571 1220">
     <span class='ocr_line' id='line_1_11' title="bbox 8 1147 1571 1220; baseline 0.001 -20"><span class='ocrx_word' id='word_1_64' title='bbox 8 1152 189 1203; x_wconf 63' lang='lat' dir='ltr'><strong>ivi:ter</strong></span> <span class='ocrx_word' id='word_1_65' title='bbox 236 1150 520 1220; x_wconf 79' lang='lat' dir='ltr'><strong>obsequiis</strong></span> <span class='ocrx_word' id='word_1_66' title='bbox 551 1151 894 1204; x_wconf 90' lang='lat' dir='ltr'><strong>famulantur.</strong></span> <span class='ocrx_word' id='word_1_67' title='bbox 938 1150 1002 1203; x_wconf 83' lang='lat' dir='ltr'><strong>Et</strong></span> <span class='ocrx_word' id='word_1_68' title='bbox 1045 1149 1163 1202; x_wconf 79' lang='lat' dir='ltr'><strong>ideo</strong></span> <span class='ocrx_word' id='word_1_69' title='bbox 1204 1149 1245 1201; x_wconf 82' lang='lat' dir='ltr'><strong>si</strong></span> <span class='ocrx_word' id='word_1_70' title='bbox 1288 1147 1571 1217; x_wconf 88' lang='lat' dir='ltr'><strong>petitiones</strong></span> 
     </span>
    </p>
   </div>
   <div class='ocr_carea' id='block_1_12' title="bbox 6 1241 1569 1310">
    <p class='ocr_par' dir='ltr' id='par_1_12' title="bbox 6 1241 1569 1310">
     <span class='ocr_line' id='line_1_12' title="bbox 6 1241 1569 1310; baseline -0.001 -18"><span class='ocrx_word' id='word_1_71' title='bbox 6 1258 177 1307; x_wconf 84' lang='lat' dir='ltr'><strong>uum,</strong></span> <span class='ocrx_word' id='word_1_72' title='bbox 240 1258 346 1310; x_wconf 91' lang='lat' dir='ltr'><strong>pro</strong></span> <span class='ocrx_word' id='word_1_73' title='bbox 394 1242 587 1310; x_wconf 83' lang='lat' dir='ltr'><strong>quibus</strong></span> <span class='ocrx_word' id='word_1_74' title='bbox 637 1252 847 1297; x_wconf 85' lang='lat' dir='ltr'><strong>m-stras</strong></span> <span class='ocrx_word' id='word_1_75' title='bbox 895 1241 1225 1307; x_wconf 74' lang='lat' dir='ltr'><strong>pulsaverint</strong></span> <span class='ocrx_word' id='word_1_76' title='bbox 1271 1253 1450 1304; x_wconf 87' lang='lat' dir='ltr'><strong>aures,</strong></span> <span class='ocrx_word' id='word_1_77' title='bbox 1505 1241 1569 1291; x_wconf 85' lang='lat' dir='ltr'><strong>ad</strong></span> 
     </span>
    </p>
   </div>
   <div class='ocr_carea' id='block_1_13' title="bbox 6 1332 1569 1402">
    <p class='ocr_par' dir='ltr' id='par_1_13' title="bbox 6 1332 1569 1402">
     <span class='ocr_line' id='line_1_13' title="bbox 6 1332 1569 1402; baseline -0.001 -18"><span class='ocrx_word' id='word_1_78' title='bbox 6 1333 208 1386; x_wconf 82' lang='lat' dir='ltr'><strong>fectum</strong></span> <span class='ocrx_word' id='word_1_79' title='bbox 247 1332 617 1401; x_wconf 74' lang='lat' dir='ltr'><strong>perducimus,</strong></span> <span class='ocrx_word' id='word_1_80' title='bbox 650 1335 853 1402; x_wconf 79' lang='lat' dir='ltr'><strong>regiam</strong></span> <span class='ocrx_word' id='word_1_81' title='bbox 881 1332 1324 1386; x_wconf 73' lang='lat' dir='ltr'><strong>consuetudinem</strong></span> <span class='ocrx_word' id='word_1_82' title='bbox 1351 1343 1569 1384; x_wconf 82' lang='lat' dir='ltr'><strong>exerce-</strong></span> 
     </span>
    </p>
   </div>
   <div class='ocr_carea' id='block_1_14' title="bbox 6 1422 1566 1492">
    <p class='ocr_par' dir='ltr' id='par_1_14' title="bbox 6 1422 1566 1492">
     <span class='ocr_line' id='line_1_14' title="bbox 6 1422 1566 1492; baseline 0.001 -19"><span class='ocrx_word' id='word_1_83' title='bbox 6 1439 101 1487; x_wconf 48' lang='lat' dir='ltr'><strong>ius,</strong></span> <span class='ocrx_word' id='word_1_84' title='bbox 135 1433 319 1492; x_wconf 85' lang='lat' dir='ltr'><strong>atque</strong></span> <span class='ocrx_word' id='word_1_85' title='bbox 355 1425 567 1478; x_wconf 91' lang='lat' dir='ltr'><strong>illorum</strong></span> <span class='ocrx_word' id='word_1_86' title='bbox 602 1424 838 1477; x_wconf 84' lang='lat' dir='ltr'><strong>animum</strong></span> <span class='ocrx_word' id='word_1_87' title='bbox 870 1424 1025 1478; x_wconf 91' lang='lat' dir='ltr'><strong>nobis</strong></span> <span class='ocrx_word' id='word_1_88' title='bbox 1051 1422 1404 1477; x_wconf 78' lang='lat' dir='ltr'><strong>deserviendo</strong></span> <span class='ocrx_word' id='word_1_89' title='bbox 1443 1438 1566 1490; x_wconf 88' lang='lat' dir='ltr'><strong>pro-</strong></span> 
     </span>
    </p>
   </div>
   <div class='ocr_carea' id='block_1_15' title="bbox 6 1515 1569 1584">
    <p class='ocr_par' dir='ltr' id='par_1_15' title="bbox 6 1515 1569 1584">
     <span class='ocr_line' id='line_1_15' title="bbox 6 1515 1569 1584; baseline -0.001 -17"><span class='ocrx_word' id='word_1_90' title='bbox 6 1529 238 1569; x_wconf 77' lang='lat' dir='ltr'><strong>ocamus.</strong></span> <span class='ocrx_word' id='word_1_91' title='bbox 296 1516 459 1582; x_wconf 82' lang='lat' dir='ltr'><strong>igitur</strong></span> <span class='ocrx_word' id='word_1_92' title='bbox 490 1525 675 1571; x_wconf 91' lang='lat' dir='ltr'><strong>notum</strong></span> <span class='ocrx_word' id='word_1_93' title='bbox 716 1516 789 1570; x_wconf 91' lang='lat' dir='ltr'><strong>sit</strong></span> <span class='ocrx_word' id='word_1_94' title='bbox 826 1516 1063 1569; x_wconf 89' lang='lat' dir='ltr'><strong>omnium</strong></span> <span class='ocrx_word' id='word_1_95' title='bbox 1098 1529 1332 1570; x_wconf 80' lang='lat' dir='ltr'><strong>veStrum</strong></span> <span class='ocrx_word' id='word_1_96' title='bbox 1364 1515 1569 1584; x_wconf 86' lang='lat' dir='ltr'><strong>magni-</strong></span> 
     </span>
    </p>
   </div>
   <div class='ocr_carea' id='block_1_16' title="bbox 5 1606 1570 1677">
    <p class='ocr_par' dir='ltr' id='par_1_16' title="bbox 5 1606 1570 1677">
     <span class='ocr_line' id='line_1_16' title="bbox 5 1606 1570 1677; baseline 0 -18"><span class='ocrx_word' id='word_1_97' title='bbox 5 1608 159 1672; x_wconf 85' lang='lat' dir='ltr'><strong>t&#39;iui,</strong></span> <span class='ocrx_word' id='word_1_98' title='bbox 206 1607 449 1677; x_wconf 75' lang='lat' dir='ltr'><strong>qualiter</strong></span> <span class='ocrx_word' id='word_1_99' title='bbox 492 1607 735 1663; x_wconf 86' lang='lat' dir='ltr'><strong>cedimus</strong></span> <span class='ocrx_word' id='word_1_100' title='bbox 774 1616 827 1661; x_wconf 93' lang='lat' dir='ltr'><strong>et</strong></span> <span class='ocrx_word' id='word_1_101' title='bbox 870 1606 1134 1661; x_wconf 87' lang='lat' dir='ltr'><strong>donamus</strong></span> <span class='ocrx_word' id='word_1_102' title='bbox 1180 1622 1208 1660; x_wconf 89' lang='lat' dir='ltr'><strong>a</strong></span> <span class='ocrx_word' id='word_1_103' title='bbox 1257 1606 1410 1660; x_wconf 90' lang='lat' dir='ltr'><strong>nobis</strong></span> <span class='ocrx_word' id='word_1_104' title='bbox 1455 1608 1570 1659; x_wconf 90' lang='lat' dir='ltr'><strong>viro</strong></span> 
     </span>
    </p>
   </div>
   <div class='ocr_carea' id='block_1_17' title="bbox 3173 240 3282 294">
    <p class='ocr_par' dir='ltr' id='par_1_17' title="bbox 3173 240 3282 294">
     <span class='ocr_line' id='line_1_17' title="bbox 3173 240 3282 294; baseline -0.009 0"><span class='ocrx_word' id='word_1_105' title='bbox 3173 240 3282 294; x_wconf 61' lang='lat'><strong>95$</strong></span> 
     </span>
    </p>
   </div>
   <div class='ocr_carea' id='block_1_18' title="bbox 1604 344 3270 418">
    <p class='ocr_par' dir='ltr' id='par_1_18' title="bbox 1604 344 3270 418">
     <span class='ocr_line' id='line_1_18' title="bbox 1604 344 3270 418; baseline 0.002 -17"><span class='ocrx_word' id='word_1_106' title='bbox 1604 354 1646 409; x_wconf 78' lang='grc' dir='ltr'><strong>Α</strong></span> <span class='ocrx_word' id='word_1_107' title='bbox 1679 363 1819 413; x_wconf 84' lang='grc' dir='ltr'>ιἰιιη,</span> <span class='ocrx_word' id='word_1_108' title='bbox 1851 346 2101 402; x_wconf 82' lang='lat' dir='ltr'><strong>Omnibus</strong></span> <span class='ocrx_word' id='word_1_109' title='bbox 2124 344 2370 400; x_wconf 80' lang='lat' dir='ltr'><strong>ﬁdelibus</strong></span> <span class='ocrx_word' id='word_1_110' title='bbox 2392 345 2588 399; x_wconf 82' lang='lat' dir='ltr'><strong>nostris</strong></span> <span class='ocrx_word' id='word_1_111' title='bbox 2606 355 2713 400; x_wconf 82' lang='lat' dir='ltr'><strong>tant</strong></span> <span class='ocrx_word' id='word_1_112' title='bbox 2743 347 3085 415; x_wconf 61' lang='lat' dir='ltr'><strong>presentibus</strong></span> <span class='ocrx_word' id='word_1_113' title='bbox 3109 364 3270 418; x_wconf 88' lang='lat' dir='ltr'><strong>quam</strong></span> 
     </span>
    </p>
   </div>
   <div class='ocr_carea' id='block_1_19' title="bbox 1678 438 3281 509">
    <p class='ocr_par' dir='ltr' id='par_1_19' title="bbox 1678 438 3281 509">
     <span class='ocr_line' id='line_1_19' title="bbox 1678 438 3281 509; baseline 0.004 -17"><span class='ocrx_word' id='word_1_114' title='bbox 1678 439 1895 494; x_wconf 70' lang='lat' dir='ltr'><strong>futuris.</strong></span> <span class='ocrx_word' id='word_1_115' title='bbox 1925 442 1965 493; x_wconf 78' lang='grc' dir='ltr'>Α</span> <span class='ocrx_word' id='word_1_116' title='bbox 2001 440 2182 509; x_wconf 79' lang='lat' dir='ltr'><strong>regale</strong></span> <span class='ocrx_word' id='word_1_117' title='bbox 2222 438 2365 492; x_wconf 87' lang='lat' dir='ltr'><strong>enim</strong></span> <span class='ocrx_word' id='word_1_118' title='bbox 2412 452 2634 494; x_wconf 88' lang='lat' dir='ltr'><strong>necesse</strong></span> <span class='ocrx_word' id='word_1_119' title='bbox 2681 448 2766 492; x_wconf 89' lang='lat' dir='ltr'><strong>est</strong></span> <span class='ocrx_word' id='word_1_120' title='bbox 2816 442 3125 497; x_wconf 60' lang='lat' dir='ltr'><strong>releventur</strong></span> <span class='ocrx_word' id='word_1_121' title='bbox 3171 446 3281 499; x_wconf 81' lang='lat' dir='ltr'><strong>cle-</strong></span> 
     </span>
    </p>
   </div>
   <div class='ocr_carea' id='block_1_20' title="bbox 1677 530 3277 602">
    <p class='ocr_par' dir='ltr' id='par_1_20' title="bbox 1677 530 3277 602">
     <span class='ocr_line' id='line_1_20' title="bbox 1677 530 3277 602; baseline 0.004 -18"><span class='ocrx_word' id='word_1_122' title='bbox 1677 531 1907 595; x_wconf 88' lang='lat' dir='ltr'><strong>mentia,</strong></span> <span class='ocrx_word' id='word_1_123' title='bbox 1954 532 2041 599; x_wconf 85' lang='lat' dir='ltr'><strong>qui</strong></span> <span class='ocrx_word' id='word_1_124' title='bbox 2093 530 2442 583; x_wconf 85' lang='lat' dir='ltr'><strong>damnitatem</strong></span> <span class='ocrx_word' id='word_1_125' title='bbox 2498 530 2637 596; x_wconf 84' lang='lat' dir='ltr'><strong>passi</strong></span> <span class='ocrx_word' id='word_1_126' title='bbox 2688 542 2807 583; x_wconf 89' lang='lat' dir='ltr'><strong>sunt</strong></span> <span class='ocrx_word' id='word_1_127' title='bbox 2865 548 2957 599; x_wconf 83' lang='lat' dir='ltr'><strong>per</strong></span> <span class='ocrx_word' id='word_1_128' title='bbox 3003 533 3277 602; x_wconf 80' lang='lat' dir='ltr'><strong>injuriam.</strong></span> 
     </span>
    </p>
   </div>
   <div class='ocr_carea' id='block_1_21' title="bbox 1680 621 3282 692">
    <p class='ocr_par' dir='ltr' id='par_1_21' title="bbox 1680 621 3282 692">
     <span class='ocr_line' id='line_1_21' title="bbox 1680 621 3282 692; baseline 0.002 -17"><span class='ocrx_word' id='word_1_129' title='bbox 1680 624 1844 692; x_wconf 79' lang='lat' dir='ltr'><strong>lgiiur</strong></span> <span class='ocrx_word' id='word_1_130' title='bbox 1888 623 2215 677; x_wconf 67' lang='lat' dir='ltr'><strong>venerabilis</strong></span> <span class='ocrx_word' id='word_1_131' title='bbox 2269 623 2350 674; x_wconf 87' lang='lat' dir='ltr'><strong>vir</strong></span> <span class='ocrx_word' id='word_1_132' title='bbox 2404 621 2597 676; x_wconf 84' lang='lat' dir='ltr'><strong>Beatus</strong></span> <span class='ocrx_word' id='word_1_133' title='bbox 2642 624 2808 677; x_wconf 80' lang='lat' dir='ltr'><strong>abbas</strong></span> <span class='ocrx_word' id='word_1_134' title='bbox 2852 640 2920 679; x_wconf 79' lang='lat' dir='ltr'><strong>ex</strong></span> <span class='ocrx_word' id='word_1_135' title='bbox 2954 630 3282 681; x_wconf 63' lang='lat' dir='ltr'><strong>monasterio</strong></span> 
     </span>
    </p>
   </div>
   <div class='ocr_carea' id='block_1_22' title="bbox 1678 712 3286 781">
    <p class='ocr_par' dir='ltr' id='par_1_22' title="bbox 1678 712 3286 781">
     <span class='ocr_line' id='line_1_22' title="bbox 1678 712 3286 781; baseline 0.002 -14"><span class='ocrx_word' id='word_1_136' title='bbox 1678 716 1987 779; x_wconf 84' lang='lat' dir='ltr'><strong>Scotorum,</strong></span> <span class='ocrx_word' id='word_1_137' title='bbox 2020 714 2162 781; x_wconf 88' lang='lat' dir='ltr'><strong>quod</strong></span> <span class='ocrx_word' id='word_1_138' title='bbox 2205 722 2426 766; x_wconf 86' lang='lat' dir='ltr'><strong>vocatur</strong></span> <span class='ocrx_word' id='word_1_139' title='bbox 2471 712 2699 781; x_wconf 83' lang='lat' dir='ltr'><strong>Onogia,</strong></span> <span class='ocrx_word' id='word_1_140' title='bbox 2756 715 2897 781; x_wconf 88' lang='lat' dir='ltr'><strong>quod</strong></span> <span class='ocrx_word' id='word_1_141' title='bbox 2959 715 3286 773; x_wconf 81' lang='lat' dir='ltr'><strong>Benedictus</strong></span> 
     </span>
    </p>
   </div>
   <div class='ocr_carea' id='block_1_23' title="bbox 1674 803 3287 874">
    <p class='ocr_par' dir='ltr' id='par_1_23' title="bbox 1674 803 3287 874">
     <span class='ocr_line' id='line_1_23' title="bbox 1674 803 3287 874; baseline 0.004 -17"><span class='ocrx_word' id='word_1_142' title='bbox 1674 805 2036 874; x_wconf 68' lang='lat' dir='ltr'><strong>ep‘scopusin</strong></span> <span class='ocrx_word' id='word_1_143' title='bbox 2073 803 2278 857; x_wconf 72' lang='lat' dir='ltr'><strong>ht-nore</strong></span> <span class='ocrx_word' id='word_1_144' title='bbox 2331 803 2390 859; x_wconf 91' lang='lat' dir='ltr'><strong>S.</strong></span> <span class='ocrx_word' id='word_1_145' title='bbox 2442 803 2755 859; x_wconf 73' lang='lat' dir='ltr'><strong>Michahelis</strong></span> <span class='ocrx_word' id='word_1_146' title='bbox 2798 820 2937 861; x_wconf 86' lang='lat' dir='ltr'><strong>novo</strong></span> <span class='ocrx_word' id='word_1_147' title='bbox 2984 810 3287 864; x_wconf 71' lang='lat' dir='ltr'><strong>construxit</strong></span> 
     </span>
    </p>
   </div>
   <div class='ocr_carea' id='block_1_24' title="bbox 1685 894 3283 966">
    <p class='ocr_par' dir='ltr' id='par_1_24' title="bbox 1685 894 3283 966">
     <span class='ocr_line' id='line_1_24' title="bbox 1685 894 3283 966; baseline 0.003 -17"><span class='ocrx_word' id='word_1_148' title='bbox 1685 912 1871 964; x_wconf 83' lang='lat' dir='ltr'><strong>opere,</strong></span> <span class='ocrx_word' id='word_1_149' title='bbox 1906 896 1995 950; x_wconf 90' lang='lat' dir='ltr'><strong>ubi</strong></span> <span class='ocrx_word' id='word_1_150' title='bbox 2043 894 2470 965; x_wconf 64' lang='lat' dir='ltr'><strong>preveuerabilis</strong></span> <span class='ocrx_word' id='word_1_151' title='bbox 2500 906 2650 963; x_wconf 81' lang='lat' dir='ltr'><strong>pater</strong></span> <span class='ocrx_word' id='word_1_152' title='bbox 2698 904 2931 964; x_wconf 77' lang='lat' dir='ltr'><strong>corpOre</strong></span> <span class='ocrx_word' id='word_1_153' title='bbox 2977 898 3283 966; x_wconf 83' lang='lat' dir='ltr'><strong>requiescit,</strong></span> 
     </span>
    </p>
   </div>
   <div class='ocr_carea' id='block_1_25' title="bbox 1674 984 3285 1054">
    <p class='ocr_par' dir='ltr' id='par_1_25' title="bbox 1674 984 3285 1054">
     <span class='ocr_line' id='line_1_25' title="bbox 1674 984 3285 1054; baseline 0.002 -14"><span class='ocrx_word' id='word_1_154' title='bbox 1674 986 1960 1041; x_wconf 84' lang='lat' dir='ltr'><strong>clementie</strong></span> <span class='ocrx_word' id='word_1_155' title='bbox 1990 985 2158 1039; x_wconf 78' lang='lat' dir='ltr'><strong>nostri</strong></span> <span class='ocrx_word' id='word_1_156' title='bbox 2189 984 2337 1053; x_wconf 75' lang='lat' dir='ltr'><strong>rigui</strong></span> <span class='ocrx_word' id='word_1_157' title='bbox 2364 985 2649 1051; x_wconf 72' lang='lat' dir='ltr'><strong>suggessit,</strong></span> <span class='ocrx_word' id='word_1_158' title='bbox 2675 998 2742 1038; x_wconf 89' lang='lat' dir='ltr'><strong>eo</strong></span> <span class='ocrx_word' id='word_1_159' title='bbox 2762 984 2904 1054; x_wconf 89' lang='lat' dir='ltr'><strong>quod</strong></span> <span class='ocrx_word' id='word_1_160' title='bbox 2928 986 3285 1043; x_wconf 88' lang='lat' dir='ltr'><strong>instrumenta</strong></span> 
     </span>
    </p>
   </div>
   <div class='ocr_carea' id='block_1_26' title="bbox 1673 1073 3287 1145">
    <p class='ocr_par' dir='ltr' id='par_1_26' title="bbox 1673 1073 3287 1145">
     <span class='ocr_line' id='line_1_26' title="bbox 1673 1073 3287 1145; baseline -0.005 -15"><span class='ocrx_word' id='word_1_161' title='bbox 1673 1076 1981 1130; x_wconf 87' lang='lat' dir='ltr'><strong>chartarum</strong></span> <span class='ocrx_word' id='word_1_162' title='bbox 2016 1074 2182 1144; x_wconf 85' lang='lat' dir='ltr'><strong>ipsius</strong></span> <span class='ocrx_word' id='word_1_163' title='bbox 2208 1073 2519 1129; x_wconf 87' lang='lat' dir='ltr'><strong>monasterii</strong></span> <span class='ocrx_word' id='word_1_164' title='bbox 2548 1082 2675 1129; x_wconf 89' lang='lat' dir='ltr'><strong>ante</strong></span> <span class='ocrx_word' id='word_1_165' title='bbox 2708 1074 2805 1129; x_wconf 88' lang='lat' dir='ltr'><strong>bos</strong></span> <span class='ocrx_word' id='word_1_166' title='bbox 2827 1091 3021 1142; x_wconf 81' lang='lat' dir='ltr'><strong>annos,</strong></span> <span class='ocrx_word' id='word_1_167' title='bbox 3068 1094 3161 1145; x_wconf 81' lang='lat' dir='ltr'><strong>per</strong></span> <span class='ocrx_word' id='word_1_168' title='bbox 3192 1094 3287 1133; x_wconf 76' lang='lat' dir='ltr'><strong>ne.</strong></span> 
     </span>
    </p>
   </div>
   <div class='ocr_carea' id='block_1_27' title="bbox 1676 1159 3286 1239">
    <p class='ocr_par' dir='ltr' id='par_1_27' title="bbox 1676 1159 3286 1239">
     <span class='ocr_line' id='line_1_27' title="bbox 1676 1159 3286 1239; baseline 0.001 -18"><span class='ocrx_word' id='word_1_169' title='bbox 1676 1169 2011 1239; x_wconf 70' lang='lat' dir='ltr'><strong>glugentiam,</strong></span> <span class='ocrx_word' id='word_1_170' title='bbox 2046 1183 2139 1235; x_wconf 89' lang='lat' dir='ltr'><strong>per</strong></span> <span class='ocrx_word' id='word_1_171' title='bbox 2164 1182 2299 1236; x_wconf 85' lang='lat' dir='ltr'><strong>quas</strong></span> <span class='ocrx_word' id='word_1_172' title='bbox 2327 1165 2465 1220; x_wconf 88' lang='lat' dir='ltr'><strong>infra</strong></span> <span class='ocrx_word' id='word_1_173' title='bbox 2506 1159 2669 1237; x_wconf 85' lang='lat' dir='ltr'><strong>regna</strong></span> <span class='ocrx_word' id='word_1_174' title='bbox 2715 1166 3041 1222; x_wconf 79' lang='lat' dir='ltr'><strong>Francorum</strong></span> <span class='ocrx_word' id='word_1_175' title='bbox 3070 1170 3286 1225; x_wconf 80' lang='lat' dir='ltr'><strong>Clu-isto</strong></span> 
     </span>
    </p>
   </div>
   <div class='ocr_carea' id='block_1_28' title="bbox 1678 1262 3283 1333">
    <p class='ocr_par' dir='ltr' id='par_1_28' title="bbox 1678 1262 3283 1333">
     <span class='ocr_line' id='line_1_28' title="bbox 1678 1262 3283 1333; baseline -0.003 -13"><span class='ocrx_word' id='word_1_176' title='bbox 1678 1263 1911 1333; x_wconf 78' lang='lat' dir='ltr'><strong>prOpiIio</strong></span> <span class='ocrx_word' id='word_1_177' title='bbox 1936 1263 2111 1329; x_wconf 82' lang='lat' dir='ltr'><strong>ipsum</strong></span> <span class='ocrx_word' id='word_1_178' title='bbox 2143 1262 2533 1317; x_wconf 82' lang='lat' dir='ltr'><strong>monasterium</strong></span> <span class='ocrx_word' id='word_1_179' title='bbox 2576 1262 2778 1329; x_wconf 84' lang='lat' dir='ltr'><strong>aliquid</strong></span> <span class='ocrx_word' id='word_1_180' title='bbox 2814 1262 3142 1328; x_wconf 82' lang='lat' dir='ltr'><strong>possidebat,</strong></span> <span class='ocrx_word' id='word_1_181' title='bbox 3176 1273 3283 1316; x_wconf 84' lang='lat' dir='ltr'><strong>tam</strong></span> 
     </span>
    </p>
   </div>
   <div class='ocr_carea' id='block_1_29' title="bbox 1676 1354 3283 1424">
    <p class='ocr_par' dir='ltr' id='par_1_29' title="bbox 1676 1354 3283 1424">
     <span class='ocr_line' id='line_1_29' title="bbox 1676 1354 3283 1424; baseline 0 -16"><span class='ocrx_word' id='word_1_182' title='bbox 1676 1369 1770 1422; x_wconf 89' lang='lat' dir='ltr'><strong>per</strong></span> <span class='ocrx_word' id='word_1_183' title='bbox 1799 1361 2047 1423; x_wconf 78' lang='lat' dir='ltr'><strong>precepts</strong></span> <span class='ocrx_word' id='word_1_184' title='bbox 2096 1368 2284 1422; x_wconf 82' lang='lat' dir='ltr'><strong>regum</strong></span> <span class='ocrx_word' id='word_1_185' title='bbox 2317 1366 2380 1406; x_wconf 90' lang='lat' dir='ltr'><strong>ac</strong></span> <span class='ocrx_word' id='word_1_186' title='bbox 2424 1354 2751 1422; x_wconf 74' lang='lat' dir='ltr'><strong>reginarum,</strong></span> <span class='ocrx_word' id='word_1_187' title='bbox 2775 1369 2933 1422; x_wconf 86' lang='lat' dir='ltr'><strong>quam</strong></span> <span class='ocrx_word' id='word_1_188' title='bbox 2958 1354 3283 1424; x_wconf 84' lang='lat' dir='ltr'><strong>reliquorum</strong></span> 
     </span>
    </p>
   </div>
   <div class='ocr_carea' id='block_1_30' title="bbox 1679 1446 3286 1511">
    <p class='ocr_par' dir='ltr' id='par_1_30' title="bbox 1679 1446 3286 1511">
     <span class='ocr_line' id='line_1_30' title="bbox 1679 1446 3286 1511; baseline 0.001 -10"><span class='ocrx_word' id='word_1_189' title='bbox 1679 1447 1847 1503; x_wconf 83' lang='lat' dir='ltr'><strong>Deum</strong></span> <span class='ocrx_word' id='word_1_190' title='bbox 1880 1447 2184 1501; x_wconf 87' lang='lat' dir='ltr'><strong>timentiqu</strong></span> <span class='ocrx_word' id='word_1_191' title='bbox 2217 1446 2520 1511; x_wconf 87' lang='lat' dir='ltr'><strong>homimnn,</strong></span> <span class='ocrx_word' id='word_1_192' title='bbox 2555 1447 2751 1501; x_wconf 89' lang='lat' dir='ltr'><strong>ibidem</strong></span> <span class='ocrx_word' id='word_1_193' title='bbox 2786 1448 3041 1501; x_wconf 85' lang='lat' dir='ltr'><strong>collatum</strong></span> <span class='ocrx_word' id='word_1_194' title='bbox 3070 1464 3134 1503; x_wconf 91' lang='lat' dir='ltr'><strong>ac</strong></span> <span class='ocrx_word' id='word_1_195' title='bbox 3158 1465 3286 1502; x_wconf 42' lang='lat' dir='ltr'><strong>cons</strong></span> 
     </span>
    </p>
   </div>
   <div class='ocr_carea' id='block_1_31' title="bbox 1675 1538 3287 1609">
    <p class='ocr_par' dir='ltr' id='par_1_31' title="bbox 1675 1538 3287 1609">
     <span class='ocr_line' id='line_1_31' title="bbox 1675 1538 3287 1609; baseline 0 -14"><span class='ocrx_word' id='word_1_196' title='bbox 1675 1542 1949 1595; x_wconf 87' lang='lat' dir='ltr'><strong>firmatum</strong></span> <span class='ocrx_word' id='word_1_197' title='bbox 1972 1541 2091 1609; x_wconf 84' lang='lat' dir='ltr'><strong>fuit,</strong></span> <span class='ocrx_word' id='word_1_198' title='bbox 2125 1541 2329 1609; x_wconf 84' lang='lat' dir='ltr'><strong>perdita</strong></span> <span class='ocrx_word' id='word_1_199' title='bbox 2358 1538 2705 1594; x_wconf 82' lang='lat' dir='ltr'><strong>devenissent</strong></span> <span class='ocrx_word' id='word_1_200' title='bbox 2726 1557 2740 1603; x_wconf 92' lang='lat'><strong>;</strong></span> <span class='ocrx_word' id='word_1_201' title='bbox 2763 1550 2818 1593; x_wconf 90' lang='lat' dir='ltr'><strong>et</strong></span> <span class='ocrx_word' id='word_1_202' title='bbox 2850 1542 3047 1595; x_wconf 79' lang='lat' dir='ltr'><strong>asserit</strong></span> <span class='ocrx_word' id='word_1_203' title='bbox 3078 1556 3139 1595; x_wconf 91' lang='lat' dir='ltr'><strong>se</strong></span> <span class='ocrx_word' id='word_1_204' title='bbox 3172 1542 3287 1608; x_wconf 65' lang='lat' dir='ltr'><strong>ipse</strong></span> 
     </span>
    </p>
   </div>
   <div class='ocr_carea' id='block_1_32' title="bbox 1673 1631 3289 1702">
    <p class='ocr_par' dir='ltr' id='par_1_32' title="bbox 1673 1631 3289 1702">
     <span class='ocr_line' id='line_1_32' title="bbox 1673 1631 3289 1702; baseline -0.001 -17"><span class='ocrx_word' id='word_1_205' title='bbox 1673 1634 1840 1688; x_wconf 84' lang='lat' dir='ltr'><strong>abbas</strong></span> <span class='ocrx_word' id='word_1_206' title='bbox 1863 1633 2006 1702; x_wconf 82' lang='lat' dir='ltr'><strong>ipsas</strong></span> <span class='ocrx_word' id='word_1_207' title='bbox 2032 1647 2117 1688; x_wconf 85' lang='lat' dir='ltr'><strong>res</strong></span> <span class='ocrx_word' id='word_1_208' title='bbox 2138 1631 2205 1687; x_wconf 89' lang='lat' dir='ltr'><strong>ad</strong></span> <span class='ocrx_word' id='word_1_209' title='bbox 2227 1640 2431 1699; x_wconf 85' lang='lat' dir='ltr'><strong>partem</strong></span> <span class='ocrx_word' id='word_1_210' title='bbox 2467 1631 2578 1701; x_wconf 85' lang='lat' dir='ltr'><strong>jam</strong></span> <span class='ocrx_word' id='word_1_211' title='bbox 2608 1632 2735 1685; x_wconf 92' lang='lat' dir='ltr'><strong>dicti</strong></span> <span class='ocrx_word' id='word_1_212' title='bbox 2763 1632 3074 1687; x_wconf 82' lang='lat' dir='ltr'><strong>monasterii</strong></span> <span class='ocrx_word' id='word_1_213' title='bbox 3104 1635 3289 1702; x_wconf 84' lang='lat' dir='ltr'><strong>quieto</strong></span> 
     </span>
    </p>
   </div>
   <div class='ocr_carea' id='block_1_33' title="bbox 5 1698 3263 1795">
    <p class='ocr_par' dir='ltr' id='par_1_33' title="bbox 5 1698 3263 1795">
     <span class='ocr_line' id='line_1_33' title="bbox 5 1698 3263 1795; baseline 0.003 -22"><span class='ocrx_word' id='word_1_214' title='bbox 5 1705 108 1757; x_wconf 66' lang='lat' dir='ltr'><strong>“de</strong></span> <span class='ocrx_word' id='word_1_215' title='bbox 141 1704 453 1759; x_wconf 64' lang='lat' dir='ltr'><strong>Veneram“</strong></span> <span class='ocrx_word' id='word_1_216' title='bbox 485 1703 707 1758; x_wconf 67' lang='grc' dir='ltr'><strong>Ρδυιίηο</strong></span> <span class='ocrx_word' id='word_1_217' title='bbox 732 1704 867 1795; x_wconf 11' lang='lat' dir='ltr'><strong>aliis,</strong></span> <span class='ocrx_word' id='word_1_218' title='bbox 896 1702 1258 1795; x_wconf 60' lang='lat' dir='ltr'><strong>Klamm?‘i°33</strong></span> <span class='ocrx_word' id='word_1_219' title='bbox 1289 1701 1560 1795; x_wconf 56' lang='lat' dir='ltr'><strong>m&quot;_l~&#39;is&quot;“&#39;-</strong></span> <span class='ocrx_word' id='word_1_220' title='bbox 1605 1698 1647 1756; x_wconf 68' lang='grc' dir='ltr'><strong>Β</strong></span> <span class='ocrx_word' id='word_1_221' title='bbox 1672 1698 2049 1792; x_wconf 45' lang='grc' dir='ltr'>υιυιΙίιιθξεὶειιι</span> <span class='ocrx_word' id='word_1_222' title='bbox 2074 1698 2240 1781; x_wconf 85' lang='lat' dir='ltr'><strong>antea</strong></span> <span class='ocrx_word' id='word_1_223' title='bbox 2262 1724 2410 1792; x_wconf 89' lang='lat' dir='ltr'><strong>fecit,</strong></span> <span class='ocrx_word' id='word_1_224' title='bbox 2438 1698 2699 1780; x_wconf 78' lang='lat' dir='ltr'><strong>motlerno</strong></span> <span class='ocrx_word' id='word_1_225' title='bbox 2721 1735 2964 1795; x_wconf 86' lang='lat' dir='ltr'><strong>tempore</strong></span> <span class='ocrx_word' id='word_1_226' title='bbox 2987 1698 3263 1795; x_wconf 80' lang='lat' dir='ltr'><strong>possidere</strong></span> 
     </span>
    </p>
   </div>
   <div class='ocr_carea' id='block_1_34' title="bbox 6 1792 1573 1863">
    <p class='ocr_par' dir='ltr' id='par_1_34' title="bbox 6 1792 1573 1863">
     <span class='ocr_line' id='line_1_34' title="bbox 6 1792 1573 1863; baseline 0 -16"><span class='ocrx_word' id='word_1_227' title='bbox 6 1810 61 1847; x_wconf 83' lang='lat' dir='ltr'><strong>oc</strong></span> <span class='ocrx_word' id='word_1_228' title='bbox 89 1804 178 1847; x_wconf 78' lang='lat' dir='ltr'><strong>ess</strong></span> <span class='ocrx_word' id='word_1_229' title='bbox 230 1809 326 1849; x_wconf 86' lang='lat' dir='ltr'><strong>res</strong></span> <span class='ocrx_word' id='word_1_230' title='bbox 354 1795 627 1863; x_wconf 75' lang='lat' dir='ltr'><strong>quondam</strong></span> <span class='ocrx_word' id='word_1_231' title='bbox 653 1804 708 1849; x_wconf 91' lang='lat' dir='ltr'><strong>et</strong></span> <span class='ocrx_word' id='word_1_232' title='bbox 738 1794 1017 1849; x_wconf 79' lang='lat' dir='ltr'><strong>facultates</strong></span> <span class='ocrx_word' id='word_1_233' title='bbox 1047 1794 1179 1848; x_wconf 89' lang='lat' dir='ltr'><strong>tales</strong></span> <span class='ocrx_word' id='word_1_234' title='bbox 1208 1810 1328 1861; x_wconf 79' lang='lat' dir='ltr'><strong>qua:</strong></span> <span class='ocrx_word' id='word_1_235' title='bbox 1361 1792 1573 1847; x_wconf 68' lang='lat' dir='ltr'><strong>fuermit</strong></span> 
     </span>
    </p>
   </div>
   <div class='ocr_carea' id='block_1_35' title="bbox 5 1882 1573 1954">
    <p class='ocr_par' dir='ltr' id='par_1_35' title="bbox 5 1882 1573 1954">
     <span class='ocr_line' id='line_1_35' title="bbox 5 1882 1573 1954; baseline 0.001 -19"><span class='ocrx_word' id='word_1_236' title='bbox 5 1882 273 1937; x_wconf 76' lang='lat' dir='ltr'><strong>Valdandii</strong></span> <span class='ocrx_word' id='word_1_237' title='bbox 310 1884 407 1939; x_wconf 86' lang='lat' dir='ltr'><strong>iilii</strong></span> <span class='ocrx_word' id='word_1_238' title='bbox 438 1886 706 1954; x_wconf 86' lang='lat' dir='ltr'><strong>quondam</strong></span> <span class='ocrx_word' id='word_1_239' title='bbox 738 1883 950 1938; x_wconf 80' lang='lat' dir='ltr'><strong>Mimoni</strong></span> <span class='ocrx_word' id='word_1_240' title='bbox 985 1883 1052 1940; x_wconf 91' lang='lat' dir='ltr'><strong>de</strong></span> <span class='ocrx_word' id='word_1_241' title='bbox 1084 1883 1411 1949; x_wconf 86' lang='lat' dir='ltr'><strong>Laberiano,</strong></span> <span class='ocrx_word' id='word_1_242' title='bbox 1453 1899 1573 1952; x_wconf 62' lang='lat' dir='ltr'><strong>quite</strong></span> 
     </span>
    </p>
   </div>
   <div class='ocr_carea' id='block_1_36' title="bbox 6 1975 1571 2046">
    <p class='ocr_par' dir='ltr' id='par_1_36' title="bbox 6 1975 1571 2046">
     <span class='ocr_line' id='line_1_36' title="bbox 6 1975 1571 2046; baseline 0 -19"><span class='ocrx_word' id='word_1_243' title='bbox 6 1976 30 2027; x_wconf 88' lang='lat' dir='ltr'><strong>tl</strong></span> <span class='ocrx_word' id='word_1_244' title='bbox 70 1984 324 2030; x_wconf 88' lang='lat' dir='ltr'><strong>nostrum</strong></span> <span class='ocrx_word' id='word_1_245' title='bbox 375 1976 708 2031; x_wconf 82' lang='lat' dir='ltr'><strong>devenerunt</strong></span> <span class='ocrx_word' id='word_1_246' title='bbox 756 1975 1037 2045; x_wconf 85' lang='lat' dir='ltr'><strong>palatium,</strong></span> <span class='ocrx_word' id='word_1_247' title='bbox 1087 1991 1185 2046; x_wconf 86' lang='lat' dir='ltr'><strong>pro</strong></span> <span class='ocrx_word' id='word_1_248' title='bbox 1225 1992 1292 2030; x_wconf 88' lang='lat' dir='ltr'><strong>eo</strong></span> <span class='ocrx_word' id='word_1_249' title='bbox 1332 1975 1473 2044; x_wconf 85' lang='lat' dir='ltr'><strong>quod</strong></span> <span class='ocrx_word' id='word_1_250' title='bbox 1521 1977 1571 2028; x_wconf 90' lang='lat' dir='ltr'><strong>in</strong></span> 
     </span>
    </p>
   </div>
   <div class='ocr_carea' id='block_1_37' title="bbox 8 2066 1575 2134">
    <p class='ocr_par' dir='ltr' id='par_1_37' title="bbox 8 2066 1575 2134">
     <span class='ocr_line' id='line_1_37' title="bbox 8 2066 1575 2134; baseline 0.001 -16"><span class='ocrx_word' id='word_1_251' title='bbox 8 2081 149 2134; x_wconf 75' lang='lat' dir='ltr'><strong>ampo</strong></span> <span class='ocrx_word' id='word_1_252' title='bbox 175 2081 309 2120; x_wconf 89' lang='lat' dir='ltr'><strong>cum</strong></span> <span class='ocrx_word' id='word_1_253' title='bbox 345 2066 663 2121; x_wconf 83' lang='lat' dir='ltr'><strong>Forticauso</strong></span> <span class='ocrx_word' id='word_1_254' title='bbox 699 2066 915 2121; x_wconf 92' lang='lat' dir='ltr'><strong>inimico</strong></span> <span class='ocrx_word' id='word_1_255' title='bbox 946 2077 1131 2121; x_wconf 87' lang='lat' dir='ltr'><strong>nostro</strong></span> <span class='ocrx_word' id='word_1_256' title='bbox 1160 2083 1190 2120; x_wconf 90' lang='lat' dir='ltr'><strong>a</strong></span> <span class='ocrx_word' id='word_1_257' title='bbox 1220 2069 1417 2121; x_wconf 91' lang='lat' dir='ltr'><strong>nostris</strong></span> <span class='ocrx_word' id='word_1_258' title='bbox 1444 2067 1575 2120; x_wconf 86' lang='lat' dir='ltr'><strong>fide—</strong></span> 
     </span>
    </p>
   </div>
   <div class='ocr_carea' id='block_1_38' title="bbox 6 2156 1574 2225">
    <p class='ocr_par' dir='ltr' id='par_1_38' title="bbox 6 2156 1574 2225">
     <span class='ocr_line' id='line_1_38' title="bbox 6 2156 1574 2225; baseline 0.004 -18"><span class='ocrx_word' id='word_1_259' title='bbox 6 2159 98 2211; x_wconf 66' lang='lat' dir='ltr'><strong>ibus</strong></span> <span class='ocrx_word' id='word_1_260' title='bbox 128 2156 301 2213; x_wconf 91' lang='lat' dir='ltr'><strong>fuerit</strong></span> <span class='ocrx_word' id='word_1_261' title='bbox 335 2160 685 2225; x_wconf 88' lang='lat' dir='ltr'><strong>interfectus,</strong></span> <span class='ocrx_word' id='word_1_262' title='bbox 717 2158 850 2213; x_wconf 86' lang='lat' dir='ltr'><strong>Casa</strong></span> <span class='ocrx_word' id='word_1_263' title='bbox 885 2161 1140 2215; x_wconf 83' lang='lat' dir='ltr'><strong>videlicet</strong></span> <span class='ocrx_word' id='word_1_264' title='bbox 1178 2162 1231 2214; x_wconf 90' lang='lat' dir='ltr'><strong>in</strong></span> <span class='ocrx_word' id='word_1_265' title='bbox 1276 2159 1574 2214; x_wconf 88' lang='lat' dir='ltr'><strong>Laberiano</strong></span> 
     </span>
    </p>
   </div>
   <div class='ocr_carea' id='block_1_39' title="bbox 6 2249 1573 2321">
    <p class='ocr_par' dir='ltr' id='par_1_39' title="bbox 6 2249 1573 2321">
     <span class='ocr_line' id='line_1_39' title="bbox 6 2249 1573 2321; baseline 0.003 -22"><span class='ocrx_word' id='word_1_266' title='bbox 6 2266 84 2303; x_wconf 69' lang='lat' dir='ltr'><strong>rum</strong></span> <span class='ocrx_word' id='word_1_267' title='bbox 113 2249 263 2305; x_wconf 87' lang='lat' dir='ltr'><strong>omni</strong></span> <span class='ocrx_word' id='word_1_268' title='bbox 301 2251 609 2321; x_wconf 74' lang='lat' dir='ltr'><strong>integritate</strong></span> <span class='ocrx_word' id='word_1_269' title='bbox 638 2261 691 2305; x_wconf 91' lang='lat' dir='ltr'><strong>et</strong></span> <span class='ocrx_word' id='word_1_270' title='bbox 734 2251 1003 2305; x_wconf 84' lang='lat' dir='ltr'><strong>soliditate</strong></span> <span class='ocrx_word' id='word_1_271' title='bbox 1044 2267 1171 2317; x_wconf 84' lang='lat' dir='ltr'><strong>sua,</strong></span> <span class='ocrx_word' id='word_1_272' title='bbox 1216 2250 1267 2305; x_wconf 89' lang='lat' dir='ltr'><strong>id</strong></span> <span class='ocrx_word' id='word_1_273' title='bbox 1299 2260 1412 2317; x_wconf 90' lang='lat' dir='ltr'><strong>est,</strong></span> <span class='ocrx_word' id='word_1_274' title='bbox 1450 2266 1573 2305; x_wconf 88' lang='lat' dir='ltr'><strong>cum</strong></span> 
     </span>
    </p>
   </div>
   <div class='ocr_carea' id='block_1_40' title="bbox 6 2343 1576 2414">
    <p class='ocr_par' dir='ltr' id='par_1_40' title="bbox 6 2343 1576 2414">
     <span class='ocr_line' id='line_1_40' title="bbox 6 2343 1576 2414; baseline 0.001 -17"><span class='ocrx_word' id='word_1_275' title='bbox 6 2344 141 2409; x_wconf 84' lang='lat' dir='ltr'><strong>erris,</strong></span> <span class='ocrx_word' id='word_1_276' title='bbox 173 2343 459 2412; x_wconf 88' lang='lat' dir='ltr'><strong>domibus,</strong></span> <span class='ocrx_word' id='word_1_277' title='bbox 487 2344 757 2411; x_wconf 66' lang='lat' dir='ltr'><strong>aediliciis,</strong></span> <span class='ocrx_word' id='word_1_278' title='bbox 791 2345 1106 2411; x_wconf 85' lang='lat' dir='ltr'><strong>accolabus,</strong></span> <span class='ocrx_word' id='word_1_279' title='bbox 1142 2345 1454 2414; x_wconf 85' lang='lat' dir='ltr'><strong>mancipiis,</strong></span> <span class='ocrx_word' id='word_1_280' title='bbox 1486 2359 1576 2398; x_wconf 80' lang='lat' dir='ltr'><strong>ca-</strong></span> 
     </span>
    </p>
   </div>
   <div class='ocr_carea' id='block_1_41' title="bbox 6 2434 1573 2502">
    <p class='ocr_par' dir='ltr' id='par_1_41' title="bbox 6 2434 1573 2502">
     <span class='ocr_line' id='line_1_41' title="bbox 6 2434 1573 2502; baseline 0.002 -15"><span class='ocrx_word' id='word_1_281' title='bbox 6 2436 67 2497; x_wconf 74' lang='lat' dir='ltr'><strong>.is,</strong></span> <span class='ocrx_word' id='word_1_282' title='bbox 111 2434 462 2502; x_wconf 85' lang='lat' dir='ltr'><strong>massaritiis,</strong></span> <span class='ocrx_word' id='word_1_283' title='bbox 511 2452 633 2492; x_wconf 91' lang='lat' dir='ltr'><strong>cum</strong></span> <span class='ocrx_word' id='word_1_284' title='bbox 683 2436 855 2491; x_wconf 83' lang='lat' dir='ltr'><strong>servis</strong></span> <span class='ocrx_word' id='word_1_285' title='bbox 903 2447 958 2492; x_wconf 88' lang='lat' dir='ltr'><strong>et</strong></span> <span class='ocrx_word' id='word_1_286' title='bbox 1008 2437 1344 2501; x_wconf 87' lang='lat' dir='ltr'><strong>Aldionibus,</strong></span> <span class='ocrx_word' id='word_1_287' title='bbox 1379 2436 1573 2502; x_wconf 79' lang='lat' dir='ltr'><strong>vineis,</strong></span> 
     </span>
    </p>
   </div>
   <div class='ocr_carea' id='block_1_42' title="bbox 6 2527 1579 2599">
    <p class='ocr_par' dir='ltr' id='par_1_42' title="bbox 6 2527 1579 2599">
     <span class='ocr_line' id='line_1_42' title="bbox 6 2527 1579 2599; baseline 0.004 -21"><span class='ocrx_word' id='word_1_288' title='bbox 6 2527 151 2594; x_wconf 68' lang='grc' dir='ltr'><strong>ιγινίε.</strong></span> <span class='ocrx_word' id='word_1_289' title='bbox 181 2530 419 2598; x_wconf 86' lang='lat' dir='ltr'><strong>campis,</strong></span> <span class='ocrx_word' id='word_1_290' title='bbox 470 2531 662 2597; x_wconf 86' lang='lat' dir='ltr'><strong>pratis,</strong></span> <span class='ocrx_word' id='word_1_291' title='bbox 696 2530 921 2598; x_wconf 78' lang='lat' dir='ltr'><strong>pascuis,</strong></span> <span class='ocrx_word' id='word_1_292' title='bbox 944 2530 1115 2599; x_wconf 89' lang='lat' dir='ltr'><strong>aquis,</strong></span> <span class='ocrx_word' id='word_1_293' title='bbox 1139 2544 1465 2597; x_wconf 77' lang='lat' dir='ltr'><strong>aquarumve</strong></span> <span class='ocrx_word' id='word_1_294' title='bbox 1484 2530 1579 2584; x_wconf 87' lang='lat' dir='ltr'><strong>de-</strong></span> 
     </span>
    </p>
   </div>
   <div class='ocr_carea' id='block_1_43' title="bbox 5 2621 1573 2690">
    <p class='ocr_par' dir='ltr' id='par_1_43' title="bbox 5 2621 1573 2690">
     <span class='ocr_line' id='line_1_43' title="bbox 5 2621 1573 2690; baseline 0.003 -17"><span class='ocrx_word' id='word_1_295' title='bbox 5 2621 246 2684; x_wconf 76' lang='lat' dir='ltr'><strong>.‘ursibus,</strong></span> <span class='ocrx_word' id='word_1_296' title='bbox 297 2622 617 2690; x_wconf 86' lang='lat' dir='ltr'><strong>mobilibus,</strong></span> <span class='ocrx_word' id='word_1_297' title='bbox 658 2633 714 2679; x_wconf 89' lang='lat' dir='ltr'><strong>et</strong></span> <span class='ocrx_word' id='word_1_298' title='bbox 755 2622 1150 2684; x_wconf 86' lang='lat' dir='ltr'><strong>immobilibus,</strong></span> <span class='ocrx_word' id='word_1_299' title='bbox 1199 2624 1379 2677; x_wconf 88' lang='lat' dir='ltr'><strong>omnia</strong></span> <span class='ocrx_word' id='word_1_300' title='bbox 1417 2633 1471 2677; x_wconf 90' lang='lat' dir='ltr'><strong>et</strong></span> <span class='ocrx_word' id='word_1_301' title='bbox 1508 2638 1573 2679; x_wconf 77' lang='lat' dir='ltr'><strong>ex</strong></span> 
     </span>
    </p>
   </div>
   <div class='ocr_carea' id='block_1_44' title="bbox 6 2712 1574 2786">
    <p class='ocr_par' dir='ltr' id='par_1_44' title="bbox 6 2712 1574 2786">
     <span class='ocr_line' id='line_1_44' title="bbox 6 2712 1574 2786; baseline 0.003 -22"><span class='ocrx_word' id='word_1_302' title='bbox 6 2712 242 2778; x_wconf 71' lang='lat' dir='ltr'><strong>munitus,</strong></span> <span class='ocrx_word' id='word_1_303' title='bbox 274 2720 787 2786; x_wconf 77' lang='lat' dir='ltr'><strong>quantumcumque</strong></span> <span class='ocrx_word' id='word_1_304' title='bbox 806 2715 1092 2784; x_wconf 69' lang='lat' dir='ltr'><strong>praedictus</strong></span> <span class='ocrx_word' id='word_1_305' title='bbox 1121 2713 1472 2769; x_wconf 88' lang='lat' dir='ltr'><strong>Waldandius</strong></span> <span class='ocrx_word' id='word_1_306' title='bbox 1502 2714 1574 2768; x_wconf 91' lang='lat' dir='ltr'><strong>ibi</strong></span> 
     </span>
    </p>
   </div>
   <div class='ocr_carea' id='block_1_45' title="bbox 6 2805 1572 2875">
    <p class='ocr_par' dir='ltr' id='par_1_45' title="bbox 6 2805 1572 2875">
     <span class='ocr_line' id='line_1_45' title="bbox 6 2805 1572 2875; baseline 0.002 -19"><span class='ocrx_word' id='word_1_307' title='bbox 6 2814 73 2857; x_wconf 74' lang='lat' dir='ltr'><strong>aut</strong></span> <span class='ocrx_word' id='word_1_308' title='bbox 104 2805 299 2859; x_wconf 86' lang='lat' dir='ltr'><strong>alicubi</strong></span> <span class='ocrx_word' id='word_1_309' title='bbox 347 2805 546 2863; x_wconf 85' lang='lat' dir='ltr'><strong>habere</strong></span> <span class='ocrx_word' id='word_1_310' title='bbox 576 2806 722 2862; x_wconf 90' lang='lat' dir='ltr'><strong>visus</strong></span> <span class='ocrx_word' id='word_1_311' title='bbox 760 2807 889 2870; x_wconf 90' lang='lat' dir='ltr'><strong>fttit,</strong></span> <span class='ocrx_word' id='word_1_312' title='bbox 924 2814 1031 2861; x_wconf 88' lang='lat' dir='ltr'><strong>tam</strong></span> <span class='ocrx_word' id='word_1_313' title='bbox 1073 2822 1137 2861; x_wconf 80' lang='lat' dir='ltr'><strong>ex</strong></span> <span class='ocrx_word' id='word_1_314' title='bbox 1170 2808 1314 2860; x_wconf 87' lang='lat' dir='ltr'><strong>dono</strong></span> <span class='ocrx_word' id='word_1_315' title='bbox 1354 2822 1572 2875; x_wconf 89' lang='lat' dir='ltr'><strong>regum,</strong></span> 
     </span>
    </p>
   </div>
   <div class='ocr_carea' id='block_1_46' title="bbox 6 2894 1576 2969">
    <p class='ocr_par' dir='ltr' id='par_1_46' title="bbox 6 2894 1576 2969">
     <span class='ocr_line' id='line_1_46' title="bbox 6 2894 1576 2969; baseline 0.003 -22"><span class='ocrx_word' id='word_1_316' title='bbox 6 2906 64 2947; x_wconf 85' lang='lat' dir='ltr'><strong>nu</strong></span> <span class='ocrx_word' id='word_1_317' title='bbox 86 2894 358 2964; x_wconf 88' lang='lat' dir='ltr'><strong>judicum,</strong></span> <span class='ocrx_word' id='word_1_318' title='bbox 390 2910 488 2953; x_wconf 88' lang='lat' dir='ltr'><strong>seu</strong></span> <span class='ocrx_word' id='word_1_319' title='bbox 535 2898 605 2955; x_wconf 92' lang='lat' dir='ltr'><strong>de</strong></span> <span class='ocrx_word' id='word_1_320' title='bbox 634 2907 965 2967; x_wconf 87' lang='lat' dir='ltr'><strong>comparato,</strong></span> <span class='ocrx_word' id='word_1_321' title='bbox 999 2908 1089 2952; x_wconf 90' lang='lat' dir='ltr'><strong>aut</strong></span> <span class='ocrx_word' id='word_1_322' title='bbox 1115 2900 1181 2952; x_wconf 91' lang='lat' dir='ltr'><strong>de</strong></span> <span class='ocrx_word' id='word_1_323' title='bbox 1211 2898 1452 2969; x_wconf 87' lang='lat' dir='ltr'><strong>quolibet</strong></span> <span class='ocrx_word' id='word_1_324' title='bbox 1480 2898 1576 2952; x_wconf 88' lang='lat' dir='ltr'><strong>ad-</strong></span> 
     </span>
    </p>
   </div>
   <div class='ocr_carea' id='block_1_47' title="bbox 6 2986 1574 3067">
    <p class='ocr_par' dir='ltr' id='par_1_47' title="bbox 6 2986 1574 3067">
     <span class='ocr_line' id='line_1_47' title="bbox 6 2986 1574 3067; baseline 0.004 -31"><span class='ocrx_word' id='word_1_325' title='bbox 6 2994 160 3048; x_wconf 76' lang='lat' dir='ltr'><strong>meto,</strong></span> <span class='ocrx_word' id='word_1_326' title='bbox 193 2986 459 3048; x_wconf 71' lang='lat' dir='ltr'><strong>pmdicto</strong></span> <span class='ocrx_word' id='word_1_327' title='bbox 493 2987 718 3043; x_wconf 82' lang='lat' dir='ltr'><strong>Paulino</strong></span> <span class='ocrx_word' id='word_1_328' title='bbox 746 3004 776 3042; x_wconf 90' lang='lat' dir='ltr'><strong>a</strong></span> <span class='ocrx_word' id='word_1_329' title='bbox 804 2988 891 3043; x_wconf 91' lang='lat' dir='ltr'><strong>die</strong></span> <span class='ocrx_word' id='word_1_330' title='bbox 923 2989 1173 3057; x_wconf 64' lang='lat' dir='ltr'><strong>prwsenti</strong></span> <span class='ocrx_word' id='word_1_331' title='bbox 1206 2990 1465 3067; x_wconf 83' lang='lat' dir='ltr'><strong>tradimus</strong></span> <span class='ocrx_word' id='word_1_332' title='bbox 1496 3000 1574 3043; x_wconf 84' lang='lat' dir='ltr'><strong>at-</strong></span> 
     </span>
    </p>
   </div>
   <div class='ocr_carea' id='block_1_48' title="bbox 6 3072 1577 3152">
    <p class='ocr_par' dir='ltr' id='par_1_48' title="bbox 6 3072 1577 3152">
     <span class='ocr_line' id='line_1_48' title="bbox 6 3072 1577 3152; baseline 0.008 -25"><span class='ocrx_word' id='word_1_333' title='bbox 6 3092 83 3143; x_wconf 79' lang='lat' dir='ltr'><strong>qne</strong></span> <span class='ocrx_word' id='word_1_334' title='bbox 108 3078 350 3134; x_wconf 79' lang='lat' dir='ltr'><strong>cedimus</strong></span> <span class='ocrx_word' id='word_1_335' title='bbox 376 3083 759 3149; x_wconf 89' lang='lat' dir='ltr'><strong>perpetuaiiter</strong></span> <span class='ocrx_word' id='word_1_336' title='bbox 782 3082 847 3137; x_wconf 86' lang='lat' dir='ltr'><strong>ad</strong></span> <span class='ocrx_word' id='word_1_337' title='bbox 880 3072 1292 3152; x_wconf 82' lang='lat' dir='ltr'><strong>possidendum;</strong></span> <span class='ocrx_word' id='word_1_338' title='bbox 1325 3082 1395 3137; x_wconf 87' lang='lat' dir='ltr'><strong>ita</strong></span> <span class='ocrx_word' id='word_1_339' title='bbox 1425 3095 1482 3137; x_wconf 91' lang='lat' dir='ltr'><strong>ut</strong></span> <span class='ocrx_word' id='word_1_340' title='bbox 1507 3084 1577 3139; x_wconf 91' lang='lat' dir='ltr'><strong>ab</strong></span> 
     </span>
    </p>
   </div>
   <div class='ocr_carea' id='block_1_49' title="bbox 8 3170 1575 3247">
    <p class='ocr_par' dir='ltr' id='par_1_49' title="bbox 8 3170 1575 3247">
     <span class='ocr_line' id='line_1_49' title="bbox 8 3170 1575 3247; baseline 0.006 -26"><span class='ocrx_word' id='word_1_341' title='bbox 8 3170 87 3224; x_wconf 78' lang='lat' dir='ltr'><strong>lue</strong></span> <span class='ocrx_word' id='word_1_342' title='bbox 120 3171 204 3228; x_wconf 88' lang='lat' dir='ltr'><strong>die</strong></span> <span class='ocrx_word' id='word_1_343' title='bbox 245 3173 541 3242; x_wconf 63' lang='lat' dir='ltr'><strong>pradicms</strong></span> <span class='ocrx_word' id='word_1_344' title='bbox 588 3174 843 3231; x_wconf 84' lang='lat' dir='ltr'><strong>Paulinus</strong></span> <span class='ocrx_word' id='word_1_345' title='bbox 885 3176 1265 3247; x_wconf 88' lang='lat' dir='ltr'><strong>suprascriptis</strong></span> <span class='ocrx_word' id='word_1_346' title='bbox 1304 3178 1374 3232; x_wconf 89' lang='lat' dir='ltr'><strong>de</strong></span> <span class='ocrx_word' id='word_1_347' title='bbox 1414 3177 1575 3232; x_wconf 84' lang='lat' dir='ltr'><strong>rebus</strong></span> 
     </span>
    </p>
   </div>
   <div class='ocr_carea' id='block_1_50' title="bbox 8 3264 1576 3339">
    <p class='ocr_par' dir='ltr' id='par_1_50' title="bbox 8 3264 1576 3339">
     <span class='ocr_line' id='line_1_50' title="bbox 8 3264 1576 3339; baseline 0.006 -24"><span class='ocrx_word' id='word_1_348' title='bbox 8 3264 155 3329; x_wconf 82' lang='lat' dir='ltr'><strong>quieto</strong></span> <span class='ocrx_word' id='word_1_349' title='bbox 179 3265 375 3321; x_wconf 89' lang='lat' dir='ltr'><strong>ordine</strong></span> <span class='ocrx_word' id='word_1_350' title='bbox 405 3276 587 3322; x_wconf 85' lang='lat' dir='ltr'><strong>teneat</strong></span> <span class='ocrx_word' id='word_1_351' title='bbox 613 3276 670 3324; x_wconf 87' lang='lat' dir='ltr'><strong>et</strong></span> <span class='ocrx_word' id='word_1_352' title='bbox 698 3266 988 3336; x_wconf 66' lang='lat' dir='ltr'><strong>possideat,</strong></span> <span class='ocrx_word' id='word_1_353' title='bbox 1014 3277 1069 3324; x_wconf 88' lang='lat' dir='ltr'><strong>et</strong></span> <span class='ocrx_word' id='word_1_354' title='bbox 1097 3268 1350 3339; x_wconf 88' lang='lat' dir='ltr'><strong>quicquid</strong></span> <span class='ocrx_word' id='word_1_355' title='bbox 1379 3267 1576 3324; x_wconf 76' lang='lat' dir='ltr'><strong>exinde</strong></span> 
     </span>
    </p>
   </div>
   <div class='ocr_carea' id='block_1_51' title="bbox 10 3351 1575 3428">
    <p class='ocr_par' dir='ltr' id='par_1_51' title="bbox 10 3351 1575 3428">
     <span class='ocr_line' id='line_1_51' title="bbox 10 3351 1575 3428; baseline 0.005 -23"><span class='ocrx_word' id='word_1_356' title='bbox 10 3351 155 3411; x_wconf 85' lang='lat' dir='ltr'><strong>facere</strong></span> <span class='ocrx_word' id='word_1_357' title='bbox 181 3355 439 3427; x_wconf 89' lang='lat' dir='ltr'><strong>voluerit,</strong></span> <span class='ocrx_word' id='word_1_358' title='bbox 475 3357 703 3414; x_wconf 89' lang='lat' dir='ltr'><strong>liberum</strong></span> <span class='ocrx_word' id='word_1_359' title='bbox 738 3357 791 3413; x_wconf 88' lang='lat' dir='ltr'><strong>in</strong></span> <span class='ocrx_word' id='word_1_360' title='bbox 816 3357 1065 3413; x_wconf 90' lang='lat' dir='ltr'><strong>omnibus</strong></span> <span class='ocrx_word' id='word_1_361' title='bbox 1095 3358 1402 3428; x_wconf 89' lang='lat' dir='ltr'><strong>perfruatur</strong></span> <span class='ocrx_word' id='word_1_362' title='bbox 1427 3359 1575 3413; x_wconf 87' lang='lat' dir='ltr'><strong>arbi-</strong></span> 
     </span>
    </p>
   </div>
   <div class='ocr_carea' id='block_1_52' title="bbox 13 3444 1577 3522">
    <p class='ocr_par' dir='ltr' id='par_1_52' title="bbox 13 3444 1577 3522">
     <span class='ocr_line' id='line_1_52' title="bbox 13 3444 1577 3522; baseline 0.005 -24"><span class='ocrx_word' id='word_1_363' title='bbox 13 3444 159 3501; x_wconf 79' lang='lat' dir='ltr'><strong>trium.</strong></span> <span class='ocrx_word' id='word_1_364' title='bbox 187 3446 579 3521; x_wconf 69' lang='lat' dir='ltr'><strong>Prceipientes</strong></span> <span class='ocrx_word' id='word_1_365' title='bbox 604 3466 735 3521; x_wconf 86' lang='lat' dir='ltr'><strong>ergo</strong></span> <span class='ocrx_word' id='word_1_366' title='bbox 755 3448 1008 3522; x_wconf 77' lang='lat' dir='ltr'><strong>iubemus</strong></span> <span class='ocrx_word' id='word_1_367' title='bbox 1037 3457 1095 3507; x_wconf 90' lang='lat' dir='ltr'><strong>ut</strong></span> <span class='ocrx_word' id='word_1_368' title='bbox 1122 3451 1299 3505; x_wconf 88' lang='lat' dir='ltr'><strong>nullus</strong></span> <span class='ocrx_word' id='word_1_369' title='bbox 1324 3450 1577 3519; x_wconf 75' lang='lat' dir='ltr'><strong>quislibet</strong></span> 
     </span>
    </p>
   </div>
   <div class='ocr_carea' id='block_1_53' title="bbox 12 3536 1574 3614">
    <p class='ocr_par' dir='ltr' id='par_1_53' title="bbox 12 3536 1574 3614">
     <span class='ocr_line' id='line_1_53' title="bbox 12 3536 1574 3614; baseline 0.003 -21"><span class='ocrx_word' id='word_1_370' title='bbox 12 3536 64 3593; x_wconf 81' lang='lat' dir='ltr'><strong>de</strong></span> <span class='ocrx_word' id='word_1_371' title='bbox 88 3539 327 3597; x_wconf 85' lang='lat' dir='ltr'><strong>fidelibus</strong></span> <span class='ocrx_word' id='word_1_372' title='bbox 355 3550 449 3597; x_wconf 89' lang='lat' dir='ltr'><strong>aut</strong></span> <span class='ocrx_word' id='word_1_373' title='bbox 476 3543 883 3599; x_wconf 84' lang='lat' dir='ltr'><strong>successoribus</strong></span> <span class='ocrx_word' id='word_1_374' title='bbox 919 3543 1119 3599; x_wconf 86' lang='lat' dir='ltr'><strong>nostris</strong></span> <span class='ocrx_word' id='word_1_375' title='bbox 1145 3542 1402 3614; x_wconf 71' lang='lat' dir='ltr'><strong>prmdicto</strong></span> <span class='ocrx_word' id='word_1_376' title='bbox 1432 3542 1574 3597; x_wconf 86' lang='lat' dir='ltr'><strong>Pau-</strong></span> 
     </span>
    </p>
   </div>
   <div class='ocr_carea' id='block_1_54' title="bbox 16 3627 1576 3707">
    <p class='ocr_par' dir='ltr' id='par_1_54' title="bbox 16 3627 1576 3707">
     <span class='ocr_line' id='line_1_54' title="bbox 16 3627 1576 3707; baseline 0.006 -27"><span class='ocrx_word' id='word_1_377' title='bbox 16 3627 99 3683; x_wconf 89' lang='lat' dir='ltr'><strong>iiuo</strong></span> <span class='ocrx_word' id='word_1_378' title='bbox 122 3630 184 3686; x_wconf 86' lang='lat' dir='ltr'><strong>de</strong></span> <span class='ocrx_word' id='word_1_379' title='bbox 215 3630 331 3702; x_wconf 84' lang='lat' dir='ltr'><strong>jam</strong></span> <span class='ocrx_word' id='word_1_380' title='bbox 368 3632 533 3691; x_wconf 90' lang='lat' dir='ltr'><strong>dictis</strong></span> <span class='ocrx_word' id='word_1_381' title='bbox 571 3636 733 3691; x_wconf 91' lang='lat' dir='ltr'><strong>rebus</strong></span> <span class='ocrx_word' id='word_1_382' title='bbox 772 3634 885 3691; x_wconf 91' lang='lat' dir='ltr'><strong>ullo</strong></span> <span class='ocrx_word' id='word_1_383' title='bbox 914 3649 1169 3707; x_wconf 89' lang='lat' dir='ltr'><strong>umquam</strong></span> <span class='ocrx_word' id='word_1_384' title='bbox 1208 3644 1452 3707; x_wconf 85' lang='lat' dir='ltr'><strong>tempore</strong></span> <span class='ocrx_word' id='word_1_385' title='bbox 1493 3638 1576 3690; x_wconf 88' lang='lat' dir='ltr'><strong>in-</strong></span> 
     </span>
    </p>
   </div>
   <div class='ocr_carea' id='block_1_55' title="bbox 16 3721 1573 3799">
    <p class='ocr_par' dir='ltr' id='par_1_55' title="bbox 16 3721 1573 3799">
     <span class='ocr_line' id='line_1_55' title="bbox 16 3721 1573 3799; baseline 0.015 -26"><span class='ocrx_word' id='word_1_386' title='bbox 16 3721 246 3790; x_wconf 78' lang='lat' dir='ltr'><strong>quietare,</strong></span> <span class='ocrx_word' id='word_1_387' title='bbox 295 3732 392 3781; x_wconf 85' lang='lat' dir='ltr'><strong>aut</strong></span> <span class='ocrx_word' id='word_1_388' title='bbox 436 3725 765 3784; x_wconf 81' lang='lat' dir='ltr'><strong>calumniam</strong></span> <span class='ocrx_word' id='word_1_389' title='bbox 810 3742 1071 3799; x_wconf 72' lang='lat' dir='ltr'><strong>generare</strong></span> <span class='ocrx_word' id='word_1_390' title='bbox 1113 3735 1432 3799; x_wconf 68' lang='lat' dir='ltr'><strong>praesumat.</strong></span> <span class='ocrx_word' id='word_1_391' title='bbox 1476 3727 1573 3784; x_wconf 61' lang='lat' dir='ltr'><strong>sed</strong></span> 
     </span>
    </p>
   </div>
   <div class='ocr_carea' id='block_1_56' title="bbox 19 3809 1575 3893">
    <p class='ocr_par' dir='ltr' id='par_1_56' title="bbox 19 3809 1575 3893">
     <span class='ocr_line' id='line_1_56' title="bbox 19 3809 1575 3893; baseline 0.007 -27"><span class='ocrx_word' id='word_1_392' title='bbox 19 3816 129 3868; x_wconf 88' lang='lat' dir='ltr'><strong>omni</strong></span> <span class='ocrx_word' id='word_1_393' title='bbox 168 3826 412 3889; x_wconf 86' lang='lat' dir='ltr'><strong>tempore</strong></span> <span class='ocrx_word' id='word_1_394' title='bbox 451 3809 517 3875; x_wconf 80' lang='lat' dir='ltr'><strong>ea</strong></span> <span class='ocrx_word' id='word_1_395' title='bbox 558 3820 704 3876; x_wconf 88' lang='lat' dir='ltr'><strong>dono</strong></span> <span class='ocrx_word' id='word_1_396' title='bbox 750 3819 1013 3893; x_wconf 75' lang='lat' dir='ltr'><strong>largitatis</strong></span> <span class='ocrx_word' id='word_1_397' title='bbox 1050 3830 1249 3877; x_wconf 68' lang='lat' dir='ltr'><strong>nostra:</strong></span> <span class='ocrx_word' id='word_1_398' title='bbox 1293 3819 1440 3892; x_wconf 87' lang='lat' dir='ltr'><strong>ipsas</strong></span> <span class='ocrx_word' id='word_1_399' title='bbox 1486 3818 1575 3877; x_wconf 81' lang='lat' dir='ltr'><strong>res</strong></span> 
     </span>
    </p>
   </div>
   <div class='ocr_carea' id='block_1_57' title="bbox 16 3904 1575 3987">
    <p class='ocr_par' dir='ltr' id='par_1_57' title="bbox 16 3904 1575 3987">
     <span class='ocr_line' id='line_1_57' title="bbox 16 3904 1575 3987; baseline -0.001 -16"><span class='ocrx_word' id='word_1_400' title='bbox 16 3904 121 3971; x_wconf 66' lang='lat' dir='ltr'><strong>iure</strong></span> <span class='ocrx_word' id='word_1_401' title='bbox 143 3912 495 3979; x_wconf 86' lang='lat' dir='ltr'><strong>proprietario</strong></span> <span class='ocrx_word' id='word_1_402' title='bbox 535 3913 710 3970; x_wconf 84' lang='lat' dir='ltr'><strong>valeat</strong></span> <span class='ocrx_word' id='word_1_403' title='bbox 738 3914 1019 3987; x_wconf 83' lang='lat' dir='ltr'><strong>possidere</strong></span> <span class='ocrx_word' id='word_1_404' title='bbox 1048 3906 1386 3973; x_wconf 64' lang='lat' dir='ltr'><strong>ﬁrmissimo.</strong></span> <span class='ocrx_word' id='word_1_405' title='bbox 1420 3914 1485 3970; x_wconf 79' lang='lat' dir='ltr'><strong>Et</strong></span> <span class='ocrx_word' id='word_1_406' title='bbox 1514 3923 1575 3971; x_wconf 91' lang='lat' dir='ltr'><strong>ut</strong></span> 
     </span>
    </p>
   </div>
   <div class='ocr_carea' id='block_1_58' title="bbox 21 3994 1573 4073">
    <p class='ocr_par' dir='ltr' id='par_1_58' title="bbox 21 3994 1573 4073">
     <span class='ocr_line' id='line_1_58' title="bbox 21 3994 1573 4073; baseline 0.008 -26"><span class='ocrx_word' id='word_1_407' title='bbox 21 3994 108 4051; x_wconf 62' lang='lat' dir='ltr'><strong>hac</strong></span> <span class='ocrx_word' id='word_1_408' title='bbox 131 4006 397 4073; x_wconf 74' lang='lat' dir='ltr'><strong>perceptio</strong></span> <span class='ocrx_word' id='word_1_409' title='bbox 428 4005 634 4063; x_wconf 68' lang='lat' dir='ltr'><strong>firmior</strong></span> <span class='ocrx_word' id='word_1_410' title='bbox 660 4005 942 4072; x_wconf 86' lang='lat' dir='ltr'><strong>habeatur,</strong></span> <span class='ocrx_word' id='word_1_411' title='bbox 972 4006 1060 4063; x_wconf 89' lang='lat' dir='ltr'><strong>vel</strong></span> <span class='ocrx_word' id='word_1_412' title='bbox 1090 4006 1291 4063; x_wconf 83' lang='lat' dir='ltr'><strong>nostris</strong></span> <span class='ocrx_word' id='word_1_413' title='bbox 1316 4005 1400 4062; x_wconf 91' lang='lat' dir='ltr'><strong>vel</strong></span> <span class='ocrx_word' id='word_1_414' title='bbox 1432 4004 1573 4062; x_wconf 83' lang='lat' dir='ltr'><strong>futu-</strong></span> 
     </span>
    </p>
   </div>
   <div class='ocr_carea' id='block_1_59' title="bbox 20 4089 1570 4170">
    <p class='ocr_par' dir='ltr' id='par_1_59' title="bbox 20 4089 1570 4170">
     <span class='ocr_line' id='line_1_59' title="bbox 20 4089 1570 4170; baseline 0.008 -29"><span class='ocrx_word' id='word_1_415' title='bbox 20 4089 75 4142; x_wconf 85' lang='lat' dir='ltr'><strong>ris</strong></span> <span class='ocrx_word' id='word_1_416' title='bbox 96 4096 416 4165; x_wconf 88' lang='lat' dir='ltr'><strong>temporibus</strong></span> <span class='ocrx_word' id='word_1_417' title='bbox 445 4097 638 4154; x_wconf 90' lang='lat' dir='ltr'><strong>melius</strong></span> <span class='ocrx_word' id='word_1_418' title='bbox 665 4107 1036 4165; x_wconf 68' lang='lat' dir='ltr'><strong>comservetur,</strong></span> <span class='ocrx_word' id='word_1_419' title='bbox 1067 4113 1229 4153; x_wconf 90' lang='lat' dir='ltr'><strong>manu</strong></span> <span class='ocrx_word' id='word_1_420' title='bbox 1260 4099 1473 4170; x_wconf 89' lang='lat' dir='ltr'><strong>propria</strong></span> <span class='ocrx_word' id='word_1_421' title='bbox 1517 4098 1570 4153; x_wconf 91' lang='lat' dir='ltr'><strong>in</strong></span> 
     </span>
    </p>
   </div>
   <div class='ocr_carea' id='block_1_60' title="bbox 24 4189 1570 4279">
    <p class='ocr_par' dir='ltr' id='par_1_60' title="bbox 24 4189 1570 4279">
     <span class='ocr_line' id='line_1_60' title="bbox 24 4189 1570 4279; baseline 0.008 -42"><span class='ocrx_word' id='word_1_422' title='bbox 24 4191 235 4279; x_wconf 64' lang='lat' dir='ltr'><strong>aternum</strong></span> <span class='ocrx_word' id='word_1_423' title='bbox 264 4189 612 4246; x_wconf 74' lang='lat' dir='ltr'><strong>decrevimus</strong></span> <span class='ocrx_word' id='word_1_424' title='bbox 637 4191 925 4259; x_wconf 88' lang='lat' dir='ltr'><strong>roborare,</strong></span> <span class='ocrx_word' id='word_1_425' title='bbox 962 4205 1025 4248; x_wconf 90' lang='lat' dir='ltr'><strong>ac</strong></span> <span class='ocrx_word' id='word_1_426' title='bbox 1062 4190 1133 4249; x_wconf 87' lang='lat' dir='ltr'><strong>de</strong></span> <span class='ocrx_word' id='word_1_427' title='bbox 1167 4193 1349 4249; x_wconf 86' lang='lat' dir='ltr'><strong>anulo</strong></span> <span class='ocrx_word' id='word_1_428' title='bbox 1386 4204 1570 4250; x_wconf 86' lang='lat' dir='ltr'><strong>nostro</strong></span> 
     </span>
    </p>
   </div>
   <div class='ocr_carea' id='block_1_61' title="bbox 22 4276 1616 4351">
    <p class='ocr_par' dir='ltr' id='par_1_61' title="bbox 22 4276 1616 4351">
     <span class='ocr_line' id='line_1_61' title="bbox 22 4276 1616 4351; baseline -0.001 -13"><span class='ocrx_word' id='word_1_429' title='bbox 22 4276 232 4337; x_wconf 83' lang='lat' dir='ltr'><strong>iussimus</strong></span> <span class='ocrx_word' id='word_1_430' title='bbox 256 4279 515 4351; x_wconf 73' lang='lat' dir='ltr'><strong>sigillare.</strong></span> <span class='ocrx_word' id='word_1_431' title='bbox 1608 4287 1616 4290; x_wconf 55' lang='grc'><em>⁴</em></span> 
     </span>
    </p>
   </div>
   <div class='ocr_carea' id='block_1_62' title="bbox 78 4361 1564 4449">
    <p class='ocr_par' dir='ltr' id='par_1_62' title="bbox 78 4361 1564 4449">
     <span class='ocr_line' id='line_1_62' title="bbox 78 4361 1564 4449; baseline 0.013 -35"><span class='ocrx_word' id='word_1_432' title='bbox 78 4361 189 4420; x_wconf 77' lang='lat' dir='ltr'><strong>Data</strong></span> <span class='ocrx_word' id='word_1_433' title='bbox 211 4384 277 4424; x_wconf 77' lang='lat' dir='ltr'><strong>xv</strong></span> <span class='ocrx_word' id='word_1_434' title='bbox 314 4370 545 4428; x_wconf 75' lang='lat' dir='ltr'><strong>Kalend.</strong></span> <span class='ocrx_word' id='word_1_435' title='bbox 593 4373 759 4439; x_wconf 79' lang='lat' dir='ltr'><strong>Julii,</strong></span> <span class='ocrx_word' id='word_1_436' title='bbox 796 4390 939 4430; x_wconf 85' lang='lat' dir='ltr'><strong>anno</strong></span> <span class='ocrx_word' id='word_1_437' title='bbox 962 4385 1151 4433; x_wconf 87' lang='lat' dir='ltr'><strong>octavo</strong></span> <span class='ocrx_word' id='word_1_438' title='bbox 1186 4376 1335 4447; x_wconf 75' lang='lat' dir='ltr'><strong>regni</strong></span> <span class='ocrx_word' id='word_1_439' title='bbox 1373 4380 1564 4449; x_wconf 89' lang='lat' dir='ltr'><strong>nostri,</strong></span> 
     </span>
    </p>
   </div>
   <div class='ocr_carea' id='block_1_63' title="bbox 26 4456 1280 4531">
    <p class='ocr_par' dir='ltr' id='par_1_63' title="bbox 26 4456 1280 4531">
     <span class='ocr_line' id='line_1_63' title="bbox 26 4456 1280 4531; baseline 0.009 -19"><span class='ocrx_word' id='word_1_440' title='bbox 26 4465 47 4506; x_wconf 83' lang='lat' dir='ltr'><strong>e</strong></span> <span class='ocrx_word' id='word_1_441' title='bbox 68 4462 88 4490; x_wconf 83' lang='grc'><strong><em>³</em></strong></span> <span class='ocrx_word' id='word_1_442' title='bbox 112 4456 281 4517; x_wconf 86' lang='lat' dir='ltr'><strong>Loreia</strong></span> <span class='ocrx_word' id='word_1_443' title='bbox 308 4463 550 4531; x_wconf 87' lang='lat' dir='ltr'><strong>civitate,</strong></span> <span class='ocrx_word' id='word_1_444' title='bbox 585 4464 638 4521; x_wconf 90' lang='lat' dir='ltr'><strong>in</strong></span> <span class='ocrx_word' id='word_1_445' title='bbox 671 4464 762 4522; x_wconf 90' lang='lat' dir='ltr'><strong>Del</strong></span> <span class='ocrx_word' id='word_1_446' title='bbox 788 4467 1005 4523; x_wconf 80' lang='lat' dir='ltr'><strong>nomine</strong></span> <span class='ocrx_word' id='word_1_447' title='bbox 1031 4467 1280 4524; x_wconf 91' lang='lat' dir='ltr'><strong>feliciter.</strong></span> 
     </span>
    </p>
   </div>
   <div class='ocr_carea' id='block_1_64' title="bbox 670 4577 888 4635">
    <p class='ocr_par' dir='ltr' id='par_1_64' title="bbox 670 4577 888 4635">
     <span class='ocr_line' id='line_1_64' title="bbox 670 4577 888 4635; baseline -0.005 0"><span class='ocrx_word' id='word_1_448' title='bbox 670 4577 888 4635; x_wconf 76' lang='lat' dir='ltr'><strong>XXXV.</strong></span> 
     </span>
    </p>
   </div>
   <div class='ocr_carea' id='block_1_65' title="bbox 33 4656 1568 4744">
    <p class='ocr_par' dir='ltr' id='par_1_65' title="bbox 33 4656 1568 4744">
     <span class='ocr_line' id='line_1_65' title="bbox 33 4656 1568 4744; baseline 0.01 -29"><span class='ocrx_word' id='word_1_449' title='bbox 33 4656 303 4744; x_wconf 56' lang='grc' dir='ltr'><strong>Ρτεσεριιιῃ</strong></span> <span class='ocrx_word' id='word_1_450' title='bbox 344 4665 589 4744; x_wconf 15' lang='grc' dir='ltr'><strong>δᾲϐσινοιὶ</strong></span> <span class='ocrx_word' id='word_1_451' title='bbox 647 4670 831 4744; x_wconf 67' lang='grc' dir='ltr'><strong>Πειρηί</strong></span> <span class='ocrx_word' id='word_1_452' title='bbox 874 4691 973 4742; x_wconf 82' lang='lat' dir='ltr'><strong>quo</strong></span> <span class='ocrx_word' id='word_1_453' title='bbox 1027 4684 1340 4729; x_wconf 76' lang='lat' dir='ltr'><strong>renovantur</strong></span> <span class='ocrx_word' id='word_1_454' title='bbox 1372 4678 1568 4733; x_wconf 68' lang='lat' dir='ltr'><strong>amissa</strong></span> 
     </span>
    </p>
   </div>
   <div class='ocr_carea' id='block_1_66' title="bbox 86 4730 1569 4861">
    <p class='ocr_par' dir='ltr' id='par_1_66' title="bbox 86 4730 1569 4861">
     <span class='ocr_line' id='line_1_66' title="bbox 86 4730 1569 4861; baseline 0.012 -77"><span class='ocrx_word' id='word_1_455' title='bbox 86 4730 430 4861; x_wconf 55' lang='lat' dir='ltr'><strong>&quot;Miugicusis</strong></span> <span class='ocrx_word' id='word_1_456' title='bbox 487 4730 783 4798; x_wconf 66' lang='lat' dir='ltr'><strong>monasterii</strong></span> <span class='ocrx_word' id='word_1_457' title='bbox 853 4730 1154 4799; x_wconf 50' lang='lat' dir='ltr'><strong>chartarum</strong></span> <span class='ocrx_word' id='word_1_458' title='bbox 1228 4730 1569 4802; x_wconf 69' lang='lat' dir='ltr'><strong>instrumenta</strong></span> 
     </span>
     <span class='ocr_line' id='line_1_67' title="bbox 86 4807 721 4861; baseline 0 0"><span class='ocrx_word' id='word_1_459' title='bbox 86 4808 171 4861; x_wconf 74' lang='grc' dir='ltr'>[ιιι.</span> <span class='ocrx_word' id='word_1_460' title='bbox 212 4807 240 4860; x_wconf 95' lang='grc'><strong>7</strong></span> <span class='ocrx_word' id='word_1_461' title='bbox 280 4811 334 4861; x_wconf 83' lang='grc'><strong>6.</strong></span> <span class='ocrx_word' id='word_1_462' title='bbox 354 4812 439 4861; x_wconf 72' lang='lat' dir='ltr'><strong>die</strong></span> <span class='ocrx_word' id='word_1_463' title='bbox 465 4816 500 4861; x_wconf 75' lang='lat'><strong>9</strong></span> <span class='ocrx_word' id='word_1_464' title='bbox 525 4810 721 4861; x_wconf 69' lang='lat' dir='ltr'><strong>lamin-</strong></span> 
     </span>
    </p>
   </div>
   <div class='ocr_carea' id='block_1_67' title="bbox 83 4807 827 4885">
    <p class='ocr_par' dir='ltr' id='par_1_67' title="bbox 83 4807 827 4885">
     <span class='ocr_line' id='line_1_68' title="bbox 83 4807 827 4885; baseline 0.022 -30"><span class='ocrx_word' id='word_1_465' title='bbox 83 4808 171 4871; x_wconf 77' lang='lat' dir='ltr'><strong>(sit.</strong></span> <span class='ocrx_word' id='word_1_466' title='bbox 212 4807 334 4877; x_wconf 81' lang='grc'>776,</span> <span class='ocrx_word' id='word_1_467' title='bbox 354 4812 439 4867; x_wconf 71' lang='lat' dir='ltr'><strong>die</strong></span> <span class='ocrx_word' id='word_1_468' title='bbox 465 4816 500 4866; x_wconf 76' lang='lat'><strong>9</strong></span> <span class='ocrx_word' id='word_1_469' title='bbox 525 4810 721 4885; x_wconf 74' lang='lat' dir='ltr'><strong>Junii).</strong></span> <span class='ocrx_word' id='word_1_470' title='bbox 820 4864 827 4871; x_wconf 84' lang='lat'><strong>.</strong></span> 
     </span>
    </p>
   </div>
   <div class='ocr_carea' id='block_1_68' title="bbox 469 4902 1068 4969">
    <p class='ocr_par' dir='ltr' id='par_1_68' title="bbox 469 4902 1068 4969">
     <span class='ocr_line' id='line_1_69' title="bbox 469 4902 1068 4969; baseline 0.005 -17"><span class='ocrx_word' id='word_1_471' title='bbox 469 4902 564 4964; x_wconf 79' lang='lat' dir='ltr'><strong>(Es</strong></span> <span class='ocrx_word' id='word_1_472' title='bbox 588 4905 896 4966; x_wconf 76' lang='lat' dir='ltr'><strong>Grandidier,</strong></span> <span class='ocrx_word' id='word_1_473' title='bbox 925 4907 1068 4969; x_wconf 80' lang='lat' dir='ltr'><strong>ibid.)</strong></span> 
     </span>
    </p>
   </div>
   <div class='ocr_carea' id='block_1_69' title="bbox 66 4970 1570 5066">
    <p class='ocr_par' dir='ltr' id='par_1_69' title="bbox 66 4970 1570 5066">
     <span class='ocr_line' id='line_1_70' title="bbox 66 4970 1570 5066; baseline 0.007 -37"><span class='ocrx_word' id='word_1_474' title='bbox 66 4970 277 5059; x_wconf 43' lang='lat' dir='ltr'><strong>‘Karolus</strong></span> <span class='ocrx_word' id='word_1_475' title='bbox 297 4983 469 5054; x_wconf 86' lang='lat' dir='ltr'><strong>gratia</strong></span> <span class='ocrx_word' id='word_1_476' title='bbox 490 4984 587 5041; x_wconf 85' lang='lat' dir='ltr'><strong>Dei</strong></span> <span class='ocrx_word' id='word_1_477' title='bbox 610 5001 705 5043; x_wconf 85' lang='lat' dir='ltr'><strong>res</strong></span> <span class='ocrx_word' id='word_1_478' title='bbox 736 4986 1067 5045; x_wconf 82' lang='lat' dir='ltr'><strong>Francorum</strong></span> <span class='ocrx_word' id='word_1_479' title='bbox 1094 4999 1150 5045; x_wconf 89' lang='lat' dir='ltr'><strong>et</strong></span> <span class='ocrx_word' id='word_1_480' title='bbox 1189 4990 1570 5066; x_wconf 77' lang='lat' dir='ltr'><strong>Langobardo-</strong></span> 
     </span>
    </p>
   </div>
   <div class='ocr_carea' id='block_1_70' title="bbox 39 5124 1571 5261">
    <p class='ocr_par' dir='ltr' id='par_1_70' title="bbox 39 5124 1571 5261">
     <span class='ocr_line' id='line_1_71' title="bbox 39 5124 1571 5261; baseline 0.01 -70"><span class='ocrx_word' id='word_1_481' title='bbox 39 5124 667 5261; x_wconf 46' lang='lat' dir='ltr'><strong>mfg&#39;tat&#39;quelestadiense</strong></span> <span class='ocrx_word' id='word_1_482' title='bbox 712 5143 780 5199; x_wconf 88' lang='lat' dir='ltr'><strong>ad</strong></span> <span class='ocrx_word' id='word_1_483' title='bbox 818 5160 1016 5200; x_wconf 89' lang='lat' dir='ltr'><strong>annum</strong></span> <span class='ocrx_word' id='word_1_484' title='bbox 1056 5145 1163 5203; x_wconf 83' lang='lat'><strong>775</strong></span> <span class='ocrx_word' id='word_1_485' title='bbox 1198 5163 1411 5221; x_wconf 88' lang='lat' dir='ltr'><strong>quoque</strong></span> <span class='ocrx_word' id='word_1_486' title='bbox 1448 5164 1571 5207; x_wconf 86' lang='lat' dir='ltr'><strong>esse</strong></span> 
     </span>
    </p>
   </div>
   <div class='ocr_carea' id='block_1_71' title="bbox 43 5272 1569 5403">
    <p class='ocr_par' dir='ltr' id='par_1_71' title="bbox 43 5272 1569 5403">
     <span class='ocr_line' id='line_1_72' title="bbox 43 5272 1569 5403; baseline -0.028 -14"><span class='ocrx_word' id='word_1_487' title='bbox 43 5272 304 5403; x_wconf 48' lang='lat' dir='ltr'><strong>Atiiesliiitia</strong></span> <span class='ocrx_word' id='word_1_488' title='bbox 328 5321 346 5348; x_wconf 84' lang='lat'><strong>’</strong></span> <span class='ocrx_word' id='word_1_489' title='bbox 394 5284 555 5356; x_wconf 60' lang='lat'><strong>&quot;&quot;50</strong></span> <span class='ocrx_word' id='word_1_490' title='bbox 605 5283 847 5355; x_wconf 71' lang='grc' dir='ltr'><strong>ιοτιάο,</strong></span> <span class='ocrx_word' id='word_1_491' title='bbox 908 5287 961 5343; x_wconf 90' lang='lat' dir='ltr'><strong>in</strong></span> <span class='ocrx_word' id='word_1_492' title='bbox 1006 5287 1204 5344; x_wconf 89' lang='lat' dir='ltr'><strong>ducatu</strong></span> <span class='ocrx_word' id='word_1_493' title='bbox 1252 5288 1455 5347; x_wconf 80' lang='lat' dir='ltr'><strong>Veneto</strong></span> <span class='ocrx_word' id='word_1_494' title='bbox 1504 5292 1569 5349; x_wconf 89' lang='lat' dir='ltr'><strong>ad</strong></span> 
     </span>
    </p>
   </div>
   <div class='ocr_carea' id='block_1_72' title="bbox 92 5408 1568 5497">
    <p class='ocr_par' dir='ltr' id='par_1_72' title="bbox 92 5408 1568 5497">
     <span class='ocr_line' id='line_1_73' title="bbox 92 5408 1568 5497; baseline 0.016 -30"><span class='ocrx_word' id='word_1_495' title='bbox 92 5408 304 5497; x_wconf 43' lang='lat' dir='ltr'><strong>bﬁCbarta</strong></span> <span class='ocrx_word' id='word_1_496' title='bbox 336 5408 451 5478; x_wconf 65' lang='lat' dir='ltr'><strong>haec</strong></span> <span class='ocrx_word' id='word_1_497' title='bbox 470 5427 807 5497; x_wconf 76' lang='lat' dir='ltr'><strong>esstatapud</strong></span> <span class='ocrx_word' id='word_1_498' title='bbox 836 5428 1197 5497; x_wconf 76' lang='lat' dir='ltr'><strong>Mabillonem,</strong></span> <span class='ocrx_word' id='word_1_499' title='bbox 1225 5431 1568 5490; x_wconf 77' lang='lat' dir='ltr'><strong>Annal.0rd.</strong></span> 
     </span>
    </p>
   </div>
   <div class='ocr_carea' id='block_1_73' title="bbox 45 5476 1570 5596">
    <p class='ocr_par' dir='ltr' id='par_1_73' title="bbox 45 5476 1570 5596">
     <span class='ocr_line' id='line_1_74' title="bbox 45 5476 1570 5596; baseline 0.001 0"><span class='ocrx_word' id='word_1_500' title='bbox 45 5476 274 5596; x_wconf 61' lang='lat' dir='ltr'><strong>me</strong></span> <span class='ocrx_word' id='word_1_501' title='bbox 303 5476 1570 5596; x_wconf 44' lang='lat' dir='ltr'><strong>triti-Lilséiiiiégﬁjéi713531</strong></span> 
     </span>
    </p>
   </div>
   <div class='ocr_carea' id='block_1_74' title="bbox 64 5548 1571 5640">
    <p class='ocr_par' dir='ltr' id='par_1_74' title="bbox 64 5548 1571 5640">
     <span class='ocr_line' id='line_1_75' title="bbox 64 5548 1571 5640; baseline -0.04 40"><span class='ocrx_word' id='word_1_502' title='bbox 64 5548 293 5640; x_wconf 53' lang='lat' dir='ltr'><strong>&#39;-=“-‘-’i&quot;‘-&#39;-‘=</strong></span> <span class='ocrx_word' id='word_1_503' title='bbox 314 5548 796 5640; x_wconf 56' lang='grc' dir='ltr'><strong>Αυει-έίῖάἑῖρεέῐ</strong></span> <span class='ocrx_word' id='word_1_504' title='bbox 807 5548 980 5640; x_wconf 68' lang='lat' dir='ltr'><strong>&#39;i&#39;oi‘;</strong></span> <span class='ocrx_word' id='word_1_505' title='bbox 999 5548 1323 5629; x_wconf 66' lang='grc' dir='ltr'><strong>ςξᾱῖειῑεῑέξ</strong></span> <span class='ocrx_word' id='word_1_506' title='bbox 1335 5548 1367 5638; x_wconf 76' lang='grc' dir='ltr'><strong>ς’</strong></span> 
     </span>
    </p>
   </div>
   <div class='ocr_carea' id='block_1_75' title="bbox 44 5630 1567 5714">
    <p class='ocr_par' dir='ltr' id='par_1_75' title="bbox 44 5630 1567 5714">
     <span class='ocr_line' id='line_1_76' title="bbox 44 5630 1567 5714; baseline 0.02 -37"><span class='ocrx_word' id='word_1_507' title='bbox 44 5630 517 5714; x_wconf 46' lang='grc' dir='ltr'><strong>ευξιιὲιιιξεῑὶωρηίιιὶ</strong></span> <span class='ocrx_word' id='word_1_508' title='bbox 539 5630 1123 5714; x_wconf 53' lang='lat' dir='ltr'><strong>Aisat&#39;ia&#39;diploniatiea,</strong></span> <span class='ocrx_word' id='word_1_509' title='bbox 1156 5656 1284 5699; x_wconf 86' lang='lat' dir='ltr'><strong>tom.</strong></span> <span class='ocrx_word' id='word_1_510' title='bbox 1317 5630 1356 5703; x_wconf 34' lang='lat' dir='ltr'><strong>Iv.</strong></span> <span class='ocrx_word' id='word_1_511' title='bbox 1390 5630 1567 5714; x_wconf 82' lang='grc' dir='ltr'><strong>ι).</strong></span> 
     </span>
    </p>
   </div>
   <div class='ocr_carea' id='block_1_76' title="bbox 96 5696 1556 5786">
    <p class='ocr_par' dir='ltr' id='par_1_76' title="bbox 96 5696 1556 5786">
     <span class='ocr_line' id='line_1_77' title="bbox 96 5696 1556 5786; baseline 0.013 -31"><span class='ocrx_word' id='word_1_512' title='bbox 96 5702 111 5730; x_wconf 70' lang='grc' dir='ltr'>ε</span> <span class='ocrx_word' id='word_1_513' title='bbox 138 5696 481 5780; x_wconf 56' lang='lat' dir='ltr'><strong>Iabillun&#39;pro</strong></span> <span class='ocrx_word' id='word_1_514' title='bbox 524 5723 667 5771; x_wconf 86' lang='lat' dir='ltr'><strong>anno</strong></span> <span class='ocrx_word' id='word_1_515' title='bbox 713 5713 745 5766; x_wconf 88' lang='lat'><strong>8</strong></span> <span class='ocrx_word' id='word_1_516' title='bbox 773 5696 901 5785; x_wconf 49' lang='lat' dir='ltr'><strong>legit</strong></span> <span class='ocrx_word' id='word_1_517' title='bbox 930 5713 1018 5782; x_wconf 76' lang='lat' dir='ltr'><strong>t3,</strong></span> <span class='ocrx_word' id='word_1_518' title='bbox 1048 5696 1135 5786; x_wconf 71' lang='lat' dir='ltr'><strong>qui</strong></span> <span class='ocrx_word' id='word_1_519' title='bbox 1164 5696 1357 5771; x_wconf 34' lang='lat' dir='ltr'><strong>iuri-dit</strong></span> <span class='ocrx_word' id='word_1_520' title='bbox 1380 5696 1440 5773; x_wconf 62' lang='lat' dir='ltr'><strong>iii</strong></span> <span class='ocrx_word' id='word_1_521' title='bbox 1460 5696 1556 5778; x_wconf 41' lang='lat' dir='ltr'><strong>ait:</strong></span> 
     </span>
    </p>
   </div>
   <div class='ocr_carea' id='block_1_77' title="bbox 1671 1817 3281 1888">
    <p class='ocr_par' dir='ltr' id='par_1_77' title="bbox 1671 1817 3281 1888">
     <span class='ocr_line' id='line_1_78' title="bbox 1671 1817 3281 1888; baseline -0.002 -13"><span class='ocrx_word' id='word_1_522' title='bbox 1671 1820 1777 1875; x_wconf 84' lang='lat' dir='ltr'><strong>Sed</strong></span> <span class='ocrx_word' id='word_1_523' title='bbox 1804 1836 1901 1888; x_wconf 79' lang='lat' dir='ltr'><strong>pro</strong></span> <span class='ocrx_word' id='word_1_524' title='bbox 1925 1818 2193 1872; x_wconf 86' lang='lat' dir='ltr'><strong>firmitatis</strong></span> <span class='ocrx_word' id='word_1_525' title='bbox 2219 1817 2402 1871; x_wconf 90' lang='lat' dir='ltr'><strong>studio</strong></span> <span class='ocrx_word' id='word_1_526' title='bbox 2426 1817 2578 1883; x_wconf 86' lang='lat' dir='ltr'><strong>petiit</strong></span> <span class='ocrx_word' id='word_1_527' title='bbox 2610 1817 2988 1873; x_wconf 83' lang='lat' dir='ltr'><strong>celsitudinem</strong></span> <span class='ocrx_word' id='word_1_528' title='bbox 3016 1828 3281 1880; x_wconf 83' lang='lat' dir='ltr'><strong>nostrain,</strong></span> 
     </span>
    </p>
   </div>
   <div class='ocr_carea' id='block_1_78' title="bbox 1675 1897 3301 1980">
    <p class='ocr_par' dir='ltr' id='par_1_78' title="bbox 1675 1897 3301 1980">
     <span class='ocr_line' id='line_1_79' title="bbox 1675 1897 3301 1980; baseline -0.001 -14"><span class='ocrx_word' id='word_1_529' title='bbox 1675 1912 1802 1966; x_wconf 86' lang='lat' dir='ltr'><strong>dum</strong></span> <span class='ocrx_word' id='word_1_530' title='bbox 1829 1912 1928 1965; x_wconf 90' lang='lat' dir='ltr'><strong>hec</strong></span> <span class='ocrx_word' id='word_1_531' title='bbox 1947 1925 2112 1966; x_wconf 87' lang='lat' dir='ltr'><strong>causa</strong></span> <span class='ocrx_word' id='word_1_532' title='bbox 2134 1925 2229 1977; x_wconf 88' lang='lat' dir='ltr'><strong>per</strong></span> <span class='ocrx_word' id='word_1_533' title='bbox 2249 1897 2638 1980; x_wconf 78' lang='lat' dir='ltr'><strong>negligentiam</strong></span> <span class='ocrx_word' id='word_1_534' title='bbox 2672 1910 2746 1966; x_wconf 91' lang='lat' dir='ltr'><strong>ita</strong></span> <span class='ocrx_word' id='word_1_535' title='bbox 2772 1911 3111 1979; x_wconf 64' lang='lat' dir='ltr'><strong>contigisset,</strong></span> <span class='ocrx_word' id='word_1_536' title='bbox 3141 1922 3197 1964; x_wconf 89' lang='lat' dir='ltr'><strong>ut</strong></span> <span class='ocrx_word' id='word_1_537' title='bbox 3220 1914 3301 1965; x_wconf 88' lang='lat' dir='ltr'><strong>ab</strong></span> 
     </span>
    </p>
   </div>
   <div class='ocr_carea' id='block_1_79' title="bbox 1676 2002 3287 2069">
    <p class='ocr_par' dir='ltr' id='par_1_79' title="bbox 1676 2002 3287 2069">
     <span class='ocr_line' id='line_1_80' title="bbox 1676 2002 3287 2069; baseline -0.001 -12"><span class='ocrx_word' id='word_1_538' title='bbox 1676 2002 1929 2059; x_wconf 85' lang='lat' dir='ltr'><strong>omnibus</strong></span> <span class='ocrx_word' id='word_1_539' title='bbox 1959 2013 2144 2057; x_wconf 90' lang='lat' dir='ltr'><strong>notum</strong></span> <span class='ocrx_word' id='word_1_540' title='bbox 2177 2004 2271 2067; x_wconf 90' lang='lat' dir='ltr'><strong>sit,</strong></span> <span class='ocrx_word' id='word_1_541' title='bbox 2302 2013 2359 2055; x_wconf 89' lang='lat' dir='ltr'><strong>ut</strong></span> <span class='ocrx_word' id='word_1_542' title='bbox 2381 2003 2563 2057; x_wconf 88' lang='lat' dir='ltr'><strong>denuo</strong></span> <span class='ocrx_word' id='word_1_543' title='bbox 2595 2018 2689 2069; x_wconf 88' lang='lat' dir='ltr'><strong>per</strong></span> <span class='ocrx_word' id='word_1_544' title='bbox 2725 2014 2964 2058; x_wconf 89' lang='lat' dir='ltr'><strong>nostram</strong></span> <span class='ocrx_word' id='word_1_545' title='bbox 2991 2005 3287 2060; x_wconf 77' lang='lat' dir='ltr'><strong>auctorita-</strong></span> 
     </span>
    </p>
   </div>
   <div class='ocr_carea' id='block_1_80' title="bbox 1676 2094 3290 2166">
    <p class='ocr_par' dir='ltr' id='par_1_80' title="bbox 1676 2094 3290 2166">
     <span class='ocr_line' id='line_1_81' title="bbox 1676 2094 3290 2166; baseline 0 -16"><span class='ocrx_word' id='word_1_546' title='bbox 1676 2106 1783 2150; x_wconf 92' lang='lat' dir='ltr'><strong>tem</strong></span> <span class='ocrx_word' id='word_1_547' title='bbox 1814 2110 2003 2151; x_wconf 85' lang='lat' dir='ltr'><strong>omnes</strong></span> <span class='ocrx_word' id='word_1_548' title='bbox 2035 2111 2120 2151; x_wconf 88' lang='lat' dir='ltr'><strong>res</strong></span> <span class='ocrx_word' id='word_1_549' title='bbox 2143 2094 2388 2164; x_wconf 84' lang='lat' dir='ltr'><strong>ejusdem</strong></span> <span class='ocrx_word' id='word_1_550' title='bbox 2417 2096 2668 2159; x_wconf 87' lang='lat' dir='ltr'><strong>ecclesie,</strong></span> <span class='ocrx_word' id='word_1_551' title='bbox 2699 2096 2951 2165; x_wconf 87' lang='lat' dir='ltr'><strong>quicquid</strong></span> <span class='ocrx_word' id='word_1_552' title='bbox 2981 2113 3103 2151; x_wconf 93' lang='lat' dir='ltr'><strong>cum</strong></span> <span class='ocrx_word' id='word_1_553' title='bbox 3134 2098 3290 2166; x_wconf 87' lang='lat' dir='ltr'><strong>equi-</strong></span> 
     </span>
    </p>
   </div>
   <div class='ocr_carea' id='block_1_81' title="bbox 1678 2188 3281 2257">
    <p class='ocr_par' dir='ltr' id='par_1_81' title="bbox 1678 2188 3281 2257">
     <span class='ocr_line' id='line_1_82' title="bbox 1678 2188 3281 2257; baseline -0.001 -15"><span class='ocrx_word' id='word_1_554' title='bbox 1678 2188 1803 2244; x_wconf 85' lang='lat' dir='ltr'><strong>tatis</strong></span> <span class='ocrx_word' id='word_1_555' title='bbox 1830 2188 2020 2243; x_wconf 91' lang='lat' dir='ltr'><strong>ordine</strong></span> <span class='ocrx_word' id='word_1_556' title='bbox 2040 2188 2317 2257; x_wconf 67' lang='lat' dir='ltr'><strong>possidere</strong></span> <span class='ocrx_word' id='word_1_557' title='bbox 2343 2188 2575 2253; x_wconf 88' lang='lat' dir='ltr'><strong>videtur,</strong></span> <span class='ocrx_word' id='word_1_558' title='bbox 2595 2189 2920 2243; x_wconf 88' lang='lat' dir='ltr'><strong>confirmare</strong></span> <span class='ocrx_word' id='word_1_559' title='bbox 2937 2188 3281 2243; x_wconf 79' lang='lat' dir='ltr'><strong>deberemus.</strong></span> 
     </span>
    </p>
   </div>
   <div class='ocr_carea' id='block_1_82' title="bbox 1678 2279 3287 2351">
    <p class='ocr_par' dir='ltr' id='par_1_82' title="bbox 1678 2279 3287 2351">
     <span class='ocr_line' id='line_1_83' title="bbox 1678 2279 3287 2351; baseline -0.003 -14"><span class='ocrx_word' id='word_1_560' title='bbox 1678 2281 1850 2351; x_wconf 84' lang='lat' dir='ltr'><strong>Cujus</strong></span> <span class='ocrx_word' id='word_1_561' title='bbox 1879 2282 2186 2348; x_wconf 84' lang='lat' dir='ltr'><strong>petitionem</strong></span> <span class='ocrx_word' id='word_1_562' title='bbox 2217 2280 2490 2349; x_wconf 86' lang='lat' dir='ltr'><strong>denegare</strong></span> <span class='ocrx_word' id='word_1_563' title='bbox 2520 2280 2817 2343; x_wconf 82' lang='lat' dir='ltr'><strong>noluimus.</strong></span> <span class='ocrx_word' id='word_1_564' title='bbox 2863 2279 2958 2334; x_wconf 85' lang='lat' dir='ltr'><strong>sed</strong></span> <span class='ocrx_word' id='word_1_565' title='bbox 2997 2281 3068 2334; x_wconf 87' lang='lat' dir='ltr'><strong>ita</strong></span> <span class='ocrx_word' id='word_1_566' title='bbox 3094 2279 3287 2348; x_wconf 84' lang='lat' dir='ltr'><strong>presti-</strong></span> 
     </span>
    </p>
   </div>
   <div class='ocr_carea' id='block_1_83' title="bbox 1679 2370 3284 2440">
    <p class='ocr_par' dir='ltr' id='par_1_83' title="bbox 1679 2370 3284 2440">
     <span class='ocr_line' id='line_1_84' title="bbox 1679 2370 3284 2440; baseline 0.002 -16"><span class='ocrx_word' id='word_1_567' title='bbox 1679 2373 1811 2426; x_wconf 88' lang='lat' dir='ltr'><strong>tisse</strong></span> <span class='ocrx_word' id='word_1_568' title='bbox 1842 2373 1925 2427; x_wconf 87' lang='lat' dir='ltr'><strong>vel</strong></span> <span class='ocrx_word' id='word_1_569' title='bbox 1968 2370 2323 2428; x_wconf 85' lang='lat' dir='ltr'><strong>confirmasse</strong></span> <span class='ocrx_word' id='word_1_570' title='bbox 2362 2374 2695 2440; x_wconf 79' lang='lat' dir='ltr'><strong>cognoscite.</strong></span> <span class='ocrx_word' id='word_1_571' title='bbox 2730 2372 3093 2439; x_wconf 87' lang='lat' dir='ltr'><strong>Precipientes</strong></span> <span class='ocrx_word' id='word_1_572' title='bbox 3141 2374 3284 2427; x_wconf 82' lang='lat' dir='ltr'><strong>enini</strong></span> 
     </span>
    </p>
   </div>
   <div class='ocr_carea' id='block_1_84' title="bbox 1672 2462 3286 2532">
    <p class='ocr_par' dir='ltr' id='par_1_84' title="bbox 1672 2462 3286 2532">
     <span class='ocr_line' id='line_1_85' title="bbox 1672 2462 3286 2532; baseline 0.002 -19"><span class='ocrx_word' id='word_1_573' title='bbox 1672 2462 1949 2530; x_wconf 70' lang='lat' dir='ltr'><strong>iubemus,</strong></span> <span class='ocrx_word' id='word_1_574' title='bbox 1970 2474 2023 2518; x_wconf 91' lang='lat' dir='ltr'><strong>ut</strong></span> <span class='ocrx_word' id='word_1_575' title='bbox 2045 2462 2300 2532; x_wconf 89' lang='lat' dir='ltr'><strong>quicquid</strong></span> <span class='ocrx_word' id='word_1_576' title='bbox 2318 2474 2443 2517; x_wconf 86' lang='lat' dir='ltr'><strong>ante</strong></span> <span class='ocrx_word' id='word_1_577' title='bbox 2465 2464 2666 2517; x_wconf 88' lang='lat' dir='ltr'><strong>dictum</strong></span> <span class='ocrx_word' id='word_1_578' title='bbox 2692 2464 3078 2518; x_wconf 86' lang='lat' dir='ltr'><strong>monasterium</strong></span> <span class='ocrx_word' id='word_1_579' title='bbox 3105 2464 3286 2517; x_wconf 85' lang='lat' dir='ltr'><strong>Sancti</strong></span> 
     </span>
    </p>
   </div>
   <div class='ocr_carea' id='block_1_85' title="bbox 1677 2553 3293 2625">
    <p class='ocr_par' dir='ltr' id='par_1_85' title="bbox 1677 2553 3293 2625">
     <span class='ocr_line' id='line_1_86' title="bbox 1677 2553 3293 2625; baseline -0.001 -16"><span class='ocrx_word' id='word_1_580' title='bbox 1677 2553 1995 2609; x_wconf 75' lang='lat' dir='ltr'><strong>Michahelis</strong></span> <span class='ocrx_word' id='word_1_581' title='bbox 2046 2568 2188 2607; x_wconf 90' lang='lat' dir='ltr'><strong>nunc</strong></span> <span class='ocrx_word' id='word_1_582' title='bbox 2223 2554 2483 2624; x_wconf 83' lang='lat' dir='ltr'><strong>temporis</strong></span> <span class='ocrx_word' id='word_1_583' title='bbox 2531 2554 2679 2623; x_wconf 84' lang='lat' dir='ltr'><strong>juste</strong></span> <span class='ocrx_word' id='word_1_584' title='bbox 2712 2554 2970 2625; x_wconf 87' lang='lat' dir='ltr'><strong>possidet,</strong></span> <span class='ocrx_word' id='word_1_585' title='bbox 3004 2555 3146 2608; x_wconf 80' lang='lat' dir='ltr'><strong>unde</strong></span> <span class='ocrx_word' id='word_1_586' title='bbox 3174 2554 3293 2623; x_wconf 77' lang='lat' dir='ltr'><strong>ipsa</strong></span> 
     </span>
    </p>
   </div>
   <div class='ocr_carea' id='block_1_86' title="bbox 1678 2645 3292 2715">
    <p class='ocr_par' dir='ltr' id='par_1_86' title="bbox 1678 2645 3292 2715">
     <span class='ocr_line' id='line_1_87' title="bbox 1678 2645 3292 2715; baseline -0.001 -14"><span class='ocrx_word' id='word_1_587' title='bbox 1678 2647 1773 2701; x_wconf 86' lang='lat' dir='ltr'><strong>Dei</strong></span> <span class='ocrx_word' id='word_1_588' title='bbox 1806 2662 1934 2701; x_wconf 83' lang='lat' dir='ltr'><strong>casa</strong></span> <span class='ocrx_word' id='word_1_589' title='bbox 1982 2646 2173 2700; x_wconf 75' lang='lat' dir='ltr'><strong>vcsdta</strong></span> <span class='ocrx_word' id='word_1_590' title='bbox 2207 2655 2313 2710; x_wconf 90' lang='lat' dir='ltr'><strong>est,</strong></span> <span class='ocrx_word' id='word_1_591' title='bbox 2368 2646 2624 2715; x_wconf 82' lang='lat' dir='ltr'><strong>deinceps</strong></span> <span class='ocrx_word' id='word_1_592' title='bbox 2675 2661 2771 2715; x_wconf 89' lang='lat' dir='ltr'><strong>per</strong></span> <span class='ocrx_word' id='word_1_593' title='bbox 2818 2656 3065 2700; x_wconf 84' lang='lat' dir='ltr'><strong>nostram</strong></span> <span class='ocrx_word' id='word_1_594' title='bbox 3088 2645 3292 2700; x_wconf 87' lang='lat' dir='ltr'><strong>confir-</strong></span> 
     </span>
    </p>
   </div>
   <div class='ocr_carea' id='block_1_87' title="bbox 1688 2738 3294 2809">
    <p class='ocr_par' dir='ltr' id='par_1_87' title="bbox 1688 2738 3294 2809">
     <span class='ocr_line' id='line_1_88' title="bbox 1688 2738 3294 2809; baseline -0.002 -14"><span class='ocrx_word' id='word_1_595' title='bbox 1688 2742 2002 2805; x_wconf 66' lang='lat' dir='ltr'><strong>litationem,</strong></span> <span class='ocrx_word' id='word_1_596' title='bbox 2030 2740 2283 2809; x_wconf 89' lang='lat' dir='ltr'><strong>quicquid</strong></span> <span class='ocrx_word' id='word_1_597' title='bbox 2318 2754 2412 2807; x_wconf 88' lang='lat' dir='ltr'><strong>per</strong></span> <span class='ocrx_word' id='word_1_598' title='bbox 2455 2748 2705 2807; x_wconf 87' lang='lat' dir='ltr'><strong>precepta</strong></span> <span class='ocrx_word' id='word_1_599' title='bbox 2751 2754 2935 2807; x_wconf 79' lang='lat' dir='ltr'><strong>regum</strong></span> <span class='ocrx_word' id='word_1_600' title='bbox 2985 2753 3050 2793; x_wconf 93' lang='lat' dir='ltr'><strong>ac</strong></span> <span class='ocrx_word' id='word_1_601' title='bbox 3078 2738 3294 2807; x_wconf 83' lang='lat' dir='ltr'><strong>regina-</strong></span> 
     </span>
    </p>
   </div>
   <div class='ocr_carea' id='block_1_88' title="bbox 1682 2830 3288 2902">
    <p class='ocr_par' dir='ltr' id='par_1_88' title="bbox 1682 2830 3288 2902">
     <span class='ocr_line' id='line_1_89' title="bbox 1682 2830 3288 2902; baseline -0.002 -14"><span class='ocrx_word' id='word_1_602' title='bbox 1682 2848 1827 2899; x_wconf 92' lang='lat' dir='ltr'><strong>rum,</strong></span> <span class='ocrx_word' id='word_1_603' title='bbox 1855 2847 1950 2887; x_wconf 90' lang='lat' dir='ltr'><strong>seu</strong></span> <span class='ocrx_word' id='word_1_604' title='bbox 1984 2832 2313 2902; x_wconf 88' lang='lat' dir='ltr'><strong>reliquorum</strong></span> <span class='ocrx_word' id='word_1_605' title='bbox 2348 2832 2514 2885; x_wconf 80' lang='lat' dir='ltr'><strong>ileum</strong></span> <span class='ocrx_word' id='word_1_606' title='bbox 2538 2831 2843 2886; x_wconf 90' lang='lat' dir='ltr'><strong>timentium</strong></span> <span class='ocrx_word' id='word_1_607' title='bbox 2877 2830 3154 2886; x_wconf 84' lang='lat' dir='ltr'><strong>hominum</strong></span> <span class='ocrx_word' id='word_1_608' title='bbox 3188 2832 3288 2885; x_wconf 91' lang='lat' dir='ltr'><strong>ibi-</strong></span> 
     </span>
    </p>
   </div>
   <div class='ocr_carea' id='block_1_89' title="bbox 1680 2922 3390 2992">
    <p class='ocr_par' dir='ltr' id='par_1_89' title="bbox 1680 2922 3390 2992">
     <span class='ocr_line' id='line_1_90' title="bbox 1680 2922 3390 2992; baseline -0.001 -14"><span class='ocrx_word' id='word_1_609' title='bbox 1680 2924 1803 2979; x_wconf 86' lang='lat' dir='ltr'><strong>dem</strong></span> <span class='ocrx_word' id='word_1_610' title='bbox 1826 2924 2081 2979; x_wconf 87' lang='lat' dir='ltr'><strong>collatum</strong></span> <span class='ocrx_word' id='word_1_611' title='bbox 2113 2937 2175 2978; x_wconf 86' lang='lat' dir='ltr'><strong>ac</strong></span> <span class='ocrx_word' id='word_1_612' title='bbox 2232 2922 2611 2977; x_wconf 88' lang='lat' dir='ltr'><strong>confirmatum</strong></span> <span class='ocrx_word' id='word_1_613' title='bbox 2676 2922 2775 2978; x_wconf 88' lang='lat' dir='ltr'><strong>fuit</strong></span> <span class='ocrx_word' id='word_1_614' title='bbox 2804 2963 2819 2987; x_wconf 89' lang='lat'><strong>,</strong></span> <span class='ocrx_word' id='word_1_615' title='bbox 2882 2931 2991 2978; x_wconf 80' lang='lat' dir='ltr'><strong>tatu</strong></span> <span class='ocrx_word' id='word_1_616' title='bbox 3051 2925 3289 2992; x_wconf 84' lang='lat' dir='ltr'><strong>prefatus</strong></span> <span class='ocrx_word' id='word_1_617' title='bbox 3380 2924 3390 2933; x_wconf 85' lang='lat'>&#39;</span> 
     </span>
    </p>
   </div>
   <div class='ocr_carea' id='block_1_90' title="bbox 1686 3012 3285 3084">
    <p class='ocr_par' dir='ltr' id='par_1_90' title="bbox 1686 3012 3285 3084">
     <span class='ocr_line' id='line_1_91' title="bbox 1686 3012 3285 3084; baseline -0.004 -12"><span class='ocrx_word' id='word_1_618' title='bbox 1686 3016 1884 3075; x_wconf 84' lang='lat' dir='ltr'><strong>Beatus</strong></span> <span class='ocrx_word' id='word_1_619' title='bbox 1914 3016 2104 3083; x_wconf 87' lang='lat' dir='ltr'><strong>abbas,</strong></span> <span class='ocrx_word' id='word_1_620' title='bbox 2136 3028 2297 3084; x_wconf 89' lang='lat' dir='ltr'><strong>quam</strong></span> <span class='ocrx_word' id='word_1_621' title='bbox 2318 3013 2410 3082; x_wconf 89' lang='lat' dir='ltr'><strong>qui</strong></span> <span class='ocrx_word' id='word_1_622' title='bbox 2438 3028 2782 3069; x_wconf 86' lang='lat' dir='ltr'><strong>successores</strong></span> <span class='ocrx_word' id='word_1_623' title='bbox 2821 3014 2941 3069; x_wconf 89' lang='lat' dir='ltr'><strong>eius</strong></span> <span class='ocrx_word' id='word_1_624' title='bbox 2972 3012 3174 3069; x_wconf 79' lang='lat' dir='ltr'><strong>fuerint</strong></span> <span class='ocrx_word' id='word_1_625' title='bbox 3201 3016 3285 3067; x_wconf 68' lang='lat' dir='ltr'><strong>fu—</strong></span> 
     </span>
    </p>
   </div>
   <div class='ocr_carea' id='block_1_91' title="bbox 1682 3092 3286 3177">
    <p class='ocr_par' dir='ltr' id='par_1_91' title="bbox 1682 3092 3286 3177">
     <span class='ocr_line' id='line_1_92' title="bbox 1682 3092 3286 3177; baseline -0.001 -14"><span class='ocrx_word' id='word_1_626' title='bbox 1682 3109 1807 3175; x_wconf 89' lang='lat' dir='ltr'><strong>turi,</strong></span> <span class='ocrx_word' id='word_1_627' title='bbox 1828 3115 1911 3163; x_wconf 87' lang='lat' dir='ltr'><strong>vel</strong></span> <span class='ocrx_word' id='word_1_628' title='bbox 1944 3117 2184 3163; x_wconf 88' lang='lat' dir='ltr'><strong>rectores</strong></span> <span class='ocrx_word' id='word_1_629' title='bbox 2204 3092 2449 3177; x_wconf 71' lang='lat' dir='ltr'><strong>ejusdem</strong></span> <span class='ocrx_word' id='word_1_630' title='bbox 2476 3105 2706 3163; x_wconf 88' lang='lat' dir='ltr'><strong>ecclesie</strong></span> <span class='ocrx_word' id='word_1_631' title='bbox 2726 3108 2900 3161; x_wconf 89' lang='lat' dir='ltr'><strong>sancti</strong></span> <span class='ocrx_word' id='word_1_632' title='bbox 2929 3106 3032 3162; x_wconf 90' lang='lat' dir='ltr'><strong>loci</strong></span> <span class='ocrx_word' id='word_1_633' title='bbox 3065 3114 3286 3162; x_wconf 83' lang='lat' dir='ltr'><strong>teneant</strong></span> 
     </span>
    </p>
   </div>
   <div class='ocr_carea' id='block_1_92' title="bbox 1677 3197 3284 3270">
    <p class='ocr_par' dir='ltr' id='par_1_92' title="bbox 1677 3197 3284 3270">
     <span class='ocr_line' id='line_1_93' title="bbox 1677 3197 3284 3270; baseline -0.002 -14"><span class='ocrx_word' id='word_1_634' title='bbox 1677 3210 1732 3256; x_wconf 91' lang='lat' dir='ltr'><strong>et</strong></span> <span class='ocrx_word' id='word_1_635' title='bbox 1758 3198 2094 3270; x_wconf 82' lang='lat' dir='ltr'><strong>possideant,</strong></span> <span class='ocrx_word' id='word_1_636' title='bbox 2122 3208 2287 3268; x_wconf 84' lang='lat' dir='ltr'><strong>atque</strong></span> <span class='ocrx_word' id='word_1_637' title='bbox 2342 3197 2407 3252; x_wconf 85' lang='lat' dir='ltr'><strong>ad</strong></span> <span class='ocrx_word' id='word_1_638' title='bbox 2441 3198 2610 3267; x_wconf 83' lang='lat' dir='ltr'><strong>ipsam</strong></span> <span class='ocrx_word' id='word_1_639' title='bbox 2637 3213 2817 3253; x_wconf 86' lang='lat' dir='ltr'><strong>casam</strong></span> <span class='ocrx_word' id='word_1_640' title='bbox 2869 3198 2966 3255; x_wconf 88' lang='lat' dir='ltr'><strong>Dei</strong></span> <span class='ocrx_word' id='word_1_641' title='bbox 3012 3198 3284 3254; x_wconf 83' lang='lat' dir='ltr'><strong>diuturnis</strong></span> 
     </span>
    </p>
   </div>
   <div class='ocr_carea' id='block_1_93' title="bbox 1679 3278 3290 3362">
    <p class='ocr_par' dir='ltr' id='par_1_93' title="bbox 1679 3278 3290 3362">
     <span class='ocr_line' id='line_1_94' title="bbox 1679 3278 3290 3362; baseline -0.002 -15"><span class='ocrx_word' id='word_1_642' title='bbox 1679 3290 2011 3362; x_wconf 88' lang='lat' dir='ltr'><strong>temporibus</strong></span> <span class='ocrx_word' id='word_1_643' title='bbox 2065 3289 2121 3347; x_wconf 87' lang='lat' dir='ltr'><strong>in</strong></span> <span class='ocrx_word' id='word_1_644' title='bbox 2170 3292 2473 3362; x_wconf 75' lang='lat' dir='ltr'><strong>augmentis</strong></span> <span class='ocrx_word' id='word_1_645' title='bbox 2516 3291 2818 3361; x_wconf 76' lang='lat' dir='ltr'><strong>proficiant.</strong></span> <span class='ocrx_word' id='word_1_646' title='bbox 2867 3290 2935 3347; x_wconf 83' lang='lat' dir='ltr'><strong>Et</strong></span> <span class='ocrx_word' id='word_1_647' title='bbox 2979 3291 3165 3349; x_wconf 84' lang='lat' dir='ltr'><strong>utbee</strong></span> <span class='ocrx_word' id='word_1_648' title='bbox 3189 3278 3290 3344; x_wconf 53' lang='lat' dir='ltr'><strong>au?-</strong></span> 
     </span>
    </p>
   </div>
   <div class='ocr_carea' id='block_1_94' title="bbox 1675 3381 3284 3451">
    <p class='ocr_par' dir='ltr' id='par_1_94' title="bbox 1675 3381 3284 3451">
     <span class='ocr_line' id='line_1_95' title="bbox 1675 3381 3284 3451; baseline -0.001 -12"><span class='ocrx_word' id='word_1_649' title='bbox 1675 3387 1897 3440; x_wconf 87' lang='lat' dir='ltr'><strong>ctoritas</strong></span> <span class='ocrx_word' id='word_1_650' title='bbox 1940 3384 2148 3439; x_wconf 88' lang='lat' dir='ltr'><strong>firmior</strong></span> <span class='ocrx_word' id='word_1_651' title='bbox 2193 3383 2310 3449; x_wconf 87' lang='lat' dir='ltr'><strong>sit,</strong></span> <span class='ocrx_word' id='word_1_652' title='bbox 2357 3398 2523 3439; x_wconf 85' lang='lat' dir='ltr'><strong>manu</strong></span> <span class='ocrx_word' id='word_1_653' title='bbox 2576 3396 2759 3440; x_wconf 84' lang='lat' dir='ltr'><strong>nostra</strong></span> <span class='ocrx_word' id='word_1_654' title='bbox 2812 3383 3002 3440; x_wconf 87' lang='lat' dir='ltr'><strong>subter</strong></span> <span class='ocrx_word' id='word_1_655' title='bbox 3046 3381 3284 3451; x_wconf 58' lang='lat' dir='ltr'><strong>boavi-</strong></span> 
     </span>
    </p>
   </div>
   <div class='ocr_carea' id='block_1_95' title="bbox 1675 3462 2879 3546">
    <p class='ocr_par' dir='ltr' id='par_1_95' title="bbox 1675 3462 2879 3546">
     <span class='ocr_line' id='line_1_96' title="bbox 1675 3462 2879 3546; baseline 0.001 -14"><span class='ocrx_word' id='word_1_656' title='bbox 1675 3490 1822 3542; x_wconf 80' lang='lat' dir='ltr'><strong>mus,</strong></span> <span class='ocrx_word' id='word_1_657' title='bbox 1851 3486 1906 3531; x_wconf 88' lang='lat' dir='ltr'><strong>et</strong></span> <span class='ocrx_word' id='word_1_658' title='bbox 1928 3462 2093 3531; x_wconf 79' lang='lat' dir='ltr'><strong>auido</strong></span> <span class='ocrx_word' id='word_1_659' title='bbox 2119 3486 2305 3531; x_wconf 90' lang='lat' dir='ltr'><strong>nostro</strong></span> <span class='ocrx_word' id='word_1_660' title='bbox 2333 3474 2575 3546; x_wconf 66' lang='lat' dir='ltr'><strong>sigillare</strong></span> <span class='ocrx_word' id='word_1_661' title='bbox 2597 3474 2879 3545; x_wconf 76' lang='lat' dir='ltr'><strong>iussimus.</strong></span> 
     </span>
    </p>
   </div>
   <div class='ocr_carea' id='block_1_96' title="bbox 1747 3568 2857 3642">
    <p class='ocr_par' dir='ltr' id='par_1_96' title="bbox 1747 3568 2857 3642">
     <span class='ocr_line' id='line_1_97' title="bbox 1747 3568 2857 3642; baseline 0.001 -15"><span class='ocrx_word' id='word_1_662' title='bbox 1747 3570 1972 3640; x_wconf 68' lang='lat' dir='ltr'><strong>Signata</strong></span> <span class='ocrx_word' id='word_1_663' title='bbox 2002 3569 2043 3642; x_wconf 71' lang='lat'><strong>1-</strong></span> <span class='ocrx_word' id='word_1_664' title='bbox 2073 3568 2259 3627; x_wconf 65' lang='grc' dir='ltr'>[διοιί</span> <span class='ocrx_word' id='word_1_665' title='bbox 2287 3569 2666 3640; x_wconf 77' lang='lat' dir='ltr'><strong>gloriosissimi</strong></span> <span class='ocrx_word' id='word_1_666' title='bbox 2690 3570 2857 3641; x_wconf 70' lang='lat' dir='ltr'><strong>regis.</strong></span> 
     </span>
    </p>
   </div>
   <div class='ocr_carea' id='block_1_97' title="bbox 1749 3659 2987 3736">
    <p class='ocr_par' dir='ltr' id='par_1_97' title="bbox 1749 3659 2987 3736">
     <span class='ocr_line' id='line_1_98' title="bbox 1749 3659 2987 3736; baseline 0.001 -19"><span class='ocrx_word' id='word_1_667' title='bbox 1749 3659 2065 3732; x_wconf 70' lang='lat' dir='ltr'><strong>Wigbaldus</strong></span> <span class='ocrx_word' id='word_1_668' title='bbox 2091 3663 2159 3716; x_wconf 88' lang='lat' dir='ltr'><strong>ad</strong></span> <span class='ocrx_word' id='word_1_669' title='bbox 2183 3662 2357 3717; x_wconf 87' lang='lat' dir='ltr'><strong>vicem</strong></span> <span class='ocrx_word' id='word_1_670' title='bbox 2387 3660 2615 3718; x_wconf 85' lang='lat' dir='ltr'><strong>llitberii</strong></span> <span class='ocrx_word' id='word_1_671' title='bbox 2647 3662 2987 3736; x_wconf 79' lang='lat' dir='ltr'><strong>recognovit.</strong></span> 
     </span>
    </p>
   </div>
   <div class='ocr_carea' id='block_1_98' title="bbox 1746 3750 3285 3826">
    <p class='ocr_par' dir='ltr' id='par_1_98' title="bbox 1746 3750 3285 3826">
     <span class='ocr_line' id='line_1_99' title="bbox 1746 3750 3285 3826; baseline -0.001 -13"><span class='ocrx_word' id='word_1_672' title='bbox 1746 3756 1937 3824; x_wconf 78' lang='lat' dir='ltr'><strong>Datum</strong></span> <span class='ocrx_word' id='word_1_673' title='bbox 1963 3754 2151 3826; x_wconf 86' lang='lat' dir='ltr'><strong>quinto</strong></span> <span class='ocrx_word' id='word_1_674' title='bbox 2173 3753 2300 3810; x_wconf 84' lang='lat' dir='ltr'><strong>ldus</strong></span> <span class='ocrx_word' id='word_1_675' title='bbox 2321 3750 2531 3820; x_wconf 69' lang='lat' dir='ltr'><strong>lunias,</strong></span> <span class='ocrx_word' id='word_1_676' title='bbox 2553 3769 2700 3811; x_wconf 81' lang='lat' dir='ltr'><strong>anno</strong></span> <span class='ocrx_word' id='word_1_677' title='bbox 2746 3765 2770 3795; x_wconf 83' lang='lat'><strong><em>°</em></strong></span> <span class='ocrx_word' id='word_1_678' title='bbox 2790 3753 3151 3824; x_wconf 63' lang='lat' dir='ltr'><strong>oetavorepi</strong></span> <span class='ocrx_word' id='word_1_679' title='bbox 3180 3768 3285 3812; x_wconf 72' lang='lat' dir='ltr'><strong>lo-</strong></span> 
     </span>
    </p>
   </div>
   <div class='ocr_carea' id='block_1_99' title="bbox 1672 3844 3309 3919">
    <p class='ocr_par' dir='ltr' id='par_1_99' title="bbox 1672 3844 3309 3919">
     <span class='ocr_line' id='line_1_100' title="bbox 1672 3844 3309 3919; baseline -0.001 -14"><span class='ocrx_word' id='word_1_680' title='bbox 1672 3848 1791 3905; x_wconf 91' lang='lat' dir='ltr'><strong>stri.</strong></span> <span class='ocrx_word' id='word_1_681' title='bbox 1841 3849 2036 3903; x_wconf 77' lang='lat' dir='ltr'><strong>Actum</strong></span> <span class='ocrx_word' id='word_1_682' title='bbox 2062 3845 2093 3886; x_wconf 67' lang='grc' dir='ltr'><strong><em>ἀ</em></strong></span> <span class='ocrx_word' id='word_1_683' title='bbox 2135 3844 2415 3919; x_wconf 73' lang='lat' dir='ltr'><strong>Carisiago</strong></span> <span class='ocrx_word' id='word_1_684' title='bbox 2436 3846 2635 3918; x_wconf 86' lang='lat' dir='ltr'><strong>palatio</strong></span> <span class='ocrx_word' id='word_1_685' title='bbox 2656 3845 2907 3919; x_wconf 82' lang='lat' dir='ltr'><strong>publica.</strong></span> <span class='ocrx_word' id='word_1_686' title='bbox 2948 3846 3004 3904; x_wconf 80' lang='lat' dir='ltr'><strong>iu</strong></span> <span class='ocrx_word' id='word_1_687' title='bbox 3043 3844 3141 3905; x_wconf 81' lang='lat' dir='ltr'><strong>Dei</strong></span> <span class='ocrx_word' id='word_1_688' title='bbox 3186 3860 3309 3917; x_wconf 45' lang='lat' dir='ltr'><strong>ne:</strong></span> 
     </span>
    </p>
   </div>
   <div class='ocr_carea' id='block_1_100' title="bbox 1676 3940 2523 3999">
    <p class='ocr_par' dir='ltr' id='par_1_100' title="bbox 1676 3940 2523 3999">
     <span class='ocr_line' id='line_1_101' title="bbox 1676 3940 2523 3999; baseline -0.007 0"><span class='ocrx_word' id='word_1_689' title='bbox 1676 3944 1822 3999; x_wconf 83' lang='lat' dir='ltr'><strong>mine</strong></span> <span class='ocrx_word' id='word_1_690' title='bbox 1845 3940 2092 3999; x_wconf 84' lang='lat' dir='ltr'><strong>feliciter.</strong></span> <span class='ocrx_word' id='word_1_691' title='bbox 2520 3990 2523 3993; x_wconf 78' lang='lat'><strong>.</strong></span> 
     </span>
    </p>
   </div>
   <div class='ocr_carea' id='block_1_101' title="bbox 2347 4001 2595 4068">
    <p class='ocr_par' dir='ltr' id='par_1_101' title="bbox 2347 4001 2595 4068">
     <span class='ocr_line' id='line_1_102' title="bbox 2347 4001 2595 4068; baseline -0.008 0"><span class='ocrx_word' id='word_1_692' title='bbox 2347 4001 2595 4068; x_wconf 75' lang='lat' dir='ltr'><strong>XXXVI.</strong></span> 
     </span>
    </p>
   </div>
   <div class='ocr_carea' id='block_1_102' title="bbox 1718 4091 3226 4246">
    <p class='ocr_par' dir='ltr' id='par_1_102' title="bbox 1718 4091 3226 4246">
     <span class='ocr_line' id='line_1_103' title="bbox 1718 4091 3226 4246; baseline -0.001 -84"><span class='ocrx_word' id='word_1_693' title='bbox 1718 4104 1963 4177; x_wconf 63' lang='lat' dir='ltr'><strong>Diploma</strong></span> <span class='ocrx_word' id='word_1_694' title='bbox 1999 4101 2178 4161; x_wconf 77' lang='lat' dir='ltr'><strong>Caroli</strong></span> <span class='ocrx_word' id='word_1_695' title='bbox 2207 4100 2878 4246; x_wconf 38' lang='grc' dir='ltr'><strong>Παῗειὲὶυρέςιῧιιοηοιεὲ</strong></span> <span class='ocrx_word' id='word_1_696' title='bbox 2915 4091 3226 4169; x_wconf 72' lang='lat' dir='ltr'><strong>monasterio</strong></span> 
     </span>
    </p>
   </div>
   <div class='ocr_carea' id='block_1_103' title="bbox 2039 4254 2933 4330">
    <p class='ocr_par' dir='ltr' id='par_1_103' title="bbox 2039 4254 2933 4330">
     <span class='ocr_line' id='line_1_104' title="bbox 2039 4254 2933 4330; baseline -0.006 -12"><span class='ocrx_word' id='word_1_697' title='bbox 2039 4254 2133 4330; x_wconf 67' lang='lat' dir='ltr'><strong>(lis</strong></span> <span class='ocrx_word' id='word_1_698' title='bbox 2155 4264 2215 4316; x_wconf 90' lang='lat' dir='ltr'><strong>D.</strong></span> <span class='ocrx_word' id='word_1_699' title='bbox 2241 4262 2471 4325; x_wconf 80' lang='lat' dir='ltr'><strong>Calmet.,</strong></span> <span class='ocrx_word' id='word_1_700' title='bbox 2496 4262 2620 4314; x_wconf 81' lang='lat' dir='ltr'><strong>Hist.</strong></span> <span class='ocrx_word' id='word_1_701' title='bbox 2648 4263 2713 4314; x_wconf 91' lang='lat' dir='ltr'><strong>de</strong></span> <span class='ocrx_word' id='word_1_702' title='bbox 2739 4262 2903 4326; x_wconf 84' lang='lat' dir='ltr'><strong>Lorr)</strong></span> <span class='ocrx_word' id='word_1_703' title='bbox 2928 4286 2933 4291; x_wconf 60' lang='grc' dir='ltr'><strong><em>ο</em></strong></span> 
     </span>
    </p>
   </div>
   <div class='ocr_carea' id='block_1_104' title="bbox 1741 4344 3280 4419">
    <p class='ocr_par' dir='ltr' id='par_1_104' title="bbox 1741 4344 3280 4419">
     <span class='ocr_line' id='line_1_105' title="bbox 1741 4344 3280 4419; baseline -0.003 -14"><span class='ocrx_word' id='word_1_704' title='bbox 1741 4349 1971 4406; x_wconf 85' lang='lat' dir='ltr'><strong>Carolus</strong></span> <span class='ocrx_word' id='word_1_705' title='bbox 2000 4348 2172 4419; x_wconf 76' lang='lat' dir='ltr'><strong>gratia</strong></span> <span class='ocrx_word' id='word_1_706' title='bbox 2208 4346 2301 4404; x_wconf 82' lang='lat' dir='ltr'><strong>Dei</strong></span> <span class='ocrx_word' id='word_1_707' title='bbox 2337 4361 2433 4403; x_wconf 81' lang='lat' dir='ltr'><strong>res</strong></span> <span class='ocrx_word' id='word_1_708' title='bbox 2463 4345 2791 4401; x_wconf 84' lang='lat' dir='ltr'><strong>Francorum</strong></span> <span class='ocrx_word' id='word_1_709' title='bbox 2818 4358 2871 4402; x_wconf 91' lang='lat' dir='ltr'><strong>et</strong></span> <span class='ocrx_word' id='word_1_710' title='bbox 2897 4344 3280 4417; x_wconf 75' lang='lat' dir='ltr'><strong>Langobardo-</strong></span> 
     </span>
    </p>
   </div>
   <div class='ocr_carea' id='block_1_105' title="bbox 1600 4432 3279 4512">
    <p class='ocr_par' dir='ltr' id='par_1_105' title="bbox 1600 4432 3279 4512">
     <span class='ocr_line' id='line_1_106' title="bbox 1600 4432 3279 4512; baseline 0.002 -18"><span class='ocrx_word' id='word_1_711' title='bbox 1600 4432 1651 4494; x_wconf 78' lang='lat' dir='ltr'><strong>D</strong></span> <span class='ocrx_word' id='word_1_712' title='bbox 1674 4456 1793 4498; x_wconf 89' lang='lat' dir='ltr'><strong>rum</strong></span> <span class='ocrx_word' id='word_1_713' title='bbox 1813 4482 1830 4507; x_wconf 93' lang='lat'><strong>,</strong></span> <span class='ocrx_word' id='word_1_714' title='bbox 1862 4448 2021 4512; x_wconf 87' lang='lat' dir='ltr'><strong>atque</strong></span> <span class='ocrx_word' id='word_1_715' title='bbox 2054 4438 2312 4510; x_wconf 89' lang='lat' dir='ltr'><strong>patricius</strong></span> <span class='ocrx_word' id='word_1_716' title='bbox 2346 4437 2732 4493; x_wconf 79' lang='lat' dir='ltr'><strong>Romanorum.</strong></span> <span class='ocrx_word' id='word_1_717' title='bbox 2766 4440 2992 4508; x_wconf 84' lang='lat' dir='ltr'><strong>Oportet</strong></span> <span class='ocrx_word' id='word_1_718' title='bbox 3016 4434 3279 4497; x_wconf 82' lang='lat' dir='ltr'><strong>serenitas</strong></span> 
     </span>
    </p>
   </div>
   <div class='ocr_carea' id='block_1_106' title="bbox 1672 4533 3275 4608">
    <p class='ocr_par' dir='ltr' id='par_1_106' title="bbox 1672 4533 3275 4608">
     <span class='ocr_line' id='line_1_107' title="bbox 1672 4533 3275 4608; baseline -0.003 -14"><span class='ocrx_word' id='word_1_719' title='bbox 1672 4549 1876 4605; x_wconf 87' lang='lat' dir='ltr'><strong>nostra,</strong></span> <span class='ocrx_word' id='word_1_720' title='bbox 1900 4548 1956 4593; x_wconf 92' lang='lat' dir='ltr'><strong>ut</strong></span> <span class='ocrx_word' id='word_1_721' title='bbox 1980 4553 2043 4594; x_wconf 90' lang='lat' dir='ltr'><strong>ea</strong></span> <span class='ocrx_word' id='word_1_722' title='bbox 2070 4553 2191 4608; x_wconf 70' lang='lat' dir='ltr'><strong>qua:</strong></span> <span class='ocrx_word' id='word_1_723' title='bbox 2213 4552 2241 4590; x_wconf 90' lang='lat' dir='ltr'><strong>a</strong></span> <span class='ocrx_word' id='word_1_724' title='bbox 2270 4536 2516 4591; x_wconf 85' lang='lat' dir='ltr'><strong>fidelibus</strong></span> <span class='ocrx_word' id='word_1_725' title='bbox 2543 4537 2741 4590; x_wconf 89' lang='lat' dir='ltr'><strong>nostris</strong></span> <span class='ocrx_word' id='word_1_726' title='bbox 2769 4533 3033 4602; x_wconf 85' lang='lat' dir='ltr'><strong>postulata</strong></span> <span class='ocrx_word' id='word_1_727' title='bbox 3058 4533 3275 4599; x_wconf 85' lang='lat' dir='ltr'><strong>fuerint,</strong></span> 
     </span>
    </p>
   </div>
   <div class='ocr_carea' id='block_1_107' title="bbox 1665 4622 3277 4702">
    <p class='ocr_par' dir='ltr' id='par_1_107' title="bbox 1665 4622 3277 4702">
     <span class='ocr_line' id='line_1_108' title="bbox 1665 4622 3277 4702; baseline -0.004 -17"><span class='ocrx_word' id='word_1_728' title='bbox 1665 4629 1812 4702; x_wconf 86' lang='lat' dir='ltr'><strong>juste</strong></span> <span class='ocrx_word' id='word_1_729' title='bbox 1839 4640 1892 4684; x_wconf 91' lang='lat' dir='ltr'><strong>et</strong></span> <span class='ocrx_word' id='word_1_730' title='bbox 1923 4628 2319 4684; x_wconf 89' lang='lat' dir='ltr'><strong>rationabiliter</strong></span> <span class='ocrx_word' id='word_1_731' title='bbox 2348 4642 2447 4698; x_wconf 90' lang='lat' dir='ltr'><strong>pro</strong></span> <span class='ocrx_word' id='word_1_732' title='bbox 2486 4624 2708 4683; x_wconf 89' lang='lat' dir='ltr'><strong>servitio</strong></span> <span class='ocrx_word' id='word_1_733' title='bbox 2745 4634 2801 4681; x_wconf 89' lang='lat' dir='ltr'><strong>et</strong></span> <span class='ocrx_word' id='word_1_734' title='bbox 2830 4622 3118 4693; x_wconf 87' lang='lat' dir='ltr'><strong>fidelitate,</strong></span> <span class='ocrx_word' id='word_1_735' title='bbox 3155 4638 3277 4695; x_wconf 70' lang='lat' dir='ltr'><strong>qua:</strong></span> 
     </span>
    </p>
   </div>
   <div class='ocr_carea' id='block_1_108' title="bbox 1670 4705 3279 4792">
    <p class='ocr_par' dir='ltr' id='par_1_108' title="bbox 1670 4705 3279 4792">
     <span class='ocr_line' id='line_1_109' title="bbox 1670 4705 3279 4792; baseline -0.002 -16"><span class='ocrx_word' id='word_1_736' title='bbox 1670 4722 1811 4777; x_wconf 90' lang='lat' dir='ltr'><strong>circa</strong></span> <span class='ocrx_word' id='word_1_737' title='bbox 1839 4705 2141 4792; x_wconf 80' lang='lat' dir='ltr'><strong>genitorem</strong></span> <span class='ocrx_word' id='word_1_738' title='bbox 2172 4735 2353 4775; x_wconf 92' lang='lat' dir='ltr'><strong>meum</strong></span> <span class='ocrx_word' id='word_1_739' title='bbox 2382 4717 2670 4791; x_wconf 82' lang='lat' dir='ltr'><strong>Pippinum</strong></span> <span class='ocrx_word' id='word_1_740' title='bbox 2710 4734 2892 4789; x_wconf 74' lang='lat' dir='ltr'><strong>regem</strong></span> <span class='ocrx_word' id='word_1_741' title='bbox 2921 4728 2977 4775; x_wconf 90' lang='lat' dir='ltr'><strong>et</strong></span> <span class='ocrx_word' id='word_1_742' title='bbox 3005 4719 3147 4773; x_wconf 86' lang='lat' dir='ltr'><strong>circa</strong></span> <span class='ocrx_word' id='word_1_743' title='bbox 3188 4733 3279 4773; x_wconf 89' lang='lat' dir='ltr'><strong>me</strong></span> 
     </span>
    </p>
   </div>
   <div class='ocr_carea' id='block_1_109' title="bbox 1674 4808 3276 4882">
    <p class='ocr_par' dir='ltr' id='par_1_109' title="bbox 1674 4808 3276 4882">
     <span class='ocr_line' id='line_1_110' title="bbox 1674 4808 3276 4882; baseline -0.002 -14"><span class='ocrx_word' id='word_1_744' title='bbox 1674 4812 1878 4869; x_wconf 83' lang='lat' dir='ltr'><strong>habere</strong></span> <span class='ocrx_word' id='word_1_745' title='bbox 1905 4811 2181 4880; x_wconf 88' lang='lat' dir='ltr'><strong>videntur,</strong></span> <span class='ocrx_word' id='word_1_746' title='bbox 2208 4808 2287 4866; x_wconf 86' lang='lat' dir='ltr'><strong>eis</strong></span> <span class='ocrx_word' id='word_1_747' title='bbox 2319 4810 2597 4882; x_wconf 89' lang='lat' dir='ltr'><strong>impertire</strong></span> <span class='ocrx_word' id='word_1_748' title='bbox 2624 4810 2938 4866; x_wconf 77' lang='lat' dir='ltr'><strong>debeamus.</strong></span> <span class='ocrx_word' id='word_1_749' title='bbox 2983 4810 3174 4866; x_wconf 70' lang='lat' dir='ltr'><strong>Notum</strong></span> <span class='ocrx_word' id='word_1_750' title='bbox 3205 4811 3276 4865; x_wconf 87' lang='lat' dir='ltr'><strong>sit</strong></span> 
     </span>
    </p>
   </div>
   <div class='ocr_carea' id='block_1_110' title="bbox 1670 4901 3274 4974">
    <p class='ocr_par' dir='ltr' id='par_1_110' title="bbox 1670 4901 3274 4974">
     <span class='ocr_line' id='line_1_111' title="bbox 1670 4901 3274 4974; baseline -0.001 -14"><span class='ocrx_word' id='word_1_751' title='bbox 1670 4904 1922 4960; x_wconf 85' lang='lat' dir='ltr'><strong>omnibus</strong></span> <span class='ocrx_word' id='word_1_752' title='bbox 1953 4902 2207 4960; x_wconf 86' lang='lat' dir='ltr'><strong>fidelibus</strong></span> <span class='ocrx_word' id='word_1_753' title='bbox 2234 4902 2471 4970; x_wconf 85' lang='lat' dir='ltr'><strong>nostris,</strong></span> <span class='ocrx_word' id='word_1_754' title='bbox 2511 4908 2616 4958; x_wconf 86' lang='lat' dir='ltr'><strong>tam</strong></span> <span class='ocrx_word' id='word_1_755' title='bbox 2646 4913 2699 4958; x_wconf 88' lang='lat' dir='ltr'><strong>et</strong></span> <span class='ocrx_word' id='word_1_756' title='bbox 2730 4901 3089 4974; x_wconf 66' lang='lat' dir='ltr'><strong>praseutibus</strong></span> <span class='ocrx_word' id='word_1_757' title='bbox 3114 4917 3274 4973; x_wconf 84' lang='lat' dir='ltr'><strong>quam</strong></span> 
     </span>
    </p>
   </div>
   <div class='ocr_carea' id='block_1_111' title="bbox 1669 4994 3265 5069">
    <p class='ocr_par' dir='ltr' id='par_1_111' title="bbox 1669 4994 3265 5069">
     <span class='ocr_line' id='line_1_112' title="bbox 1669 4994 3265 5069; baseline -0.003 -15"><span class='ocrx_word' id='word_1_758' title='bbox 1669 5007 1726 5054; x_wconf 92' lang='lat' dir='ltr'><strong>et</strong></span> <span class='ocrx_word' id='word_1_759' title='bbox 1753 4997 1975 5062; x_wconf 86' lang='lat' dir='ltr'><strong>futuris.</strong></span> <span class='ocrx_word' id='word_1_760' title='bbox 2013 4996 2245 5069; x_wconf 89' lang='lat' dir='ltr'><strong>qualiter</strong></span> <span class='ocrx_word' id='word_1_761' title='bbox 2279 4995 2510 5053; x_wconf 86' lang='lat' dir='ltr'><strong>veniens</strong></span> <span class='ocrx_word' id='word_1_762' title='bbox 2539 4994 2803 5053; x_wconf 79' lang='lat' dir='ltr'><strong>Folradus</strong></span> <span class='ocrx_word' id='word_1_763' title='bbox 2830 4995 3140 5063; x_wconf 89' lang='lat' dir='ltr'><strong>capellanus</strong></span> <span class='ocrx_word' id='word_1_764' title='bbox 3171 5010 3265 5065; x_wconf 81' lang='lat' dir='ltr'><strong>pa-</strong></span> 
     </span>
    </p>
   </div>
   <div class='ocr_carea' id='block_1_112' title="bbox 1672 5148 3279 5220">
    <p class='ocr_par' dir='ltr' id='par_1_112' title="bbox 1672 5148 3279 5220">
     <span class='ocr_line' id='line_1_113' title="bbox 1672 5148 3279 5220; baseline 0 -13"><span class='ocrx_word' id='word_1_765' title='bbox 1672 5168 1797 5207; x_wconf 89' lang='lat' dir='ltr'><strong>num</strong></span> <span class='ocrx_word' id='word_1_766' title='bbox 1821 5150 1948 5207; x_wconf 85' lang='lat' dir='ltr'><strong>78f.</strong></span> <span class='ocrx_word' id='word_1_767' title='bbox 1977 5149 2111 5218; x_wconf 70' lang='lat' dir='ltr'><strong>Cum</strong></span> <span class='ocrx_word' id='word_1_768' title='bbox 2171 5164 2304 5206; x_wconf 91' lang='lat' dir='ltr'><strong>vero</strong></span> <span class='ocrx_word' id='word_1_769' title='bbox 2356 5148 2662 5217; x_wconf 82' lang='lat' dir='ltr'><strong>ﬂitberius,</strong></span> <span class='ocrx_word' id='word_1_770' title='bbox 2715 5164 2878 5220; x_wconf 88' lang='lat' dir='ltr'><strong>quem</strong></span> <span class='ocrx_word' id='word_1_771' title='bbox 2911 5149 3279 5219; x_wconf 67' lang='lat' dir='ltr'><strong>Scitinpflinus</strong></span> 
     </span>
    </p>
   </div>
   <div class='ocr_carea' id='block_1_113' title="bbox 1674 5220 3272 5290">
    <p class='ocr_par' dir='ltr' id='par_1_113' title="bbox 1674 5220 3272 5290">
     <span class='ocr_line' id='line_1_114' title="bbox 1674 5220 3272 5290; baseline -0.001 -12"><span class='ocrx_word' id='word_1_772' title='bbox 1674 5226 1815 5279; x_wconf 88' lang='lat' dir='ltr'><strong>male</strong></span> <span class='ocrx_word' id='word_1_773' title='bbox 1845 5223 2029 5279; x_wconf 88' lang='lat' dir='ltr'><strong>scribit</strong></span> <span class='ocrx_word' id='word_1_774' title='bbox 2063 5223 2358 5286; x_wconf 74' lang='lat' dir='ltr'><strong>ltitbet-ius,</strong></span> <span class='ocrx_word' id='word_1_775' title='bbox 2395 5236 2503 5276; x_wconf 86' lang='lat' dir='ltr'><strong>non</strong></span> <span class='ocrx_word' id='word_1_776' title='bbox 2531 5220 2761 5286; x_wconf 80' lang='lat' dir='ltr'><strong>amplius</strong></span> <span class='ocrx_word' id='word_1_777' title='bbox 2781 5225 2989 5290; x_wconf 77' lang='lat' dir='ltr'><strong>legatur</strong></span> <span class='ocrx_word' id='word_1_778' title='bbox 3003 5222 3272 5277; x_wconf 71' lang='lat' dir='ltr'><strong>camelis-</strong></span> 
     </span>
    </p>
   </div>
   <div class='ocr_carea' id='block_1_114' title="bbox 1673 5292 3269 5376">
    <p class='ocr_par' dir='ltr' id='par_1_114' title="bbox 1673 5292 3269 5376">
     <span class='ocr_line' id='line_1_115' title="bbox 1673 5292 3269 5376; baseline 0.001 -26"><span class='ocrx_word' id='word_1_779' title='bbox 1673 5298 1783 5350; x_wconf 85' lang='lat' dir='ltr'><strong>rius</strong></span> <span class='ocrx_word' id='word_1_780' title='bbox 1810 5294 1879 5376; x_wconf 80' lang='lat' dir='ltr'><strong>in_</strong></span> <span class='ocrx_word' id='word_1_781' title='bbox 1896 5294 2099 5349; x_wconf 81' lang='lat' dir='ltr'><strong>chartis</strong></span> <span class='ocrx_word' id='word_1_782' title='bbox 2123 5302 2245 5363; x_wconf 88' lang='lat' dir='ltr'><strong>post</strong></span> <span class='ocrx_word' id='word_1_783' title='bbox 2270 5308 2471 5348; x_wconf 87' lang='lat' dir='ltr'><strong>annum</strong></span> <span class='ocrx_word' id='word_1_784' title='bbox 2514 5292 2645 5360; x_wconf 82' lang='grc'>776,</span> <span class='ocrx_word' id='word_1_785' title='bbox 2664 5298 2761 5350; x_wconf 85' lang='lat' dir='ltr'><strong>sed</strong></span> <span class='ocrx_word' id='word_1_786' title='bbox 2788 5292 2960 5361; x_wconf 73' lang='lat' dir='ltr'><strong>Rede,</strong></span> <span class='ocrx_word' id='word_1_787' title='bbox 3016 5294 3269 5351; x_wconf 75' lang='lat' dir='ltr'><strong>eumdem</strong></span> 
     </span>
    </p>
   </div>
   <div class='ocr_carea' id='block_1_115' title="bbox 1674 5367 3272 5505">
    <p class='ocr_par' dir='ltr' id='par_1_115' title="bbox 1674 5367 3272 5505">
     <span class='ocr_line' id='line_1_116' title="bbox 1674 5367 2029 5435; baseline -0.003 -15"><span class='ocrx_word' id='word_1_788' title='bbox 1674 5367 2029 5435; x_wconf 66' lang='lat' dir='ltr'><strong>prattulimus.</strong></span> 
     </span>
     <span class='ocr_line' id='line_1_117' title="bbox 1743 5432 3272 5505; baseline 0 -14"><span class='ocrx_word' id='word_1_789' title='bbox 1743 5436 1770 5476; x_wconf 70' lang='grc' dir='ltr'><em>ά</em></span> <span class='ocrx_word' id='word_1_790' title='bbox 1801 5435 2159 5505; x_wconf 86' lang='lat' dir='ltr'><strong>Carisiagum,</strong></span> <span class='ocrx_word' id='word_1_791' title='bbox 2188 5434 2341 5490; x_wconf 89' lang='lat' dir='ltr'><strong>vicus</strong></span> <span class='ocrx_word' id='word_1_792' title='bbox 2391 5435 2458 5493; x_wconf 91' lang='lat' dir='ltr'><strong>ad</strong></span> <span class='ocrx_word' id='word_1_793' title='bbox 2502 5434 2699 5492; x_wconf 79' lang='lat' dir='ltr'><strong>lssram</strong></span> <span class='ocrx_word' id='word_1_794' title='bbox 2748 5432 3009 5492; x_wconf 77' lang='lat' dir='ltr'><strong>hactenus</strong></span> <span class='ocrx_word' id='word_1_795' title='bbox 3039 5435 3272 5491; x_wconf 80' lang='lat' dir='ltr'><strong>mbu-</strong></span> 
     </span>
    </p>
   </div>
   <div class='ocr_carea' id='block_1_116' title="bbox 1674 5506 3274 5592">
    <p class='ocr_par' dir='ltr' id='par_1_116' title="bbox 1674 5506 3274 5592">
     <span class='ocr_line' id='line_1_118' title="bbox 1674 5506 3274 5592; baseline -0.001 -29"><span class='ocrx_word' id='word_1_796' title='bbox 1674 5508 1783 5591; x_wconf 74' lang='lat' dir='ltr'><strong>lum</strong></span> <span class='ocrx_word' id='word_1_797' title='bbox 1809 5508 2043 5592; x_wconf 72' lang='lat' dir='ltr'><strong>Cbiersi,</strong></span> <span class='ocrx_word' id='word_1_798' title='bbox 2075 5507 2191 5592; x_wconf 66' lang='lat' dir='ltr'><strong>sive</strong></span> <span class='ocrx_word' id='word_1_799' title='bbox 2238 5506 2411 5562; x_wconf 70' lang='grc' dir='ltr'>κιαι·δί</span> <span class='ocrx_word' id='word_1_800' title='bbox 2442 5506 2841 5592; x_wconf 34' lang='grc' dir='ltr'><strong>Γεμροιιικηῡᾳ</strong></span> 
     </span>
    </p>
   </div>
   <div class='ocr_carea' id='block_1_117' title="bbox 1673 5567 3270 5723">
    <p class='ocr_par' dir='ltr' id='par_1_117' title="bbox 1673 5567 3270 5723">
     <span class='ocr_line' id='line_1_119' title="bbox 1673 5567 3270 5662; baseline -0.003 -26"><span class='ocrx_word' id='word_1_801' title='bbox 1673 5578 1791 5660; x_wconf 80' lang='lat' dir='ltr'><strong>ejus</strong></span> <span class='ocrx_word' id='word_1_802' title='bbox 1817 5594 1947 5635; x_wconf 90' lang='lat' dir='ltr'><strong>vero</strong></span> <span class='ocrx_word' id='word_1_803' title='bbox 1966 5567 2075 5634; x_wconf 78' lang='lat' dir='ltr'><strong>situ</strong></span> <span class='ocrx_word' id='word_1_804' title='bbox 2102 5567 2223 5649; x_wconf 81' lang='lat' dir='ltr'><strong>iege</strong></span> <span class='ocrx_word' id='word_1_805' title='bbox 2248 5594 2369 5647; x_wconf 78' lang='lat' dir='ltr'><strong>qua:</strong></span> <span class='ocrx_word' id='word_1_806' title='bbox 2399 5580 2583 5662; x_wconf 75' lang='lat' dir='ltr'><strong>multis</strong></span> <span class='ocrx_word' id='word_1_807' title='bbox 2612 5578 2774 5649; x_wconf 77' lang='lat' dir='ltr'><strong>tradit</strong></span> <span class='ocrx_word' id='word_1_808' title='bbox 2808 5580 2868 5635; x_wconf 81' lang='lat' dir='ltr'><strong>in</strong></span> <span class='ocrx_word' id='word_1_809' title='bbox 2891 5576 3270 5660; x_wconf 69' lang='lat' dir='ltr'><strong>disquisitione</strong></span> 
     </span>
     <span class='ocr_line' id='line_1_120' title="bbox 1675 5647 3269 5723; baseline -0.001 -19"><span class='ocrx_word' id='word_1_810' title='bbox 1675 5648 1901 5723; x_wconf 74' lang='lat' dir='ltr'><strong>Michael</strong></span> <span class='ocrx_word' id='word_1_811' title='bbox 1922 5647 2416 5723; x_wconf 24' lang='lat' dir='ltr'><strong>Germanus,‘apud</strong></span> <span class='ocrx_word' id='word_1_812' title='bbox 2435 5647 2801 5717; x_wconf 72' lang='lat' dir='ltr'><strong>Mabtllouem,</strong></span> <span class='ocrx_word' id='word_1_813' title='bbox 2817 5648 2887 5705; x_wconf 85' lang='lat' dir='ltr'><strong>do</strong></span> <span class='ocrx_word' id='word_1_814' title='bbox 2907 5648 2985 5707; x_wconf 74' lang='lat' dir='ltr'><strong>lie</strong></span> <span class='ocrx_word' id='word_1_815' title='bbox 3001 5648 3269 5723; x_wconf 61' lang='lat' dir='ltr'><strong>diploma.</strong></span> 
     </span>
    </p>
   </div>
   <div class='ocr_carea' id='block_1_118' title="bbox 1677 5717 2441 5793">
    <p class='ocr_par' dir='ltr' id='par_1_118' title="bbox 1677 5717 2441 5793">
     <span class='ocr_line' id='line_1_121' title="bbox 1677 5717 2441 5793; baseline -0.009 -13"><span class='ocrx_word' id='word_1_816' title='bbox 1677 5723 1801 5792; x_wconf 78' lang='lat' dir='ltr'><strong>lica,</strong></span> <span class='ocrx_word' id='word_1_817' title='bbox 1825 5719 1918 5778; x_wconf 91' lang='lat' dir='ltr'><strong>lib.</strong></span> <span class='ocrx_word' id='word_1_818' title='bbox 1942 5734 1997 5788; x_wconf 72' lang='grc' dir='ltr'><strong>ν,</strong></span> <span class='ocrx_word' id='word_1_819' title='bbox 2028 5736 2147 5793; x_wconf 73' lang='lat' dir='ltr'><strong>pug.</strong></span> <span class='ocrx_word' id='word_1_820' title='bbox 2172 5717 2441 5779; x_wconf 62' lang='grc' dir='ltr'><strong>«εδδ-πε.</strong></span> 
     </span>
    </p>
   </div>
  </div>
