3868 6212
529 312 636 411 9&3

1443 346 1501 402 Β.
1541 344 1788 402 CAROLI
1832 342 2048 400 MAGNI‘
2083 341 2232 398 UPP.
2278 342 2452 400 PARS
2495 345 2536 401 l.
2573 342 2823 402 SECTIO
2860 341 2922 398 11.
3709 348 3775 400 till

528 484 650 523 cum
678 465 824 535 omni
849 423 1170 534 adiacentia.
1192 477 1286 517 seu
1318 461 1640 530 pertinentia
1672 500 1688 524 ,
1747 460 2120 525 undecumque
2149 461 2197 519 Α
2225 456 2588 521 decernimus,
2617 461 2759 527 quod
2791 453 3167 528 perpetualiter
3215 471 3534 512 mansurum
3576 472 3689 513 esse
3720 465 3772 529 io

455 591 498 621 ,-
530 559 647 626 ipse
673 567 730 611 et
754 553 1000 610 monachi
1028 553 1106 608 sui
1134 554 1200 606 ad
1224 565 1458 622 pra~sens
1476 549 1621 621 juste
1648 562 1700 604 et
1731 547 2118 604 rationabiliter

529 646 706 700 vestiti
738 658 858 700 esse
885 653 1202 708 noscuntur,
1232 643 1481 710 deinceps
1510 640 1834 708 indulgentia
1857 648 2038 692 nostra
2063 638 2114 691 in

529 740 869 806 eleemosyna
894 745 1072 789 nostra
1103 732 1401 788 concedere
1439 741 1493 787 et
1532 729 1852 786 conﬁrmare
1883 729 2116 782 debere-

495 840 666 879 «mus.
697 824 860 892 Cujus
885 825 1198 893 petitionem
1246 822 1508 891 denegare
1556 821 1857 882 noluimus;
1896 817 1988 872 sed
2020 833 2114 883 pro

528 916 790 970 mercedis
855 927 1051 969 nostra:
1107 925 1391 984 augmento
1441 913 1512 966 ita
1557 911 1928 972 conceSsisse,
1981 920 2034 963 ct
2061 909 2113 962 in

526 1008 772 1062 omnibus
790 1011 1139 1062 conlirrnasse
1195 1005 1522 1074 COgttoscite.
1584 1003 1957 1070 Praecipientes
1986 1016 2114 1066 ergo

525 1100 788 1166 iubemus,
817 1111 871 1152 ut
893 1115 1066 1169 neque
1090 1114 1202 1160 vos,
1237 1111 1408 1165 neque
1435 1096 1675 1166 iuniores
1705 1110 1800 1149 seu
1830 1109 2112 1148 successo-

525 1199 717 1259 resque
766 1190 942 1243 vestri
987 1200 1285 1243 memorato
1329 1188 1442 1241 viro
1489 1186 1780 1242 venerabili
1833 1185 2114 1239 Nimlridio

525 1283 702 1336 abbati
733 1293 823 1334 aut
864 1281 1268 1335 successoribus
1316 1281 1430 1334 suis
1471 1280 1539 1334 de
1587 1277 1908 1347 supradictis
1940 1278 2069 1332 locis
2095 1317 2111 1343 ,

525 1372 666 1424 unde
691 1369 754 1424 a'tl
788 1383 1024 1438 prmseus
1057 1370 1170 1438 ipse
1199 1379 1253 1423 et
1304 1367 1551 1424 tnonaclti
1585 1369 1665 1422 sui
1697 1383 1818 1422 cum
1847 1371 2111 1438 tequilativ

522 1459 718 1514 ordine
748 1474 809 1514 ac
834 1459 981 1528 juste
1022 1473 1084 1512 ac
1116 1459 1502 1514 rationabiliter
1531 1460 1702 1514 vestiti
1726 1473 1846 1514 esse
1877 1474 2112 1514 noscun-

525 1561 634 1626 tur,
679 1553 1024 1619 inquietatem
1061 1547 1267 1621 [For-te,
1321 1548 1640 1622 inquietare]
1671 1560 1760 1605 aut
1787 1551 2109 1606 calumniam

519 1655 800 1712 generare,
828 1655 929 1696 nec
957 1640 1156 1711 aliquid
1176 1640 1371 1696 exinde
1395 1640 1530 1714 [per
1559 1640 1868 1711 iniustitiam
1902 1646 1926 1675 ⁸
1947 1641 1963 1714 ]
1986 1642 2110 1695 abs-

521 1731 740 1787 trahere
784 1741 875 1787 aut
903 1731 1148 1787 minuere
1173 1746 1392 1802 quoquo
1445 1740 1690 1801 tempore
1746 1735 2105 1799 prasutnatis.

2223 546 2434 611 bemus,
2461 558 2518 602 ut
2549 564 2641 617 per
2669 549 2806 602 ullos
2837 556 3037 617 portos,
3072 536 3248 617 neque
3291 565 3387 616 per
3423 550 3668 604 civitates
3703 564 3774 609 ua

2222 637 2273 688 in
2305 637 2548 690 llodomo
2574 653 2734 707 quam
2780 649 2835 693 et
2867 638 2916 690 in
2953 636 3154 699 Wicus,
3188 653 3363 706 neque
3404 641 3458 692 in
3513 641 3774 711 Ambianis,

2221 742 2395 793 neque
2427 729 2476 781 in
2501 727 2771 796 Trejocto,
2803 743 2976 798 neque
3025 728 3075 780 itt
3125 726 3404 783 Dorstatla
3429 772 3444 792 ,
3502 747 3672 798 neque
3713 751 3776 800 per

2222 832 2410 870 omnes
2439 829 2646 884 portus,
2671 832 2734 873 ac
2755 830 2992 872 sanctam
3019 818 3364 880 Masantiam.
3400 835 3579 889 neque
3600 824 3776 888 alicubi,

2221 925 2393 976 neque
2436 913 2486 962 in
2520 911 2821 972 l’arisiaco.
2881 926 3052 980 neque
3083 911 3134 965 in
3169 915 3450 967 Ambianis
3475 953 3490 976 .
3548 929 3708 984 neque
3741 922 3776 974 in

2221 1002 2552 1072 Burgundio,
2595 1004 2646 1056 itt
2694 1018 2827 1072 pago
2864 1003 3161 1072 'l‘rigasioo,
3195 1020 3370 1074 neque
3399 1005 3451 1059 in
3506 1006 3775 1076 Sentntia),

2220 1107 2312 1160 per
2359 1109 2547 1148 omnes
2588 1094 2832 1149 civitates
2877 1095 3141 1158 similiter,
3174 1095 3500 1164 ubicumque
3550 1096 3602 1150 in
3629 1114 3774 1169 regna,

2219 1185 2448 1252 propitio
2478 1185 2726 1247 Christo,
2773 1194 2990 1251 nostra,
3046 1196 3140 1240 aut
3193 1186 3341 1255 pagis
3380 1186 3465 1240 vel
3526 1190 3776 1246 territurus

2217 1272 2519 1328 'I'Iteloneus
2548 1274 2810 1343 exigatur,
2839 1290 2938 1330 nec
2976 1275 3042 1331 de
3084 1277 3298 1343 navale,
3322 1271 3422 1332 nee
3450 1279 3520 1332 de
3571 1283 3771 1346 canale,

2216 1377 2391 1432 neque
2415 1364 2482 1418 de
2511 1378 2744 1427 sautnas,
2781 1380 2951 1434 neque
2971 1365 3038 1420 de
3083 1375 3230 1420 trava
3258 1369 3573 1430 evectione,
3599 1385 3687 1424 nec
3710 1389 3772 1427 ro-

2217 1454 2399 1520 tatico,
2433 1469 2532 1509 nec
2583 1456 2875 1524 poutatico,
2913 1470 3009 1510 nec
3044 1458 3374 1524 pulveratico
3398 1499 3414 1522 ,
3464 1474 3566 1513 nec
3615 1462 3774 1517 saluta-

2218 1544 2347 1610 tico,
2383 1561 2480 1602 nec
2510 1545 2843 1614 cespitatico,
2879 1561 2978 1602 nec
3015 1547 3120 1602 ulla
3151 1547 3474 1606 redibitione
3497 1587 3516 1615 ,
3573 1552 3698 1621 quod
3724 1555 3772 1608 ﬁ.

2215 1651 2340 1690 scus
2370 1647 2551 1692 u0ster
2573 1637 2772 1692 exinde
2802 1648 3010 1704 poterat
3039 1652 3281 1708 sperate,
3313 1654 3414 1696 nec
3448 1655 3562 1703 vos,
3589 1657 3678 1698 nee
3707 1643 3772 1715 λι.

2218 1729 2399 1783 niores
2445 1742 2900 1800 successoresque
2929 1730 3090 1786 vestri
3121 1730 3329 1787 eisdem
3359 1749 3466 1788 non
3526 1737 3770 1805 requirant

520 1822 627 1878 Sed
645 1837 739 1892 per
760 1824 899 1878 hanc
910 1833 1150 1877 nostram
1172 1823 1552 1878 autboritatem
1572 1832 1628 1880 et
1645 1823 2108 1880 conﬁrmationem
2144 1813 2186 1873 Β
2216 1836 2317 1877 nec
2337 1823 2626 1889 coactetis;
2655 1822 2749 1879 sed
2771 1825 2948 1878 omnia
2973 1823 3025 1878 in
3053 1825 3305 1883 omnibus
3359 1837 3581 1898 propter
3608 1844 3769 1886 nomen

520 1913 756 1970 habeant
773 1912 828 1969 in
865 1913 1190 1969 eleemosiaa
1219 1923 1400 1969 nostra
1426 1915 1682 1984 omnique
1707 1925 1949 1985 tempore
1969 1930 2111 1971 con-

517 2019 776 2071 cessum;
807 2005 879 2060 ita
907 2014 966 2060 ut
994 2004 1188 2061 melius
1209 2007 1291 2062 eis
1312 2006 1547 2064 delectet
1575 2023 1673 2076 pro
1710 2008 1863 2064 nobis
1883 2019 1938 2065 et
1988 2009 2110 2065 [iliis

518 2107 580 2152 et
605 2095 816 2153 ﬁliabus
841 2096 1086 2160 nostris,
1145 2110 1242 2153 seu
1285 2103 1475 2153 cuncta
1526 2096 1725 2153 familia
1768 2097 1963 2154 domus
2016 2116 2113 2155 no-

517 2199 668 2245 stra.
703 2228 717 2243 .
753 2229 768 2245 .
802 2227 820 2244 .
850 2227 877 2242 .7
902 2187 1108 2244 Domini
1158 2189 1584 2256 misericordiam
1611 2189 1884 2246 adtentius
1909 2192 2109 2261 depre-

437 2336 444 2341 _
524 2295 671 2336 care.
716 2279 783 2337 Et
811 2278 915 2336 huc
943 2279 1058 2336 hac
1081 2283 1372 2338 auctoritas
1397 2280 1599 2339 ﬁrmior
1623 2282 1901 2351 habeatur,
1918 2295 1971 2340 et
1991 2285 2111 2358 [per

520 2371 782 2443 ter-pora]
809 2372 1000 2429 melius
1027 2383 1407 2442 conservetur,
1458 2390 1649 2440 manus
1675 2386 1877 2432 nostra:
1926 2379 2110 2446 signa-

517 2467 656 2523 alis
673 2467 860 2523 subter
880 2481 999 2522 eam
1032 2467 1287 2523 roburare
1331 2467 1688 2536 decrevimus,
1711 2479 1768 2526 et
1795 2471 1863 2527 de
1911 2471 2111 2527 annulo

522 2571 706 2615 uestro
733 2558 970 2630 sigillare
989 2560 1248 2630 jussitnus
1281 2559 1328 2613 δ.

1265 2670 1376 2727 XL.

524 2781 845 2854 Pt'a'cepttmt
874 2784 1046 2839 Caroli
1091 2784 1270 2855 Magni
1301 2804 1394 2851 pro
1424 2789 1733 2841 monasterio
1767 2787 1830 2844 S.
1863 2786 2108 2843 Germani

1014 2872 1046 2908 α
1079 2855 1251 2909 Pralis
1283 2861 1428 2927 (amt.
1453 2858 1604 2926 779).

997 2964 1092 3025 (Ex
1123 2965 1181 3013 D.
1207 2965 1453 3028 Bouquel,
1483 2968 1624 3030 ibil.)

569 3065 814 3123 'Carolus
845 3071 1008 3138 gratia
1043 3069 1133 3124 Dei
1168 3084 1256 3123 rex
1284 3069 1607 3126 Francorum
1640 3085 1689 3126 et
1725 3073 2103 3143 Langobardo-

518 3178 658 3225 rum,
689 3170 848 3231 atque
869 3163 1120 3227 patricius
1144 3161 1526 3229 Romanorum,
1549 3167 1795 3220 omnibus
1812 3166 2097 3236 episcopis,
2134 3185 2180 3249 ρ

518 3251 825 3312 abbatibus.
849 3254 1151 3316 comitibus,
1181 3270 1273 3308 seu
1298 3256 1599 3322 junioribus
1631 3261 1844 3311 nostris.
1868 3257 1925 3314 Si
1947 3275 2102 3327 ωροτε
2179 3299 2182 3302 ~

521 3354 648 3396 tuna
664 3343 921 3409 beneﬁcia
947 3345 1013 3396 ad
1036 3344 1154 3399 loca
1182 3356 1488 3400 sanctarum
1511 3349 1882 3417 ecclesiarum,
1902 3352 1984 3405 vel
2013 3366 2104 3405 sa-

515 3434 822 3492 cerdotibus
844 3445 1099 3505 praestare
1140 3452 1244 3491 non
1274 3438 1572 3496 desinimus
1594 3484 1609 3507 ,
1639 3442 1739 3497 hoc
1791 3459 1887 3497 nos
1923 3443 2101 3512 procul

516 3523 677 3580 dubio
707 3527 770 3579 ad
792 3538 1043 3580 :eternam
1092 3513 1474 3586 beatitudinem
1534 3535 1836 3589 retribuere
1881 3535 2102 3591 conﬁdi-

519 3629 656 3667 mus.
689 3613 850 3682 [gitur
875 3627 1162 3684 cognoscat
1217 3620 1528 3689 magnitudo
1576 3637 1670 3675 seu
1703 3625 1898 3678 utilitas
1929 3635 2100 3678 vestra

514 3702 740 3770 qualiter
769 3704 1092 3759 venerabilis
1123 3707 1203 3760 vir
1253 3707 1550 3764 llrobertus
1581 3711 1748 3767 abbas
1777 3715 1844 3768 de
1876 3714 2094 3767 basitica

516 3798 684 3850 sancti
720 3795 980 3852 Vincentii
1011 3799 1093 3853 vel
1129 3798 1314 3854 domui
1345 3801 1638 3867 Germani,
1696 3806 1781 3859 ubi
1836 3805 1950 3875 ipse
1981 3821 2098 3872 pta--

517 3889 687 3940 tiosus
713 3903 940 3958 corpore
997 3888 1318 3959 requiescit,
1374 3894 1670 3949 clementia:
1739 3897 1884 3963 regni
1935 3897 2098 3950 nostri

515 3978 802 4046 suggessit,
834 3990 884 4032 et
917 3981 1331 4048 pratcepliunem
1361 3983 1541 4037 domtti
1571 3997 1625 4040 et
1643 3987 1900 4055 genitoris
1931 3988 2097 4040 nostri

518 4073 672 4123 bona:
695 4070 966 4126 memoria:
996 4071 1204 4140 Pippini
1236 4055 1505 4146 quondam
1530 4077 1669 4145 regis
1690 4077 1842 4130 nobis
1864 4078 2098 4131 Ostendit

517 4163 879 4232 relegendam,
909 4163 1000 4216 ttbi
1031 4166 1362 4231 repperimus
1395 4165 1650 4220 insertum
1681 4169 1911 4235 qualiter
1943 4184 2096 4235 prop-

517 4263 598 4307 ter
629 4269 820 4306 nomen
858 4254 1062 4305 Domini
1095 4262 1150 4307 ct
1171 4254 1286 4321 ejus
1317 4255 1506 4307 merita
1539 4255 1982 4325 cotnpcllentibus
2005 4258 2098 4311 be-

516 4344 766 4399 neliciunt
811 4348 1116 4413 pra-suisse
1145 4347 1530 4416 cognoscitur,
1577 4359 1632 4402 ut
1677 4350 1832 4404 annis
1874 4350 2098 4419 singulis

517 4434 836 4503 ubicumque
859 4437 911 4488 itt
946 4451 1107 4503 regno
1135 4447 1317 4491 nostro
1343 4439 1682 4506 negotiantes
1731 4436 1898 4507 ipsius
1928 4439 2094 4494 sancti

2215 1910 2423 1967 Ihnniui
2451 1915 2566 1982 ipse
2594 1913 2781 1982 abbas,
2813 1917 2895 1970 vel
2953 1931 3297 1973 successores
3325 1920 3433 1984 sui,
3457 1931 3553 1974 aut
3601 1935 3768 1976 meteo-

2216 2015 2330 2059 rata
2361 2004 2590 2060 ecclesia
2619 2006 2793 2061 sancti
2818 2005 3081 2064 Vincentii
3111 2008 3194 2063 Vel
3216 2007 3401 2064 domui
3430 2008 3678 2066 Germani
3701 2014 3770 2067 lu-

2215 2095 2374 2150 beant
2403 2095 2690 2162 indultum,
2723 2107 2780 2152 ut
2806 2098 2889 2153 vel
2909 2097 2975 2153 ad
2995 2098 3280 2156 luminaria
3310 2102 3484 2172 ipsius
3508 2107 3670 2160 sancti
3689 2107 3765 2162 loci

2216 2188 2460 2254 proliciat
2487 2188 2538 2244 in
2563 2189 2884 2258 augmentis.
2935 2190 3289 2262 Adjungimus
3313 2195 3477 2248 etiam
3499 2196 3768 2251 tbeloneoa

2215 2280 2372 2346 illum
2414 2279 2574 2348 qu'eru
2608 2276 2877 2336 Gerardus
2927 2282 3098 2338 contis
3142 2283 3212 2339 de
3263 2282 3412 2340 Villa
3447 2285 3612 2342 Nova
3647 2300 3769 2344 etme

2212 2365 2385 2424 sancti
2415 2369 2671 2426 Germani
2705 2373 2851 2428 visus
2882 2371 2979 2429 fuit
3003 2376 3290 2444 recepisse,
3317 2385 3376 2430 ut
3402 2375 3652 2446 deinceps
3669 2393 3766 2447 pars

2211 2462 2379 2516 sancti
2410 2460 2662 2518 Germani
2697 2464 2812 2532 ipso
2865 2466 3111 2524 theloneo
3135 2482 3259 2523 cum
3303 2469 3450 2525 omni
3506 2471 3766 2540 integritate
3818 2469 3819 2540 γ

2213 2557 2267 2612 in
2315 2567 2497 2612 nostra
2553 2562 2844 2614 elemosina
2902 2560 2967 2615 ad
3015 2554 3298 2618 luminaria
3347 2563 3520 2633 ipsius
3565 2565 3766 2620 ecclesia
3818 2554 3819 2633 ἕ

2213 2653 2458 2720 recipere
2488 2652 2721 2706 debeant
2753 2654 2953 2722 absque
2980 2653 3206 2722 alicujus
3235 2657 3639 2720 contrarietate,
3659 2670 3761 2725 qua-

2211 2755 2444 2812 eutnque
2474 2745 2792 2803 auctoritate
2835 2745 3106 2813 perpetuis
3158 2748 3490 2816 temporibus
3541 2751 3763 2815 valitura,

2215 2849 2380 2890 manu
2410 2845 2588 2888 nosna
2618 2837 2828 2904 pr0pria
2867 2836 3204 2892 decrevimus
3225 2839 3506 2894 roborare.

2285 2927 2504 2998 Signum
2535 2929 2711 2983 Caroli
2741 2928 3114 2999 gloriosissimi
3139 2932 3300 3000 regis.

2279 3025 2504 3091 Optatos
2528 3025 2593 3077 ad
2624 3023 2794 3079 vicem
2829 3023 3062 3079 Radouis
3092 3027 3404 3095 recognovi.

2282 3116 2408 3171 Data
2437 3133 2486 3171 vr
2517 3115 2632 3172 Cal.
2667 3117 2888 3188 Aprilis,
2919 3132 3062 3174 anno
3091 3133 3144 3172 ιι
3176 3128 3232 3193 et
3261 3135 3292 3172 ν
3324 3122 3474 3190 regni
3508 3121 3683 3178 nostri.

2281 3211 2470 3264 Actum
2501 3209 2809 3265 Haristallio
2841 3210 3035 3280 palatio
3060 3211 3295 3280 publico.
3683 3197 3687 3206 ’

2931 3321 3062 3377 XLI.

2210 3404 2452 3511 Diploma
2496 3439 2667 3494 Caroli
2718 3435 2896 3508 Magni
2937 3453 3034 3511 pro
3071 3436 3398 3511 Cabilvtttettsi
3454 3439 3531 3495 S.
3564 3437 3757 3494 Horatii

2665 3510 2976 3564 monasterio
3007 3511 3167 3577 (anno
3197 3508 3353 3580 779).

2701 3621 2795 3682 (Ex
2821 3621 2880 3672 ο.
2905 3621 3150 3683 Βουψιεὶ,
3173 3622 3318 3685 ibid.)

2275 3725 2499 3781 Carolus
2555 3725 2647 3779 Dei
2697 3728 2865 3797 gratia
2915 3741 3006 3780 rex
3042 3725 3370 3780 Francorum
3401 3736 3457 3780 et
3487 3724 3754 3796 Langobar-

2208 3820 2418 3882 dorum,
2455 3834 2518 3872 ac
2550 3819 2803 3885 patricius
2833 3818 3212 3885 Romanorum,
3246 3820 3501 3874 omnibus
3553 3820 3753 3891 gentibus

2207 3909 2424 3979 [Forle,
2475 3909 2774 3982 agentibus]
2828 3895 3174 3964 nostris'ta‘tu
3229 3913 3584 3980 praesentibus
3630 3928 3749 3983 quam

2207 4003 2419 4056 futuris.
2468 4003 2700 4057 Jnvaote
2744 4001 2990 4068 Domino,
3036 4002 3127 4071 qui
3177 4017 3278 4057 nos
3315 4003 3368 4056 in
3407 4005 3598 4057 solium
3640 4004 3751 4073 regni

2201 4094 2498 4157 constituit,
2532 4093 2822 4161 principale
2847 4092 3062 4162 quidem
3111 4092 3414 4148 clementia:
3435 4104 3644 4148 nostra
3675 4106 3750 4157 est,
3818 4092 3819 4130 ἒ

2201 4190 2519 4237 ειειιιιυιυιη
2575 4183 2983 4238 accommodare
3037 4198 3218 4238 aurem
3269 4183 3553 4254 benignam
3597 4185 3750 4237 utiliu-
3818 4235 3819 4254 1

2205 4274 2367 4332 libus,
2435 4275 2703 4340 ptzt'cipne
2756 4288 2875 4342 quae
2916 4287 3010 4338 pro
3063 4272 3383 4340 compendio
3429 4274 3748 4327 animantur

2204 4344 2700 4431 prodecessoribus
2744 4363 2941 4416 nostris
2973 4363 3186 4430 regibus
3211 4365 3279 4417 ad
3309 4363 3427 4419 loca
3450 4365 3748 4419 ecclesiarum

2206 4455 2497 4521 probamus
2525 4468 2648 4508 esse
2681 4454 2904 4517 indulta.
2946 4454 3138 4509 devota
3182 4465 3364 4510 mente
3392 4456 3644 4512 debemus
3664 4473 3746 4527 per-

519 4527 619 4580 loci
655 4543 875 4596 pergere
910 4529 1130 4593 vellent,
1161 4531 1298 4582 sicut
1339 4531 1450 4597 ipse
1482 4529 1773 4584 ilrubet-tus
1793 4532 1954 4585 abbas
1986 4548 2097 4585 meo
2129 4545 2176 4604 υ
2211 4545 2467 4611 pendere,
2504 4553 2559 4597 ει
2583 4557 2814 4613 congrua
2843 4544 3120 4611 beneﬁcia,
3145 4554 3202 4601 ιιι
3226 4548 3532 4603 memmur’
3558 4551 3620 4604 ad
3645 4565 3747 4603 ωα.

519 4635 670 4672 reare
693 4621 918 4683 videtur,
948 4629 1052 4672 tam
1083 4622 1146 4673 ad
1179 4622 1457 4676 luminaria
1487 4615 1864 4693 comparanda,
1900 4626 1981 4680 vel
2005 4641 2099 4694 pro

519 4708 718 4774 reliqua
783 4711 1099 4763 necessitate
1153 4712 1515 4768 discurrentes
1574 4723 1679 4767 tam
1734 4716 1868 4768 ultra
1914 4715 2098 4785 Ligcre

519 4793 818 4866 quamcum
846 4800 1050 4869 Ligere,
1076 4802 1232 4855 veliti
1255 4805 1738 4873 littrgundia,etiatn
1758 4809 1808 4860 itt
1827 4809 2098 4862 Provincia

518 4889 600 4941 νιιι
627 4890 677 4940 itt
714 4890 957 4955 Francta,
989 4909 1146 4960 quam
1194 4902 1246 4946 et
1279 4897 1328 4947 itt
1359 4897 1571 4949 Anstria
1597 4939 1612 4959 ,
1668 4881 1986 4967 ubicumque
2045 4899 2094 4952 in

518 4992 703 5045 regna,
731 4979 941 5036 Christo
971 4983 1217 5050 propitio,
1244 4997 1422 5039 nostra
1449 5001 1672 5057 pergere
1697 4989 1918 5052 vellent,
1947 4989 2096 5042 nullo

519 5075 791 5146 tlic'oneo,
825 5088 920 5127 nec
967 5075 1034 5128 tle
1065 5091 1296 5140 samnas,
1329 5093 1425 5132 nec
1446 5079 1513 5132 de
1553 5080 1819 5149 carrigine
1853 5121 1868 5145 ,
1928 5097 2098 5149 neque

515 5164 583 5214 de
615 5163 843 5231 navigio,
879 5178 1049 5230 neque
1081 5167 1146 5219 de
1173 5153 1408 5234 qualibet
1451 5169 1769 5224 redibitione
1797 5172 2001 5226 exinde
2032 5173 2095 5225 ad

520 5262 722 5317 partem
751 5252 861 5305 lisci
893 5256 1082 5318 nostri,
1118 5256 1265 5309 ntissi
1307 5257 1389 5310 sui
1418 5259 1778 5315 discorrcntes
1806 5261 2098 5316 dissitlvcre

516 5360 621 5395 non
645 5341 894 5415 debeant.
930 5344 1215 5414 Propterea
1263 5363 1356 5415 per
1401 5362 1720 5418 prmsentem
1771 5365 2097 5425 praeceptum

592 5530 615 5598 ξ
643 5518 770 5598 Quae
800 5519 1009 5598 uncinis
1037 5521 1378 5598 includuntur
1411 5527 1510 5598 lcgi
1539 5545 1643 5582 non
1685 5541 1990 5598 potuerunt.

494 5640 495 5643 η
589 5589 619 5664 la
649 5589 854 5667 (La-tera
885 5589 1504 5667 deesse‘in-autograpstii
1535 5605 1645 5655 lere
1686 5589 1853 5655 exeso
1877 5613 2100 5660 testatur

524 5657 724 5740 primus
770 5661 961 5713 editor.
996 5657 1331 5740 Mabillonius
1386 5657 1561 5740 t'atnen
1611 5671 1728 5725 loco
1773 5670 1884 5740 jam
1935 5657 2100 5729 citato

519 5727 680 5814 tradit
712 5729 811 5814 hoc
835 5743 1155 5814 prmccnplum
1188 5734 1368 5814 datum
1389 5738 1585 5814 fuisse
1615 5741 1666 5794 in
1713 5727 1905 5808 pa'latio
1947 5727 2099 5814 regio

520 5800 868 5865 tunipcn'dio,
903 5815 969 5853 xv
989 5802 1264 5885 pudendas
1312 5806 1609 5872 Februarii,
1636 5800 1777 5865 anno
1824 5800 2094 5883 reguiCa-

2201 4655 2222 4687 ι
2236 4635 2392 4689 edem
2422 4650 2542 4689 esse
2567 4634 2874 4703 participes,
2899 4651 3002 4690 non
3032 4651 3249 4707 negare;
3275 4639 3371 4692 sed
3389 4640 3584 4695 robore
3602 4641 3744 4709 majoo

2204 4740 2297 4791 pro
2346 4727 2548 4780 llOSll‘lS
2601 4726 2831 4780 oraculis
2874 4723 3216 4784 conﬁrmare.
3272 4727 3438 4798 Igitur
3484 4730 3746 4800 magniﬁeus

2201 4817 2502 4871 llucbeitus
2544 4818 2825 4888 episc0pus
2854 4833 3133 4890 rectorque
3184 4820 3415 4892 basilicae
3447 4825 3611 4877 sancti
3636 4821 3741 4876 lar-

2199 4909 2349 4970 eelli,
2373 4924 2492 4977 quae
2524 4911 2736 4978 ponitur
2757 4911 2856 4962 sub
2885 4911 3135 4978 oppidum
3154 4897 3482 4966 'Cabilonicze
3513 4914 3741 4976 urbis,ubi

2202 5001 2315 5066 ipse
2350 5001 2623 5066 preciosus
2656 5001 2866 5056 Domini
2889 5012 3091 5074 martyr
3131 5003 3182 5057 in
3228 5019 3458 5074 corpore
3481 5007 3740 5078 requiescit.

2202 5105 2396 5144 nosme
2425 5092 2728 5146 celsitudini
2751 5096 2922 5149 intulit
2947 5099 3358 5166 suggestionem,
3379 5115 3446 5154 eo
3473 5102 3610 5168 quod
3629 5115 3742 5155 aste-

2199 5195 2445 5237 Cessores
2481 5185 2649 5237 nostri
2673 5188 2968 5243 anteriores
2997 5204 3170 5258 reges,
3223 5193 3304 5245 vel
3328 5193 3486 5247 bona:
3517 5201 3740 5248 ιιιεωοιιι

2199 5273 2425 5328 domnus
2451 5286 2503 5329 et
2531 5277 2741 5344 genitor
2772 5289 2954 5334 noster
2996 5281 3212 5349 Pipinus
3254 5287 3526 5349 quondam
3554 5305 3654 5341 res.
3675 5304 3740 5355 ter

2199 5379 2383 5418 eorum
2410 5371 2798 5436 praeceptiones
2825 5372 3052 5442 innegras
3083 5373 3447 5434 immunitates
3473 5380 3570 5450 ipsi
3593 5395 3738 5432 moti:-

2200 5541 2300 5594 roli
2361 5543 2812 5624 undecimo.__ll:e
2870 5559 3008 5606 uota;
3063 5553 3456 5624 cltrttoolttgiee
3511 5556 3737 5616 conciliari

2201 5624 2468 5684 nequeunt
2509 5629 2630 5668 cum
2683 5618 2746 5670 iis
2775 5635 2894 5684 qua:
2929 5632 3108 5676 narrat
3155 5618 3416 5680 annalists
3477 5629 3736 5684 Latins!!!-

2204 5683 2404 5760 mensis
2429 5701 2440 5734 :
2473 5702 2516 5760 ι⁸
2533 5686 2642 5760 ﬂeti
2668 5687 2733 5760 tle
2765 5683 3085 5756 llaristallio,
3118 5695 3208 5748 ulti
3237 5683 3654 5760 Itientaverat,et
3675 5703 3736 5750 uin

2200 5752 2436 5830 Natalem
2487 5755 2693 5830 Domini
2746 5775 2806 5811 ac
2851 5752 3092 5816 sanctum
3131 5765 3332 5818 Pascha
3373 5752 3736 5830 celem-armat,

2202 5824 2544 5892 prinia'vcris
2585 5831 2839 5896 temperie
2883 5846 3102 5888 movens
3135 5833 3524 5906 Coutpendiutn
3553 5824 3730 5904 miihi
