3868 6212
165 349 283 401 iibfi

464 310 1259 405 coni-1x‘btrt.oii.\tiei.s.
1307 380 1374 390 -
1417 349 1765 404 ιηιινιιειῖι

1900 350 2034 404 -1.
2081 349 2325 405 ιίιιιίιη
2371 352 2503 406 PER
2547 352 2825 408 ϐιαιως
2874 354 3168 411 PARTES.

3380 356 3486 412 966

157 472 332 522 sterio
377 469 786 530 concessissem.
847 477 904 521 ut
947 469 998 521 iii
1049 468 1200 521 villas
1250 476 1341 520 aut
1386 481 1548 534 super
1594 475 1764 520 terras

1900 473 2070 515 rostro
2089 466 2291 518 sacello
2311 474 2619 531 componat,
2665 474 2724 518 ut
2748 481 2854 522 non
2877 467 3130 533 delectet,
3155 468 3298 538 quod
3319 468 3491 524 nostri

158 559 341 626 ipsius
371 559 681 614 monasterii
713 557 888 612 nullus
908 557 1072 625 judex
1115 557 1381 624 publicus,
1409 571 1510 610 nec
1534 557 1640 610 ulla
1680 573 1772 622 pn-

159 655 334 703 testas
376 648 440 703 ad
472 662 664 703 causas
714 647 1062 710 audiendum,
1094 647 1174 700 vel
1226 645 1371 700 lreda
1420 643 1765 714 exigendum,

159 750 264 793 aut
308 740 650 808 tidejussores
710 738 1024 803 tollendum,
1062 749 1152 791 ant
1194 738 1498 793 mansiones
1538 747 1629 792 aut
1674 754 1768 805 pa-

159 843 314 885 ratas
337 831 661 896 iaciendum,
688 846 786 885 nec
809 831 942 886 ullas
970 831 1346 899 requisitiones
1370 828 1765 901 {redibitionesl

158 923 578 990 requirendum,
611 923 805 976 ibidem
837 921 1036 992 ingredi
1068 937 1172 974 non
1209 922 1483 976 deberent.
1518 921 1676 979 Unde
1707 935 1759 975 et

160 1013 320 1081 ipsas
350 1014 734 1082 princeptiones
759 1024 1154 1069 antecesserunt
1203 1029 1410 1082 regum,
1462 1021 1516 1067 et
1567 1013 1764 1068 contir-

157 1105 437 1159 rnationes
483 1119 672 1159 eorum
719 1104 827 1172 jam
877 1104 1058 1158 'dictus
1118 1105 1416 1159 lluebertus
1478 1103 1766 1173 episcoiius

158 1194 327 1249 nobis
355 1195 593 1250 ostendit
627 1195 960 1264 relegendas,
986 1205 1038 1249 et
1067 1196 1175 1265 ipsa
1221 1195 1478 1250 benelicia
1503 1195 1766 1250 moderno

156 1293 410 1353 tempore
459 1288 653 1341 asserit
697 1301 820 1342 esse
865 1294 1199 1341 conservata.
1243 1292 1267 1319 °
1297 1285 1404 1342 Sed
1435 1301 1529 1355 per
1557 1285 1763 1342 contir-

159 1377 433 1432 mationis
462 1379 697 1432 studium
752 1378 900 1447 petiit
943 1377 1241 1433 clementia
1274 1379 1421 1448 regni
1460 1380 1653 1442 nostri,
1704 1387 1763 1432 ut

109 1455 112 1458 ’
157 1466 272 1524 hoc
303 1469 484 1523 denuo
510 1468 607 1538 ipsi
637 1470 966 1522 monasterio
996 1477 1177 1523 nostra
1208 1458 1430 1534 deberet
1466 1469 1764 1524 auctoritas

147 1562 518 1618 confirmare.
576 1562 866 1633 Propterea
917 1560 1168 1630 iubemus
1221 1571 1280 1617 υι
1326 1561 1584 1632 inspectis
1634 1561 1764 1631 ipsis

155 1651 409 1716 priorum
443 1652 740 1723 principum
771 1653 1199 1718 auctoritatibus,
1232 1668 1405 1723 neque
1443 1668 1540 1708 vos
1585 1668 1764 1726 neque

147 1734 408 1812 iuniores
442 1758 785 1800 successores
811 1745 998 1811 vestri,
1041 1761 1140 1801 nec
1159 1745 1300 1801 ullus
1327 1747 1550 1816 quilibet
1577 1747 1646 1802 de
1671 1746 1761 1817 ju-

150 1833 396 1888 diciaria
433 1843 702 1904 potestate
742 1837 794 1891 in
847 1836 1003 1892 villas
1043 1836 1210 1906 ipsius
1264 1838 1600 1906 monasterii,
1628 1853 1764 1908 quas
1796 1843 1842 1903 Β

149 1929 418 1996 presenti
443 1937 686 1999 tempore
709 1929 908 1986 habere
938 1930 1169 1996 videtur,
1186 1939 1278 1985 aut
1297 1930 1510 1986 inantea
1535 1946 1567 1986 a
1599 1931 1765 1988 Deum

154 2017 487 2074 timentibus
517 2019 825 2075 hominibus
857 2020 1055 2076 fuerint
1083 2021 1318 2087 conlata,
1341 2030 1434 2076 aut
1448 2021 1764 2091 conlatum,

160 2101 542 2180 nullus'judex
575 2112 818 2182 publicus
839 2113 904 2168 ad
931 2127 1120 2168 causas
1157 2114 1470 2182 audiendas,
1500 2115 1586 2171 vel
1619 2117 1766 2172 lreda

160 2200 466 2270 exigenda,
489 2212 581 2257 aut
611 2202 963 2272 fideiussores
992 2205 1307 2267 tollendum,
1339 2207 1420 2260 vel
1460 2207 1769 2265 mansiones

149 2300 252 2346 aut
283 2305 503 2362 paratas
532 2292 858 2360 faciendum,
892 2311 992 2350 nec
1035 2295 1171 2352 ullas
1205 2295 1558 2353 redibitiones
1589 2301 1766 2370 requi-

158 2384 425 2449 rendum,
463 2383 668 2456 ingredi
690 2400 797 2442 non
823 2388 1180 2457 przesumatis,
1213 2389 1314 2443 nisi
1347 2389 1550 2460 integra
1575 2391 1767 2446 immu-

157 2477 362 2544 nitate,
404 2479 498 2532 seil
554 2478 695 2534 sicut
741 2478 1109 2552 [beneﬁcium]
1163 2492 1467 2536 nostrorum
1525 2492 1767 2540 anteces-

148 2583 347 2623 sormn
415 2585 600 2641 regum
664 2573 764 2642 ipsi
836 2573 1166 2629 monasterio
1228 2589 1399 2646 usque
1462 2591 1605 2630 nunc
1672 2576 1770 2645 fuit

146 2673 560 2728 conservatum,
610 2663 680 2718 ita
722 2673 777 2719 et
827 2665 1078 2733 dehiceps
1127 2681 1221 2732 per
1273 2675 1509 2722 nostram
1538 2669 1768 2740 auctori-

151 2762 329 2806 tatem
378 2754 701 2822 generaliter
746 2768 957 2811 maneat
989 2756 1386 2812 inconvulsum:
1419 2768 1473 2813 et
1526 2760 1572 2814 si
1620 2771 1770 2816 ante—

153 2845 304 2898 actis
333 2846 666 2914 temporibus
699 2864 789 2915 per
817 2849 1050 2918 aliquam
1083 2849 1457 2920 negligentiam
1488 2851 1766 2918 abbatum,

147 2947 251 2993 aut
285 2939 636 3009 stepiditatem
681 2949 990 3003 rectorum,
1044 2952 1134 2994 aut
1176 2943 1648 3010 priesumptionem
1687 2943 1769 3013 ju-

163 3032 381 3097 dicmu,
408 3034 475 3089 de
506 3034 637 3101 ipsis
667 3035 1091 3090 immunitatibus
1125 3035 1282 3090 luerit
1313 3037 1650 3089 immutatum
1679 3047 1771 3090 aut

151 3135 409 3194 raptum,-
443 3127 796 3195 evulsumque
841 3137 934 3182 aut
982 3137 1304 3193 ettractnm,
1338 3129 1538 3183 nostris
1585 3134 1774 3184 aucto-

148 3218 411 3273 ritatibus
441 3230 492 3274 et
526 3219 803 3274 beneﬁciis
831 3230 1180 3274 restauretur.
1237 3220 1304 3274 Et
1349 3220 1571 3275 ulterius
1622 3224 1764 3290 quod
1797 3209 1842 3270 C

147 3314 552 3377 concessimus,
597 3327 695 3367 nec
737 3327 852 3378 vos,
905 3328 1078 3379 neque
1101 3313 1340 3380 juniores
1371 3311 1534 3366 vestri
1572 3313 1763 3367 infrin-

149 3419 296 3474 gere
323 3405 407 3460 vel
438 3405 638 3460 violare
667 3404 1022 3471 praesumatis.
1050 3406 1107 3459 Si
1138 3405 1255 3474 quis
1281 3414 1462 3459 autem
1491 3404 1650 3459 fuerit
1676 3416 1768 3459 aut

146 3500 449 3568 dominus,
503 3508 595 3553 aut
642 3481 862 3565 comes,
914 3499 1284 3563 domesticus,
1347 3499 1575 3553 vicarius
1607 3541 1624 3564 ,
1671 3515 1764 3560 seu

146 3587 590 3658 qualiscumque,
627 3587 908 3657 judiciaria
941 3598 1203 3658 potestate
1230 3589 1560 3657 succinctus,
1591 3590 1766 3644 inilul~

146 3679 345 3745 gentia
372 3679 657 3744 bonormn,
688 3689 780 3733 aut
824 3681 1062 3735 bonitate
1088 3681 1300 3749 piorum
1349 3681 1766 3764 Christianorum

146 3780 251 3824 aut
306 3786 526 3841 regum,
587 3770 676 3840 qni
734 3771 878 3838 ipsas
931 3771 1228 3840 irrumpere
1279 3780 1332 3826 ct
1393 3773 1592 3826 violare
1635 3788 1768 3840 pric-

149 3864 470 3931 sumpserit,
527 3863 819 3916 solidorum
876 3877 1251 3916 sescentorum
1304 3878 1526 3917 munere
1579 3879 1637 3916 se
1677 3878 1766 3916 co-

149 3963 391 4025 gnoscat
418 3955 765 4024 culpabilem,
815 3954 884 4008 ita
935 3965 989 4008 ut
1018 3954 1150 4008 duas
1181 3963 1355 4022 partes
1388 3954 1439 4007 in
1469 3954 1765 4007 arcliivium

157 4050 340 4120 ipsius
370 4046 681 4103 monasterii
713 4048 920 4116 reddat,
940 4060 993 4102 et
1011 4049 1218 4102 tertiam
1252 4059 1456 4117 partem
1489 4049 1553 4102 ad
1583 4051 1766 4102 liscuiu

232 4250 259 4278 ³
315 4245 465 4310 Apud
520 4243 988 4318 Sammartlianos,
1040 4247 1128 4315 qui
1197 4247 1324 4301 illud
1369 4263 1581 4315 quoque
1633 4265 1770 4318 prm-

151 4327 380 4391 t-nptiiiu
435 4317 906 4391 edidernntﬂtoiuo
962 4318 1000 4372 ll
1051 4320 1238 4372 Callia:
1286 4317 1643 4388 Christiana),
1677 4339 1768 4387 pro

151 4407 166 4437 ι
183 4389 569 4451 on/irma:tonis
591 4389 783 4442 studio.
1531 4396 1544 4402 ”

235 4501 267 4538 Β
318 4500 635 4569 Wiglialdns
680 4503 744 4557 ad
802 4505 969 4557 viceni
1014 4504 1247 4558 lladonis
1277 4505 1379 4559 hoc
1409 4506 1645 4573 diploma
1680 4523 1767 4560 re-

152 4574 452 4640 cognovit,
514 4583 570 4626 tit
624 4575 784 4628 tradit
845 4575 1182 4629 Mabillonius
1238 4577 1332 4632 lib.
1397 4593 1517 4630 utv

160 4644 399 4708 ltened.,
457 4660 602 4698 num.
659 4645 749 4711 90,
800 4650 886 4714 qui
919 4648 1065 4700 aildit
1096 4660 1223 4701 tono
1254 4653 1412 4702 luisse
1441 4649 1493 4701 iu
1544 4648 1763 4702 basilica

153 4717 217 4768 ὃ.
289 4715 519 4768 Marcelli
570 4718 796 4770 clericos
841 4720 1170 4781 szeculares,
1239 4720 1418 4787 ibique
1469 4720 1766 4786 perstitisse

157 4801 339 4851 usqiie
379 4787 442 4838 ad
494 4789 744 4840 saeculum
793 4789 1078 4855 decimum,
1109 4806 1212 4858 quo
1247 4792 1360 4843 lucc
1393 4790 1605 4843 basilica
1638 4806 1761 4844 mo-

159 4858 352 4908 ltJt’iliS
371 4859 608 4910 restituta
639 4869 719 4912 cst
743 4860 843 4913 sub
872 4861 927 4913 5.
956 4861 1127 4914 Maluit
1160 4861 1367 4915 abbatis
1391 4863 1763 4916 Cluniaeensis

155 4926 466 4994 disciplina.

243 5027 266 5053 τ
307 5017 379 5069 De
428 5017 734 5073 sinceritate
782 5021 937 5088 hujus
983 5021 1318 5088 diplouiatis,
1356 5025 1495 5086 quod
1539 5038 1603 5078 ex
1654 5025 1770 5090 ipso

156 5090 500 5155 autograplio
521 5128 534 5150 ,
563 5103 661 5144 seu
692 5093 864 5156 potius
887 5096 1218 5146 cliarlulario
1238 5136 1252 5157 ,
1285 5095 1575 5149 deduxisse
1610 5106 1770 5149 lesta-

159 5170 254 5211 tur
279 5158 590 5219 Dtlllilletlis,
617 5163 741 5213 nihil
766 5162 994 5217 dicimus
1021 5183 1034 5216 :
1059 5165 1216 5217 dubia
1244 5164 1468 5218 forsitan
1495 5168 1568 5219 illi
1592 5169 1768 5220 danda

160 5229 333 5292 liiles,
362 5245 482 5282 cum
517 5231 655 5284 illius
689 5233 980 5288 meminere
1025 5249 1124 5288 nec
1165 5237 1410 5289 Mabillon
1436 5277 1450 5298 ,
1501 5254 1598 5292 nec
1630 5237 1771 5291 Feli-

158 5301 326 5372 Μέθης
362 5317 459 5354 "ec
501 5302 832 5367 Βιιιιιιηθιυς,
879 5305 928 5357 in
968 5305 1347 5372 inveSIigaudis
1383 5309 1584 5363 chartis
1631 5309 1770 5364 Sati-

159 5371 506 5442 Dionysianis
547 5375 778 5429 maxime
816 5377 1061 5430 studiosi.
1109 5371 1236 5430 Illud
1280 5393 1397 5433 esse
1427 5382 1770 5442 apertissime

160 5444 595 5496 eotiuneiititium
621 5448 927 5507 pronuntiat
946 5447 1209 5510 Cointius,
1235 5450 1426 5504 Annal.
1457 5451 1768 5506 Ei-clesiasl.

161 5525 326 5589 tnui._
344 5513 426 5589 Vl,
453 5529 572 5589 pag.
596 5514 724 5589 2H.
750 5535 768 5567 ι
795 5517 909 5572 Non
943 5522 1267 5589 negaverim,
1291 5521 1365 5575 ait
1398 5522 1665 5577 Mabillon.
1703 5524 1771 5578 de

165 5587 248 5638 lie
274 5586 618 5663 diplontatiea
655 5587 749 5643 lib.
779 5603 872 5663 tu,
918 5586 1036 5658 cap:
1078 5591 1157 5663 2,7
1181 5608 1296 5663 pag.
1337 5592 1477 5656 2'25,
1523 5594 1768 5662 quaedam

161 5669 292 5734 esse
310 5657 454 5734 apud
481 5656 762 5734 Duble_tum
789 5661 868 5714 vel
892 5656 1114 5734 omnino
1138 5656 1290 5730 falsa,
1318 5667 1396 5716 vel
1425 5656 1764 5734 interpolata,

166 5727 260 5780 vel
288 5727 516 5807 i_l_t_tbia._.
541 5729 810 5807 ._.._Bonus
840 5747 903 5785 ac
933 5732 1160 5807 simplex
1199 5727 1314 5807 erat
1360 5727 1648 5802 Dubletus,
1678 5727 1767 5807 qui

165 5799 450 5877 qtiodlibet
479 5799 665 5877 incidit
693 5801 746 5877 in
776 5818 1008 5877 manus,
1035 5799 1153 5858 sine
1182 5805 1306 5861 dolo
1335 5809 1476 5862 malo
1507 5809 1558 5862 in
1591 5799 1768 5877 pubii-

96 5901 104 5909 -
165 5883 266 5925 eos
283 5871 473 5925 oculos
497 5872 764 5946 produxit,
783 5886 883 5930 etc.
913 5895 932 5928 ›
967 5874 1237 5933 Mabilloni
1262 5881 1562 5933 assentiuut
1583 5871 1786 5934 aucto--

1884 560 2260 609 antecessores
2287 564 2380 608 aut
2408 555 2535 609 boni
2586 556 2870 611 christiani
2894 559 3264 614 concesserint
3293 559 3373 614 vel
3407 559 3489 614 in~

1876 643 2164 710 dulseriut,
2196 645 2263 699 ab
2295 644 2474 715 impiis
2503 646 2809 702 horninibus
2836 647 3056 703 lacerari
3081 690 3096 714 ,
3140 657 3194 704 et
3225 651 3478 721 quicquid

1873 736 2072 790 exinde
2119 737 2280 791 ﬁscus
2307 749 2493 793 noster
2523 739 2768 807 potuerit
2801 754 3041 808 sperare,
3089 743 3140 794 in
3179 740 3488 797 hominibus
3515 768 3517 770 ·

1875 827 2043 892 ipsius
2096 831 2338 884 ecclesia:
2370 831 2539 884 sancti
2575 831 2806 885 Marcelli
2841 833 3116 902 martyris,
3153 848 3247 902 pro
3282 834 3487 889 stabili-

1877 925 1985 969 tate
2037 919 2184 987 regni
2219 922 2407 986 nostri,
2437 936 2530 974 seu
2565 931 2745 975 nostra
2793 923 3159 990 subsequente
3210 927 3488 993 progenie,

1874 1011 2121 1076 proliciat
2153 1013 2204 1064 in
2254 1023 2622 1080 augmentum.
2672 1012 2738 1065 Et
2789 1022 2848 1065 ut
2877 1013 2992 1066 hinc
3018 1015 3304 1068 auctoritas
3335 1014 3487 1068 ﬁrma

1871 1101 2169 1157 stabilitate
2221 1104 2415 1158 debeat
2455 1104 2774 1172 perdurare,
2820 1104 3007 1159 subter
3033 1119 3151 1160 eam
3195 1107 3487 1175 signaculis

1874 1191 2088 1259 propria
2126 1210 2283 1247 manu
2313 1196 2647 1249 decrevimus
2677 1196 2942 1250 roborari.

1945 1282 2167 1353 Signum
2199 1284 2425 1359 [Caroli]
2451 1287 2828 1356 gloriosissuni
2861 1290 3027 1356 regis.

1945 1373 2072 1428 Data
2106 1377 2276 1445 pridie
2299 1375 2416 1433 Cal.
2465 1379 2661 1447 Maias,
2706 1393 2848 1434 anno
2896 1381 3184 1437 undecimo
3210 1392 3267 1438 et
3293 1379 3485 1454 quinto

1868 1480 2158 1536 regnorum
2192 1481 2496 1526 nostrorum
2513 1509 2529 1524 .

1880 1593 1885 1598 -
1940 1561 2134 1617 Actuin
2163 1563 2190 1602 δ
2223 1562 2545 1619 llaristallio.
2591 1601 2593 1603 ι

2601 1632 2764 1690 χιιι.

1845 1679 1892 1758 ὀ
1932 1718 2176 1796 Diploma
2205 1722 2378 1796 (ἴρινοιὶ
2412 1679 2767 1796 Ιοφιὶἷὲἔο
2814 1720 3054 1796 ulratlo
3100 1726 3274 1780 abbati
3318 1729 3485 1782 sancti

1942 1789 2182 1867 Dionysii
2230 1789 2526 1867 Leprahani
2563 1789 2626 1867 et?
2659 1789 2765 1848 alia
2812 1795 2946 1867 bona
2993 1799 3224 1867 ejusdem
3264 1798 3486 1852 obliuia

1940 1865 2212 1933 conﬁrmat
2245 1865 2463 1934 (Datami
2491 1864 2823 1936 Aquisgratti,
2848 1864 2920 1919 2)
2948 1864 3146 1936 Aprilis
3171 1868 3326 1938 18!).

1871 1949 1968 2019 (Es
2008 1954 2300 2019 chartnglario
2337 1956 2546 2019 abbatis;
2590 1957 2686 2006 San
2731 1955 3037 2019 Dionysiaine
3063 1958 3211 2008 edidit
3240 1953 3480 2019 Doublot,

1933 2013 2206 2084 antiquitas
2228 2025 2272 2066 et
2313 2017 2615 2084 gestientis:
2658 2019 2724 2069 de
2763 2013 2986 2084 ιὀὸδοῃε
3026 2019 3089 2069 de
3133 2013 3477 2082 Sciat-Deoia,

1931 2075 2123 2128 livrs'tu
2171 2091 2290 2144 pag.
2316 2080 2453 2142 713.)
2588 2141 2772 2198 XLI".

1868 2227 1894 2267 d
1929 2228 2172 2310 Diploma
2200 2232 2381 2310 Caroli
2411 2232 2593 2310 Magni
2612 2276 2627 2298 ,
2659 2252 2758 2304 quo
2789 2236 3007 2289 abitalia:
3046 2239 3213 2292 sancti
3245 2237 3484 2310 Dionysii

1941 2305 2212 2377 con/irruat
2243 2305 2416 2358 omnia
2443 2305 2574 2377 bona
2601 2320 2645 2358 ct
2677 2309 2965 2377 privilegia.
2996 2325 3109 2377 quin
3140 2310 3241 2375 ipsi
3269 2305 3482 2365 concu-

1943 2384 2078 2449 serat
2117 2371 2385 2449 Fulradus
2431 2375 2589 2449 abbas
2616 2418 2631 2442 ,
2674 2371 2960 2447 prwseriiui
2994 2371 3019 2430 ί
3054 2381 3105 2432 in
3150 2371 3285 2449 pago
3323 2382 3477 2436 Αιη.

1943 2444 2096 2499 cince
2139 2447 2334 2500 cellam
2375 2448 2546 2500 sancti
2587 2444 2918 2513 Alexandri,
2965 2450 3053 2504 ubi
3097 2444 3214 2519 ipse
3253 2467 3480 2518 corpore

1946 2519 2268 2590 rtstlll.e.~(:ll,
2299 2533 2422 2571 eum
2468 2523 2720 2572 omnibus
2757 2521 3092 2586 appeiidiciis
3121 2535 3172 2574 et
3206 2526 3483 2590 pertinen-

1944 2587 2056 2651 cia,
2101 2604 2222 2642 cum
2271 2589 2431 2642 rebus
2475 2598 2530 2659 et
2571 2591 2852 2659 mancipiis
2898 2594 3176 2659 utriusque
3207 2587 3381 2648 senis
3411 2595 3480 2647 ibi

1952 2660 2375 2712 consistentibus
2407 2677 2424 2705 ι
2463 2658 2683 2729 (Datum
2719 2657 2904 2722 Duriu,
2945 2661 3008 2714 16
3044 2657 3300 2729 Séptemb.
3327 2664 3424 2717 781

1874 2752 1968 2812 (Ex
1998 2752 2291 2802 cliartulario
2313 2751 2540 2800 tabularii
2567 2751 3003 2874 saliidgion‘isiaui
3044 2756 3198 2806 edidit
3241 2755 3478 2819 Doublet,

2607 2827 2619 2860 l
2662 2830 2672 2862 l
2715 2854 2722 2860 .
3067 2849 3072 2851 -

2607 2827 2750 2862 lbld.)
3067 2849 3072 2851 -

2583 2896 2769 2974 xciv.

1880 2987 2120 3060 Diploma
2174 2989 2542 3054 interpo!atnm
2597 2966 2772 3044 Caroli
2821 2991 3040 3061 Magni,
3102 3009 3203 3062 q'o
3255 2964 3480 3048 ecclesia

1947 3062 2258 3114 Lelirulieusi
2292 3064 2513 3112 decimas
2546 3074 2801 3114 terrarum
2829 3065 2896 3115 ad
2929 3067 3098 3134 ipsum
3143 3069 3481 3132 spectantium

1946 3135 2178 3184 concedit
2210 3135 2372 3199 (nimo
2410 3135 2430 3182 ἶ
2446 3135 2504 3185 81
2521 3137 2559 3200 ).

1971 3222 2063 3283 (Ex
2085 3222 2394 3283 Grandidier,
2425 3221 2641 3272 Histoire
2665 3224 2727 3272 (lc
2745 3221 2944 3287 I‘Eylise
2965 3227 3027 3275 de
3053 3227 3386 3291 Slrasbourg.)

1949 3305 2173 3360 Carolus
2203 3305 2291 3359 Dei
2323 3309 2492 3374 gratia
2527 3323 2616 3360 rex
2650 3306 2976 3361 Francorum
3010 3320 3061 3363 et
3095 3309 3482 3380 Langobardi)-

1878 3415 2034 3463 riun,
2089 3415 2148 3452 ac
2204 3399 2452 3467 patricius
2501 3399 2858 3454 Romanorum
2879 3417 2901 3465 ‘,
2941 3404 3188 3457 omnibus
3239 3403 3483 3460 lidelibus

1876 3492 2080 3545 nostris
2110 3503 2214 3544 tam
2245 3491 2599 3560 praesentibus
2621 3509 2779 3561 quam
2806 3492 3016 3550 l'uxuris.
3047 3496 3304 3564 Quicquid
3335 3499 3481 3551 enim

1875 3585 2008 3639 locis
2042 3583 2437 3638 vcnerabilibus
2459 3583 2529 3637 ob
2551 3600 2790 3638 amorem
2825 3585 2913 3639 Dei
2935 3569 2995 3640 iet
3025 3587 3480 3655 opportunitatem

1873 3693 2158 3732 servorum
2214 3679 2306 3730 Dei
2359 3676 2605 3730 benivola
2658 3678 3045 3734 deliberatione
3095 3683 3479 3747 concedimus,

1877 3769 1982 3822 hoc
2014 3769 2168 3822 nobis
2195 3768 2377 3837 procul
2401 3768 2564 3822 dubio
2586 3769 2650 3822 ad
2681 3784 2938 3824 aeternam
2973 3771 3372 3842 beatitudinem,
3398 3777 3480 3830 vel

1878 3860 2176 3914 remedium
2203 3859 2394 3912 anima:
2420 3869 2616 3913 nostite
2636 3861 2900 3928 pertinere
2919 3863 3259 3918 eoulidiunts.
3287 3863 3480 3920 Noscat

1877 3955 2036 4023 igitur
2069 3937 2394 4007 nniveisitas
2420 3949 2656 4006 ﬁdelium
2692 3962 2796 4006 tam
2825 3955 3169 4022 praesentium
3193 3971 3352 4024 quam
3386 3972 3480 4026 pu-

1875 4058 2168 4110 sterorum,
2192 4047 2336 4112 quoil
2371 4044 2690 4099 venerabilis
2713 4045 2877 4099 abbas
2900 4061 3067 4114 nepos
3094 4059 3278 4106 unaler
3304 4059 3326 4121 ιτ
3355 4048 3471 4106 Ful-

1878 4261 1963 4300 res
1993 4245 2183 4316 Gallici
2215 4261 2365 4308 novae
2387 4245 2917 4314 Diplomaticze,dum
2946 4248 3207 4316 scribunt,
3227 4259 3354 4306 tom.
3389 4251 3476 4316 Ill,

1880 4334 1999 4384 pag.
2034 4314 2140 4370 ϋὺὲῐ
2173 4335 2184 4369 :
2213 4336 2230 4368 ι
2256 4316 2330 4371 Ce
2360 4318 2461 4368 litin
2495 4316 2708 4371 lioimue
2738 4320 3012 4388 illoublet)
3044 4337 3108 4374 tte
3127 4314 3382 4388 eun-lpos:
3415 4314 3475 4378 sa

1878 4389 2164 4463 eollection
2193 4404 2285 4442 sur
2311 4389 2542 4441 d'antrcs
2565 4402 2904 4463 monuments
2926 4406 3030 4463 que
3051 4407 3144 4445 sur
3170 4393 3268 4447 des
3295 4395 3477 4463 eopies

1880 4472 2114 4533 souvent
2139 4461 2364 4513 lautives
2387 4470 2558 4533 etsnr
2582 4461 2674 4533 les
2693 4461 3010 4516 cartnlaires
3042 4463 3108 4515 ou
3143 4465 3218 4517 les
3242 4461 3479 4533 c0pistes

1882 4541 1976 4582 out
1999 4531 2329 4599 quelquelois
2354 4531 2454 4582 mal
2476 4530 2644 4584 rendu
2664 4531 2742 4585 les
2763 4533 3037 4600 originanx
3058 4548 3072 4595 ;
3097 4552 3115 4583 ι
3152 4545 3204 4588 et
3234 4530 3364 4588 tom.
3385 4535 3474 4599 IV,

1569 4583 1716 4672 Atit‘ia
1729 4581 1738 4629 I
1753 4620 1763 4629 .

1900 4581 1997 4669 ηις.
2017 4581 2093 4655 'tt
2106 4581 2158 4664 δῖ
2182 4581 2327 4665 ιζοὶέζ
2349 4619 2368 4651 ‹
2404 4581 2650 4668 oouiiiéi,
2665 4581 3107 4672 Ηόιέέέιίέἒίὶίῷῐέ
3130 4581 3478 4660 υἱέἶῖεὶῖἑτίἷ

1879 4674 2051 4741 tique,
2083 4689 2110 4726 a
2145 4672 2239 4747 fait
2259 4685 2460 4747 enirer
2489 4673 2624 4747 dans
2656 4689 2714 4726 sa
2745 4673 3026 4747 collectioa
3069 4677 3329 4746 quelqnes
3367 4679 3478 4747 pie.

1873 4758 1964 4818 ges
2008 4744 2333 4811 interpolées
2378 4754 2432 4798 et
2462 4743 2628 4812 prises
2658 4761 2750 4799 sur
2777 4745 2845 4800 de
2873 4749 3180 4802 mauvaises
3209 4743 3411 4818 c0pies.
3452 4769 3472 4802 ι

1874 4812 2228 4868 Ουλιιοιυιεπι.

1945 4884 1969 4922 ἀ
2005 4887 2147 4939 Idem
2185 4885 2528 4954 iudicandum
2568 4895 2653 4958 est
2674 4885 2740 4940 de
2779 4887 2880 4940 hoc
2917 4885 3210 4954 diplomate
3238 4890 3374 4958 quod
3407 4891 3476 4943 de

1875 4959 2198 5025 prascedeuti
2240 4959 2492 5010 ιΙιχιῐηιιε.
2540 4956 2668 5010 ΑΞι-ιι
2715 4969 3006 5025 ιιι-,νευιιιυι
3042 4958 3171 5012 falsa
3204 4956 3317 5023 cst,
3349 4977 3473 5015 cum

1873 5028 2081 5102 dicatur
2115 5044 2128 5080 :
2165 5026 2352 5080 Datum
2377 5044 2512 5080 anno
2537 5044 2642 5082 uti
2671 5043 2715 5082 et
2742 5045 2827 5082 \‘l-I
2855 5043 3060 5102 regente
3083 5032 3270 5102 domno
3301 5045 3474 5102 nostra

1875 5096 2064 5151 Carolo
2095 5100 2464 5168 gloriosissimo
2500 5117 2635 5170 rege.
2672 5106 2856 5154 Antius
2891 5100 2961 5153 2:2.
3000 5100 3268 5170 regnantis
3301 5098 3476 5158 Caroli

1875 5170 2011 5236 apud
2050 5171 2282 5224 Francos
2313 5181 2430 5243 erat
2475 5172 2536 5223 l7
2576 5174 2847 5239 regnantis
2886 5174 3023 5238 apud
3070 5174 3472 5243 Longoliardns.

1877 5244 2061 5294 Annus
2105 5243 2177 5292 22
2227 5242 2411 5296 incidit
2453 5244 2505 5296 itt
2553 5259 2750 5296 annum
2797 5245 2995 5296 Christi
3042 5242 3317 5311 ἳξῑυζσμιο
3366 5247 3476 5313 jatu

1875 5313 2078 5384 obicrat
2130 5313 2424 5376 Fulradus,
2475 5315 2537 5365 :iil
2592 5314 2742 5384 cujus
2799 5315 3108 5380 petitionem
3161 5319 3341 5370 datnin
3383 5321 3481 5370 lnit

1878 5383 1978 5457 hoc
2010 5385 2265 5450 diploma.
2302 5384 2449 5441 Unde
2483 5385 2738 5455 legendus
2771 5383 2995 5440 forsitan
3027 5403 3197 5440 annus
3230 5405 3355 5453 xm,
3383 5394 3473 5457 qui

1875 5455 2134 5509 coincidit
2156 5472 2274 5510 cum
2308 5471 2449 5509 anno
2471 5457 2666 5511 Christi
2692 5459 2816 5521 78l,
2843 5468 2895 5512 et
2917 5472 3058 5512 anno
3085 5470 3274 5512 octavo
3297 5455 3474 5514 Caroli

1877 5529 2149 5595 regnantis
2179 5528 2229 5579 in
2265 5527 2653 5596 Langobardia.
2690 5527 3043 5584 Caunum-1t.

1953 5607 1978 5635 θ
2013 5597 2272 5652 Fulradus
2304 5598 2442 5651 illius
2469 5600 2657 5654 lticulli
2689 5612 2741 5653 et
2769 5603 3168 5670 Erinengardis,
3202 5610 3257 5653 ut
3283 5617 3348 5656 cx
3381 5615 3479 5652 suo

1879 5667 2046 5742 liquet
2084 5679 2403 5742 testamento
2431 5675 2552 5724 anui
2580 5674 2706 5736 777,
2742 5667 3013 5742 nunquam
3053 5672 3149 5726 fuit
3184 5690 3349 5740 nepos
3377 5675 3478 5728 Ca-

1879 5743 1974 5795 roli
2003 5741 2193 5811 Magni.
2240 5742 2295 5796 ld
2340 5743 2533 5810 adjecit
2563 5744 2933 5812 interpolator,
2969 5747 3058 5812 qui
3092 5745 3308 5798 l'orsitan
3350 5760 3481 5797 coii-

1880 5813 2049 5866 lundit
2078 5817 2223 5870 illum
2252 5829 2374 5868 cum
2415 5815 2587 5868 altero
2620 5815 2854 5869 Fulrado
2879 5859 2892 5879 ,
2927 5819 3016 5884 qui
3066 5819 3161 5869 luit
3200 5815 3365 5868 abbas
3412 5818 3477 5872 S.

1877 5884 2112 5950 Quintini
2142 5889 2280 5956 apud
2306 5890 2596 5957 Augustam
2626 5886 3106 5952 Veromandoruiu,
3137 5887 3262 5942 etin
3291 5886 3469 5941 Caroli
