3856 6220
123 305 214 360 969
406 302 634 360 CODEX
679 295 1204 357 DIPLOMATICUS.
1250 327 1312 337 —
1355 294 1699 351 Ρηινιιείῑι

1832 324 1884 334 -
1926 294 1964 347 l.
2011 291 2259 348 I’IIIVIL.
2309 294 2435 348 PEII
2480 293 2756 346 l‘..\I.I.I.-I°L
2799 292 3087 347 PARTES.

3298 296 3402 344 970

124 421 182 478 ui
209 430 286 472 res
315 416 655 484 proprietatis
693 429 804 468 sum
849 414 902 464 llt
935 424 1071 482 pago
1102 411 1465 472 Scarpnniuse
1497 408 1547 458 itt
1581 406 1700 460 loco
1731 408 1776 464 Λ
1810 419 1919 457 rem
1953 405 2120 457 sancti
2171 405 2390 459 Dionisii
2437 404 3033 474 Sunarciagatu-villatn
3074 406 3272 458 habete
3305 425 3408 472 pu-

121 528 212 586 que
250 511 443 563 dicitur
480 501 983 576 Basigunde-cnrte,
1033 511 1524 570 quantumcumque
1569 513 1692 551 cum

124 606 330 660 Petrone
353 599 606 668 episcopo
638 597 990 657 Virduninse,
1033 608 1127 647 seu
1164 603 1218 646 et
1248 596 1474 644 Aunone
1505 591 1698 642 abbate

121 692 443 751 commutavit
468 731 482 754 ,
514 699 568 742 et
606 686 856 758 quicquid
898 687 962 738 ad
993 687 1108 753 ipso
1137 685 1254 736 loco
1283 683 1524 750 aspicere
1554 680 1698 733 vide-

123 799 215 850 tur,
247 794 404 838 totum
435 793 491 836 et
517 781 582 835 ad
620 782 882 845 integrum
919 778 1068 833 dedit
1101 775 1168 830 ad
1201 784 1349 844 parte
1380 773 1698 828 Eutimiauae

122 875 384 933 abbatissa.
428 872 532 926 Sed
575 887 671 940 pro
714 873 919 940 integra
969 869 1220 923 ﬁrmitate
1273 865 1540 932 petierunt
1582 865 1698 932 ipse

121 970 266 1023 abbas
298 975 350 1020 et
393 963 666 1018 abbatissa
720 960 1023 1016 celsitudini
1077 968 1303 1020 nostrae,
1349 967 1404 1009 ttt
1452 954 1556 1008 hoc
1602 969 1697 1023 per

124 1069 337 1116 nostram
375 1057 749 1110 auctoritatem
800 1052 1120 1108 conﬁrmare
1160 1051 1484 1104 deberemus
1517 1065 1531 1100 :
1563 1063 1698 1117 quo-

121 1169 222 1209 rum
248 1150 588 1221 petitionibus
615 1148 844 1218 gratanti
872 1149 1052 1200 animo
1084 1146 1153 1200 ita
1187 1145 1502 1212 prrcstitisse
1531 1145 1611 1196 vel
1642 1143 1695 1196 in

120 1243 345 1300 omnibus
383 1240 741 1297 conﬁrmasse
778 1223 1106 1307 cognoscite.
1155 1237 1536 1303 Praecipientcs
1567 1250 1696 1300 ergo

74 1334 80 1340 ’
120 1337 375 1405 iubemus,
407 1341 463 1386 ut
490 1331 741 1401 quicquid
772 1343 896 1398 pars
918 1328 1167 1384 contullit
1193 1327 1359 1396 parti,
1388 1337 1478 1380 aut
1508 1342 1538 1379 c
1567 1339 1697 1378 con-

122 1440 189 1483 tra
217 1430 263 1482 in
288 1440 557 1493 conpensu
586 1424 820 1493 recepit,
854 1425 1122 1492 inspectas
1144 1423 1286 1491 ipsas
1310 1419 1694 1476 commutatio-

122 1534 229 1583 nes,
259 1519 390 1574 sicut
422 1532 515 1586 per
541 1531 633 1571 eas
661 1517 999 1577 declaratur,
1030 1515 1098 1566 ab
1146 1514 1245 1567 hac
1279 1511 1369 1566 die
1421 1526 1515 1580 per
1559 1510 1697 1565 hanc

121 1620 334 1666 nostram
363 1609 736 1664 auctoritatem
772 1607 1024 1671 habendi,
1065 1606 1303 1670 tenendi,
1336 1605 1521 1671 dandi,
1545 1620 1697 1658 com-

122 1702 372 1768 mutandi,
413 1701 496 1755 vel
543 1699 793 1770 quicquid
832 1699 1027 1754 exinde
1072 1697 1436 1767 unusquisque
1475 1697 1615 1764 quod
1663 1710 1690 1747 a

1803 497 2029 550 tuissent
2053 515 2062 548 :
2085 497 2176 549 sed
2203 496 2301 564 ipsi
2325 511 2418 566 per
2446 510 2573 549 suos
2600 497 2822 550 vuadios
2851 496 3049 550 ibidem
3081 496 3133 548 in
3164 513 3413 559 praesenti

1802 586 2076 654 pra-latum
2111 586 2353 640 Adonem
2381 587 2700 641 advocatum
2729 587 2901 640 sancti
2934 586 3157 640 Dionisii
3192 590 3415 639 invi-sti-

1800 690 2021 741 verunt,
2047 690 2100 733 et
2127 679 2283 734 lidetu
2315 680 2543 743 exinde,
2583 682 2723 734 sicut
2762 679 2845 733 lex
2876 679 3173 742 continuit,
3213 680 3414 734 ibdem

1802 771 2063 824 fecerunt.
2094 769 2324 823 l‘ruinde
2346 779 2669 837 oportunum
2697 769 2795 832 fuit
2820 769 2919 837 ipsi
2948 769 3124 823 Adoni
3147 770 3411 823 advocati

1800 859 1966 913 sanati
2004 860 2249 922 Dionisii,
2279 872 2335 914 ut
2365 861 2525 913 talem
2560 861 2803 913 notitiam
2828 860 3094 914 honorum
3129 859 3409 913 hominum

1804 967 1962 1004 manu
2015 955 2318 1014 ﬁrmatam,
2368 954 2448 1006 vel
2495 951 2661 1019 ipsius
2709 952 2921 1006 comitis
2955 953 3173 1006 nomine
3197 952 3412 1017 ltili-ni,

1800 1059 1894 1100 seu
1924 1046 2011 1114 qui
2063 1045 2262 1098 ibidem
2313 1044 2528 1098 l'tteruttt
2561 1046 2810 1100 sedentes
2834 1086 2849 1110 ,
2882 1046 3153 1116 prendere
3192 1059 3246 1106 et
3273 1047 3417 1101 accio

1799 1152 1928 1210 pere
1955 1139 2201 1203 deberet,
2228 1140 2371 1210 quod
2400 1143 2472 1193 ita
2502 1149 2558 1195 et
2585 1139 2745 1206 fecit,
2774 1153 2829 1195 ut
2857 1141 2922 1194 ad
2949 1142 3167 1209 longum
3200 1152 3411 1210 tempus

1801 1231 1967 1297 ipsam
1997 1247 2112 1285 rem
2135 1230 2724 1302 Sonarciagam-villatu
2751 1245 2935 1288 contra
2960 1235 3071 1302 jam
3104 1236 3279 1290 dictos
3310 1237 3404 1288 ho-

1801 1323 1972 1378 tnines
1997 1323 2062 1377 ad
2088 1333 2296 1393 partem
2317 1326 2487 1379 sancti
2517 1326 2735 1391 Dionisii
2761 1327 2958 1384 habeat
2978 1328 3335 1383 evindicatatu
3358 1338 3417 1384 et

1798 1416 2128 1486 elidigatam.
2153 1417 2304 1473 Unde
2324 1429 2379 1471 et
2401 1418 2696 1474 advocatus
2720 1424 2891 1474 sancti
2926 1420 3151 1474 Dionisii
3171 1405 3265 1475 vel.
3281 1420 3412 1485 Ful-

1800 1509 1915 1563 radi
1937 1508 2148 1563 abbatis
2171 1509 2418 1564 videlicet
2445 1511 2561 1563 Ado
2583 1526 2734 1564 suam
2759 1512 3000 1566 notitiam
3022 1526 3183 1579 quam
3206 1527 3267 1568 se
3292 1528 3417 1582 prq-

1801 1605 1978 1673 posuit
2011 1604 2208 1659 habere
2235 1613 2358 1659 ante
2379 1619 2476 1659 nos
2497 1606 2702 1676 legibus
2720 1606 2914 1674 optulit
2938 1607 3023 1661 vel
3051 1607 3420 1676 adprasenta~

1800 1696 1874 1751 vit
1900 1697 1964 1750 ad
1996 1696 2354 1766 religeudum.
2394 1699 2612 1753 Relecta
2635 1701 2749 1765 ipsa
2779 1701 2998 1768 notitia,
3025 1702 3414 1773 interrogatum

123 1797 221 1865 iure
247 1807 338 1849 suo
365 1793 574 1861 accepit
600 1793 664 1846 ad
694 1791 987 1860 profectum
1014 1791 1322 1845 earumdem
1345 1789 1693 1846 ecclesiarum
1736 1774 1780 1834 Β
1809 1785 1909 1841 fuit
1941 1787 2059 1858 ipso
2091 1787 2274 1842 ltilero
2301 1788 2521 1854 comite,
2556 1792 2600 1845 si
2637 1790 2751 1846 hac
2780 1806 2941 1846 causa
2973 1793 3057 1846 vel
3087 1793 3201 1862 ipsa
3233 1795 3422 1848 notitia

123 1899 353 1940 exercere
373 1884 629 1948 voluerit,
655 1883 881 1939 liberam
905 1899 966 1937 ac
989 1883 1350 1938 ﬁrmissimam
1375 1885 1427 1938 in
1451 1882 1699 1939 omnibus

123 1976 318 2030 babiant
345 1982 664 2044 potestatem
712 1991 725 2028 :
769 1984 823 2028 ut
855 1990 1027 2042 neque
1057 1990 1085 2028 a
1121 1973 1380 2043 praedicto
1419 1975 1613 2032 abbate
1647 1986 1703 2032 et

123 2069 362 2123 abbatissa
381 2107 397 2132 ,
434 2081 610 2136 neque
640 2068 708 2121 ab
732 2083 917 2122 eurum
946 2066 1357 2123 successoribus
1391 2069 1554 2122 ullum
1582 2085 1701 2123 nm-

126 2174 266 2227 quam
294 2166 528 2226 tempore
569 2159 712 2226 ipsas
738 2160 1187 2213 commutationes
1214 2157 1499 2217 violentur.
1541 2158 1697 2216 Unde

127 2250 698 2306 duas-conﬁrmatioues
723 2266 836 2324 uno
855 2259 1042 2305 tenore
1071 2251 1405 2322 conscriptas
1435 2250 1552 2308 ﬁeri
1579 2252 1698 2322 ius-

127 2341 294 2410 simus,
317 2355 447 2410 quas
477 2351 531 2394 et
561 2357 719 2396 manu
750 2342 960 2411 propria
998 2342 1326 2398 ﬁrmavimus
1357 2351 1413 2398 et
1441 2342 1508 2398 de
1538 2343 1700 2398 anulo

127 2445 290 2489 nostro
319 2435 552 2505 sigillare
579 2434 860 2504 iussimus.

185 2521 391 2591 Siqn'ttm
421 2526 598 2582 Caroli
633 2528 1007 2594 gloriosissitni
1036 2529 1196 2599 regis.

185 2618 498 2674 Witlolaicus
524 2620 588 2674 ad
618 2621 788 2676 vicem
817 2620 1054 2677 Radottis
1086 2623 1395 2691 recognovit

182 2711 306 2766 Data
336 2713 384 2765 in
415 2727 600 2768 mense
629 2715 880 2771 Octobris
911 2731 1053 2770 anno
1082 2731 1196 2772 xtttt
1221 2727 1276 2772 et
1297 2731 1387 2772 vm
1426 2718 1576 2786 regni
1608 2730 1703 2772 no-

122 2803 219 2860 stri.
251 2807 440 2860 Aetum
474 2807 765 2863 llaristalio
799 2809 997 2879 palatio
1031 2811 1243 2879 publico
1276 2813 1328 2866 in
1362 2811 1456 2867 Dei
1486 2813 1701 2870 nomine

126 2896 349 2955 feliciter.

797 2998 1000 3053 XLVII.

130 3083 490 3165 Placitumusub
531 3088 721 3165 Carolo
755 3091 950 3165 Magrto
987 3071 1241 3158 habitum,
1275 3098 1325 3149 in
1363 3116 1464 3165 quo
1495 3099 1694 3156 Sonar-

184 3159 455 3235 cittga-vt'lla
494 3165 613 3235 pagi
657 3159 1201 3235 Tellau'Diouysiano
1239 3159 1546 3225 monasterio
1589 3174 1703 3226 vin-

187 3231 373 3284 dicatur
400 3234 561 3304 (autto
595 3234 744 3300 782).

660 3345 751 3406 (Ex
776 3346 1141 3409 Mabill.,ibid.)

187 3445 395 3503 Carolus
419 3451 586 3521 gratia
621 3452 713 3508 Dei
747 3458 838 3507 re’v
878 3457 1204 3512 Francorum
1231 3467 1285 3514 et
1311 3461 1696 3532 Langobardo-

137 3555 232 3595 rum
261 3557 318 3596 ae
359 3545 610 3610 patricius
651 3545 1034 3602 Romanorum.
1070 3550 1202 3605 Cum
1248 3567 1343 3607 nos
1385 3554 1436 3606 in
1482 3554 1571 3609 Dei
1605 3572 1702 3611 no-

137 3632 256 3688 mitte
291 3633 556 3690 Carisiaco
589 3638 710 3692 villa
756 3640 951 3706 palatio
991 3653 1176 3696 nostro
1220 3645 1284 3697 ad
1327 3647 1703 3703 universorum

133 3736 299 3778 causas
323 3727 614 3783 audiendas
652 3738 708 3783 et
744 3741 891 3786 recto
928 3733 1131 3801 judicio
1169 3737 1533 3792 tertninandas
1573 3741 1705 3795 resi-

134 3816 388 3883 deretnus;
439 3820 620 3889 ibique
670 3821 893 3878 veniens
941 3828 1231 3880 advocatus
1278 3830 1447 3883 sancti
1504 3829 1702 3885 Dionisi

133 3907 199 3959 vel
229 3907 428 3962 Fulradi
473 3911 716 3976 abbatis,
751 3914 966 3968 nomine
998 3918 1131 3979 Ad»,
1165 3918 1319 3972 nobis
1358 3922 1700 3991 suggerebat,

133 3998 327 4062 dicens,
373 4017 436 4056 eo
481 4005 624 4071 quod
668 4006 805 4058 inter
848 4004 1156 4062 Rileronem
1198 4011 1448 4065 comitem
1493 4023 1545 4066 et
1575 4027 1704 4068 suos

134 4093 399 4156 escapinios
429 4095 480 4148 in
512 4111 648 4165 pago
671 4095 877 4162 Tellao,
906 4101 956 4153 in
992 4104 1152 4155 tuallo
1181 4104 1392 4171 publico
1419 4105 1506 4173 qui
1538 4120 1699 4159 voea-

135 4192 203 4238 tur
239 4184 547 4250 Turcarias,
600 4191 947 4256 advenisset,
996 4204 1049 4248 et
1089 4196 1329 4249 homines
1373 4197 1580 4266 aliquos
1619 4197 1703 4253 his

136 4277 404 4333 nominibus
449 4279 790 4348 Goduinum,
828 4292 882 4337 et
918 4301 1230 4354 germanum
1277 4304 1430 4342 suum
1481 4288 1700 4344 Flodoi-

136 4383 276 4435 num,
321 4380 372 4426 et
417 4388 727 4440 germanam
773 4391 962 4431 eorum
1015 4377 1456 4444 Datnascianam,
1504 4382 1598 4435 sed
1649 4392 1703 4436 et

1799 1892 1930 1934 vera
1963 1887 2018 1934 et
2054 1887 2216 1934 verax
2246 1890 2362 1935 erat
2409 1891 2502 1936 aut
2545 1898 2674 1936 non.
2720 1881 2825 1938 Sed
2858 1884 2974 1953 ipse
3003 1883 3217 1939 Ril'erus
3237 1901 3423 1940 comes

1807 1971 1962 2026 uolfts
2006 1973 2186 2026 taliter
2229 1986 2385 2027 suum
2421 1975 2646 2042 prmbuit
2682 1976 3048 2031 testimonium
3064 2016 3092 2043 ,_
3124 1978 3268 2046 quod
3308 1981 3423 2033 haec

1805 2075 1965 2115 causa
2013 2064 2094 2116 vel
2141 2063 2254 2132 ipsa
2296 2064 2482 2119 notitia
2526 2080 2650 2120 vera
2690 2077 2746 2122 ct
2784 2083 2949 2122 verax
2993 2071 3158 2123 esset.
3194 2068 3426 2125 Proinde

1809 2167 1905 2208 nos
1937 2153 2114 2207 taliter
2145 2169 2250 2208 una
2281 2169 2403 2209 eum
2445 2155 2692 2212 ﬁdelibus
2724 2161 2954 2223 nostris,
2987 2161 3036 2212 id
3066 2171 3151 2215 est
3177 2177 3299 2217 cum
3329 2162 3424 2215 Rt.

1805 2244 2009 2299 ιιὴπᾱο
2059 2244 2313 2312 comite,
2344 2248 2662 2305 Gunthardo
2703 2253 2933 2313 comite,
2978 2252 3292 2308 Teudbaldn
3333 2272 3426 2304 ιοει-

1807 2339 1971 2406 mite,
2004 2339 2226 2395 Grilone
2248 2334 2264 2406 ζ
2290 2340 2560 2410 Geroldo,
2584 2343 2882 2401 Nurtboldo
2903 2388 2917 2410 ,
2947 2345 3251 2420 Winegiso,
3277 2347 3412 2414 Wst.

1807 2429 1960 2486 berto
1982 2471 1996 2496 ,
2028 2429 2284 2494 Gisoltio.
2315 2433 2518 2488 Aroitto
2535 2474 2552 2498 ,
2578 2434 2878 2492 Teutboldo
2897 2479 2912 2503 ,
2940 2439 3237 2493 Consuhili
3254 2481 3273 2503 ,
3297 2441 3426 2492 Wo-

1811 2522 1962 2577 raldo
1991 2525 2192 2580 comite
2216 2526 2394 2592 palatii
2421 2537 2604 2582 nostro
2625 2573 2640 2596 ,
2671 2529 2753 2583 vel
2777 2531 2996 2600 reliquis
3014 2534 3421 2602 quamplutituis

1809 2613 1907 2668 visi
1950 2613 2149 2670 fuimus
2196 2617 2498 2685 iudicasse,
2551 2627 2609 2673 ut
2650 2619 2778 2674 dum
2831 2621 2945 2691 ipse
2988 2622 3202 2677 ltilerus
3239 2639 3424 2677 comes

1809 2705 1991 2761 taliter
2036 2709 2191 2762 nobis
2236 2726 2392 2765 suum
2441 2713 2627 2767 tribuit
2676 2717 3076 2784 testimottium,
3118 2717 3259 2786 quod
3310 2720 3424 2772 Ita-c

1804 2811 1965 2852 causa
1995 2799 2078 2854 vel
2111 2800 2222 2868 ipsa
2262 2803 2449 2856 notitia
2490 2818 2621 2858 vera
2649 2816 2702 2860 et
2734 2820 2893 2860 verax
2927 2819 3110 2874 esset;
3141 2819 3423 2878 praplrrea

1800 2887 2052 2957 iubemus
2074 2933 2090 2957 ,
2127 2900 2183 2945 ut
2220 2892 2344 2963 quia
2383 2894 2518 2948 hanc
2547 2911 2766 2951 causam
2799 2899 2877 2953 sic
2913 2909 3088 2953 aetatu
3118 2901 3199 2954 vel
3232 2917 3424 2970 perpe-

1731 3013 1738 3018 ν
1805 2992 1998 3038 tralatu
2052 2998 2174 3039 esse
2228 2985 2620 3056 cognovimus,
2675 2991 3076 3060 suprascriptus
3130 2991 3425 3047 advocatus

1727 3135 1778 3199 (Ξ

1809 3076 1980 3131 sancti
2012 3077 2236 3132 Dionisii
2274 3090 2462 3134 contra
2493 3095 2639 3150 stepe
2673 3082 2847 3137 dictos
2889 3085 3136 3139 homines
3187 3087 3427 3156 inspecta

1812 3185 1906 3225 sua
1938 3169 2124 3226 notitia
2149 3171 2261 3241 jam
2285 3173 2483 3228 dictam
2509 3174 2690 3230 villam
2714 3175 3100 3248 Sonarciagam
3127 3179 3195 3233 ad
3220 3191 3425 3250 partem

1807 3264 1976 3318 sancti
2022 3264 2247 3318 Dionisii
2283 3267 2430 3321 omni
2462 3277 2705 3338 tempore
2734 3270 2931 3326 habeat
2953 3273 3310 3327 eviudicatam
3338 3289 3422 3325 al-

1807 3371 1910 3425 que
1941 3356 2245 3412 elidicatam
2270 3397 2286 3424 ,
2320 3368 2375 3412 et
2403 3361 2474 3414 sit
2512 3361 2652 3416 inter
2702 3362 2848 3430 ipsos
2891 3365 2944 3417 in
2988 3366 3327 3433 postmodum
3357 3382 3426 3425 ex

1811 3448 1908 3500 hac
1938 3462 1996 3501 re
2027 3450 2171 3501 omni
2213 3458 2452 3518 tempore
2495 3455 2670 3522 sopita
2700 3466 2756 3510 et
2795 3455 3014 3510 deﬁnita
3051 3466 3211 3526 atque
3240 3459 3428 3511 incon-

1808 3541 1959 3593 vulsa
1991 3541 2256 3596 causatio.

1881 3641 1905 3667 ει
1961 3629 2257 3685 Witlterius
2309 3635 2553 3689 notarius
2600 3636 2666 3691 ad
2718 3639 2890 3693 vicem
2938 3639 3223 3696 Cltrotardi
3272 3655 3424 3697 reco-

1808 3736 1990 3789 gttovt.

1882 3814 2012 3866 Data
2051 3833 2234 3868 tnense
2265 3818 2546 3874 Decembri
2577 3819 2666 3875 die
2697 3837 2784 3874 xvr
2804 3863 2817 3884 ,
2850 3840 2995 3878 anno
3029 3843 3118 3881 ιιν
3148 3841 3299 3897 regat
3321 3844 3421 3882 nn-

1805 3910 1899 3958 stri
1931 3907 1981 3958 itt
2015 3909 2105 3961 liei
2141 3912 2358 3963 nomine
2391 3910 2638 3968 feliciter.

2510 4049 2732 4104 XLVIII.

1810 4153 2328 4234 l’ttcrepttun_(_3uroli
2369 4159 2545 4229 ,ναειηὶ
2584 4165 2720 4234 regis
2765 4183 2858 4233 pro
2913 4167 3196 4224 Tttrottettsi
3251 4176 3415 4226 sancti

2135 4230 2343 4282 .llartt'tti
2394 4230 2702 4287 monasterio
2751 4230 2912 4305 (anno
2936 4239 3092 4307 782).

2120 4357 2215 4420 (Ex
2238 4358 2298 4407 ι).
2324 4361 2570 4422 Βυιιίιιιωι,
2618 4364 2815 4413 Recue'l
2838 4365 2926 4415 de;
2955 4367 3107 4428 Hist.)

136 4459 424 4529 Andgariutn
466 4473 522 4517 et
568 4465 973 4521 Ercammarnm
1019 4479 1073 4523 et
1111 4469 1395 4525 Jonathant
1443 4473 1698 4543 interpel-
1735 4508 1783 4568 ο
1878 4483 2102 4537 Carolus
2131 4484 2299 4552 gratia
2333 4485 2425 4538 Dei
2462 4501 2552 4540 rex
2583 4486 2912 4543 Francorum
2953 4501 3009 4545 et
3038 4465 3420 4561 μουεοιηηιυ-

137 4543 195 4568 Ι--
230 4557 266 4568 Δι
426 4563 461 4568 ν-
631 4555 642 4568 ι
729 4557 740 4567 υ
901 4558 930 4568 ..
1347 4564 1357 4568 -
1688 4567 1695 4568 ,

137 4543 289 4615 lasset,
321 4563 566 4620 repetens
595 4555 662 4608 ab
694 4557 773 4610 eis
801 4569 852 4610 et
882 4558 1095 4624 dicens,
1127 4576 1191 4615 eo
1219 4564 1358 4631 quod
1386 4579 1500 4618 rem
1530 4567 1697 4620 sancti

138 4634 328 4694 Dionisii
361 4645 410 4696 in
449 4645 566 4712 ipso
599 4660 734 4714 pago
765 4647 948 4701 Tellao
970 4692 983 4712 ,
1021 4652 1071 4703 in
1108 4652 1226 4707 loco
1263 4655 1351 4724 qui
1383 4654 1578 4711 dicitur
1612 4657 1704 4712 So-

139 4733 505 4802 uarciaga-villa'
531 4753 694 4807 super
725 4739 947 4794 ﬁuvium
988 4743 1082 4796 Itta
1104 4785 1117 4809 ,
1151 4762 1308 4812 quem
1341 4760 1555 4805 sanctus
1587 4749 1706 4805 Dio-

141 4821 281 4878 nisius
310 4841 399 4893 per
425 4836 584 4883 suum
613 4831 890 4886 brachium
920 4838 1273 4904 conquisivit,
1309 4853 1428 4908 post
1471 4857 1533 4896 se
1571 4844 1701 4898 reti-

143 4911 310 4969 nebant
340 4917 388 4970 itt
420 4934 515 4972 sua
551 4929 816 4988 potestate
858 4925 998 4978 malo
1033 4929 1241 4981 ordine.
1288 4930 1392 4984 Sed
1438 4933 1534 5001 ipsi
1586 4934 1704 4990 Flo-

141 5000 303 5059 doinus
326 5019 376 5063 et
399 5009 679 5066 Goduiuus
703 5022 756 5067 et
780 5029 966 5069 eorum
994 5034 1247 5087 germana
1283 5000 1579 5092 Damascia,
1611 5030 1703 5083 sed

143 5102 186 5146 ct
209 5095 474 5167 Antgarius
503 5113 560 5157 et
592 5103 971 5160 Ercammarus
1002 5119 1052 5162 et
1081 5110 1340 5167 Jonathas
1369 5116 1420 5167 iu
1455 5122 1704 5182 praesenti

145 5184 335 5242 aderant
364 5209 377 5245 :
404 5204 454 5246 et
482 5209 604 5248 cum
637 5188 1062 5266 interrogaretur
1088 5203 1154 5254 ab
1184 5204 1260 5256 eis
1289 5215 1462 5260 utrum
1492 5211 1614 5276 quid
1640 5211 1706 5266 de

147 5273 227 5332 hac
251 5294 394 5337 causa
423 5297 609 5340 contra
641 5288 911 5344 hominem
955 5293 1170 5348 nomine
1199 5297 1440 5355 Adonem
1473 5304 1708 5358 advoca-

151 5374 240 5422 tum
267 5377 425 5430 sancti
460 5378 684 5434 Dionisii
711 5381 890 5437 dicere
926 5386 1156 5450 vellent;
1192 5405 1478 5458 numquam
1520 5405 1708 5461 potue-

151 5472 250 5516 runt
273 5470 474 5526 tradere
503 5472 585 5526 vel
615 5471 884 5531 deducere
914 5477 1198 5548 rationem,
1227 5499 1320 5552 per
1345 5503 1504 5555 quam
1538 5491 1706 5558 ipsam

176 5615 603 5703 1ξρυὺξιυιι-εεξι
652 5643 717 5703 att
748 5629 1042 5688 Witberius
1077 5641 1313 5697 notarius
1346 5653 1456 5698 tttm
1487 5648 1707 5703 ordina-

153 5688 426 5784 rius-luerit:
456 5691 967 5784 Witlre‘rius'quippe
990 5688 1312 5765 muneratur

155 5765 351 5816 notarios
376 5765 548 5821 Caroli
594 5770 763 5842 Magni
792 5765 1134 5843 itttperatoris
1161 5823 1174 5849 ,
1225 5765 1705 5863 sedjno'u‘

397 5858 666 5922 Pnaoc.
715 5867 963 5931 XCVII.

1811 4593 1950 4641 rum,
1984 4591 2045 4631 ac
2081 4579 2338 4645 patricius
2392 4579 2785 4646 Romanorum,
2817 4586 3071 4639 omnibus
3111 4589 3416 4654 abbatilun,

1809 4672 2044 4741 virisque
2093 4671 2419 4738 illustribus,
2445 4674 2694 4738 ducibus,
2730 4678 3040 4742 cnu‘tinbns,
3073 4683 3411 4748 dotuestici.,

1805 4762 2161 4832 gralionibus,
2205 4765 2440 4828 vicariis,
2467 4771 2794 4821 cenlettariis
2821 4810 2834 4833 ,
2872 4771 3292 4840 jttttioribusque,
3314 4795 3411 4828 ltu-

1807 4856 2331 4927 stris,atqueutissis
2360 4861 2558 4914 nostris
2580 4862 3028 4926 discurrentibus.
3057 4872 3414 4936 praesentibus

1808 4951 2056 5005 videlicet
2086 4961 2138 5005 et
2171 4949 2385 5006 futuris.
2441 4955 2604 5009 Decet
2664 4959 2808 5010 enim
2865 4962 3060 5028 regalis
3107 4964 3412 5018 clementvv

1809 5044 2130 5112 dignitatem
2183 5055 2375 5099 cuncta
2404 5063 2522 5115 qua:
2565 5066 2593 5100 a
2645 5052 3018 5108 sacerdotibus
3077 5057 3412 5111 rationabii»

1811 5137 2079 5203 postulata
2110 5136 2326 5204 fuerint,
2349 5140 2556 5193 sollerti
2587 5157 2713 5196 cura
2749 5146 3088 5212 prospicere,
3119 5159 3174 5201 et
3213 5165 3355 5217 oppn

1812 5237 1939 5280 tuna
1974 5229 2056 5281 vel
2086 5244 2322 5298 congrua
2358 5232 2435 5284 eis
2470 5233 2724 5287 beneﬁcia
2771 5254 2877 5288 non
2929 5239 3217 5306 denegare,
3259 5253 3414 5294 ant»-

1814 5324 2132 5391 riorumque
2166 5340 2351 5393 regum
2385 5338 2501 5380 acta
2536 5330 2743 5396 ple-nm
2777 5347 2894 5396 qua:
2923 5349 3016 5394 pro
3060 5333 3152 5388 Dei
3173 5345 3302 5389 sunt
3333 5341 3414 5388 in-

1813 5414 1968 5480 tuittt,
1997 5416 2339 5470 c0nﬁrmare.
2371 5417 2538 5486 Igitur
2569 5424 2892 5478 venerabilis
2925 5427 3005 5478 vir
3033 5426 3260 5483 ltherius
3279 5431 3415 5482 abba

1812 5504 1878 5556 de
1907 5504 2126 5558 basilica
2162 5507 2450 5575 peculiaris
2484 5513 2690 5578 patroni
2725 5515 2892 5568 nostri
2941 5517 2999 5572 S.
3055 5519 3288 5584 Martini,
3324 5523 3411 5572 ubi

1813 5661 2317 5736 nec_CIt_rotardum
2373 5669 2910 5729 arelticancellattintn
2968 5679 3092 5731 alibi
3151 5680 3411 5736 invenio:

1813 5731 1951 5796 quod
2000 5733 2234 5811 ofﬁcium
2281 5738 2552 5796 llitltcrius
2579 5746 2643 5797 ad
2680 5761 2880 5802 annum
2926 5749 2991 5802 I2
3043 5731 3413 5821 regni

1812 5815 2068 5858 exercuit.

2939 5917 3010 5974 31
