3856 6220
451 214 546 265 1⁸71

1318 210 1376 263 ll.
1419 209 1663 265 CAIiUlJ
1709 209 1919 263 MACNI
1962 208 2115 264 Oi‘l’.
2159 207 2336 262 PARS
2381 208 2418 263 Ι.
2464 205 2707 261 SECTIO
2747 206 2811 261 11.

3587 201 3594 206 “
3649 199 3746 254 9τί

455 337 568 399 ipso
597 334 859 400 pretiosus
889 333 1117 384 domnus
1151 333 1201 383 in
1234 347 1459 398 corpore
1489 331 1794 397 ιἀμιὶρςιτὶι,
1823 331 2030 384 cimini-
2061 330 2106 386 Α
2139 329 2193 371 ιιι
2223 319 2337 386 ipse
2381 317 2538 381 abba,
2585 319 2662 369 vel
2705 312 2977 377 lltttlltlt‘ili,
3005 311 3089 366 vel
3135 323 3258 364 C1153
3309 312 3478 361 sancti
3530 307 3744 361 Martini
3818 307 3819 336 ³

449 434 593 478 lates
633 426 986 493 plbriosorum
1039 440 1223 492 rogum
1280 435 1681 477 auteressorum
1743 437 2043 475 nostrorum

452 521 702 574 manibus
742 535 926 593 eorum
981 519 1286 583 roboratas,
1341 528 1501 586 atque
1553 518 1734 568 domui
1790 515 2046 581 genitoris

449 618 615 672 nostri
652 616 858 684 l‘ippini
883 616 1038 669 boum
1066 614 1344 669 memoria:
1387 611 1657 678 quondam
1708 611 1870 678 regis,
1896 609 2048 662 nobis

449 708 668 776 protulit
716 707 781 759 ad
835 704 1146 774 relegendas
1189 704 1315 776 [ubi
1344 702 1719 758 continebatur
1752 700 2044 765 insertum]

448 800 678 866 qualiter
700 798 939 867 prtt‘diCIi
970 810 1125 866 reges
1151 810 1250 865 pro
1272 793 1575 849 reverentia
1627 791 1794 860 ipsius
1844 791 2046 844 beatis-

449 891 570 941 simi
602 891 660 943 S.
692 889 898 942 Martini
927 886 994 941 de
1019 887 1177 940 rebus
1202 884 1370 953 ipsius
1402 888 1452 936 in
1485 895 1668 951 regna,
1700 879 1812 934 Deo
1863 879 2044 948 propi-

450 984 547 1040 tio,
579 991 778 1042 nostra,
807 978 1044 1041 Austria,
1083 976 1328 1030 Neustria
1352 1015 1365 1039 ,
1392 971 1729 1040 Burgundio,
1764 969 2047 1037 Aquitania

447 1085 500 1127 et
533 1072 840 1134 l'rovim-ia,
875 1071 941 1123 de
972 1069 1220 1122 omnibus
1245 1067 1407 1122 rebus
1427 1075 1481 1118 et
1513 1062 1854 1117 facultatibus
1883 1061 2048 1126 ipsius

450 1163 740 1217 beatis.~imi
766 1164 821 1215 S.
843 1160 1080 1225 Martini,
1102 1159 1280 1226 quiete
1298 1159 1348 1211 in
1373 1170 1535 1224 regna
1560 1152 1806 1222 superius
1829 1150 2045 1217 scripta,

449 1257 874 1322 quibuscumque
925 1252 1054 1305 locis
1100 1248 1392 1318 majoribus
1446 1247 1529 1300 vel
1572 1243 1889 1306 minoribus,
1941 1249 2046 1291 tam

448 1350 722 1420 quodper
753 1343 1139 1414 praeceptiones
1167 1341 1250 1395 vel
1281 1337 1638 1406 indulgentias
1681 1351 1774 1388 seu
1824 1333 2048 1386 emuni-

447 1453 584 1496 tatcs
613 1439 929 1509 regum,vel
978 1454 1004 1488 a
1055 1432 1358 1489 Christianis
1402 1429 1708 1484 hominibus
1760 1436 1919 1496 atque
1970 1425 2044 1476 di-

446 1523 618 1590 versis
671 1533 1033 1586 contractibus
1085 1530 1268 1598 (quam
1329 1526 1468 1594 quod
1521 1523 1638 1594 per)
1695 1525 2045 1575 instruun-uta

446 1637 718 1680 rartarum
740 1623 805 1676 ad
835 1621 1110 1691 prml'atam
1136 1635 1312 1672 casam
1344 1618 1436 1672 Dei
1460 1616 1788 1671 confessoris
1818 1615 1876 1666 S.
1909 1610 2044 1663 Mar-

2152 410 2284 462 duas
2328 421 2506 476 partes
2557 406 2840 474 recipiant,
2872 406 3026 458 tertia
3088 417 3215 456 vero
3273 417 3394 467 pars
3451 401 3500 451 in
3563 399 3746 452 {ist-nm

2152 503 2316 553 noStri
2346 499 2526 553 sacelli
2557 500 2760 558 veniat,
2789 507 2843 548 ιιι
2875 511 2977 547 non
3011 494 3247 547 delectet
3273 507 3393 558 qua:
3437 507 3530 556 pro
3568 491 3746 543 divino

2155 593 2351 645 intuitu
2406 590 2776 644 sacerdotibus
2825 597 2951 639 sunt
3007 586 3235 648 indulta,
3287 581 3371 635 vel
3424 583 3744 635 anteriorum

2151 699 2336 753 regum
2364 683 2686 736 cmunitates
2713 679 2792 731 vel
2825 687 3062 731 nostram
3089 677 3157 730 ab
3207 675 3389 744 impiis
3442 671 3743 726 hominibus

2152 776 2398 830 lacerari.
2457 773 2564 828 Sed
2623 772 2992 834 undeCumque
3040 769 3105 823 ad
3167 780 3403 836 prasscns
3459 765 3571 834 ipsa
3625 779 3739 818 casa

2151 865 2213 918 S.
2241 865 2460 916 Martini
2489 865 2676 915 vestita
2709 876 2828 915 esse
2863 861 3091 922 videtur,
3121 859 3200 912 vel
3235 858 3450 911 inantca
3471 871 3498 910 a
3530 856 3741 925 quibus-

2150 972 2378 1023 cumque
2409 956 2516 1009 [leo
2547 956 2796 1007 timentes
2839 951 3030 1023 [Deum
3061 948 3400 1016 timentibus]
3456 947 3540 1002 vel
3594 949 3738 1000 bonis

2155 1049 2460 1101 hominibus
2490 1049 2672 1100 datum
2707 1046 2787 1098 vel
2818 1046 3075 1098 collatqu
3107 1043 3286 1108 fuerit,
3313 1042 3413 1096 sub
3437 1040 3736 1095 emunitatis

2153 1140 2306 1194 titulo
2356 1140 2626 1193 resideat:
2654 1150 2710 1190 et
2739 1138 3059 1204 quicumque
3105 1137 3169 1188 ad
3220 1136 3389 1202 ipsam
3431 1146 3612 1186 casam
3655 1133 3733 1185 Dei

2152 1233 2352 1300 aliquid
2377 1232 2508 1284 dare
2540 1230 2828 1292 voluerint,
2860 1243 2922 1281 ex
2958 1237 3135 1281 nostra
3163 1227 3483 1280 auctoritate
3515 1224 3731 1276 habeant

2153 1324 2420 1377 licentiam
2440 1323 2685 1385 faciendi,
2709 1332 2759 1374 et
2782 1318 2880 1374 sub
2903 1319 3214 1374 etnuttitatis
3238 1318 3393 1371 titulo
3416 1318 3616 1381 absque
3635 1315 3730 1366 ulla

2155 1416 2318 1469 iiscali
2371 1422 2632 1484 potestate
2677 1414 2856 1481 quiete
2904 1411 3137 1465 resideat
3165 1427 3176 1462 :
3209 1420 3262 1464 et
3296 1407 3543 1478 quicquid
3587 1408 3732 1460 tiscus

2154 1508 2564 1563 Consuetudinis
2589 1506 2766 1560 habuit
2787 1505 3100 1573 recipiendi,
3124 1505 3174 1556 in
3201 1501 3552 1556 luminaribus
3580 1499 3730 1566 ipsius

2153 1603 2322 1654 sancti
2349 1615 2450 1671 pro
2483 1608 2663 1654 nostra
2686 1600 3026 1666 eleemosyna
3058 1596 3123 1648 ad
3167 1607 3412 1665 prazsens
3469 1594 3519 1646 in
3574 1592 3726 1643 recisi

432 1709 546 1782 _'tini
575 1717 671 1772 fuit
695 1716 946 1770 collatum
972 1714 1050 1768 vel
1074 1712 1504 1782 delcgatum,aut
1537 1709 1588 1761 in
1623 1707 1810 1760 futuris
1842 1715 2042 1772 tempo-
2079 1689 2124 1748 Β
2152 1700 2514 1759 computetur,
2540 1706 2658 1746 cum
2689 1691 2802 1757 ipsa
2832 1687 3218 1752 subSequentia
3250 1694 3357 1737 tam
3402 1684 3513 1748 ipse
3561 1680 3717 1741 abba.

447 1813 598 1866 ribus
627 1809 931 1864 addendum
965 1808 1047 1859 vel
1075 1805 1454 1871 delegandum,
1481 1803 1962 1860 conﬁrmaverunt,
1991 1807 2043 1848 ιιι

442 1905 546 1958 sub
589 1901 897 1957 emunitate‘
939 1907 1118 1951 nostra
1172 1897 1314 1964 ipsas
1370 1911 1455 1948 res
1511 1894 1593 1946 vel
1657 1891 1752 1959 ipsi
1803 1890 2043 1941 homines

442 1998 503 2053 S.
525 1993 736 2048 Martini
764 1994 945 2045 vivere
977 1991 1230 2044 debeant.
1271 1989 1474 2042 Idcirco
1511 2001 1670 2054 supra
1697 1985 1873 2036 tiitflllx
1900 1984 2039 2036 Ithe-

443 2087 556 2140 rius
601 2085 737 2139 abba
791 2085 1136 2138 serenitatem
1194 2081 1341 2149 regni
1384 2081 1554 2133 nostri
1589 2077 1844 2143 petilt,ut
1893 2079 1942 2128 in
1992 2077 2040 2128 id

445 2177 623 2245 ipsum
652 2176 940 2232 roborandi
975 2173 1290 2228 beneficium
1319 2171 1497 2240 largiri
1543 2169 1887 2223 deberemus.
1935 2166 2040 2219 Cu-

441 2273 529 2340 jus
580 2287 679 2326 nos
736 2271 1049 2340 petiliiuem
1119 2267 1569 2333 consentientes,
1624 2275 1676 2320 et
1749 2265 2040 2332 patrocinia

440 2368 498 2418 5.
531 2364 743 2418 Martini
770 2373 1117 2424 venerantes,
1152 2361 1293 2413 sicut
1333 2372 1690 2426 praecessores
1732 2371 1886 2425 rcges
1933 2356 2034 2407 sin-

441 2458 700 2525 gulariter
735 2456 1039 2522 explernnt,
1073 2457 1122 2506 et
1155 2466 1250 2505 nos
1304 2451 1403 2503 hoc
1447 2448 1791 2517 indulgentia:
1840 2449 2042 2501 donum

441 2556 716 2613 gratanter
747 2545 1068 2616 prmstitisse
1090 2543 1419 2609 cognoscite.
1445 2539 1826 2608 Ρτςι-οιιιιρηιρς
1849 2539 2044 2608 quippe

442 2652 498 2694 ut
519 2654 709 2694 omnes
745 2653 830 2693 res
862 2638 1032 2709 ipsius
1066 2635 1358 2689 beatissimi
1390 2636 1445 2689 S.
1491 2633 1724 2697 Martini,
1757 2640 2044 2701 quantum-

441 2738 672 2803 r-‘umque
699 2733 750 2787 in
781 2745 968 2800 regna,
999 2729 1110 2784 Deo
1145 2727 1397 2797 propitio,
1429 2735 1632 2791 nostra,
1659 2735 1766 2777 tam
1807 2725 1857 2776 iu
1891 2722 2043 2775 villas

442 2837 498 2880 et
523 2824 721 2896 praedia
757 2822 958 2892 majora
989 2821 1071 2876 vel
1122 2819 1354 2885 modica,
1381 2832 1475 2872 seu
1511 2817 1594 2870 vel
1637 2829 1826 2869 omnes
1876 2813 2042 2867 facul-

449 2928 589 2972 tates
611 2914 906 2987 beatissimi
955 2915 1014 2968 S.
1065 2911 1276 2966 Martini
1327 2910 1426 2963 sub
1476 2905 1782 2962 cmunitatis
1831 2904 2039 2960 titulum

448 3010 748 3090 consistere
823 3005 1094 3068 debeant,
1169 3017 1226 3057 ut
1297 3001 1470 3056 nullus
1549 2999 1712 3068 judex
1797 2997 2037 3066 publicus

450 3102 565 3155 lisci
626 3099 792 3154 nosrri
849 3097 900 3151 in
952 3097 1060 3165 jam
1119 3097 1289 3149 dictas
1331 3095 1484 3147 villas
1518 3094 1599 3146 vel
1641 3091 1920 3146 facultates
1959 3091 2036 3157 ip-

449 3192 564 3245 sius
590 3189 762 3244 sancti
788 3188 852 3242 ad
899 3187 1185 3256 agendum,
1213 3183 1295 3238 vel
1347 3198 1535 3237 caus:is
1576 3182 1641 3236 ad
1690 3182 2036 3246 audiendum,

446 3302 543 3340 seu
566 3285 714 3339 frcda
747 3286 828 3338 vel
885 3282 1190 3336 irtfvrctitlas
1239 3278 1627 3339 exactandum,
1657 3277 1738 3330 vel
1775 3277 2037 3330 teloneum

447 3377 765 3438 tollendum,
793 3385 886 3428 aut
922 3375 1126 3428 nulluru
1176 3374 1475 3441 ingresstuu
1521 3384 1614 3423 seu
1662 3369 1937 3423 iutroitutu
1988 3368 2040 3422 itt

451 3468 609 3521 villas
636 3469 694 3521 S.
721 3463 932 3519 Martini
968 3464 1163 3518 habere
1190 3471 1476 3532 przusumat
1504 3479 1512 3511 :
1551 3461 1641 3512 sed
1669 3459 1918 3527 quiequid
1943 3474 2037 3512 ex-

447 3560 578 3614 inde
606 3561 673 3613 ab
703 3559 934 3627 antiquis
966 3556 1297 3639 temporibus
1327 3559 1486 3610 liscus
1506 3565 1705 3619 uoster,
1748 3564 1852 3606 tam
1909 3568 2041 3620 pra:-

449 3652 610 3707 terito
635 3665 795 3721 quam
828 3661 884 3705 et
911 3658 1176 3719 prrcsente
1207 3659 1450 3716 tempore
1498 3646 1741 3714 accipere
1781 3645 1860 3698 vel
1911 3659 2043 3698 exa-

452 3754 599 3799 etare
615 3755 988 3807 consueverat,
1003 3743 1180 3797 omnia
1200 3750 1252 3794 et
1269 3757 1330 3794 ex
1350 3739 1596 3795 omnibus
1618 3754 1680 3794 ex
1709 3740 1836 3793 liseo
1860 3746 2044 3790 nostro

451 3837 716 3904 cedimus,
742 3836 872 3890 utin
906 3833 1256 3889 luminaribus
1289 3833 1452 3900 ipsius
1485 3831 1776 3886 beatissimi
1808 3829 1867 3882 S.
1899 3819 2043 3880 Mar.-

456 3926 576 3995 tini,
604 3928 686 3980 vel
714 3929 763 3980 iu
793 3924 1047 3979 alimonia
1075 3938 1386 3990 pauperum,
1417 3935 1510 3978 seu
1553 3919 1812 3988 stipendia
1863 3932 2047 3970 mona-

452 4020 676 4072 chorum
694 4014 939 4084 proficiat
957 4013 1008 4065 in
1024 4021 1389 4082 augmentum.
1416 4008 1480 4062 Et
1502 4009 1701 4062 nullam
1728 4015 2046 4076 potestatem

452 4110 612 4178 iudex
644 4108 884 4177 publicus
916 4104 1028 4159 ﬁsci
1063 4104 1227 4157 no~tri
1257 4116 1421 4171 super
1462 4101 1712 4169 praelatos
1756 4101 1912 4153 villas
1957 4099 2041 4152 vel

453 4199 732 4254 tacultates
755 4195 812 4252 S.
847 4194 1060 4249 Martini
1087 4209 1180 4263 per
1213 4192 1600 4262 qualecumque
1640 4190 1910 4259 ingenium
1956 4190 2051 4241 ba-

455 4296 585 4347 bere
612 4305 672 4345 se
693 4297 1044 4358 recognoscat
1082 4304 1092 4338 :
1128 4288 1221 4340 sed
1263 4286 1328 4337 ab
1370 4284 1515 4338 omni
1561 4282 1722 4337 tiscali
1765 4291 2047 4350 potestate,

2148 1799 2306 1852 quam
2361 1793 2415 1837 et
2455 1793 2795 1836 successores
2844 1777 2926 1832 sui
2980 1792 3169 1830 omnes
3216 1789 3304 1829 res
3351 1773 3518 1842 ipsius
3572 1772 3725 1824 sancri

2147 1876 2385 1940 Martini,
2411 1875 2511 1930 sub
2540 1877 2743 1944 integra
2775 1871 3069 1928 cmunitate
3097 1868 3485 1938 perpetualiter
3514 1865 3725 1919 tiCilt‘alll

2148 1969 2346 2023 habere
2370 1979 2422 2023 ct
2449 1967 2750 2036 possidere.
2779 1962 2913 2018 Etsi
2944 1963 3230 2016 aute-actis
3279 1959 3605 2026 temporibus
3645 1973 3725 2024 per

2147 2060 2381 2128 aliquam
2414 2057 2791 2126 negligentiam
2848 2054 2929 2107 vel
2984 2051 3314 2121 tepiditatem
3361 2049 3604 2101 abbatum
3646 2059 3725 2098 aut

2148 2146 2842 2218 pnesumtionetujudieum
2875 2143 2944 2197 de
2990 2145 3099 2209 ipsa
3133 2139 3430 2194 emunitate
3456 2139 3715 2204 quicquam

2148 2241 2471 2301 minuatum,
2508 2233 3232 2303 irruptum,convulsumque
3278 2237 3370 2281 aut
3410 2225 3715 2279 Confractqu

2147 2331 2266 2396 luit,
2282 2326 2609 2384 omnimodis
2625 2327 2708 2379 bis
2731 2322 2929 2378 nostris
2953 2319 3362 2376 auctoritatibus
3385 2328 3437 2371 et
3462 2316 3714 2370 beuclieiis

2147 2429 2498 2475 restauretur.
2547 2417 2614 2470 Et
2656 2416 2881 2470 ulterius
2906 2413 3109 2467 nullum
3167 2422 3430 2472 nostrum,
3458 2408 3714 2475 nullusque

2144 2514 2424 2584 juniornm
2481 2519 2784 2565 nostrorum
2847 2520 2938 2561 aut
2990 2517 3366 2560 successorum
3434 2486 3711 2566 intrari-gere

2149 2605 2288 2674 quod
2322 2603 2712 2666 consensimus,
2736 2607 2836 2653 ‘aut
2866 2599 3068 2652 violare
3092 2611 3196 2649 non
3248 2603 3534 2665 pra'sumat
3567 2610 3577 2644 :
3608 2592 3711 2653 sed,

2148 2699 2290 2753 sicut
2319 2696 2565 2765 superius
2595 2695 2797 2748 dictum
2823 2701 2927 2756 est,
2958 2706 3080 2746 cum
3111 2687 3421 2758 plenissima
3451 2684 3714 2739 emunitaie

2154 2787 2427 2859 (pacilice)
2459 2801 2580 2840 cum
2613 2785 2704 2840 Dei
2734 2782 3003 2852 adjutorio
3025 2781 3106 2835 vel
3135 2789 3317 2834 nostra
3361 2781 3527 2847 gratia
3557 2777 3712 2828 omnia

2148 2881 2380 2943 valeant,
2426 2892 2546 2947 qum
2569 2877 2669 2930 sibi
2699 2875 2821 2929 data
2857 2875 2936 2928 vel
2961 2873 3135 2926 danda
3185 2870 3408 2935 fuerint,
3443 2869 3710 2936 possidere.

2143 2970 2215 3024 Et
2246 2968 2480 3022 huehmc
2507 2965 2791 3034 praeceptio
2815 2965 2955 3017 circa
2983 2962 3152 3031 ipsam
3175 2974 3355 3014 casam
3407 2972 3473 3010 ac
3521 2969 3712 3010 venera-

2068 3055 2114 3116 C
2149 3064 2310 3116 bilem
2337 3061 2622 3117 ecclesiam
2647 3057 2818 3113 sancti
2839 3056 3048 3111 Martini
3073 3071 3168 3124 pro
3191 3053 3387 3107 futuris
3413 3047 3710 3116 temporibus

2147 3155 2319 3207 valeat
2342 3152 2659 3222 perdurare,
2694 3165 2854 3204 manu
2889 3147 3104 3217 pr0pria
3136 3160 3254 3200 eam
3288 3145 3474 3198 subter
3503 3141 3707 3196 lirtnario

2145 3259 2283 3309 lllllS,
2309 3254 2362 3298 et
2387 3243 2531 3296 anuli
2558 3242 2730 3296 nOstri
2762 3239 3120 3308 impressione
3151 3235 3500 3307 signavimus.

2218 3337 2438 3404 Signum
2470 3332 2644 3388 Caroli
2670 3328 3044 3400 gloriosissimi
3074 3328 3243 3398 regis.

2226 3427 2377 3480 liado
2408 3426 2597 3494 reb-git
2619 3433 2674 3478 et
2695 3421 2997 3488 suscripsil.

2222 3520 2350 3574 Data
2387 3521 2437 3572 in
2464 3532 2648 3571 mense
2673 3515 3022 3585 Aprili,auno
3045 3529 3074 3567 ι
3099 3521 3154 3568 et
3175 3525 3200 3553 α
3230 3526 3342 3566 vim
3372 3511 3518 3580 regni
3547 3507 3706 3563 nostri.

2148 3615 2338 3668 Actum
2371 3618 2398 3655 ιι
2429 3610 2652 3665 Casiaco
2686 3607 2884 3678 palatio
2913 3607 3082 3676 regio,
3115 3606 3168 3662 iu
3199 3604 3292 3659 Dei
3334 3605 3548 3658 nomine
3571 3602 3710 3657 felici-

2152 3719 2255 3762 ter.
2287 3710 2480 3760 Amen.

2851 3767 3035 3824 XLIX.

2154 3867 2372 3921 Donatio
2430 3863 2770 3931 IIi/degnrdw
2820 3863 3012 3931 regina:
3070 3877 3184 3931 pro
3216 3864 3525 3913 urorrrrsterio
3574 3857 3707 3911 structi

2663 3938 2700 3986 Α
2711 3935 2864 3998 ntulit
2879 3929 3054 4003 ‘(unuo
3083 3929 3235 3997 785).

2608 4025 2702 4084 (Ex
2725 4025 2856 4073 dom.
2882 4022 3113 4082 Calmet.,
3142 4022 3290 4083 ibid.)

2228 4112 2550 4184 llildegarda
2579 4113 2747 4182 gratia
2775 4110 2862 4164 Dei
2891 4109 3218 4164 Francorum
3251 4107 3456 4178 regina.
3481 4104 3702 4174 Quidquid

2157 4210 2299 4261 enim
2327 4207 2458 4260 locis
2481 4214 2790 4257 Sanctorum
2817 4199 3200 4254 venerabilium
3238 4198 3308 4254 ob
3354 4212 3584 4253 amorem
3625 4197 3704 4250 Do-

2158 4297 2284 4349 mini
2317 4296 2487 4349 nostri
2505 4293 2629 4348 .Iesu
2647 4292 2844 4346 Clu-isti
2869 4290 3214 4346 concedimus
3236 4288 3320 4345 vel
3343 4286 3701 4349 conﬁrmamus,

455 4394 616 4451 ablue
634 4381 702 4435 de
725 4378 994 4447 praedictis
1022 4377 1181 4432 rebus
1202 4374 1262 4432 S.
1289 4375 1502 4430 Martini
1527 4389 1740 4440 semper
1761 4385 2050 4428 extraneos

2162 4390 2262 4443 hoc
2291 4388 2443 4442 nobis
2475 4387 2658 4455 procul
2686 4385 2852 4439 dubio
2881 4384 2946 4437 ad
2992 4382 3295 4438 mercedem
3346 4384 3644 4446 animarum,
3663 4391 3702 4434 et

455 4485 508 4527 et
536 4479 776 4529 remotus
805 4470 895 4536 sit,
925 4479 980 4525 et
1027 4484 1128 4524 nec
1177 4469 1371 4538 aliquis
1427 4481 1678 4533 umquam
1737 4466 2051 4520 occasiones

459 4565 755 4633 inquirere,
784 4564 924 4615 unde
950 4562 1191 4614 homines
1213 4559 1268 4613 S.
1316 4556 1525 4610 Martini
1577 4555 1916 4624 dispendium
1971 4558 2050 4610 fa-

457 4672 584 4712 cere
610 4655 862 4720 debeant,
909 4654 980 4706 sit
1026 4665 1195 4708 ausus
1238 4666 1565 4720 prtesumcre
1600 4667 1610 4703 :
1650 4652 1745 4704 sed
1799 4651 2054 4719 inspecta:

461 4749 782 4802 etnunilates
810 4745 1138 4800 anteriorum
1189 4759 1392 4813 regum,
1432 4743 1513 4795 vel
1546 4748 1728 4796 nostra
1781 4741 1834 4795 in
1875 4741 2050 4794 omni-

461 4843 562 4895 bus
591 4849 1000 4893 conserventur.
1039 4836 1100 4889 Et
1130 4839 1172 4888 si
1197 4837 1391 4904 aliquis
1433 4835 1594 4888 fuerit
1623 4847 1828 4898 comes,
1862 4833 2053 4886 dome-

459 4935 646 4994 sticus,
663 4945 760 4985 seu
790 4930 982 4998 gratio,
1013 4929 1265 4989 vicarius,
1302 4928 1382 4982 vel
1428 4928 1706 4989 tribunus,
1738 4942 1830 4979 seu
1877 4925 2055 4993 quali-

458 5040 691 5092 cumque
730 5021 1009 5092 judiciaria
1045 5029 1308 5088 potestate
1355 5019 1684 5084 suctinetus,
1729 5021 1816 5087 qui
1876 5016 2054 5071 indul-

461 5119 695 5188 gentiam
748 5126 800 5170 ct
833 5115 1125 5169 bonitatem
1164 5113 1371 5182 pioruru
1402 5122 1456 5166 et
1502 5123 1708 5178 patrum
1751 5120 2053 5164 nostrorum

462 5227 668 5278 regum,
697 5209 777 5262 vel
805 5217 1046 5260 nustrain
1081 5207 1496 5273 praeceptionem
1526 5203 1825 5271 irrumpere
1856 5217 1919 5256 ac
1943 5201 2054 5256 vio-

464 5304 574 5354 lare
615 5298 996 5368 pnesumserit,
1051 5306 1429 5350 sescentorum
1473 5295 1768 5348 solidorum
1816 5295 1930 5346 auri
1993 5292 2058 5346 ad

465 5408 658 5462 purum
682 5393 891 5445 CXCUCll
925 5403 1206 5442 umnerum
1239 5404 1296 5442 se
1321 5395 1612 5455 cognoscat
1641 5386 1704 5437 ad
1754 5387 1920 5454 ipsaru
1970 5400 2060 5438 ca-

463 5505 579 5541 sam
605 5485 776 5540 sancti
805 5483 1018 5538 Martini
1046 5482 1128 5538 vel
1160 5482 1383 5537 abbates
1415 5497 1540 5535 suos
1567 5480 1903 5535 rnultaudum
1940 5496 1952 5532 :
1991 5480 2059 5533 ita

438 5695 445 5700 .
509 5631 565 5711 ’ξ
602 5640 989 5711 (Iorrigendum
1024 5656 1133 5694 vut.

537 5709 578 5746 1*
609 5707 784 5768 r'orte'
814 5713 1130 5778 legendum,
1184 5711 1482 5779 Carisiugo;
1556 5723 1677 5763 nam
1727 5709 1778 5763 in
1830 5722 1891 5763 ea
1936 5707 2056 5762 villa’

2155 4479 2381 4533 salutem
2432 4477 2704 4532 credimus
2752 4477 3037 4546 pervenire
3093 4489 3408 4544 corporum.
3461 4474 3700 4544 Igiturno-

2157 4582 2265 4625 tum
2293 4570 2364 4624 sit
2413 4569 2654 4625 omnium
2707 4567 2941 4622 lidclium
3005 4577 3310 4620 nostrorum
3364 4562 3701 4634 magnitudini,

2159 4665 2505 4731 praesentium
2535 4670 2586 4716 et
2613 4658 2934 4726 futurorum,
2965 4659 3194 4727 qualiter
3225 4673 3324 4711 nos
3344 4671 3468 4710 cum
3499 4655 3701 4713 consilio.

2160 4757 2436 4810 voluntate
2465 4763 2520 4807 et
2553 4753 2816 4820 perruissu
2845 4750 3025 4804 domui
3049 4758 3104 4803 ct
3132 4748 3351 4818 gloriosi
3381 4747 3552 4817 magni
3573 4749 3704 4816 impe-

2161 4845 2352 4899 ratoris
2381 4841 2580 4904 Caroli,
2613 4842 2677 4893 ad
2723 4839 2997 4894 basilicam
3045 4853 3164 4908 qua:
3210 4846 3294 4893 est
3341 4846 3625 4892 constructa
3664 4837 3701 4890 in

2162 4938 2365 4989 honore
2395 4934 2568 4993 sancti
2601 4930 2787 4985 Jacobi
2812 4930 3066 4999 apostoli,
3098 4929 3178 4985 vel
3207 4939 3528 4984 cancrorum
3553 4929 3704 4983 beato-

2160 5041 2276 5082 rutn
2306 5025 2699 5095 apostolorum,
2731 5023 2820 5078 ubi
2875 5023 3083 5077 scilicet
3125 5023 3439 5093 Aruulphus
3491 5021 3703 5090 pretiosus

2159 5135 2387 5190 corpore
2419 5118 2728 5187 requiescit,
2764 5127 2968 5185 partem
2993 5114 3286 5169 dotatalicii
3313 5113 3506 5177 nostri,
3534 5113 3590 5167 ab
3618 5114 3704 5182 ipso

2163 5212 2403 5282 piissimo
2427 5209 2752 5278 imperatore
2778 5206 2930 5260 nobis
2956 5209 3224 5269 com-essi,
3243 5206 3343 5259 hoc
3367 5216 3448 5259 est
3482 5205 3701 5263 \‘acarias,

2161 5317 2215 5360 et
2246 5305 2435 5359 subtus
2461 5311 2665 5357 cortem
2702 5300 2861 5354 sitam
2893 5300 2944 5353 in
2976 5299 3166 5353 ducatu
3193 5298 3475 5367 Moslinge,
3513 5296 3558 5348 iu
3576 5294 3702 5348 corni-

2163 5409 2273 5452 tatu
2303 5396 2550 5463 Meteosi,
2573 5411 2675 5449 una
2699 5409 2819 5448 cum
2854 5393 3187 5462 appendieiis
3219 5400 3322 5446 cte
3357 5391 3516 5444 clesia
3547 5391 3590 5443 in
3624 5386 3704 5440 lio-

2165 5505 2297 5546 uore
2345 5488 2564 5560 pretiosi
2619 5485 2880 5556 Aruulphi
2930 5488 2982 5541 in
3030 5485 3282 5556 praedicta
3331 5483 3458 5538 villa
3506 5478 3703 5536 Vacarias

2167 5631 2365 5759 ipsein:
2408 5628 2642 5756 t{iambis
2707 5627 3029 5694 celebravit,
3089 5637 3146 5683 ut
3205 5635 3470 5684 testantur
3525 5620 3700 5680 Annales

2188 5721 2300 5759 tulit
2328 5717 2400 5756 iar
2445 5718 2480 5755 ι.

2188 5717 2480 5775 agninam".
