3868 6212
94 331 167 382 9'}
176 329 211 384 3

93 449 438 499 constructa,
468 451 590 491 cum
623 431 767 485 omni
803 426 1131 495 integritate,

94 535 230 597 bus,
257 530 517 592 aediliciis,
544 526 848 587 accolabus,
881 517 1183 588 mancipiis,
1231 515 1427 586 sylvis,
1475 509 1702 579 campis,

96 626 304 692 pratis,
343 621 574 692 pascuis,
603 616 778 686 aquis,
812 626 1141 681 aquarumve
1164 609 1505 671 decursibus,
1525 602 1728 691 omnia

92 727 159 771 et
191 730 261 770 ex
287 713 559 774 omnibus,
595 725 688 776 per
721 711 856 762 hanc
891 715 1128 760 nostram
1158 701 1538 757 autlioritatem
1578 711 1709 752 cou-

93 808 356 864 cedimus
386 815 440 861 et
491 803 864 860 condonamus
912 796 1298 866 perpetualiter
1327 793 1392 849 ad
1427 789 1712 860 possiden-

95 902 272 965 dum,
298 915 419 968 quze
445 897 625 950 omnia
652 910 774 950 cum
807 890 1126 960 adjacentiis
1147 887 1279 956 suis,
1313 888 1436 943 ideo
1463 883 1712 954 specialia

99 1001 194 1046 ter
227 991 284 1046 in
315 992 433 1060 ipso
459 989 577 1044 loco
625 985 998 1049 concedimus,
1025 979 1148 1052 quia
1190 981 1286 1046 ibi,
1315 979 1425 1034 Deo
1473 976 1711 1044 lavente,

97 1095 344 1150 corpore
365 1081 646 1150 quiescere
697 1075 966 1142 volumus.
1017 1075 1082 1128 Et
1125 1073 1247 1140 quia
1297 1071 1499 1126 scimus
1551 1069 1714 1123 multa

99 1191 236 1244 qua:
263 1175 412 1242 prius
441 1173 683 1227 studiose
714 1174 864 1234 liunt,
897 1179 1076 1236 postea
1111 1166 1494 1236 refrigescente
1533 1162 1717 1218 chari-

102 1278 262 1336 tate,
309 1269 361 1322 in
413 1265 794 1338 negligentiam
849 1263 1128 1325 devenire,
1178 1261 1298 1314 ideo
1351 1257 1720 1313 interdicimus

102 1359 369 1412 omnibus
392 1357 702 1421 abbatibus,
731 1369 825 1408 seu
868 1351 1184 1407 custodibus
1211 1350 1455 1418 ejusdem
1499 1360 1722 1402 venera-

103 1446 241 1500 bilis
273 1447 402 1511 loci,
433 1453 491 1501 et
523 1460 618 1514 per
638 1443 879 1498 divinum
909 1457 1005 1497 eos
1035 1441 1369 1496 obtestamur
1396 1452 1646 1500 examen,
1668 1445 1724 1491 ut

103 1538 224 1607 jam
258 1539 434 1593 dictas
460 1553 550 1593 res
580 1551 851 1606 nunquam
883 1544 1214 1604 prmsumant
1251 1531 1412 1588 alicui
1463 1531 1725 1586 beneﬁcio

105 1627 389 1692 tribuere,
417 1643 516 1683 nec
547 1642 643 1698 per
673 1627 998 1696 precariam,
1029 1635 1088 1680 ut
1117 1623 1232 1678 fieri
1261 1623 1431 1689 solet,
1460 1624 1722 1690 pmbere,

114 1733 227 1777 nec
261 1720 327 1773 ad
359 1719 562 1773 nullum
591 1717 812 1772 omnino
841 1717 998 1772 istius
1029 1715 1212 1770 saeculi
1243 1729 1399 1769 usum
1430 1714 1723 1775 innectere,

397 318 629 379 CODEX
670 309 1199 374 oiecouiricos.
1245 336 1312 347 -
1356 302 1773 361 ρηινιιιεαιςλ.
1816 328 1887 340 -
1926 299 1965 350 ι.
2009 293 2261 349 l’lth‘lL.
2307 292 2438 350 PElt
2481 289 2761 348 GALLlA-Z
2804 289 3102 348 murus.

1164 431 1273 476 tam
1308 419 1495 482 terris,
1526 413 1703 470 domi-
1736 422 1781 474 Α
1811 426 1932 463 eum
1963 410 2304 479 appenditiis,
2333 406 2580 462 ecclesiis
2613 421 2734 475 qua;
2764 404 2828 460 ad
2875 405 3045 472 ipsam
3069 407 3250 460 v.llani
3283 421 3410 476 per-

3268 293 3402 357 ,974

1813 507 1984 558 liuere
2035 503 2315 568 videntur,
2352 516 2475 555 cum
2519 499 2666 555 omni
2715 499 3046 569 integritate,
3081 511 3186 554 tam
3234 504 3416 563 terris,

1812 595 2084 658 domibus,
2110 593 2376 655 azdilicus,
2410 590 2716 654 accolabus,
2755 590 3057 659 mancipiis,
3091 589 3286 656 vineis,
3326 594 3419 647 sil-

1811 691 1914 752 vis,
1948 688 2173 756 campis,
2207 684 2408 752 pratis,
2439 683 2680 752 pascuis,
2709 683 2860 753 aquis
2884 725 2897 748 ,
2955 699 3286 754 aquarumve
3327 688 3425 740 de-

1814 783 2097 847 cursibus;
2131 782 2310 836 omnia
2339 789 2393 836 et
2415 797 2478 836 ex
2508 783 2758 836 omnibus
2784 795 2876 849 per
2902 785 3041 836 banc
3065 793 3304 836 nostram
3331 797 3420 836 an-

1817 878 2127 932 thoritatein
2147 877 2524 943 concedimus,
2541 876 2625 929 vel
2651 874 3021 929 condonamus
3039 877 3426 945 perpetualitcr

1817 969 1883 1022 ad
1917 967 2301 1038 possidendum
2329 984 2343 1020 :
2370 981 2529 1035 quam
2559 968 2738 1020 villam
2771 982 2894 1020 cum
2926 969 3177 1023 omnibus
3197 967 3310 1023 suis
3329 967 3426 1021 ad-

1815 1062 2066 1132 jaceutiis
2099 1060 2222 1114 ideo
2249 1058 2564 1128 specialiter
2591 1059 2642 1112 in
2671 1059 2787 1127 ipso
2817 1067 3006 1112 sam-to
3037 1057 3154 1112 loco
3176 1058 3431 1114 concedi-

1824 1170 1961 1218 mus,
1997 1164 2051 1206 ut
2076 1152 2271 1207 exinde
2304 1167 2400 1220 pro
2433 1151 2674 1206 remedio
2708 1151 2979 1219 prmdictm
3033 1151 3281 1222 conjugis
3315 1141 3427 1206 'no-

1823 1256 1970 1310 straz,
1997 1244 2254 1299 continue
2279 1243 2368 1296 die
2398 1252 2667 1312 noctuque
2692 1243 2975 1298 luminaria
3006 1245 3069 1298 ad
3101 1248 3218 1314 ejus
3247 1247 3431 1311 sepul-

1824 1337 2015 1391 chrum
2075 1336 2189 1389 lieri
2239 1335 2492 1388 debeant.
2545 1335 2609 1389 Et
2644 1337 2766 1405 quia
2819 1337 3023 1392 scimus
3087 1339 3254 1393 multa
3309 1354 3433 1409 qua:

1829 1430 1980 1498 prius
2005 1429 2245 1482 studiose
2302 1430 2455 1492 tiunt,
2478 1439 2664 1498 postea
2718 1430 3108 1500 refrigescente
3148 1432 3439 1497 cbaritate,

1834 1521 1890 1573 in
1917 1519 2297 1590 negligentiam
2326 1521 2602 1584 devenire,
2639 1521 2844 1576 idcirco
2869 1523 3240 1578 interdicimus
3265 1527 3438 1580 omni-

1836 1613 1936 1668 bus
1961 1615 2250 1668 abbatibus
2299 1616 2413 1668 sive
2462 1615 2776 1670 custodibus
2823 1615 3068 1686 ejusdem
3123 1619 3446 1674 venerabilis

1838 1709 1962 1771 loci.
1999 1717 2056 1762 et
2079 1723 2173 1776 per
2203 1709 2445 1763 divinum
2471 1725 2566 1764 eos
2594 1711 2930 1766 obtestamur
2951 1727 3206 1776 examen,
3235 1725 3290 1768 ut
3331 1713 3443 1784 jam

105 1810 212 1864 sed
247 1824 472 1878 semper
504 1813 555 1864 in
583 1809 775 1864 eodem
812 1805 1107 1863 venerabili
1158 1805 1276 1861 loco
1326 1807 1392 1860 ad
1442 1819 1570 1860 usus
1622 1803 1731 1858 Deo
1769 1793 1811 1852 Β
1844 1799 2008 1854 ratam
2044 1802 2226 1855 villam
2262 1817 2536 1871 nunquam
2591 1813 2919 1871 pra-sumant
2974 1804 3132 1872 alicui
3188 1804 3448 1859 beneﬁcio

111 1904 190 1956 ibi
226 1901 581 1957 servientium
614 1901 912 1970 perpetuali
940 1899 1061 1966 jure
1100 1897 1313 1953 subdita
1359 1905 1726 1966 permaneant.

110 1995 176 2050 Si
201 1995 330 2063 quis
360 2007 539 2050 autem
570 2010 637 2048 ex
665 1993 949 2048 abbatibus
969 1990 1264 2047 venerandi
1286 1989 1428 2044 illius
1453 1989 1555 2043 loci
1597 1989 1735 2042 lianc

115 2095 384 2140 nostram
420 2088 750 2142 voluntatem
779 2085 979 2138 violare
1020 2083 1444 2152 praesumpserit,
1474 2089 1733 2136 aeternam

113 2193 232 2233 ttOn
279 2181 467 2235 valeat
488 2183 726 2249 eﬂugere
756 2177 1181 2240 damnationem,
1214 2188 1268 2232 et
1297 2178 1510 2232 beatum
1538 2176 1734 2230 adver-

110 2288 244 2327 sum
269 2289 330 2325 se
363 2272 727 2342 Arnulpbuni,
754 2288 861 2326 non
887 2270 1214 2341 adjutorem,
1239 2270 1334 2324 sed
1369 2270 1547 2339 potius
1602 2284 1740 2322 seu-

112 2366 224 2418 tiat
257 2377 656 2422 accusatorem.
688 2367 890 2420 Omnes
921 2373 1099 2417 autem
1153 2373 1370 2418 tiastros
1418 2363 1508 2431 qui
1572 2360 1740 2416 l’oturi

113 2465 274 2518 sunt,
300 2471 400 2524 per
427 2455 700 2511 Christum
730 2456 822 2510 Dei
855 2453 1044 2510 Filium
1074 2457 1474 2523 redemptorem
1499 2454 1740 2508 omnium

115 2549 474 2617 adjuramus,
507 2558 562 2605 et
602 2552 947 2617 exposcimus
997 2563 1365 2611 successores,
1400 2547 1516 2604 sive
1563 2549 1746 2617 cujus-

124 2655 384 2709 cumque
412 2641 623 2695 ordinis
645 2642 876 2709 jndices,
908 2650 966 2695 tit
997 2641 1174 2695 nullus
1217 2640 1318 2695 hoc
1361 2640 1504 2709 quod
1555 2641 1747 2695 statui-

115 2747 251 2786 mus
298 2731 502 2787 audeat
558 2734 902 2801 irrumpere.
963 2742 1018 2786 et
1070 2731 1310 2799 quolibet
1365 2730 1528 2785 modo
1586 2731 1748 2786 aliter

117 2841 297 2895 quam
334 2827 626 2890 voluimus,
659 2825 968 2881 immutare.
998 2825 1153 2893 Quod
1186 2825 1230 2878 si
1266 2825 1387 2894 quis
1431 2840 1616 2880 eorum
1674 2827 1748 2879 l'a-

119 2930 264 2969 cere
298 2917 614 2980 tentaverit,
649 2915 910 2986 quidquid
935 2917 1050 2986 ipse
1077 2919 1349 2979 statuerit,
1372 2930 1400 2966 a
1432 2931 1532 2970 suo
1553 2917 1752 2970 sentiat

115 3006 452 3063 adversario
472 3009 725 3072 convelli,
747 3020 804 3062 et
829 2995 1050 3075 insuper
1069 3006 1335 3076 judicium
1361 3007 1432 3061 sit
1461 3006 1750 3062 habiturus

121 3101 450 3164 nobiscum,
479 3089 659 3154 coram
689 3101 990 3167 ju..tissimo
1015 3099 1219 3170 judice.
1249 3100 1316 3153 Et
1339 3109 1397 3154 ut
1421 3101 1534 3154 haec
1559 3102 1754 3155 autho-

1839 1895 2100 1961 tribuere,
2127 1912 2224 1950 nec
2253 1911 2347 1965 per
2373 1897 2696 1966 precariam,
2723 1900 2909 1954 utlieri
2935 1900 3158 1968 assolet,
3180 1902 3444 1970 prazberc,

1839 2005 1938 2044 nec
1965 1990 2031 2045 ad
2067 1991 2270 2045 nul’um
2307 1994 2530 2047 omnino
2559 1993 2715 2048 istius
2738 1995 2922 2050 sicculi
2956 2011 3108 2050 usum
3134 1997 3446 2057 innectere,

1839 2083 1957 2149 sed,
1990 2095 2046 2136 ut
2076 2085 2332 2149 diximus,
2359 2100 2458 2152 pro
2488 2087 2729 2142 remedio
2776 2087 2974 2143 anima:
3022 2090 3189 2159 ipsius
3237 2089 3451 2144 dilecta:

1845 2175 2097 2247 conjugis
2126 2186 2328 2231 nostra:
2353 2177 2696 2247 llildegarde,
2717 2181 2782 2232 ad
2803 2181 2975 2249 ipsum
3001 2191 3246 2235 sanctum
3277 2183 3451 2234 locum
3528 2183 3540 2192 ‘

1844 2268 2133 2322 luminaria
2169 2270 2568 2324 incessabiliter
2615 2270 2778 2336 ﬁant;
2835 2282 2888 2326 et
2938 2273 3080 2342 quod
3140 2289 3203 2328 ex
3264 2273 3454 2328 iisdem

1849 2361 2204 2414 luminaribus
2227 2361 2586 2430 superfuerit,
2617 2365 2692 2416 illi
2741 2363 2941 2418 exinde
2993 2365 3341 2436 pra-ordinati
3389 2369 3455 2416 ab

1847 2455 1972 2524 ipsis
2003 2455 2316 2508 custodibus
2349 2457 2578 2521 alantur,
2613 2458 2704 2526 qui
2747 2472 2844 2525 pro
2875 2473 3018 2526 sepe
3063 2457 3185 2512 fata:
3238 2459 3452 2514 dilecta.

1848 2554 2049 2598 nostra:
2075 2547 2324 2618 conjugis
2363 2547 2541 2600 anima
2573 2561 2598 2588 ει
2634 2549 2828 2603 missas
2855 2551 3096 2620 quotidie
3129 2552 3230 2606 l'aci
3252 2559 3352 2615 .ttt,
3375 2553 3456 2606 vel

1855 2637 2206 2704 psalmodiam
2239 2648 2294 2692 et
2325 2655 2512 2707 preces
2563 2638 2616 2695 in
2660 2654 2959 2712 conspectu
3009 2643 3220 2697 Domini
3268 2643 3463 2712 jugiter

1849 2729 2148 2786 effundant.
2202 2732 2258 2786 Si
2304 2734 2425 2802 quis
2480 2741 2660 2788 autem
2709 2749 2773 2788 ex
2835 2735 3118 2790 abbatibus
3164 2739 3454 2790 venerandi

1852 2822 1999 2877 illius
2033 2822 2136 2879 loci
2165 2825 2303 2878 hanc
2333 2834 2573 2880 nostram
2598 2840 2664 2880 vo
2692 2836 2932 2880 untatem
2961 2827 3164 2882 violare
3194 2843 3460 2894 praesum-

1862 2919 2051 2987 pserit,
2085 2930 2343 2973 aeternam
2371 2918 2610 2989 elTugere
2639 2936 2748 2973 non
2803 2921 2978 2975 valeat
3025 2919 3426 2976 damnatiOnem
3449 2966 3463 2984 ,

1857 3023 1912 3068 et
1944 3012 2159 3068 beatum
2193 3015 2482 3070 adversum
2511 3029 2571 3070 se
2604 3013 2968 3083 Arnulphum,
3001 3030 3108 3069 non
3138 3015 3464 3084 adjutorem,

1856 3104 1953 3159 sed
1983 3106 2160 3174 potius
2189 3105 2387 3160 sentiat
2412 3102 2817 3168 accusatorem;
2864 3109 2958 3160 sed
3003 3114 3058 3159 et
3097 3120 3287 3159 servos
3337 3105 3465 3167 Dei,

121 3189 267 3240 ritas
343 3163 554 3241 liriiiior
606 3163 888 3251 habeatur,
946 3163 1034 3240 vel
1086 3187 1358 3241 diuturnis
1417 3187 1752 3256 temporibus
1777 3163 1824 3228 ο
1857 3197 1950 3266 qui
1983 3163 2048 3251 ξω
2077 3197 2181 3252 hoc
2202 3212 2339 3266 opus
2369 3196 2719 3267 prmordinati
2749 3163 2969 3260 fuerint,
3012 3211 3105 3265 per
3136 3163 3467 3252 individuum

122 3280 338 3335 melius
367 3293 747 3345 conservetur,
781 3280 1008 3334 domnus
1039 3290 1225 3334 noster
1255 3290 1310 3334 et
1339 3281 1620 3349 piissimus
1644 3280 1753 3334 liii-

122 3387 262 3440 pera
273 3381 362 3427 tor
377 3373 605 3427 Carolus
619 3373 818 3427 nostris
831 3371 1198 3427 libentissime
1212 3385 1457 3426 annuens
1483 3373 1750 3440 precibus,

123 3480 309 3518 tranu
351 3464 570 3533 propria
604 3463 1098 3529 subteradnotavit,
1125 3472 1181 3518 et
1209 3464 1275 3519 de
1302 3465 1504 3519 annulo
1535 3481 1635 3519 suo
1683 3465 1755 3519 si-

122 3560 319 3628 gillari
341 3559 528 3628 jussit.

203 3651 350 3707 Data
387 3656 546 3706 tertio
579 3652 699 3706 idus
727 3651 929 3706 mensis
958 3650 1154 3715 Martii,
1173 3665 1314 3704 anno
1336 3651 1524 3719 quinto
1548 3651 1757 3714 decimo

123 3746 328 3802 dontni
359 3754 416 3800 et
448 3745 672 3815 piissimi
703 3746 1048 3811 imperatoris
1073 3745 1358 3810 Caroli,ab
1386 3745 1758 3800 lncarnatione

123 3847 326 3892 autem
355 3835 568 3890 Domini
603 3838 772 3890 nostri
803 3837 930 3891 .lesu
962 3835 1165 3891 Christi
1213 3851 1354 3890 anno
1396 3835 1759 3905 septingente-

122 3931 284 3984 simo
312 3930 652 3999 octogesimo
685 3939 751 3984 tei
770 3931 865 3984 tio.

199 4021 352 4076 Acta
382 4019 536 4076 Metis
559 4020 609 4074 in
636 4019 728 4076 Dei
756 4021 977 4076 nomine
1003 4020 1250 4086 feliciter,
1270 4019 1565 4076 indictione
1579 4029 1755 4076 sexta.

917 4135 978 4190 L.

130 4205 396 4280 Diploma
424 4205 598 4261 Caroli
630 4205 814 4280 Magni
862 4224 956 4278 pro
999 4210 1309 4280 ttioitosterio
1352 4209 1518 4262 δαιιαὶ
1555 4206 1761 4274 Amulli

657 4277 709 4332 Μ
717 4277 900 4333 clausis
926 4284 1088 4351 (anno
1107 4279 1256 4347 783).

487 4371 580 4435 (Ex
607 4372 735 4422 dom.
765 4372 993 4432 Calmet.,
1026 4372 1155 4424 Hist.
1178 4375 1238 4423 de
1261 4371 1427 4434 Lana,

208 4453 459 4511 Carolus
486 4458 655 4526 gratia
691 4455 786 4512 Dei
811 4471 903 4511 rex
933 4455 1261 4511 Francorum
1286 4466 1340 4510 et
1374 4455 1756 4526 Langobardo-

132 4563 262 4605 rum
309 4563 377 4604 ac
409 4547 666 4617 patricius
706 4548 1098 4605 Romanorum.
1150 4549 1418 4618 Quidquid
1447 4550 1589 4604 enim
1623 4549 1756 4604 locis

131 4650 466 4698 sanctorum
499 4641 891 4696 venerabilium
923 4642 994 4696 ob
1037 4656 1276 4696 amorem
1326 4640 1536 4694 Domini
1587 4640 1754 4694 nostri

135 4737 273 4790 Jesat
301 4730 516 4786 Christi
545 4733 896 4788 concedimus
927 4733 1012 4787 vel
1037 4733 1441 4794 conlirmamus,
1476 4733 1576 4788 hoc
1605 4733 1757 4788 nobis

135 4827 511 4897 proculdubio
563 4828 629 4882 ad
691 4828 997 4884 mercedem
1056 4831 1136 4883 vel
1187 4828 1535 4884 stabilitatem
1606 4829 1758 4899 regni

135 4922 342 4986 nostri,
372 4922 428 4976 in
459 4920 550 4976 Dei
575 4922 792 4977 nomine
823 4921 1094 4991 pertinere
1123 4923 1466 4976 conlidimus.

207 5014 394 5084 Igitur
420 5015 961 5068 notumsitomnium
1000 5015 1236 5073 fidelium
1288 5027 1592 5070 nostrorum
1647 5034 1760 5070 tua.

135 5106 445 5179 guitudini,
495 5108 840 5175 praesentium
881 5116 936 5163 ct
967 5109 1289 5175 futurarum,
1323 5112 1550 5180 qualiter
1578 5128 1676 5166 nos
1707 5114 1758 5167 in

136 5202 453 5256 eleniosiua
496 5200 862 5256 dilectissima:
908 5203 1152 5273 eonjogis
1193 5216 1391 5258 nostrso
1439 5204 1762 5276 llildegarde

139 5297 376 5364 regium,
409 5292 475 5348 ad
504 5292 778 5347 basilicam
805 5308 924 5364 qua:
965 5304 1050 5348 est
1096 5307 1406 5350 constructa
1451 5301 1500 5350 in
1554 5298 1762 5354 honore

139 5390 195 5443 ὃ.
235 5387 438 5441 Jacobi
484 5383 667 5458 [Forte
694 5385 938 5458 Joannis]
993 5392 1255 5457 apostoli,
1317 5392 1396 5444 vel
1455 5405 1760 5447 ceterorum

140 5485 441 5536 beatorum
471 5524 486 5546 ,
537 5482 624 5536 ubi
667 5481 873 5538 scilicet
911 5483 1169 5538 Artiullus
1217 5490 1489 5555 pretiosus
1536 5504 1764 5555 corpore

143 5576 476 5646 requiescit,
507 5575 687 5630 villam
719 5585 960 5634 nostram
992 5591 1354 5649 nuncupatam
1379 5581 1761 5648 Cameuetum,

143 5671 310 5722 sitam
348 5668 404 5719 in
431 5667 628 5725 ducato
668 5658 923 5728 Moslinse
969 5674 1021 5726 in
1068 5675 1328 5730 comitato
1371 5675 1633 5743 Meiense,
1664 5693 1766 5732 una

1858 3302 2064 3346 saneta:
2086 3291 2365 3346 Trinitatis
2396 3307 2594 3347 nomen
2647 3291 2981 3362 adjuramus,
3014 3301 3072 3346 ut
3119 3292 3319 3345 nullam
3380 3305 3470 3347 ue-

1857 3383 2166 3452 gligentiam
2193 3382 2419 3445 iaciant;
2451 3383 2606 3452 quin,
2633 3391 2687 3433 ut
2714 3382 3053 3450 prmmissum
3078 3393 3183 3446 est,
3204 3383 3463 3438 continue

1863 3475 1916 3527 in
1949 3474 2286 3530 orationibus
2312 3486 2364 3528 et
2395 3475 2683 3531 missarum
2715 3475 2996 3529 solemniis
3035 3483 3092 3530 et
3149 3474 3470 3544 psalmodiis

1863 3567 2109 3622 studiose
2168 3567 2393 3622 instent.
2437 3567 2638 3621 Omnes
2683 3577 2861 3621 autem
2908 3576 3122 3622 nostros
3170 3567 3261 3637 qui
3311 3570 3474 3622 tutori

1862 3670 2012 3727 sunt,
2034 3677 2130 3730 per
2152 3660 2428 3715 Christum
2443 3659 2537 3715 Dei
2569 3659 2758 3714 Filium
2785 3659 3184 3728 redemptorem
3207 3659 3472 3724 omnium,

1861 3753 2177 3822 adjuramus
2225 3764 2279 3808 et
2332 3754 2679 3820 eitposcimus
2729 3767 3098 3816 successores,
3124 3753 3238 3806 sive
3293 3752 3476 3822 cujus.

1861 3862 2090 3917 cumque
2115 3846 2322 3901 ordinis
2357 3846 2592 3916 jndices,
2619 3856 2676 3900 ut
2714 3846 2891 3900 nullus
2925 3847 3027 3900 hoc
3075 3845 3219 3915 quod
3271 3846 3471 3900 statui.

1863 3953 1998 4006 mus,
2027 3937 2222 3994 audeat
2243 3939 2635 4008 irrumpere,et
2657 3938 2902 4008 quolibet
2936 3939 3098 3993 modo
3125 3937 3282 3994 aliter
3309 3953 3468 4008 quam

1861 4031 2114 4085 volumus
2145 4029 2454 4086 immutare.
2490 4031 2645 4098 Quod
2668 4032 2713 4085 si
2744 4033 2864 4099 quis
2885 4028 3076 4087 eurum
3127 4031 3304 4087 facere
3354 4041 3470 4086 ten-

1865 4126 2082 4188 laverit,
2113 4124 2373 4196 quidquid
2405 4125 2520 4193 ipse
2547 4125 2819 4190 statui-rit,
2844 4139 2872 4177 a
2897 4139 2994 4177 suo
3038 4125 3237 4178 sentiat
3284 4124 3476 4178 adver-

1864 4219 2010 4272 sario
2038 4220 2305 4273 convelli:
2341 4229 2393 4274 et
2424 4221 2644 4287 insuper
2667 4218 2927 4288 judicium
2960 4219 3026 4271 sit
3062 4218 3340 4273 nobiscum
3372 4219 3476 4272 ba-

1867 4311 2074 4367 biturus
2098 4327 2280 4366 coram
2306 4311 2612 4382 justissimo
2637 4311 2839 4382 judice.
2871 4312 2937 4366 Et
2961 4321 3015 4365 ut
3039 4312 3151 4365 haec
3174 4312 3478 4366 authoritas

1867 4401 2074 4458 ﬁrmior
2120 4405 2404 4472 habeatur,
2447 4404 2534 4460 vel
2579 4402 2847 4458 diuturnis
2905 4402 3240 4473 temporibus
3287 4402 3483 4459 melius

1794 4539 1841 4598 υ
1865 4510 2236 4565 conservetur,
2275 4511 2435 4550 manu
2468 4497 2684 4567 propria
2733 4496 2926 4551 subtus
2976 4495 3354 4550 adnotavimus
3378 4538 3393 4561 ,
3426 4508 3483 4550 et

1866 4591 1935 4646 de
1977 4590 2178 4644 annulo
2237 4601 2423 4645 nostro
2473 4589 3020 4660 sigillarejussimus.
3060 4591 3250 4644 Datum
3287 4593 3474 4645 calen-

1864 4681 1896 4736 d
1926 4696 1950 4734 s
1977 4682 2098 4736 Maii
2127 4698 2270 4737 anno
2295 4683 2486 4751 quinto
2515 4682 2728 4737 decimo
2761 4682 2910 4752 regni
2962 4681 3154 4749 nostri,
3186 4683 3253 4736 ab
3299 4681 3482 4738 lncar-

1869 4775 2086 4827 natione
2115 4773 2327 4828 Domiui
2365 4775 2537 4828 nostri
2569 4789 2712 4828 anno
2739 4775 3226 4845 septingentesimo
3257 4786 3470 4841 octoge-

1865 4866 2004 4919 simo
2038 4867 2216 4932 tertio,
2245 4867 2296 4920 in
2329 4867 2416 4920 die
2468 4867 2815 4921 Ascensionis
2865 4867 3185 4932 Dominicze,
3218 4869 3271 4922 in
3322 4867 3480 4938 cujus

1871 4958 2086 5028 vigiliis,
2117 4959 2228 5027 ipsa
2267 4959 2578 5036 dulcissima
2603 4959 2799 5030 conjux
2831 4973 3016 5014 no3tra
3050 4962 3182 5013 obiit
3225 4960 3276 5013 iu
3329 4976 3473 5014 anu.)

1874 5055 2033 5109 tet-tio
2086 5053 2298 5107 decimo
2350 5053 2747 5121 cenjunctionis
2810 5062 3033 5108 no.~tr.i-.
3068 5057 3254 5107 Actum
3305 5055 3482 5107 'lbuo-

1873 5147 2174 5201 donisvilla-
2208 5147 2408 5217 palatio
2451 5157 2657 5213 nostro,
2690 5147 2742 5201 in
2796 5145 2887 5201 Dei
2941 5147 3160 5202 nomine
3212 5145 3439 5202 feliciter
3471 5192 3484 5213 ,

1875 5244 2171 5298 indictione
2203 5255 2376 5299 sexta.

2631 5336 2713 5390 |.l.

1917 5428 2238 5499 I’i'tvcepttmt
2270 5429 2444 5482 Coro'i
2494 5427 2672 5491 Μαηηί
2727 5445 2821 5491 pro
2872 5429 3183 5481 monasterio
3221 5428 3447 5498 Sang"-

2297 5505 2436 5553 muni
2461 5519 2489 5552 α
2527 5499 2699 5553 l’ralis
2741 5504 2900 5568 (anno
2932 5500 3080 5568 786).

2099 5595 2187 5654 (lix
2219 5595 2274 5643 D.
2307 5595 2549 5655 Bouquot-,
2579 5593 2772 5644 Rc'curit
2797 5595 2884 5642 des
2912 5589 3038 5642 Hist.
3067 5592 3128 5640 de
3154 5591 3240 5640 Fr.

1951 5681 2172 5736 Carolus
2196 5683 2360 5751 gratia
2399 5680 2489 5734 Dei
2523 5696 2610 5732 rex
2646 5678 2978 5733 Francorum
3010 5688 3060 5729 et
3092 5674 3485 5745 Lougobardo-

214 5817 240 5845 ει
280 5807 371 5888 0n_
414 5803 622 5888 londait
653 5808 989 5888 des‘tnesses
1019 5811 1088 5888 du
1121 5822 1294 5884 temps
1325 5811 1393 5869 de
1431 5814 1846 5886 Cbarlemagne,
1881 5819 2104 5888 plllStlllc
2138 5816 2417 5872 lui-meme
2447 5831 2510 5871 cn
2547 5815 2704 5870 {unde
2732 5832 2862 5886 poor
2892 5815 2942 5870 le
2993 5818 3360 5884 soulagmncut
3422 5813 3490 5866 de

152 5876 314 5934 l‘ame
336 5877 413 5933 de
443 5893 500 5933 sa
527 5877 721 5937 feinme
761 5882 1097 5954 llildi-garde.
