3856 6220
430 368 537 423 0³19
1329 366 1386 419 Β.
1428 362 1675 420 ωιιοω
1721 361 1932 418 MACNI
1977 362 2002 417 (

2117 405 2130 416 .
2176 363 2350 420 PARS
2392 367 2427 421 Ι.
2471 363 2716 422 SECTIO
2757 368 2818 423 Il.
3606 373 3696 428 989

505 477 628 530 Data
678 477 728 531 in
757 491 988 532 atriense
1035 475 1244 541 Martio,
1292 493 1434 531 anno
1465 493 1573 532 nn
1621 487 1676 532 et
1717 490 1824 529 xvii
1872 476 2019 546 regni
2051 477 2101 536 Α
2128 479 2338 537 Martini
2372 483 2594 548 habeat,
2632 493 2808 538 teneat
2839 492 2998 551 atque
3029 483 3332 552 possideat.
3365 493 3418 538 et
3451 485 3498 536 in
3531 503 3690 543 nostra

428 558 608 620 dotnni
635 567 836 622 Caroli.
871 570 1060 636 Actum
1095 570 1120 607 ι)
1143 571 1460 636 Quamarcia
1495 572 1731 624 civitate.
2126 576 2468 647 elei-mosyna
2498 579 2692 631 ibidem
2725 579 2868 632 omni
2899 591 3139 642 tempore
3171 579 3223 632 in
3254 579 3548 640 angimmtis
3579 596 3687 647 pru-

1170 704 1252 756 I‘v
2127 671 2288 722 lieiat.
2345 671 2407 724 Et
2452 673 2553 726 huc
2599 673 2711 726 ltrec
2753 671 3044 726 auctoritas
3087 672 3291 726 Iirtttior
3323 671 3589 731 habeatur,
3619 675 3686 728 vel

2128 777 2218 827 per
2251 774 2490 831 tempora
2527 765 2716 818 melius
2741 775 3114 827 conservetur,
3163 780 3324 816 manu
3374 765 3576 831 propria
3607 767 3685 819 lir-

2126 856 2410 918 mavitnns,
2437 865 2490 910 et
2522 857 2589 911 de
2617 859 2778 910 anulo
2806 868 2987 912 nostro
3013 859 3250 930 sigillare
3273 858 3548 927 jussitntts.

2195 946 2414 1016 Signum
2444 949 2619 1003 Caroli
2654 937 3026 1016 gloriosissitni
3059 953 3218 1021 regis.

2197 1040 2584 1098 I'Ircambaldns
2612 1044 2676 1098 ad
2708 1048 2876 1099 vicem
2910 1046 3137 1102 liadoni.

2195 1135 2321 1188 Data
2356 1153 2389 1190 ιι
2421 1138 2672 1192 calendas
2705 1141 3060 1208 Septembris,
3088 1156 3230 1194 anno
3261 1156 3378 1194 nn
3406 1140 3576 1194 domni
3603 1143 3686 1195 Ca.

2121 1230 2218 1282 roli
2251 1230 2688 1285 excellentissimi
2723 1235 2882 1302 regis.
2918 1237 3108 1287 Actum
3137 1233 3497 1302 Cupsistaino,
3531 1234 3577 1287 iit
3607 1235 3684 1289 ι)ρὶ

2120 1323 2335 1376 nomine
2368 1321 2612 1378 feliciter.
2648 1328 2838 1380 Amen.

2850 1455 2982 1510 LVI.

2117 1547 2290 1599 Caroli
2334 1547 2508 1616 ,νησιιὶ
2548 1559 2886 1621 pt'tt't'cptttttt,
2934 1566 3032 1606 quo
3075 1550 3260 1601 Arriani
3297 1550 3492 1619 abbatis
3527 1565 3681 1621 ragatu

2188 1624 2498 1671 monasterio
2521 1622 2680 1671 sancti
2699 1617 2916 1672 J..-nnni.<
2943 1633 2990 1672 et
3012 1621 3172 1673 sancti
3195 1617 3460 1673 Laurentii
3485 1624 3531 1673 in
3557 1617 3680 1678 annm

2185 1691 2449 1741 tuitionem
2482 1693 2725 1758 suscipit,
2770 1703 2815 1742 et
2854 1694 3026 1743 vilium
3057 1692 3256 1743 (faunas
3287 1692 3446 1744 eidem
3479 1699 3680 1749 attribuit

2185 1767 2344 1827 (anno
2377 1762 2524 1827 73:5).

2446 1851 2539 1911 (lix
2573 1851 2841 1908 Mabillnu.,
2864 1851 2927 1900 de
2953 1850 3022 1899 Ite
3045 1851 3398 1913 tliplomatit-a.)

2183 1935 2408 1989 Carolus
2437 1937 2600 2004 gratia
2635 1937 2727 1991 Dei
2761 1952 2853 1990 rex
2885 1935 3212 1991 Francorum
3244 1945 3298 1991 et
3318 1927 3676 2006 Langobardo-

2115 2043 2270 2095 rum,
2323 2041 2384 2081 ac
2433 2028 2688 2092 patricius
2731 2029 3132 2092 ltomanornm,
3180 2029 3431 2084 omnibus
3463 2032 3678 2086 lidelibns

2115 2122 2313 2174 nostris
2361 2123 2715 2191 praesentibus
2765 2133 2815 2176 et
2867 2122 3078 2175 tuturis.
3136 2121 3359 2176 Itectnm
3391 2133 3474 2176 est
3511 2128 3678 2193 regalis

2115 2222 2351 2282 potestas
2382 2215 2486 2267 illis
2521 2214 2800 2270 tuitionem
2833 2203 3128 2282 impertiat,
3158 2230 3385 2282 quorum
3416 2220 3678 2272 necessitas

2087 2291 2516 2374 comprobatur.
2572 2306 2773 2361 Idcirco
2803 2317 3095 2376 cognoscat
3136 2307 3446 2377 magnitudo
3473 2324 3560 2363 seu
3588 2312 3678 2363 nti-

2110 2396 2234 2450 litas
2264 2407 2466 2464 vestra,
2491 2397 2612 2465 quia
2654 2397 2734 2450 vir
2771 2395 3093 2451 venerabilis
3127 2405 3150 2435 ε
3183 2399 3424 2452 Anianns
3464 2402 3586 2454 abba
3621 2417 3674 2454 ει

2112 2488 2473 2544 monastheria
2500 2489 2674 2544 sancti
2698 2489 2959 2542 Johannis
2988 2497 3044 2542 et
3074 2489 3242 2543 sancti
3269 2489 3536 2553 Laurenti,
3557 2496 3676 2560 quod

431 813 758 872 l’ra'reotnm
791 809 979 868 timo/il
1009 815 1186 884 Magni
1226 834 1358 884 regis
1403 834 1496 884 pro
1526 817 1810 870 Turonensi
1855 819 2021 869 sancti

761 886 971 938 Martini
1005 899 1310 940 monasterio
1338 893 1496 954 (anno
1527 888 1675 955 790).

915 1001 1010 1061 (Ex
1041 972 1096 1050 D.
1124 1002 1524 1064 Donqncl,ibitl.)

494 1105 718 1158 Carolus
747 1107 914 1170 gratia
949 1106 1038 1159 Dci
1070 1122 1162 1160 rex
1197 1106 1525 1161 Francorum
1556 1118 1607 1160 et
1639 1104 2016 1176 Langobardo-

373 1251 376 1256 _
427 1210 542 1246 rtnn
591 1211 654 1250 ac
682 1186 1350 1266 patriciusIiOmanorotn.
1388 1197 1577 1251 Notum
1605 1213 1725 1252 esse
1754 1198 2015 1252 universis

361 1349 364 1352 .
428 1288 626 1340 nostris
657 1287 929 1342 credimus
963 1288 1244 1362 fidelibus,
1277 1287 1508 1356 qualiter
1540 1299 1780 1356 tempore
1811 1292 2016 1360 genito-

421 1378 495 1430 ris
538 1380 710 1433 nostri
757 1382 908 1433 bona:
957 1381 1230 1434 memoria:
1281 1380 1490 1450 Pippini
1537 1381 1808 1450 quondam
1851 1383 2011 1452 regis,

414 1487 514 1526 seu
549 1481 599 1524 ct
631 1473 876 1526 avnnCnli
913 1474 1080 1527 nostri
1118 1472 1460 1528 Karlomanni
1490 1489 1576 1528 res
1607 1475 1798 1543 aliqua?
1831 1476 1881 1540 in
1913 1476 2012 1528 du-

416 1573 537 1617 catu
563 1564 895 1620 Alamannize
925 1567 1036 1620 fisci
1065 1567 1357 1620 ditionilms
1386 1568 1618 1622 redactae
1644 1569 1860 1632 fuerint,
1885 1584 2014 1633 quas

419 1657 580 1711 modo
609 1658 810 1713 diversi
843 1659 1118 1723 homines,
1165 1664 1318 1727 qna-i
1362 1663 1479 1727 jure
1522 1665 1738 1731 prOprio
1771 1666 2013 1733 posside-

416 1748 539 1802 bant
571 1749 785 1818 injuste,
820 1758 875 1805 et
902 1748 1106 1818 aliquas
1137 1752 1333 1807 exinde
1371 1753 1480 1822 jam
1531 1769 1625 1822 per
1657 1757 2009 1822 venditiones,

384 1840 756 1906 .donationcs,
799 1856 892 1894 seu
921 1842 1164 1897 diversos
1191 1845 1460 1912 quoslibet
1504 1847 1694 1900 modos
1740 1847 2005 1902 habebant
2037 1834 2083 1891 Β

371 1945 386 1959 ο
413 1928 715 2000 dispersas,
759 1949 826 1988 ex
870 1949 938 2000 qu
969 1933 1066 1988 bus
1100 1935 1349 1989 Fuit-idus
1379 1939 1647 2005 quondam
1694 1941 2008 1994 alamannus

416 2035 511 2087 per
539 2033 740 2075 cartani
774 2024 1084 2079 vinditionis
1126 2027 1365 2092 partibus
1406 2029 1640 2084 basilica:
1683 2029 1739 2085 S.
1773 2032 2005 2097 Martini,

413 2128 518 2174 quo
569 2115 864 2182 pretiosum
915 2118 1202 2184 requiescit
1242 2133 1461 2186 Corpus,
1511 2120 1743 2190 aliquam
1794 2138 1904 2178 rem
1954 2125 2007 2179 in

413 2203 809 2259 Slattaconstat
843 2211 892 2260 itt
926 2209 1236 2277 litisigavia,
1289 2212 1472 2265 illieito
1502 2214 1691 2268 ordine
1718 2215 2004 2284 delegavit.

417 2297 566 2351 l'nde
617 2299 844 2352 Itberins
887 2300 1022 2353 abba
1070 2317 1166 2370 per
1205 2318 1333 2355 suos
1370 2306 1554 2359 radios
1605 2308 1810 2378 legibus
1852 2311 2007 2366 nobis

411 2392 560 2444 visus
605 2403 680 2445 est
730 2393 1038 2446 t'tevcslisse.
1091 2393 1195 2448 Sed
1243 2396 1397 2448 nobis
1440 2395 1903 2455 considerantibus
1938 2403 2007 2456 ob

410 2496 652 2536 amorem
692 2482 783 2535 Dei
814 2493 868 2536 et
899 2484 1254 2537 reverentiam
1284 2487 1454 2539 sancti
1491 2487 1698 2540 Martini
1743 2504 1836 2556 per
1866 2508 2006 2546 mer-

407 2565 930 2642 cedis'augtnenttnn
949 2617 962 2639 ,
998 2585 1053 2628 et
1079 2577 1274 2629 animae
1302 2587 1500 2630 nostra:
1531 2579 1863 2644 remedium,
1907 2597 2004 2636 seu

409 2663 760 2718 stabilitatem
791 2667 938 2732 regni
971 2667 1160 2731 nostri,
1191 2667 1447 2735 deinceps
1475 2683 1572 2738 per
1598 2683 1838 2726 nostrum
1867 2688 2005 2742 prte-

408 2765 626 2824 ceptunt
659 2755 934 2824 pttcfatam
963 2772 1003 2810 ri
1023 2773 1072 2810 ιιι
1100 2758 1164 2811 ad
1193 2759 1362 2827 ipsum
1391 2775 1567 2814 Casam
1597 2762 1687 2816 Dei
1714 2766 2004 2834 pt'utttptis-

409 2849 548 2902 sitno
576 2849 761 2902 animo
790 2864 850 2902 ac
881 2849 1151 2904 voluntati:
1182 2849 1406 2921 benigna
1440 2855 1736 2909 concedere
1765 2871 1828 2911 ac
1857 2856 2004 2912 dele-

407 2955 536 3008 gare
577 2939 935 2996 decrevimus.
997 2941 1286 3012 PrOpterea
1338 2943 1438 2998 boc
1487 2958 1685 3000 nosme
1735 2949 2005 3004 tirmitatis

414 3041 740 3102 praeceptum
768 3031 1028 3102 jnssimns
1054 3035 1352 3098 conscribi,
1398 3045 1456 3090 ut
1497 3050 1846 3093 memoratam
1889 3056 2000 3113 rem

411 3138 530 3177 eum
560 3123 706 3178 omni
735 3123 1060 3193 integritate,
1089 3140 1210 3179 cum
1247 3126 1498 3195 ecclesia,
1524 3130 1701 3195 terris,
1730 3131 1998 3198 domibus,

405 3214 667 3278 :ediliciis,
693 3218 993 3288 mancipiis,
1022 3219 1213 3286 vineis,
1236 3221 1423 3291 sylvis,
1451 3222 1534 3275 vel
1560 3223 1767 3278 cunctis
1797 3217 1998 3282 ibidem

405 3306 721 3378 adjacentiis
751 3317 806 3363 et
836 3310 1200 3379 appendiciis,
1234 3312 1288 3367 in
1318 3313 1641 3383 quibuslibet
1671 3317 1829 3383 locis,
1864 3319 2004 3374 sicut

407 3411 564 3456 antea
595 3403 704 3472 ipsa
740 3418 861 3457 casa
896 3403 986 3459 Dei
1019 3406 1128 3459 visa
1163 3403 1263 3460 fuit
1293 3408 1635 3476 possedisse:
1669 3410 1739 3464 ita
1771 3421 1824 3466 et
1849 3411 2002 3467 dein-

406 3510 536 3562 ceps
579 3509 673 3564 per
705 3505 944 3549 nostrum
988 3507 1314 3565 przcceptum
1345 3499 1552 3566 plenius
1580 3501 1631 3555 in
1667 3501 1756 3556 Dei
1787 3505 2003 3561 nomine

407 3587 785 3643 continuatum
814 3590 881 3641 ab
909 3590 1005 3644 bac
1027 3590 1116 3646 die
1142 3605 1268 3661 pars
1297 3591 1533 3663 praefatae
1567 3595 1800 3650 basilicte
1828 3599 2000 3653 sancti

477 3764 501 3790 α
537 3751 627 3825 Ab,
655 3753 755 3825 hoc
797 3766 982 3825 mense
1020 3753 1409 3806 dt-sutnemiutn
1457 3764 1540 3806 est
1593 3753 1798 3825 initium
1850 3757 2001 3825 regni

404 3823 579 3876 Caroli
611 3824 660 3876 in
690 3824 856 3877 Italia.
894 3824 952 3878 Et
978 3825 1100 3895 bac
1128 3833 1209 3879 est
1242 3828 1387 3888 prior
1420 3828 1575 3895 regni
1607 3824 1723 3893 ejus
1749 3823 1953 3893 epoclt'a
1983 3845 1998 3881 :

406 3895 671 3968 posterior
701 3908 944 3968 a_tuense
973 3893 1110 3968 Maio
1141 3893 1520 3968 proﬁciscitur.
1581 3895 1819 3951 Priorem
1860 3913 2001 3968 epo-

405 3964 561 4017 cham
612 3965 896 4018 continuat
943 3966 1227 4018 concilium
1279 3964 1693 4030 Foroiuliense,
1747 3964 1998 4034 quod'S.

406 4033 663 4110 Paulinus
691 4037 982 4110 celebravit
1011 4051 1153 4110 anno
1184 4035 1309 4098 7915,
1353 4052 1490 4110 anon
1533 4033 1828 4110 felicissimo
1855 4042 2002 4110 prin-

404 4106 607 4179 cipatus
638 4122 812 4162 eorum
842 4107 1036 4177 (Caroli
1071 4122 1263 4170 nempe
1301 4123 1362 4160 ac
1397 4107 1469 4172 I’i,
1497 4107 1607 4175 pini
1640 4109 1803 4162 Italiae
1833 4106 1998 4179 regis)

405 4191 537 4231 χχιιι
567 4188 613 4231 et
644 4193 734 4243 xv,
772 4190 827 4231 ιιι
874 4179 1026 4232 initio
1071 4179 1312 4244 ejusdem
1358 4179 1569 4231 concilii
1620 4179 1833 4246 legitur.
1888 4183 2000 4235 Iloc

404 4249 584 4317 itaque
613 4265 755 4303 anno
787 4265 970 4303 mense
1003 4250 1170 4315 Aprili
1203 4262 1403 4302 annum
1439 4249 1585 4319 regni
1619 4253 1699 4303 sui
1734 4251 1898 4305 Italici
1927 4253 1998 4306 25

399 4319 512 4388 jam
543 4321 852 4386 auspicatus
884 4329 998 4374 erat
1027 4319 1250 4375 Carolus
1276 4359 1291 4383 ,
1337 4322 1427 4388 qui
1460 4334 1657 4373 annum
1691 4330 1894 4375 tantum
1925 4323 1996 4375 22

407 4403 788 4454 numerasset,
838 4393 880 4444 si
935 4391 1287 4458 posteriorem
1333 4395 1595 4456 epoebam
1641 4391 1992 4449 adbibniSset.

406 4459 571 4528 Igitur
611 4475 768 4525 cum,
815 4471 950 4516 teste
990 4461 1302 4524 Anastasio,
1349 4461 1574 4514 Carolus
1617 4473 1743 4514 ante
1784 4474 1996 4530 captam

2108 2593 2232 2636 sunt
2259 2583 2552 2635 constructi
2588 2582 2639 2635 in
2667 2581 2800 2635 locis
2827 2580 3260 2649 nuncupantibus
3291 2580 3506 2636 Extorto
3527 2583 3677 2653 [rutilo

2107 2671 2285 2745 Citon]
2316 2683 2370 2727 et
2398 2674 2670 2743 Olibegio,
2719 2681 2902 2726 nostro
2941 2671 3186 2742 synodali
3217 2673 3452 2726 concilio
3482 2676 3679 2728 veniens

2109 2780 2210 2820 una
2251 2783 2373 2820 cum
2420 2766 2700 2820 monachis
2741 2766 2874 2830 suis,
2916 2774 2970 2820 et
3013 2763 3064 2817 in
3111 2772 3294 2819 nostro
3335 2765 3680 2822 mundeburde

2107 2874 2228 2915 cum
2261 2859 2510 2913 omnibus
2540 2859 2698 2913 rebus
2731 2857 2810 2910 vcl
2856 2857 3161 2910 hominibus
3197 2855 3544 2913 monastherii
3570 2859 3641 2912 sui
3663 2901 3676 2922 ,

2107 2967 2239 3023 quas
2271 2951 2530 3007 moderno
2559 2961 2802 3020 tempore
2833 2951 3042 3006 videtur
3074 2949 3373 3019 possidere,
3403 2966 3462 3006 se
3489 2951 3676 3022 plenius

2105 3044 2533 3110 commendavit,
2566 3053 2620 3097 et
2650 3058 2748 3098 nos
2779 3044 2878 3098 sub
2908 3051 3144 3097 nostram
3178 3043 3458 3099 tuitionem
3486 3059 3596 3101 eum
3613 3053 3682 3101 ‘et

2112 3136 2390 3191 monachis
2419 3137 2533 3190 suis
2560 3150 2682 3191 cum
2715 3134 2966 3189 omnibus
3007 3134 3169 3190 rebus
3209 3143 3371 3204 atque
3401 3135 3681 3192 hominibus

2107 3227 2222 3281 suis
2261 3227 2566 3295 recepimus
2597 3241 2659 3281 ac
2689 3225 2983 3281 retinemus
3005 3267 3021 3290 ,
3069 3233 3338 3295 quatenus
3365 3226 3548 3284 diebus
3575 3231 3682 3281 vitae

2106 3337 2218 3375 suae
2250 3321 2350 3374 sub
2382 3331 2622 3374 nostrain
2654 3319 2934 3374 tuitionem
2966 3318 3177 3374 valeant
3205 3319 3378 3388 quieti
3411 3321 3579 3375 vivere
3607 3323 3679 3374 vel

2107 3412 2366 3465 residere.
2414 3411 2700 3478 Prnp'erea
2733 3411 2826 3463 bas
2853 3412 3056 3464 litteras
3081 3419 3298 3465 nostras
3323 3427 3417 3474 pro
3442 3411 3682 3466 firmitatis

2105 3503 2342 3556 stndinnt
2376 3508 2454 3565 eis
2484 3504 2759 3563 dedimus,
2809 3517 2902 3568 per
2932 3515 3065 3569 quas
3093 3502 3315 3555 omnino
3352 3501 3592 3572 jnbcmus
3631 3513 3681 3558 ut

2108 3596 2282 3651 nullus
2315 3597 2567 3665 quislibet
2602 3597 2670 3651 de
2699 3595 2850 3653 vobis
2881 3610 3054 3665 neque
3082 3595 3149 3650 de
3175 3595 3482 3664 junioribus
3510 3596 3680 3651 vestris

2105 3754 2493 3815 Montis-(llivi,
2545 3755 2606 3806 de
2656 3751 3016 3816 .ilont-Oliou,
3065 3751 3116 3804 itt
3160 3749 3385 3804 dioecesi
3415 3751 3682 3806 Carcasso-

2108 3829 2279 3881 nensi.
2338 3826 2520 3880 Daniel
2549 3824 2849 3880 Cannensis
2887 3823 3053 3876 abbas
3083 3822 3296 3876 Cannas
3326 3821 3552 3889 subjecit
3580 3826 3678 3876 An-

2107 3899 2267 3952 nianu
2298 3897 2511 3962 abbati,
2559 3905 2787 3950 testante
2820 3900 3089 3961 prmcento
3120 3891 3300 3962 Caroli
3334 3891 3478 3946 Calvi
3514 3905 3675 3957 postea

2106 3970 2336 4022 edendo.
2403 3968 2478 4022 De
2531 3968 2860 4020 monasterio
2912 3964 3080 4020 sancti
3139 3961 3416 4017 Laurentii
3474 3965 3675 4018 consule

2110 4039 2604 4094 Daluzianasnotas
2635 4037 2700 4090 ad
2730 4033 3088 4106 Capitularia,
3132 4040 3188 4088 et
3217 4034 3282 4086 ad
3315 4035 3541 4106 concilia
3571 4050 3678 4106 prof

2109 4111 2295 4164 vincia).
2327 4109 2710 4163 Narbonensis.
2765 4103 2946 4161 Redeo
2985 4104 3051 4157 ad
3098 4103 3486 4158 monasterium
3524 4104 3676 4166 sancti

2104 4181 2350 4247 Joannis,
2381 4181 2522 4248 quod
2554 4178 2718 4232 sancti
2750 4175 3007 4230 Johannis
3040 4173 3477 4248 limet/‘uauriensis
3502 4175 3675 4228 dicitur

2108 4254 2159 4306 itt
2209 4245 2701 4319 alio-autograplto
2749 4249 3025 4319 Cannensi
3071 4245 3306 4319 inetlito,
3356 4261 3466 4319 quo
3503 4248 3676 4300 limites

2109 4323 2250 4376 villa:
2297 4331 2353 4376 et
2400 4317 2631 4375 ctenobii
2663 4319 2962 4374 Cannensis
3011 4318 3159 4383 jussu
3193 4317 3452 4383 Magnarii
3485 4320 3676 4372 Comitis

2105 4395 2454 4462 design-nitur
2497 4411 2515 4442 ι
2559 4407 2700 4444 anno
2730 4387 3470 4462 xxxntt_regnante_domno
3514 4400 3676 4462 nostro

2106 4459 2301 4518 Carolo
2332 4479 2455 4533 rege
2489 4462 2816 4533 Francorum
2846 4470 2901 4513 et
2931 4459 3407 4533 Langoltartloritu]
3455 4468 3507 4511 et
3536 4460 3676 4533 patri-

405 4533 622 4611 t‘apiam
651 4531 893 4611 diversas
925 4534 1169 4587 civitates
1199 4533 1499 4600 subegerit,
1543 4550 1586 4611 a_
1607 4542 1756 4599 patte
1790 4528 2000 4604 Longo-
2029 4549 2081 4611 ι)
2105 4541 2190 4591 cio
2224 4528 2612 4611 Romanorum,
2648 4552 2667 4584 ι
2783 4541 2868 4586 est
2893 4544 3036 4611 anno
3063 4528 3264 4585 Christi
3303 4530 3434 4596 802,
3470 4534 3553 4611 ubi
3580 4529 3676 4598 agi-

406 4601 600 4654 Ιιτιτιιιςιι
631 4602 843 4656 devicta
872 4618 992 4657 sese
1023 4618 1202 4672 regem
1233 4617 1424 4657 vocare
1450 4604 1633 4670 coepit.

479 4672 504 4709 h
534 4674 743 4742 Corrig.
767 4671 1109 4738 iVormacia,
1165 4679 1214 4728 in
1262 4689 1364 4742 qua
1409 4674 1635 4728 civitate
1655 4671 1876 4728 Catulus
1913 4690 2001 4731 so-

406 4746 737 4800 lemnitatem
773 4747 1078 4815 pascltaletn
1109 4747 1220 4814 egit
1251 4750 1352 4799 hoc
1377 4760 1520 4798 anno
1547 4745 1674 4800 790.

483 4829 502 4854 ε
535 4817 776 4871 Attianos
807 4832 902 4870 Seu
933 4816 1213 4871 Annianus
1245 4816 1408 4869 abbas
1429 4857 1441 4873 .
1491 4820 1541 4869 in
1576 4816 1676 4868 hoc
1708 4816 2002 4884 diplomate

406 4888 676 4952 laudatos,
729 4891 773 4941 is
804 4896 886 4942 est
917 4903 1076 4956 quem
1109 4888 1346 4942 celebrat
1396 4885 1727 4942 'l‘lieodnlfus
1756 4893 2005 4945 Aurelia-

407 4975 594 5014 norum
629 4962 912 5027 cpiscopus
967 4961 1020 5012 in
1053 4958 1295 5013 carmine
1341 4958 1406 5010 :td
1460 4958 1805 5013 Benedictum
1836 4964 2002 5015 Ania-

410 5046 629 5084 ncnSem
675 5034 944 5084 abbatem.
996 5030 1127 5097 Qua:
1161 5030 1243 5083 ltic
1277 5039 1644 5089 tnetnorzuit'tr
1675 5034 1996 5086 monasteria

404 5101 513 5155 duo
541 5103 618 5156 ab.
635 5103 825 5156 eodem
859 5102 1106 5156 Anniano
1147 5109 1501 5164 constructi,
1553 5101 1777 5154 alterum
1827 5107 1997 5159 sancti

406 5173 631 5226 .loannis
681 5178 731 5225 tn
785 5171 1041 5238 Extorio,
1097 5175 1324 5226 alterum
1396 5174 1566 5226 sancti
1620 5173 1890 5228 Laurentii
1944 5177 1997 5230 in

410 5245 643 5312 (ltibegto
683 5256 779 5297 sua
802 5285 815 5306 ,
861 5247 1058 5308 saepius
1089 5254 1374 5298 recurrunt
1409 5245 1456 5296 ιιι
1493 5245 1574 5298 Ιιίς
1603 5245 1754 5298 actis.
1809 5247 1994 5300 Mona-

403 5317 626 5368 sterinm
672 5316 862 5370 Montis
891 5317 1024 5370 Ulivi
1051 5358 1065 5379 ,
1120 5315 1259 5384 quod
1295 5314 1562 5380 Cannensi
1596 5315 1826 5369 vicinum
1873 5329 1992 5382 est,

407 5401 502 5454 per
551 5386 599 5440 id
654 5396 863 5455 tempus
902 5387 1183 5442 dicebatur
1230 5390 1394 5438 sant-tt
1443 5385 1700 5438 Johannis
1751 5385 1999 5455 Baptistae

405 5462 458 5510 in
500 5473 665 5512 castra
707 5458 980 5520 Mallasti,
1035 5474 1101 5511 ex
1147 5457 1281 5511 actis
1335 5456 1576 5525 ejusdem
1630 5456 1729 5512 loci
1779 5460 1999 5513 interius

406 5530 722 5588 referendis.
768 5534 836 5584 At
875 5530 1146 5584 diversum
1199 5528 1410 5582 videtur
1461 5527 1530 5581 ab
1577 5527 1667 5582 illo
1721 5530 1995 5584 Anniani:

405 5602 560 5672 cujus
591 5603 819 5656 alterum
852 5602 1023 5655 sancti
1059 5599 1332 5655 Laurentii
1375 5602 1594 5672 nomine
1634 5601 1952 5669 insignitum
1982 5643 1996 5668 ,

2109 4620 2193 4660 tur
2243 4607 2309 4661 de
2361 4607 2608 4660 Anniano
2656 4603 2848 4657 abbate
2904 4603 2991 4654 hic
3043 4613 3388 4665 memorato,
3441 4601 3528 4668 qui
3572 4616 3672 4654 cunt

2107 4678 2381 4732 monachis
2419 4678 2531 4732 suis
2564 4673 2905 4730 deserviebat
2952 4691 2969 4724 t
3022 4673 3194 4726 sancti
3239 4671 3503 4726 Johannis
3543 4672 3671 4726 Exe-

2104 4751 2444 4818 quanriensis
2485 4748 2570 4802 vel
2621 4743 2976 4818 sanctil’etri
3007 4752 3087 4818 et
3130 4743 3280 4796 Pauli
3331 4744 3670 4818 monasteriis,

2102 4813 2225 4891 qua:
2270 4819 2555 4874 :edilicavit
2598 4831 2760 4883 Supra
2789 4815 2968 4891 dietns
2993 4815 3414 4891 AniEIIIIJSHCIIIIL
3445 4813 3673 4868 fratribus

2102 4883 2217 4947 suis
2265 4906 2424 4959 sopra
2476 4891 2596 4943 riho
2642 4885 3044 4959 Argentodnbln
3090 4884 3150 4959 in
3201 4885 3324 4938 villa
3375 4883 3669 4959 Cannense,

2103 4980 2221 5033 qnze
2252 4956 2573 5033 ab'antiquo
2600 4958 2875 5033 dicebatur
2908 4956 3157 5022 Dutintis,
3184 4956 3672 5033 qttantnertlonabit

2104 5029 2195 5088 rex
2225 5033 2451 5088 Carolus
2498 5032 2563 5084 ad
2617 5031 2732 5098 ipso
2781 5030 2974 5082 abbate
3021 5041 3146 5081 cum
3193 5029 3450 5081 fratribus
3496 5040 3616 5080 suis.
3653 5041 3668 5071 ι

2103 5107 2257 5162 Unde
2290 5106 2355 5158 lis
2383 5115 2501 5157 orta
2533 5097 2648 5156 erat
2679 5101 2818 5154 inter
2849 5097 3175 5166 Magnarimn
3207 5099 3463 5152 comitem
3504 5106 3556 5150 et
3583 5100 3671 5148 An-

2103 5179 2322 5232 nianum
2350 5175 2598 5229 abbatem
2624 5174 2690 5224 de
2715 5171 2908 5225 linibns
2935 5169 3398 5224 disterminandis.
3433 5171 3669 5222 Caeterum

2103 5249 2155 5302 in
2188 5245 2452 5315 superiori
2482 5246 2776 5313 diplomate
2804 5240 3137 5315 observantia
3165 5253 3244 5292 e3t
3281 5240 3546 5315 formula,
3583 5251 3667 5302 qua

2100 5309 2329 5374 Carol'us
2359 5309 2577 5386 Magnus
2607 5315 2891 5386 confirmat
2931 5311 3455 5386 donationemhvillae
3483 5309 3671 5384 Canna-

2102 5407 2241 5454 rmn,
2275 5381 2524 5443 Anniaho
2555 5402 2582 5451 a
2615 5385 2810 5439 Milone
2840 5384 3052 5459 factum.
3087 5398 3106 5459 ι
3135 5381 3402 5436 Similiter
3426 5381 3671 5459 concessi-

2103 5476 2222 5517 mus
2247 5463 2296 5515 ei
2319 5461 2440 5515 villa
2463 5459 2696 5520 Caonas,
2722 5459 2862 5511 sicut
2886 5455 3008 5507 Milo
3033 5456 3098 5506 ad
3125 5466 3282 5506 suum
3310 5455 3668 5506 monasterium

2103 5549 2198 5603 per
2227 5547 2352 5587 snas
2385 5532 2592 5603 litteras
2624 5527 2910 5603 delegat-it.
2947 5543 2994 5603 »Α
3016 5523 3354 5603 Frequentes
3391 5533 3517 5578 sunt
3551 5523 3672 5603 ejus-

2104 5594 2249 5659 inodi
2281 5605 2526 5656 formula:
2558 5601 2607 5654 in
2642 5594 2834 5652 litteris
2857 5594 3279 5651 confirmaturiis
3309 5610 3528 5664 regum,
3555 5601 3605 5645 ut
3629 5594 3671 5664 in

2107 5684 2378 5746 praecepto
2411 5672 2665 5746 Ludovici
2719 5668 2864 5724 Balbi
2917 5681 3014 5736 pro
3061 5665 3292 5746 ecclesia
3347 5661 3669 5746 Niveruensi.

2105 5735 2256 5817 iptasi
2289 5735 2381 5801 rex
2413 5754 2542 5817 tunc
2571 5743 2800 5817 primum
2835 5735 2945 5795 rem
2974 5737 3320 5806 concederet;
3347 5736 3504 5808 cujus
3530 5735 3665 5790 dona-

2109 5814 2309 5874 tionem
2338 5814 2716 5873 confirmabat.

408 5670 550 5729 tninc
581 5683 799 5728 vocatur
834 5675 1004 5728 sancti
1035 5672 1265 5727 Anniani
1297 5712 1312 5736 ,
1357 5671 1514 5742 vulgo
1549 5670 1959 5730 Saini-Chiniau
1982 5713 2017 5738 ,.

352 5785 354 5788 μ
408 5757 596 5801 sancto
627 5748 873 5801 Anniano
915 5744 1215 5801 confessori
1248 5743 1496 5812 primitus
1525 5757 1772 5808 sacrum,
1808 5759 1873 5798 ex
1921 5744 2002 5800 di-

411 5819 642 5886 plomate
668 5817 919 5872 Ludovici
943 5825 1000 5870 et
1023 5815 1259 5871 Lotharii
1286 5815 1691 5883 imperatorum.
1719 5812 2004 5870 Cannense

409 5889 572 5946 situm
596 5901 676 5947 est
701 5891 837 5945 inter
866 5892 966 5944 ltoc
994 5886 1380 5944 monasterium
1411 5896 1460 5940 et
1491 5887 1631 5939 aliud
1660 5903 1776 5939 mox
1804 5889 2003 5940 dictum
