3856 6220
1188 168 1198 193 ι

122 370 215 428 981

454 368 685 428 CODEX
728 368 1255 425 DII‘LOSIA'IICUS.
1295 398 1365 409 —
1406 366 1815 423 PRIVILEGIA.
1857 396 1925 407 -—
1967 366 2005 421 I.
2050 365 2296 421 PRIVIL.
2341 364 2474 421 PER
2517 366 2796 422 GALLI/ﬂ
2838 368 3125 459 PA‘RI'ES.

3320 373 3427 429 982

124 474 383 550 pried‘tclo
407 480 615 535 Aniano
636 459 815 535 abbati
842 493 937 533 seu
961 477 1238 532 monachis
1267 477 1399 540 suis,
1426 491 1523 532 nec
1549 478 1708 531 rebus
1738 490 1787 549 Α
1813 478 1885 533 eti
1927 476 2220 546 Rigomeri,
2250 487 2305 534 et
2330 480 2579 533 cellulam
2619 483 2792 536 sancti
2833 484 3046 555 Almiri,
3091 496 3143 540 et
3180 490 3425 543 cellulam

122 574 200 626 vel
242 570 559 639 hominibus
592 570 803 624 illorum
851 579 1181 637 contangere
1229 582 1328 620 nec
1375 567 1713 634 inquietare;

121 670 209 715 aut
234 670 433 717 contra
463 661 684 718 rationis
712 660 953 714 ordinem
980 658 1302 712 calumniam
1330 672 1586 727 generare
1612 672 1716 712 non

123 751 464 818 praesumatis
487 788 503 815 ,
557 749 659 804 nisi
692 750 771 817 (ut
803 748 1060 816 diximus)
1092 764 1211 801 cum
1262 743 1512 813 omnibus
1558 746 1719 800 rebus

121 842 200 897 vel
230 840 547 896 hominibus
568 840 782 895 illorum
808 841 907 893 sub
932 850 1167 893 nostram
1202 840 1482 893 tuitionem
1508 840 1719 901 valeant

121 933 283 1004 quieti
315 933 528 1000 vivere,
564 932 648 986 vel
675 931 936 986 residere.
980 932 1243 987 Similiter
1270 931 1636 984 concessimus
1667 932 1716 984 ei

122 1027 238 1082 villa
267 1026 506 1091 Caonas,
544 1024 701 1080 sicuti
731 1025 857 1078 Milo
886 1024 951 1079 ad
981 1039 1135 1077 suum
1169 1023 1593 1077 monastlierium
1626 1038 1720 1091 per

122 1136 243 1176 suas
299 1121 509 1176 litteras
558 1119 864 1189 delegavit,
918 1133 1040 1173 cum
1088 1119 1341 1173 omnibus
1389 1116 1718 1185 appendiciis

124 1214 257 1280 suis,
286 1225 560 1284 quatenus
600 1214 792 1268 melius
831 1213 1061 1267 delectet
1105 1212 1236 1279 ipsis
1264 1212 1436 1264 servis
1487 1209 1578 1263 Dei
1623 1223 1719 1277 pro

122 1306 273 1361 nobis
303 1308 391 1361 vel
433 1306 776 1361 stabilitatem
824 1306 973 1375 regni
1024 1302 1195 1359 nostri
1245 1301 1454 1357 Domini
1503 1301 1714 1355 miseri-

121 1398 299 1454 cordia
328 1412 579 1453 exorare.
615 1398 682 1451 Et
706 1397 751 1451 si
777 1397 982 1465 aliquas
1007 1409 1199 1451 causas
1226 1394 1488 1449 adversus
1514 1407 1608 1449 eos
1635 1392 1716 1446 vel

122 1492 432 1546 hominibus
456 1492 668 1545 illorum
692 1490 1025 1545 surrexerint
1052 1497 1141 1542 aut
1170 1496 1315 1543 ortas
1342 1486 1561 1553 fuerint,
1585 1502 1715 1555 quas

121 1586 169 1640 in
199 1586 469 1655 provintia
501 1590 703 1653 absque
735 1583 949 1638 illorum
989 1582 1134 1652 gravi
1163 1580 1451 1649 dispendio
1482 1578 1719 1633 diffinire

122 1694 219 1731 non
254 1678 564 1744 potueritis,
602 1691 776 1745 usque
809 1676 862 1730 itt
897 1685 1078 1729 nostra
1111 1673 1399 1759 prmsetqttia
1429 1686 1715 1727 reserven-

121 1778 221 1833 tur,
245 1776 517 1836 quatenus
541 1777 667 1822 ante
692 1781 793 1821 nos
818 1767 1113 1822 secundum
1148 1766 1279 1836 legis
1306 1765 1552 1820 ordinem
1579 1764 1718 1818 acci-

1819 569 1988 621 sancti
2017 568 2223 632 Ulfacii,
2253 579 2307 624 et
2334 571 2582 625 cellulam
2608 573 2780 627 sancti
2804 560 3083 643 Baomadi,
3110 580 3226 635 hmc
3249 588 3427 636 omnia

1820 676 1940 715 cum
1966 661 2216 716 omnibus
2239 664 2304 715 ad
2328 680 2385 717 se
2409 667 2821 732 pertinentibus,
2847 685 2966 724 cum
2994 672 3127 726 vicis
3154 676 3431 730 canonicis

1821 766 2068 822 quatuor,
2096 756 2146 809 id
2173 766 2257 811 est
2288 756 2485 821 Salica,
2510 769 2561 812 et
2590 761 2994 829 Mentiniarum,
3022 773 3075 817 et
3100 763 3428 831 Flaciacum,

1821 853 1876 897 et
1899 845 2169 909 Oxellum.
2206 861 2327 900 cum
2362 847 2502 900 villis
2534 848 2845 914 duodecim,
2880 862 2934 906 et
2970 853 3091 908 aliis
3125 854 3323 910 villulis
3361 861 3432 911 ad

1819 948 1911 989 eas
1944 935 2357 1001 pertinentibus.
2390 939 2531 993 sicut
2560 940 2612 993 in
2644 940 2896 1008 plenariis
2926 945 3037 1010 jam
3068 944 3226 1000 dicta:
3249 948 3433 1002 eccle-

1818 1023 1912 1079 site
1938 1028 2263 1094 continetur,
2303 1028 2359 1082 id
2384 1040 2466 1085 est
2516 1031 2830 1100 ltupiacum,
2868 1031 3124 1101 Cavania,
3161 1036 3432 1103 Culturas,

1822 1116 2028 1184 Balian,
2047 1120 2331 1186 Aloncion,
2351 1121 2661 1176 Culonicani
2682 1134 2832 1179 vetns
2848 1128 3018 1179 vicum
3032 1171 3045 1192 ,
3060 1140 3114 1184 et
3133 1129 3436 1187 Celsiacmn

1820 1207 2001 1261 vicum
2026 1213 2368 1278 canonicum,
2399 1223 2454 1267 et
2493 1215 2673 1268 villam
2708 1221 2879 1293 sancti
2913 1221 3174 1290 Gervasii,
3208 1225 3433 1280 Alonia-

1819 1313 1963 1362 cum,
1987 1302 2282 1371 Asinarias,
2308 1302 3040 1381 Vodebris,C=illemarcium,
3058 1316 3315 1372 sivealias
3337 1322 3437 1373 vil-

1822 1391 2213 1462 lulas,quarum
2232 1397 2449 1451 nomina
2468 1399 2518 1452 in
2532 1411 2784 1470 promptu
2804 1419 2907 1457 non
2926 1410 3296 1465 recordantur.
3313 1411 3437 1467 Ilaec

1819 1493 1997 1537 autem
2020 1487 2199 1540 omnia
2236 1502 2357 1542 cum
2398 1490 2648 1545 omnibus
2683 1493 2748 1545 ad
2782 1510 2840 1548 se
2875 1497 3285 1567 pertinentibus,
3313 1516 3437 1557 cum

1819 1575 1963 1629 omni
1994 1577 2325 1646 integritate,
2350 1581 2449 1635 sub
2475 1583 2787 1639 emunitatis
2818 1588 3044 1645 tuitione
3087 1602 3271 1647 nostro
3302 1610 3441 1663 pra:-

1818 1678 1973 1736 cepto
1995 1670 2236 1728 inserere
2261 1674 2531 1741 jnssimns.
2562 1677 2801 1733 Alterum
2844 1683 2987 1736 enim
3028 1686 3282 1753 praedicto
3312 1690 3437 1759 epi-

1821 1766 2004 1826 scOpo,
2030 1763 2114 1816 vel
2137 1764 2250 1818 suis
2278 1768 2549 1823 canonicis
2575 1783 2899 1841 prazceptnm
2929 1776 3058 1829 olim
3084 1778 3258 1834 facere
3265 1779 3438 1851 jussi~

124 1865 261 1931 piant
311 1862 572 1918 finitivam
622 1863 1000 1920 sententiam.
1031 1862 1099 1917 Et
1145 1872 1203 1917 ut
1253 1863 1370 1917 hinc
1422 1862 1717 1917 auctoritas
1754 1847 1795 1905 Β
1824 1865 1940 1904 ""15
1969 1850 2036 1906 de
2068 1856 2411 1911 πὶυηδδίθτίίε
2448 1859 2530 1912 νει
2562 1860 2794 1925 09""“5-
2830 1864 2946 1919 δίνθ
2980 1868 3114 1923 νίοίο
3138 1879 3298 1941 at‘1'"?
3337 1873 3438 1929 νη·

125 1953 326 2008 firmior
384 1952 684 2021 habeatur,
754 1954 838 2008 vel
892 1969 919 2006 a
972 1954 1222 2009 fidelibus
1276 1955 1475 2009 nostris
1529 1952 1722 2009 melius

121 2055 492 2111 conservetur,
544 2044 613 2101 de
658 2044 821 2100 anulo
853 2045 1059 2115 nostro;
1085 2045 1277 2100 subter
1325 2043 1562 2114 sigillare
1607 2046 1723 2113 jus-

124 2138 309 2191 simus.

193 2225 522 2282 Widolaicus
561 2226 629 2282 ad
669 2226 838 2285 vicem
881 2226 1119 2283 “adonis
1157 2228 1443 2299 recognovi
1492 2236 1545 2282 et
1590 2227 1719 2281 sub-

124 2316 332 2383 scripsi.

191 2408 320 2462 Data
371 2408 530 2462 tertio
559 2409 771 2465 decimo
799 2409 1070 2467 Kalendas
1103 2413 1369 2480 Augustas
1416 2426 1561 2466 anno
1594 2427 1721 2467 xxvi

124 2507 173 2550 et
204 2514 273 2553 xx
305 2499 456 2569 regni
489 2501 680 2557 nostri.
736 2503 928 2557 Actum
973 2502 1378 2558 Francouof‘urd
1418 2504 1623 2574 palatio
1664 2505 1722 2572 in

128 2588 213 2643 Dei
246 2593 469 2646 nomine
498 2591 752 2648 feliciter.

796 2684 907 2740 LVI
951 2686 1049 2742 bis.

131 2794 448 2869 Prwceptum
486 2797 663 2872 Caroli
690 2798 895 2872 ,Μαριιὶ
934 2803 996 2854 de
1040 2802 1277 2856 omnibus
1315 2805 1465 2859 rebus
1500 2806 1729 2863 ecclesia:

545 2869 935 2926 Cenaiuanhica:
962 2872 1124 2940 (anno
1155 2870 1304 2946 796).

329 3040 333 3044 _
426 2976 523 3037 (Ex
550 2979 610 3029 D.
640 2974 885 3044 Bouquet,
913 2983 1111 3034 necueil
1134 2984 1222 3034 des
1261 2984 1415 3048 Hist.)
1499 3052 1505 3057 θ

192 3061 245 3114 In
286 3068 311 3096 ⁸
352 3064 571 3119 nomine
626 3064 801 3118 Patris
855 3076 909 3120 et
967 3065 1089 3121 Filii
1143 3076 1198 3123 et
1247 3068 1477 3137 Spiritus
1528 3075 1722 3142 sancti,

130 3151 340 3207 Carolus
367 3157 534 3224 gratia
561 3156 652 3212 Dei
683 3173 772 3212 rex
804 3158 1129 3215 Francorum
1171 3173 1224 3217 et
1250 3163 1720 3234 Longobardorum

130 3257 184 3297 ac
208 3237 454 3311 pati-ictus
486 3248 867 3303 ltomanorum.
897 3248 953 3305 Si
984 3250 1324 3307 sacerdotum
1354 3268 1417 3309 ac
1444 3270 1724 3312 servorum

131 3332 213 3388 Dei
269 3336 574 3404 petitiones,
625 3352 758 3409 quas
805 3340 960 3396 nobis
1013 3357 1108 3410 pro
1152 3344 1266 3397 suis
1314 3346 1728 3404 necessitatibus

134 3428 468 3497 intiotuerint,
500 3434 562 3485 ad
596 3418 843 3488 effectum
878 3436 1238 3503 pertlttcimiis,
1285 3454 1390 3491 non
1436 3439 1610 3492 solum
1654 3441 1731 3495 Ie-

132 3519 290 3581 calent
341 3508 780 3579 consuetudinem
830 3542 1170 3595 exercemus,
1221 3546 1405 3584 verum
1452 3532 1613 3585 etiam
1662 3536 1729 3589 ad

134 3611 498 3668 beatitudinem
539 3626 755 3673 aeternis
802 3618 1166 3673 retributionis
1211 3619 1334 3673 talia
1382 3622 1538 3674 nobis
1591 3621 1729 3676 facta

135 3701 395 3767 pri-futura
421 3706 757 3762 confidimus.
789 3708 948 3777 Igitur
973 3711 1222 3789 omnibus
1248 3713 1539 3780 episcopis,
1566 3713 1727 3769 abba-

135 3796 281 3859 tibus,
305 3797 551 3866 ducibus,
580 3802 880 3866 comitibus,
908 3801 1282 3865 viceilominis,
1322 3804 1557 3871 vicariis,
1600 3818 1730 3860 cen—

135 3888 703 3959 tenariis,actionariis,
732 3892 912 3947 missis
935 3896 1131 3949 nostris
1145 3893 1587 3962 discurrentibus,
1618 3898 1731 3952 sive

134 3982 322 4035 cunctis
350 3982 598 4037 fidelibus
622 3996 823 4040 sancta
854 3966 945 4043 Dei
978 3987 1233 4043 Ecclesia:
1260 4001 1312 4043 et
1343 3991 1563 4057 nostris,
1596 4007 1732 4060 prce-

133 4073 357 4127 sentibus
392 4084 554 4144 atque
585 4076 797 4143 futuris,
833 4089 1017 4134 uotum
1047 4096 1168 4136 esse
1206 4083 1452 4136 volumus
1491 4084 1613 4150 quia
1653 4087 1735 4140 vir

134 4168 438 4223 venerabilis
485 4168 715 4238 Franco,
767 4172 1177 4229 Cenomannicm
1227 4175 1372 4230 urbis
1421 4178 1731 4246 episcopus,

135 4258 303 4314 adiens
342 4261 697 4318 Sereuitatem
745 4276 1006 4331 nostram,
1049 4267 1365 4335 suppliciter
1400 4269 1724 4336 deprecatus

132 4359 205 4403 ett
232 4360 285 4405 ut
319 4354 369 4409 ei
402 4364 727 4422 preceptum
757 4356 825 4412 de
863 4358 1111 4433 omnibus
1154 4363 1315 4415 rebus
1351 4361 1597 4416 ecclesias
1630 4362 1730 4417 sibi

136 4443 419 4497 t'nmmissm
455 4443 632 4499 facere
664 4449 1104 4517 praecepissemus
1139 4467 1151 4502 :
1182 4460 1235 4504 ct
1266 4452 1579 4506 nominatim
1624 4454 1733 4508 cel-

138 4530 258 4587 lulas
296 4534 379 4590 vel
411 4535 559 4590 vicos
594 4553 688 4592 seu
722 4539 899 4603 villas,
932 4556 1065 4608 quas
1091 4542 1191 4597 sub
1220 4558 1338 4609 sua,
1373 4546 1486 4599 sive
1514 4547 1733 4600 canoni-
1765 4570 1814 4627 υ
1844 4548 2062 4608 ρτοριθτ
2082 4557 2323 4600 amorem
2350 4548 2441 4604 Dei
2467 4559 2521 4606 et
2546 4559 2905 4616 reverentiam
2944 4576 3277 4640 sanctorum,

136 4638 330 4693 corum,
374 4632 454 4684 vel
496 4633 827 4687 vassalurum
868 4649 1090 4689 suorum
1131 4650 1193 4689 ac
1236 4637 1464 4691 aliorum
1510 4638 1610 4692 sibi
1654 4642 1734 4693 vel

137 4721 359 4775 ecclesiae
408 4736 521 4777 sure
577 4724 771 4781 devote
829 4726 1222 4796 famulantium,
1282 4739 1388 4784 tam
1444 4731 1732 4788 liberorum

136 4820 276 4872 quam
315 4820 368 4867 et
403 4827 707 4880 servorum,
750 4827 1012 4883 potestate
1049 4821 1135 4875 vel
1181 4821 1549 4877 dominatione
1593 4839 1729 4887 prte-

138 4903 254 4953 senti
288 4911 527 4974 tempore
558 4906 757 4963 habere
788 4912 1046 4975 noscitur,
1082 4921 1137 4964 ut
1173 4912 1365 4967 futuris
1398 4915 1731 4982 temporibus

138 4986 252 5055 ipse,
290 4994 403 5050 sive
430 4995 548 5065 ejus
585 5014 947 5067 successores,
984 5003 1085 5057 sub
1110 5003 1230 5072 jure
1259 5014 1313 5059 et
1342 5004 1728 5074 dominatione,

142 5083 383 5141 Prtedictae
444 5087 859 5147 Cenomannicae
909 5094 1185 5162 ecclesia,
1244 5096 1487 5168 firmius,
1545 5110 1726 5159 nostra

139 5165 240 5227 fulti
264 5178 606 5243 auctoritate,
628 5190 684 5237 et
708 5182 913 5253 absque
939 5184 1043 5239 ulla
1074 5184 1377 5255 pulsatione
1397 5165 1480 5244 vel
1506 5200 1727 5245 contra-

141 5261 306 5323 rietate
336 5270 535 5328 habere
561 5273 645 5328 vel
687 5289 876 5345 regere
909 5289 1229 5332 mereretur.
1272 5278 1439 5349 Cujus
1482 5283 1724 5349 petitioni

140 5350 342 5414 libenter
368 5375 655 5419 assensum
690 5368 1035 5435 praebuimus,
1066 5377 1121 5423 et
1151 5372 1467 5425 nominatim
1500 5373 1726 5429 cellulas

142 5443 208 5497 vel
232 5448 375 5506 villas
397 5453 515 5508 sive
540 5457 689 5510 vicos
718 5455 770 5510 in
804 5456 906 5513 hoc
930 5470 1223 5529 praecepto,
1248 5462 1387 5517 sicut
1407 5462 1725 5530 deprecatus

140 5542 208 5589 est
226 5535 457 5599 inserere
479 5543 761 5616 iussimus,
796 5548 847 5602 id
872 5559 955 5604 est
979 5550 1226 5630 cellulam
1255 5554 1425 5608 sancti
1456 5554 1722 5611 Vincentii

141 5636 243 5684 cum
265 5635 513 5693 omnibus
542 5638 609 5693 ad
639 5654 697 5696 se
727 5643 1138 5713 pertinentibus,
1173 5657 1226 5701 et
1261 5647 1512 5703 cellulam
1546 5652 1720 5705 sancti

145 5715 318 5793 Albini,
348 5742 445 5783 seu
472 5731 718 5789 cellulam
742 5735 913 5792 sancti
943 5736 1213 5807 Andoeni,
1245 5749 1300 5795 et
1327 5741 1575 5798 cellulam
1600 5759 1723 5799 san-

202 5866 224 5899 ι
259 5860 475 5924 Insolita
503 5868 769 5929 invocatio
794 5888 857 5929 ac
888 5872 1106 5932 omnino
1136 5878 1453 5935 resecanda.

1827 1945 1911 2011 lis,
1958 1961 2089 2011 quas
2122 1948 2291 2003 nostri
2323 1949 2508 2006 fideles
2545 1962 2725 2009 nostra
2774 1956 3058 2028 largitione
3094 1962 3292 2020 habere
3339 1983 3433 2021 no-

1824 2045 2046 2093 scuntur
2064 2057 2076 2092 :
2096 2039 2164 2093 ibi
2191 2042 2504 2098 nominatim
2520 2046 2681 2101 easin
2706 2060 2891 2105 nostro
2914 2062 3182 2123 praecepto
3200 2059 3440 2114 scribere

1828 2133 2280 2203 prazcipissemus,
2312 2138 2415 2193 sub
2450 2138 2690 2208 legitimo
2714 2158 2904 2214 censu,
2932 2157 2985 2203 et
3014 2164 3182 2205 nonas
3210 2164 3262 2206 et
3289 2154 3439 2210 deci-

1827 2236 1940 2275 mas
1966 2224 2372 2295 persolvendas,
2395 2244 2488 2284 seu
2517 2234 2939 2293 restaurationes
2959 2240 3204 2296 ecclesia:
3227 2238 3439 2299 facien-

1826 2315 1961 2380 das;
2003 2330 2124 2387 qua:
2169 2319 2347 2374 omnia
2390 2321 2647 2389 jubemus
2701 2335 2861 2398 atque
2917 2331 3263 2399 principimus
3309 2348 3368 2390 ut
3411 2354 3442 2391 a

1828 2406 2027 2462 nostris
2059 2407 2306 2465 fidelibus
2337 2414 2409 2467 ita
2451 2429 2861 2485 conserventur,
2893 2422 3033 2477 sicut
3072 2422 3122 2478 in
3156 2426 3274 2494 ipso
3302 2442 3441 2496 pra:-

1829 2505 1984 2565 cepto
2030 2509 2154 2554 sunt
2183 2502 2379 2557 inserta
2416 2506 2527 2560 :de
2565 2509 2760 2576 quibus
2802 2515 3109 2580 praedictam
3159 2522 3443 2578 ecclesiam

1828 2598 1883 2644 et
1919 2592 2028 2659 jam
2065 2593 2267 2650 dictum
2322 2601 2655 2669 pontificem,
2705 2609 3135 2684 quandocunque
3178 2616 3436 2675 Dominus

1816 2680 1989 2750 posse
2016 2694 2070 2739 et
2098 2685 2272 2743 locum
2297 2689 2525 2757 dederit,
2563 2698 2829 2753 consulari
2857 2710 2911 2757 et
2931 2680 3264 2774 augmentari
3287 2714 3440 2780 cupi-

1832 2787 1972 2830 mus.
2021 2776 2423 2837 Prtesentaliter
2452 2801 2578 2841 vero
2609 2787 2709 2845 hoc
2737 2794 3106 2864 concedimus,
3138 2810 3196 2855 ut
3221 2776 3439 2871 quando

1831 2869 2058 2939 quisque
2083 2871 2154 2928 de
2202 2875 2305 2930 illis
2346 2878 2437 2946 qui
2489 2894 2634 2949 saepe
2678 2883 2837 2941 dicta
2890 2891 3134 2947 ecclesiae
3182 2869 3440 2953 baueficii

1834 2970 2017 3015 nostra
2050 2963 2336 3037 largitione
2369 2970 2587 3039 habent,
2620 2977 2689 3033 de
2734 2978 2836 3033 hoc
2878 2984 3100 3052 saeculo,
3149 2986 3442 3049 infantibus

1834 3056 2086 3111 masculis
2139 3075 2245 3115 non
2300 3062 2599 3128 natis,'vel
2661 3071 2815 3125 nobis
2872 3091 2977 3130 non
3027 3082 3443 3148 commendatis.

1836 3148 2182 3219 migraverint
2209 3172 2222 3220 ;
2248 3155 2359 3226 jam
2385 3157 2558 3214 dictus
2584 3164 2840 3233 pontifex,
2865 3168 2945 3223 vel
2971 3170 3050 3225 sui
3073 3172 3444 3240 successores.

1833 3241 1946 3297 sive
1976 3257 2163 3301 eorum
2197 3249 2424 3305 ministri
2463 3266 2625 3323 atque
2654 3260 2917 3324 canonici,
2949 3262 3001 3317 in
3034 3275 3352 3332 petestatem
3384 3279 3444 3321 rt

1834 3330 2257 3391 dominationem
2295 3342 2526 3407 praefixae
2566 3347 2809 3404 ecclesia:
2848 3353 3053 3423 absque
3102 3357 3263 3413 ullius
3310 3375 3443 3416 con-

1831 3422 2132 3495 signatione
2163 3446 2419 3487 revocare
2462 3437 2675 3499 faciant.
2725 3440 2792 3495 Et
2827 3445 3256 3519 quandocunque
3291 3453 3443 3507 locus

1832 3520 2072 3575 evenerit
2121 3521 2229 3595 jam
2271 3525 2411 3583 dicta
2472 3529 2728 3589 beneficia
2759 3550 2881 3591 cum
2930 3543 3129 3597 nostris
3170 3545 3447 3610 fidelibus,

1833 3610 1924 3679 qui
1971 3627 2031 3667 ea
2063 3627 2250 3673 nostro
2280 3619 2544 3679 beneficio
2572 3626 2791 3694 habent,
2814 3644 3174 3704 commutare,
3196 3640 3448 3698 voluntas

1833 3716 1896 3755 ea
1936 3704 2171 3771 praefata:
2204 3712 2450 3768 ecclesiae
2482 3717 2727 3787 reddere,
2758 3732 2813 3778 ut
2844 3724 3012 3793 ipsius
3041 3730 3283 3786 ecclesim
3313 3751 3448 3802 pon-

1836 3794 2091 3865 tificihus,
2123 3802 2203 3856 vel
2235 3808 2631 3877 sacerdotibus,
2660 3817 2774 3870 sive
2808 3816 2899 3872 Dei
2932 3820 3126 3888 servis,
3164 3840 3262 3892 pro
3292 3829 3447 3884 nobis

1838 3885 1917 3941 vel
1949 3890 2095 3965 omni
2142 3896 2340 3960 populo
2385 3900 2541 3956 nobis
2581 3918 2608 3955 a
2654 3904 2767 3961 Deo
2814 3914 3130 3980 commisso,
3181 3918 3299 3974 sive
3346 3936 3446 3989 pro

1837 3979 2126 4039 stabilitate
2157 3988 2306 4058 regni
2339 4000 2393 4045 et
2420 4008 2550 4062 pace
2577 3997 2739 4055 totius
2769 4003 2973 4072 populi,
2998 3979 3191 4064 melius
3217 3979 3447 4071 exorare

1836 4074 2149 4134 delectetur.

1909 4169 2133 4241 Insuper
2158 4175 2350 4233 detulit
2394 4182 2548 4239 nobis
2586 4184 2954 4249 immunitates
2993 4200 3451 4265 prmdecessornm

1840 4272 2175 4337 nostrorum,
2232 4285 2417 4339 regum
2463 4275 2674 4332 scilicet
2738 4279 3097 4354 Francorum,
3154 4295 3207 4349 in
3254 4298 3450 4364 quibus

1839 4354 2213 4412 continebatur
2259 4365 2530 4431 quomodo
2561 4370 2871 4437 praedictam
2911 4379 3121 4450 sedem,
3174 4354 3286 4441 una
3318 4404 3443 4445 cum

1841 4446 1999 4502 rebus
2036 4452 2287 4509 omnibus
2330 4457 2418 4512 vel
2473 4461 2780 4520 hominibus
2818 4468 3015 4528 ibidem
3040 4446 3446 4551 aspicientibus,

3312 4591 3450 4645 (1110*

1843 4646 1959 4684 rum
1989 4632 2229 4705 reliquiae
2265 4637 2335 4694 ibi
2365 4654 2710 4714 venerantur,
2750 4652 2851 4708 sub
2888 4654 3198 4724 plenissima
3230 4632 3449 4733 semper

1838 4724 2150 4801 defensione
2200 4738 2255 4785 et
2294 4731 2650 4795 immunitatis
2695 4744 2923 4804 tuitione
2959 4749 3292 4814 habuissent.
3340 4724 3453 4816 II’m

1838 4816 2125 4913 firmitatis
2152 4837 2282 4892 ergo
2328 4828 2510 4885 studio
2556 4834 2707 4901 petiit
2753 4840 3043 4907 praedictus
3091 4852 3329 4913 pontifex
3387 4869 3449 4908 nt

1833 4909 1975 4964 circa
2008 4904 2179 4979 ipsum
2218 4929 2461 4974 sanctum
2494 4921 2667 4979 locum
2695 4926 2874 4986 denuo
2907 4949 3003 5002 pro
3044 4944 3313 5000 mercedis
3346 4923 3449 5001 no-

1831 5008 1961 5056 strte
1988 5016 2279 5074 augmento
2307 5015 2611 5072 concedere
2642 5026 2697 5073 et
2734 5025 3059 5111 confirmare
3096 5032 3450 5101 deberemus.

1831 5092 1995 5165 Cujus
2018 5099 2329 5168 petitionem
2358 5120 2452 5171 pro
2472 5107 2652 5165 divino
2674 5126 2860 5172 amore
2881 5092 3110 5179 renuere
3132 5126 3444 5199 noluimus;

1829 5188 1924 5242 sed
1957 5189 2008 5244 in
2049 5193 2302 5250 omnibus
2330 5204 2383 5251 et
2416 5212 2707 5267 praesentes
2736 5215 2791 5260 et
2820 5206 2980 5265 futuri
3024 5213 3213 5273 fideles
3242 5188 3446 5279 saneta;

1832 5282 1927 5339 Dei
1962 5286 2215 5343 Ecclesiae
2248 5300 2301 5346 ct
2322 5294 2496 5356 nostri
2529 5296 2597 5349 ita
2622 5312 2940 5357 concessum
2970 5316 3131 5378 atque
3158 5327 3445 5384 perpetua-

1832 5373 1953 5431 liter
1982 5392 2011 5430 a
2044 5380 2199 5433 nobis
2238 5383 2617 5441 confirmatum
2673 5406 2795 5447 esse
2851 5373 3200 5464 cognoscam.
3246 5373 3445 5461 ῥιπαὶ-α

1830 5465 2039 5534 pientes
2065 5483 2195 5540 ergo
2220 5470 2475 5541 jubemus
2497 5486 2554 5532 ut
2576 5479 2751 5536 nullus
2771 5482 2934 5551 judex
2966 5490 3228 5559 publicus,
3260 5512 3438 5566 neque

1829 5558 2084 5628 quislibet
2110 5578 2178 5616 ex
2205 5563 2490 5633 judiciaria
2519 5580 2805 5642 potestate,
2838 5592 2938 5634 nec
2966 5581 3163 5654 aliquis
3183 5558 3247 5641 ex
3273 5558 3459 5645 ﬁdeli-ﬁ

1830 5653 1929 5708 bus
1977 5656 2179 5711 nostris
2223 5658 2276 5713 in
2324 5661 2583 5719 ecclesias
2612 5675 2703 5721 aut
2758 5668 2909 5743 loca,
2962 5676 3287 5752 velagros,
3338 5700 3448 5742 seu.

1831 5747 2067 5819 reliquas
2097 5752 2469 5823 possessiones
2499 5771 2815 5819 memorata
2844 5768 3114 5839 ecclesiae,
3135 5747 3281 5843 quas
3308 5793 3434 5829 nm-
