3868 6212
421 226 531 284 983

1316 233 1377 287 Β.
1411 232 1667 291 CAROLI
1708 232 1920 289 MAGNI
1961 230 2114 286 OPP.
2158 228 2338 286 PARS
2379 229 2419 283 Ι.
2460 226 2703 286 SECTIO
2742 228 2808 285 ΙΙ.

3638 228 3753 282 θυισ

419 344 592 399 (ιιι-ιη
618 350 858 411 tempore
878 340 935 396 itt
960 341 1285 411 quibuslibet
1306 347 1455 418 pagis
1480 356 1535 401 et
1562 347 1849 403 territoriis
1869 344 2015 399 infra
2048 349 2092 404 Α
2195 339 2456 396 Genesius
2484 340 2552 395 ad
2582 341 2750 395 vicem
2775 338 3149 395 Ercbembaldi
3179 340 3470 409 recognovi
3502 348 3565 393 et
3592 341 3733 397 subs.

420 434 678 490 ditionem
726 433 873 503 regni
920 435 1090 490 nostri
1117 437 1261 505 iuste
1291 437 1493 495 habere
1520 454 1585 495 ac
1608 438 1885 508 possidere
1912 426 2005 490 co-

418 524 714 591 gnoscitur,
734 537 960 593 qucque
978 526 1142 579 etiam
1164 526 1420 596 deinceps
1440 528 1491 582 in
1512 528 1633 598 iure
1656 530 1818 595 ipsius
1840 526 2008 581 sancti

418 614 520 668 loci
566 614 744 667 divina
793 616 1021 669 voluerit
1064 617 1233 685 pietas
1274 621 1477 687 augeri,
1531 637 1688 675 nemo
1718 621 1782 673 ad
1824 632 2014 673 causas

414 704 731 769 audiendas,
759 705 841 759 vel
867 696 1173 763 inferendas
1196 711 1569 775 requirendas,
1593 721 1685 765 aut
1710 712 1904 763 tributa
1930 708 2011 762 vel

416 796 562 850 freda
590 796 878 865 exigenda,
907 807 999 851 aut
1040 798 1350 856 mansiones
1380 803 1463 857 vel
1486 813 1697 872 paratas
1721 801 2013 867 faciendas,

415 901 511 945 aut
550 890 816 944 telonenm
844 890 1187 962 exigendum,
1219 908 1319 949 nec
1348 892 1694 965 ﬁdeiussores
1724 894 2014 959 tollendos,

413 992 508 1035 aut
536 980 781 1036 homines
816 979 984 1049 ipsius
1026 983 1292 1051 Μιδείας,
1338 996 1444 1039 tam
1476 986 1736 1057 ingenuos
1763 1002 1923 1055 quam
1964 996 2019 1039 et

413 1086 621 1136 servos,
672 1072 762 1140 qui
791 1086 955 1140 super
982 1079 1179 1128 terram
1212 1072 1451 1143 ejusdem
1482 1078 1718 1131 residere
1750 1077 2016 1136 videntur.

375 1162 615 1233 .iniuste
669 1160 1101 1232 distringendos,
1152 1180 1253 1222 nec
1309 1167 1447 1223 ullus
1492 1169 1879 1223 redhibitiones
1927 1175 2020 1223 aut

413 1255 644 1309 inlicitas
682 1254 993 1310 occasiones
1035 1258 1407 1329 requirendus,
1442 1259 1550 1312 ullo
1587 1274 1836 1327 umquam
1882 1270 2018 1313 tem-

415 1362 545 1416 pore
585 1343 795 1416 ingredi
832 1345 1044 1413 audeat,
1076 1350 1160 1405 vel
1198 1358 1447 1405 exactore
1490 1351 1739 1417 praedicta
1780 1366 1847 1406 ev
1890 1352 2021 1421 ipsis

414 1439 574 1495 rebus
601 1442 830 1515 quodam
860 1441 915 1496 in
947 1425 1066 1497 loco
1095 1450 1385 1508 prasttmat
1416 1459 1431 1497 :
1463 1450 1519 1497 et
1545 1442 1801 1512 quidquid
1831 1459 1895 1498 ex
1930 1458 2021 1499 re-

415 1530 516 1585 bus
536 1531 648 1602 iam
686 1533 846 1587 dicta:
871 1532 1114 1587 ecclesia:
1151 1531 1310 1587 ﬁscus
1338 1547 1555 1601 sperare
1583 1542 1808 1598 poterat,
1850 1543 2019 1589 totum

414 1636 514 1676 nos
540 1633 852 1677 memoratae
876 1622 1119 1677 ecclesia:
1144 1612 1513 1678 concedimus.
1552 1624 1773 1692 Insuper
1809 1632 1862 1678 et
1887 1623 2039 1678 illud.

411 1713 466 1767 in
496 1711 604 1767 hoc
632 1722 901 1784 prmeepto
930 1714 1168 1768 inserere
1192 1712 1475 1783 iussimus,
1510 1722 1568 1767 ut
1597 1715 1780 1769 nullus
1815 1712 2014 1783 iudex,
2050 1716 2097 1777 Β
2129 1740 2377 1797 tandem,
2406 1741 2536 1807 tu“,
2580 1753 2633 1797 ει
2662 1711 2775 1805 εει.

409 1812 505 1859 aut
526 1818 733 1868 comes,
764 1813 858 1859 aut
884 1804 1077 1875 aliquis
1104 1804 1241 1861 liber
1271 1805 1454 1872 homo,
1487 1816 1579 1860 aut
1610 1806 1867 1875 quaelibet
1895 1822 2020 1876 per-

408 1914 543 1953 sona
572 1899 845 1969 pradieta
882 1901 1130 1955 ecclesia:
1170 1900 1468 1966 ministros,
1512 1901 1598 1955 vel
1634 1902 1923 1957 adtocatos
1967 1902 2020 1957 in

408 1990 573 2046 malle
593 1991 807 2060 publico
828 2005 1080 2047 accusare
1104 2001 1419 2061 praesumat,
1448 1992 1542 2047 sed
1569 1995 1717 2060 prius
1739 1994 2024 2048 conveniat

410 2081 688 2139 ntinistros
717 2096 920 2150 rerum,
949 2092 1005 2139 et
1024 2083 1235 2154 iudices
1266 2084 1513 2139 villarum
1554 2094 1716 2155 atque
1746 2086 2020 2140 hominum

410 2188 442 2225 a
470 2172 664 2243 quibus
702 2174 857 2229 laesus
896 2185 999 2242 est,
1042 2186 1098 2229 ut
1140 2177 1209 2229 ab
1246 2177 1326 2231 eis
1367 2177 1687 2231 familiarem
1732 2187 1786 2231 et
1820 2179 2019 2245 iustam

411 2266 640 2337 accipiat
678 2266 982 2335 iuStitiam;
1028 2283 1186 2337 quam
1237 2268 1281 2321 si
1328 2270 1573 2336 accipeie
1614 2284 1720 2322 non
1768 2270 2019 2335 voluerit,

416 2367 543 2412 tunc
575 2358 861 2413 conveniat
886 2359 1193 2426 episcouum
1218 2358 1330 2427 iam
1362 2357 1520 2413 dicta:
1549 2359 1813 2421 ecclesiae,
1853 2367 1913 2413 ut
1953 2359 2021 2412 ab

410 2452 527 2518 ipso
545 2451 971 2519 mtnjustitam
1002 2451 1315 2505 familiarem
1344 2462 1396 2504 et
1427 2450 1619 2505 bonam
1643 2461 1801 2518 atque
1820 2450 2018 2519 iustum

408 2543 660 2611 accipiat.
685 2542 752 2598 Et
771 2542 817 2597 si
843 2543 911 2597 ab
934 2544 1049 2611 ipso
1070 2543 1345 2613 episc0po,
1370 2556 1543 2611 neque
1569 2556 1599 2595 rt
1624 2542 1733 2595 suis
1760 2542 2019 2596 ministris

412 2648 563 2685 suam
601 2632 864 2703 iustitiam
908 2634 1153 2699 accipere
1201 2631 1521 2701 nequiverit,
1576 2632 1912 2699 postmodum
1954 2632 2018 2687 Ii-

408 2724 640 2781 centiam
688 2725 883 2779 haheat
930 2732 989 2777 ut
1034 2723 1087 2777 in
1136 2724 1298 2777 mallo
1340 2723 1553 2791 publico
1596 2738 1721 2777 suas
1768 2723 2017 2793 querelas

408 2817 552 2884 iuste
588 2823 646 2869 et
686 2814 1075 2869 rationabiliter
1105 2823 1266 2883 atque
1296 2814 1538 2884 legalitcr
1560 2823 1785 2884 quaerat.
1831 2813 1938 2870 Sed
1968 2816 2014 2869 si

320 2896 325 2897 ί
407 2918 567 2963 antea
593 2922 753 2978 quam
784 2907 1036 2977 praedicta
1088 2905 1295 2973 fecerit,
1324 2905 1434 2976 iam
1466 2906 1623 2961 dictae
1650 2906 1793 2962 sedis
1831 2909 2017 2963 eccle-

408 3001 506 3054 sia
530 2999 840 3068 episcopum
872 3009 926 3054 et
953 3014 1079 3055 suos
1111 2999 1391 3055 ministros
1421 3002 1501 3053 vel
1533 3000 1823 3055 adVocatos
1854 3015 2015 3057 accu-

411 3106 533 3148 sare
557 3103 650 3146 aut
676 3093 893 3163 pulsare
920 3091 1324 3161 praesumpserit
1348 3107 1363 3144 :
1388 3091 1513 3161 quia
1544 3101 1784 3146 nostram
1814 3090 2013 3162 iussio-

413 3200 539 3240 nem
588 3194 750 3254 atque
798 3194 1041 3239 nostrum
1088 3183 1349 3239 indictum
1398 3194 1453 3239 et
1502 3195 1831 3256 przeceptum
1884 3200 2018 3241 con-

415 3276 655 3345 tempsit,
692 3277 809 3331 sive
837 3276 1229 3347 praevaricuvit,
1263 3276 1498 3330 banunm
1536 3287 1779 3331 nostrum
1815 3292 1882 3333 ex
1916 3276 2021 3332 hoc

415 3368 571 3422 nobis
598 3380 906 3437 componat,
954 3379 1007 3422 et
1046 3369 1314 3437 praedictae
1360 3370 1602 3424 ecclesiae
1643 3369 1895 3439 episcopo
1934 3371 2019 3424 vel

413 3461 526 3513 suis
577 3462 837 3516 ministris
884 3475 916 3516 c
963 3461 1065 3515 Sol.
1116 3462 1324 3531 argenti
1377 3470 1701 3531 conponat,
1754 3472 1807 3516 et
1867 3477 2017 3515 suam

414 3552 669 3621 iustitiam
695 3551 1032 3621 postmodum
1058 3552 1259 3623 absque
1286 3554 1399 3621 lege
1426 3564 1519 3606 aut
1545 3554 1722 3622 aliqua
1743 3554 2016 3623 composi-

417 3649 562 3700 tione
613 3645 854 3714 recipiat.
918 3644 1208 3699 Przedictas
1265 3645 1406 3698 enim
1463 3658 1655 3715 causas
1709 3655 2020 3700 memorata:

418 3738 661 3793 ecclesia:
684 3735 1131 3807 pontificibusque
1150 3743 1310 3804 atque
1336 3735 1425 3790 Dei
1450 3736 1624 3790 servis
1646 3735 1771 3789 inibi
1792 3734 2021 3789 Domino

419 3828 798 3884 famulantibuS
829 3842 927 3896 pro
960 3828 1049 3881 Dei
1082 3840 1269 3881 amore
1295 3838 1346 3881 et
1381 3828 1679 3881 rewrcntia
1708 3835 2020 3883 sanctorum

416 3924 804 3987 conicessimus,
844 3934 1272 3988 concessumque
1314 3916 1502 3972 futuris
1540 3918 1870 3986 temporibus
1902 3933 2023 3975 esse

419 4015 687 4078 volumus,
732 4014 873 4066 sicut
915 4022 970 4066 et
998 4026 1027 4063 a
1072 4018 1209 4064 nosti
1226 4010 1269 4063 is
1305 4009 1763 4074 antecessoribus,
1808 4010 2021 4080 regibus

419 4105 668 4160 videlicet
719 4102 1081 4169 Francorum,
1127 4100 1241 4155 suis
1292 4101 1777 4168 prmdeccssoribus
1824 4101 2019 4157 factum

418 4213 539 4253 esse
571 4197 859 4251 SCI‘ﬂIIIId)
890 4197 1243 4265 cognovimus
1286 4213 1297 4246 :
1333 4207 1596 4263 quatenus
1626 4211 1788 4266 supra
1818 4212 2024 4250 memo-

410 4296 537 4341 vnto
563 4288 799 4358 pontiﬁci
833 4288 1052 4355 suisque
1082 4287 1503 4346 successoribus,
1549 4301 1649 4340 una
1689 4300 1810 4341 cum
1851 4288 2022 4341 servis

423 4383 515 4435 Dei
546 4381 672 4435 inibi
698 4381 805 4435 Deo
828 4378 1229 4445 I'amulantlbus,
1257 4392 1352 4446 pro
1375 4378 1527 4433 nobis
1551 4389 1710 4448 atque
1739 4394 1835 4449 pro
1856 4379 2022 4435 stabi-

2188 428 2375 485 Dstum
2407 430 2460 485 in
2496 445 2679 484 mense
2707 431 3023 486 Decembrio
3066 446 3153 486 va
3201 430 3432 486 Kalend.
3465 430 3729 498 Januarii,

2116 536 2255 576 anno
2286 523 2433 591 regni
2464 524 2632 575 nostri
2668 537 2812 576 xm.

2187 614 2375 667 Actum
2403 612 2766 681 Grani-Aquis
2798 612 2992 681 palatio
3034 622 3240 679 nostro,
3274 615 3337 665 ‘In
3362 610 3474 666 'Del
3513 612 3728 667 nomine

2119 705 2361 759 feliciter.
2392 707 2583 757 Amen.

2839 815 2994 871 LVII.

2119 906 2311 964 Charta
2334 905 2577 973 Ghisela,
2610 906 2785 961 Caroli
2821 906 3003 976 Magni
3028 904 3246 971 sororis,
3275 919 3379 971 qua
3417 904 3723 976 monasterio

2192 978 2514 1047 Dionysiano
2550 980 2709 1032 multa
2730 973 2937 1047 confert
2976 977 3177 1047 praedia
3213 990 3330 1046 quae
3367 990 3401 1028 ιι
3439 973 3725 1045 parantibus

2191 1046 2459 1116 acceperat
2490 1050 2653 1113 (anno
2678 1046 2838 1107 798).

2491 1178 2588 1242 (Ex
2616 1177 2892 1239 Mabillon.,
2916 1179 2981 1229 de
3026 1176 3099 1228 Re
3122 1177 3351 1241 dlplom.)

2124 1324 3715 1344 ...σο-σοοοσοσο...0101⁸00000

2123 1469 2401 1525 bentorum
2434 1480 2728 1542 martyrum
2759 1470 3021 1542 Dionysii,
3042 1470 3129 1525 ubi
3158 1470 3274 1538 ipse
3297 1470 3585 1539 preciosus
3610 1484 3721 1525 eor-

2124 1573 2253 1627 pore
2279 1560 2511 1629 quiescit
2537 1574 2659 1615 cum
2689 1562 2802 1616 suis
2831 1561 3035 1616 sanctis
3061 1561 3250 1625 sociis,
3277 1560 3347 1615 de
3375 1575 3567 1615 eorum
3600 1575 3722 1627 pra-

2123 1651 2214 1707 dio
2241 1660 2297 1705 et
2328 1650 2612 1706 facultates
2652 1653 2766 1720 ipse
2812 1652 2961 1707 locus
3001 1661 3221 1706 sanctus
3251 1651 3453 1706 ditatus
3495 1661 3551 1705 et
3598 1651 3721 1706 bene

2809 1752 2866 1798 et
2894 1743 3225 1798 cont-edente
3258 1742 3488 1796 Domino
3529 1740 3634 1797 erit
3674 1744 3717 1795 in

2129 1842 2484 1902 perpetuum:
2538 1835 2608 1887 ita
2655 1849 2795 1888 nunc
2848 1836 2899 1887 in
2953 1834 3046 1889 Dei
3097 1832 3316 1888 nomine
3361 1832 3477 1887 Deo
3520 1843 3718 1887 sacrata

2126 1923 2437 1991 Christique
2469 1938 2684 1993 semper
2713 1925 2909 1979 devota
2937 1923 3172 1994 Gbysela
3203 1923 3542 1979 nobilissima
3592 1924 3719 1992 regis

2130 2015 2231 2067 lilia
2265 2014 2511 2082 Pippini,
2556 2026 2609 2083 et
2656 2015 3001 2069 Bertradanm
3033 2014 3232 2083 regina:
3259 2014 3391 2069 olim
3417 2055 3433 2077 ,
3488 2029 3590 2082 pro
3634 2014 3717 2069 Dei

2128 2108 2321 2161 intuitu
2365 2120 2418 2161 et
2457 2108 2731 2163 desiderio
2758 2108 2999 2163 cmlestis
3047 2108 3199 2178 regni
3246 2115 3301 2161 et
3351 2109 3546 2161 anime
3599 2122 3719 2162 luce

2127 2196 2390 2260 remedio,
2423 2197 2689 2251 donamus
2714 2196 2782 2251 ad
2811 2197 2983 2267 ipsum
3014 2199 3259 2252 sanctum
3300 2197 3479 2250 locum
3504 2238 3518 2257 ,
3561 2196 3717 2252 dona-

2127 2296 2350 2356 ttuuque
2380 2288 2775 2357 prmsentaliter
2804 2301 2925 2341 esse
2955 2287 3205 2341 volumus
3224 2326 3239 2353 ,
3289 2287 3431 2341 sicut
3460 2289 3605 2341 enim
3634 2289 3718 2340 ad-

2125 2388 2309 2445 mouet
2359 2394 2455 2434 nos
2501 2389 2688 2433 sancta
2734 2380 2999 2447 scriptura
3051 2389 3110 2432 ut
3160 2382 3322 2439 homo
3352 2379 3478 2432 dum
3514 2380 3643 2433 vivit
3672 2381 3714 2431 in

2123 2490 2373 2541 corpore,
2405 2475 2605 2541 cogitet
2632 2472 2700 2529 de
2730 2474 3033 2527 aeternitate
3058 2474 3200 2539 vitai,
3227 2486 3286 2526 ut
3312 2473 3382 2527 de
3413 2477 3713 2527 transitoria

2122 2580 2308 2618 metet:
2335 2581 2359 2617 r
2412 2574 2612 2618 a-terna
2644 2604 2658 2629 ,
2729 2563 2953 2617 Domino
3007 2561 3334 2625 dicente,iu
3392 2563 3713 2633 Evangelia:

2122 2655 2306 2711 Facite
2346 2657 2485 2710 robis
2528 2658 2797 2709 thesauros
2838 2658 2893 2709 in
2926 2656 3053 2709 calo
3081 2672 3197 2725 quat
3228 2672 3330 2709 non
3363 2658 3643 2723 deﬁciunt,
3675 2668 3716 2710 ct

2119 2750 2184 2802 de
2211 2749 2386 2816 iniquo
2415 2763 2707 2801 mammona
2736 2756 3029 2818 comparate
3057 2746 3198 2801 vobis
3228 2758 3423 2800 aterna
3468 2747 3703 2801 taberna-

2118 2838 2260 2908 cula,
2295 2837 2451 2909 iuxta
2484 2838 2807 2899 sententiam
2840 2838 2980 2892 beati
3010 2836 3249 2893 doctoris
3278 2837 3590 2905 Augustini,
3634 2827 3715 2892 ubi

2117 2931 2227 2983 ait:
2264 2948 2283 2983 ι
2321 2929 2461 2984 Perit
2492 2929 2723 2984 mundus
2768 2938 2823 2985 et
2868 2944 2933 2984 ea
2981 2943 3102 2999 qua:
3152 2929 3205 2983 in
3258 2928 3465 2983 mundo
3511 2941 3656 2984 sunt.
3692 2951 3707 2981 ι

2120 3025 2252 3079 Illud
2285 3040 2414 3080 vero
2444 3039 2736 3095 numquam
2769 3022 2945 3093 perit,
2993 3025 3137 3095 quod
3187 3024 3240 3081 in
3282 3025 3524 3081 ecclesiis
3550 3026 3633 3079 vel
3666 3024 3710 3078 in

2044 3087 2089 3149 Ο
2126 3116 2450 3187 pauperibus
2473 3087 2748 3187 erogatur,
2770 3087 2866 3172 sed
2890 3087 3176 3187 unicuique
3199 3118 3342 3187 quod
3369 3117 3437 3172 ad
3465 3128 3708 3174 :rternarn

2125 3208 2507 3262 beatitudinem
2558 3223 2654 3277 pro
2697 3206 2905 3277 iustitia
2958 3215 3259 3275 reputatur.
3320 3207 3445 3263 Ideo
3488 3210 3555 3264 ob
3600 3212 3711 3279 eius

2122 3316 2361 3356 amorem
2393 3300 2653 3358 donamus
2681 3300 2749 3357 ad
2779 3302 2949 3371 ipsum
2977 3310 3225 3357 sanctum
3257 3302 3435 3357 locum
3464 3304 3708 3371 superius

2123 3392 2551 3458 denominatum,
2584 3391 2672 3446 ubi
2703 3392 2955 3461 praesenti
2990 3376 3237 3461 tempore
3269 3391 3552 3446 Fardulfus
3579 3394 3708 3447 abba

2125 3500 2243 3538 cum
2276 3499 2465 3538 norma
2495 3484 2723 3552 plurima
2749 3483 3140 3538 monachorum
3162 3498 3510 3548 conversare,
3536 3499 3711 3553 regere

2125 3576 2209 3631 vel
2256 3576 2559 3647 gubernare
2586 3573 2839 3629 videtur:
2873 3573 2997 3628 vllla
3032 3582 3217 3629 nostra
3248 3582 3587 3643 nuncupante
3618 3573 3711 3628 Pu-

2127 3668 2267 3724 tialis
2296 3667 2348 3723 in
2380 3682 2516 3739 pago
2546 3679 2571 3709 ι
2600 3666 2890 3723 Adratinse
2914 3708 2930 3733 ,
2979 3680 3103 3721 cum
3150 3664 3269 3721 illas
3310 3666 3563 3720 t-eclesias
3604 3680 3711 3735 quat

2126 3771 2253 3817 sunt
2282 3770 2611 3816 constructa:
2643 3762 2695 3814 in
2727 3761 2932 3815 honore
2960 3760 3130 3814 sancti
3163 3758 3380 3814 Vedasti
3402 3803 3418 3826 ,
3460 3760 3544 3813 vel
3574 3770 3707 3813 cete-

2125 3868 2308 3909 rorum
2359 3862 2670 3907 sanctorum
2722 3867 2845 3907 eum
2899 3851 3235 3922 appendiciis
3284 3853 3440 3919 suis,
3494 3853 3546 3908 id
3593 3864 3709 3907 sunt

2125 3943 2565 4011 Gunbodecurte,
2601 3960 2697 3999 seu
2729 3943 3175 4009 PostoneVillare,
3207 3944 3293 4000 vel
3328 3934 3705 4007 Bertinocurte,

2127 4050 2337 4091 necnon
2382 4045 2439 4090 et
2484 4036 2537 4090 in
2589 4034 2871 4099 Linarias.
2921 4052 3016 4089 seu
3046 4044 3099 4091 ct
3132 4036 3184 4089 iu
3218 4035 3474 4091 flodricio
3520 4038 3568 4089 in
3607 4037 3705 4106 iani

2126 4128 2272 4183 dicto
2316 4141 2451 4198 pago
2481 4126 2801 4192 Adratinse;
2853 4135 2909 4181 et
2950 4125 3004 4179 in
3047 4126 3443 4196 Magrastovitla
3494 4129 3545 4180 in
3589 4143 3707 4196 pago

2132 4220 2553 4285 Vermandinse;
2606 4220 3006 4275 Frisionecurte
3036 4234 3131 4274 seu
3177 4230 3230 4273 et
3262 4222 3636 4283 Agnonorurte
3664 4222 3706 4272 in

2130 4327 2263 4381 pago
2307 4313 2711 4367 Ambianense:
2764 4308 2972 4362 Vvalliu
3026 4312 3079 4361 in
3132 4325 3267 4378 pago
3308 4310 3615 4363 Uantaracto
3645 4327 3706 4372 e;

2130 4405 2242 4472 ipsa
2276 4403 2393 4456 loca
2426 4403 2678 4471 superius
2724 4411 3015 4468 praznotata
3063 4416 3185 4454 eum
3226 4400 3375 4453 otnni
3427 4389 3709 4469 integritate

420 4473 569 4527 litate
596 4472 743 4540 regni
774 4472 938 4525 totius
962 4491 987 4522 τι
1018 4473 1125 4528 Deo
1151 4474 1304 4525 nobis
1335 4472 1575 4525 concessi
1606 4480 1769 4540 atque
1796 4486 2018 4527 conser-

2133 4494 2216 4547 vcl
2249 4494 2521 4547 soliditate
2550 4508 2767 4554 earum,
2804 4493 2853 4545 id
2886 4500 2969 4545 est
3000 4507 3103 4544 una
3132 4508 3254 4543 cum
3288 4495 3472 4555 terris,
3506 4492 3705 4554 tuausis,

420 4566 605 4628 vandi,
653 4579 776 4617 cum
825 4563 975 4617 clero
1024 4564 1324 4634 pepulitque
1372 4564 1472 4617 sibi
1520 4562 1765 4632 subiecto
1817 4563 2025 4618 Domini

422 4656 845 4711 misericordiam
867 4670 1093 4711 exorare
1114 4656 1431 4711 delectetur.
1468 4658 1532 4711 Et
1554 4667 1612 4710 ut
1635 4658 1748 4711 haec
1775 4657 2025 4726 praecepti

423 4751 591 4805 nostri
616 4750 901 4805 ancteritas
932 4748 1139 4804 Iirmior
1169 4749 1450 4815 habeatur,
1481 4758 1536 4805 et
1558 4763 1658 4821 per
1684 4751 1859 4806 futura
1888 4760 2022 4807 tetu-

426 4834 553 4913 pora
581 4851 962 4905 conservetur,
998 4857 1156 4895 manu
1190 4840 1403 4913 propria
1444 4842 1627 4898 subter
1668 4842 2025 4910 ﬁrmavimus,

424 4945 481 4991 es
501 4934 859 5004 impressione
884 4936 1053 4988 nostri
1083 4935 1265 4990 annuli
1292 4934 1479 4991 subter
1507 4950 1625 4992 eam
1660 4936 1898 4989 roborari
1929 4935 2025 4991 de-

422 5042 713 5084 crevimus.
1262 5042 1265 5047 ’

497 5139 719 5211 Signum
747 5139 921 5195 Caroli
953 5140 1322 5211 gloriosissimi
1361 5140 1519 5210 regis.

501 5350 528 5377 ι
557 5339 870 5394 Atlratnnsis
902 5353 1069 5407 pagus
1100 5338 1185 5393 hic
1216 5349 1302 5395 est
1332 5338 1722 5405 Atrabatensts,
1757 5349 1813 5394 ut
1845 5344 2027 5399 notaVi

429 5412 495 5465 ad
521 5410 695 5465 Vitam
726 5412 896 5464 sancti
922 5410 1235 5479 Leodegarii
1272 5412 1321 5462 in
1354 5410 1556 5463 seculo
1583 5412 1823 5465 secundo
1852 5413 2026 5469 Bene-

427 5480 652 5537 dictino.
706 5482 938 5537 Adverte
971 5483 1056 5534 hic
1088 5482 1301 5535 titulum
1336 5481 1678 5547 nobilissimi,
1722 5499 1881 5552 quem
1922 5487 2022 5538 sibi

430 5569 595 5608 unum
630 5552 869 5608 tribuunt
898 5552 1029 5623 regii
1062 5552 1235 5607 liberi.
1280 5552 1389 5607 Nec
1424 5552 1643 5618 mirum,
1677 5556 1893 5623 quando
1925 5557 2024 5623 ipsi

431 5640 621 5697 reges,
641 5624 749 5677 imo
776 5624 1369 5697 et_impera_tores,boc
1403 5624 1621 5677 nomine
1651 5628 1778 5681 olim
1809 5628 2025 5697 gloriati

433 5695 744 5764 sunkLege
763 5693 1027 5769 Gabrielis
1052 5694 1279 5769 Trivorii
1310 5697 1743 5769 observationem
1766 5693 2025 5769 apologa-

438 5768 618 5833 ticam,
668 5765 843 5835 capite
873 5767 960 5835 l0,
1003 5777 1055 5821 ct
1101 5768 1345 5821 chartam
1390 5767 1652 5824 Sansonis
1702 5765 2024 5825 Itltetttetisis

2132 4584 2405 4649 domibus,
2423 4584 2800 4653 superpositis,
2820 4583 3089 4648 tedibciis,
3111 4582 3398 4651 praesidiis,
3425 4584 3705 4650 mancipiis,

2134 4679 2427 4749 inquilinis,
2458 4678 2769 4742 accolabus,
2805 4678 3032 4741 libertis,
3076 4668 3249 4732 servis
3280 4687 3389 4731 tam
3424 4676 3707 4742 ibidemque

2132 4771 2394 4837 oriundis,
2429 4785 2589 4840 quam
2620 4780 2673 4824 et
2704 4768 2919 4822 aliunde
2953 4767 3255 4832 translatis,
3285 4768 3514 4834 campis,
3541 4769 3704 4834 pratis,

2143 4862 2383 4933 pascuis,
2417 4862 2590 4932 aquis,
2622 4875 2953 4931 aquarumve
2984 4859 3325 4923 decursibus,
3356 4859 3639 4917 mobilibus
3664 4866 3707 4911 ct

2135 4952 2521 5019 immobilibus,
2546 4954 2741 5023 gragis
2762 4967 2885 5007 cum
2908 4950 3232 5019 pastoribus,
3257 4948 3483 5019 perviis,
3507 4950 3707 5019 publicis

2136 5049 2317 5114 psnllis
2349 5056 2526 5114 atquae
2556 5044 2878 5115 subiunctis,
2915 5044 2997 5098 vel
3031 5043 3288 5112 omnique
3323 5044 3627 5112 presidinm
3663 5052 3707 5096 et

2136 5142 2444 5194 universum
2482 5141 2775 5205 meritum,
2826 5149 2880 5191 et
2927 5137 2993 5192 ad
3043 5137 3300 5207 praedicta
3333 5136 3452 5191 loca
3484 5136 3707 5206 superius

2134 5341 2543 5410 archiepiscopi,
2574 5340 2661 5395 ubi
2692 5339 3021 5397 Ludovicum
3049 5339 3320 5411 iuniorem
3352 5340 3705 5395 nobilissimam

2134 5416 2282 5469 dicit.
2312 5412 2513 5469 Confer
2538 5412 2770 5481 diploma
2796 5411 2970 5467 Caroli
2992 5413 3172 5482 Magni
3201 5411 3450 5478 proxime
3470 5427 3705 5479 sumens.

2132 5485 2315 5540 datum
2346 5486 2407 5536 ad
2438 5483 2862 5537 conﬁrmandum
2887 5483 3083 5539 Giseite
3111 5485 3313 5538 sororis
3338 5497 3457 5537 suae
3481 5483 3707 5537 donatio-

2136 5572 2279 5611 nem.
2327 5555 2461 5609 Cum
2492 5555 2609 5623 It-go
2642 5557 2741 5609 hac
2783 5556 2834 5609 in
2875 5557 3060 5610 charta
3103 5555 3219 5609 locu
3244 5572 3272 5605 n
3306 5569 3371 5609 ex
3406 5552 3705 5619 Augustino.

2135 5628 2317 5681 videre
2347 5626 2476 5679 mihi
2506 5626 2693 5680 videor
2726 5625 2959 5681 Gisalam
3003 5629 3145 5679 illam
3166 5668 3182 5691 ,
3226 5626 3276 5679 itt
3309 5623 3469 5693 cuius
3501 5625 3701 5695 gratiam

2135 5700 2390 5753 Alcuinus
2419 5698 2701 5766 Augustini
2730 5698 3147 5752 coturnentnrios
3179 5712 3343 5766 super
3375 5695 3704 5767 Evangvlium

2136 5770 2355 5826 Joatutis
2387 5769 2439 5823 in
2467 5770 2843 5839 compendium
2875 5769 3098 5838 redegit.
