3868 6212
177 313 297 371 985

170 521 321 574 senti
355 531 594 588 tempore
624 521 820 577 ibidem
853 521 1141 590 possedeo,
1176 521 1430 591 quicquid
1477 522 1609 574 intra
1657 533 1764 575 ter-

172 612 358 665 minos
400 622 493 666 aut
533 624 685 668 extra
734 613 1030 678 terminos,
1085 624 1192 667 tam
1242 613 1309 668 de
1357 613 1514 667 alode
1561 623 1651 665 aut
1697 612 1767 666 de

171 715 490 769 Compar-ato
520 708 601 761 vel
632 707 699 759 de
740 706 980 774 qualibet
1020 706 1265 762 adtracto
1314 707 1381 761 ad
1429 720 1516 760 me
1564 704 1769 772 legibus

171 798 430 860 obvenit,
475 812 502 849 a
534 796 622 851 die
655 806 918 864 praesente
945 812 1008 851 ac
1039 798 1253 865 prmfata
1286 812 1408 851 casa
1445 796 1533 850 [1νί
1567 796 1618 849 111
1653 795 1768 848 ale-

172 889 377 943 moniis
410 889 488 943 rei
535 890 836 944 substantia
868 890 1251 946 monachorum
1295 889 1490 944 ibidetn
1523 887 1768 941 habitan-

173 980 316 1033 tium
348 981 563 1035 Christo
595 991 912 1052 protegente
941 982 1187 1052 proﬁciat
1215 983 1265 1034 iu
1295 990 1634 1048 augmentum
1653 1017 1669 1040 ,
1715 987 1771 1032 et

170 1071 247 1127 de
274 1071 398 1141 jure
430 1081 549 1126 meo
579 1075 629 1127 iu
655 1072 780 1144 jure
827 1083 882 1128 et
929 1074 1295 1130 dominatione
1334 1073 1503 1139 ipsius
1533 1071 1770 1127 basilica:
1811 1126 1816 1132 _

171 1167 337 1220 trado
367 1176 526 1236 atque
555 1166 907 1220 transluudo:
959 1167 1030 1221 ita
1080 1176 1136 1220 ut
1186 1167 1252 1220 ab
1299 1183 1362 1222 ac
1406 1168 1494 1221 die
1543 1183 1638 1222 vos
1687 1168 1772 1221 vel

170 1275 523 1315 successores
556 1261 714 1314 vestri
765 1260 1033 1326 habeatis,
1086 1261 1342 1321 teneatis.
1397 1262 1773 1329 possedeatis,

172 1353 265 1405 vel
307 1351 558 1421 quicquid
608 1352 804 1406 exinde
853 1352 1030 1411 facere
1075 1354 1392 1417 volueritis,
1448 1355 1669 1408 liberam
1719 1367 1777 1410 et

172 1444 545 1498 ﬁrmissimam
579 1445 871 1500 auxiliante
904 1446 1132 1502 Domino
1162 1448 1213 1504 iu
1246 1450 1494 1503 omnibus
1528 1449 1776 1504 habeatis

173 1545 527 1603 potestatem.
563 1538 625 1591 Et
653 1547 710 1592 ut
738 1539 849 1592 haec
876 1538 1092 1593 donatio
1121 1554 1151 1592 a
1181 1556 1265 1593 me
1296 1540 1431 1594 facta
1459 1540 1606 1593 omni
1640 1549 1779 1595 tem-

177 1643 318 1696 pore
347 1629 498 1683 lirma
527 1640 582 1684 ct
609 1631 921 1687 inconvulsa
953 1633 1129 1687 valeat
1158 1633 1469 1702 perdurare.

252 1717 478 1788 Signum
508 1719 549 1790 ἦ·
579 1720 828 1792 Ghyselte
857 1723 1192 1779 nobilissima
1225 1727 1330 1778 lilia
1366 1727 1575 1794 Pippini
1606 1727 1774 1797 regis,

169 1810 270 1880 qui
300 1812 442 1867 hanc
466 1812 757 1869 donatione
785 1815 899 1870 ﬁeri
930 1798 1134 1886 rogavi.

255 1905 554 1978 Signum-1-
581 1907 758 1963 Caroli
789 1908 1109 1964 nobilissimi
1141 1907 1234 1963 ﬁlii
1265 1909 1451 1964 domui
1473 1911 1653 1966 Caroli
1685 1927 1780 1966 re-

171 1998 264 2066 gis
295 1986 801 2068 przeocllentisl-imi.

260 2089 484 2159 Signum
516 2089 557 2161 -ι-
591 2091 798 2160 I’ippini
854 2093 1172 2148 nobilissimi
1222 2093 1313 2148 ﬁlii
1363 2095 1550 2150 domui
1596 2095 1779 2151 Caroli

171 2183 669 2256 pracellentissimi
699 2184 860 2253 regis.

255 2276 483 2343 Signum
513 2276 553 2346 1-
582 2275 856 2331 Chlodoici
906 2275 1223 2330 nobilissimi
1256 2277 1346 2332 ﬁlii
1376 2275 1560 2332 domui
1591 2279 1777 2334 Caroli

174 2367 668 2436 prmcellentissimi
700 2368 863 2437 regis.

252 2455 582 2511 Wiueradus
601 2456 963 2512 Cancellariu's
993 2457 1172 2524 jussus
1200 2475 1228 2512 a
1260 2459 1529 2528 prmdictze
1557 2467 1772 2520 domnae

169 2546 433 2616 Gbyse’te
457 2548 647 2613 scripsi
677 2558 730 2601 et
753 2549 1071 2615 subscripsi.

254 2640 388 2694 Data
423 2640 496 2694 Id.
528 2639 652 2695 Jun.
685 2654 827 2694 anno
860 2657 1016 2704 xm,
1059 2651 1112 2695 et
1153 2657 1274 2695 xxvr
1317 2658 1538 2712 regnum
1591 2643 1778 2699 domui

173 2731 379 2785 nostri.
419 2734 611 2787 Actum
643 2730 809 2802 Aquis
840 2732 1035 2801 palatio
1066 2734 1116 2786 in
1150 2732 1242 2787 Dei
1276 2735 1491 2788 nomine
1521 2733 1778 2792 feliciter.

167 2823 382 2881 Amen.

903 2895 1079 2953 LVIII.

167 3008 430 3080 Diploma
473 3005 648 3062 Caroli
697 3007 874 3080 Magni
915 3009 1221 3064 donationes
1257 3013 1420 3080 [actas
1459 3013 1778 3068 monasterio

251 3078 575 3220 οωέἕὸἱῗηο
612 3096 644 3133 ιι
683 3078 830 3135 Gisia
883 3097 1058 3135 sorore
1093 3098 1187 3135 sua
1231 3078 1590 3151 con/innantis
1627 3083 1777 3142 (an-

251 3166 320 3202 uo
358 3168 374 3202 l
503 3187 517 3203 .

248 3166 320 3202 110
358 3166 454 3203 Ιυυ
483 3166 517 3203 io

511 3243 604 3302 (Ex
633 3244 694 3294 D.
719 3244 964 3307 llouqttel,
986 3243 1176 3295 Recueil
1193 3245 1275 3296 des
1305 3244 1456 3308 Hist.)

249 3327 480 3383 Carolus
509 3328 601 3383 Dei
635 3329 801 3400 gratia
833 3345 924 3382 rex
952 3329 1284 3384 Francorum
1316 3325 1371 3386 et
1400 3331 1781 3402 Langobardo-

168 3440 296 3479 rum
345 3437 410 3475 ac
453 3420 708 3498 patricius
755 3421 1139 3476 Romanorum.
1173 3423 1227 3478 Si
1259 3438 1318 3480 ea
1341 3464 1353 3486 .
1387 3439 1506 3494 quae
1546 3441 1573 3478 a
1610 3426 1775 3479 Deum

171 3514 499 3569 timentibus
529 3513 836 3567 hominibus
879 3514 1296 3584 parentibusque
1329 3519 1525 3571 nostris
1556 3515 1620 3569 ad
1664 3519 1778 3572 loca

166 3616 491 3661 sanctorum
525 3605 912 3660 venerabilium
959 3606 1144 3674 largita
1189 3607 1271 3663 vel
1313 3607 1614 3662 condonata
1656 3624 1779 3664 esse

173 3707 504 3758 noscuntur,
537 3698 772 3751 OracuIis
803 3697 1000 3751 nostris
1031 3697 1417 3776 conﬁrmamus
1437 3740 1453 3763 ,
1489 3701 1589 3755 hoc
1622 3701 1776 3757 nobis

170 3787 535 3859 proculdubio
575 3789 641 3841 ad
689 3800 944 3842 aeternam
988 3789 1370 3844 beatitudinem
1415 3803 1468 3846 et
1509 3793 1776 3847 mercedis

171 3892 534 3953 augmentum
555 3893 696 3948 ,‘seu
725 3877 1075 3938 stabilitatem
1110 3884 1258 3952 regni
1293 3885 1460 3939 nostri
1505 3886 1776 3954 pertinere

169 3975 525 4033 conﬁdimus.
561 3973 794 4041 ideoque
827 3983 1009 4028 uotum
1039 3973 1104 4028 sit
1140 3974 1379 4028 omnium
1413 3974 1648 4030 ﬁdelium
1681 3991 1774 4029 uo-

165 4079 417 4121 atrorum
448 4066 838 4134 magnitudini,
870 4067 1214 4134 pra-seutium
1248 4067 1457 4122 scilicet
1487 4076 1539 4121 et
1570 4065 1773 4120 futuro-

165 4174 331 4222 rum,
377 4157 607 4227 qualiter
648 4158 870 4211 illustris
912 4158 1021 4212 Deo
1059 4166 1267 4212 sacrata
1308 4157 1489 4223 Gisla,
1532 4157 1770 4212 dilectis-

170 4253 316 4304 sima
377 4267 532 4305 soror
581 4231 795 4317 nostra,
836 4251 1110 4306 serenitati
1152 4263 1350 4307 uestrae
1400 4254 1667 4323 suggessit
1704 4267 1772 4306 eo

169 4343 324 4406 quod
359 4341 471 4410 ipsa
495 4383 509 4405 ,
542 4343 840 4410 inspirante
884 4326 1061 4397 divina
1109 4344 1381 4411 potentia,
1432 4347 1640 4414 aliquas
1685 4360 1769 4400 res

165 4422 526 4506 proprietatis
557 4448 668 4488 sum
699 4435 764 4488 ad
795 4436 1173 4488 monasterium
1207 4446 1520 4492 sanctorum
1563 4445 1767 4507 martyo

472 313 703 371 CODEX
750 311 1279 372 DIPLOMATICUS.
1311 345 1378 357 --
1421 315 1840 373 PRIVILECI.\.
1880 346 1952 360 —-
1991 317 2031 372 1.
2076 317 2320 374 νηινιι.
2364 318 2504 376 PER
2539 319 2814 378 CALLIE
2853 321 3140 382 PARTES.

173 432 454 481 nominata
488 429 728 494 aspicere
766 426 847 481 vel
895 428 1167 494 pertinere
1198 427 1472 490 videntur,
1521 439 1576 483 et
1625 444 1763 496 υττε-
1797 433 1842 491 Α

1801 3151 1854 3218 ο

3359 329 3464 389 986

1871 449 2003 502 abba
2029 491 2044 510 ,
2076 459 2186 502 tam
2215 467 2313 520 pro
2339 468 2399 506 se
2425 469 2585 519 quam
2616 457 2778 510 etiam
2810 471 2907 523 pro
2945 458 3119 515 salute
3161 459 3465 518 animarum

1875 540 2122 593 videlicet
2156 542 2339 595 domui
2371 557 2434 598 ac
2463 547 2726 616 genitoris
2755 549 2922 602 nostri
2960 548 3165 618 I'ippiul
3194 553 3459 627 quondam

1872 630 2245 699 glorimissimi
2278 637 2438 704 regis,
2465 645 2522 690 et
2551 638 2786 692 dominae
2813 639 3152 694 Bertradante
3190 643 3465 713 genitricis

1876 735 2077 780 nostra:
2108 727 2414 793 plenissima
2445 729 2833 786 deliberatione
2860 731 3165 802 delegasset
3185 774 3198 794 .
3224 744 3281 820 eos
3322 735 3467 790 unde

1876 827 1929 871 et
1961 819 2134 886 ipsum
2167 828 2546 874 testamentum
2576 821 2881 876 donationis
2907 838 3019 876 sua
3049 823 3205 878 nobis
3232 819 3468 882 ostendit

1878 906 1943 959 ad
1975 907 2351 976 relegandum,
2384 909 2473 964 ubi
2514 911 2893 966 continebatur
2933 913 3166 980 qualiter
3205 913 3357 972 dedit
3393 920 3458 973 ad

1879 995 2053 1065 ipsum
2090 999 2264 1056 locum
2297 998 2476 1053 villam
2509 1010 2870 1068 nuncupatam
2914 1002 3179 1067 Pueisles.
3205 1008 3364 1062 sitam
3411 1010 3464 1065 in

1880 1103 2016 1157 pago
2063 1089 2449 1155 Adrapateusi,
2479 1105 2604 1144 cum
2649 1092 2896 1148 ecclesiis
2934 1095 3010 1149 ibi
3053 1099 3375 1153 constructis
3414 1100 3469 1154 iu

1881 1179 2086 1234 honore
2123 1181 2293 1236 sancti
2345 1180 2558 1236 Vedasti
2603 1184 2686 1238 vel
2730 1185 2959 1240 aliorum
3001 1201 3342 1254 sanctorum.
3387 1195 3470 1248 vel

1880 1272 2127 1328 omnibus
2175 1272 2507 1341 appendiciis
2549 1275 2663 1340 suis
2704 1274 2772 1330 ad
2802 1290 2860 1330 se
2902 1279 3291 1347 pertinentibus
3334 1282 3471 1339 intra

1881 1352 2074 1431 pagum
2125 1363 2340 1430 ipsum,
2394 1361 2422 1403 ιν
2471 1362 2964 1433 Gundbodocurte,
3028 1366 3468 1443 Postinevillare,

1883 1454 2301 1520 Berninocurte,
2349 1465 2406 1511 et
2451 1455 2504 1510 in
2548 1457 2789 1514 Linarias
2832 1475 2928 1515 seu
2959 1469 3015 1515 et
3067 1465 3121 1517 in
3174 1465 3471 1523 llodricio:

1883 1545 1936 1600 in
1980 1561 2117 1618 pago
2162 1563 2292 1604 vero
2342 1547 2732 1606 Vermandensi
2762 1562 2788 1592 ο
2824 1554 3282 1625 Imuagrastuilla,
3327 1568 3381 1614 et
3421 1558 3474 1614 In

1883 1651 2021 1705 pago
2071 1637 2416 1696 Ambianensi
2468 1639 2869 1700 Fricionecurte
2915 1655 2972 1700 et
3020 1645 3474 1714 Magnonecurte:

1882 1742 2092 1783 necnon
2127 1729 2178 1783 in
2206 1746 2342 1799 pago
2371 1732 2751 1788 Cameracensi
2784 1736 2901 1790 loco
2926 1736 3013 1805 qui
3048 1738 3242 1792 dicitur
3269 1737 3473 1796 Walin.

1802 1807 1849 1868 Β
1883 1820 1991 1873 Sed
2028 1835 2123 1886 pro
2153 1821 2358 1891 integra
2388 1823 2640 1880 ﬁrmitate
2685 1828 2836 1894 petiit
2878 1841 2908 1880 a
2939 1827 3268 1884 celsitudine
3295 1840 3479 1884 nostra

1885 1919 1944 1964 ut
1973 1911 2224 1981 quicquid
2256 1917 2368 1980 ipsa
2401 1929 2524 1970 cum
2551 1917 2823 1985 :equitatis
2850 1920 3042 1973 ordine
3071 1921 3124 1974 in
3155 1921 3483 1990 supradictis

1881 2001 2017 2056 locis
2055 2002 2122 2056 ad
2167 2003 2446 2071 praefatum
2495 2009 2879 2063 monasterium
2925 2021 3237 2065 sanctorum
3281 2025 3484 2084 marty-

1885 2108 2005 2148 rum
2035 2094 2179 2163 juste
2203 2105 2259 2150 et
2290 2097 2682 2154 rationabiliter
2718 2101 3024 2171 delegavit,
3072 2119 3169 2173 pro
3209 2105 3483 2161 communi

1886 2184 2140 2239 mercede
2160 2193 2263 2252 ,‘et
2294 2201 2392 2256 pro
2421 2197 2625 2244 aeterna
2661 2195 3102 2251 reuuineratioue
3131 2198 3332 2252 nostris
3358 2212 3485 2253 ora.

1883 2276 2023 2331 culis
2067 2277 2264 2334 cedere
2311 2289 2365 2332 et
2404 2280 2726 2339 conﬁrmare
2755 2285 3097 2340 deberemus.
3130 2287 3296 2357 Cujus
3343 2292 3484 2358 peti-

1887 2368 2085 2425 tionem
2119 2387 2216 2439 pro
2259 2371 2443 2428 divino
2490 2375 2687 2428 intuitu
2737 2376 3008 2447 denegare
3053 2379 3353 2445 noluimus.
3388 2382 3484 2438 sed

1887 2457 1940 2513 in
1963 2461 2310 2528 eleemosyna
2337 2475 2518 2518 nostra
2539 2465 2607 2518 ita
2639 2483 2736 2520 nos
2756 2469 2900 2535 quod
2924 2471 3302 2538 perpetualiter
3328 2489 3484 2528 man-

1884 2563 2069 2602 surum
2113 2565 2235 2606 esse
2277 2555 2562 2619 volumus,
2614 2565 2672 2609 ut
2721 2559 3133 2629 iuspectogipso
3165 2570 3488 2620 testamento

1885 2640 2193 2696 donationis
2225 2660 2368 2710 sum,
2402 2646 2545 2700 sicut
2575 2647 2704 2701 inibi
2739 2650 3066 2718 declaratur,
3099 2653 3354 2725 deinceps
3392 2671 3486 2724 per

1887 2732 2028 2786 hanc
2085 2743 2330 2790 nostram
2383 2739 2758 2793 auctoritatem
2810 2750 2973 2809 atque
3021 2745 3486 2804 conﬁrmationem

1883 2828 2284 2894 suprascriptus
2313 2828 2395 2880 vir
2439 2829 2765 2884 venerabilis
2793 2829 2818 2869 δ
2854 2831 3122 2888 Fulradus
3163 2837 3333 2904 abba,
3376 2839 3487 2895 sui-

1883 2930 1989 2983 que
2037 2915 2089 2971 in
2131 2929 2450 2986 perpetuum
2481 2934 2860 2991 successores,
2893 2923 2983 2992 qui
3014 2924 3211 2981 fuerint
3251 2938 3489 2985 rectores

1889 3023 1985 3076 per
2015 3017 2257 3078 tempora
2291 3009 2464 3080 ipsius
2492 3012 2664 3067 sancti
2707 3012 2842 3078 loci,
2886 3013 3012 3082 jure
3053 2994 3366 3076 ﬁrmissimo
3406 3029 3488 3076 te-

1885 3112 2043 3154 neant
2089 3096 2261 3170 atque
2321 3103 2672 3175 possideant,
2717 3107 2972 3176 quatinus
3027 3111 3080 3165 in
3132 3112 3487 3171 lnminaribus

1886 3192 2052 3259 ipsius
2081 3195 2328 3250 ecclesia:
2359 3211 2452 3252 seu
2483 3197 2752 3267 Stipendia
2794 3215 3081 3256 servorum
3118 3204 3211 3260 Dei
3257 3209 3439 3263 omnia
3463 3251 3480 3274 ,

1884 3287 2025 3341 sicut
2073 3303 2233 3358 supra
2265 3288 2535 3355 diximus,
2591 3294 2945 3360 perbenniter
2975 3297 3256 3366 proﬁciant
3296 3301 3349 3356 in
3391 3317 3488 3358 au-

1881 3379 2137 3446 gmentis.
2171 3379 2236 3434 Et
2265 3389 2318 3434 ut
2370 3380 2486 3439 haec
2531 3384 2823 3439 auctoritas
2857 3387 3080 3465 [ﬁrmior
3112 3389 3392 3457 habeatur.
3428 3408 3485 3452 et

1885 3485 1980 3538 per
2012 3482 2258 3542 tempora
2291 3474 2487 3530 melius
2515 3466 2891 3548 conservetur,
2924 3496 3085 3536 manu
3113 3487 3326 3553 propria
3357 3486 3486 3542 sub-

1882 3570 1964 3616 ter
1992 3563 2345 3634 ﬁrmavimus,
2378 3574 2430 3621 et
2460 3570 2659 3624 annulo
2691 3583 2877 3627 nostro
2911 3574 3110 3644 signari
3136 3577 3416 3647 jussimus.

1954 3652 2179 3724 Signum
2207 3656 2385 3712 Caroli
2417 3660 2801 3726 gloriosissimi
2832 3665 2992 3733 regis.
3339 3711 3348 3718 κ

1958 3744 2221 3800 Genesius
2259 3747 2325 3801 ad
2367 3748 2540 3805 vicem
2584 3753 2906 3810 Ercavbaldi
2947 3759 3167 3828 scripsit
3213 3773 3270 3818 et
3319 3779 3470 3819 reco-

1877 3839 2084 3906 gnovit.

1950 3928 2144 3985 Datum
2177 3929 2299 3985 ldus
2321 3931 2467 3988 Jun‘i
2488 3977 2503 4003 ,
2530 3948 2676 3989 anno
2706 3952 2840 3992 sui
2868 3949 2920 3993 et
2950 3955 3089 3995 xxvi
3118 3945 3267 4013 regni
3297 3945 3485 4001 domui

1876 4021 2044 4074 nostri
2087 4019 2286 4076 Caroli.
2333 4025 2526 4080 Actum
2566 4027 2737 4097 Aquis
2780 4029 2976 4098 palatio
3019 4033 3071 4086 in
3119 4032 3212 4088 Dei
3260 4036 3483 4094 nomine

1877 4112 2124 4170 feliciter.
2156 4115 2350 4170 Amen.

2610 4188 2749 4246 LIX.

1913 4286 1936 4316 ε
1977 4275 2150 4332 Caroli
2181 4277 2362 4351 Magni
2389 4278 3103 4421 diplzigt't’s'opgogsqionasterio
3138 4283 3450 4360 Centulensi

2172 4460 2264 4521 (Ex
2295 4462 2499 4522 Mabill.,
2524 4463 2632 4514 Act.
2653 4467 2761 4513 ord.
2788 4467 2838 4514 S.
2870 4467 3172 4524 Benedicti.)

172 4541 301 4579 rum
334 4525 609 4598 Dionysii,
637 4525 842 4580 Βιιειίεἱ
865 4534 919 4579 et
945 4526 1265 4592 lileutherii,
1297 4527 1384 4581 11111
1416 4525 1515 4593 ipsi
1545 4542 1772 4594 corpore
1801 4517 1853 4577 θ
1947 4517 2187 4598 Carolus‘
2210 4544 2377 4614 gratia
2424 4517 2516 4601 ι)έί
2561 4563 2650 4601 rex
2701 4517 3032 4603 Francorum
3076 4561 3131 4628 et
3173 4551 3482 4623 [Λυκουργ-

167 4617 558 4686 requiescunt,
606 4625 660 4671 et
706 4616 792 4672 ubi
841 4627 1034 4684 pra‘est
1080 4618 1397 4674 venerabilis
1448 4631 1473 4658 ιι
1507 4619 1769 4674 Fulradtts

247 4755 274 4782 ⁸
307 4747 426 4800 Jam
463 4747 668 4803 obierat
700 4748 963 4803 Fulradus
1007 4750 1074 4803 ah
1113 4767 1255 4806 anno
1293 4752 1440 4818 784;
1484 4754 1769 4818 legendum

174 4816 594 4893 Fardulfus,‘ut
624 4821 674 4872 in
705 4821 967 4889 superiori
998 4822 1184 4876 charta
1221 4825 1384 4893 ipsius
1413 4816 1576 4880 Cisiz'e
1607 4830 1771 4879 dona-

170 4889 354 4942 tiones
377 4889 706 4946 coittinente.

248 4963 279 5002 ιι
324 4961 374 5012 in
409 4961 726 5027 praecedenti
758 4963 939 5017 charta
962 5001 974 5024 .
1017 4960 1412 5021 Gunbodecurte
1447 4984 1537 5022 seu
1584 4966 1772 5023 Pasto-

167 5028 450 5091 rmtillare.
481 5032 558 5083 vel
587 5030 960 5090 Bertiuocurte.

249 5108 275 5137 ο
317 5097 462 5155 lhid.
520 5099 912 5174 Magastrovilla
947 5143 962 5159 .
998 5145 1062 5178 κ.
1097 5147 1112 5162 .
1158 5106 1536 5176 Frisionecttrte
1582 5127 1674 5164 seu
1725 5121 1772 5165 et

165 5171 559 5238 Agrianocurte.
617 5171 632 5174 ⁷

247 5240 275 5279 d
313 5241 630 5314 tingendum
650 5286 665 5309 ,
698 5240 1009 5314 Fardulfus.

249 5320 276 5350 ⁸
313 5311 426 5384 line
453 5311 721 5380 diploma,
750 5311 1062 5384 qundanuo
1092 5319 1287 5374 Christi
1320 5323 1422 5376 798
1452 5339 1770 5378 concessum

170 5382 436 5465 esthdoo
468 5397 566 5465 nos
596 5382 808 5465 docete
837 5389 1008 5456 primo
1052 5390 1271 5465 argntiii
1313 5395 1511 5460 situm,
1558 5396 1627 5450 de
1667 5411 1774 5465 quo

167 5451 439 5506 Alcuinus
471 5453 523 5506 iu
553 5455 750 5525 hymno
778 5451 849 5511 de
876 5471 1065 5514 sancto
1098 5451 1353 5517 Richario
1389 5481 1402 5517 :
1498 5451 1509 5460 ’
1669 5479 1671 5481 ‘

493 5541 567 5592 Tu
587 5545 794 5595 fundasti
810 5551 1083 5598 cmnobinm

492 5601 792 5671 isocorprope
811 5608 1081 5671 Argnbiutn
1106 5627 1119 5662 :

492 5664 552 5732 Iit
574 5664 706 5732 aliud
731 5664 779 5718 in
803 5664 1029 5732 Centulo,

485 5728 644 5780 Ambo
667 5736 874 5793 perenni
900 5728 1095 5786 merito.

170 5813 227 5866 In
259 5811 735 5872 observationibus
780 5817 846 5873 ad
895 5817 1068 5876 Vitam
1110 5823 1281 5880 sancti
1323 5823 1558 5883 Ricbarii
1595 5827 1778 5898 conje-

1877 4634 2066 4688 dorum
2115 4650 2178 4690 ac
2208 4636 2463 4706 patricius
2494 4634 2881 4694 Romanorum.
2911 4640 3173 4711 Quicquid
3215 4644 3356 4699 enim
3405 4645 3476 4700 ob

1875 4771 2202 4843 ctavcram_A
2213 4771 2457 4843 rgubium
2480 4771 2641 4843 situm
2667 4773 2830 4828 fuisse
2853 4790 3018 4843 prepe
3039 4777 3229 4832 silvam
3249 4779 3479 4835 Criscia-

1875 4854 2092 4913 censem
2119 4840 2209 4912 [de
2228 4837 2452 4913 Cressi].
2485 4841 2537 4896 in
2570 4859 2672 4910 qua
2703 4846 2923 4901 condita
2951 4837 3472 4908 cellaForestensis.

1872 4909 2251 4990 Coujecttiratn
2283 4909 2458 4990 meam
2488 4909 2676 4990 probat
2710 4916 2811 4990 hoc
2839 4917 3072 4981 diploma
3105 4920 3192 4974 ubi
3223 4921 3468 4990 legimus,

1857 5021 1871 5035 .
1883 4981 2053 5049 tquod
2076 4992 2294 5060 sanctus
2309 4981 2591 5039 Ricbarius
2609 4987 2660 5060 in
2682 4985 2812 5060 silva
2837 5001 2958 5056 qua:
2975 5000 3195 5043 vocatur
3211 4981 3472 5060 Fovrestis;

1877 5067 2044 5125 prope
2072 5054 2359 5125 cisternam
2383 5069 2503 5124 qua
2522 5065 2605 5109 est
2625 5057 2770 5122 iuxta
2794 5054 2972 5113 locum
2997 5075 3338 5125 nuncupante
3363 5054 3466 5116 Ar;

1873 5123 2095 5195 gobium
2117 5165 2134 5191 ,
2166 5124 2218 5178 in
2263 5126 2380 5192 ipso
2406 5123 2556 5194 pago
2585 5127 2830 5195 Pontivo,
2860 5131 2962 5184 sibi
3005 5131 3070 5184 ad
3114 5123 3464 5187 habitandum

1876 5193 2156 5262 elegerit»
2182 5194 2251 5247 At
2283 5210 2411 5250 vero
2443 5193 2763 5253 Ferestense
2791 5193 3175 5256 monasterium
3208 5202 3468 5258 baeteuus

1877 5265 2206 5339 conspicitur
2237 5281 2341 5319 non
2377 5268 2535 5338 longe
2564 5283 2593 5324 a
2624 5270 2812 5326 dextra
2844 5271 3093 5330 Someoie
3136 5273 3283 5339 ripa,
3320 5275 3468 5329 inter

1877 5334 2265 5390 abbatisvillam
2311 5347 2363 5390 et
2396 5334 2662 5406 oppidum
2704 5342 2878 5397 sancti
2911 5334 3197 5398 Walaricia
3223 5334 3464 5400 Alterum

1881 5407 2111 5482 notabile
2145 5418 2243 5482 est
2289 5409 2712 5482 quodCarolus
2749 5414 2816 5466 ad
2857 5414 3094 5482 diploma
3136 5414 3239 5469 hoc
3268 5431 3464 5470 conce-

1880 5475 2110 5530 dendum
2145 5476 2393 5533 induetus
2421 5481 2486 5532 sit
2519 5482 2816 5546 Angilberti
2852 5504 2872 5537 1
2903 5475 3124 5546 servitio
3155 5495 3209 5537 et
3255 5486 3463 5540 meritis

1879 5548 2348 5618 compelleotibusr.
2391 5569 2410 5600 1
2464 5554 2712 5618 Acceptis
2762 5555 2844 5607 bis
2893 5554 3087 5609 litteris
3141 5553 3463 5610 Forestense

1881 5619 2265 5672 monasterium
2311 5617 2620 5692 Centuleusi
2661 5626 2935 5680 subditum
2967 5626 3163 5679 mansit
3207 5642 3300 5692 per
3344 5626 3466 5679 Iona

1879 5700 2003 5754 gum
2037 5699 2287 5761 tempus:
2322 5691 2504 5761 ibique
2547 5693 2800 5750 collocati
2847 5707 2956 5750 tum
3007 5696 3300 5761 monachi,
3349 5707 3461 5758 tum

1880 5760 2145 5832 canonici,
2177 5762 2277 5814 sub
2309 5760 2572 5828 potestate
2599 5765 2809 5832 abbatis
2853 5766 3197 5822 Centuleosis
3226 5784 3237 5819 :
3287 5760 3468 5820 donec

1883 5830 2206 5900 procedente
2237 5840 2480 5904 tempore
2507 5835 2684 5892 denuo
2715 5838 2768 5893 in
2810 5836 3039 5894 abbatis:
3085 5839 3294 5900 titulum
3343 5837 3461 5892 hac
