3856 6220
427 360 534 418 987

1322 357 1379 412 ll.
1423 356 1677 414 CAllOLl
1720 353 1933 411 MAGNI
1977 353 2133 408 OPP.
2179 353 2355 409 PARS
2395 355 2435 424 l,
2477 356 2722 414 SECTIO
2763 355 2830 413 11.

3604 362 3705 416 988

423 472 662 531 amorim
696 474 906 529 Domitii
939 475 1103 528 nostri
1136 474 1263 528 Jc‘su
1294 472 1489 527 Christi
1522 486 1575 528 et
1607 472 2009 540 Opporlttltilale
2043 468 2090 526 Α
2122 464 2278 531 tatis,
2310 467 2706 536 concessionis,
2738 478 2902 538 alque
2928 466 3348 523 conﬁrmationis
3389 484 3702 540 praeceptum

425 581 703 621 servorum
738 568 829 619 Dei
862 566 924 618 ad
959 569 1071 619 loca
1121 574 1430 620 sanctorum
1478 566 1719 619 benivola
1750 564 2022 617 delibera-

423 661 572 714 tione
599 661 840 713 cedimus
872 660 953 714 vel
983 659 1401 723 conﬁrmamus,
1455 659 1557 712 boc
1605 659 1758 712 nobis
1804 658 1870 711 ad
1923 672 2021 709 au-

419 759 697 817 gmeutom
727 752 990 804 mercedis
1015 766 1110 803 seu
1142 752 1483 805 stabilitatem
1517 754 1663 820 regni
1699 750 1866 803 nostri
1901 764 2024 817 per-

428 842 602 895 tinere
648 842 993 895 conﬁdimus.
1042 842 1383 909 Quapropter
1426 856 1609 895 notum
1662 844 1733 894 sit
1780 843 2020 894 omnium

428 930 665 983 ﬁdelium
693 940 997 984 nostrorum
1025 932 1410 1000 magnitudini,
1444 932 1787 1000 ρι’τεεοιιιίιιηι
1815 934 2019 987 scilicet

428 1027 487 1071 et
517 1020 825 1074 futurorum
844 1060 860 1085 ,
892 1022 1121 1090 qualiter
1151 1020 1533 1090 Aughilbertus
1560 1023 1886 1077 venerabilis
1927 1025 2021 1079 ab.

424 1107 520 1162 bas
562 1123 626 1163 ex
679 1111 1003 1165 monasterio
1040 1110 1307 1178 Centttlo,
1337 1117 1477 1181 quod
1523 1124 1607 1168 est
1650 1126 2017 1170 constructum

426 1200 480 1253 in
515 1199 721 1255 honore
752 1200 962 1256 Domini
990 1214 1045 1257 et
1079 1195 1377 1258 Salvatorisl
1414 1207 1583 1259 nostri
1615 1206 1741 1261 Jcsu
1770 1206 1971 1261 Christi
2002 1250 2016 1270 ,

417 1292 648 1362 ejusque
674 1306 874 1349 sanctae
920 1297 1194 1365 genitricis
1239 1312 1455 1363 semper
1486 1298 1705 1367 virginis
1753 1299 1931 1353 Maria!
1962 1310 2016 1354 et

418 1384 589 1447 sancti
625 1384 807 1450 νεα-ι’,
838 1397 1255 1455 ceterorumque
1282 1390 1518 1441 omnium
1557 1391 1919 1459 apostolorum
1962 1402 2017 1446 et

423 1475 714 1530 multorum
748 1477 1069 1532 Sanctorum
1094 1520 1107 1538 .
1143 1478 1193 1533 in
1225 1495 1331 1548 quo
1358 1482 1522 1536 etiam
1553 1493 1772 1537 sanctus
1816 1485 2015 1539 lliclta-

426 1567 537 1620 rius
585 1568 1028 1637 pra'c’arissintus
1076 1567 1275 1624 Christi
1325 1571 1605 1627 confessor
1652 1589 1879 1643 corpore
1921 1591 2012 1632 re-

420 1658 682 1725 quiescit,
712 1658 873 1712 situm
904 1659 955 1712 in
990 1672 1127 1727 pago
1161 1660 1423 1729 Pontit'o;
1469 1664 1533 1718 ad
1578 1665 1819 1719 notitiam
1864 1683 2013 1721 sere-

418 1750 603 1805 uitatis
639 1762 838 1805 nostra:
871 1752 1153 1819 perduxit,
1196 1768 1263 1806 eo
1303 1756 1447 1822 quod
1499 1756 1613 1823 ipse
1658 1742 1874 1811 sanctus
1918 1758 2007 1811 lli-

2130 565 2348 612 teneant
2378 569 2539 629 atque
2568 561 2874 629 possideant
2899 578 2910 613 :
2942 562 3012 615 ita
3045 570 3102 615 ut
3128 576 3158 615 a
3189 562 3351 617 modo
3376 573 3430 618 et
3454 565 3701 640 deinceps

2127 648 2239 704 laus
2272 650 2364 705 Dei
2395 661 2451 707 et
2488 652 2776 708 concordia
2818 669 3099 710 servorum
3149 655 3393 722 Domini,
3429 672 3523 726 pro
3564 678 3701 717 mer-

2124 742 2256 794 cede
2291 745 2485 797 anima:
2518 758 2739 814 nostra},
2766 746 2865 797 sub
2893 761 3078 799 norma
3107 746 3441 802 rectitudinis
3470 758 3524 803 et
3553 752 3700 811 unius

2124 830 2338 884 abbatis
2386 833 2637 899 nomine,
2688 835 2919 899 nostris,
2967 834 3077 889 Deo
3124 834 3365 901 las-eme,
3412 835 3699 909 futurisque

2125 920 2456 990 temporibus
2487 924 2790 992 perenniter
2818 935 3029 979 maneat
3068 926 3487 981 inconvulsttm:
3526 932 3692 998 quati-

2128 1026 2227 1064 nus
2277 1013 2467 1065 melius
2509 1014 2741 1068 delt-Ctet
2782 1015 2925 1083 ipsos
2974 1030 3162 1071 servos
3211 1016 3341 1083 Dei,
3380 1016 3467 1086 qui
3509 1019 3695 1076 ibidem

2129 1101 2243 1157 Deo
2274 1104 2521 1159 famulari
2553 1106 2823 1173 videntur,
2860 1121 2955 1175 pro
2985 1108 3138 1163 nobis
3165 1116 3220 1163 et
3246 1107 3428 1164 liberis
3458 1124 3547 1166 seu
3575 1126 3696 1166 cutio

2120 1206 2203 1250 cta
2237 1197 2400 1251 domu
2435 1209 2620 1253 nostra
2653 1208 2710 1255 et
2741 1215 2837 1270 pro
2867 1201 3160 1256 stabilitate
3189 1202 3341 1270 regni
3376 1201 3694 1273 nostri'jugi-

2121 1295 2202 1340 ter
2246 1287 2459 1342 Domini
2504 1290 2935 1345 misericordiam
2980 1305 3229 1345 exorare.
3273 1291 3339 1345 Et
3382 1302 3440 1345 ut
3470 1292 3577 1348 haec
3604 1309 3693 1347 au-

2118 1380 2346 1433 ctoritas
2394 1381 2599 1437 ﬁrmior
2639 1382 2919 1451 habeatur,
2974 1393 3031 1439 et
3073 1384 3341 1440 diuturnis
3384 1388 3693 1456 temporibus

2120 1469 2311 1524 melius
2341 1485 2735 1539 conservetur;
2772 1490 2932 1527 manu
2968 1476 3179 1544 prapria
3226 1468 3693 1536 sultter‘roborare

2117 1560 2457 1617 decrevimus
2477 1604 2492 1627 ,
2524 1574 2580 1619 et
2610 1565 2678 1619 de
2711 1566 2873 1620 anulo
2906 1576 3089 1621 nostro
3118 1568 3338 1637 sigillari
3366 1568 3639 1639 jussimus.

2187 1652 2409 1722 Signum
2438 1653 2615 1710 Caroli
2644 1657 3014 1723 gloriosissimi
3048 1657 3211 1727 regis.

2194 1746 2531 1801 Eranbaldtts
2561 1749 2726 1817 relegi
2758 1757 2813 1803 et
2844 1748 3157 1825 subscripsi.

416 1841 642 1897 cbarius
668 1844 845 1897 adhuc
892 1844 942 1897 itt
990 1845 1241 1913 praesenti
1290 1847 1489 1900 smculo
1533 1849 1753 1912 vivens,
1797 1849 1850 1903 in
1894 1851 2005 1919 ipsa

2190 1836 2314 1889 Data
2346 1842 2420 1890 tttt
2448 1836 2567 1890 Kal.
2592 1838 2713 1893 Maii
2732 1854 2874 1893 anno
2904 1853 3095 1893 ssvtut
3119 1849 3173 1893 et
3200 1852 3313 1892 xttv
3333 1838 3481 1907 regni
3507 1841 3684 1895 nostri.

415 1931 549 1986 silva
578 1946 700 2001 quas
732 1945 954 1989 vocatur
981 1935 1243 2000 Furestis,
1274 1951 1437 2005 prope
1465 1939 1750 2007 cisternam
1782 1956 1901 2010 quae
1927 1952 2009 2013 est

412 2020 592 2091 justa‘
620 2025 796 2079 locum
850 2036 1191 2095 nuncupante
1241 2030 1565 2098 Argnbium,
1618 2033 1671 2087 in
1714 2032 1830 2100 ipso
1874 2050 2007 2104 pago

418 2112 677 2177 Pontivo,
723 2117 825 2171 sibi
872 2119 942 2172 ad
988 2120 1338 2174 habitandum
1394 2121 1567 2175 locum
1617 2124 1908 2193 elegisset:
1955 2137 2009 2180 et

421 2204 562 2259 tirca
596 2204 764 2272 ipsam
792 2209 1084 2263 cisternam
1118 2211 1238 2265 bina
1270 2212 1351 2266 vel
1386 2222 1536 2265 terna
1568 2214 1822 2269 bunuaria
1853 2215 2002 2288 [Leg.

415 2296 719 2365 bunuariis,
752 2298 884 2371 etc.]
916 2303 1213 2356 secundum
1259 2304 1377 2373 ejus
1419 2306 1726 2372 petitionem
1769 2324 1797 2361 a
1841 2310 2003 2379 regali

411 2385 678 2457 digniate
708 2402 927 2457 accepta
950 2433 964 2454 ,
994 2392 1128 2445 satis
1160 2393 1266 2447 vile
1297 2396 1563 2463 tugurium
1594 2406 1861 2453 amatores
1891 2415 2005 2454 ser-

415 2492 608 2532 Vorum
642 2480 735 2534 Dei
766 2483 814 2534 ei
844 2484 909 2535 ad
942 2484 1275 2537 militandum
1308 2487 1659 2555 omnipotenti
1694 2486 1803 2544 Deo
1831 2491 2005 2546 τιξόίίί-

412 2585 542 2625 care
590 2575 954 2639 studuerunt,
1008 2576 1185 2643 ibique
1233 2577 1408 2631 divina
1458 2580 1739 2635 vocatione
1786 2596 1853 2636 ex
1904 2582 2005 2638 hoc

413 2662 609 2715 mundo
635 2663 701 2716 ad
735 2664 1017 2718 Dominum
1052 2666 1351 2756 tnigras‘set.
1389 2669 1451 2722 Et
1484 2687 1587 2723 non
1624 2682 1742 2738 post
1771 2675 1998 2727 multum

417 2758 626 2817 tempus
674 2754 867 2808 frattes
900 2769 929 2805 a
964 2756 1186 2829 pra-fato
1234 2754 1559 2813 monasterio
1597 2759 1825 2815 Centttlo
1863 2762 2001 2816 tule-

422 2850 549 2896 runt
577 2858 787 2898 sacrum
818 2845 933 2912 ejus
962 2860 1196 2915 corpus,
1240 2859 1293 2902 et
1336 2851 1664 2917 sepelierunt
1706 2851 1833 2906 illud
1876 2867 1999 2908 cum

364 3000 375 3009 _
416 2949 605 3007 magna
638 2938 941 3015 reverentia
974 2937 1025 2991 iit
1055 2943 1311 3006 praedicto
1334 2944 1696 2997 monasterio:
1728 2959 1821 3011 per
1848 2945 2002 3015 cujus

411 3026 641 3092 merita,
675 3014 1045 3094 omnipmcnte
1088 3031 1198 3085 Deo
1240 3043 1595 3101 cooperante,
1641 3034 1695 3089 in
1741 3036 1851 3104 ipsa
1895 3014 2002 3091 duo

410 3112 529 3173 locs
579 3122 744 3174 multa
796 3122 1061 3175 tlcclarata
1112 3134 1236 3176 sunt
1285 3125 1569 3193 magnnlia.
1621 3127 1751 3181 Nam
1802 3137 1859 3182 et
1901 3130 2001 3184 sub

409 3216 569 3268 unius
599 3216 807 3269 abbatis
835 3215 1077 3269 dominio
1108 3216 1290 3271 multis
1321 3218 1649 3291 temporibus
1680 3235 1783 3274 una
1814 3220 2001 3277 fuisset

412 3308 659 3363 Fratrum
690 3322 921 3363 concors
952 3309 1003 3362 in
1036 3310 1128 3363 Dei
1164 3310 1407 3365 laudibus
1436 3314 1592 3380 digna
1641 3316 2000 3371 conversatio.

404 3404 519 3467 Qua
569 3415 635 3455 ex
682 3415 748 3455 re
791 3401 943 3468 petiit
992 3402 1348 3456 clementiam
1386 3404 1534 3473 regni
1585 3407 1789 3470 nostri,
1842 3414 1903 3461 ut
1950 3408 2000 3461 in

408 3507 595 3547 amore
616 3491 835 3551 Domini
868 3494 1035 3547 nostri
1067 3494 1195 3549 Jesu
1228 3494 1420 3550 (iltristi
1450 3508 1504 3549 et
1527 3498 1698 3551 sancti
1731 3496 1961 3553 llicbarii
1985 3542 1999 3564 ,

408 3592 818 3653 ceterorumque
864 3594 1205 3652 sanctorum,
1257 3603 1351 3648 iro
1400 3599 1684 3657 augmento
1735 3592 1998 3646 mercedis

413 3682 634 3734 nostrae,
668 3672 834 3743 ipsam
865 3675 1051 3729 cellam
1072 3718 1085 3737 ,
1121 3676 1172 3729 itt
1203 3692 1305 3745 qua
1332 3677 1442 3732 Deo
1469 3690 1685 3733 sanctus
1711 3681 1996 3738 Ricltarius

419 3765 652 3818 militare
681 3766 920 3830 studuit,
954 3781 1046 3833 per
1074 3764 1400 3835 prmt‘eplum
1432 3770 1763 3826 auctoritatis
1801 3783 1996 3826 nostra:

408 3856 476 3908 ad
508 3870 667 3923 supra
700 3858 959 3925 scriptum
990 3861 1374 3913 monasterium
1404 3860 1686 3915 Ccntulunt
1708 3906 1723 3927 ,
1760 3865 1845 3919 ubi
1879 3864 1997 3935 cjus

409 3962 621 4000 sat-rum
673 3949 966 4016 requiescit
995 3963 1227 4020 corpus,
1262 3951 1566 4017 plenissima
1609 3954 1996 4012 deliberatione

410 4040 608 4093 cedere
651 4050 704 4093 et
747 4041 1058 4097 condonare
1098 4042 1435 4098 deberemus.
1479 4044 1644 4112 Cujus
1686 4046 1994 4111 petitionem

404 4132 522 4200 ejus
577 4133 800 4187 servitio
852 4142 907 4188 et
963 4135 1169 4188 meritis
1223 4135 1671 4203 compellentibus
1726 4137 1995 4207 denegare

406 4221 677 4274 noluimus
706 4240 716 4275 :
750 4222 845 4276 Sed
880 4238 974 4290 pro
1008 4227 1211 4279 honore
1239 4237 1291 4278 et
1320 4239 1504 4279 amore
1543 4225 1750 4280 Domini
1791 4236 1843 4282 et
1878 4230 1994 4284 Sal-

407 4314 608 4368 vatoris
639 4318 806 4371 nostri
837 4316 963 4371 Jesu
993 4317 1228 4383 Cbristi,
1264 4319 1345 4372 vel
1376 4335 1469 4388 pro
1499 4330 1697 4374 :eterna
1747 4337 1995 4375 remune-

412 4413 625 4466 ratione
671 4412 742 4464 ita
790 4413 1127 4465 concessisse
1172 4420 1227 4465 et
1272 4412 1322 4464 itt
1369 4413 1620 4467 omnibus
1667 4415 1993 4471 conﬁrmare

407 4502 741 4572 cognoscite.
771 4502 1080 4556 Statuentes
1108 4517 1238 4570 ergo
1274 4503 1563 4571 jubemus,
1607 4506 1748 4571 quod
1804 4521 1989 4574 perpe-
2028 4551 2073 4608 Β

402 4594 615 4649 tualiter
662 4595 803 4648 circa
857 4602 1212 4646 memoratum
1263 4595 1648 4648 monasterium
1702 4596 1986 4649 Centttlttm

400 4683 522 4753 jure
554 4683 864 4737 ﬁrmissimo
894 4698 1207 4736 mansurum
1241 4699 1363 4739 esse
1408 4686 1683 4747 volumus,
1733 4695 1792 4739 ut
1831 4702 1992 4754 supra

402 4778 636 4842 scriptus
670 4776 1054 4844 Anglnlbertus
1074 4816 1089 4839 ,
1123 4777 1319 4843 suique
1351 4776 1402 4829 itt
1434 4788 1746 4846 perpetuum
1777 4792 1992 4830 succes-

401 4880 555 4920 sores
575 4907 591 4930 ,
622 4865 710 4934 qui
740 4864 943 4919 fuerint
972 4880 1067 4934 per
1100 4874 1339 4934 tempora
1372 4874 1611 4919 rectores
1658 4867 1824 4934 ipsius
1869 4883 1985 4921 nio-

404 4955 654 5019 nasterii,
688 4954 1053 5021 supradictam
1082 4955 1275 5009 cellam
1307 4953 1528 5009 Foreste
1557 4970 1677 5010 cum
1720 4958 1862 5010 omni
1905 4972 1992 5012 or-

403 5054 530 5103 natu
561 5046 804 5100 ecclesia:
835 5056 889 5101 et
920 5047 1169 5101 omnibus
1199 5048 1360 5101 rebus
1392 5048 1475 5102 vel
1517 5050 1847 5115 appentliciis
1894 5064 1988 5105 seu

402 5136 717 5203 adjacentiis
748 5137 861 5189 suis
883 5179 898 5203 ,
932 5137 1183 5205 quicquid
1215 5138 1280 5191 ad
1317 5154 1552 5206 prms‘cns
1578 5139 1719 5207 juste
1750 5146 1802 5190 et
1833 5144 1989 5191 ratio-

402 5228 655 5306 nabiliter
712 5228 988 5292 possidere
1045 5230 1287 5291 videtur,
1351 5239 1441 5283 aut
1498 5232 1707 5284 inantt-a
1766 5231 1990 5285 Domino

404 5324 673 5377 tribuente
702 5322 897 5377 ibidem
927 5323 1164 5377 additum
1199 5325 1277 5378 rel
1306 5325 1608 5391 delegatum
1637 5340 1755 5377 cum
1782 5322 1988 5392 justitia

399 5424 453 5470 et
486 5414 752 5482 mquitatis
785 5415 975 5468 ordine
1008 5413 1200 5479 fuerit;
1252 5431 1343 5483 per
1394 5418 1494 5470 ltoc
1537 5427 1735 5469 nostrae
1784 5418 1988 5470 sereni-

400 5568 535 5622 ceila
587 5575 763 5622 erecta
808 5576 929 5632 est,
969 5583 1076 5638 quo
1117 5570 1170 5623 iit
1213 5579 1355 5624 statu
1406 5570 1660 5624 bactenus
1707 5570 1984 5637 persistit,

401 5640 525 5693 licet
556 5638 856 5694 tenuissimi
894 5641 1094 5695 reditus
1137 5639 1243 5704 sit,
1294 5642 1533 5708 pauculis
1584 5640 1862 5695 monachis
1914 5641 1985 5695 ibi

403 5708 793 5775 tesidentibus,
828 5712 1206 5765 conuentibus
1239 5712 1503 5765 aediliciis.
1536 5710 1591 5764 In
1624 5710 1987 5775 descriptione

401 5783 1003 5847 cettsututtwmonasterii
1046 5782 1390 5836 Ccntnlcnsis
1435 5782 1501 5834 ab
1550 5782 1742 5836 llcrico
1789 5782 1985 5835 abbate

405 5852 538 5904 facta
568 5867 581 5903 :
606 5846 633 5903 ἶ
658 5844 713 5907 lo
745 5850 1113 5909 Forcsti-cclla
1147 5852 1409 5909 habentur
1440 5864 1546 5908 tres
1575 5852 1845 5920 ecclesias,
1880 5853 1982 5923 ptis

2111 1928 2305 1982 Actum
2335 1928 2508 1997 Aquis
2539 1930 2738 1997 palatio
2769 1930 3015 2001 publico,
3059 1931 3111 1985 itt
3145 1929 3239 1985 Dei
3287 1930 3506 1986 nomine
3530 1930 3684 1988 felici-

2112 2027 2220 2072 ter.
2257 2010 2455 2073 Amen.

2856 2088 2966 2143 LX.

2108 2178 2353 2249 Diploma
2400 2182 2574 2235 Caroli
2629 2181 2804 2252 Magni
2844 2199 2945 2255 quo
2976 2181 3384 2255 cellam-novom
3436 2187 3683 2255 conﬁrmat

2422 2255 2730 2306 monasterio
2752 2254 3032 2307 Anionmsi
3062 2259 3222 2321 (anno
3249 2254 3402 2325 799).

2419 2364 2510 2425 (Ex
2539 2364 2598 2415 D.
2624 2365 2872 2426 llouttuet,
2897 2364 3095 2417 Recueil
3112 2367 3199 2418 des
3224 2367 3382 2427 Hist.)

2178 2469 2405 2525 Kurolus
2433 2473 2597 2539 gratia
2632 2471 2724 2527 Dei
2757 2487 2845 2528 rex
2877 2471 3203 2528 Francorum
3235 2484 3286 2529 et
3320 2473 3677 2545 Langobardo-

2107 2578 2225 2615 rum
2273 2578 2336 2617 ac
2379 2564 2636 2632 patricius
2680 2564 3066 2634 Romanorum,
3109 2563 3365 2622 omnibus
3412 2569 3679 2640 episcopis,

2107 2655 2413 2720 abbatibus,
2447 2657 2696 2724 ducibus,
2723 2660 3034 2725 comitibus,
3068 2659 3301 2724 vicariis,
3351 2662 3677 2727 centenariis,

2103 2761 2198 2801 seu
2225 2745 2437 2802 Cunctis
2472 2749 2720 2803 ﬁdelibus
2743 2761 2944 2806 sanctte
2977 2753 3067 2807 Dei
3104 2751 3365 2806 Ecclesiae.
3393 2762 3448 2808 et
3477 2753 3675 2820 nostris,

2106 2841 2458 2909 praesentibus
2488 2851 2542 2896 et
2579 2842 2805 2910 futuris.
2840 2843 3033 2898 Notum
3072 2844 3139 2899 sit
3168 2844 3399 2914 qualiter
3426 2846 3505 2898 vir
3532 2860 3674 2900 vene-

2104 2930 2290 2986 rabilis
2342 2931 2661 2987 Benedictus
2700 2935 2833 2989 abba
2881 2944 2933 2989 et
2985 2940 3314 2992 monasterio
3365 2947 3557 2993 sancta:
3594 2937 3673 2993 Dei

2100 3025 2376 3094 genitricis
2420 3041 2741 3097 semperque
2768 3029 2993 3099 virginis
3024 3030 3226 3095 Mariae,
3273 3030 3416 3102 quod
3447 3041 3526 3085 est
3559 3045 3673 3087 con-

2111 3124 2371 3171 structum
2402 3115 2454 3170 in
2501 3116 2619 3173 loco
2650 3130 2992 3186 nuncupante
3021 3121 3263 3187 Aniano,
3296 3122 3349 3175 in
3379 3135 3511 3192 pago
3536 3121 3670 3192 cujus

2112 3209 2426 3263 vocabulum
2458 3219 2541 3264 est
2565 3210 2996 3281 Magtlalonettse,
3028 3214 3306 3269 serenitati
3332 3225 3525 3269 nostra!
3550 3229 3670 3283 sug-

2107 3300 2274 3368 gessit
2302 3315 2367 3355 eo
2396 3302 2538 3369 quod
2571 3303 2683 3371 ipse
2718 3316 2819 3357 una
2849 3318 2971 3359 cum
3000 3305 3281 3360 monachis
3304 3307 3416 3360 suis
3453 3307 3561 3362 loca
3586 3306 3669 3360 ali-

2105 3407 2208 3460 qua
2239 3406 2418 3447 erema
2452 3392 2583 3446 intra
2634 3395 2817 3449 ﬁscum
2866 3407 3104 3449 nostrum
3156 3408 3495 3464 nuncupante
3536 3394 3667 3451 luri—

2107 3487 2340 3549 niacum,
2369 3486 2590 3555 antiquo
2630 3504 2765 3542 vero
2797 3490 3056 3544 vocabulo
3085 3500 3306 3545 vocatur
3335 3491 3663 3561 Fonte-Agri.

2104 3578 2253 3642 colae,
2305 3594 2446 3632 nunc
2475 3588 2652 3633 autem
2688 3579 2967 3636 Novacella
3016 3583 3335 3650 appellatur.
3381 3598 3533 3652 quam
3581 3584 3664 3651 ipsi

2104 3670 2320 3737 proprio
2359 3686 2525 3737 opere
2570 3673 3002 3740 a-dilieaveiuttt;
3050 3684 3210 3729 etiam
3243 3685 3300 3728 et
3344 3677 3536 3731 molina
3575 3677 3663 3731 duo

2102 3760 2236 3815 infra
2272 3761 2438 3829 ipsius
2487 3764 2771 3818 terminum
2816 3764 2928 3819 ﬁsci
2967 3780 3131 3835 super
3174 3766 3395 3820 ﬂuvium
3428 3765 3550 3821 Leto
3578 3766 3661 3819 visi

2100 3862 2224 3906 sunt
2268 3856 2673 3921 construxisse,
2723 3867 2777 3910 et
2825 3855 2964 3912 inter
2996 3872 3143 3912 mare
3168 3866 3224 3911 et
3269 3866 3511 3928 stagnum
3540 3857 3657 3927 loco,

2100 3943 2189 4010 qui
2223 3952 2440 3998 vocatur
2461 3944 2763 4012 Porcarias,
2789 3962 2889 4000 una
2922 3963 3043 4002 cum
3068 3962 3332 4003 consensu
3353 3950 3593 4005 comitum
3615 3960 3659 4005 et

2100 4043 2408 4088 ceterorum
2441 4034 2868 4091 Christianorum
2902 4038 2970 4091 ibi
2999 4039 3418 4110 circumquaque
3447 4039 3659 4097 habitan-

2102 4125 2229 4178 tium
2262 4126 2329 4184 de
2360 4128 2473 4182 loca
2507 4129 2722 4183 berema
2749 4130 3067 4199 accepisset.
3101 4130 3364 4187 Similiter
3386 4134 3435 4185 in
3460 4132 3566 4187 loco
3584 4132 3655 4201 qui

2099 4217 2295 4271 dicitur
2324 4218 2603 4290 Asogrado
2632 4219 2819 4274 cellam
2850 4220 3189 4288 aediﬁcasset,
3220 4236 3341 4278 cum
3364 4224 3505 4278 omni
3532 4223 3659 4294 adja-

2098 4312 2275 4366 centia
2306 4326 2397 4365 sua
2427 4331 2438 4363 :
2473 4314 2635 4367 etiam
2665 4322 2721 4367 et
2747 4314 2848 4367 alia
2881 4312 2994 4367 loca
3022 4313 3342 4384 Comajacas
3371 4324 3425 4370 et
3453 4316 3657 4370 Caucitta

2098 4416 2262 4472 super
2289 4402 2509 4458 ﬂuvium
2562 4408 2842 4469 Arattrem,
2892 4406 2978 4459 ubi
3024 4404 3220 4460 dicitur
3250 4406 3575 4472 AdoSalices,
3603 4408 3655 4460 atl

2100 4510 2292 4566 pascua
2328 4508 2689 4552 armentorum
2721 4508 2773 4551 et
2799 4498 2987 4551 alenda
3038 4514 3252 4566 pecora,
3285 4515 3406 4554 cum
3437 4500 3549 4555 aliis
3569 4479 3657 4555 usi-

2099 4591 2197 4642 bus
2226 4588 2339 4642 suis
2380 4589 2645 4653 ltactcnus
2666 4588 2913 4643 habeant.
2957 4590 3022 4643 Et
3050 4591 3241 4644 asserit
3268 4605 3327 4644 se
3357 4589 3470 4645 haec
3501 4592 3654 4645 omnia

2097 4694 2220 4733 cum
2244 4680 2511 4748 a-quitatis
2539 4680 2725 4734 ordine
2747 4680 2947 4749 absque
2978 4666 3120 4735 illius
3152 4680 3349 4735 inlicita
3381 4682 3650 4739 contrarie-

2097 4779 2210 4825 tate
2241 4773 2539 4839 possidere.
2585 4772 2691 4827 Sed
2726 4788 2819 4840 pro
2846 4772 3050 4842 integra
3091 4774 3342 4830 ﬁrmitate
3385 4774 3530 4840 petiit
3555 4772 3652 4827 Cel-

2094 4862 2315 4917 situdini
2349 4874 2543 4918 nostra:
2586 4873 2641 4918 ut
2672 4863 2918 4933 quicquid
2953 4881 3093 4919 nunc
3145 4876 3388 4935 tempore
3418 4865 3650 4935 ipsecont

2096 4953 2375 5009 monachis
2403 4957 2515 5010 suis
2559 4956 2703 5025 juste
2723 4968 2778 5012 et
2824 4957 3208 5012 rationabiliter
3235 4957 3305 5013 ad
3350 4974 3507 5028 supra
3535 4955 3649 5013 dicta

2095 5044 2216 5099 loca
2249 5046 2447 5101 habere
2476 5047 2791 5112 dinoscitur,
2817 5047 2993 5102 denuo
3013 5062 3109 5117 per
3131 5057 3331 5103 nostrae
3350 5048 3651 5105 auctoritatis

2097 5146 2418 5205 praeceptum
2465 5138 2512 5193 ei
2551 5148 2605 5193 et
2634 5138 2915 5193 monachis
2944 5120 3057 5194 suis
3086 5138 3213 5193 ittibi
3243 5140 3346 5195 sub
3370 5132 3545 5196 sancta
3579 5153 3648 5194 re-

2092 5230 2210 5298 gula
2235 5230 2652 5285 consistentibus
2674 5230 2978 5298 plenissima
3001 5232 3390 5287 deliberatione
3421 5246 3512 5301 pro
3532 5245 3647 5285 mer-

2091 5319 2223 5372 cede
2266 5320 2460 5373 animte
2514 5329 2711 5382 nostra:
2741 5321 2805 5375 ad
2857 5324 3137 5390 praefatum
3172 5325 3547 5380 monasterium
3568 5338 3644 5379 cc-

2090 5411 2322 5465 dereket
2375 5412 2695 5466 conﬁrmare
2756 5413 3097 5469 deberemus.
3155 5414 3322 5484 Cujus
3366 5415 3643 5485 petitionem

2092 5582 2176 5622 ma
2209 5577 2411 5623 sancta:
2443 5567 2640 5633 Mariae,
2674 5570 2905 5625 secunda
2933 5573 3101 5627 sancti
3123 5572 3293 5637 Petri,
3321 5572 3473 5628 tertia
3499 5564 3642 5626 sancti

2095 5638 2336 5718 Ricbarii
2358 5678 2374 5703 ,
2405 5639 2492 5725 ubi
2521 5650 2653 5725 sunt
2687 5643 2890 5725 .altarria
2942 5656 3074 5724 auro
3118 5653 3447 5725 argi-ntoque
3470 5652 3639 5725 parata

2093 5709 2492 5784 quinqtte,._etc.
2520 5711 2657 5784 $ttnt
2686 5711 2756 5765 ibi
2791 5712 3050 5769 Canonici
3082 5709 3321 5781 triginta,
3349 5709 3438 5784 qui
3470 5710 3639 5784 habent

2092 5779 2167 5853 ad
2187 5778 2451 5853 stipendia
2487 5781 2640 5853 villas
2670 5794 2916 5851 quatuor,
2944 5801 2963 5839 ι
2990 5795 3121 5851 etc.,
3148 5778 3204 5844 in
3242 5778 3489 5841 Cltronici
3524 5782 3637 5837 Cett-

2094 5850 2322 5910 tulcnsis
2349 5848 2441 5906 lib.
2478 5866 2562 5919 Ill,
2596 5848 2717 5924 cap.
2749 5855 2803 5909 5.
