3856 6220
112 340 242 400 939

410 343 644 398 CODEX
691 333 1221 397 DII‘LOIIATICUS.
1265 365 1335 377 -—
1377 333 1798 392 PiilVlLEGIA.
1844 363 1913 374 —
1955 334 1994 391 I.
2040 334 2291 390 PRIVIL.
2334 333 2471 391 PER
2516 311 2796 394 GALLl.-E
2840 337 3134 397 PARTES.

3327 342 3432 398 99.)

112 459 392 523 denegare
424 458 714 518 noluimus,
749 455 840 508 sed
875 456 925 506 in
949 451 1244 506 eletnnsina
1277 458 1458 502 nostra
1492 449 1560 502 ita
1591 462 1716 500 con-
1754 456 1792 504 Α
1828 447 2040 499 minari.
2068 447 2380 502 Statuentcs
2403 463 2532 518 ergo
2557 449 2806 518 jubentus
2834 460 2887 504 ut
2922 466 3096 521 neque
3121 467 3238 517 vos,
3259 468 3431 522 neque

112 556 376 611 cessisse.
401 567 454 608 et
488 553 540 605 in
567 552 814 603 omnibus
841 550 1188 602 conﬁrma-5e
1210 544 1537 611 Cognoscite.
1572 541 1715 626 Prae-

114 647 388 710 cipieutes
420 659 548 711 ergo
573 643 818 710 jubemus
845 650 901 692 ut
935 653 1105 698 neque
1138 651 1254 698 vos,
1285 632 1717 701 nequejuniores

115 749 575 800 successoresque
610 742 904 784 memorato
937 732 1050 781 viro
1084 726 1375 780 venerabili
1425 724 1717 777 Benedic-to

116 827 306 879 abbati
356 835 446 876 aut
500 824 904 878 successoribus
953 823 1064 875 suis
1111 821 1178 874 de
1212 834 1372 886 supra
1405 819 1544 871 dicta
1580 817 1713 880 loca,

120 919 503 985 undecumque
535 917 618 967 ~ad
667 929 902 983 prmsens
948 913 1058 980 ipse
1107 921 1160 964 ct
1204 911 1450 964 monachi
1483 910 1564 964 sui
1597 924 1718 963 cum

118 1013 392 1079 aequitatis
423 1009 611 1064 ordine
633 1023 694 1063 ac
719 1008 863 1077 juste
893 1017 945 1060 et
975 1005 1363 1060 rationabiliter
1394 1004 1573 1058 vestiti
1599 1018 1720 1057 esse

123 1111 445 1166 noscuntur.
476 1100 774 1170 inquietare
805 1108 894 1150 attt
932 1098 1252 1151 calumniam
1292 1110 1576 1166 generare,
1620 1108 1720 1148 nec

118 1192 330 1262 aliquid
361 1191 558 1267 exinde
591 1202 773 1244 contra
815 1189 1072 1257 justitiam
1125 1189 1436 1241 abstrahere
1484 1195 1576 1239 attt
1623 1186 1722 1237 titi-

121 1297 298 1336 nuare
343 1296 558 1350 quoquo
600 1290 842 1350 tempore
882 1279 1254 1348 praesumatis;
1305 1277 1400 1331 sed
1442 1291 1535 1344 per
1587 1275 1724 1328 hanc

123 1385 366 1429 nostram
431 1375 806 1428 auctoritatem
866 1386 1026 1442 atque
1094 1362 1725 1435 conIlrmatiouem'ba-

125 1469 292 1520 beant
338 1467 388 1520 in
439 1467 747 1536 elemosyna
792 1475 972 1518 nostra
1003 1465 1256 1531 omnique
1297 1473 1544 1527 tempore
1590 1475 1722 1512 con-

122 1572 359 1621 cessum,
423 1558 492 1610 ita
550 1566 609 1611 ut
659 1556 735 1610 eis
784 1557 975 1609 melius
1031 1555 1258 1609 delectet
1315 1570 1409 1621 pro
1469 1553 1624 1605 nobis
1673 1561 1727 1606 et

126 1651 261 1705 Iiliis
298 1664 361 1704 ac
413 1649 622 1703 ﬁliabus
681 1651 879 1702 nostris
929 1663 1020 1701 seu
1057 1655 1244 1700 cuncta
1280 1645 1480 1698 Iainilia
1534 1644 1726 1696 domus

127 1753 331 1795 nostra:
355 1781 369 1804 ,
398 1751 451 1794 et
480 1742 624 1793 omni
664 1741 858 1808 populo
888 1739 1064 1807 gentis
1098 1745 1297 1802 nostra:
1336 1736 1591 1788 attentius
1625 1734 1726 1787 Do.

1819 536 2060 601 juniores
2102 551 2198 590 seu
2227 552 2675 610 sttccessoresriue
2707 541 2890 606 vestri,
2944 543 3024 594 vel
3073 541 3328 610 quislibet
3357 559 3420 598 ex

1816 630 2094 697 judiciaria
2130 640 2392 697 potestate
2423 633 2472 685 in
2501 633 2747 686 ecclesiis
2777 633 2856 683 vel
2885 633 3015 686 locis
3043 634 3122 686 vel
3157 636 3301 702 agris
3331 649 3430 688 seu

1824 723 2044 790 reliquis
2073 723 2505 790 possessionibus
2530 726 2884 791 Sttprascripti
2911 727 3220 778 monasterii
3253 729 3422 780 nostri

1822 814 1886 866 ad
1913 817 2106 868 causas
2129 816 2449 869 audiendum
2473 859 2487 881 ,
2522 818 2604 870 vel
2651 817 2797 871 I'reda
2826 818 3058 887 undique
3087 819 3430 889 exigendum,

1825 920 1922 959 nec
1952 909 2259 961 mansiones
2285 917 2378 960 aut
2412 918 2625 976 paratas
2655 908 2982 970 faciendinu.
3028 911 3113 964 vel
3149 910 3434 980 ﬁdeiusso-

1826 1011 1912 1050 res
1941 996 2261 1061 tollendum,
2312 1009 2402 1052 aut
2446 1000 2691 1055 homines
2730 1003 2894 1070 ipsius
2931 1005 3174 1056 ecclesia:
3212 1004 3434 1057 distrin-

1824 1083 2100 1155 gendum,
2151 1103 2250 1143 nec
2305 1090 2441 1144 ullas
2489 1091 2836 1146 redibitiones
2892 1093 3274 1161 requirendum
3327 1094 3436 1148 ullo

1827 1191 2078 1245 umquam
2113 1187 2355 1245 tempore
2387 1178 2592 1248 ingredi
2644 1189 2736 1232 aut
2775 1191 3029 1234 exactare
3077 1183 3436 1250 praesumatis.

1828 1267 1930 1320 Sed
1964 1268 2103 1335 quod
2139 1283 2234 1321 nos
2281 1283 2499 1338 propter
2531 1287 2598 1323 no
2625 1287 2723 1324 .--en
2756 1270 2962 1325 Domini
3007 1284 3059 1327 ct
3105 1285 3302 1328 :rterna
3352 1291 3439 1329 re-

1829 1361 2197 1414 tttttnerutinne
2232 1361 2550 1416 indulsimus
2593 1364 2657 1416 ad
2686 1366 2792 1432 jam
2850 1368 3128 1433 pra-latum
3161 1380 3441 1421 tnonaste-

1828 1451 1985 1513 rium,
2025 1454 2277 1518 perennis
2310 1456 2640 1521 temporibus
2665 1456 2916 1524 proﬁciat
2953 1459 3007 1511 itt
3045 1470 3434 1528 augmentum:

1827 1552 2092 1612 quatenus
2132 1544 2341 1598 avidius
2371 1547 2601 1600 delectet
2648 1547 2792 1614 ipsos
2835 1565 3021 1605 servos
3056 1551 3144 1604 Dei
3175 1593 3187 1610 .
3217 1556 3306 1622 qni
3341 1552 3440 1605 ibi-

1829 1633 1949 1688 dem
1986 1635 2094 1690 Deo
2145 1635 2386 1691 famulari
2426 1639 2695 1704 videntur,
2735 1656 2831 1710 pro
2876 1646 3029 1696 nobis
3059 1659 3334 1714 uxoreqne
3379 1662 3443 1701 ac

1831 1723 2013 1779 liberis
2057 1730 2254 1780 nostris
2303 1733 2556 1783 attentius
2614 1730 2822 1786 Domini
2868 1734 3294 1788 ntisriricordiam
3341 1754 3440 1792 ex-

128 1835 266 1887 mini
311 1834 732 1887 misericordiam
779 1846 1024 1886 exorare.
1077 1831 1142 1884 Et
1184 1839 1236 1883 ut
1284 1833 1400 1882 h:ec
1438 1827 1730 1880 auctoritas

1858 1834 2014 1874 irare.
2040 1820 2100 1874 Et
2132 1832 2186 1874 ut
2219 1823 2333 1875 luet:
2365 1839 2628 1884 mesensa
2656 1826 2912 1901 nctoritas
2946 1828 3145 1880 nostris
3168 1838 3219 1882 et
3253 1828 3443 1883 futuris

128 1927 338 1978 ﬁrmior
383 1925 679 1985 habeatur,
727 1934 780 1978 et
833 1922 1098 1977 diuturnis
1147 1921 1478 1988 temporibus
1533 1918 1725 1973 melius

127 2026 498 2082 conservetur,
553 2031 744 2070 manus
798 2025 996 2068 nostr-.e
1048 2012 1336 2082 signaculis
1381 2011 1565 2066 subter
1605 2025 1724 2063 eam

127 2111 467 2163 decrevimus
511 2112 788 2168 roborare.
837 2118 891 2160 et
928 2107 993 2160 de
1035 2105 1198 2160 anulo
1256 2102 1724 2173 nostrojussinius

127 2204 384 2256 sigillare.
1134 2232 1148 2245 ν

175 2243 425 2345 οδὶρηωη
453 2272 633 2327 Caroli
666 2269 1035 2343 gloriosissimi
1067 2270 1226 2339 regis.

204 2365 336 2418 Data
392 2369 443 2419 itt
496 2381 680 2419 tuense
725 2365 902 2426 Iunio,
936 2379 1077 2415 anno
1129 2376 1253 2414 χχιι
1295 2370 1350 2414 et
1405 2373 1529 2412 χχιι
1578 2357 1724 2425 regni

131 2463 322 2510 nostri.
359 2459 546 2509 Aetttm
581 2458 747 2525 Aquis
793 2457 988 2524 palatio
1019 2465 1226 2516 nostro,
1283 2467 1333 2504 ttt
1381 2449 1475 2503 Dei
1511 2448 1727 2502 nomine

131 2551 374 2604 Ieliciter.
409 2551 602 2605 Amen.

861 2616 1001 2673 LXI.

132 2710 460 2780 Praeceptum
500 2712 672 2765 Caroli
723 2711 901 2775 Magni
949 2711 1011 2762 de
1059 2708 1382 2762 tttmttutitnte
1428 2703 1728 2758 titouasterii

417 2783 736 2852 Corrofmtis
761 2781 1082 2853 [Cltarrottt]
1117 2788 1273 2849 (anno
1304 2780 1461 2846 791)).

212 2916 217 2919 _
629 2872 722 2934 (Ex
745 2873 802 2922 Ι).
826 2873 1070 2934 llouquet,
1087 2873 1226 2932 ibid.)

203 2958 427 3023 Carolus
453 2959 623 3029 gratia
658 2959 746 3012 Dei
784 2958 1110 3012 Francorum
1143 2972 1234 3010 rex
1263 2964 1320 3010 et
1351 2949 1730 3023 Longobardo—

135 3065 248 3104 runt
301 3059 356 3105 et
406 3049 659 3118 patricius
690 3050 1078 3104 Romanorum.
1124 3048 1416 3103 Maximum
1449 3044 1598 3116 regni
1632 3059 1726 3098 no-

135 3143 226 3197 stri
272 3143 323 3197 in
356 3143 457 3198 ltoc
486 3144 669 3212 augeri
709 3143 982 3198 credimus
1026 3141 1452 3202 munimentum,
1484 3137 1530 3192 si
1562 3137 1721 3191 bene-

138 3236 250 3290 ﬁcia
283 3246 548 3305 oportuna
600 3237 731 3315 locis
759 3237 1111 3292 ecclesiarum
1146 3234 1403 3290 benevola
1436 3231 1726 3287 devotione

136 3329 496 3391 concedimus,
528 3343 590 3383 ac
621 3329 848 3382 Domino
881 3337 1196 3397 protegente
1237 3325 1504 3380 stabiliter
1539 3325 1733 3391 perdu-

140 3437 255 3478 rare
277 3419 684 3487 conscrihimus.
717 3422 878 3491 Igitur
902 3433 1086 3475 notutn
1109 3422 1181 3474 sit
1205 3419 1454 3473 omnibus
1487 3415 1733 3469 ﬁdelibus

141 3515 351 3578 nostris,
387 3515 742 3584 prmscntibus
774 3513 978 3569 scilicet
1024 3524 1077 3566 et
1123 3510 1340 3580 futuris,
1382 3515 1615 3580 qualiter
1651 3515 1733 3567 vir

141 3607 355 3662 illustris
401 3608 682 3676 Rotgerius
711 3622 896 3662 comes
947 3606 1124 3661 fidelis
1166 3618 1349 3661 noster
1396 3606 1461 3660 ad
1493 3619 1730 3660 nostram

140 3702 362 3755 accessit
408 3701 782 3769 clementiam,
833 3710 889 3755 et
935 3701 1315 3754 monasterium
1369 3700 1731 3767 proprietatis,

143 3792 276 3860 quod
305 3795 416 3861 ipse
445 3809 585 3846 novo
612 3808 778 3861 opere
810 3795 862 3846 iit
907 3794 1110 3846 honore
1155 3791 1366 3845 Domini
1400 3801 1454 3846 et
1495 3791 1736 3848 Sili-ato-

146 3885 211 3937 ris
233 3887 396 3939 nostri
432 3887 484 3940 in
514 3886 631 3940 loco
667 3895 972 3953 nuncupato
1003 3883 1291 3939 Karrol’uut
1323 3901 1483 3952 seper
1511 3887 1735 3940 (luvium

147 3977 367 4036 Karante
416 3979 469 4034 in
510 3995 644 4048 pago
679 3980 994 4034 I’ictavense
1024 3983 1346 4045 construxit,
1393 3995 1513 4033 cum
1564 3980 1737 4032 omni~

149 4073 240 4124 lius
267 4073 425 4126 rebus
465 4084 522 4128 et
551 4073 885 4125 ornamentis
913 4070 1158 4126 CCCICSIJ'.
1181 4111 1194 4131 .
1228 4086 1323 4124 seu
1370 4070 1736 4124 voluminibus

149 4164 418 4227 librorum,
461 4173 517 4218 et
543 4180 663 4218 cum
689 4164 940 4219 omnibus
968 4163 1292 4232 appenditiis
1316 4164 1427 4218 suis
1461 4164 1552 4219 vel
1583 4164 1739 4232 adja-

149 4257 362 4323 t'entiis,
413 4259 466 4310 in
501 4257 746 4310 manibus
777 4258 976 4311 nostris
1005 4258 1318 4326 plenissima
1349 4257 1738 4312 deliberatione

154 4348 286 4402 visus
334 4362 418 4404 est
463 4350 734 4420 delegare,
798 4350 887 4404 ubi
935 4352 1107 4402 virum
1160 4349 1522 4405 venerabilem
1574 4350 1738 4404 David

151 4442 414 4496 constituit
453 4440 727 4496 abbatem.
779 4441 980 4495 Idcirco
1011 4441 1078 4494 ad
1126 4440 1242 4510 ejus
1288 4443 1602 4510 petitionem
1637 4443 1740 4497 tale

157 4547 244 4598 pro
269 4542 471 4586 aeterna
503 4532 857 4587 retributione
887 4533 1200 4588 beneﬁcium
1236 4549 1367 4605 erga
1399 4537 1572 4603 ipsum
1608 4551 1736 4590 sau-
1771 4545 1824 4606 ι)
1850 4551 2029 4617 pertus
2088 4550 2286 4620 ερτίρω
2341 4555 2770 4626 quibuscumque

154 4634 286 4679 ctum
322 4625 496 4680 locum
526 4626 628 4680 visi
661 4625 856 4680 l'uimns
887 4626 1204 4692 indulsisse,
1243 4639 1300 4681 ut
1332 4629 1381 4682 in
1413 4632 1656 4684 ecclesiis
1686 4643 1740 4685 et

157 4715 274 4772 locis
301 4719 383 4772 vel
417 4719 562 4788 agris
589 4733 685 4774 seu
715 4717 934 4789 reliquis
967 4721 1396 4788 possessionibus
1425 4723 1594 4792 ipsius
1627 4738 1743 4777 ωο-

160 4812 386 4876 naSterii,
419 4825 554 4882 quas
581 4813 844 4867 moderno
889 4824 1129 4881 tempore
1153 4814 1300 4882 juste
1325 4824 1379 4869 et
1405 4818 1742 4872 rationabili-

161 4911 231 4956 tcr
275 4903 552 4973 possidere
602 4905 836 4970 videtur,
889 4907 973 4960 vel
1020 4908 1161 4975 quod
1217 4907 1474 4974 deinceps
1528 4909 1582 4962 in
1626 4909 1744 4978 jure

161 4990 313 5060 ipsius
363 4995 536 5049 sancti
587 4995 688 5050 loci
740 4996 992 5052 voluerit-
1022 4996 1200 5051 divina
1251 5001 1418 5065 pietas
1460 5000 1740 5067 ampliare,

165 5085 328 5140 nullus
376 5085 540 5156 jndex
594 5088 836 5156 publicus
887 5089 952 5141 ad
1003 5091 1193 5143 causas
1238 5091 1603 5157 audiendum,
1658 5094 1741 5147 vel

166 5177 296 5234 Ireda
325 5183 563 5251 undique
591 5182 913 5251 exigendum
961 5199 1174 5252 quoque
1220 5194 1459 5254 tempore
1490 5186 1742 5259 [ingredi]

167 5289 258 5329 non
288 5286 575 5345 prasuntat
606 5293 621 5332 :
667 5277 764 5332 sed
798 5279 898 5330 hoc
923 5279 1039 5346 ipse
1067 5279 1256 5343 abbas,
1291 5278 1376 5332 vel
1402 5294 1744 5336 successores

167 5369 255 5434 sui,
281 5385 375 5426 seu
392 5371 737 5442 congregatio
769 5372 934 5438 ipsius
957 5375 1270 5427 monasterii
1303 5386 1517 5444 propter
1547 5392 1742 5432 nomen

171 5460 360 5518 Domini
390 5463 492 5519 sub
531 5462 752 5532 integra:
797 5465 1107 5518 euiunitatis
1151 5465 1370 5520 nomine
1411 5468 1622 5523 valeant
1648 5469 1746 5524 doc

230 5601 254 5630 ⁸
289 5600 403 5656 Hoc
445 5601 678 5672 diploma
717 5604 860 5657 notis
887 5602 1279 5672 cltronologicis
1325 5615 1471 5659 caret
1501 5622 1516 5667 :
1542 5617 1596 5662 at
1622 5625 1742 5664 cum

170 5667 373 5750 Ilarolns
411 5673 468 5750 in
497 5667 565 5728 eo
601 5689 661 5729 se
691 5686 896 5750 tantum
933 5690 1109 5750 regem
1148 5667 1209 5728 ac
1256 5677 1534 5750 patricium
1576 5679 1741 5750 dicat,

175 5737 290 5819 haud
322 5744 496 5819 serius
523 5757 666 5819 anno
691 5745 792 5819 7_99
815 5737 1336 5819 datum'videtttr,'et
1366 5748 1501 5803 forte
1529 5737 1743 5819 quideui

176 5813 499 5882 Aq-iisgrani,
533 5815 660 5870 dum
692 5815 915 5874 Carolus
953 5817 1204 5888 Retgerio
1240 5821 1421 5875 comiti
1456 5813 1745 5882 Dot'ninica:

1831 1912 2162 1980 temporibus
2228 1914 2483 1967 inviolata
2531 1915 2820 1983 perdurare
2868 1917 3063 1982 valeat,
3121 1933 3307 1972 manus
3346 1937 3442 1971 no-

1826 2014 1954 2056 Stra:
2006 2004 2294 2072 signaculis
2345 2020 2467 2059 eam
2519 2006 2858 2063 decrevimus
2921 2009 3159 2063 roborari
3197 2051 3212 2076 ,
3270 2021 3324 2066 et
3376 2012 3442 2065 de

1828 2095 1989 2150 anulo
2014 2107 2200 2152 nostro
2224 2098 2482 2166 juSsitnus
2511 2100 2730 2169 sigillari
2774 2111 2821 2154 ⁸.

2561 2215 2720 2270 LXII.

2561 2218 2671 2268 LXI
2704 2254 2720 2270 .

1831 2281 1859 2320 ιν
1891 2279 2216 2353 Pra'ceptum
2249 2283 2426 2356 (ΣιΠοΙί
2454 2285 2636 2356 Magni
2682 2218 2774 2356 Ipro
2815 2290 3083 2344 monachis
3113 2291 3174 2347 S.
3232 2289 3447 2346 .‘Ilnrlint'

2299 2354 2614 2410 TuronenSis
2646 2354 2808 2428 (anno
2833 2359 2986 2427 791i).

1967 2445 2128 2507 (Apud
2157 2445 2468 2508 ilarteuinm,
2495 2456 2611 2498 tom.
2643 2448 2659 2497 l
2685 2448 2835 2499 Thes.
2865 2451 3048 2502 Anecd.
3067 2452 3159 2502 col.
3195 2454 3291 2512 13.)

1900 2528 2128 2582 Carolus
2156 2530 2326 2599 gratia
2380 2531 2474 2585 Dei
2509 2548 2602 2587 rex
2654 2531 2983 2589 Francorum
3033 2547 3089 2590 et
3142 2537 3450 2607 Longobar-

1830 2620 2018 2674 dorum
2059 2636 2120 2675 ac
2151 2622 2406 2687 patricius
2440 2622 2826 2688 Romanorum,
2863 2625 3113 2680 omnibus
3150 2629 3441 2696 episcopis,

1829 2709 2136 2775 abbatibus,
2179 2712 2414 2780 viri~que
2464 2712 2782 2778 illustribus,
2837 2715 3082 2780 ducibus,
3130 2719 3440 2782 comitibus,

1831 2799 2165 2865 domesticis,
2197 2801 2552 2870 grationibns,
2592 2803 2829 2870 vicariis,
2877 2808 3223 2873 centenariis,
3269 2808 3451 2877 junio-

1833 2894 2087 2964 ribusque
2121 2880 2340 2962 nostris,
2373 2909 2534 2966 atque
2558 2899 2736 2954 missis
2763 2903 2962 2957 nostris
2991 2904 3444 2974 discurrentibus,

1835 2984 2187 3050 prwsentibus
2219 2985 2471 3041 videlicet
2494 2997 2550 3042 et
2578 2987 2791 3045 futuris.
2829 2993 2988 3047 Decet
3010 2995 3209 3049 etenim
3247 2999 3443 3066 regalis

1831 3076 2132 3132 clementiae
2191 3079 2530 3149 dignitatem,
2591 3095 2781 3138 cuncta
2827 3102 2946 3153 qua:
2994 3103 3025 3141 a
3079 3091 3452 3144 sacerdotibus

1752 3176 1795 3236 C
1832 3171 2162 3226 rationabilia
2193 3174 2459 3241 postulata
2493 3173 2714 3242 fuerint,
2741 3177 2925 3232 solerti
2959 3194 3084 3234 cura
3122 3180 3451 3251 prospicere,

1834 3270 1888 3315 et
1932 3272 2232 3330 Opportuna
2282 3264 2364 3318 vel
2417 3280 2654 3336 congrua
2706 3269 2959 3324 beneﬁcia
3012 3288 3115 3326 non
3154 3273 3447 3344 denegare,

1835 3353 1979 3406 circa
2010 3357 2349 3409 anteriorem
2402 3373 2586 3426 regum
2633 3370 2772 3423 acta,
2819 3363 3028 3430 plenius
3063 3380 3185 3434 quae
3235 3381 3330 3434 pro
3361 3369 3451 3422 Dri

1838 3455 1966 3498 sunt
1995 3444 2191 3499 intuitu
2219 3462 2480 3502 concessa
2522 3452 2868 3507 conﬁrmare.
2926 3455 3089 3523 Igitur
3126 3460 3451 3513 venerabilis

1843 3535 1924 3589 vir
1953 3535 2254 3592 Alchuinns
2302 3540 2472 3593 abbas
2522 3541 2589 3596 de
2640 3543 2857 3598 basilica
2917 3548 3200 3616 peculiaris
3241 3555 3449 3619 patroni

1845 3631 2013 3684 nostri
2047 3630 2107 3686 S.
2139 3632 2373 3698 Martini,
2412 3636 2498 3689 ubi
2535 3638 2646 3706 ipse.
2679 3640 2947 3706 pretiosus
2973 3643 3202 3697 domnus
3223 3660 3450 3715 corpore

1843 3724 2156 3792 requiescit,
2195 3728 2559 3786 immunitates
2587 3733 2948 3801 gloriosorutn
2983 3752 3164 3802 regum
3206 3749 3448 3794 anteces-

1838 3829 2021 3869 stirum
2059 3827 2392 3885 nostrorum,
2446 3824 2693 3877 manibus
2732 3841 2919 3880 eorum
2962 3829 3260 3893 roboratas,
3293 3842 3455 3904 atquo

1839 3906 2102 3975 genitoris
2161 3912 2332 3964 nostri
2395 3912 2566 3980 l‘ipini
2626 3914 2778 3969 bona:
2843 3922 3116 3974 metnori:e
3177 3923 3449 3991 quondam

1842 3998 2007 4068 regis,
2061 4000 2216 4054 nobis
2245 4002 2464 4076 protulit
2499 4003 2564 4058 ad
2596 4006 2910 4076 relegendas
2942 4011 3054 4078 (ubi
3078 4012 3453 4069 continebatur

1841 4090 2152 4160 insertum),
2215 4093 2448 4162 qualiter
2509 4097 2751 4162 pne-licti
2806 4114 2962 4169 reges
3019 4117 3116 4170 pro
3147 4105 3450 4160 reverentia

1842 4182 2139 4242 beatissimi
2163 4183 2222 4239 S.
2254 4185 2490 4252 Martini,
2513 4187 2580 4243 de
2604 4189 2764 4246 rebus
2794 4191 2961 4260 ipsius
2983 4196 3155 4249 sancﬁ
3187 4198 3238 4250 in
3265 4213 3455 4267 regno,

1845 4273 1954 4329 Deo
1983 4275 2238 4344 propitio,
2264 4292 2474 4345 neStro,
2500 4281 2735 4344 Anstria,
2761 4283 3009 4338 Neustria
3033 4296 3088 4340 et
3121 4286 3452 4361 Bttrgundia,

1843 4367 2155 4431 Aquitania,
2188 4381 2242 4423 et
2287 4369 2588 4437 Provincia,
2617 4375 2687 4430 de
2724 4377 2974 4432 omnibus
3003 4381 3164 4435 rebus
3190 4392 3242 4437 et
3287 4385 3456 4440 Iacul-

1850 4466 1959 4513 tate
1991 4452 2162 4528 ipsius
2211 4462 2506 4519 beatissimi
2557 4467 2793 4534 Martini,
2840 4471 3018 4541 quiete
3066 4473 3116 4526 in
3158 4490 3320 4544 regna
3353 4492 3449 4533 su-

2825 4560 2956 4616 locis
3019 4564 3311 4633 majoribus
3370 4570 3456 4625 vel

1849 4643 2168 4710 minoribus,
2201 4657 2307 4700 tam
2351 4651 2490 4717 quml
2524 4667 2618 4719 per
2648 4657 3034 4723 praeceptiones
3062 4663 3140 4713 vel
3176 4652 3457 4732 indulgen-

1849 4736 1948 4789 tias
1975 4751 2070 4790 seu
2099 4737 2468 4797 immunitates
2496 4760 2705 4814 regum,
2737 4750 2820 4801 vel
2852 4763 2882 4802 a
2935 4749 3251 4810 Christianis
3282 4757 3456 4811 homi-

1848 4830 2006 4882 nibus
2033 4837 2197 4900 atque
2241 4833 2472 4899 diversis
2522 4841 2912 4905 contractibus,
2962 4857 3057 4918 per
3099 4861 3457 4918 qurcumqne

1848 4919 2205 4977 instrumenta
2235 4936 2503 4980 cartarum
2530 4931 2596 4982 ad
2631 4930 2906 4998 praefatam
2935 4950 3114 4991 casam
3144 4940 3201 4992 δ.
3243 4939 3452 4997 Martini

1852 5009 1954 5067 fuit
1999 5015 2296 5084 conlatum,
2351 5019 2440 5077 vel
2487 5020 2813 5094 delegatum,
2875 5036 2971 5080 aut
3016 5029 3191 5085 adhuc
3239 5033 3454 5090 inantea

1850 5103 2046 5160 futuris
2078 5108 2417 5176 temporibus
2463 5111 2770 5169 addendum
2802 5117 2885 5171 vel
2917 5117 3294 5188 delegandutn,
3327 5139 3459 5178 con-

1851 5201 2223 5270 ﬁrmaverunt,
2243 5215 2300 5260 ut
2322 5209 2423 5262 sub
2443 5210 2738 5265 emunitate
2762 5223 2942 5268 nostra
2968 5214 3097 5283 ipsa:
3119 5232 3225 5284 res,
3245 5221 3325 5273 vel
3354 5220 3456 5289 ipsi
3517 5263 3520 5268 η

1849 5296 2094 5351 homines
2113 5296 2172 5352 S.
2211 5300 2420 5355 Martini
2454 5303 2631 5357 vivere
2658 5304 2910 5361 debeant.
2943 5309 3145 5364 Idcirco
3163 5314 3460 5381 suprascri-

1850 5401 1972 5457 ptns
1994 5392 2290 5448 Alcltuinus
2318 5396 2452 5450 abba
2475 5411 2504 5450 a
2523 5401 2817 5456 serenitate
2845 5403 2992 5471 regni
3024 5405 3191 5460 nostri
3225 5408 3377 5473 petiit
3403 5417 3460 5464 ut

1849 5483 1904 5538 in
1963 5485 2197 5556 idipsum
2252 5489 2711 5567 corroborandum
2748 5536 2764 5561 ,
2820 5496 3074 5554 bonitatis
3134 5501 3458 5558 beneﬁcium

1848 5624 2024 5677 crucis
2042 5619 2355 5692 particulam
2382 5626 2619 5692 tradidit,
2651 5629 2954 5688 Corrotensi
2981 5638 3304 5694 monasterio
3326 5653 3459 5694 con-

1849 5694 2185 5818 signatisdiam.
2218 5698 2288 5749 Ita
2320 5697 2657 5755 Mabillonius
2701 5703 2793 5760 lib.
2833 5720 2956 5760 XXVI
3006 5709 3200 5764 Annal.
3229 5711 3456 5780 Bened.,

1853 5781 1998 5818 "ill".
2099 5803 2114 5818 ι

1853 5781 1998 5819 num.
2025 5781 2114 5819 δῖ.

1926 5836 1950 5874 b
1985 5836 2144 5894 Forte
2168 5838 2234 5894 ad
2266 5854 2354 5897 an.
2390 5840 2496 5898 800
2526 5844 2866 5903 referendum
2903 5846 3006 5906 hoc
3033 5849 3291 5924 diploma.
