3856 6220
427 261 527 321 991
1323 266 1380 321 Β.
1416 265 1669 326 CAROLI
1710 267 1927 325 MAGNI
1966 267 2011 324 0

2161 251 2337 325 risus
2372 268 2412 323 ι.
2461 266 2707 328 sumo
2744 268 2806 325 ιι.
3652 272 3773 326 992

426 380 967 452 largirideberemus.
1000 365 1166 450 Cujus
1198 395 1297 436 nos
1320 384 1560 450 petitioni
1587 385 2007 450 consentientes,
2037 395 2088 448 Α
2115 380 2325 439 vulsum
2352 393 2447 439 aut
2489 386 2824 442 confractum
2872 385 3053 450 fuerit,
3096 384 3418 442 omnimodis
3447 384 3628 453 ipsis
3663 398 3775 438 au-

426 463 795 542 ctimirocirtia
826 474 882 529 S.
915 471 1124 528 Martini
1153 485 1491 540 venerantes,
1539 477 1678 530 sicut
1709 480 2006 544 prmtleces-
2119 475 2460 532 ctoritatibua
2510 478 2709 533 nostris
2760 487 2820 533 et
2878 479 3153 534 beneﬂciis
3219 489 3611 534 restauretur.
3699 477 3770 529 Et

427 583 580 630 suros
627 579 779 635 reges
830 564 1168 634 singulariter
1216 567 1562 634 ettplevernnt
1590 607 1603 628 .
1655 577 1711 621 et
1765 583 1864 622 nos
1913 567 2013 622 hoc
2119 567 2345 623 ulterius
2375 569 2516 625 ullus
2545 572 3074 642 vestrtnn,ullusque
3099 573 3370 643 iuniorum
3401 582 3770 628 vestrorum

427 657 770 721 indulgentiae
795 656 994 710 donum
1023 665 1332 726 grantauter
1357 659 1662 723 praestitisse
1682 659 2010 728 cognoscite.
2115 669 2207 710 aut
2249 672 2644 726 successorum,
2693 660 2982 732 infringere
3027 674 3122 716 aut
3151 663 3354 719 violare
3399 662 3572 734 quod
3612 677 3766 716 con-

428 746 807 816 Prascipientes
833 746 1026 816 quippe
1056 755 1114 804 ut.
1161 762 1350 801 omnes
1384 762 1470 801 res
1519 747 1682 816 ipsius
1723 748 2012 801 beatissimi
2113 748 2383 802 sensimus
2413 765 2518 804 non
2551 762 2857 819 praesumat,
2891 752 2984 808 sed
3036 754 3172 809 sicut
3210 754 3455 822 superius
3515 753 3763 808 dictum

422 835 480 891 S.
515 835 726 891 Martini
754 847 1241 906 quantumcumque
1269 837 1320 891 iu
1365 851 1552 905 regno,
1601 837 1713 891 Deo
1755 837 2019 906 prepitio,
2114 843 2221 899 est,
2268 851 2390 891 cum
2441 839 2746 906 plenissima
2810 843 3102 896 emunitate
3154 843 3206 896 in
3253 857 3385 911 pace
3428 858 3583 897 cum
3656 841 3760 896 Dei

426 936 635 990 nostro,
665 935 773 980 tam
805 925 860 980 iu
897 925 1052 980 villas
1094 934 1148 979 et
1181 925 1388 995 praedia,
1431 925 1630 996 majora
1661 927 1744 981 vel
1778 927 2009 991 modica,
2114 926 2387 993 atljutorio.
2428 928 2511 984 Vri
2562 935 2956 1002 nostragratia
3011 933 3224 987 valeant
3267 948 3386 1002 qua:
3430 933 3555 986 sibi
3618 932 3756 985 data

420 1027 517 1072 seu
569 1017 622 1072 in
668 1031 858 1072 omnes
907 1017 1187 1079 facultates
1233 1017 1526 1071 beatissimi
1585 1019 1756 1072 sancn
1808 1017 2012 1071 Martini
2115 1014 2326 1070 fuerunt
2360 1018 2656 1083 possidere.
2690 1019 2756 1072 Et
2783 1022 3139 1088 utpra’~ceptio
3160 1022 3301 1074 circa
3326 1022 3502 1088 ipsam
3539 1035 3748 1074 casam

421 1110 522 1164 sub
543 1109 854 1164 emunitatis
886 1109 1094 1162 titulum
1131 1111 1428 1164 consistere
1465 1111 1713 1173 debeant,
1746 1119 1802 1162 ut
1823 1110 2013 1178 aliquis

418 1197 583 1268 iudex
627 1196 875 1267 publicus
922 1198 1035 1251 list-i
1085 1185 1253 1252 nostri
1293 1199 1346 1251 in
1394 1198 1505 1268 jam
1553 1199 1723 1253 dictas
1753 1200 1900 1252 villas
1932 1200 2013 1253 vel

419 1291 696 1346 larultates
727 1290 891 1358 ipsius
921 1292 1091 1345 sancti
1141 1291 1209 1344 ad
1238 1293 1524 1362 agendum,
1573 1293 1654 1346 vel
1701 1307 1888 1347 causas
1918 1308 2009 1348 au-

417 1385 694 1448 diendum,
725 1398 822 1436 seu
873 1381 1020 1436 frcda
1053 1382 1134 1437 vel
1185 1383 1488 1440 iufereudas
1515 1383 1894 1449 exactandum,
1929 1384 2008 1438 vel

419 1479 684 1530 telonetnn
718 1473 1030 1534 tollendum.
1058 1488 1151 1530 seu
1200 1474 1509 1529 mansiones
1551 1473 1876 1538 faciendum,
1913 1491 2012 1529 nec

417 1566 765 1634 fideiussores
823 1564 1140 1636 tollendum,
1195 1563 1395 1619 nullum
1455 1565 1752 1634 ingressum
1808 1579 1907 1619 nec
1936 1566 2015 1616 in-

418 1657 640 1708 troitum
672 1654 724 1707 in
757 1655 898 1723 ipsas
929 1655 1080 1708 villas
1109 1655 1167 1710 Β.
1198 1653 1407 1708 Martini
1459 1655 1654 1709 habere
1684 1665 1967 1721 prasumat
1993 1673 2008 1720 ;

2115 1120 2178 1161 ac
2209 1111 2565 1164 venerabilem
2599 1112 2880 1166 ecclesiam
2911 1111 2968 1166 S.
2995 1111 3205 1168 Martini
3239 1127 3337 1179 pro
3360 1113 3577 1166 futuris
3600 1121 3751 1164 tern-

2120 1200 2341 1265 poribus
2365 1202 2538 1255 valeat
2572 1203 2882 1268 perdurare,
2906 1218 3064 1256 mauu
3107 1204 3321 1272 propria
3349 1181 3464 1257 ea'm
3496 1205 3743 1257 subter-

2118 1290 2470 1353 lirmavimus,
2493 1300 2547 1345 et
2568 1293 2749 1345 annuli
2776 1294 2940 1346 nostri
2967 1293 3320 1360 impressione
3353 1294 3742 1363 signavimus.

2189 1382 2408 1452 Signum
2437 1384 2609 1437 Caroli
2639 1384 3006 1453 gloriosissimi
3036 1387 3199 1456 regis.

2189 1477 2380 1526 Actum
2412 1485 2592 1528 castro
2621 1475 2896 1542 Lauduno,
2942 1477 2995 1530 in
3047 1477 3137 1531 Dei
3182 1477 3400 1532 nomine
3451 1477 3736 1531 feliciter.

2120 1566 2310 1619 Amen.

2827 1637 3006 1693 LXIII.

413 1748 504 1801 sed
536 1745 790 1814 quidquid
823 1746 1019 1799 exinde
1065 1748 1131 1798 ab
1180 1745 1415 1814 antiquis
1475 1748 1803 1815 temporibus
1853 1750 2009 1802 liscus
2042 1733 2088 1794 Β
2122 1744 2442 1815 Ρνωεεριιιιιι
2469 1746 2643 1802 Caroli
2668 1747 2846 1817 Magni
2877 1767 2967 1821 pro
2994 1754 3314 1818 monasterio.
3336 1750 3731 1808 Cormaricemi

415 1848 602 1894 noster
633 1848 738 1891 tam
773 1840 1043 1906 praeterito
1071 1853 1228 1906 quam
1255 1847 1309 1891 et
1361 1853 1608 1906 praesenti
1651 1850 1890 1905 tempore
1915 1855 2008 1893 ac-

414 1931 593 2000 cipere
619 1932 699 1984 vel
722 1942 972 1983 exactare
994 1941 1368 1998 consueverat,
1397 1932 1574 1983 lllllllla
1597 1940 1650 1983 et
1671 1931 1919 1984 omnibus
1943 1947 2005 1984 ex

419 2026 552 2076 lisco
599 2033 783 2074 nostro
824 2009 1086 2084 cmlimus,
1135 2032 1190 2075 et
1239 2021 1290 2074 in
1334 2022 1682 2076 luminaribus
1729 2022 1894 2090 ipsius
1947 2023 2003 2078 S.

414 2111 648 2177 Martini,
683 2115 762 2166 vel
795 2113 1044 2166 alimenta
1080 2128 1390 2181 panpt-rum,
1442 2130 1535 2167 seu
1580 2115 1841 2183 stipendia
1889 2131 1938 2168 in
1965 2137 2004 2161 ι-

421 2206 740 2269 nachurtzm,
772 2202 1016 2271 proliciat
1048 2203 1100 2256 in
1141 2214 1504 2272 augmentum.
1541 2205 1608 2258 Et
1631 2206 1828 2259 nullam
1861 2221 2010 2274 porc-

415 2306 606 2348 statem
650 2295 812 2364 jmlex
862 2295 1259 2360 publicus’lisci
1312 2298 1480 2350 nostri
1531 2310 1694 2366 super
1725 2297 2006 2364 praedictas

412 2388 564 2442 villas
609 2389 690 2442 vel
723 2388 1004 2442 facultates
1040 2388 1210 2440 sancti
1260 2386 1468 2440 Martini
1502 2402 1596 2456 per
1620 2389 2009 2455 qualecumque

413 2481 682 2549 Ingenium
715 2480 913 2533 ibidem
946 2477 1145 2531 habere
1176 2492 1236 2532 se
1263 2487 1588 2546 cognoscat;
1618 2481 1713 2534 sed
1740 2479 1809 2534 ab
1859 2479 2008 2533 omni

413 2576 580 2649 fiscali
615 2584 884 2644 potestate
904 2573 973 2629 de
999 2573 1272 2644 prmdictis
1298 2575 1459 2628 rebus
1478 2574 1536 2629 S.
1568 2574 1774 2628 Martini
1797 2589 2012 2649 semper

413 2647 706 2723 estraneus
736 2665 806 2719 sit
835 2673 995 2734 atque
1024 2676 1288 2728 remotus,
1323 2675 1380 2718 ut
1408 2679 1506 2718 nec
1532 2665 1737 2734 aliquas
1763 2647 2007 2733 umquam

422 2747 736 2814 occasiones
764 2756 1049 2826 inquirere,
1098 2756 1239 2810 unde
1285 2755 1620 2825 dispendium
1665 2755 1731 2808 ad
1773 2756 2012 2810 homines

413 2852 474 2907 S.
507 2850 720 2905 Martini
771 2851 950 2902 fat-ere
996 2847 1210 2910 debeat,
1244 2849 1496 2903 sitausus
1525 2862 1845 2918 praesumere
1873 2866 1885 2912 ;
1917 2848 2009 2902 sed

369 2993 377 3002 η
414 2947 670 3008 inspecta:
701 2925 1026 2994 amonitates
1072 2938 1403 2992 auteriorum
1454 2953 1637 3008 regum
1683 2938 1764 2991 vel
1809 2953 2010 3003 praece-

412 3037 621 3102 ptioncs
648 3041 848 3086 nostra:
895 3029 948 3085 in
979 3030 1226 3085 omnibus
1254 3039 1666 3087 conserventur.
1708 3030 1775 3084 Et
1800 3032 1844 3083 si
1890 3030 2010 3099 quis

412 3122 575 3183 fuerit
607 3135 790 3181 eomes
842 3125 924 3178 vel
975 3123 1325 3188 domesticus,
1371 3136 1466 3176 seu
1516 3123 1703 3190 grallo,
1755 3121 2006 3183 vicarius,

413 3220 498 3288 vel
555 3219 822 3282 tribunus,
879 3205 973 3272 seu
1021 3216 1394 3286 qualicumque
1435 3213 1697 3284 judicaria
1747 3224 2012 3284 potestate

411 3310 733 3372 succinctus,
767 3306 856 3376 qui
900 3307 1286 3376 indulgentiam
1331 3313 1388 3360 et
1425 3304 1718 3359 bonitatem
1769 3304 2009 3372 priorum

410 3415 472 3454 ac
525 3400 881 3468 posteriorum
929 3413 1111 3467 regum
1163 3396 1246 3452 vel
1293 3405 1532 3452 nostram
1591 3395 2003 3466 prmceptinnem

410 3495 707 3561 irrumpere
760 3502 852 3546 aut
905 3491 1108 3545 violare
1164 3490 1568 3560 praesumserit,
1632 3500 2008 3545 sescentorum

351 3589 354 3592 ’
411 3585 706 3638 solidorum
747 3580 916 3650 usque
961 3585 1026 3636 ad
1065 3580 1227 3636 linem
1274 3580 1390 3635 auri
1434 3583 1571 3635 cocti
1623 3581 1707 3635 vel
1740 3580 2013 3650 purissimi

411 3690 720 3737 nmnerum,
771 3690 830 3727 se
865 3681 1154 3742 crgnoscat
1202 3671 1572 3727 mulctandnm
1617 3679 1801 3725 contra
1848 3671 2012 3738 ipsam

413 3757 593 3819 casam
627 3766 685 3820 S.
719 3765 954 3829 Martini,
1004 3775 1057 3819 et
1103 3765 1207 3817 alia
1259 3764 1413 3819 tertia
1464 3761 1583 3832 pars
1611 3765 1662 3816 in
1691 3763 1803 3817 llsci
1848 3764 2015 3816 nes-tri

413 3858 671 3912 sacellum
731 3859 950 3912 venint:
985 3865 1040 3913 et
1087 3872 1192 3911 non
1240 3857 1469 3910 delectet
1515 3871 1640 3922 qua:
1692 3871 1788 3923 pro
1836 3856 2017 3910 divino

414 3952 604 4005 intuitu
653 3950 853 4003 indulta
903 3958 1028 4003 sunt
1085 3947 1496 4024 sacerdotibus,
1551 3947 1633 4000 vel
1690 3948 2014 4000 anteiimutu

414 4057 599 4108 regum
632 4041 958 4096 emunitates
990 4041 1071 4095 vel
1097 4050 1307 4093 uestras
1336 4038 1724 4107 prmceptiones
1747 4037 1815 4091 ab
1843 4038 2017 4106 impiis

415 4134 724 4186 hominibus
778 4133 998 4185 lacerari
1039 4148 1053 4184 :
1106 4132 1198 4184 sed
1252 4131 1622 4198 undecumque
1671 4128 1737 4180 ad
1780 4143 2016 4195 prmsens

421 4224 532 4290 ipsa
563 4238 685 4276 rasa
737 4222 795 4276 S.
849 4220 1057 4276 Martini
1090 4221 1281 4274 vestita
1325 4232 1448 4273 esse
1477 4220 1707 4282 videtur,
1738 4217 1819 4271 vel
1863 4228 2016 4271 antea

414 4333 442 4368 a
473 4313 901 4383 quibuscmnqne
956 4312 1121 4366 Deum
1155 4310 1463 4364 timentibus
1513 4309 1594 4363 vel
1644 4307 1798 4362 bonis
1845 4307 2019 4361 Immi-

2751 1820 2909 1888 (anuo
2937 1820 3088 1888 800).

2183 1929 2259 2001 [In
2321 1929 2540 1984 nomine
2595 1939 2618 1967 ο
2669 1931 2873 1986 Domini
2926 1933 3019 1988 Dei
3086 1936 3250 1988 nostri
3311 1934 3433 1988 .lesu
3490 1934 3730 2002 Christi!

2112 2021 2331 2081 Carolus
2374 2023 2463 2076 Dei
2516 2025 2684 2092 gratia
2734 2024 3054 2079 Francorum
3124 2043 3242 2092 rex,
3304 2029 3570 2095 patricius
3623 2031 3727 2082 ιιι..

2113 2128 2421 2168 manorum.
2493 2119 2754 2172 Omnibus
2807 2119 3052 2173 fidelibus
3110 2120 3281 2174 sancti
3339 2120 3580 2185 Martini,
3636 2121 3726 2188 qui

2114 2210 2361 2275 praesenti
2413 2219 2653 2274 tempore
2706 2209 2813 2264 Deo
2860 2212 3101 2265 serviunt
3150 2212 3203 2266 in
3254 2212 3373 2266 loco
3403 2221 3605 2266 sancto
3633 2213 3721 2265 ubi

2115 2298 2386 2365 pretiosus
2429 2300 2710 2354 confessor
2756 2300 2953 2357 Christi
2995 2316 3222 2369 corpore
3267 2304 3586 2372 requiescit,
3638 2307 3720 2358 vel

2115 2398 2276 2441 etiam
2332 2389 2492 2443 futuri
2546 2399 2672 2443 sunt
2726 2392 3054 2460 temporibus
3107 2394 3716 2462 posteris-{abbatibus

2115 2474 2466 2552 presbyteris,
2520 2483 2855 2544 diaronibus.
2915 2492 2968 2538 et
3019 2486 3267 2540 omnibus
3331 2485 3717 2540 ecclesiastica:

2115 2575 2390 2643 dignitatis
2418 2576 2693 2643 gradibus,
2729 2576 3034 2631 senioribus
3062 2591 3158 2632 seu
3183 2576 3509 2648 junioribus,
3558 2587 3713 2632 auer-

2116 2681 2238 2720 nam
2269 2667 2319 2719 in
2363 2665 2560 2720 Christi
2607 2667 2868 2722 charitate
2914 2667 3139 2722 salutem
3172 2678 3224 2722 ct
3269 2668 3709 2744 prosperitatem.

2115 2756 2306 2810 Nomm
2340 2757 2408 2810 sit
2437 2756 2757 2811 fraternitati
2803 2768 2993 2812 vestrae
3025 2758 3164 2828 quod
3197 2757 3423 2812 dilectus
3461 2760 3708 2826 magister

2118 2854 2301 2900 noster
2334 2848 2556 2900 Albinus
2603 2849 2688 2915 pia
2754 2849 3041 2904 devotione
3089 2848 3379 2916 postulavit
3427 2849 3606 2912 nobis,
3658 2859 3710 2900 ut

2118 2937 2318 2992 licitum
2354 2939 2573 2993 haberet
2605 2940 2898 2993 monachos
2925 2941 3250 2995 constituere
3291 2939 3341 2993 in
3372 2938 3503 2994 cella
3533 2940 3700 2993 sancti

2120 3031 2265 3084 Pauli
2298 3023 2415 3099 quae
2459 3033 2662 3085 rustico
2710 3035 2925 3086 nomine
2966 3031 3302 3086 .cnrmaricus
3353 3031 3572 3096 dicitttr,
3619 3032 3706 3100 qui

2119 3118 2438 3190 regulariter
2469 3121 2761 3174 secundum
2813 3122 2983 3174 sancti
3031 3120 3302 3175 Benedicti
3335 3129 3533 3173 statuta
3567 3121 3617 3173 in
3643 3136 3701 3175 ea

2120 3213 2384 3266 viverent.
2416 3211 2585 3278 Quem
2622 3214 2794 3266 locum
2829 3212 3014 3264 lterius
3041 3211 3174 3266 abba
3220 3220 3530 3266 antecessor
3570 3210 3703 3263 illius

2116 3317 2181 3356 ex
2212 3310 2522 3370 comparato
2574 3301 2885 3370 adquisivit,
2920 3310 2974 3356 et
3025 3311 3346 3364 construxrt,
3398 3312 3452 3356 ct
3500 3303 3702 3355 tradidit

2114 3404 2304 3447 sancto
2346 3393 2599 3448 Martino.
2654 3394 2762 3448 bos
2815 3410 2940 3449 vero
2988 3403 3091 3447 tam
3126 3395 3224 3462 pia:
3273 3393 3538 3447 devotioni
3571 3393 3702 3447 illius

2117 3496 2355 3536 annuere
2386 3493 2557 3535 ratum
2607 3481 2876 3548 duximus,
2927 3498 3154 3551 eamque
3203 3481 3376 3537 literis
3425 3483 3504 3536 vel
3537 3481 3697 3550 sigillo

2119 3574 2348 3627 nominis
2380 3575 2546 3627 nostri
2577 3574 2883 3627 confirmari
2922 3572 3164 3636 iecimus,
3205 3589 3272 3627 ne
3304 3573 3408 3627 ulla
3443 3582 3559 3642 post
3585 3572 3692 3626 dies

2117 3663 2257 3718 illius
2300 3679 2533 3730 unquam
2583 3664 2845 3733 disruptio
2892 3663 3004 3718 ﬁeri
3059 3666 3318 3732 potuisset
3366 3679 3392 3716 a
3442 3677 3691 3733 quoquam

2117 3769 2490 3809 successorum
2523 3756 2688 3810 illius.
2730 3757 2858 3809 Nam
2887 3760 2932 3809 si
2963 3756 3140 3809 divina
3175 3757 3484 3826 parentibus
3509 3759 3693 3808 nosnis

2120 3845 2379 3915 nobisque
2430 3845 2597 3912 pietas
2647 3857 2960 3914 potestatem
3028 3848 3252 3901 Contulit
3311 3849 3472 3902 totius
3524 3859 3688 3900 umna-

2119 3939 2266 3992 sterii
2293 3938 2461 3992 sancti
2483 3938 2712 4001 Martini,
2739 3954 3023 4008 rerumque
3049 3939 3190 3992 illius
3221 3939 3526 3994 facultatem
3548 3938 3689 3992 dandi

2119 4029 2203 4083 cui
2255 4029 2632 4096 voluissemus,
2685 4042 2883 4098 quanto
2934 4032 3100 4100 magis
3145 4029 3300 4084 nobis
3349 4040 3579 4100 potestas
3615 4031 3692 4081 tri-

2121 4117 2313 4171 buendi
2363 4122 2426 4171 ad
2488 4119 2581 4173 Dei
2634 4120 2911 4174 servitium
2960 4120 3340 4188 perpetualiter
3386 4121 3678 4189 praedictum

2121 4207 2336 4261 locum?
2367 4208 2474 4263 Nec
2499 4208 2578 4263 fas
2607 4219 2684 4264 est
2717 4212 2968 4279 cuiquam'
2986 4213 3176 4280 regalis
3202 4211 3540 4282 benignitatis
3563 4228 3687 4280 Sper-

2123 4314 2248 4353 nere
2291 4300 2634 4355 donationem
2684 4303 2768 4355 vel
2821 4302 3307 4368 conlirmationem,
3365 4307 3596 4360 tiiaxitne
3645 4307 3686 4357 In

418 4408 578 4460 nibus
637 4406 818 4460 datum
872 4404 951 4458 vel
1004 4403 1254 4456 collatum
1313 4401 1506 4464 fuerit,
1561 4399 1661 4452 sub
1714 4399 2019 4453 emunitatis
2051 4401 2231 4489 Dlam
2260 4394 2346 4458 pio
2369 4402 2421 4445 et
2443 4393 2643 4450 salubri
2671 4404 2956 4464 prtecepto.
3005 4393 3208 4449 Idcirco
3230 4395 3689 4463 omninnjubemus

415 4505 624 4560 titulum
652 4503 902 4557 resideat.
936 4501 1001 4553 Et
1031 4500 1356 4566 quicumque
1396 4495 1461 4550 ad
1508 4495 1675 4561 ipsam
1707 4507 1886 4545 casam
1918 4487 2010 4541 Dei

412 4609 500 4653 res
549 4610 738 4648 eorum
795 4593 923 4646 dare
975 4591 1280 4651 voluerint,
1336 4603 1401 4641 ex
1454 4595 1636 4639 nostra
1692 4581 2012 4636 auctoritate

413 4690 652 4744 habeant
685 4686 952 4741 licentiam
1004 4682 1253 4745 faciendi,
1291 4691 1344 4734 et
1391 4679 1492 4732 sub
1537 4675 1845 4732 emunitatis
1875 4671 2009 4725 tilu-

419 4779 532 4832 lum
563 4776 765 4845 absque
804 4774 909 4827 ulla
962 4773 1125 4826 fiscali
1179 4779 1440 4838 potestate
1487 4766 1649 4836 quieti
1702 4763 2012 4823 resideant;

422 4873 679 4943 quidquid
713 4872 875 4925 fiscus
902 4867 1342 4924 consuetudinem
1395 4864 1579 4916 habuit
1617 4856 1928 4928 recipiendi,
1964 4857 2014 4908 in

421 4965 779 5020 Inminarihus
813 4963 979 5032 ipsius
1019 4964 1075 5018 S.
1132 4959 1340 5013 Martini
1377 4958 1430 5013 in
1463 4965 1642 5009 nostra
1674 4953 2016 5018 eleemosyna

419 5063 486 5116 ad
541 5072 776 5128 prmsens
828 5057 1464 5119 intercisatcnmpntetnr
1512 5064 1633 5101 cum
1684 5048 1794 5111 ipsa
1826 5045 2017 5098 subse-

417 5153 638 5221 quentia
664 5143 702 5214 ;’
723 5160 830 5201 tam
859 5158 913 5201 et
959 5149 1071 5214 ipse
1101 5147 1265 5199 abbas
1295 5159 1452 5211 quam
1487 5155 1538 5193 et
1569 5151 1908 5192 successores
1935 5133 2017 5188 Sui

420 5256 608 5294 oninrs
651 5256 735 5293 res
786 5237 952 5305 ipsius
996 5238 1055 5291 S.
1111 5235 1320 5290 Martini
1350 5238 1450 5287 sub
1493 5233 1699 5298 integra
1730 5228 2018 5283 cmunitate

424 5331 810 5402 pcrpetualiter
864 5329 1093 5383 debeant
1144 5328 1340 5381 habere
1387 5336 1438 5378 et
1488 5324 1781 5392 possidere.
1849 5321 1913 5372 Et
1970 5317 2015 5371 si

420 5432 545 5477 ante
577 5421 710 5473 actis
755 5421 1086 5485 temporibus
1130 5434 1222 5486 per
1251 5418 1484 5484 aliquam
1529 5413 1901 5484 negligentiam
1938 5409 2018 5461 vel

422 5514 754 5580 tepidtatcm
785 5511 1060 5574 abbatum,
1091 5520 1175 5562 aut
1207 5508 1640 5580 prmsnmtionein
1665 5502 1922 5570 iudicum,
1954 5498 2021 5552 de

423 5607 536 5674 ipsa
562 5607 858 5660 emunitate
888 5587 1170 5672 quicquam
1221 5600 1508 5663 minutum,
1561 5600 1845 5664 irruptum,
1886 5587 2016 5645 cou-

497 5752 518 5775 “
557 5742 788 5797 Delenda
819 5742 931 5795 lucc
958 5738 1240 5793 invocatio.

2125 4495 2174 4537 ιιι
2208 4484 2321 4538 lure
2349 4488 2565 4540 donatio
2597 4499 2777 4541 noSIra
2806 4497 2858 4541 et
2884 4487 3055 4558 jussio
3088 4496 3197 4542 rata
3226 4495 3281 4540 et
3300 4487 3550 4540 inviolata
3583 4496 3689 4539 tent-

2118 4580 2335 4645 poribus
2366 4582 2638 4647 perpetuis
2669 4573 2979 4648 permaneat
3009 4596 3024 4645 ;
3078 4594 3176 4633 nec
3224 4581 3398 4632 locum
3431 4580 3575 4632 illum
3605 4594 3684 4630 an-

2117 4671 2247 4727 ferri
2279 4673 2525 4726 volumus
2574 4671 2640 4725 de
2694 4683 2957 4741 potestate
3010 4671 3182 4727 sancti
3234 4673 3473 4738 Martini,
3528 4671 3678 4727 sedut

2119 4763 2189 4816 ibi
2221 4762 2450 4832 pleniter
2497 4764 2597 4816 sub
2631 4767 2807 4834 regula
2856 4765 3024 4818 sancti
3076 4763 3349 4818 Benedicti
3406 4767 3582 4819 vivant
3606 4762 3682 4815 de-

2121 4865 2310 4922 gentes
2339 4855 2610 4921 monachi,
2643 4865 2697 4908 et
2748 4856 2975 4908 habeant
3017 4856 3407 4924 protectionem
3441 4864 3502 4910 et
3542 4853 3685 4908 subsi-

2121 4946 2266 4999 dium
2298 4946 2366 4998 ab
2392 4947 2678 4998 abbatibus
2712 4947 3019 5000 monasterii
3054 4945 3224 4999 sancti
3257 4945 3494 5000 Martini.
3535 4946 3582 5001 Si
3608 4947 3685 4996 hoc

2123 5045 2388 5100 nostrum,
2435 5037 2574 5105 quod
2627 5037 2786 5101 absit,
2836 5036 3116 5106 quisquam
3152 5038 3404 5091 abbatum
3455 5037 3684 5106 spreverit

2123 5143 2446 5200 praeceptum
2487 5133 2818 5199 temporibus
2867 5132 3113 5198 posreris,
3169 5130 3306 5183 sciat
3348 5145 3408 5184 se
3458 5131 3683 5184 rationein

2125 5223 2354 5278 reddere
2410 5223 2846 5292 pra-sumptiOnis
2903 5221 3020 5291 ejus
3076 5222 3304 5275 Domino
3356 5231 3544 5275 nostro
3585 5219 3682 5274 lcsu

2123 5313 2338 5367 Christo
2367 5312 2417 5366 in
2451 5313 2537 5365 die
2566 5315 2740 5382 magni
2792 5312 3054 5364 adventus
3083 5309 3181 5364 sui.
3234 5309 3299 5363 Et
3329 5308 3580 5365 similiter
3614 5305 3682 5375 qui

2124 5407 2323 5474 aliquid
2353 5406 2557 5458 minuet
2586 5406 2653 5459 de
2683 5407 2843 5458 rebus
2869 5419 2998 5473 quas
3029 5405 3193 5458 beata!
3229 5405 3508 5458 memoriae
3531 5400 3680 5457 lterius

2125 5499 2282 5563 abba,
2330 5499 2630 5567 acquisivit,
2683 5505 3028 5565 comparavit,
3082 5506 3174 5550 aut
3217 5497 3283 5550 de
3333 5490 3681 5550 rebus.sancti

2129 5590 2338 5646 Martini
2380 5606 2511 5659 quas
2559 5589 2802 5644 ecclesia:
2850 5587 3019 5642 sancti
3069 5585 3219 5642 I‘nnli
3271 5585 3510 5652 tradidit,
3563 5583 3626 5639 vel
3648 5577 3680 5633 si
