3856 6220
357 185 460 282 9.ιά

1261 211 1339 286 l"...
1369 203 1620 260 CAROH
1661 201 1874 257 MAGNI
1918 197 2071 254 Ol‘l‘.
2114 191 2291 251 PARS
2332 193 2373 248 l.
2418 190 2659 247 SECTIO
2701 189 2764 246 ll.

3604 169 3735 229 996

356 345 594 414 gitantes
627 334 1053 403 postulaverunt,
1088 339 1144 379 ut
1184 301 1430 378 Vilul‘ﬂllt
1465 321 1703 381 nomina,
1745 335 1806 374 ex
1840 317 1951 384 qui-
1985 318 2032 376 Α
2060 315 2282 370 decima:
2330 314 2571 385 partibus
2625 309 2952 381 prmscriptm
3007 306 3196 361 matris
3249 304 3519 362 ecclesia:
3546 342 3567 365 .
3654 300 3734 350 ab

363 408 656 485 lius—nonae
683 435 739 479 et
779 421 1002 478 decima:
1028 417 1091 472 ail
1123 415 1480 479 Sttt'rﬂtilt'lalﬂ
1522 408 1800 464 ecclesiam
1833 424 1953 477 per-

355 519 492 575 solvi
546 519 765 583 debent,
815 505 867 567 in
920 521 1117 566 nostrae
1163 508 1493 562 auctoritatis
1541 510 1808 572 praerepto
1857 518 1952 554 no-

359 613 606 668 minatim
665 606 896 662 adscribi
959 603 1406 674 pratcipissemus,
1466 614 1532 653 ne
1589 599 1768 656 aliquo
1817 595 1957 649 malo

360 705 598 774 ingenio,
630 695 984 768 aut'qualibet
1012 695 1337 761 calliditate,
1370 701 1460 742 ant
1503 692 1740 768 potentia
1783 687 1954 740 alicu-

358 796 449 866 jus
491 793 672 848 divitis
717 789 797 845 vel
844 787 1095 857 potentis,
1130 786 1212 838 liae
1243 783 1380 836 villa:
1415 781 1495 835 vel
1548 782 1629 832 lia:
1660 793 1748 834 res
1779 792 1808 829 a
1836 778 1953 845 jure

361 888 608 958 ejusdem
638 883 892 940 Ecclesiae
930 880 1176 934 alienata:
1223 874 1415 929 futuris
1464 874 1655 928 tierent
1707 880 1959 939 tempori-

360 982 484 1045 bus,
517 986 613 1032 aut
641 991 796 1032 nonat
831 973 914 1028 vel
945 971 1187 1031 decimae,
1222 967 1333 1022 sive
1360 979 1555 1020 census
1581 965 1658 1018 vel
1692 972 1958 1017 restaura-

357 1070 677 1140 tionesjam
703 1066 859 1119 dicta:
898 1061 1140 1117 ecclesia:
1171 1058 1360 1112 ablatae
1405 1055 1519 1109 ﬁeri
1552 1063 1787 1124 possent.
1817 1052 1959 1120 Quo-

358 1174 482 1214 rum
541 1155 950 1227 deprecationes
1008 1157 1228 1220 propter
1283 1160 1523 1200 amorem
1579 1144 1672 1198 Dei
1733 1141 1962 1195 libenter

289 1247 296 1256 ’
356 1251 677 1308 audivimus.
716 1255 779 1302 ct
832 1248 967 1300 sicut
1009 1242 1279 1310 deprecati
1312 1249 1458 1301 sunt,
1505 1236 1827 1295 monasteria
1878 1233 1958 1287 vel

356 1343 605 1405 cellulas,
637 1355 728 1392 seu
763 1338 908 1389 vii-is
945 1335 1025 1388 vel
1059 1335 1232 1395 villas,
1263 1345 1395 1399 quas
1442 1339 1626 1383 nostra
1679 1325 1961 1392 largitione

357 1448 421 1488 ex
467 1433 588 1501 jure
633 1431 864 1499 praeﬁxae
902 1426 1144 1482 ecclesia:
1193 1421 1601 1479 nostri'lideles
1652 1419 1852 1472 habere
1883 1417 1963 1470 tli-

362 1532 680 1583 nnscuntur,
711 1519 1024 1574 nominatim
1059 1519 1110 1570 in
1141 1515 1242 1569 hoc
1269 1522 1541 1584 praecepto
1571 1513 1810 1592 inserere
1839 1510 1959 1578 jus-

361 1617 552 1678 simus,
585 1625 639 1669 ut
675 1614 867 1672 futuris
905 1611 1234 1678 temporibus
1277 1606 1472 1677 injure
1511 1613 1562 1660 et
1593 1605 1960 1658 dominatione

2061 410 2263 463 eisdem
2295 408 2540 461 liilelilins
2571 405 2769 460 nostris
2801 403 3028 458 libenter
3063 411 3122 483 et
3170 401 3400 469 pleniter
3446 397 3732 468 persol-

2063 511 2275 564 v.iulur,
2317 507 2373 552 et
2401 497 2623 550 ardilicia
2658 495 2898 563 ejusdem
2931 492 3178 548 et'clesire
3214 493 3327 545 sive
3369 493 3726 544 domorum

2061 592 2125 645 ad
2158 606 2276 644 eam
2325 589 2459 643 infra
2493 588 2762 643 civitatem
2811 583 3190 654 pertinentium
3237 584 3306 639 ibi
3349 594 3722 645 restaurare

2063 682 2288 734 faciant.
2323 679 2464 732 ldest
2504 680 2571 732 de
2600 677 2723 730 villa
2755 675 2997 741 Taleida,
3029 676 3095 730 de
3127 676 3250 729 villa
3285 674 3602 738 Lucdouo,
3644 673 3725 725 de

2063 772 2184 825 vi'la
2230 771 2488 834 Baladon,
2521 770 2588 825 de
2635 769 2756 823 villa
2786 767 3136 834 Quebrolius,
3188 781 3308 835 quas
3342 763 3719 821 Nova-Villa

2067 851 2426 931 nuncupatur,
2455 861 2525 915 de
2560 861 2684 914 villa
2719 858 3000 922 Pradellis,
3023 857 3089 914 de
3116 857 3410 920 Morniaco,
3433 860 3512 914 de
3561 856 3717 910 villa

2061 955 2265 1022 Quillis,
2297 954 2364 1007 de
2393 953 2548 1008 tertia
2581 959 2732 1021 parte
2760 951 2827 1005 de
2853 950 2984 1004 cella
3010 951 3176 1006 sancti
3211 949 3418 1014 Almiri,
3450 961 3516 1005 el.
3583 959 3716 1003 ter-

2064 1049 2130 1100 tia
2164 1055 2313 1116 parte
2365 1044 2433 1099 de
2478 1045 2615 1100 cella
2658 1045 2825 1097 sancti
2868 1042 3076 1105 Ulfacii,
3121 1053 3174 1097 et
3205 1042 3359 1098 tertia
3401 1054 3578 1112 parte
3633 1041 3716 1095 de

2063 1137 2195 1190 cella
2222 1136 2391 1189 sancti
2423 1133 2662 1198 Ricmiri,
2686 1133 2753 1188 de
2784 1132 2906 1187 villa
2935 1131 3180 1197 Bonlido,
3207 1133 3274 1188 de
3303 1135 3547 1202 Angono
3567 1172 3588 1196 ,
3631 1131 3713 1186 de

2061 1225 2328 1280 Solemnis
2360 1223 2483 1279 villa
2536 1234 2588 1278 et
2618 1227 2754 1288 vic-t,
2803 1233 2857 1278 et
2885 1224 3018 1279 cella
3057 1224 3327 1289 Jurmi-ro,
3362 1227 3514 1281 etde
3558 1227 3709 1278 vilia

2065 1318 2335 1384 Apiliaco,
2368 1328 2421 1370 et
2459 1315 2525 1370 de
2561 1313 2778 1382 Alnido,
2815 1325 2869 1369 et
2919 1314 3172 1380 Daucitln,
3203 1317 3272 1370 de
3298 1316 3606 1372 Noviliaco
3647 1327 3707 1370 et

2064 1407 2382 1462 Farisnonia
2411 1416 2466 1461 et
2495 1405 2719 1476 Campo,
2767 1405 3017 1474 Sirigico,
3066 1406 3314 1472 Luciaco,
3364 1422 3418 1462 et
3457 1409 3697 1468 Monte,

2064 1513 2117 1557 ct
2171 1502 2236 1557 de
2282 1502 2527 1567 Comnis,
2591 1501 2724 1557 cella
2773 1500 2942 1557 sancti
2975 1500 3312 1570 Leodegarii,
3367 1505 3604 1571 Angort,
3645 1512 3705 1554 et

2070 1596 2268 1658 Bonlir,
2295 1596 2363 1650 de
2397 1597 2516 1649 vico
2546 1594 2761 1650 Gabron
2793 1608 2914 1648 cum
2944 1593 3059 1649 suis
3089 1594 3441 1664 appentliciis,
3472 1606 3536 1651 et
3576 1595 3692 1649 Ba-

362 1708 469 1778 iam
521 1706 681 1761 dictae
726 1698 980 1759 ecclesia:
1026 1717 1147 1756 cum
1201 1702 1347 1753 onmi
1404 1697 1706 1767 integritate
1759 1710 1961 1762 perma-
2000 1668 2040 1725 Β
2073 1689 2181 1742 lino
2225 1689 2346 1742 vico
2383 1687 2613 1756 publico,
2669 1697 2724 1740 et
2766 1685 2832 1741 de
2878 1686 3002 1740 villa
3035 1686 3324 1751 Viviriaco,
3357 1701 3410 1742 et
3444 1689 3512 1743 de
3549 1689 3695 1741 villa

364 1806 548 1860 neant,
593 1795 645 1850 id
673 1804 758 1851 est
789 1792 1171 1848 monasterium
1217 1789 1385 1844 sancti
1424 1789 1598 1852 Petri,
1632 1786 1772 1854 quod
1821 1786 1950 1838 lier~

364 1903 609 1946 tramnus
653 1889 940 1957 episcopus
969 1883 1276 1951 aediﬁcavit,
1327 1898 1468 1937 cuin-
1501 1880 1829 1935 monasterio
1876 1877 1958 1930 vel

366 1983 702 2055 synodocltio
730 1977 900 2036 sancti
929 1978 1137 2031 Martini
1172 1979 1220 2029 in
1258 1975 1567 2038 l’ontcleva,
1597 1982 1652 2026 et
1681 1978 1958 2024 monaste-

367 2077 504 2128 rium
549 2072 719 2128 saucti
757 2069 1000 2135 Victorii,
1033 2070 1083 2123 in
1126 2083 1230 2137 quo
1269 2068 1387 2135 ipse
1434 2065 1666 2118 domnus
1701 2063 1968 2116 Vielurius

369 2165 658 2235 requiescit
710 2165 763 2218 in
812 2175 1063 2230 corpore,
1112 2170 1166 2213 et
1211 2157 1596 2212 monasterium
1635 2164 1834 2209 sancite
1862 2152 1970 2206 illa-

373 2259 488 2322 ritr,
532 2255 674 2323 quod
717 2263 802 2310 est
839 2260 1208 2309 constructum
1241 2249 1377 2304 intra
1413 2263 1621 2302 murum
1663 2244 1892 2300 civitatis
1919 2253 1972 2297 et

369 2349 589 2404 ﬂuvium
646 2349 849 2412 Same,
907 2359 1029 2397 cum
1085 2340 1467 2396 monasterinlo
1519 2339 1689 2392 Sancti
1750 2335 1969 2390 Ricmit'i

369 2438 507 2493 ultra
538 2435 755 2492 ﬂmium
780 2439 950 2490 Sartte
981 2432 1046 2486 atl
1077 2447 1198 2487 eum
1234 2430 1568 2500 pertinente,
1599 2437 1653 2482 et
1701 2425 1972 2480 monaste-

371 2533 510 2585 rium
565 2537 764 2582 sancte
814 2525 1148 2589 Scnlasticaa,
1205 2534 1261 2584 et
1311 2520 1748 2575 mninisteriolnm
1797 2516 1968 2571 sancti

372 2602 621 2676 Germani
655 2621 790 2674 ultra
823 2597 1042 2670 iluvium
1091 2615 1292 2679 Sartze,
1333 2622 1384 2666 et
1418 2611 1859 2665 monasteriolum
1890 2608 1971 2661 vel

377 2695 771 2782 synoilocliium
803 2715 1007 2762 sancta:
1034 2706 1232 2769 Maria},
1265 2705 1315 2758 in
1338 2721 1443 2774 quo
1462 2704 1689 2758 donmus
1709 2701 1975 2756 Paduinus

375 2787 763 2871 requiescit'iu
805 2811 1065 2866 corpore;
1095 2805 1150 2852 et
1177 2794 1640 2850 monasteriolum
1683 2792 1849 2848 sancti
1881 2792 1973 2847 .lu-

374 2890 525 2954 liani,
559 2891 611 2944 in
642 2904 749 2961 quo
781 2890 895 2958 ipse
925 2885 1219 2958 requiescit
1250 2886 1300 2940 in
1333 2899 1595 2954 corpore;
1644 2892 1699 2938 et
1728 2883 1975 2939 cellulam

326 2998 336 3007 ’
374 2981 546 3036 sancti
571 2980 790 3036 Victorii
824 2978 958 3034 infra
985 2980 1286 3043 civitatem,
1318 2984 1373 3030 et
1395 2976 1779 3031 monasterium
1804 2974 1972 3028 sancti

377 3072 638 3137 Karilel'ii,
669 3071 722 3126 in
755 3067 860 3142 quo
889 3071 1004 3140 ipse
1035 3069 1266 3124 domnus
1294 3065 1582 3137 requiescit
1614 3065 1666 3120 in
1706 3080 1974 3133 corpore;

377 3175 430 3221 et
473 3165 857 3219 monasterium
887 3161 1056 3216 sancti
1087 3161 1323 3230 Georgii,
1357 3168 1413 3214 et
1443 3161 1828 3213 monasterium
1861 3157 1977 3212 Til-

380 3258 498 3325 lidi,
528 3267 583 3313 et
611 3256 995 3311 monasterium
1009 3255 1286 3319 Tussiaco,
1312 3262 1368 3308 et
1391 3255 1776 3327 monasterium
1805 3252 1976 3307 sancti

379 3349 640 3407 Johannis
669 3357 723 3404 et
747 3349 916 3402 sancti
946 3346 1160 3401 Trecliii
1195 3347 1246 3398 iu
1279 3344 1504 3408 lluxidn,
1537 3352 1592 3398 et
1622 3343 1983 3399 monasterio-

381 3444 491 3497 lum
537 3441 708 3496 sancti
757 3439 965 3495 Martini
1008 3439 1060 3493 in
1097 3437 1450 3501 Diablcntico,
1499 3444 1554 3490 et
1594 3436 1978 3491 monasterium

381 3546 581 3591 sanctae
605 3535 786 3590 Mari-.c
814 3535 864 3588 in
892 3533 1187 3594 Aurionuo,
1217 3541 1272 3585 et
1299 3529 1744 3584 monasteriolum
1776 3529 1985 3596 Buxidi,

384 3637 444 3684 et
474 3629 722 3684 cellulam
763 3625 1083 3682 Scuviliaco.
1132 3625 1256 3678 Ilico
1283 3623 1486 3691 omnia,
1516 3623 1660 3677 sicut
1702 3622 1989 3692 diligenter

385 3718 702 3790 inquisitum
733 3717 1012 3782 habemus,
1043 3730 1163 3771 cum
1194 3713 1445 3770 omnibus
1473 3715 1540 3769 ad
1581 3729 1641 3770 se
1673 3714 1988 3784 pertinenti-

388 3815 510 3877 bus,
542 3820 596 3868 ct
625 3813 675 3866 in
717 3811 931 3881 scriptis
977 3807 1304 3863 autbenticis
1352 3808 1522 3862 sancti
1557 3805 1803 3862 Cervasii
1835 3807 1990 3862 inve-

386 3907 585 3972 nimus,
619 3905 763 3973 juste
803 3910 859 3956 et
888 3900 1125 3969 lcgaliter
1157 3899 1443 3968 pertinent.
1490 3899 1564 3953 Ex
1610 3899 1807 3967 quibus
1851 3914 1992 3970 prte-

387 3995 656 4064 cipimus,
709 4003 764 4046 ut
821 3989 1198 4046 festivitatibus
1257 3989 1470 4044 illorum
1527 3999 1881 4056 sanctorum,
1937 3990 1990 4046 in

390 4102 620 4158 quorum
653 4085 930 4140 mettmtiis
965 4085 1077 4150 ipsa
1121 4082 1367 4138 cmnobia
1399 4083 1570 4136 dicata
1603 4096 1724 4137 esse
1756 4096 1991 4137 noscun-

394 4193 500 4246 tur,
535 4195 628 4247 per
657 4177 896 4246 singulos
925 4190 1094 4230 annos
1123 4174 1189 4231 ad
1221 4175 1492 4245 prmﬁxnm
1517 4185 1743 4229 matrem
1774 4183 1830 4229 et
1857 4175 1994 4228 civi-

394 4274 519 4327 tatis
553 4272 876 4337 Ecclesiam,
903 4284 1096 4323 census
1127 4268 1194 4322 ab
1224 4269 1372 4338 ipsis,
1404 4271 1494 4338 qui
1522 4269 1712 4329 eadem
1742 4267 1988 4323 ctenobia

2067 1781 2245 1849 Longa
2273 1795 2426 1849 aqua,
2462 1790 2515 1835 et
2548 1781 2614 1835 de
2645 1779 3022 1848 Campaniano,
3053 1790 3107 1834 et
3136 1780 3204 1835 de
3232 1778 3271 1835 C
3299 1781 3594 1847 nedralio,
3627 1792 3690 1836 et

2075 1873 2143 1927 de
2191 1871 2406 1926 Gencda
2451 1873 2582 1927 vicis
2614 1872 2860 1942 publicis,
2891 1882 2945 1926 et
2973 1873 3040 1926 de
3081 1873 3199 1926 vilia
3237 1872 3422 1940 Cliilis,
3456 1885 3510 1930 et
3543 1875 3698 1929 Tre-

2069 1965 2267 2028 dendo,
2302 1972 2356 2019 et
2387 1963 2659 2027 Vitlilcna,
2701 1961 2998 2028 Turniacu,
3046 1963 3303 2030 Cassano,
3336 1977 3390 2020 et
3430 1966 3644 2021 \‘iilarc
3669 2009 3687 2033 ,

2069 2069 2125 2113 et
2155 2058 2443 2122 Adilavite,
2476 2068 2532 2112 et
2567 2057 2745 2127 Vigra,
2793 2067 2849 2112 et
2896 2057 3187 2124 Foutanas,
3218 2070 3269 2113 et
3300 2059 3600 2125 Sanmuro,
3635 2072 3693 2113 et

2077 2151 2327 2217 Bralialo,
2357 2151 2616 2214 Felcarin,
2647 2150 3052 2214 Damno-1min,
3089 2161 3144 2205 et
3169 2161 3370 2219 partem
3393 2153 3459 2206 de
3483 2152 3688 2206 Fraxi-

2074 2246 2235 2311 ncdo,
2264 2255 2319 2300 et
2345 2246 2675 2312 Maundaria,
2708 2245 2983 2314 Drogieco,
3021 2242 3239 2308 Villare,
3265 2245 3334 2300 de
3368 2243 3567 2309 Verno,
3607 2249 3681 2300 de

2073 2337 2293 2404 Juricio,
2337 2347 2387 2392 et
2442 2336 2753 2401 Camiliaco,
2802 2339 2868 2389 de
2917 2334 3262 2403 Taxiuarias,
3311 2344 3369 2390 et
3411 2335 3677 2391 Coctiaco

2077 2428 2194 2484 vico
2221 2429 2452 2498 publico,
2487 2434 2542 2481 et
2569 2426 2690 2480 villa
2723 2425 3046 2488 Antoniaeo,
3077 2424 3143 2479 de
3173 2425 3301 2478 villa
3331 2424 3545 2487 Bonalfa
3571 2467 3589 2490 ,
3625 2440 3686 2481 et

2076 2523 2146 2577 de
2175 2521 2425 2576 omnibus
2458 2519 2618 2582 villis,
2661 2534 2778 2588 qua:
2823 2518 2887 2570 ad
2917 2517 3109 2572 cellam
3141 2516 3554 2571 sancti'Martini
3587 2518 3675 2570 in-

2079 2613 2158 2666 l‘ra
2200 2627 2408 2666 murum
2437 2611 2665 2666 civitatis
2699 2612 2983 2679 pertinent,
3028 2617 3083 2662 et
3119 2609 3389 2676 Caiigiaeo
3420 2608 3531 2662 \ico
3574 2625 3680 2674 pn-

2082 2704 2238 2770 blico,
2267 2715 2322 2760 et
2360 2705 2427 2758 de
2471 2704 2592 2757 vilia
2626 2701 2949 2767 Liinbriacn,
3005 2709 3058 2754 et
3093 2699 3389 2754 Verincella
3411 2738 3426 2765 ,
3457 2709 3508 2753 et
3543 2697 3682 2754 Ver.

2082 2801 2254 2863 niaco,
2287 2807 2342 2852 et
2368 2798 2434 2851 de
2458 2797 2573 2850 vico
2607 2795 2972 2860 llizibletitico,
3007 2801 3060 2848 et
3109 2793 3174 2847 tle
3216 2793 3352 2849 cella
3405 2793 3682 2856 Arciacus,

2083 2907 2134 2949 et
2161 2895 2229 2949 de
2269 2895 2390 2948 villa
2427 2892 2758 2958 Camariacn,
2799 2901 2853 2945 et
2890 2891 3157 2956 Civriaco,
3201 2899 3256 2944 et
3284 2888 3457 2954 Calla,
3485 2901 3536 2945 et
3565 2888 3676 2943 Co-

2086 2989 2341 3050 moriaco,
2373 2994 2427 3039 et
2457 2985 2524 3039 tle
2555 2985 2674 3038 villa
2719 2983 3031 3048 Andoliaco,
3067 2993 3120 3038 et
3150 2982 3216 3036 de
3248 2980 3370 3035 villa
3412 2980 3680 3044 Griviaco,

2086 3088 2143 3134 et
2171 3078 2506 3144 Martiniaco,
2539 3086 2592 3131 et
2632 3077 2928 3143 Linerolas,
2959 3085 3013 3130 et
3055 3075 3315 3143 Siseiaco,
3349 3083 3404 3129 et
3444 3074 3510 3129 de
3544 3074 3677 3128 cella

2091 3170 2488 3241 Domus-Regis
2540 3179 2596 3225 et
2637 3171 2705 3224 de
2753 3183 2888 3240 pago
2929 3168 3264 3232 Ardonense,
3316 3168 3368 3221 in
3416 3182 3522 3237 quo
3559 3178 3680 3221 sunt

2092 3273 2371 3318 manentes
2395 3261 2541 3318 mille
2566 3243 2735 3316 salicti
2764 3259 3028 3329 Gervasii,
3058 3269 3110 3313 et
3138 3259 3206 3314 de
3243 3257 3675 3323 Curte-Basanae,

2089 3367 2146 3414 et
2174 3358 2242 3413 de
2270 3356 2552 3422 Noviomo,
2597 3365 2653 3412 et
2697 3354 2996 3420 Scomiaco,
3045 3363 3095 3408 et
3139 3351 3449 3416 Camiliaeo,
3491 3361 3541 3407 et
3580 3350 3681 3406 Co-

2092 3447 2289 3512 rniaeo,
2339 3457 2394 3503 et
2440 3448 2657 3512 Lornia,
2699 3455 2753 3501 et
2800 3443 3099 3500 Novi-Vico
3138 3455 3192 3498 et
3229 3443 3515 3498 llostiliaco
3554 3443 3678 3498 vicis

2096 3539 2344 3609 publicis.
2393 3537 2522 3592 Haec
2563 3550 2742 3592 autem
2774 3535 2976 3602 omnia,
3001 3549 3120 3602 quae
3164 3533 3484 3587 nominatim
3524 3548 3676 3600 supra

2094 3634 2296 3688 inserta
2323 3641 2467 3696 sunt,
2501 3641 2555 3686 ut
2580 3630 2691 3700 jam
2735 3629 2937 3684 dictum
2980 3636 3084 3694 est,
3132 3628 3452 3684 enucleatim
3484 3636 3538 3683 et
3560 3627 3674 3682 dili-

2092 3731 2280 3794 genter
2309 3721 2684 3792 investigatum
2715 3719 2994 3785 habemus,
3024 3730 3077 3774 et
3109 3719 3160 3774 in
3187 3719 3508 3774 autlientieis
3539 3717 3678 3787 ejus-

2093 3815 2216 3870 dem
2247 3813 2491 3870 ecclesiae
2521 3811 2735 3880 scriptis
2765 3811 2895 3881 ipsis
2921 3810 3132 3866 clericis
3162 3812 3316 3865 nobis
3353 3811 3678 3865 ostendenti-

2106 3907 2206 3960 bus
2234 3905 2555 3973 reperimus,
2588 3906 2702 3958 sive
2747 3903 2880 3958 alias
2926 3901 3100 3967 villas,
3152 3917 3289 3972 quas
3320 3913 3536 3974 propter
3567 3916 3678 3971 pro-

2096 3996 2370 4063 lixitatem,
2398 3996 2478 4050 vel
2502 4007 2718 4064 propter
2743 3992 3097 4065 ignorantiam
3127 3986 3379 4048 villarum
3414 3995 3670 4049 nominum

2094 4089 2149 4144 in
2196 4089 2298 4142 lioe
2347 4097 2614 4156 praecepto
2657 4101 2764 4142 non
2817 4095 2943 4141 sunt
2989 4086 3225 4153 insertae,
3257 4085 3324 4139 ad
3354 4075 3674 4155 jamﬁictam

2097 4193 2278 4257 tamen
2307 4182 2591 4238 ecclesiam
2617 4179 2762 4250 juste
2802 4190 2856 4234 et
2899 4179 3141 4249 legaliter
3181 4179 3452 4248 pertinere
3500 4193 3678 4248 cogno-

2096 4283 2341 4330 scuntur.
2389 4273 2564 4340 Super
2592 4272 2785 4341 quibus
2815 4271 2910 4325 has
2939 4280 3149 4324 nostras
3177 4269 3512 4325 auctoritatis
3548 4269 3674 4324 litte-

393 4373 578 4420 nostro
630 4361 890 4417 beneﬁcio
937 4370 1144 4423 tenent,
1197 4357 1425 4414 libenter
1465 4359 1530 4413 ad
1560 4374 1694 4428 npns
1734 4359 1990 4428 episcopi,
2024 4391 2072 4451 υ
2102 4381 2189 4421 ras
2221 4365 2334 4420 lieri
2365 4364 2740 4431 decrevimus,
2791 4377 2886 4431 per
2925 4377 3056 4431 quas
3088 4369 3387 4417 statuentes
3415 4361 3669 4423 omnibus,

394 4458 481 4512 vel
527 4458 753 4509 fratrum
791 4453 868 4508 ibi
903 4452 1235 4519 degentium,
1286 4460 1340 4505 et
1381 4450 1447 4505 ad
1496 4451 1666 4520 ipsam
1706 4451 1992 4507 ecclesiam

396 4547 821 4613 restauraudam,
855 4556 912 4602 et
940 4559 1081 4601 nunc
1108 4553 1162 4600 et
1188 4545 1379 4599 futuris
1411 4545 1741 4614 temporibus
1788 4545 1998 4613 persol-

395 4653 588 4696 vantur
614 4657 628 4694 :
661 4651 715 4694 et
745 4641 967 4694 refectio
1003 4637 1282 4692 canonicis
1313 4648 1512 4691 sancta:
1541 4637 1720 4692 Maria:
1744 4647 1800 4691 et
1827 4638 1994 4692 sancti

396 4735 640 4792 Gervasii
665 4724 968 4802 optima‘ab
1009 4731 1200 4786 eodem
1229 4730 1442 4795 abbate,
1484 4730 1576 4799 qui
1616 4729 1787 4799 ipsum
1813 4744 1996 4785 C(Bllll-

397 4830 543 4886 bium
595 4837 722 4880 tunc
779 4823 1044 4894 temporis
1098 4823 1298 4877 habere
1347 4808 1576 4886 videtur,
1631 4821 1682 4876 in
1741 4823 1994 4892 praedicta

401 4925 694 4979 festivitate
741 4920 927 4976 libenti
979 4920 1159 4973 animo
1192 4919 1301 4983 liat,
1343 4919 1388 4971 si
1434 4928 1670 4972 nostram
1693 4919 1916 4987 gratiam
1947 4927 1999 4971 et

401 5019 514 5087 ipsa
553 5015 809 5070 beuelicia
845 5010 1045 5065 habere
1076 5011 1310 5063 voluerit
1344 5025 1356 5060 :
1392 5017 1449 5061 ut
1491 5007 1647 5063 nobis
1685 5025 1778 5062 seu
1811 5007 1999 5062 deces-

400 5111 635 5175 soribus,
670 5108 752 5162 vel
798 5103 1306 5175 primogenitoribus
1350 5104 1549 5157 nostris
1602 5109 1824 5171 pr0pter
1855 5101 2001 5154 abla-

405 5205 579 5259 tiones
625 5200 707 5254 vel
761 5199 1174 5254 minorationem
1222 5197 1411 5250 barum
1471 5211 1650 5252 rerum
1703 5196 1813 5264 jam
1847 5194 2004 5250 dieue

407 5297 650 5354 ecclesia:
693 5291 908 5362 aliquod
951 5291 1336 5346 detrimentum
1378 5299 1472 5342 aut
1516 5290 1811 5358 periculum
1856 5291 2002 5359 regni

411 5408 517 5447 non
545 5388 858 5449 adcrescat;
891 5385 984 5439 sed
1019 5385 1343 5453 perennibus
1380 5384 1714 5455 temporibus
1752 5382 1851 5438 sub
1885 5383 2008 5454 jure

411 5482 656 5537 ecclesia:
687 5473 1054 5545 perinanean‘l.
1085 5475 1163 5530 De
1185 5476 1315 5530 vicis
1348 5491 1477 5531 vero
1514 5475 1744 5546 publicis
1782 5478 1862 5530 vel
1909 5475 2008 5530 vil-

415 5575 536 5626 lniis
575 5572 684 5642 jam
717 5571 875 5622 dictae
904 5567 1170 5629 ecclesizc,
1218 5582 1353 5637 quas
1394 5547 1587 5622 ﬁdeles
1627 5569 1795 5623 nostri
1829 5578 2010 5624 nostra

410 5663 688 5730 largitione
721 5660 945 5727 habent,
986 5652 1211 5716 omnino
1252 5659 1620 5731 prtecipimus,
1663 5668 1720 5713 ut
1759 5668 1917 5716 neua:
1955 5671 2007 5717 ct

2102 4460 2191 4529 qni
2237 4459 2291 4512 in
2335 4455 2585 4526 praesenti
2617 4464 2854 4523 tempore
2900 4462 2990 4507 aut
3034 4452 3222 4507 futuris
3267 4453 3672 4522 temporibus-ex

2101 4563 2414 4611 memoratae
2441 4553 2626 4606 matris
2671 4551 2916 4606 ecclesia:
2962 4551 3124 4605 rebus
3169 4550 3426 4606 beneﬁcia
3470 4549 3677 4607 assecuti

2106 4658 2250 4713 sunt,
2287 4657 2377 4700 aut
2407 4644 2628 4729 adsequi
2669 4645 2956 4713 potuerint,
2998 4643 3365 4713 prmcipimus,
3399 4652 3458 4698 ut
3486 4644 3550 4699 de
3574 4660 3675 4698 orn-

2103 4739 2262 4794 nibus
2299 4735 2830 4791 cnnlaboratinnibus
2877 4743 3034 4790 terra:
3081 4745 3188 4789 tam
3241 4735 3394 4799 fesci,
3447 4751 3594 4806 quam
3631 4742 3677 4790 et

2103 4846 2329 4885 annona:
2355 4828 2595 4884 omnium
2627 4843 2916 4898 generum,
2969 4838 3075 4884 tam
3106 4827 3174 4883 de
3215 4842 3312 4884 sua
3343 4829 3668 4894 dominicata,

2103 4939 2266 4996 quam
2287 4934 2341 4978 et
2362 4923 2432 4978 de
2454 4925 2781 4976 vassalnrum
2813 4936 3054 4986 suorum,
3084 4923 3152 4978 de
3177 4922 3452 4979 vinericiis
3483 4938 3671 4995 quoque

2104 5026 2160 5070 et
2193 5016 2510 5084 perdonato,
2539 5013 2607 5068 de
2631 4999 2966 5084 pastionibus
2995 5023 3050 5069 et
3081 5015 3394 5084 pascuariis,
3421 5015 3489 5071 de
3514 5017 3674 5071 herba-

2108 5109 2229 5166 ticis
2275 5119 2332 5163 et
2381 5109 2561 5178 pullis,
2608 5109 2675 5164 de
2718 5109 3102 5178 piscationibus
3150 5118 3205 5164 et
3236 5109 3608 5180 pastionaticis,
3634 5108 3674 5162 id

2106 5211 2190 5256 est
2231 5200 2299 5256 de
2343 5199 2690 5270 glandilicis,
2741 5201 2810 5255 de
2850 5201 3011 5257 melle
3048 5211 3103 5258 et
3148 5201 3674 5265 eonlaborationibus,

2106 5304 2228 5360 qua
2275 5289 2330 5345 in
2370 5289 2542 5346 bortis
2585 5293 2719 5345 liunt
2761 5291 2829 5347 de
2874 5293 3254 5350 nutrimiuibus
3285 5294 3608 5364 animalium,
3634 5302 3676 5347 et

2108 5388 2278 5441 caseis
2321 5384 2410 5454 qui
2451 5383 2604 5449 ﬁunt,
2655 5384 2723 5440 de
2769 5387 3080 5442 vaccariciis
3127 5387 3495 5454 dominicalis,
3537 5401 3593 5442 ac
3623 5385 3674 5440 de

2109 5482 2360 5537 omnibus
2388 5480 2851 5550 reditibitionibus,
2893 5498 3012 5552 qua:
3044 5483 3112 5538 ab
3149 5482 3457 5539 hominibus
3505 5496 3676 5538 memoo

2114 5586 2242 5630 ratm
2267 5575 2455 5630 matris
2486 5575 2729 5630 ecclesiae
2759 5577 3112 5647 recipiuntur,
3143 5586 3368 5649 excepto
3392 5578 3674 5639 liosulense.

2115 5669 2165 5725 id
2196 5681 2278 5746 est
2308 5669 2376 5726 de
2408 5668 2598 5740 bobus,
2621 5679 2675 5725 et
2704 5671 2952 5742 conjecto
2982 5671 3048 5727 ad
3082 5685 3264 5728 carros
3292 5669 3676 5728 construendos.
