  <div class='ocr_page' id='page_1' title='image "/cluster/home/n/w/nwhite01/storage/ocr_20150623/97/uva.x000827070/490.png"; bbox 0 0 3856 6220; ppageno 0'>
   <div class='ocr_carea' id='block_1_1' title="bbox 181 251 302 304">
    <p class='ocr_par' dir='ltr' id='par_1_1' title="bbox 181 251 302 304">
     <span class='ocr_line' id='line_1_1' title="bbox 181 251 302 304; baseline 0 0"><span class='ocrx_word' id='word_1_1' title='bbox 181 251 302 304; x_wconf 65' lang='grc' dir='ltr'><strong>θ’ςἹ</strong></span> 
     </span>
    </p>
   </div>
   <div class='ocr_carea' id='block_1_2' title="bbox 510 205 3136 302">
    <p class='ocr_par' dir='ltr' id='par_1_2' title="bbox 510 205 3136 302">
     <span class='ocr_line' id='line_1_2' title="bbox 510 205 3136 302; baseline -0.001 -1"><span class='ocrx_word' id='word_1_2' title='bbox 510 246 733 302; x_wconf 67' lang='lat' dir='ltr'><strong>consx</strong></span> <span class='ocrx_word' id='word_1_3' title='bbox 779 205 1301 301; x_wconf 40' lang='lat' dir='ltr'><strong>ntt&#39;tioitartccs.</strong></span> <span class='ocrx_word' id='word_1_4' title='bbox 1345 242 1843 300; x_wconf 69' lang='lat' dir='ltr'><strong>Pnl\&#39;lLl£Gl.\.-</strong></span> <span class='ocrx_word' id='word_1_5' title='bbox 1878 241 1939 294; x_wconf 93' lang='grc' dir='ltr'>ιι.</span> <span class='ocrx_word' id='word_1_6' title='bbox 1985 241 2231 296; x_wconf 52' lang='grc' dir='ltr'>ριιινιιλ.</span> <span class='ocrx_word' id='word_1_7' title='bbox 2275 269 2335 281; x_wconf 91' lang='grc'><strong>-</strong></span> <span class='ocrx_word' id='word_1_8' title='bbox 2376 241 2505 295; x_wconf 75' lang='lat' dir='ltr'><strong>man</strong></span> <span class='ocrx_word' id='word_1_9' title='bbox 2549 240 2818 297; x_wconf 71' lang='lat' dir='ltr'><strong>mares</strong></span> <span class='ocrx_word' id='word_1_10' title='bbox 2859 240 3136 299; x_wconf 52' lang='grc' dir='ltr'><strong>ιτΑιλιίε.</strong></span> 
     </span>
    </p>
   </div>
   <div class='ocr_carea' id='block_1_3' title="bbox 3373 241 3478 299">
    <p class='ocr_par' dir='ltr' id='par_1_3' title="bbox 3373 241 3478 299">
     <span class='ocr_line' id='line_1_3' title="bbox 3373 241 3478 299; baseline -0.01 -1"><span class='ocrx_word' id='word_1_11' title='bbox 3373 241 3478 299; x_wconf 67' lang='lat'><strong>993</strong></span> 
     </span>
    </p>
   </div>
   <div class='ocr_carea' id='block_1_4' title="bbox 181 351 3474 421">
    <p class='ocr_par' dir='ltr' id='par_1_4' title="bbox 181 351 3474 421">
     <span class='ocr_line' id='line_1_4' title="bbox 181 351 3474 421; baseline 0.004 -21"><span class='ocrx_word' id='word_1_12' title='bbox 181 359 270 412; x_wconf 68' lang='lat' dir='ltr'><strong>lic</strong></span> <span class='ocrx_word' id='word_1_13' title='bbox 303 361 376 411; x_wconf 73' lang='lat' dir='ltr'><strong>his</strong></span> <span class='ocrx_word' id='word_1_14' title='bbox 403 365 574 410; x_wconf 64' lang='grc' dir='ltr'>ιιιιρηι</span> <span class='ocrx_word' id='word_1_15' title='bbox 606 355 853 409; x_wconf 82' lang='lat' dir='ltr'><strong>oumilms</strong></span> <span class='ocrx_word' id='word_1_16' title='bbox 881 354 1238 421; x_wconf 76' lang='lat' dir='ltr'><strong>prrecipimus,</strong></span> <span class='ocrx_word' id='word_1_17' title='bbox 1270 365 1324 407; x_wconf 94' lang='lat' dir='ltr'><strong>ut</strong></span> <span class='ocrx_word' id='word_1_18' title='bbox 1351 367 1570 406; x_wconf 83' lang='lat' dir='ltr'><strong>censum</strong></span> <span class='ocrx_word' id='word_1_19' title='bbox 1602 353 1772 419; x_wconf 88' lang='lat' dir='ltr'><strong>legiti-</strong></span> <span class='ocrx_word' id='word_1_20' title='bbox 1804 356 1849 410; x_wconf 81' lang='grc' dir='ltr'>Α</span> <span class='ocrx_word' id='word_1_21' title='bbox 1881 362 1936 404; x_wconf 89' lang='lat' dir='ltr'><strong>et</strong></span> <span class='ocrx_word' id='word_1_22' title='bbox 1988 351 2479 417; x_wconf 45' lang='lat' dir='ltr'><strong>Langobardorum.</strong></span> <span class='ocrx_word' id='word_1_23' title='bbox 2515 353 2678 420; x_wconf 78' lang='lat' dir='ltr'><strong>Regni</strong></span> <span class='ocrx_word' id='word_1_24' title='bbox 2713 357 2880 408; x_wconf 93' lang='lat' dir='ltr'><strong>nostri</strong></span> <span class='ocrx_word' id='word_1_25' title='bbox 2915 354 3146 411; x_wconf 83' lang='lat' dir='ltr'><strong>honores</strong></span> <span class='ocrx_word' id='word_1_26' title='bbox 3171 358 3474 417; x_wconf 81' lang='lat' dir='ltr'><strong>credimus.</strong></span> 
     </span>
    </p>
   </div>
   <div class='ocr_carea' id='block_1_5' title="bbox 175 446 1772 514">
    <p class='ocr_par' dir='ltr' id='par_1_5' title="bbox 175 446 1772 514">
     <span class='ocr_line' id='line_1_5' title="bbox 175 446 1772 514; baseline -0.004 -12"><span class='ocrx_word' id='word_1_27' title='bbox 175 465 338 504; x_wconf 80' lang='lat' dir='ltr'><strong>llIlIﬂI</strong></span> <span class='ocrx_word' id='word_1_28' title='bbox 381 457 433 503; x_wconf 90' lang='lat' dir='ltr'><strong>et</strong></span> <span class='ocrx_word' id='word_1_29' title='bbox 479 463 644 501; x_wconf 88' lang='lat' dir='ltr'><strong>nonas</strong></span> <span class='ocrx_word' id='word_1_30' title='bbox 695 457 747 500; x_wconf 94' lang='lat' dir='ltr'><strong>et</strong></span> <span class='ocrx_word' id='word_1_31' title='bbox 797 447 1034 501; x_wconf 83' lang='lat' dir='ltr'><strong>decimas</strong></span> <span class='ocrx_word' id='word_1_32' title='bbox 1079 450 1234 501; x_wconf 87' lang='lat' dir='ltr'><strong>annis</strong></span> <span class='ocrx_word' id='word_1_33' title='bbox 1279 447 1500 514; x_wconf 76' lang='lat' dir='ltr'><strong>singulis</strong></span> <span class='ocrx_word' id='word_1_34' title='bbox 1536 446 1772 512; x_wconf 90' lang='lat' dir='ltr'><strong>partibus</strong></span> 
     </span>
    </p>
   </div>
   <div class='ocr_carea' id='block_1_6' title="bbox 177 533 1770 607">
    <p class='ocr_par' dir='ltr' id='par_1_6' title="bbox 177 533 1770 607">
     <span class='ocr_line' id='line_1_6' title="bbox 177 533 1770 607; baseline -0.002 -19"><span class='ocrx_word' id='word_1_35' title='bbox 177 537 509 607; x_wconf 70' lang='lat' dir='ltr'><strong>pra-scriptae</strong></span> <span class='ocrx_word' id='word_1_36' title='bbox 534 538 722 590; x_wconf 89' lang='lat' dir='ltr'><strong>matris</strong></span> <span class='ocrx_word' id='word_1_37' title='bbox 749 538 990 591; x_wconf 54' lang='lat' dir='ltr'><strong>ecclesiae</strong></span> <span class='ocrx_word' id='word_1_38' title='bbox 1020 538 1223 604; x_wconf 79' lang='lat' dir='ltr'><strong>absque</strong></span> <span class='ocrx_word' id='word_1_39' title='bbox 1247 538 1347 588; x_wconf 89' lang='lat' dir='ltr'><strong>ulla</strong></span> <span class='ocrx_word' id='word_1_40' title='bbox 1381 538 1664 588; x_wconf 79' lang='lat' dir='ltr'><strong>rnaritione</strong></span> <span class='ocrx_word' id='word_1_41' title='bbox 1690 533 1770 586; x_wconf 79' lang='lat' dir='ltr'><strong>vel</strong></span> 
     </span>
    </p>
   </div>
   <div class='ocr_carea' id='block_1_7' title="bbox 177 629 1769 698">
    <p class='ocr_par' dir='ltr' id='par_1_7' title="bbox 177 629 1769 698">
     <span class='ocr_line' id='line_1_7' title="bbox 177 629 1769 698; baseline -0.002 -15"><span class='ocrx_word' id='word_1_42' title='bbox 177 630 440 683; x_wconf 88' lang='lat' dir='ltr'><strong>dilatione</strong></span> <span class='ocrx_word' id='word_1_43' title='bbox 471 629 716 694; x_wconf 77' lang='lat' dir='ltr'><strong>reddere,</strong></span> <span class='ocrx_word' id='word_1_44' title='bbox 763 637 856 683; x_wconf 89' lang='lat' dir='ltr'><strong>aut</strong></span> <span class='ocrx_word' id='word_1_45' title='bbox 905 630 1260 683; x_wconf 88' lang='lat' dir='ltr'><strong>minoratione</strong></span> <span class='ocrx_word' id='word_1_46' title='bbox 1307 631 1534 698; x_wconf 88' lang='lat' dir='ltr'><strong>pleniter</strong></span> <span class='ocrx_word' id='word_1_47' title='bbox 1567 629 1769 697; x_wconf 83' lang='lat' dir='ltr'><strong>petsol-</strong></span> 
     </span>
    </p>
   </div>
   <div class='ocr_carea' id='block_1_8' title="bbox 179 721 1770 791">
    <p class='ocr_par' dir='ltr' id='par_1_8' title="bbox 179 721 1770 791">
     <span class='ocr_line' id='line_1_8' title="bbox 179 721 1770 791; baseline -0.002 -15"><span class='ocrx_word' id='word_1_48' title='bbox 179 739 316 779; x_wconf 82' lang='lat' dir='ltr'><strong>vere</strong></span> <span class='ocrx_word' id='word_1_49' title='bbox 348 723 559 776; x_wconf 85' lang='lat' dir='ltr'><strong>faciant.</strong></span> <span class='ocrx_word' id='word_1_50' title='bbox 592 721 815 791; x_wconf 90' lang='lat' dir='ltr'><strong>Insuper</strong></span> <span class='ocrx_word' id='word_1_51' title='bbox 853 724 1272 778; x_wconf 87' lang='lat' dir='ltr'><strong>restaurationes</strong></span> <span class='ocrx_word' id='word_1_52' title='bbox 1308 732 1412 775; x_wconf 87' lang='lat' dir='ltr'><strong>tam</strong></span> <span class='ocrx_word' id='word_1_53' title='bbox 1466 724 1516 776; x_wconf 92' lang='lat' dir='ltr'><strong>in</strong></span> <span class='ocrx_word' id='word_1_54' title='bbox 1551 721 1770 791; x_wconf 70' lang='lat' dir='ltr'><strong>praefixa</strong></span> 
     </span>
    </p>
   </div>
   <div class='ocr_carea' id='block_1_9' title="bbox 180 814 1768 885">
    <p class='ocr_par' dir='ltr' id='par_1_9' title="bbox 180 814 1768 885">
     <span class='ocr_line' id='line_1_9' title="bbox 180 814 1768 885; baseline -0.005 -13"><span class='ocrx_word' id='word_1_55' title='bbox 180 815 435 882; x_wconf 82' lang='lat' dir='ltr'><strong>ecclesia,</strong></span> <span class='ocrx_word' id='word_1_56' title='bbox 467 831 624 885; x_wconf 88' lang='lat' dir='ltr'><strong>quam</strong></span> <span class='ocrx_word' id='word_1_57' title='bbox 666 815 913 870; x_wconf 88' lang='lat' dir='ltr'><strong>domibus</strong></span> <span class='ocrx_word' id='word_1_58' title='bbox 941 815 1098 885; x_wconf 81' lang='lat' dir='ltr'><strong>juxta</strong></span> <span class='ocrx_word' id='word_1_59' title='bbox 1133 829 1248 868; x_wconf 85' lang='lat' dir='ltr'><strong>eam</strong></span> <span class='ocrx_word' id='word_1_60' title='bbox 1290 814 1678 883; x_wconf 88' lang='lat' dir='ltr'><strong>adjacentibus,</strong></span> <span class='ocrx_word' id='word_1_61' title='bbox 1716 814 1768 866; x_wconf 92' lang='lat' dir='ltr'><strong>in</strong></span> 
     </span>
    </p>
   </div>
   <div class='ocr_carea' id='block_1_10' title="bbox 177 905 1771 977">
    <p class='ocr_par' dir='ltr' id='par_1_10' title="bbox 177 905 1771 977">
     <span class='ocr_line' id='line_1_10' title="bbox 177 905 1771 977; baseline -0.001 -16"><span class='ocrx_word' id='word_1_62' title='bbox 177 905 541 977; x_wconf 86' lang='lat' dir='ltr'><strong>teguminibus</strong></span> <span class='ocrx_word' id='word_1_63' title='bbox 583 915 636 960; x_wconf 91' lang='lat' dir='ltr'><strong>et</strong></span> <span class='ocrx_word' id='word_1_64' title='bbox 669 905 1149 961; x_wconf 81' lang='lat' dir='ltr'><strong>restaurationibus</strong></span> <span class='ocrx_word' id='word_1_65' title='bbox 1182 921 1277 976; x_wconf 91' lang='lat' dir='ltr'><strong>pro</strong></span> <span class='ocrx_word' id='word_1_66' title='bbox 1309 907 1659 973; x_wconf 80' lang='lat' dir='ltr'><strong>possibilitate</strong></span> <span class='ocrx_word' id='word_1_67' title='bbox 1687 921 1771 960; x_wconf 84' lang='lat' dir='ltr'><strong>re-</strong></span> 
     </span>
    </p>
   </div>
   <div class='ocr_carea' id='block_1_11' title="bbox 175 999 1770 1068">
    <p class='ocr_par' dir='ltr' id='par_1_11' title="bbox 175 999 1770 1068">
     <span class='ocr_line' id='line_1_11' title="bbox 175 999 1770 1068; baseline 0.001 -16"><span class='ocrx_word' id='word_1_68' title='bbox 175 1015 335 1064; x_wconf 89' lang='lat' dir='ltr'><strong>rum,</strong></span> <span class='ocrx_word' id='word_1_69' title='bbox 364 1013 492 1068; x_wconf 86' lang='lat' dir='ltr'><strong>quas</strong></span> <span class='ocrx_word' id='word_1_70' title='bbox 533 999 584 1051; x_wconf 94' lang='lat' dir='ltr'><strong>in</strong></span> <span class='ocrx_word' id='word_1_71' title='bbox 632 999 948 1053; x_wconf 89' lang='lat' dir='ltr'><strong>beneliciom</strong></span> <span class='ocrx_word' id='word_1_72' title='bbox 997 999 1192 1053; x_wconf 81' lang='lat' dir='ltr'><strong>exinde</strong></span> <span class='ocrx_word' id='word_1_73' title='bbox 1240 1000 1546 1065; x_wconf 89' lang='lat' dir='ltr'><strong>possident,</strong></span> <span class='ocrx_word' id='word_1_74' title='bbox 1597 1001 1770 1054; x_wconf 78' lang='lat' dir='ltr'><strong>facere</strong></span> 
     </span>
    </p>
   </div>
   <div class='ocr_carea' id='block_1_12' title="bbox 174 1089 1766 1160">
    <p class='ocr_par' dir='ltr' id='par_1_12' title="bbox 174 1089 1766 1160">
     <span class='ocr_line' id='line_1_12' title="bbox 174 1089 1766 1160; baseline -0.001 -15"><span class='ocrx_word' id='word_1_75' title='bbox 174 1107 290 1145; x_wconf 86' lang='lat' dir='ltr'><strong>non</strong></span> <span class='ocrx_word' id='word_1_76' title='bbox 320 1089 598 1160; x_wconf 85' lang='lat' dir='ltr'><strong>negligant,</strong></span> <span class='ocrx_word' id='word_1_77' title='bbox 635 1091 678 1144; x_wconf 91' lang='lat' dir='ltr'><strong>si</strong></span> <span class='ocrx_word' id='word_1_78' title='bbox 723 1091 946 1158; x_wconf 77' lang='lat' dir='ltr'><strong>gratiam</strong></span> <span class='ocrx_word' id='word_1_79' title='bbox 993 1101 1228 1145; x_wconf 83' lang='lat' dir='ltr'><strong>nostram</strong></span> <span class='ocrx_word' id='word_1_80' title='bbox 1266 1103 1320 1146; x_wconf 91' lang='lat' dir='ltr'><strong>et</strong></span> <span class='ocrx_word' id='word_1_81' title='bbox 1347 1093 1531 1146; x_wconf 86' lang='lat' dir='ltr'><strong>eadem</strong></span> <span class='ocrx_word' id='word_1_82' title='bbox 1565 1092 1766 1146; x_wconf 80' lang='lat' dir='ltr'><strong>beneli-</strong></span> 
     </span>
    </p>
   </div>
   <div class='ocr_carea' id='block_1_13' title="bbox 171 1182 1764 1252">
    <p class='ocr_par' dir='ltr' id='par_1_13' title="bbox 171 1182 1764 1252">
     <span class='ocr_line' id='line_1_13' title="bbox 171 1182 1764 1252; baseline 0 -16"><span class='ocrx_word' id='word_1_83' title='bbox 171 1184 263 1237; x_wconf 84' lang='lat' dir='ltr'><strong>cia</strong></span> <span class='ocrx_word' id='word_1_84' title='bbox 311 1182 666 1251; x_wconf 85' lang='lat' dir='ltr'><strong>unusquisque</strong></span> <span class='ocrx_word' id='word_1_85' title='bbox 717 1183 914 1237; x_wconf 88' lang='lat' dir='ltr'><strong>habere</strong></span> <span class='ocrx_word' id='word_1_86' title='bbox 968 1183 1219 1236; x_wconf 88' lang='lat' dir='ltr'><strong>voluerit.</strong></span> <span class='ocrx_word' id='word_1_87' title='bbox 1266 1184 1586 1252; x_wconf 66' lang='lat' dir='ltr'><strong>I‘rmscripta</strong></span> <span class='ocrx_word' id='word_1_88' title='bbox 1636 1198 1764 1236; x_wconf 68' lang='lat' dir='ltr'><strong>vero</strong></span> 
     </span>
    </p>
   </div>
   <div class='ocr_carea' id='block_1_14' title="bbox 175 1271 1765 1342">
    <p class='ocr_par' dir='ltr' id='par_1_14' title="bbox 175 1271 1765 1342">
     <span class='ocr_line' id='line_1_14' title="bbox 175 1271 1765 1342; baseline -0.002 -16"><span class='ocrx_word' id='word_1_89' title='bbox 175 1275 434 1328; x_wconf 86' lang='lat' dir='ltr'><strong>benelicia</strong></span> <span class='ocrx_word' id='word_1_90' title='bbox 469 1273 590 1325; x_wconf 85' lang='lat' dir='ltr'><strong>volo</strong></span> <span class='ocrx_word' id='word_1_91' title='bbox 621 1282 678 1326; x_wconf 94' lang='lat' dir='ltr'><strong>ut</strong></span> <span class='ocrx_word' id='word_1_92' title='bbox 709 1271 889 1326; x_wconf 82' lang='lat' dir='ltr'><strong>fideles</strong></span> <span class='ocrx_word' id='word_1_93' title='bbox 931 1272 1100 1326; x_wconf 91' lang='lat' dir='ltr'><strong>nostri</strong></span> <span class='ocrx_word' id='word_1_94' title='bbox 1148 1273 1248 1328; x_wconf 88' lang='lat' dir='ltr'><strong>sub</strong></span> <span class='ocrx_word' id='word_1_95' title='bbox 1297 1275 1552 1342; x_wconf 69' lang='lat' dir='ltr'><strong>prtedicto</strong></span> <span class='ocrx_word' id='word_1_96' title='bbox 1599 1287 1765 1328; x_wconf 79' lang='lat' dir='ltr'><strong>censu</strong></span> 
     </span>
    </p>
   </div>
   <div class='ocr_carea' id='block_1_15' title="bbox 170 1365 1767 1435">
    <p class='ocr_par' dir='ltr' id='par_1_15' title="bbox 170 1365 1767 1435">
     <span class='ocr_line' id='line_1_15' title="bbox 170 1365 1767 1435; baseline -0.001 -17"><span class='ocrx_word' id='word_1_97' title='bbox 170 1381 303 1418; x_wconf 88' lang='lat' dir='ltr'><strong>cum</strong></span> <span class='ocrx_word' id='word_1_98' title='bbox 332 1381 590 1419; x_wconf 89' lang='lat' dir='ltr'><strong>consensu</strong></span> <span class='ocrx_word' id='word_1_99' title='bbox 621 1375 675 1418; x_wconf 88' lang='lat' dir='ltr'><strong>et</strong></span> <span class='ocrx_word' id='word_1_100' title='bbox 704 1365 1072 1420; x_wconf 66' lang='lat' dir='ltr'><strong>benevolentia</strong></span> <span class='ocrx_word' id='word_1_101' title='bbox 1100 1365 1340 1434; x_wconf 81' lang='lat' dir='ltr'><strong>ejusdem</strong></span> <span class='ocrx_word' id='word_1_102' title='bbox 1373 1368 1616 1420; x_wconf 78' lang='lat' dir='ltr'><strong>ecclesia:</strong></span> <span class='ocrx_word' id='word_1_103' title='bbox 1647 1367 1767 1435; x_wconf 82' lang='lat' dir='ltr'><strong>epi-</strong></span> 
     </span>
    </p>
   </div>
   <div class='ocr_carea' id='block_1_16' title="bbox 171 1456 1765 1526">
    <p class='ocr_par' dir='ltr' id='par_1_16' title="bbox 171 1456 1765 1526">
     <span class='ocr_line' id='line_1_16' title="bbox 171 1456 1765 1526; baseline 0 -16"><span class='ocrx_word' id='word_1_104' title='bbox 171 1460 325 1525; x_wconf 83' lang='lat' dir='ltr'><strong>scopi</strong></span> <span class='ocrx_word' id='word_1_105' title='bbox 357 1466 592 1520; x_wconf 85' lang='lat' dir='ltr'><strong>teneant,</strong></span> <span class='ocrx_word' id='word_1_106' title='bbox 625 1471 795 1526; x_wconf 88' lang='lat' dir='ltr'><strong>usque</strong></span> <span class='ocrx_word' id='word_1_107' title='bbox 824 1456 948 1510; x_wconf 89' lang='lat' dir='ltr'><strong>dum</strong></span> <span class='ocrx_word' id='word_1_108' title='bbox 983 1457 1070 1510; x_wconf 92' lang='lat' dir='ltr'><strong>illa</strong></span> <span class='ocrx_word' id='word_1_109' title='bbox 1097 1472 1216 1510; x_wconf 92' lang='lat' dir='ltr'><strong>cum</strong></span> <span class='ocrx_word' id='word_1_110' title='bbox 1245 1459 1343 1517; x_wconf 90' lang='lat' dir='ltr'><strong>eis,</strong></span> <span class='ocrx_word' id='word_1_111' title='bbox 1369 1457 1455 1526; x_wconf 90' lang='lat' dir='ltr'><strong>qui</strong></span> <span class='ocrx_word' id='word_1_112' title='bbox 1487 1471 1550 1512; x_wconf 90' lang='lat' dir='ltr'><strong>ea</strong></span> <span class='ocrx_word' id='word_1_113' title='bbox 1585 1467 1765 1511; x_wconf 81' lang='lat' dir='ltr'><strong>nostra</strong></span> 
     </span>
    </p>
   </div>
   <div class='ocr_carea' id='block_1_17' title="bbox 170 1549 1767 1617">
    <p class='ocr_par' dir='ltr' id='par_1_17' title="bbox 170 1549 1767 1617">
     <span class='ocr_line' id='line_1_17' title="bbox 170 1549 1767 1617; baseline 0.003 -17"><span class='ocrx_word' id='word_1_114' title='bbox 170 1551 387 1603; x_wconf 71' lang='lat' dir='ltr'><strong>ilatione</strong></span> <span class='ocrx_word' id='word_1_115' title='bbox 415 1549 663 1603; x_wconf 73' lang='lat' dir='ltr'><strong>videntur</strong></span> <span class='ocrx_word' id='word_1_116' title='bbox 693 1549 911 1612; x_wconf 79' lang='lat' dir='ltr'><strong>habere.</strong></span> <span class='ocrx_word' id='word_1_117' title='bbox 945 1558 1190 1602; x_wconf 89' lang='lat' dir='ltr'><strong>mutuare</strong></span> <span class='ocrx_word' id='word_1_118' title='bbox 1216 1549 1500 1617; x_wconf 81' lang='lat' dir='ltr'><strong>possimus,</strong></span> <span class='ocrx_word' id='word_1_119' title='bbox 1533 1561 1590 1604; x_wconf 92' lang='lat' dir='ltr'><strong>et</strong></span> <span class='ocrx_word' id='word_1_120' title='bbox 1622 1565 1767 1616; x_wconf 56' lang='lat' dir='ltr'><strong>sa&#39;pe</strong></span> 
     </span>
    </p>
   </div>
   <div class='ocr_carea' id='block_1_18' title="bbox 170 1640 1760 1712">
    <p class='ocr_par' dir='ltr' id='par_1_18' title="bbox 170 1640 1760 1712">
     <span class='ocr_line' id='line_1_18' title="bbox 170 1640 1760 1712; baseline 0 -18"><span class='ocrx_word' id='word_1_121' title='bbox 170 1643 329 1694; x_wconf 70' lang='lat' dir='ltr'><strong>dictae</strong></span> <span class='ocrx_word' id='word_1_122' title='bbox 373 1641 751 1703; x_wconf 69' lang='lat' dir='ltr'><strong>ecclesizt&#39;,&#39;cni</strong></span> <span class='ocrx_word' id='word_1_123' title='bbox 797 1640 942 1709; x_wconf 90' lang='lat' dir='ltr'><strong>juste</strong></span> <span class='ocrx_word' id='word_1_124' title='bbox 986 1651 1040 1693; x_wconf 91' lang='lat' dir='ltr'><strong>et</strong></span> <span class='ocrx_word' id='word_1_125' title='bbox 1079 1641 1312 1708; x_wconf 73' lang='lat' dir='ltr'><strong>legitime</strong></span> <span class='ocrx_word' id='word_1_126' title='bbox 1343 1642 1425 1710; x_wconf 90' lang='lat' dir='ltr'><strong>(ut</strong></span> <span class='ocrx_word' id='word_1_127' title='bbox 1451 1642 1760 1712; x_wconf 86' lang='lat' dir='ltr'><strong>inquisitum</strong></span> 
     </span>
    </p>
   </div>
   <div class='ocr_carea' id='block_1_19' title="bbox 1881 443 3469 511">
    <p class='ocr_par' dir='ltr' id='par_1_19' title="bbox 1881 443 3469 511">
     <span class='ocr_line' id='line_1_19' title="bbox 1881 443 3469 511; baseline 0.004 -15"><span class='ocrx_word' id='word_1_128' title='bbox 1881 444 1923 496; x_wconf 90' lang='lat' dir='ltr'><strong>si</strong></span> <span class='ocrx_word' id='word_1_129' title='bbox 1969 443 2145 511; x_wconf 71' lang='lat' dir='ltr'><strong>ju~tas</strong></span> <span class='ocrx_word' id='word_1_130' title='bbox 2200 444 2488 509; x_wconf 70' lang='lat' dir='ltr'><strong>petitiones</strong></span> <span class='ocrx_word' id='word_1_131' title='bbox 2536 453 2902 510; x_wconf 79' lang='lat' dir='ltr'><strong>sacerdotum,</strong></span> <span class='ocrx_word' id='word_1_132' title='bbox 2957 449 3040 500; x_wconf 88' lang='lat' dir='ltr'><strong>vel</strong></span> <span class='ocrx_word' id='word_1_133' title='bbox 3096 451 3469 502; x_wconf 85' lang='lat' dir='ltr'><strong>ministrorum</strong></span> 
     </span>
    </p>
   </div>
   <div class='ocr_carea' id='block_1_20' title="bbox 1883 537 3474 609">
    <p class='ocr_par' dir='ltr' id='par_1_20' title="bbox 1883 537 3474 609">
     <span class='ocr_line' id='line_1_20' title="bbox 1883 537 3474 609; baseline 0.006 -22"><span class='ocrx_word' id='word_1_134' title='bbox 1883 537 1998 594; x_wconf 79' lang='lat' dir='ltr'><strong>Dei.</strong></span> <span class='ocrx_word' id='word_1_135' title='bbox 2033 551 2153 588; x_wconf 90' lang='lat' dir='ltr'><strong>cum</strong></span> <span class='ocrx_word' id='word_1_136' title='bbox 2188 537 2384 589; x_wconf 83' lang='lat' dir='ltr'><strong>nostris</strong></span> <span class='ocrx_word' id='word_1_137' title='bbox 2413 538 2633 591; x_wconf 79' lang='lat' dir='ltr'><strong>auribus</strong></span> <span class='ocrx_word' id='word_1_138' title='bbox 2674 539 2912 606; x_wconf 65' lang='lat' dir='ltr'><strong>probatae</strong></span> <span class='ocrx_word' id='word_1_139' title='bbox 2955 541 3173 605; x_wconf 63' lang='lat' dir='ltr'><strong>fui-rint,</strong></span> <span class='ocrx_word' id='word_1_140' title='bbox 3223 542 3474 609; x_wconf 61' lang='lat' dir='ltr'><strong>perduiio</strong></span> 
     </span>
    </p>
   </div>
   <div class='ocr_carea' id='block_1_21' title="bbox 1879 627 3474 704">
    <p class='ocr_par' dir='ltr' id='par_1_21' title="bbox 1879 627 3474 704">
     <span class='ocr_line' id='line_1_21' title="bbox 1879 627 3474 704; baseline 0.005 -26"><span class='ocrx_word' id='word_1_141' title='bbox 1879 643 1996 679; x_wconf 91' lang='lat' dir='ltr'><strong>mus</strong></span> <span class='ocrx_word' id='word_1_142' title='bbox 2047 629 2110 679; x_wconf 89' lang='lat' dir='ltr'><strong>ad</strong></span> <span class='ocrx_word' id='word_1_143' title='bbox 2164 627 2435 681; x_wconf 72' lang='lat' dir='ltr'><strong>effectura.</strong></span> <span class='ocrx_word' id='word_1_144' title='bbox 2496 629 2596 697; x_wconf 81' lang='lat' dir='ltr'><strong>Ipsi</strong></span> <span class='ocrx_word' id='word_1_145' title='bbox 2652 631 2796 682; x_wconf 78' lang='lat' dir='ltr'><strong>enim</strong></span> <span class='ocrx_word' id='word_1_146' title='bbox 2849 648 2944 697; x_wconf 92' lang='lat' dir='ltr'><strong>pro</strong></span> <span class='ocrx_word' id='word_1_147' title='bbox 2996 633 3292 689; x_wconf 77' lang='lat' dir='ltr'><strong>stabilitate</strong></span> <span class='ocrx_word' id='word_1_148' title='bbox 3323 636 3474 704; x_wconf 77' lang='lat' dir='ltr'><strong>regni</strong></span> 
     </span>
    </p>
   </div>
   <div class='ocr_carea' id='block_1_22' title="bbox 1877 720 3476 786">
    <p class='ocr_par' dir='ltr' id='par_1_22' title="bbox 1877 720 3476 786">
     <span class='ocr_line' id='line_1_22' title="bbox 1877 720 3476 786; baseline 0.004 -14"><span class='ocrx_word' id='word_1_149' title='bbox 1877 720 2068 783; x_wconf 89' lang='lat' dir='ltr'><strong>nostri,</strong></span> <span class='ocrx_word' id='word_1_150' title='bbox 2120 721 2201 773; x_wconf 91' lang='lat' dir='ltr'><strong>vel</strong></span> <span class='ocrx_word' id='word_1_151' title='bbox 2230 722 2421 772; x_wconf 76' lang='lat' dir='ltr'><strong>animm</strong></span> <span class='ocrx_word' id='word_1_152' title='bbox 2455 734 2651 774; x_wconf 75' lang='lat' dir='ltr'><strong>nostra:</strong></span> <span class='ocrx_word' id='word_1_153' title='bbox 2681 725 2883 786; x_wconf 82' lang='lat' dir='ltr'><strong>salute,</strong></span> <span class='ocrx_word' id='word_1_154' title='bbox 2922 724 3012 778; x_wconf 80' lang='lat' dir='ltr'><strong>llei</strong></span> <span class='ocrx_word' id='word_1_155' title='bbox 3047 727 3476 779; x_wconf 76' lang='lat' dir='ltr'><strong>tuiscricordiam</strong></span> 
     </span>
    </p>
   </div>
   <div class='ocr_carea' id='block_1_23' title="bbox 1878 811 3475 883">
    <p class='ocr_par' dir='ltr' id='par_1_23' title="bbox 1878 811 3475 883">
     <span class='ocr_line' id='line_1_23' title="bbox 1878 811 3475 883; baseline 0.003 -17"><span class='ocrx_word' id='word_1_156' title='bbox 1878 811 2212 883; x_wconf 81' lang='lat' dir='ltr'><strong>frequentius</strong></span> <span class='ocrx_word' id='word_1_157' title='bbox 2262 827 2509 868; x_wconf 80' lang='lat' dir='ltr'><strong>exorant.</strong></span> <span class='ocrx_word' id='word_1_158' title='bbox 2571 816 2910 880; x_wconf 77' lang='lat' dir='ltr'><strong>Quapropter</strong></span> <span class='ocrx_word' id='word_1_159' title='bbox 2968 826 3177 870; x_wconf 67' lang='lat' dir='ltr'><strong>noverit</strong></span> <span class='ocrx_word' id='word_1_160' title='bbox 3229 819 3475 872; x_wconf 90' lang='lat' dir='ltr'><strong>omnium</strong></span> 
     </span>
    </p>
   </div>
   <div class='ocr_carea' id='block_1_24' title="bbox 1877 903 3474 975">
    <p class='ocr_par' dir='ltr' id='par_1_24' title="bbox 1877 903 3474 975">
     <span class='ocr_line' id='line_1_24' title="bbox 1877 903 3474 975; baseline 0.004 -19"><span class='ocrx_word' id='word_1_161' title='bbox 1877 914 2222 973; x_wconf 74' lang='lat' dir='ltr'><strong>praesentium</strong></span> <span class='ocrx_word' id='word_1_162' title='bbox 2262 903 2672 970; x_wconf 88' lang='lat' dir='ltr'><strong>futurormuque</strong></span> <span class='ocrx_word' id='word_1_163' title='bbox 2714 906 2996 971; x_wconf 86' lang='lat' dir='ltr'><strong>industria,</strong></span> <span class='ocrx_word' id='word_1_164' title='bbox 3029 908 3258 975; x_wconf 78' lang='lat' dir='ltr'><strong>qualiter</strong></span> <span class='ocrx_word' id='word_1_165' title='bbox 3289 908 3474 962; x_wconf 84' lang='lat' dir='ltr'><strong>&#39;l&#39;biet-</strong></span> 
     </span>
    </p>
   </div>
   <div class='ocr_carea' id='block_1_25' title="bbox 1879 995 3475 1066">
    <p class='ocr_par' dir='ltr' id='par_1_25' title="bbox 1879 995 3475 1066">
     <span class='ocr_line' id='line_1_25' title="bbox 1879 995 3475 1066; baseline 0.003 -18"><span class='ocrx_word' id='word_1_166' title='bbox 1879 997 2066 1050; x_wconf 87' lang='lat' dir='ltr'><strong>baldus</strong></span> <span class='ocrx_word' id='word_1_167' title='bbox 2112 995 2279 1048; x_wconf 90' lang='lat' dir='ltr'><strong>abbas</strong></span> <span class='ocrx_word' id='word_1_168' title='bbox 2325 997 2392 1049; x_wconf 88' lang='lat' dir='ltr'><strong>de</strong></span> <span class='ocrx_word' id='word_1_169' title='bbox 2437 998 2766 1049; x_wconf 70' lang='lat' dir='ltr'><strong>monasterio</strong></span> <span class='ocrx_word' id='word_1_170' title='bbox 2823 997 2974 1066; x_wconf 79' lang='lat' dir='ltr'><strong>(‘ttjus</strong></span> <span class='ocrx_word' id='word_1_171' title='bbox 3025 997 3342 1052; x_wconf 74' lang='lat' dir='ltr'><strong>vocabulum</strong></span> <span class='ocrx_word' id='word_1_172' title='bbox 3388 1011 3475 1053; x_wconf 58' lang='lat' dir='ltr'><strong>esi&#39;.</strong></span> 
     </span>
    </p>
   </div>
   <div class='ocr_carea' id='block_1_26' title="bbox 1875 1089 3475 1160">
    <p class='ocr_par' dir='ltr' id='par_1_26' title="bbox 1875 1089 3475 1160">
     <span class='ocr_line' id='line_1_26' title="bbox 1875 1089 3475 1160; baseline 0.001 -17"><span class='ocrx_word' id='word_1_173' title='bbox 1875 1090 2160 1153; x_wconf 82' lang='lat' dir='ltr'><strong>Noviento,</strong></span> <span class='ocrx_word' id='word_1_174' title='bbox 2207 1091 2369 1144; x_wconf 91' lang='lat' dir='ltr'><strong>situm</strong></span> <span class='ocrx_word' id='word_1_175' title='bbox 2414 1089 2465 1142; x_wconf 90' lang='lat' dir='ltr'><strong>in</strong></span> <span class='ocrx_word' id='word_1_176' title='bbox 2519 1106 2652 1160; x_wconf 78' lang='lat' dir='ltr'><strong>pago</strong></span> <span class='ocrx_word' id='word_1_177' title='bbox 2698 1091 3004 1143; x_wconf 82' lang='lat' dir='ltr'><strong>Alsatiense</strong></span> <span class='ocrx_word' id='word_1_178' title='bbox 3052 1106 3212 1157; x_wconf 82' lang='lat' dir='ltr'><strong>super</strong></span> <span class='ocrx_word' id='word_1_179' title='bbox 3255 1093 3475 1144; x_wconf 80' lang='lat' dir='ltr'><strong>ﬂuvium</strong></span> 
     </span>
    </p>
   </div>
   <div class='ocr_carea' id='block_1_27' title="bbox 1878 1177 3472 1249">
    <p class='ocr_par' dir='ltr' id='par_1_27' title="bbox 1878 1177 3472 1249">
     <span class='ocr_line' id='line_1_27' title="bbox 1878 1177 3472 1249; baseline 0.001 -16"><span class='ocrx_word' id='word_1_180' title='bbox 1878 1181 1990 1247; x_wconf 90' lang='lat' dir='ltr'><strong>Illa,</strong></span> <span class='ocrx_word' id='word_1_181' title='bbox 2035 1181 2173 1249; x_wconf 91' lang='lat' dir='ltr'><strong>quod</strong></span> <span class='ocrx_word' id='word_1_182' title='bbox 2221 1181 2300 1234; x_wconf 88' lang='lat' dir='ltr'><strong>vir</strong></span> <span class='ocrx_word' id='word_1_183' title='bbox 2349 1181 2553 1235; x_wconf 88' lang='lat' dir='ltr'><strong>illuster</strong></span> <span class='ocrx_word' id='word_1_184' title='bbox 2598 1183 2898 1245; x_wconf 79' lang='lat' dir='ltr'><strong>Adalricus,</strong></span> <span class='ocrx_word' id='word_1_185' title='bbox 2931 1184 3044 1236; x_wconf 88' lang='lat' dir='ltr'><strong>sive</strong></span> <span class='ocrx_word' id='word_1_186' title='bbox 3090 1184 3298 1237; x_wconf 84' lang='lat' dir='ltr'><strong>Atticus</strong></span> <span class='ocrx_word' id='word_1_187' title='bbox 3342 1177 3472 1244; x_wconf 73' lang='lat' dir='ltr'><strong>dos,</strong></span> 
     </span>
    </p>
   </div>
   <div class='ocr_carea' id='block_1_28' title="bbox 1874 1271 3473 1340">
    <p class='ocr_par' dir='ltr' id='par_1_28' title="bbox 1874 1271 3473 1340">
     <span class='ocr_line' id='line_1_28' title="bbox 1874 1271 3473 1340; baseline 0.002 -14"><span class='ocrx_word' id='word_1_188' title='bbox 1874 1283 1926 1326; x_wconf 89' lang='lat' dir='ltr'><strong>et</strong></span> <span class='ocrx_word' id='word_1_189' title='bbox 1968 1273 2163 1340; x_wconf 83' lang='lat' dir='ltr'><strong>conjux</strong></span> <span class='ocrx_word' id='word_1_190' title='bbox 2193 1273 2322 1326; x_wconf 78' lang='lat' dir='ltr'><strong>eius</strong></span> <span class='ocrx_word' id='word_1_191' title='bbox 2369 1271 2658 1326; x_wconf 81' lang='lat' dir='ltr'><strong>Bersviuda</strong></span> <span class='ocrx_word' id='word_1_192' title='bbox 2720 1275 2770 1325; x_wconf 82' lang='lat' dir='ltr'><strong>in</strong></span> <span class='ocrx_word' id='word_1_193' title='bbox 2817 1273 3011 1326; x_wconf 72' lang='lat' dir='ltr'><strong>Christi</strong></span> <span class='ocrx_word' id='word_1_194' title='bbox 3072 1279 3310 1337; x_wconf 89' lang='lat' dir='ltr'><strong>nomine,</strong></span> <span class='ocrx_word' id='word_1_195' title='bbox 3338 1284 3391 1328; x_wconf 88' lang='lat' dir='ltr'><strong>et</strong></span> <span class='ocrx_word' id='word_1_196' title='bbox 3421 1274 3473 1329; x_wconf 91' lang='lat' dir='ltr'><strong>in</strong></span> 
     </span>
    </p>
   </div>
   <div class='ocr_carea' id='block_1_29' title="bbox 1875 1366 3470 1433">
    <p class='ocr_par' dir='ltr' id='par_1_29' title="bbox 1875 1366 3470 1433">
     <span class='ocr_line' id='line_1_29' title="bbox 1875 1366 3470 1433; baseline 0.003 -15"><span class='ocrx_word' id='word_1_197' title='bbox 1875 1367 2080 1420; x_wconf 82' lang='lat' dir='ltr'><strong>honore</strong></span> <span class='ocrx_word' id='word_1_198' title='bbox 2131 1375 2440 1420; x_wconf 88' lang='lat' dir='ltr'><strong>sanctorum</strong></span> <span class='ocrx_word' id='word_1_199' title='bbox 2502 1367 2870 1433; x_wconf 78' lang='lat' dir='ltr'><strong>apostolorum</strong></span> <span class='ocrx_word' id='word_1_200' title='bbox 2929 1366 3070 1421; x_wconf 77' lang='lat' dir='ltr'><strong>l’etri</strong></span> <span class='ocrx_word' id='word_1_201' title='bbox 3121 1379 3174 1421; x_wconf 88' lang='lat' dir='ltr'><strong>et</strong></span> <span class='ocrx_word' id='word_1_202' title='bbox 3223 1367 3371 1428; x_wconf 80' lang='lat' dir='ltr'><strong>Pauli</strong></span> <span class='ocrx_word' id='word_1_203' title='bbox 3417 1378 3470 1422; x_wconf 85' lang='lat' dir='ltr'><strong>et</strong></span> 
     </span>
    </p>
   </div>
   <div class='ocr_carea' id='block_1_30' title="bbox 1873 1458 3468 1528">
    <p class='ocr_par' dir='ltr' id='par_1_30' title="bbox 1873 1458 3468 1528">
     <span class='ocr_line' id='line_1_30' title="bbox 1873 1458 3468 1528; baseline 0.001 -17"><span class='ocrx_word' id='word_1_204' title='bbox 1873 1459 2040 1511; x_wconf 88' lang='lat' dir='ltr'><strong>sancti</strong></span> <span class='ocrx_word' id='word_1_205' title='bbox 2076 1459 2302 1512; x_wconf 75' lang='lat' dir='ltr'><strong>Mauritii</strong></span> <span class='ocrx_word' id='word_1_206' title='bbox 2335 1458 2712 1527; x_wconf 80' lang='lat' dir='ltr'><strong>sociorumque</strong></span> <span class='ocrx_word' id='word_1_207' title='bbox 2743 1458 2860 1528; x_wconf 81' lang='lat' dir='ltr'><strong>ejus</strong></span> <span class='ocrx_word' id='word_1_208' title='bbox 2893 1476 2917 1510; x_wconf 85' lang='lat' dir='ltr'><strong>a</strong></span> <span class='ocrx_word' id='word_1_209' title='bbox 2955 1475 3094 1511; x_wconf 86' lang='lat' dir='ltr'><strong>novo</strong></span> <span class='ocrx_word' id='word_1_210' title='bbox 3128 1459 3178 1512; x_wconf 89' lang='lat' dir='ltr'><strong>itt</strong></span> <span class='ocrx_word' id='word_1_211' title='bbox 3213 1473 3311 1512; x_wconf 88' lang='lat' dir='ltr'><strong>suo</strong></span> <span class='ocrx_word' id='word_1_212' title='bbox 3343 1474 3468 1528; x_wconf 83' lang='lat' dir='ltr'><strong>pro-</strong></span> 
     </span>
    </p>
   </div>
   <div class='ocr_carea' id='block_1_31' title="bbox 1875 1551 3471 1618">
    <p class='ocr_par' dir='ltr' id='par_1_31' title="bbox 1875 1551 3471 1618">
     <span class='ocr_line' id='line_1_31' title="bbox 1875 1551 3471 1618; baseline 0.001 -14"><span class='ocrx_word' id='word_1_213' title='bbox 1875 1555 1990 1618; x_wconf 83' lang='lat' dir='ltr'><strong>prio</strong></span> <span class='ocrx_word' id='word_1_214' title='bbox 2013 1551 2176 1604; x_wconf 87' lang='lat' dir='ltr'><strong>fundo</strong></span> <span class='ocrx_word' id='word_1_215' title='bbox 2207 1562 2644 1612; x_wconf 71' lang='lat' dir='ltr'><strong>Construveruut,</strong></span> <span class='ocrx_word' id='word_1_216' title='bbox 2678 1563 2916 1604; x_wconf 59' lang='lat' dir='ltr'><strong>nostram</strong></span> <span class='ocrx_word' id='word_1_217' title='bbox 2940 1552 3471 1616; x_wconf 68' lang='lat' dir='ltr'><strong>alliitSerenitatem,</strong></span> 
     </span>
    </p>
   </div>
   <div class='ocr_carea' id='block_1_32' title="bbox 1874 1637 3466 1708">
    <p class='ocr_par' dir='ltr' id='par_1_32' title="bbox 1874 1637 3466 1708">
     <span class='ocr_line' id='line_1_32' title="bbox 1874 1637 3466 1708; baseline -0.001 -16"><span class='ocrx_word' id='word_1_218' title='bbox 1874 1642 2168 1707; x_wconf 73' lang='lat' dir='ltr'><strong>deprecans</strong></span> <span class='ocrx_word' id='word_1_219' title='bbox 2208 1649 2264 1691; x_wconf 91' lang='lat' dir='ltr'><strong>ut</strong></span> <span class='ocrx_word' id='word_1_220' title='bbox 2295 1637 2566 1706; x_wconf 79' lang='lat' dir='ltr'><strong>privilegia</strong></span> <span class='ocrx_word' id='word_1_221' title='bbox 2613 1657 2731 1706; x_wconf 65' lang='lat' dir='ltr'><strong>quae</strong></span> <span class='ocrx_word' id='word_1_222' title='bbox 2785 1639 2882 1707; x_wconf 72' lang='lat' dir='ltr'><strong>pitn</strong></span> <span class='ocrx_word' id='word_1_223' title='bbox 2935 1641 3207 1693; x_wconf 75' lang='lat' dir='ltr'><strong>memorie</strong></span> <span class='ocrx_word' id='word_1_224' title='bbox 3256 1643 3466 1708; x_wconf 78' lang='lat' dir='ltr'><strong>genitor</strong></span> 
     </span>
    </p>
   </div>
   <div class='ocr_carea' id='block_1_33' title="bbox 177 1723 3469 1805">
    <p class='ocr_par' dir='ltr' id='par_1_33' title="bbox 177 1723 3469 1805">
     <span class='ocr_line' id='line_1_33' title="bbox 177 1723 3469 1805; baseline 0 -19"><span class='ocrx_word' id='word_1_225' title='bbox 177 1734 456 1803; x_wconf 77' lang='lat' dir='ltr'><strong>habemus)</strong></span> <span class='ocrx_word' id='word_1_226' title='bbox 483 1733 770 1798; x_wconf 86' lang='lat' dir='ltr'><strong>debentur,</strong></span> <span class='ocrx_word' id='word_1_227' title='bbox 797 1733 1087 1787; x_wconf 78' lang='lat' dir='ltr'><strong>auxiliante</strong></span> <span class='ocrx_word' id='word_1_228' title='bbox 1107 1731 1335 1786; x_wconf 91' lang='lat' dir='ltr'><strong>Domino</strong></span> <span class='ocrx_word' id='word_1_229' title='bbox 1359 1723 1564 1788; x_wconf 72' lang='lat' dir='ltr'><strong>restitui</strong></span> <span class='ocrx_word' id='word_1_230' title='bbox 1597 1746 1758 1805; x_wconf 82' lang='lat' dir='ltr'><strong>atque</strong></span> <span class='ocrx_word' id='word_1_231' title='bbox 1798 1723 1841 1781; x_wconf 75' lang='grc' dir='ltr'><strong>Β</strong></span> <span class='ocrx_word' id='word_1_232' title='bbox 1876 1743 2056 1784; x_wconf 80' lang='lat' dir='ltr'><strong>Imslcl‘</strong></span> <span class='ocrx_word' id='word_1_233' title='bbox 2109 1731 2384 1798; x_wconf 71' lang='lat' dir='ltr'><strong>Pippinth</strong></span> <span class='ocrx_word' id='word_1_234' title='bbox 2429 1732 2651 1799; x_wconf 78' lang='lat' dir='ltr'><strong>ejusque</strong></span> <span class='ocrx_word' id='word_1_235' title='bbox 2702 1743 3076 1785; x_wconf 70' lang='lat' dir='ltr'><strong>antecessores</strong></span> <span class='ocrx_word' id='word_1_236' title='bbox 3116 1748 3268 1801; x_wconf 82' lang='lat' dir='ltr'><strong>reges</strong></span> <span class='ocrx_word' id='word_1_237' title='bbox 3303 1731 3469 1787; x_wconf 80' lang='lat' dir='ltr'><strong>Fran-</strong></span> 
     </span>
    </p>
   </div>
   <div class='ocr_carea' id='block_1_34' title="bbox 174 1824 1761 1880">
    <p class='ocr_par' dir='ltr' id='par_1_34' title="bbox 174 1824 1761 1880">
     <span class='ocr_line' id='line_1_34' title="bbox 174 1824 1761 1880; baseline 0 -2"><span class='ocrx_word' id='word_1_238' title='bbox 174 1827 400 1880; x_wconf 88' lang='lat' dir='ltr'><strong>teddere</strong></span> <span class='ocrx_word' id='word_1_239' title='bbox 445 1840 766 1880; x_wconf 83' lang='lat' dir='ltr'><strong>mereamur.</strong></span> <span class='ocrx_word' id='word_1_240' title='bbox 819 1825 884 1876; x_wconf 84' lang='lat' dir='ltr'><strong>Et</strong></span> <span class='ocrx_word' id='word_1_241' title='bbox 948 1824 1048 1878; x_wconf 89' lang='lat' dir='ltr'><strong>hoc</strong></span> <span class='ocrx_word' id='word_1_242' title='bbox 1087 1826 1334 1878; x_wconf 88' lang='lat' dir='ltr'><strong>omnibus</strong></span> <span class='ocrx_word' id='word_1_243' title='bbox 1379 1825 1530 1878; x_wconf 78' lang='lat' dir='ltr'><strong>vobis</strong></span> <span class='ocrx_word' id='word_1_244' title='bbox 1574 1839 1761 1879; x_wconf 89' lang='lat' dir='ltr'><strong>notum</strong></span> 
     </span>
    </p>
   </div>
   <div class='ocr_carea' id='block_1_35' title="bbox 103 1915 1761 1986">
    <p class='ocr_par' dir='ltr' id='par_1_35' title="bbox 103 1915 1761 1986">
     <span class='ocr_line' id='line_1_35' title="bbox 103 1915 1761 1986; baseline 0 -18"><span class='ocrx_word' id='word_1_245' title='bbox 103 1921 110 1926; x_wconf 89' lang='lat'>&#39;</span> <span class='ocrx_word' id='word_1_246' title='bbox 172 1919 268 1981; x_wconf 72' lang='lat' dir='ltr'><strong>sit,</strong></span> <span class='ocrx_word' id='word_1_247' title='bbox 301 1917 436 1984; x_wconf 90' lang='lat' dir='ltr'><strong>quod</strong></span> <span class='ocrx_word' id='word_1_248' title='bbox 467 1919 510 1971; x_wconf 90' lang='lat' dir='ltr'><strong>si</strong></span> <span class='ocrx_word' id='word_1_249' title='bbox 546 1918 736 1986; x_wconf 90' lang='lat' dir='ltr'><strong>aliquis</strong></span> <span class='ocrx_word' id='word_1_250' title='bbox 765 1924 1004 1971; x_wconf 88' lang='lat' dir='ltr'><strong>vestrum</strong></span> <span class='ocrx_word' id='word_1_251' title='bbox 1032 1915 1322 1980; x_wconf 71' lang='lat' dir='ltr'><strong>exstiterit,</strong></span> <span class='ocrx_word' id='word_1_252' title='bbox 1354 1918 1442 1984; x_wconf 91' lang='lat' dir='ltr'><strong>qui</strong></span> <span class='ocrx_word' id='word_1_253' title='bbox 1481 1917 1617 1970; x_wconf 89' lang='lat' dir='ltr'><strong>hanc</strong></span> <span class='ocrx_word' id='word_1_254' title='bbox 1645 1919 1761 1984; x_wconf 84' lang='lat' dir='ltr'><strong>jus-</strong></span> 
     </span>
    </p>
   </div>
   <div class='ocr_carea' id='block_1_36' title="bbox 174 2007 1765 2076">
    <p class='ocr_par' dir='ltr' id='par_1_36' title="bbox 174 2007 1765 2076">
     <span class='ocr_line' id='line_1_36' title="bbox 174 2007 1765 2076; baseline -0.003 -15"><span class='ocrx_word' id='word_1_255' title='bbox 174 2012 376 2063; x_wconf 87' lang='lat' dir='ltr'><strong>sionem</strong></span> <span class='ocrx_word' id='word_1_256' title='bbox 411 2021 668 2072; x_wconf 80' lang='lat' dir='ltr'><strong>nnSIram,</strong></span> <span class='ocrx_word' id='word_1_257' title='bbox 703 2017 794 2062; x_wconf 90' lang='lat' dir='ltr'><strong>aut</strong></span> <span class='ocrx_word' id='word_1_258' title='bbox 841 2007 1260 2075; x_wconf 86' lang='lat' dir='ltr'><strong>contemnendo,</strong></span> <span class='ocrx_word' id='word_1_259' title='bbox 1308 2017 1398 2060; x_wconf 93' lang='lat' dir='ltr'><strong>aut</strong></span> <span class='ocrx_word' id='word_1_260' title='bbox 1449 2009 1765 2076; x_wconf 72' lang='lat' dir='ltr'><strong>negligentlo</strong></span> 
     </span>
    </p>
   </div>
   <div class='ocr_carea' id='block_1_37' title="bbox 173 2101 1763 2169">
    <p class='ocr_par' dir='ltr' id='par_1_37' title="bbox 173 2101 1763 2169">
     <span class='ocr_line' id='line_1_37' title="bbox 173 2101 1763 2169; baseline 0.003 -18"><span class='ocrx_word' id='word_1_261' title='bbox 173 2103 465 2168; x_wconf 79' lang='lat' dir='ltr'><strong>adimplere</strong></span> <span class='ocrx_word' id='word_1_262' title='bbox 495 2101 794 2161; x_wconf 87' lang='lat' dir='ltr'><strong>distulerit,</strong></span> <span class='ocrx_word' id='word_1_263' title='bbox 847 2102 1094 2154; x_wconf 87' lang='lat' dir='ltr'><strong>volumus</strong></span> <span class='ocrx_word' id='word_1_264' title='bbox 1127 2110 1286 2169; x_wconf 85' lang='lat' dir='ltr'><strong>atque</strong></span> <span class='ocrx_word' id='word_1_265' title='bbox 1331 2103 1672 2168; x_wconf 69' lang='lat' dir='ltr'><strong>prmeipiutus</strong></span> <span class='ocrx_word' id='word_1_266' title='bbox 1707 2112 1763 2155; x_wconf 91' lang='lat' dir='ltr'><strong>ut</strong></span> 
     </span>
    </p>
   </div>
   <div class='ocr_carea' id='block_1_38' title="bbox 173 2191 1766 2261">
    <p class='ocr_par' dir='ltr' id='par_1_38' title="bbox 173 2191 1766 2261">
     <span class='ocr_line' id='line_1_38' title="bbox 173 2191 1766 2261; baseline 0.002 -19"><span class='ocrx_word' id='word_1_267' title='bbox 173 2192 493 2261; x_wconf 49' lang='lat' dir='ltr'><strong>praescripta:</strong></span> <span class='ocrx_word' id='word_1_268' title='bbox 521 2192 668 2246; x_wconf 90' lang='lat' dir='ltr'><strong>urbis</strong></span> <span class='ocrx_word' id='word_1_269' title='bbox 717 2191 1004 2261; x_wconf 86' lang='lat' dir='ltr'><strong>episeopus</strong></span> <span class='ocrx_word' id='word_1_270' title='bbox 1053 2193 1102 2244; x_wconf 91' lang='lat' dir='ltr'><strong>in</strong></span> <span class='ocrx_word' id='word_1_271' title='bbox 1151 2191 1274 2260; x_wconf 89' lang='lat' dir='ltr'><strong>jure</strong></span> <span class='ocrx_word' id='word_1_272' title='bbox 1303 2191 1544 2259; x_wconf 75' lang='lat' dir='ltr'><strong>ejusdem</strong></span> <span class='ocrx_word' id='word_1_273' title='bbox 1590 2192 1766 2245; x_wconf 83' lang='lat' dir='ltr'><strong>eccle-</strong></span> 
     </span>
    </p>
   </div>
   <div class='ocr_carea' id='block_1_39' title="bbox 171 2285 1766 2352">
    <p class='ocr_par' dir='ltr' id='par_1_39' title="bbox 171 2285 1766 2352">
     <span class='ocr_line' id='line_1_39' title="bbox 171 2285 1766 2352; baseline -0.002 -14"><span class='ocrx_word' id='word_1_274' title='bbox 171 2289 287 2349; x_wconf 62' lang='lat' dir='ltr'><strong>sier,</strong></span> <span class='ocrx_word' id='word_1_275' title='bbox 315 2285 426 2340; x_wconf 88' lang='lat' dir='ltr'><strong>sive</strong></span> <span class='ocrx_word' id='word_1_276' title='bbox 455 2287 504 2338; x_wconf 92' lang='lat' dir='ltr'><strong>in</strong></span> <span class='ocrx_word' id='word_1_277' title='bbox 534 2300 683 2338; x_wconf 84' lang='lat' dir='ltr'><strong>suam</strong></span> <span class='ocrx_word' id='word_1_278' title='bbox 719 2286 798 2339; x_wconf 89' lang='lat' dir='ltr'><strong>vel</strong></span> <span class='ocrx_word' id='word_1_279' title='bbox 834 2285 1212 2339; x_wconf 80' lang='lat' dir='ltr'><strong>canonicortnn</strong></span> <span class='ocrx_word' id='word_1_280' title='bbox 1259 2299 1480 2338; x_wconf 90' lang='lat' dir='ltr'><strong>suorum</strong></span> <span class='ocrx_word' id='word_1_281' title='bbox 1517 2293 1766 2352; x_wconf 81' lang='lat' dir='ltr'><strong>potesta-</strong></span> 
     </span>
    </p>
   </div>
   <div class='ocr_carea' id='block_1_40' title="bbox 169 2375 1762 2440">
    <p class='ocr_par' dir='ltr' id='par_1_40' title="bbox 169 2375 1762 2440">
     <span class='ocr_line' id='line_1_40' title="bbox 169 2375 1762 2440; baseline 0.001 -12"><span class='ocrx_word' id='word_1_282' title='bbox 169 2389 276 2430; x_wconf 77' lang='lat' dir='ltr'><strong>tem</strong></span> <span class='ocrx_word' id='word_1_283' title='bbox 331 2379 407 2430; x_wconf 88' lang='lat' dir='ltr'><strong>vel</strong></span> <span class='ocrx_word' id='word_1_284' title='bbox 440 2375 863 2431; x_wconf 88' lang='lat' dir='ltr'><strong>dominationem</strong></span> <span class='ocrx_word' id='word_1_285' title='bbox 905 2379 1121 2432; x_wconf 87' lang='lat' dir='ltr'><strong>easdem</strong></span> <span class='ocrx_word' id='word_1_286' title='bbox 1163 2392 1247 2430; x_wconf 89' lang='lat' dir='ltr'><strong>res</strong></span> <span class='ocrx_word' id='word_1_287' title='bbox 1300 2391 1552 2431; x_wconf 82' lang='lat' dir='ltr'><strong>revocare</strong></span> <span class='ocrx_word' id='word_1_288' title='bbox 1583 2378 1762 2440; x_wconf 88' lang='lat' dir='ltr'><strong>faciat,</strong></span> 
     </span>
    </p>
   </div>
   <div class='ocr_carea' id='block_1_41' title="bbox 168 2465 1764 2537">
    <p class='ocr_par' dir='ltr' id='par_1_41' title="bbox 168 2465 1764 2537">
     <span class='ocr_line' id='line_1_41' title="bbox 168 2465 1764 2537; baseline 0.003 -19"><span class='ocrx_word' id='word_1_289' title='bbox 168 2483 330 2534; x_wconf 83' lang='lat' dir='ltr'><strong>usque</strong></span> <span class='ocrx_word' id='word_1_290' title='bbox 359 2468 486 2520; x_wconf 89' lang='lat' dir='ltr'><strong>dum</strong></span> <span class='ocrx_word' id='word_1_291' title='bbox 523 2467 618 2526; x_wconf 90' lang='lat' dir='ltr'><strong>illi,</strong></span> <span class='ocrx_word' id='word_1_292' title='bbox 648 2467 734 2537; x_wconf 92' lang='lat' dir='ltr'><strong>qui</strong></span> <span class='ocrx_word' id='word_1_293' title='bbox 760 2465 781 2536; x_wconf 92' lang='lat' dir='ltr'><strong>j</strong></span> <span class='ocrx_word' id='word_1_294' title='bbox 803 2484 873 2520; x_wconf 84' lang='grc' dir='ltr'>ιιιι</span> <span class='ocrx_word' id='word_1_295' title='bbox 908 2468 1064 2521; x_wconf 68' lang='lat' dir='ltr'><strong>dictae</strong></span> <span class='ocrx_word' id='word_1_296' title='bbox 1095 2467 1337 2522; x_wconf 70' lang='lat' dir='ltr'><strong>ecclesiae</strong></span> <span class='ocrx_word' id='word_1_297' title='bbox 1369 2484 1456 2522; x_wconf 91' lang='lat' dir='ltr'><strong>res</strong></span> <span class='ocrx_word' id='word_1_298' title='bbox 1484 2471 1564 2522; x_wconf 76' lang='lat' dir='ltr'><strong>vel</strong></span> <span class='ocrx_word' id='word_1_299' title='bbox 1599 2471 1764 2523; x_wconf 79' lang='lat' dir='ltr'><strong>liene-</strong></span> 
     </span>
    </p>
   </div>
   <div class='ocr_carea' id='block_1_42' title="bbox 172 2560 1767 2629">
    <p class='ocr_par' dir='ltr' id='par_1_42' title="bbox 172 2560 1767 2629">
     <span class='ocr_line' id='line_1_42' title="bbox 172 2560 1767 2629; baseline 0.002 -16"><span class='ocrx_word' id='word_1_300' title='bbox 172 2561 286 2613; x_wconf 81' lang='lat' dir='ltr'><strong>licia</strong></span> <span class='ocrx_word' id='word_1_301' title='bbox 319 2572 498 2614; x_wconf 79' lang='lat' dir='ltr'><strong>nostra</strong></span> <span class='ocrx_word' id='word_1_302' title='bbox 533 2561 814 2629; x_wconf 80' lang='lat' dir='ltr'><strong>largitione</strong></span> <span class='ocrx_word' id='word_1_303' title='bbox 857 2560 1141 2626; x_wconf 87' lang='lat' dir='ltr'><strong>habebant,</strong></span> <span class='ocrx_word' id='word_1_304' title='bbox 1186 2563 1237 2615; x_wconf 92' lang='lat' dir='ltr'><strong>in</strong></span> <span class='ocrx_word' id='word_1_305' title='bbox 1279 2571 1512 2615; x_wconf 88' lang='lat' dir='ltr'><strong>nostram</strong></span> <span class='ocrx_word' id='word_1_306' title='bbox 1547 2563 1767 2616; x_wconf 83' lang='lat' dir='ltr'><strong>veniant</strong></span> 
     </span>
    </p>
   </div>
   <div class='ocr_carea' id='block_1_43' title="bbox 168 2651 1764 2721">
    <p class='ocr_par' dir='ltr' id='par_1_43' title="bbox 168 2651 1764 2721">
     <span class='ocr_line' id='line_1_43' title="bbox 168 2651 1764 2721; baseline 0.004 -21"><span class='ocrx_word' id='word_1_307' title='bbox 168 2651 524 2718; x_wconf 62' lang='lat' dir='ltr'><strong>praesentiam.</strong></span> <span class='ocrx_word' id='word_1_308' title='bbox 568 2651 667 2718; x_wconf 77' lang='lat' dir='ltr'><strong>Qui</strong></span> <span class='ocrx_word' id='word_1_309' title='bbox 717 2652 934 2721; x_wconf 82' lang='lat' dir='ltr'><strong>negligit</strong></span> <span class='ocrx_word' id='word_1_310' title='bbox 975 2667 1195 2706; x_wconf 82' lang='lat' dir='ltr'><strong>censum</strong></span> <span class='ocrx_word' id='word_1_311' title='bbox 1247 2653 1677 2721; x_wconf 85' lang='lat' dir='ltr'><strong>perdatagrum;</strong></span> <span class='ocrx_word' id='word_1_312' title='bbox 1711 2664 1764 2708; x_wconf 88' lang='lat' dir='ltr'><strong>et</strong></span> 
     </span>
    </p>
   </div>
   <div class='ocr_carea' id='block_1_44' title="bbox 167 2743 1760 2813">
    <p class='ocr_par' dir='ltr' id='par_1_44' title="bbox 167 2743 1760 2813">
     <span class='ocr_line' id='line_1_44' title="bbox 167 2743 1760 2813; baseline 0.001 -17"><span class='ocrx_word' id='word_1_313' title='bbox 167 2758 263 2810; x_wconf 90' lang='lat' dir='ltr'><strong>per</strong></span> <span class='ocrx_word' id='word_1_314' title='bbox 291 2745 428 2797; x_wconf 88' lang='lat' dir='ltr'><strong>hanc</strong></span> <span class='ocrx_word' id='word_1_315' title='bbox 476 2743 874 2809; x_wconf 82' lang='lat' dir='ltr'><strong>auctoritatem,</strong></span> <span class='ocrx_word' id='word_1_316' title='bbox 913 2745 1026 2797; x_wconf 88' lang='lat' dir='ltr'><strong>sive</strong></span> <span class='ocrx_word' id='word_1_317' title='bbox 1073 2759 1258 2798; x_wconf 87' lang='lat' dir='ltr'><strong>eorum</strong></span> <span class='ocrx_word' id='word_1_318' title='bbox 1303 2747 1646 2813; x_wconf 82' lang='lat' dir='ltr'><strong>negligentia,</strong></span> <span class='ocrx_word' id='word_1_319' title='bbox 1683 2749 1760 2802; x_wconf 71' lang='lat' dir='ltr'><strong>vel</strong></span> 
     </span>
    </p>
   </div>
   <div class='ocr_carea' id='block_1_45' title="bbox 167 2834 1764 2908">
    <p class='ocr_par' dir='ltr' id='par_1_45' title="bbox 167 2834 1764 2908">
     <span class='ocr_line' id='line_1_45' title="bbox 167 2834 1764 2908; baseline 0.003 -21"><span class='ocrx_word' id='word_1_320' title='bbox 167 2845 497 2904; x_wconf 88' lang='lat' dir='ltr'><strong>contemptu,</strong></span> <span class='ocrx_word' id='word_1_321' title='bbox 522 2835 634 2904; x_wconf 87' lang='lat' dir='ltr'><strong>ipsa</strong></span> <span class='ocrx_word' id='word_1_322' title='bbox 662 2835 884 2905; x_wconf 89' lang='lat' dir='ltr'><strong>perdant</strong></span> <span class='ocrx_word' id='word_1_323' title='bbox 915 2834 1192 2890; x_wconf 82' lang='lat' dir='ltr'><strong>bencﬁria.</strong></span> <span class='ocrx_word' id='word_1_324' title='bbox 1227 2837 1289 2889; x_wconf 78' lang='lat' dir='ltr'><strong>Et</strong></span> <span class='ocrx_word' id='word_1_325' title='bbox 1325 2836 1425 2890; x_wconf 90' lang='lat' dir='ltr'><strong>huc</strong></span> <span class='ocrx_word' id='word_1_326' title='bbox 1455 2839 1566 2891; x_wconf 67' lang='lat' dir='ltr'><strong>haec</strong></span> <span class='ocrx_word' id='word_1_327' title='bbox 1591 2838 1764 2908; x_wconf 75' lang='lat' dir='ltr'><strong>jussio</strong></span> 
     </span>
    </p>
   </div>
   <div class='ocr_carea' id='block_1_46' title="bbox 169 2933 1758 3002">
    <p class='ocr_par' dir='ltr' id='par_1_46' title="bbox 169 2933 1758 3002">
     <span class='ocr_line' id='line_1_46' title="bbox 169 2933 1758 3002; baseline 0.003 -20"><span class='ocrx_word' id='word_1_328' title='bbox 169 2944 343 2985; x_wconf 80' lang='lat' dir='ltr'><strong>noSIra</strong></span> <span class='ocrx_word' id='word_1_329' title='bbox 388 2933 572 2985; x_wconf 81' lang='lat' dir='ltr'><strong>verius</strong></span> <span class='ocrx_word' id='word_1_330' title='bbox 621 2933 890 2995; x_wconf 83' lang='lat' dir='ltr'><strong>credatur,</strong></span> <span class='ocrx_word' id='word_1_331' title='bbox 931 2942 985 2987; x_wconf 93' lang='lat' dir='ltr'><strong>et</strong></span> <span class='ocrx_word' id='word_1_332' title='bbox 1033 2933 1340 3002; x_wconf 70' lang='lat' dir='ltr'><strong>diligentius</strong></span> <span class='ocrx_word' id='word_1_333' title='bbox 1387 2947 1758 2997; x_wconf 55' lang='lat' dir='ltr'><strong>censervetur,</strong></span> 
     </span>
    </p>
   </div>
   <div class='ocr_carea' id='block_1_47' title="bbox 166 3023 1758 3092">
    <p class='ocr_par' dir='ltr' id='par_1_47' title="bbox 166 3023 1758 3092">
     <span class='ocr_line' id='line_1_47' title="bbox 166 3023 1758 3092; baseline 0.004 -19"><span class='ocrx_word' id='word_1_334' title='bbox 166 3031 313 3090; x_wconf 88' lang='lat' dir='ltr'><strong>atque</strong></span> <span class='ocrx_word' id='word_1_335' title='bbox 345 3039 436 3091; x_wconf 90' lang='lat' dir='ltr'><strong>per</strong></span> <span class='ocrx_word' id='word_1_336' title='bbox 459 3024 638 3077; x_wconf 90' lang='lat' dir='ltr'><strong>omnia</strong></span> <span class='ocrx_word' id='word_1_337' title='bbox 662 3041 688 3075; x_wconf 90' lang='lat' dir='ltr'><strong>a</strong></span> <span class='ocrx_word' id='word_1_338' title='bbox 716 3025 868 3076; x_wconf 87' lang='lat' dir='ltr'><strong>nobis</strong></span> <span class='ocrx_word' id='word_1_339' title='bbox 900 3023 1219 3092; x_wconf 72' lang='lat' dir='ltr'><strong>perﬁciatur,</strong></span> <span class='ocrx_word' id='word_1_340' title='bbox 1254 3035 1303 3078; x_wconf 93' lang='lat' dir='ltr'><strong>et</strong></span> <span class='ocrx_word' id='word_1_341' title='bbox 1334 3025 1538 3078; x_wconf 80' lang='lat' dir='ltr'><strong>firmius</strong></span> <span class='ocrx_word' id='word_1_342' title='bbox 1564 3027 1758 3079; x_wconf 83' lang='lat' dir='ltr'><strong>l&#39;uturis</strong></span> 
     </span>
    </p>
   </div>
   <div class='ocr_carea' id='block_1_48' title="bbox 1875 1821 3467 1890">
    <p class='ocr_par' dir='ltr' id='par_1_48' title="bbox 1875 1821 3467 1890">
     <span class='ocr_line' id='line_1_48' title="bbox 1875 1821 3467 1890; baseline 0 -14"><span class='ocrx_word' id='word_1_343' title='bbox 1875 1839 2064 1876; x_wconf 88' lang='lat' dir='ltr'><strong>corum</strong></span> <span class='ocrx_word' id='word_1_344' title='bbox 2094 1821 2268 1873; x_wconf 74' lang='lat' dir='ltr'><strong>eidem</strong></span> <span class='ocrx_word' id='word_1_345' title='bbox 2298 1822 2565 1882; x_wconf 74' lang='lat' dir='ltr'><strong>cit-uoltio,</strong></span> <span class='ocrx_word' id='word_1_346' title='bbox 2604 1824 2845 1889; x_wconf 84' lang='lat' dir='ltr'><strong>loCtsque</strong></span> <span class='ocrx_word' id='word_1_347' title='bbox 2874 1838 2991 1890; x_wconf 66' lang='lat' dir='ltr'><strong>quae</strong></span> <span class='ocrx_word' id='word_1_348' title='bbox 3025 1821 3090 1874; x_wconf 88' lang='lat' dir='ltr'><strong>ad</strong></span> <span class='ocrx_word' id='word_1_349' title='bbox 3123 1827 3467 1877; x_wconf 85' lang='lat' dir='ltr'><strong>sustentatio-</strong></span> 
     </span>
    </p>
   </div>
   <div class='ocr_carea' id='block_1_49' title="bbox 1871 1914 3469 1984">
    <p class='ocr_par' dir='ltr' id='par_1_49' title="bbox 1871 1914 3469 1984">
     <span class='ocr_line' id='line_1_49' title="bbox 1871 1914 3469 1984; baseline 0.001 -17"><span class='ocrx_word' id='word_1_350' title='bbox 1871 1931 1991 1967; x_wconf 90' lang='lat' dir='ltr'><strong>nem</strong></span> <span class='ocrx_word' id='word_1_351' title='bbox 2057 1917 2280 1966; x_wconf 75' lang='lat' dir='ltr'><strong>l&#39;ratrum</strong></span> <span class='ocrx_word' id='word_1_352' title='bbox 2335 1914 2532 1967; x_wconf 90' lang='lat' dir='ltr'><strong>ibidem</strong></span> <span class='ocrx_word' id='word_1_353' title='bbox 2596 1915 2703 1966; x_wconf 82' lang='lat' dir='ltr'><strong>Deo</strong></span> <span class='ocrx_word' id='word_1_354' title='bbox 2749 1914 2848 1966; x_wconf 91' lang='lat' dir='ltr'><strong>sub</strong></span> <span class='ocrx_word' id='word_1_355' title='bbox 2903 1915 3134 1984; x_wconf 78' lang='lat' dir='ltr'><strong>regulari</strong></span> <span class='ocrx_word' id='word_1_356' title='bbox 3191 1915 3469 1984; x_wconf 88' lang='lat' dir='ltr'><strong>disciplina</strong></span> 
     </span>
    </p>
   </div>
   <div class='ocr_carea' id='block_1_50' title="bbox 1869 2006 3464 2073">
    <p class='ocr_par' dir='ltr' id='par_1_50' title="bbox 1869 2006 3464 2073">
     <span class='ocr_line' id='line_1_50' title="bbox 1869 2006 3464 2073; baseline 0.003 -15"><span class='ocrx_word' id='word_1_357' title='bbox 1869 2007 2215 2059; x_wconf 71' lang='lat' dir='ltr'><strong>Serviettlltttll</strong></span> <span class='ocrx_word' id='word_1_358' title='bbox 2279 2007 2544 2073; x_wconf 82' lang='lat' dir='ltr'><strong>pertinent</strong></span> <span class='ocrx_word' id='word_1_359' title='bbox 2604 2006 3035 2072; x_wconf 83' lang='lat' dir='ltr'><strong>(contulerunt),</strong></span> <span class='ocrx_word' id='word_1_360' title='bbox 3114 2022 3464 2063; x_wconf 81' lang='lat' dir='ltr'><strong>renovetuus.</strong></span> 
     </span>
    </p>
   </div>
   <div class='ocr_carea' id='block_1_51' title="bbox 1873 2099 3466 2170">
    <p class='ocr_par' dir='ltr' id='par_1_51' title="bbox 1873 2099 3466 2170">
     <span class='ocr_line' id='line_1_51' title="bbox 1873 2099 3466 2170; baseline -0.001 -15"><span class='ocrx_word' id='word_1_361' title='bbox 1873 2103 2221 2170; x_wconf 75' lang='lat' dir='ltr'><strong>Przecipinius</strong></span> <span class='ocrx_word' id='word_1_362' title='bbox 2273 2114 2406 2168; x_wconf 86' lang='lat' dir='ltr'><strong>ergo</strong></span> <span class='ocrx_word' id='word_1_363' title='bbox 2458 2115 2552 2166; x_wconf 83' lang='lat' dir='ltr'><strong>per</strong></span> <span class='ocrx_word' id='word_1_364' title='bbox 2604 2100 2763 2167; x_wconf 65' lang='lat' dir='ltr'><strong>regia:</strong></span> <span class='ocrx_word' id='word_1_365' title='bbox 2815 2099 3108 2168; x_wconf 87' lang='lat' dir='ltr'><strong>majestatis</strong></span> <span class='ocrx_word' id='word_1_366' title='bbox 3163 2099 3466 2169; x_wconf 82' lang='lat' dir='ltr'><strong>imperium,</strong></span> 
     </span>
    </p>
   </div>
   <div class='ocr_carea' id='block_1_52' title="bbox 1873 2193 3464 2261">
    <p class='ocr_par' dir='ltr' id='par_1_52' title="bbox 1873 2193 3464 2261">
     <span class='ocr_line' id='line_1_52' title="bbox 1873 2193 3464 2261; baseline 0.002 -18"><span class='ocrx_word' id='word_1_367' title='bbox 1873 2194 2330 2261; x_wconf 68' lang='grc' dir='ltr'>ιιιωιιεευδευτιιιιι</span> <span class='ocrx_word' id='word_1_368' title='bbox 2382 2201 2687 2244; x_wconf 89' lang='lat' dir='ltr'><strong>nostrormu</strong></span> <span class='ocrx_word' id='word_1_369' title='bbox 2735 2201 2933 2245; x_wconf 88' lang='lat' dir='ltr'><strong>statuta</strong></span> <span class='ocrx_word' id='word_1_370' title='bbox 2969 2193 3374 2257; x_wconf 63' lang='lat' dir='ltr'><strong>continuantes,</strong></span> <span class='ocrx_word' id='word_1_371' title='bbox 3410 2205 3464 2246; x_wconf 90' lang='lat' dir='ltr'><strong>ut</strong></span> 
     </span>
    </p>
   </div>
   <div class='ocr_carea' id='block_1_53' title="bbox 1871 2281 3464 2355">
    <p class='ocr_par' dir='ltr' id='par_1_53' title="bbox 1871 2281 3464 2355">
     <span class='ocr_line' id='line_1_53' title="bbox 1871 2281 3464 2355; baseline 0.001 -18"><span class='ocrx_word' id='word_1_372' title='bbox 1871 2287 1920 2337; x_wconf 90' lang='lat' dir='ltr'><strong>in</strong></span> <span class='ocrx_word' id='word_1_373' title='bbox 1967 2286 2118 2338; x_wconf 81' lang='lat' dir='ltr'><strong>villas</strong></span> <span class='ocrx_word' id='word_1_374' title='bbox 2162 2284 2453 2352; x_wconf 84' lang='lat' dir='ltr'><strong>supradicti</strong></span> <span class='ocrx_word' id='word_1_375' title='bbox 2499 2283 2752 2344; x_wconf 72' lang='grc' dir='ltr'>ειιειιιιιιιι,</span> <span class='ocrx_word' id='word_1_376' title='bbox 2799 2285 2850 2338; x_wconf 85' lang='lat' dir='ltr'><strong>id</strong></span> <span class='ocrx_word' id='word_1_377' title='bbox 2882 2294 2965 2337; x_wconf 87' lang='lat' dir='ltr'><strong>est</strong></span> <span class='ocrx_word' id='word_1_378' title='bbox 3015 2281 3310 2345; x_wconf 74' lang='lat' dir='ltr'><strong>Wiswirle,</strong></span> <span class='ocrx_word' id='word_1_379' title='bbox 3343 2302 3464 2355; x_wconf 75' lang='lat' dir='ltr'><strong>quze</strong></span> 
     </span>
    </p>
   </div>
   <div class='ocr_carea' id='block_1_54' title="bbox 1870 2375 3468 2448">
    <p class='ocr_par' dir='ltr' id='par_1_54' title="bbox 1870 2375 3468 2448">
     <span class='ocr_line' id='line_1_54' title="bbox 1870 2375 3468 2448; baseline 0.001 -19"><span class='ocrx_word' id='word_1_380' title='bbox 1870 2377 1966 2429; x_wconf 89' lang='lat' dir='ltr'><strong>sita</strong></span> <span class='ocrx_word' id='word_1_381' title='bbox 1996 2387 2078 2430; x_wconf 90' lang='lat' dir='ltr'><strong>est</strong></span> <span class='ocrx_word' id='word_1_382' title='bbox 2112 2379 2160 2430; x_wconf 89' lang='lat' dir='ltr'><strong>in</strong></span> <span class='ocrx_word' id='word_1_383' title='bbox 2206 2392 2342 2447; x_wconf 85' lang='lat' dir='ltr'><strong>pago</strong></span> <span class='ocrx_word' id='word_1_384' title='bbox 2387 2375 2800 2448; x_wconf 80' lang='lat' dir='ltr'><strong>Brisgaugiensi,</strong></span> <span class='ocrx_word' id='word_1_385' title='bbox 2853 2391 3014 2444; x_wconf 91' lang='lat' dir='ltr'><strong>super</strong></span> <span class='ocrx_word' id='word_1_386' title='bbox 3067 2379 3232 2444; x_wconf 83' lang='lat' dir='ltr'><strong>ripam</strong></span> <span class='ocrx_word' id='word_1_387' title='bbox 3297 2378 3468 2432; x_wconf 76' lang='lat' dir='ltr'><strong>Itheni</strong></span> 
     </span>
    </p>
   </div>
   <div class='ocr_carea' id='block_1_55' title="bbox 1869 2469 3465 2537">
    <p class='ocr_par' dir='ltr' id='par_1_55' title="bbox 1869 2469 3465 2537">
     <span class='ocr_line' id='line_1_55' title="bbox 1869 2469 3465 2537; baseline 0.004 -18"><span class='ocrx_word' id='word_1_388' title='bbox 1869 2469 2109 2522; x_wconf 89' lang='lat' dir='ltr'><strong>lluminis</strong></span> <span class='ocrx_word' id='word_1_389' title='bbox 2136 2508 2151 2532; x_wconf 90' lang='lat'><strong>,</strong></span> <span class='ocrx_word' id='word_1_390' title='bbox 2205 2484 2327 2521; x_wconf 92' lang='lat' dir='ltr'><strong>cum</strong></span> <span class='ocrx_word' id='word_1_391' title='bbox 2363 2469 2586 2523; x_wconf 83' lang='lat' dir='ltr'><strong>ecclesia</strong></span> <span class='ocrx_word' id='word_1_392' title='bbox 2611 2479 2664 2521; x_wconf 89' lang='lat' dir='ltr'><strong>et</strong></span> <span class='ocrx_word' id='word_1_393' title='bbox 2690 2471 2941 2522; x_wconf 86' lang='lat' dir='ltr'><strong>omnibus</strong></span> <span class='ocrx_word' id='word_1_394' title='bbox 2975 2471 3298 2537; x_wconf 80' lang='lat' dir='ltr'><strong>appenditiis</strong></span> <span class='ocrx_word' id='word_1_395' title='bbox 3327 2477 3465 2534; x_wconf 86' lang='lat' dir='ltr'><strong>suis,</strong></span> 
     </span>
    </p>
   </div>
   <div class='ocr_carea' id='block_1_56' title="bbox 1869 2557 3469 2630">
    <p class='ocr_par' dir='ltr' id='par_1_56' title="bbox 1869 2557 3469 2630">
     <span class='ocr_line' id='line_1_56' title="bbox 1869 2557 3469 2630; baseline 0.003 -17"><span class='ocrx_word' id='word_1_396' title='bbox 1869 2559 1919 2613; x_wconf 91' lang='lat' dir='ltr'><strong>in</strong></span> <span class='ocrx_word' id='word_1_397' title='bbox 1975 2558 2210 2622; x_wconf 77' lang='lat' dir='ltr'><strong>Sulzha,</strong></span> <span class='ocrx_word' id='word_1_398' title='bbox 2256 2560 2306 2611; x_wconf 92' lang='lat' dir='ltr'><strong>in</strong></span> <span class='ocrx_word' id='word_1_399' title='bbox 2366 2557 2726 2628; x_wconf 70' lang='lat' dir='ltr'><strong>EgCIhlICItII,</strong></span> <span class='ocrx_word' id='word_1_400' title='bbox 2795 2561 2846 2612; x_wconf 89' lang='lat' dir='ltr'><strong>in</strong></span> <span class='ocrx_word' id='word_1_401' title='bbox 2914 2559 3358 2630; x_wconf 77' lang='lat' dir='ltr'><strong>Sigalthesheim,</strong></span> <span class='ocrx_word' id='word_1_402' title='bbox 3416 2563 3469 2618; x_wconf 91' lang='lat' dir='ltr'><strong>iu</strong></span> 
     </span>
    </p>
   </div>
   <div class='ocr_carea' id='block_1_57' title="bbox 1870 2651 3466 2719">
    <p class='ocr_par' dir='ltr' id='par_1_57' title="bbox 1870 2651 3466 2719">
     <span class='ocr_line' id='line_1_57' title="bbox 1870 2651 3466 2719; baseline 0.001 -14"><span class='ocrx_word' id='word_1_403' title='bbox 1870 2651 2174 2715; x_wconf 79' lang='lat' dir='ltr'><strong>Burclteim,</strong></span> <span class='ocrx_word' id='word_1_404' title='bbox 2207 2653 2257 2705; x_wconf 87' lang='lat' dir='ltr'><strong>itt</strong></span> <span class='ocrx_word' id='word_1_405' title='bbox 2289 2652 2689 2719; x_wconf 78' lang='lat' dir='ltr'><strong>Lagelenheint,</strong></span> <span class='ocrx_word' id='word_1_406' title='bbox 2733 2653 2782 2704; x_wconf 91' lang='lat' dir='ltr'><strong>in</strong></span> <span class='ocrx_word' id='word_1_407' title='bbox 2814 2653 3200 2718; x_wconf 83' lang='lat' dir='ltr'><strong>Grozenbeim,</strong></span> <span class='ocrx_word' id='word_1_408' title='bbox 3245 2655 3296 2706; x_wconf 91' lang='lat' dir='ltr'><strong>in</strong></span> <span class='ocrx_word' id='word_1_409' title='bbox 3319 2653 3466 2708; x_wconf 84' lang='lat' dir='ltr'><strong>Ilun-</strong></span> 
     </span>
    </p>
   </div>
   <div class='ocr_carea' id='block_1_58' title="bbox 1868 2741 3466 2813">
    <p class='ocr_par' dir='ltr' id='par_1_58' title="bbox 1868 2741 3466 2813">
     <span class='ocr_line' id='line_1_58' title="bbox 1868 2741 3466 2813; baseline 0.001 -18"><span class='ocrx_word' id='word_1_410' title='bbox 1868 2743 2176 2806; x_wconf 88' lang='lat' dir='ltr'><strong>densheim,</strong></span> <span class='ocrx_word' id='word_1_411' title='bbox 2213 2742 2266 2796; x_wconf 87' lang='lat' dir='ltr'><strong>itt</strong></span> <span class='ocrx_word' id='word_1_412' title='bbox 2299 2741 2630 2807; x_wconf 80' lang='lat' dir='ltr'><strong>Northusen,</strong></span> <span class='ocrx_word' id='word_1_413' title='bbox 2663 2745 2712 2794; x_wconf 89' lang='lat' dir='ltr'><strong>in</strong></span> <span class='ocrx_word' id='word_1_414' title='bbox 2746 2742 3084 2808; x_wconf 78' lang='lat' dir='ltr'><strong>IIollasvrrte,</strong></span> <span class='ocrx_word' id='word_1_415' title='bbox 3120 2758 3236 2810; x_wconf 72' lang='lat' dir='ltr'><strong>qua:</strong></span> <span class='ocrx_word' id='word_1_416' title='bbox 3274 2747 3466 2813; x_wconf 72' lang='lat' dir='ltr'><strong>praefa-</strong></span> 
     </span>
    </p>
   </div>
   <div class='ocr_carea' id='block_1_59' title="bbox 1869 2833 3468 2904">
    <p class='ocr_par' dir='ltr' id='par_1_59' title="bbox 1869 2833 3468 2904">
     <span class='ocr_line' id='line_1_59' title="bbox 1869 2833 3468 2904; baseline 0.002 -17"><span class='ocrx_word' id='word_1_417' title='bbox 1869 2847 1956 2890; x_wconf 90' lang='lat' dir='ltr'><strong>tus</strong></span> <span class='ocrx_word' id='word_1_418' title='bbox 1999 2837 2103 2890; x_wconf 58' lang='lat' dir='ltr'><strong>dus</strong></span> <span class='ocrx_word' id='word_1_419' title='bbox 2159 2837 2334 2890; x_wconf 88' lang='lat' dir='ltr'><strong>eidem</strong></span> <span class='ocrx_word' id='word_1_420' title='bbox 2387 2835 2676 2888; x_wconf 77' lang='lat' dir='ltr'><strong>venerabili</strong></span> <span class='ocrx_word' id='word_1_421' title='bbox 2733 2836 2850 2888; x_wconf 92' lang='lat' dir='ltr'><strong>Ioco</strong></span> <span class='ocrx_word' id='word_1_422' title='bbox 2900 2833 3188 2904; x_wconf 61' lang='lat' dir='ltr'><strong>delegavit,</strong></span> <span class='ocrx_word' id='word_1_423' title='bbox 3245 2841 3468 2904; x_wconf 66' lang='lat' dir='ltr'><strong>vetqnse</strong></span> 
     </span>
    </p>
   </div>
   <div class='ocr_carea' id='block_1_60' title="bbox 1868 2927 3469 2997">
    <p class='ocr_par' dir='ltr' id='par_1_60' title="bbox 1868 2927 3469 2997">
     <span class='ocr_line' id='line_1_60' title="bbox 1868 2927 3469 2997; baseline 0 -13"><span class='ocrx_word' id='word_1_424' title='bbox 1868 2931 2043 2984; x_wconf 88' lang='lat' dir='ltr'><strong>adhuc</strong></span> <span class='ocrx_word' id='word_1_425' title='bbox 2093 2931 2288 2983; x_wconf 92' lang='lat' dir='ltr'><strong>donata</strong></span> <span class='ocrx_word' id='word_1_426' title='bbox 2341 2927 2565 2994; x_wconf 88' lang='lat' dir='ltr'><strong>fuerint,</strong></span> <span class='ocrx_word' id='word_1_427' title='bbox 2608 2928 2785 2981; x_wconf 84' lang='lat' dir='ltr'><strong>nullus</strong></span> <span class='ocrx_word' id='word_1_428' title='bbox 2823 2929 2985 2997; x_wconf 80' lang='lat' dir='ltr'><strong>juch</strong></span> <span class='ocrx_word' id='word_1_429' title='bbox 3020 2930 3288 2997; x_wconf 88' lang='lat' dir='ltr'><strong>publicus,</strong></span> <span class='ocrx_word' id='word_1_430' title='bbox 3319 2933 3469 2986; x_wconf 87' lang='lat' dir='ltr'><strong>nulla</strong></span> 
     </span>
    </p>
   </div>
   <div class='ocr_carea' id='block_1_61' title="bbox 1861 3021 3470 3094">
    <p class='ocr_par' dir='ltr' id='par_1_61' title="bbox 1861 3021 3470 3094">
     <span class='ocr_line' id='line_1_61' title="bbox 1861 3021 3470 3094; baseline 0.002 -20"><span class='ocrx_word' id='word_1_431' title='bbox 1861 3023 2144 3094; x_wconf 82' lang='lat' dir='ltr'><strong>judiciaria</strong></span> <span class='ocrx_word' id='word_1_432' title='bbox 2201 3033 2458 3092; x_wconf 70' lang='lat' dir='ltr'><strong>potestas,</strong></span> <span class='ocrx_word' id='word_1_433' title='bbox 2515 3021 2778 3090; x_wconf 83' lang='lat' dir='ltr'><strong>spiritalis</strong></span> <span class='ocrx_word' id='word_1_434' title='bbox 2811 3039 2904 3076; x_wconf 90' lang='lat' dir='ltr'><strong>seu</strong></span> <span class='ocrx_word' id='word_1_435' title='bbox 2936 3024 3214 3088; x_wconf 89' lang='lat' dir='ltr'><strong>secularis,</strong></span> <span class='ocrx_word' id='word_1_436' title='bbox 3262 3023 3470 3094; x_wconf 75' lang='lat' dir='ltr'><strong>ingredi</strong></span> 
     </span>
    </p>
   </div>
   <div class='ocr_carea' id='block_1_62' title="bbox 166 3097 3470 3186">
    <p class='ocr_par' dir='ltr' id='par_1_62' title="bbox 166 3097 3470 3186">
     <span class='ocr_line' id='line_1_62' title="bbox 166 3097 3470 3186; baseline 0.003 -25"><span class='ocrx_word' id='word_1_437' title='bbox 166 3113 488 3180; x_wconf 71' lang='lat' dir='ltr'><strong>temporibus</strong></span> <span class='ocrx_word' id='word_1_438' title='bbox 520 3123 785 3176; x_wconf 89' lang='lat' dir='ltr'><strong>teneatur,</strong></span> <span class='ocrx_word' id='word_1_439' title='bbox 832 3129 991 3166; x_wconf 86' lang='lat' dir='ltr'><strong>tnauu</strong></span> <span class='ocrx_word' id='word_1_440' title='bbox 1043 3115 1253 3182; x_wconf 87' lang='lat' dir='ltr'><strong>propria</strong></span> <span class='ocrx_word' id='word_1_441' title='bbox 1287 3117 1474 3168; x_wconf 88' lang='lat' dir='ltr'><strong>subter</strong></span> <span class='ocrx_word' id='word_1_442' title='bbox 1516 3117 1751 3169; x_wconf 86' lang='lat' dir='ltr'><strong>lirmavi-</strong></span> <span class='ocrx_word' id='word_1_443' title='bbox 1786 3097 1830 3157; x_wconf 65' lang='grc' dir='ltr'><strong>(ἶ</strong></span> <span class='ocrx_word' id='word_1_444' title='bbox 1869 3118 2126 3171; x_wconf 80' lang='lat' dir='ltr'><strong>violenter</strong></span> <span class='ocrx_word' id='word_1_445' title='bbox 2200 3118 2429 3180; x_wconf 83' lang='lat' dir='ltr'><strong>audeat,</strong></span> <span class='ocrx_word' id='word_1_446' title='bbox 2493 3131 2592 3170; x_wconf 90' lang='lat' dir='ltr'><strong>nec</strong></span> <span class='ocrx_word' id='word_1_447' title='bbox 2656 3117 3050 3170; x_wconf 71' lang='lat' dir='ltr'><strong>ecclesiasticas</strong></span> <span class='ocrx_word' id='word_1_448' title='bbox 3098 3120 3470 3186; x_wconf 70' lang='lat' dir='ltr'><strong>possessiones</strong></span> 
     </span>
    </p>
   </div>
   <div class='ocr_carea' id='block_1_63' title="bbox 166 3203 1448 3274">
    <p class='ocr_par' dir='ltr' id='par_1_63' title="bbox 166 3203 1448 3274">
     <span class='ocr_line' id='line_1_63' title="bbox 166 3203 1448 3274; baseline 0.002 -18"><span class='ocrx_word' id='word_1_449' title='bbox 166 3219 295 3263; x_wconf 83' lang='lat' dir='ltr'><strong>tuus.</strong></span> <span class='ocrx_word' id='word_1_450' title='bbox 326 3209 384 3257; x_wconf 70' lang='lat' dir='ltr'><strong>et</strong></span> <span class='ocrx_word' id='word_1_451' title='bbox 407 3203 476 3257; x_wconf 92' lang='lat' dir='ltr'><strong>de</strong></span> <span class='ocrx_word' id='word_1_452' title='bbox 503 3206 664 3258; x_wconf 88' lang='lat' dir='ltr'><strong>anulo</strong></span> <span class='ocrx_word' id='word_1_453' title='bbox 694 3216 879 3259; x_wconf 91' lang='lat' dir='ltr'><strong>nostro</strong></span> <span class='ocrx_word' id='word_1_454' title='bbox 911 3205 1142 3274; x_wconf 82' lang='lat' dir='ltr'><strong>sigillare</strong></span> <span class='ocrx_word' id='word_1_455' title='bbox 1169 3204 1448 3274; x_wconf 85' lang='lat' dir='ltr'><strong>jnssirnus.</strong></span> 
     </span>
    </p>
   </div>
   <div class='ocr_carea' id='block_1_64' title="bbox 233 3293 1436 3366">
    <p class='ocr_par' dir='ltr' id='par_1_64' title="bbox 233 3293 1436 3366">
     <span class='ocr_line' id='line_1_64' title="bbox 233 3293 1436 3366; baseline 0.002 -18"><span class='ocrx_word' id='word_1_456' title='bbox 233 3293 449 3366; x_wconf 82' lang='lat' dir='ltr'><strong>Signum</strong></span> <span class='ocrx_word' id='word_1_457' title='bbox 475 3293 1046 3364; x_wconf 78' lang='lat' dir='ltr'><strong>Caroli,gloriosissittti</strong></span> <span class='ocrx_word' id='word_1_458' title='bbox 1080 3298 1436 3366; x_wconf 84' lang='lat' dir='ltr'><strong>imperatoris.</strong></span> 
     </span>
    </p>
   </div>
   <div class='ocr_carea' id='block_1_65' title="bbox 233 3386 1756 3460">
    <p class='ocr_par' dir='ltr' id='par_1_65' title="bbox 233 3386 1756 3460">
     <span class='ocr_line' id='line_1_65' title="bbox 233 3386 1756 3460; baseline 0.002 -20"><span class='ocrx_word' id='word_1_459' title='bbox 233 3386 490 3442; x_wconf 75' lang='lat' dir='ltr'><strong>Genesius</strong></span> <span class='ocrx_word' id='word_1_460' title='bbox 518 3387 583 3442; x_wconf 91' lang='lat' dir='ltr'><strong>ad</strong></span> <span class='ocrx_word' id='word_1_461' title='bbox 617 3389 782 3443; x_wconf 87' lang='lat' dir='ltr'><strong>vicem</strong></span> <span class='ocrx_word' id='word_1_462' title='bbox 819 3389 1209 3444; x_wconf 81' lang='lat' dir='ltr'><strong>Erchembaudi</strong></span> <span class='ocrx_word' id='word_1_463' title='bbox 1236 3391 1521 3460; x_wconf 81' lang='lat' dir='ltr'><strong>recognovi</strong></span> <span class='ocrx_word' id='word_1_464' title='bbox 1547 3400 1599 3444; x_wconf 91' lang='lat' dir='ltr'><strong>ct</strong></span> <span class='ocrx_word' id='word_1_465' title='bbox 1623 3391 1756 3444; x_wconf 82' lang='lat' dir='ltr'><strong>sub-</strong></span> 
     </span>
    </p>
   </div>
   <div class='ocr_carea' id='block_1_66' title="bbox 164 3491 364 3542">
    <p class='ocr_par' dir='ltr' id='par_1_66' title="bbox 164 3491 364 3542">
     <span class='ocr_line' id='line_1_66' title="bbox 164 3491 364 3542; baseline 0.02 -15"><span class='ocrx_word' id='word_1_466' title='bbox 164 3491 364 3542; x_wconf 73' lang='lat' dir='ltr'><strong>scripsi.</strong></span> 
     </span>
    </p>
   </div>
   <div class='ocr_carea' id='block_1_67' title="bbox 234 3567 1758 3639">
    <p class='ocr_par' dir='ltr' id='par_1_67' title="bbox 234 3567 1758 3639">
     <span class='ocr_line' id='line_1_67' title="bbox 234 3567 1758 3639; baseline 0.005 -22"><span class='ocrx_word' id='word_1_467' title='bbox 234 3567 354 3620; x_wconf 81' lang='lat' dir='ltr'><strong>Data</strong></span> <span class='ocrx_word' id='word_1_468' title='bbox 387 3569 437 3620; x_wconf 90' lang='lat' dir='ltr'><strong>in</strong></span> <span class='ocrx_word' id='word_1_469' title='bbox 482 3585 665 3625; x_wconf 87' lang='lat' dir='ltr'><strong>mense</strong></span> <span class='ocrx_word' id='word_1_470' title='bbox 697 3569 916 3639; x_wconf 83' lang='lat' dir='ltr'><strong>Aprilis,</strong></span> <span class='ocrx_word' id='word_1_471' title='bbox 953 3586 1068 3624; x_wconf 85' lang='lat' dir='ltr'><strong>vnn</strong></span> <span class='ocrx_word' id='word_1_472' title='bbox 1100 3571 1328 3626; x_wconf 83' lang='lat' dir='ltr'><strong>Kalend.</strong></span> <span class='ocrx_word' id='word_1_473' title='bbox 1366 3571 1506 3634; x_wconf 79' lang='lat' dir='ltr'><strong>Maii,</strong></span> <span class='ocrx_word' id='word_1_474' title='bbox 1555 3587 1697 3626; x_wconf 89' lang='lat' dir='ltr'><strong>anno</strong></span> <span class='ocrx_word' id='word_1_475' title='bbox 1723 3571 1758 3625; x_wconf 64' lang='grc' dir='ltr'>ἓ</span> 
     </span>
    </p>
   </div>
   <div class='ocr_carea' id='block_1_68' title="bbox 167 3660 1755 3736">
    <p class='ocr_par' dir='ltr' id='par_1_68' title="bbox 167 3660 1755 3736">
     <span class='ocr_line' id='line_1_68' title="bbox 167 3660 1755 3736; baseline 0.004 -24"><span class='ocrx_word' id='word_1_476' title='bbox 167 3660 371 3715; x_wconf 77' lang='lat' dir='ltr'><strong>Lhrism</strong></span> <span class='ocrx_word' id='word_1_477' title='bbox 400 3662 631 3731; x_wconf 88' lang='lat' dir='ltr'><strong>propitio</strong></span> <span class='ocrx_word' id='word_1_478' title='bbox 677 3663 892 3732; x_wconf 73' lang='lat' dir='ltr'><strong>gloriosi</strong></span> <span class='ocrx_word' id='word_1_479' title='bbox 927 3665 1135 3732; x_wconf 87' lang='lat' dir='ltr'><strong>imperii</strong></span> <span class='ocrx_word' id='word_1_480' title='bbox 1179 3666 1368 3729; x_wconf 90' lang='lat' dir='ltr'><strong>nostri,</strong></span> <span class='ocrx_word' id='word_1_481' title='bbox 1401 3677 1453 3719; x_wconf 90' lang='lat' dir='ltr'><strong>et</strong></span> <span class='ocrx_word' id='word_1_482' title='bbox 1496 3665 1566 3721; x_wconf 55' lang='lat'><strong>3‘3</strong></span> <span class='ocrx_word' id='word_1_483' title='bbox 1607 3668 1755 3736; x_wconf 84' lang='lat' dir='ltr'><strong>regni</strong></span> 
     </span>
    </p>
   </div>
   <div class='ocr_carea' id='block_1_69' title="bbox 167 3752 1757 3824">
    <p class='ocr_par' dir='ltr' id='par_1_69' title="bbox 167 3752 1757 3824">
     <span class='ocr_line' id='line_1_69' title="bbox 167 3752 1757 3824; baseline 0.006 -22"><span class='ocrx_word' id='word_1_484' title='bbox 167 3754 322 3806; x_wconf 88' lang='lat' dir='ltr'><strong>nostri</strong></span> <span class='ocrx_word' id='word_1_485' title='bbox 356 3753 407 3808; x_wconf 94' lang='lat' dir='ltr'><strong>in</strong></span> <span class='ocrx_word' id='word_1_486' title='bbox 433 3752 676 3822; x_wconf 81' lang='lat' dir='ltr'><strong>Francia,</strong></span> <span class='ocrx_word' id='word_1_487' title='bbox 703 3763 759 3812; x_wconf 88' lang='lat' dir='ltr'><strong>et</strong></span> <span class='ocrx_word' id='word_1_488' title='bbox 785 3756 856 3812; x_wconf 73' lang='grc'><strong>29</strong></span> <span class='ocrx_word' id='word_1_489' title='bbox 886 3757 937 3811; x_wconf 91' lang='lat' dir='ltr'><strong>iu</strong></span> <span class='ocrx_word' id='word_1_490' title='bbox 966 3757 1137 3824; x_wconf 88' lang='lat' dir='ltr'><strong>Italia,</strong></span> <span class='ocrx_word' id='word_1_491' title='bbox 1170 3756 1223 3812; x_wconf 92' lang='lat' dir='ltr'><strong>in</strong></span> <span class='ocrx_word' id='word_1_492' title='bbox 1251 3757 1343 3812; x_wconf 87' lang='lat' dir='ltr'><strong>Dei</strong></span> <span class='ocrx_word' id='word_1_493' title='bbox 1374 3759 1593 3813; x_wconf 88' lang='lat' dir='ltr'><strong>nomine</strong></span> <span class='ocrx_word' id='word_1_494' title='bbox 1629 3757 1757 3813; x_wconf 87' lang='lat' dir='ltr'><strong>feli-</strong></span> 
     </span>
    </p>
   </div>
   <div class='ocr_carea' id='block_1_70' title="bbox 165 3844 536 3900">
    <p class='ocr_par' dir='ltr' id='par_1_70' title="bbox 165 3844 536 3900">
     <span class='ocr_line' id='line_1_70' title="bbox 165 3844 536 3900; baseline 0.005 -5"><span class='ocrx_word' id='word_1_495' title='bbox 165 3844 304 3898; x_wconf 85' lang='lat' dir='ltr'><strong>citer.</strong></span> <span class='ocrx_word' id='word_1_496' title='bbox 338 3846 536 3900; x_wconf 82' lang='lat' dir='ltr'><strong>Amen.</strong></span> 
     </span>
    </p>
   </div>
   <div class='ocr_carea' id='block_1_71' title="bbox 865 3937 1070 3994">
    <p class='ocr_par' dir='ltr' id='par_1_71' title="bbox 865 3937 1070 3994">
     <span class='ocr_line' id='line_1_71' title="bbox 865 3937 1070 3994; baseline 0.005 -1"><span class='ocrx_word' id='word_1_497' title='bbox 865 3937 1070 3994; x_wconf 75' lang='lat' dir='ltr'><strong>LXVII.</strong></span> 
     </span>
    </p>
   </div>
   <div class='ocr_carea' id='block_1_72' title="bbox 167 4023 1754 4103">
    <p class='ocr_par' dir='ltr' id='par_1_72' title="bbox 167 4023 1754 4103">
     <span class='ocr_line' id='line_1_72' title="bbox 167 4023 1754 4103; baseline 0.005 -25"><span class='ocrx_word' id='word_1_498' title='bbox 167 4023 494 4103; x_wconf 54' lang='lat' dir='ltr'><strong>Prteceptunt</strong></span> <span class='ocrx_word' id='word_1_499' title='bbox 513 4029 694 4103; x_wconf 78' lang='lat' dir='ltr'><strong>Caroli</strong></span> <span class='ocrx_word' id='word_1_500' title='bbox 745 4029 966 4103; x_wconf 69' lang='lat' dir='ltr'><strong>Magni,</strong></span> <span class='ocrx_word' id='word_1_501' title='bbox 1018 4048 1118 4102; x_wconf 86' lang='lat' dir='ltr'><strong>quo</strong></span> <span class='ocrx_word' id='word_1_502' title='bbox 1165 4032 1503 4087; x_wconf 73' lang='lat' dir='ltr'><strong>immanitatis</strong></span> <span class='ocrx_word' id='word_1_503' title='bbox 1545 4033 1754 4101; x_wconf 69' lang='lat' dir='ltr'><strong>privile-</strong></span> 
     </span>
    </p>
   </div>
   <div class='ocr_carea' id='block_1_73' title="bbox 229 4099 1752 4170">
    <p class='ocr_par' dir='ltr' id='par_1_73' title="bbox 229 4099 1752 4170">
     <span class='ocr_line' id='line_1_73' title="bbox 229 4099 1752 4170; baseline 0.005 -20"><span class='ocrx_word' id='word_1_504' title='bbox 229 4101 364 4167; x_wconf 82' lang='lat' dir='ltr'><strong>gium</strong></span> <span class='ocrx_word' id='word_1_505' title='bbox 395 4118 426 4153; x_wconf 82' lang='grc' dir='ltr'><em>α</em></span> <span class='ocrx_word' id='word_1_506' title='bbox 455 4099 681 4170; x_wconf 85' lang='lat' dir='ltr'><strong>Pippino</strong></span> <span class='ocrx_word' id='word_1_507' title='bbox 713 4099 860 4169; x_wconf 68' lang='lat' dir='ltr'><strong>patre</strong></span> <span class='ocrx_word' id='word_1_508' title='bbox 895 4099 1230 4157; x_wconf 75' lang='lat' dir='ltr'><strong>Novientensi</strong></span> <span class='ocrx_word' id='word_1_509' title='bbox 1279 4099 1586 4159; x_wconf 82' lang='lat' dir='ltr'><strong>monasterio</strong></span> <span class='ocrx_word' id='word_1_510' title='bbox 1625 4121 1752 4158; x_wconf 85' lang='lat' dir='ltr'><strong>con-</strong></span> 
     </span>
    </p>
   </div>
   <div class='ocr_carea' id='block_1_74' title="bbox 227 4175 1096 4245">
    <p class='ocr_par' dir='ltr' id='par_1_74' title="bbox 227 4175 1096 4245">
     <span class='ocr_line' id='line_1_74' title="bbox 227 4175 1096 4245; baseline 0.007 -23"><span class='ocrx_word' id='word_1_511' title='bbox 227 4186 420 4223; x_wconf 75' lang='lat' dir='ltr'><strong>cessum</strong></span> <span class='ocrx_word' id='word_1_512' title='bbox 446 4175 716 4242; x_wconf 75' lang='lat' dir='ltr'><strong>conﬁrmat</strong></span> <span class='ocrx_word' id='word_1_513' title='bbox 757 4177 915 4236; x_wconf 90' lang='lat' dir='ltr'><strong>(anno</strong></span> <span class='ocrx_word' id='word_1_514' title='bbox 942 4176 1096 4245; x_wconf 79' lang='lat' dir='ltr'><strong>8w).</strong></span> 
     </span>
    </p>
   </div>
   <div class='ocr_carea' id='block_1_75' title="bbox 649 4262 1548 4328">
    <p class='ocr_par' dir='ltr' id='par_1_75' title="bbox 649 4262 1548 4328">
     <span class='ocr_line' id='line_1_75' title="bbox 649 4262 1548 4328; baseline 0.002 -15"><span class='ocrx_word' id='word_1_515' title='bbox 649 4263 741 4320; x_wconf 83' lang='lat' dir='ltr'><strong>(Ex</strong></span> <span class='ocrx_word' id='word_1_516' title='bbox 771 4262 830 4314; x_wconf 94' lang='lat' dir='ltr'><strong>D.</strong></span> <span class='ocrx_word' id='word_1_517' title='bbox 852 4265 1096 4328; x_wconf 75' lang='lat' dir='ltr'><strong>Bouquet,</strong></span> <span class='ocrx_word' id='word_1_518' title='bbox 1119 4267 1254 4328; x_wconf 91' lang='lat' dir='ltr'><strong>ibid.)</strong></span> <span class='ocrx_word' id='word_1_519' title='bbox 1544 4313 1548 4315; x_wconf 71' lang='lat'><strong>.</strong></span> 
     </span>
    </p>
   </div>
   <div class='ocr_carea' id='block_1_76' title="bbox 231 4345 1748 4421">
    <p class='ocr_par' dir='ltr' id='par_1_76' title="bbox 231 4345 1748 4421">
     <span class='ocr_line' id='line_1_76' title="bbox 231 4345 1748 4421; baseline 0.005 -24"><span class='ocrx_word' id='word_1_520' title='bbox 231 4345 284 4397; x_wconf 83' lang='grc' dir='ltr'><strong>ιιι</strong></span> <span class='ocrx_word' id='word_1_521' title='bbox 317 4345 748 4414; x_wconf 71' lang='lat' dir='ltr'><strong>nomine‘Patris,</strong></span> <span class='ocrx_word' id='word_1_522' title='bbox 785 4362 836 4403; x_wconf 89' lang='lat' dir='ltr'><strong>et</strong></span> <span class='ocrx_word' id='word_1_523' title='bbox 862 4349 1006 4415; x_wconf 88' lang='lat' dir='ltr'><strong>Filii,</strong></span> <span class='ocrx_word' id='word_1_524' title='bbox 1034 4361 1088 4404; x_wconf 91' lang='lat' dir='ltr'><strong>et</strong></span> <span class='ocrx_word' id='word_1_525' title='bbox 1110 4352 1338 4421; x_wconf 88' lang='lat' dir='ltr'><strong>Spiritus</strong></span> <span class='ocrx_word' id='word_1_526' title='bbox 1358 4353 1552 4417; x_wconf 89' lang='lat' dir='ltr'><strong>sancti,</strong></span> <span class='ocrx_word' id='word_1_527' title='bbox 1579 4351 1748 4406; x_wconf 89' lang='lat' dir='ltr'><strong>Caro-</strong></span> 
     </span>
    </p>
   </div>
   <div class='ocr_carea' id='block_1_77' title="bbox 1866 3208 3468 3282">
    <p class='ocr_par' dir='ltr' id='par_1_77' title="bbox 1866 3208 3468 3282">
     <span class='ocr_line' id='line_1_77' title="bbox 1866 3208 3468 3282; baseline 0.002 -19"><span class='ocrx_word' id='word_1_528' title='bbox 1866 3219 2053 3263; x_wconf 86' lang='lat' dir='ltr'><strong>contra</strong></span> <span class='ocrx_word' id='word_1_529' title='bbox 2096 3208 2360 3279; x_wconf 70' lang='lat' dir='ltr'><strong>jllb’illiatlt</strong></span> <span class='ocrx_word' id='word_1_530' title='bbox 2395 3210 2494 3264; x_wconf 87' lang='lat' dir='ltr'><strong>sibi</strong></span> <span class='ocrx_word' id='word_1_531' title='bbox 2526 3210 2800 3264; x_wconf 89' lang='lat' dir='ltr'><strong>vindicare</strong></span> <span class='ocrx_word' id='word_1_532' title='bbox 2844 3221 3134 3279; x_wconf 58' lang='lat' dir='ltr'><strong>prasumat</strong></span> <span class='ocrx_word' id='word_1_533' title='bbox 3164 3231 3176 3264; x_wconf 94' lang='lat'>:</span> <span class='ocrx_word' id='word_1_534' title='bbox 3209 3213 3301 3266; x_wconf 90' lang='lat' dir='ltr'><strong>sed</strong></span> <span class='ocrx_word' id='word_1_535' title='bbox 3336 3228 3468 3282; x_wconf 67' lang='lat' dir='ltr'><strong>prte-</strong></span> 
     </span>
    </p>
   </div>
   <div class='ocr_carea' id='block_1_78' title="bbox 1865 3301 3464 3371">
    <p class='ocr_par' dir='ltr' id='par_1_78' title="bbox 1865 3301 3464 3371">
     <span class='ocr_line' id='line_1_78' title="bbox 1865 3301 3464 3371; baseline 0.001 -16"><span class='ocrx_word' id='word_1_536' title='bbox 1865 3302 2039 3356; x_wconf 89' lang='lat' dir='ltr'><strong>dictus</strong></span> <span class='ocrx_word' id='word_1_537' title='bbox 2069 3305 2234 3356; x_wconf 83' lang='lat' dir='ltr'><strong>abbas</strong></span> <span class='ocrx_word' id='word_1_538' title='bbox 2265 3301 2633 3368; x_wconf 76' lang='lat' dir='ltr'><strong>I&#39;hietbaldus,</strong></span> <span class='ocrx_word' id='word_1_539' title='bbox 2687 3302 2912 3371; x_wconf 87' lang='lat' dir='ltr'><strong>ejusque</strong></span> <span class='ocrx_word' id='word_1_540' title='bbox 2954 3317 3297 3358; x_wconf 87' lang='lat' dir='ltr'><strong>successores</strong></span> <span class='ocrx_word' id='word_1_541' title='bbox 3343 3317 3464 3358; x_wconf 84' lang='lat' dir='ltr'><strong>eas-</strong></span> 
     </span>
    </p>
   </div>
   <div class='ocr_carea' id='block_1_79' title="bbox 1868 3395 3468 3465">
    <p class='ocr_par' dir='ltr' id='par_1_79' title="bbox 1868 3395 3468 3465">
     <span class='ocr_line' id='line_1_79' title="bbox 1868 3395 3468 3465; baseline 0.001 -18"><span class='ocrx_word' id='word_1_542' title='bbox 1868 3396 1990 3448; x_wconf 85' lang='lat' dir='ltr'><strong>dem</strong></span> <span class='ocrx_word' id='word_1_543' title='bbox 2045 3410 2130 3449; x_wconf 90' lang='lat' dir='ltr'><strong>res</strong></span> <span class='ocrx_word' id='word_1_544' title='bbox 2187 3395 2583 3464; x_wconf 70' lang='lat' dir='ltr'><strong>augmentand.»</strong></span> <span class='ocrx_word' id='word_1_545' title='bbox 2633 3406 2686 3447; x_wconf 89' lang='lat' dir='ltr'><strong>et</strong></span> <span class='ocrx_word' id='word_1_546' title='bbox 2751 3395 3086 3449; x_wconf 87' lang='lat' dir='ltr'><strong>meliorando</strong></span> <span class='ocrx_word' id='word_1_547' title='bbox 3143 3397 3468 3465; x_wconf 71' lang='lat' dir='ltr'><strong>potestative</strong></span> 
     </span>
    </p>
   </div>
   <div class='ocr_carea' id='block_1_80' title="bbox 1871 3489 3442 3559">
    <p class='ocr_par' dir='ltr' id='par_1_80' title="bbox 1871 3489 3442 3559">
     <span class='ocr_line' id='line_1_80' title="bbox 1871 3489 3442 3559; baseline 0 -16"><span class='ocrx_word' id='word_1_548' title='bbox 1871 3489 2206 3559; x_wconf 82' lang='lat' dir='ltr'><strong>possideant.</strong></span> <span class='ocrx_word' id='word_1_549' title='bbox 2242 3489 2306 3542; x_wconf 71' lang='lat' dir='ltr'><strong>Iit</strong></span> <span class='ocrx_word' id='word_1_550' title='bbox 2339 3497 2395 3542; x_wconf 91' lang='lat' dir='ltr'><strong>ut</strong></span> <span class='ocrx_word' id='word_1_551' title='bbox 2428 3490 2540 3542; x_wconf 65' lang='lat' dir='ltr'><strong>haec</strong></span> <span class='ocrx_word' id='word_1_552' title='bbox 2570 3502 2751 3541; x_wconf 87' lang='lat' dir='ltr'><strong>nostra</strong></span> <span class='ocrx_word' id='word_1_553' title='bbox 2803 3493 3088 3542; x_wconf 84' lang='lat' dir='ltr'><strong>auctoritas</strong></span> <span class='ocrx_word' id='word_1_554' title='bbox 3116 3490 3322 3543; x_wconf 82' lang='lat' dir='ltr'><strong>stabilis</strong></span> <span class='ocrx_word' id='word_1_555' title='bbox 3347 3505 3442 3559; x_wconf 89' lang='lat' dir='ltr'><strong>per</strong></span> 
     </span>
    </p>
   </div>
   <div class='ocr_carea' id='block_1_81' title="bbox 1865 3580 3463 3649">
    <p class='ocr_par' dir='ltr' id='par_1_81' title="bbox 1865 3580 3463 3649">
     <span class='ocr_line' id='line_1_81' title="bbox 1865 3580 3463 3649; baseline 0 -14"><span class='ocrx_word' id='word_1_556' title='bbox 1865 3591 2101 3645; x_wconf 84' lang='lat' dir='ltr'><strong>maneat,</strong></span> <span class='ocrx_word' id='word_1_557' title='bbox 2133 3589 2186 3634; x_wconf 88' lang='lat' dir='ltr'><strong>et</strong></span> <span class='ocrx_word' id='word_1_558' title='bbox 2226 3595 2321 3649; x_wconf 89' lang='lat' dir='ltr'><strong>per</strong></span> <span class='ocrx_word' id='word_1_559' title='bbox 2367 3580 2542 3632; x_wconf 82' lang='lat' dir='ltr'><strong>futura</strong></span> <span class='ocrx_word' id='word_1_560' title='bbox 2590 3592 2828 3648; x_wconf 83' lang='lat' dir='ltr'><strong>tetttpora</strong></span> <span class='ocrx_word' id='word_1_561' title='bbox 2865 3581 3057 3634; x_wconf 87' lang='lat' dir='ltr'><strong>melius</strong></span> <span class='ocrx_word' id='word_1_562' title='bbox 3087 3580 3463 3642; x_wconf 69' lang='lat' dir='ltr'><strong>conservi-tor,</strong></span> 
     </span>
    </p>
   </div>
   <div class='ocr_carea' id='block_1_82' title="bbox 1866 3671 3464 3742">
    <p class='ocr_par' dir='ltr' id='par_1_82' title="bbox 1866 3671 3464 3742">
     <span class='ocr_line' id='line_1_82' title="bbox 1866 3671 3464 3742; baseline -0.001 -15"><span class='ocrx_word' id='word_1_563' title='bbox 1866 3677 2004 3728; x_wconf 88' lang='lat' dir='ltr'><strong>hanc</strong></span> <span class='ocrx_word' id='word_1_564' title='bbox 2035 3683 2237 3728; x_wconf 86' lang='lat' dir='ltr'><strong>cartam</strong></span> <span class='ocrx_word' id='word_1_565' title='bbox 2265 3671 2416 3741; x_wconf 87' lang='lat' dir='ltr'><strong>jussu</strong></span> <span class='ocrx_word' id='word_1_566' title='bbox 2452 3681 2639 3724; x_wconf 80' lang='lat' dir='ltr'><strong>nostro</strong></span> <span class='ocrx_word' id='word_1_567' title='bbox 2671 3675 3028 3738; x_wconf 84' lang='lat' dir='ltr'><strong>conscriptam</strong></span> <span class='ocrx_word' id='word_1_568' title='bbox 3061 3687 3217 3726; x_wconf 91' lang='lat' dir='ltr'><strong>manu</strong></span> <span class='ocrx_word' id='word_1_569' title='bbox 3254 3673 3464 3742; x_wconf 73' lang='lat' dir='ltr'><strong>pmpria</strong></span> 
     </span>
    </p>
   </div>
   <div class='ocr_carea' id='block_1_83' title="bbox 1862 3763 3464 3833">
    <p class='ocr_par' dir='ltr' id='par_1_83' title="bbox 1862 3763 3464 3833">
     <span class='ocr_line' id='line_1_83' title="bbox 1862 3763 3464 3833; baseline 0.001 -14"><span class='ocrx_word' id='word_1_570' title='bbox 1862 3766 2285 3832; x_wconf 82' lang='lat' dir='ltr'><strong>continuantes,</strong></span> <span class='ocrx_word' id='word_1_571' title='bbox 2353 3764 2535 3818; x_wconf 84' lang='lat' dir='ltr'><strong>amntli</strong></span> <span class='ocrx_word' id='word_1_572' title='bbox 2600 3765 2766 3818; x_wconf 86' lang='lat' dir='ltr'><strong>nostri</strong></span> <span class='ocrx_word' id='word_1_573' title='bbox 2825 3763 3182 3833; x_wconf 71' lang='lat' dir='ltr'><strong>impressione</strong></span> <span class='ocrx_word' id='word_1_574' title='bbox 3240 3765 3464 3831; x_wconf 64' lang='lat' dir='ltr'><strong>sigillari</strong></span> 
     </span>
    </p>
   </div>
   <div class='ocr_carea' id='block_1_84' title="bbox 1861 3872 2136 3928">
    <p class='ocr_par' dir='ltr' id='par_1_84' title="bbox 1861 3872 2136 3928">
     <span class='ocr_line' id='line_1_84' title="bbox 1861 3872 2136 3928; baseline 0.015 -22"><span class='ocrx_word' id='word_1_575' title='bbox 1861 3872 2136 3928; x_wconf 71' lang='grc' dir='ltr'>ιιιδειιιιιιε.</span> 
     </span>
    </p>
   </div>
   <div class='ocr_carea' id='block_1_85' title="bbox 1935 3955 3384 4033">
    <p class='ocr_par' dir='ltr' id='par_1_85' title="bbox 1935 3955 3384 4033">
     <span class='ocr_line' id='line_1_85' title="bbox 1935 3955 3384 4033; baseline 0.001 -21"><span class='ocrx_word' id='word_1_576' title='bbox 1935 3957 2158 4028; x_wconf 80' lang='lat' dir='ltr'><strong>Signum</strong></span> <span class='ocrx_word' id='word_1_577' title='bbox 2193 3955 2372 4010; x_wconf 77' lang='lat' dir='ltr'><strong>Karoli</strong></span> <span class='ocrx_word' id='word_1_578' title='bbox 2405 3955 2777 4024; x_wconf 78' lang='lat' dir='ltr'><strong>gloriosissitni</strong></span> <span class='ocrx_word' id='word_1_579' title='bbox 2813 3959 2953 4025; x_wconf 88' lang='lat' dir='ltr'><strong>regis</strong></span> <span class='ocrx_word' id='word_1_580' title='bbox 2979 3955 3384 4033; x_wconf 82' lang='lat' dir='ltr'><strong>[imperatoris].</strong></span> 
     </span>
    </p>
   </div>
   <div class='ocr_carea' id='block_1_86' title="bbox 1934 4057 3454 4131">
    <p class='ocr_par' dir='ltr' id='par_1_86' title="bbox 1934 4057 3454 4131">
     <span class='ocr_line' id='line_1_86' title="bbox 1934 4057 3454 4131; baseline 0.002 -17"><span class='ocrx_word' id='word_1_581' title='bbox 1934 4061 2046 4131; x_wconf 82' lang='lat' dir='ltr'><strong>Ego</strong></span> <span class='ocrx_word' id='word_1_582' title='bbox 2093 4059 2221 4115; x_wconf 91' lang='lat' dir='ltr'><strong>Ibbo</strong></span> <span class='ocrx_word' id='word_1_583' title='bbox 2269 4058 2335 4113; x_wconf 91' lang='lat' dir='ltr'><strong>ad</strong></span> <span class='ocrx_word' id='word_1_584' title='bbox 2390 4060 2562 4114; x_wconf 90' lang='lat' dir='ltr'><strong>vicem</strong></span> <span class='ocrx_word' id='word_1_585' title='bbox 2616 4057 2993 4113; x_wconf 79' lang='lat' dir='ltr'><strong>Erchanibaldi</strong></span> <span class='ocrx_word' id='word_1_586' title='bbox 3042 4060 3208 4130; x_wconf 82' lang='lat' dir='ltr'><strong>relegi</strong></span> <span class='ocrx_word' id='word_1_587' title='bbox 3237 4071 3293 4115; x_wconf 87' lang='lat' dir='ltr'><strong>et</strong></span> <span class='ocrx_word' id='word_1_588' title='bbox 3321 4062 3454 4116; x_wconf 80' lang='lat' dir='ltr'><strong>sub-</strong></span> 
     </span>
    </p>
   </div>
   <div class='ocr_carea' id='block_1_87' title="bbox 1859 4137 2206 4224">
    <p class='ocr_par' dir='ltr' id='par_1_87' title="bbox 1859 4137 2206 4224">
     <span class='ocr_line' id='line_1_87' title="bbox 1859 4137 2206 4224; baseline -0.02 -13"><span class='ocrx_word' id='word_1_589' title='bbox 1859 4155 2069 4224; x_wconf 69' lang='lat' dir='ltr'><strong>scripsi.</strong></span> <span class='ocrx_word' id='word_1_590' title='bbox 2203 4137 2206 4144; x_wconf 31' lang='lat'><em>‘</em></span> 
     </span>
    </p>
   </div>
   <div class='ocr_carea' id='block_1_88' title="bbox 1933 4243 3465 4318">
    <p class='ocr_par' dir='ltr' id='par_1_88' title="bbox 1933 4243 3465 4318">
     <span class='ocr_line' id='line_1_88' title="bbox 1933 4243 3465 4318; baseline 0.001 -18"><span class='ocrx_word' id='word_1_591' title='bbox 1933 4247 2060 4300; x_wconf 87' lang='lat' dir='ltr'><strong>Data</strong></span> <span class='ocrx_word' id='word_1_592' title='bbox 2095 4245 2265 4315; x_wconf 91' lang='lat' dir='ltr'><strong>pridie</strong></span> <span class='ocrx_word' id='word_1_593' title='bbox 2312 4245 2435 4300; x_wconf 91' lang='lat' dir='ltr'><strong>Idus</strong></span> <span class='ocrx_word' id='word_1_594' title='bbox 2479 4246 2722 4314; x_wconf 82' lang='lat' dir='ltr'><strong>Augusti,</strong></span> <span class='ocrx_word' id='word_1_595' title='bbox 2754 4258 2897 4298; x_wconf 90' lang='lat' dir='ltr'><strong>anno</strong></span> <span class='ocrx_word' id='word_1_596' title='bbox 2926 4261 2956 4298; x_wconf 68' lang='grc' dir='ltr'><strong>ι</strong></span> <span class='ocrx_word' id='word_1_597' title='bbox 2985 4243 3201 4299; x_wconf 81' lang='lat' dir='ltr'><strong>Christo</strong></span> <span class='ocrx_word' id='word_1_598' title='bbox 3232 4247 3465 4318; x_wconf 89' lang='lat' dir='ltr'><strong>propitio</strong></span> 
     </span>
    </p>
   </div>
   <div class='ocr_carea' id='block_1_89' title="bbox 1859 4335 3463 4407">
    <p class='ocr_par' dir='ltr' id='par_1_89' title="bbox 1859 4335 3463 4407">
     <span class='ocr_line' id='line_1_89' title="bbox 1859 4335 3463 4407; baseline 0.001 -13"><span class='ocrx_word' id='word_1_599' title='bbox 1859 4339 2072 4405; x_wconf 82' lang='lat' dir='ltr'><strong>imperii</strong></span> <span class='ocrx_word' id='word_1_600' title='bbox 2121 4338 2312 4402; x_wconf 80' lang='lat' dir='ltr'><strong>nostri,</strong></span> <span class='ocrx_word' id='word_1_601' title='bbox 2361 4347 2416 4391; x_wconf 87' lang='lat' dir='ltr'><strong>et</strong></span> <span class='ocrx_word' id='word_1_602' title='bbox 2467 4352 2572 4391; x_wconf 79' lang='lat' dir='ltr'><strong>xui</strong></span> <span class='ocrx_word' id='word_1_603' title='bbox 2625 4337 2771 4406; x_wconf 78' lang='lat' dir='ltr'><strong>regni</strong></span> <span class='ocrx_word' id='word_1_604' title='bbox 2820 4339 2989 4392; x_wconf 91' lang='lat' dir='ltr'><strong>nostri</strong></span> <span class='ocrx_word' id='word_1_605' title='bbox 3035 4339 3086 4393; x_wconf 91' lang='lat' dir='ltr'><strong>in</strong></span> <span class='ocrx_word' id='word_1_606' title='bbox 3130 4335 3377 4407; x_wconf 81' lang='lat' dir='ltr'><strong>Francia,</strong></span> <span class='ocrx_word' id='word_1_607' title='bbox 3408 4351 3463 4395; x_wconf 86' lang='lat' dir='ltr'><strong>et</strong></span> 
     </span>
    </p>
   </div>
   <div class='ocr_carea' id='block_1_90' title="bbox 165 4429 2872 4540">
    <p class='ocr_par' dir='ltr' id='par_1_90' title="bbox 165 4429 2872 4540">
     <span class='ocr_line' id='line_1_90' title="bbox 165 4429 2872 4540; baseline 0.003 -54"><span class='ocrx_word' id='word_1_608' title='bbox 165 4433 237 4487; x_wconf 88' lang='lat' dir='ltr'><strong>lus</strong></span> <span class='ocrx_word' id='word_1_609' title='bbox 257 4437 637 4493; x_wconf 82' lang='lat' dir='ltr'><strong>serenissimus</strong></span> <span class='ocrx_word' id='word_1_610' title='bbox 658 4442 952 4512; x_wconf 82' lang='lat' dir='ltr'><strong>Augustus,</strong></span> <span class='ocrx_word' id='word_1_611' title='bbox 981 4458 1007 4494; x_wconf 92' lang='lat' dir='ltr'><strong>a</strong></span> <span class='ocrx_word' id='word_1_612' title='bbox 1033 4443 1140 4497; x_wconf 90' lang='lat' dir='ltr'><strong>Deo</strong></span> <span class='ocrx_word' id='word_1_613' title='bbox 1160 4454 1469 4510; x_wconf 68' lang='lat' dir='ltr'><strong>coronatus,</strong></span> <span class='ocrx_word' id='word_1_614' title='bbox 1495 4461 1741 4516; x_wconf 88' lang='lat' dir='ltr'><strong>magnus,</strong></span> <span class='ocrx_word' id='word_1_615' title='bbox 1778 4482 1827 4540; x_wconf 74' lang='grc' dir='ltr'>ο</span> <span class='ocrx_word' id='word_1_616' title='bbox 1861 4447 2041 4486; x_wconf 64' lang='lat' dir='ltr'><strong>XXXVII</strong></span> <span class='ocrx_word' id='word_1_617' title='bbox 2070 4432 2120 4484; x_wconf 75' lang='grc' dir='ltr'>ίιι</span> <span class='ocrx_word' id='word_1_618' title='bbox 2151 4430 2326 4494; x_wconf 67' lang='lat' dir='ltr'><strong>“alia.</strong></span> <span class='ocrx_word' id='word_1_619' title='bbox 2362 4429 2658 4484; x_wconf 71' lang='grc' dir='ltr'><strong>ίιιάίυῑίοηθ</strong></span> <span class='ocrx_word' id='word_1_620' title='bbox 2691 4432 2872 4485; x_wconf 60' lang='lat' dir='ltr'><strong>termi-</strong></span> 
     </span>
    </p>
   </div>
   <div class='ocr_carea' id='block_1_91' title="bbox 166 4527 1741 4605">
    <p class='ocr_par' dir='ltr' id='par_1_91' title="bbox 166 4527 1741 4605">
     <span class='ocr_line' id='line_1_91' title="bbox 166 4527 1741 4605; baseline 0.007 -27"><span class='ocrx_word' id='word_1_621' title='bbox 166 4527 403 4592; x_wconf 75' lang='lat' dir='ltr'><strong>pztcilicus</strong></span> <span class='ocrx_word' id='word_1_622' title='bbox 460 4530 788 4598; x_wconf 87' lang='lat' dir='ltr'><strong>imperator,</strong></span> <span class='ocrx_word' id='word_1_623' title='bbox 866 4534 1164 4589; x_wconf 80' lang='lat' dir='ltr'><strong>Romanqu</strong></span> <span class='ocrx_word' id='word_1_624' title='bbox 1212 4537 1517 4604; x_wconf 82' lang='lat' dir='ltr'><strong>gubernans</strong></span> <span class='ocrx_word' id='word_1_625' title='bbox 1568 4539 1741 4605; x_wconf 90' lang='lat' dir='ltr'><strong>impe-</strong></span> 
     </span>
    </p>
   </div>
   <div class='ocr_carea' id='block_1_92' title="bbox 163 4617 1738 4691">
    <p class='ocr_par' dir='ltr' id='par_1_92' title="bbox 163 4617 1738 4691">
     <span class='ocr_line' id='line_1_92' title="bbox 163 4617 1738 4691; baseline 0.008 -22"><span class='ocrx_word' id='word_1_626' title='bbox 163 4617 308 4682; x_wconf 84' lang='lat' dir='ltr'><strong>riutu,</strong></span> <span class='ocrx_word' id='word_1_627' title='bbox 341 4621 428 4688; x_wconf 91' lang='lat' dir='ltr'><strong>qui</strong></span> <span class='ocrx_word' id='word_1_628' title='bbox 475 4631 527 4675; x_wconf 91' lang='lat' dir='ltr'><strong>et</strong></span> <span class='ocrx_word' id='word_1_629' title='bbox 575 4637 671 4691; x_wconf 89' lang='lat' dir='ltr'><strong>per</strong></span> <span class='ocrx_word' id='word_1_630' title='bbox 701 4623 1123 4680; x_wconf 84' lang='lat' dir='ltr'><strong>misericordiam</strong></span> <span class='ocrx_word' id='word_1_631' title='bbox 1159 4627 1250 4682; x_wconf 88' lang='lat' dir='ltr'><strong>Dei</strong></span> <span class='ocrx_word' id='word_1_632' title='bbox 1281 4641 1369 4682; x_wconf 76' lang='lat' dir='ltr'><strong>rex</strong></span> <span class='ocrx_word' id='word_1_633' title='bbox 1409 4627 1738 4684; x_wconf 86' lang='lat' dir='ltr'><strong>Francorum</strong></span> 
     </span>
    </p>
   </div>
   <div class='ocr_carea' id='block_1_93' title="bbox 1929 4531 3446 4591">
    <p class='ocr_par' dir='ltr' id='par_1_93' title="bbox 1929 4531 3446 4591">
     <span class='ocr_line' id='line_1_93' title="bbox 1929 4531 3446 4591; baseline 0.001 -4"><span class='ocrx_word' id='word_1_634' title='bbox 1929 4533 2118 4587; x_wconf 77' lang='lat' dir='ltr'><strong>Actum</strong></span> <span class='ocrx_word' id='word_1_635' title='bbox 2155 4532 2310 4586; x_wconf 84' lang='lat' dir='ltr'><strong>Fcrdi</strong></span> <span class='ocrx_word' id='word_1_636' title='bbox 2354 4533 2404 4585; x_wconf 92' lang='lat' dir='ltr'><strong>in</strong></span> <span class='ocrx_word' id='word_1_637' title='bbox 2452 4533 2683 4587; x_wconf 79' lang='lat' dir='ltr'><strong>Saxonia</strong></span> <span class='ocrx_word' id='word_1_638' title='bbox 2717 4534 2769 4587; x_wconf 91' lang='lat' dir='ltr'><strong>in</strong></span> <span class='ocrx_word' id='word_1_639' title='bbox 2805 4533 2896 4588; x_wconf 88' lang='lat' dir='ltr'><strong>Dei</strong></span> <span class='ocrx_word' id='word_1_640' title='bbox 2929 4531 3147 4589; x_wconf 84' lang='lat' dir='ltr'><strong>nomine</strong></span> <span class='ocrx_word' id='word_1_641' title='bbox 3193 4532 3446 4591; x_wconf 79' lang='lat' dir='ltr'><strong>feliciter.</strong></span> 
     </span>
    </p>
   </div>
   <div class='ocr_carea' id='block_1_94' title="bbox 1856 4631 2048 4683">
    <p class='ocr_par' dir='ltr' id='par_1_94' title="bbox 1856 4631 2048 4683">
     <span class='ocr_line' id='line_1_94' title="bbox 1856 4631 2048 4683; baseline 0.005 -2"><span class='ocrx_word' id='word_1_642' title='bbox 1856 4631 2048 4683; x_wconf 78' lang='lat' dir='ltr'><strong>Amen.</strong></span> 
     </span>
    </p>
   </div>
   <div class='ocr_carea' id='block_1_95' title="bbox 165 4738 3448 4766">
    <p class='ocr_par' dir='ltr' id='par_1_95' title="bbox 165 4738 3448 4766">
     <span class='ocr_line' id='line_1_95' title="bbox 165 4738 3448 4766; baseline 0.002 -12"><span class='ocrx_word' id='word_1_643' title='bbox 165 4738 3448 4766; x_wconf 51' lang='lat' dir='ltr'><strong>MM</strong></span> 
     </span>
    </p>
   </div>
   <div class='ocr_carea' id='block_1_96' title="bbox 704 4809 2907 4890">
    <p class='ocr_par' dir='ltr' id='par_1_96' title="bbox 704 4809 2907 4890">
     <span class='ocr_line' id='line_1_96' title="bbox 704 4809 2907 4890; baseline 0.001 -21"><span class='ocrx_word' id='word_1_644' title='bbox 704 4809 785 4869; x_wconf 84' lang='grc' dir='ltr'><strong>ΙΙ.</strong></span> <span class='ocrx_word' id='word_1_645' title='bbox 819 4843 893 4854; x_wconf 89' lang='grc'><strong>-</strong></span> <span class='ocrx_word' id='word_1_646' title='bbox 933 4813 1390 4876; x_wconf 74' lang='lat' dir='ltr'><strong>PBII&#39;ILEGIA</strong></span> <span class='ocrx_word' id='word_1_647' title='bbox 1424 4814 1614 4890; x_wconf 72' lang='lat' dir='ltr'><strong>QUE</strong></span> <span class='ocrx_word' id='word_1_648' title='bbox 1650 4815 1756 4875; x_wconf 86' lang='lat' dir='ltr'><strong>AD</strong></span> <span class='ocrx_word' id='word_1_649' title='bbox 1799 4811 2102 4874; x_wconf 77' lang='lat' dir='ltr'><strong>PARTES</strong></span> <span class='ocrx_word' id='word_1_650' title='bbox 2135 4809 2432 4872; x_wconf 64' lang='lat' dir='ltr'><strong>I&#39;l‘ALIrE</strong></span> <span class='ocrx_word' id='word_1_651' title='bbox 2465 4811 2907 4874; x_wconf 77' lang='lat' dir='ltr'><strong>SPECTAN&#39;I‘.</strong></span> 
     </span>
    </p>
   </div>
   <div class='ocr_carea' id='block_1_97' title="bbox 163 5062 1732 5138">
    <p class='ocr_par' dir='ltr' id='par_1_97' title="bbox 163 5062 1732 5138">
     <span class='ocr_line' id='line_1_97' title="bbox 163 5062 1732 5138; baseline 0.01 -22"><span class='ocrx_word' id='word_1_652' title='bbox 163 5062 538 5121; x_wconf 78' lang='lat' dir='ltr'><strong>bnntunitatnnt</strong></span> <span class='ocrx_word' id='word_1_653' title='bbox 556 5067 876 5135; x_wconf 79' lang='lat' dir='ltr'><strong>conﬁrntatio</strong></span> <span class='ocrx_word' id='word_1_654' title='bbox 896 5073 1035 5138; x_wconf 76' lang='lat' dir='ltr'><strong>facta</strong></span> <span class='ocrx_word' id='word_1_655' title='bbox 1064 5069 1338 5127; x_wconf 78' lang='lat' dir='ltr'><strong>Frorloeno</strong></span> <span class='ocrx_word' id='word_1_656' title='bbox 1355 5075 1528 5130; x_wconf 75' lang='lat' dir='ltr'><strong>abbati</strong></span> <span class='ocrx_word' id='word_1_657' title='bbox 1554 5075 1600 5130; x_wconf 76' lang='grc' dir='ltr'><strong><em>Ν</em></strong></span> <span class='ocrx_word' id='word_1_658' title='bbox 1613 5094 1732 5131; x_wconf 85' lang='lat' dir='ltr'><strong>ova-</strong></span> 
     </span>
    </p>
   </div>
   <div class='ocr_carea' id='block_1_98' title="bbox 415 5138 1465 5214">
    <p class='ocr_par' dir='ltr' id='par_1_98' title="bbox 415 5138 1465 5214">
     <span class='ocr_line' id='line_1_98' title="bbox 415 5138 1465 5214; baseline 0.011 -24"><span class='ocrx_word' id='word_1_659' title='bbox 415 5139 612 5192; x_wconf 83' lang='lat' dir='ltr'><strong>liciensi</strong></span> <span class='ocrx_word' id='word_1_660' title='bbox 641 5157 672 5191; x_wconf 87' lang='lat' dir='ltr'><strong>a</strong></span> <span class='ocrx_word' id='word_1_661' title='bbox 696 5138 884 5194; x_wconf 85' lang='lat' dir='ltr'><strong>Carolo</strong></span> <span class='ocrx_word' id='word_1_662' title='bbox 912 5141 1102 5212; x_wconf 76' lang='lat' dir='ltr'><strong>Magno</strong></span> <span class='ocrx_word' id='word_1_663' title='bbox 1131 5150 1289 5212; x_wconf 90' lang='lat' dir='ltr'><strong>(anno</strong></span> <span class='ocrx_word' id='word_1_664' title='bbox 1311 5146 1465 5214; x_wconf 82' lang='lat'><strong>775).</strong></span> 
     </span>
    </p>
   </div>
   <div class='ocr_carea' id='block_1_99' title="bbox 324 5228 1556 5301">
    <p class='ocr_par' dir='ltr' id='par_1_99' title="bbox 324 5228 1556 5301">
     <span class='ocr_line' id='line_1_99' title="bbox 324 5228 1556 5301; baseline 0.01 -24"><span class='ocrx_word' id='word_1_665' title='bbox 324 5228 423 5288; x_wconf 73' lang='lat' dir='ltr'><strong>(Ex</strong></span> <span class='ocrx_word' id='word_1_666' title='bbox 463 5229 738 5287; x_wconf 78' lang='lat' dir='ltr'><strong>Muratorio,</strong></span> <span class='ocrx_word' id='word_1_667' title='bbox 771 5232 1101 5295; x_wconf 80' lang='lat' dir='ltr'><strong>Antiquitates</strong></span> <span class='ocrx_word' id='word_1_668' title='bbox 1125 5235 1233 5286; x_wconf 87' lang='lat' dir='ltr'><strong>Ital.</strong></span> <span class='ocrx_word' id='word_1_669' title='bbox 1258 5239 1390 5286; x_wconf 79' lang='lat' dir='ltr'><strong>med.</strong></span> <span class='ocrx_word' id='word_1_670' title='bbox 1418 5241 1556 5301; x_wconf 64' lang='lat' dir='ltr'><strong>aevi.)</strong></span> 
     </span>
    </p>
   </div>
   <div class='ocr_carea' id='block_1_100' title="bbox 215 5333 1736 5410">
    <p class='ocr_par' dir='ltr' id='par_1_100' title="bbox 215 5333 1736 5410">
     <span class='ocr_line' id='line_1_100' title="bbox 215 5333 1736 5410; baseline 0.006 -22"><span class='ocrx_word' id='word_1_671' title='bbox 215 5334 437 5389; x_wconf 80' lang='lat' dir='ltr'><strong>Carolus</strong></span> <span class='ocrx_word' id='word_1_672' title='bbox 475 5333 643 5404; x_wconf 87' lang='lat' dir='ltr'><strong>gratia</strong></span> <span class='ocrx_word' id='word_1_673' title='bbox 673 5333 764 5390; x_wconf 83' lang='lat' dir='ltr'><strong>Dei</strong></span> <span class='ocrx_word' id='word_1_674' title='bbox 815 5351 905 5390; x_wconf 74' lang='lat' dir='ltr'><strong>rex</strong></span> <span class='ocrx_word' id='word_1_675' title='bbox 949 5337 1302 5408; x_wconf 71' lang='lat' dir='ltr'><strong>Francorum,</strong></span> <span class='ocrx_word' id='word_1_676' title='bbox 1353 5342 1436 5396; x_wconf 91' lang='lat' dir='ltr'><strong>vir</strong></span> <span class='ocrx_word' id='word_1_677' title='bbox 1491 5345 1736 5410; x_wconf 81' lang='lat' dir='ltr'><strong>illustris,</strong></span> 
     </span>
    </p>
   </div>
   <div class='ocr_carea' id='block_1_101' title="bbox 163 5424 1737 5502">
    <p class='ocr_par' dir='ltr' id='par_1_101' title="bbox 163 5424 1737 5502">
     <span class='ocr_line' id='line_1_101' title="bbox 163 5424 1737 5502; baseline 0.01 -26"><span class='ocrx_word' id='word_1_678' title='bbox 163 5424 457 5482; x_wconf 87' lang='lat' dir='ltr'><strong>hominibus</strong></span> <span class='ocrx_word' id='word_1_679' title='bbox 491 5427 735 5483; x_wconf 84' lang='lat' dir='ltr'><strong>fidelibus</strong></span> <span class='ocrx_word' id='word_1_680' title='bbox 766 5433 989 5485; x_wconf 91' lang='lat' dir='ltr'><strong>nostris.</strong></span> <span class='ocrx_word' id='word_1_681' title='bbox 1023 5432 1374 5502; x_wconf 84' lang='lat' dir='ltr'><strong>Cognoscatis</strong></span> <span class='ocrx_word' id='word_1_682' title='bbox 1404 5453 1416 5488; x_wconf 91' lang='lat'><strong>:</strong></span> <span class='ocrx_word' id='word_1_683' title='bbox 1445 5439 1737 5492; x_wconf 75' lang='lat' dir='ltr'><strong>maximum</strong></span> 
     </span>
    </p>
   </div>
   <div class='ocr_carea' id='block_1_102' title="bbox 162 5517 1738 5594">
    <p class='ocr_par' dir='ltr' id='par_1_102' title="bbox 162 5517 1738 5594">
     <span class='ocr_line' id='line_1_102' title="bbox 162 5517 1738 5594; baseline 0.01 -25"><span class='ocrx_word' id='word_1_684' title='bbox 162 5517 288 5587; x_wconf 72' lang='lat' dir='ltr'><strong>ri-gni</strong></span> <span class='ocrx_word' id='word_1_685' title='bbox 321 5520 493 5572; x_wconf 87' lang='lat' dir='ltr'><strong>nostri</strong></span> <span class='ocrx_word' id='word_1_686' title='bbox 516 5533 711 5589; x_wconf 85' lang='lat' dir='ltr'><strong>angere</strong></span> <span class='ocrx_word' id='word_1_687' title='bbox 735 5524 1006 5576; x_wconf 88' lang='lat' dir='ltr'><strong>credimus</strong></span> <span class='ocrx_word' id='word_1_688' title='bbox 1038 5535 1469 5594; x_wconf 82' lang='lat' dir='ltr'><strong>monumentum,</strong></span> <span class='ocrx_word' id='word_1_689' title='bbox 1503 5530 1547 5582; x_wconf 92' lang='lat' dir='ltr'><strong>si</strong></span> <span class='ocrx_word' id='word_1_690' title='bbox 1575 5530 1738 5584; x_wconf 88' lang='lat' dir='ltr'><strong>bene-</strong></span> 
     </span>
    </p>
   </div>
   <div class='ocr_carea' id='block_1_103' title="bbox 162 5611 1738 5686">
    <p class='ocr_par' dir='ltr' id='par_1_103' title="bbox 162 5611 1738 5686">
     <span class='ocr_line' id='line_1_103' title="bbox 162 5611 1738 5686; baseline 0.011 -27"><span class='ocrx_word' id='word_1_691' title='bbox 162 5611 256 5662; x_wconf 69' lang='grc' dir='ltr'>ιιι-ιιι</span> <span class='ocrx_word' id='word_1_692' title='bbox 289 5621 591 5678; x_wconf 74' lang='lat' dir='ltr'><strong>opportuna</strong></span> <span class='ocrx_word' id='word_1_693' title='bbox 627 5612 758 5666; x_wconf 88' lang='lat' dir='ltr'><strong>locis</strong></span> <span class='ocrx_word' id='word_1_694' title='bbox 787 5622 1097 5668; x_wconf 91' lang='lat' dir='ltr'><strong>sanctorum</strong></span> <span class='ocrx_word' id='word_1_695' title='bbox 1154 5615 1219 5670; x_wconf 92' lang='lat' dir='ltr'><strong>ad</strong></span> <span class='ocrx_word' id='word_1_696' title='bbox 1278 5617 1514 5686; x_wconf 90' lang='lat' dir='ltr'><strong>quietem</strong></span> <span class='ocrx_word' id='word_1_697' title='bbox 1549 5635 1738 5675; x_wconf 84' lang='lat' dir='ltr'><strong>mona-</strong></span> 
     </span>
    </p>
   </div>
   <div class='ocr_carea' id='block_1_104' title="bbox 162 5704 1728 5778">
    <p class='ocr_par' dir='ltr' id='par_1_104' title="bbox 162 5704 1728 5778">
     <span class='ocr_line' id='line_1_104' title="bbox 162 5704 1728 5778; baseline 0.013 -26"><span class='ocrx_word' id='word_1_698' title='bbox 162 5704 364 5758; x_wconf 72' lang='lat' dir='ltr'><strong>t-lmum</strong></span> <span class='ocrx_word' id='word_1_699' title='bbox 411 5705 654 5759; x_wconf 87' lang='lat' dir='ltr'><strong>benivola</strong></span> <span class='ocrx_word' id='word_1_700' title='bbox 687 5706 1070 5764; x_wconf 86' lang='lat' dir='ltr'><strong>deliberatione</strong></span> <span class='ocrx_word' id='word_1_701' title='bbox 1099 5711 1470 5778; x_wconf 87' lang='lat' dir='ltr'><strong>concedimus,</strong></span> <span class='ocrx_word' id='word_1_702' title='bbox 1516 5729 1577 5770; x_wconf 89' lang='lat' dir='ltr'><strong>ac</strong></span> <span class='ocrx_word' id='word_1_703' title='bbox 1621 5715 1728 5772; x_wconf 89' lang='lat' dir='ltr'><strong>Do-</strong></span> 
     </span>
    </p>
   </div>
   <div class='ocr_carea' id='block_1_105' title="bbox 1863 4973 3447 5056">
    <p class='ocr_par' dir='ltr' id='par_1_105' title="bbox 1863 4973 3447 5056">
     <span class='ocr_line' id='line_1_105' title="bbox 1863 4973 3447 5056; baseline -0.003 -16"><span class='ocrx_word' id='word_1_704' title='bbox 1863 4988 2010 5040; x_wconf 92' lang='lat' dir='ltr'><strong>mino</strong></span> <span class='ocrx_word' id='word_1_705' title='bbox 2051 4993 2362 5056; x_wconf 81' lang='lat' dir='ltr'><strong>protegente</strong></span> <span class='ocrx_word' id='word_1_706' title='bbox 2411 4982 2753 5036; x_wconf 89' lang='lat' dir='ltr'><strong>stabilitatem</strong></span> <span class='ocrx_word' id='word_1_707' title='bbox 2809 4981 2972 5034; x_wconf 84' lang='lat' dir='ltr'><strong>nostri</strong></span> <span class='ocrx_word' id='word_1_708' title='bbox 3004 4973 3056 5034; x_wconf 89' lang='lat' dir='ltr'><strong>in</strong></span> <span class='ocrx_word' id='word_1_709' title='bbox 3101 4979 3197 5035; x_wconf 94' lang='lat' dir='ltr'><strong>Dei</strong></span> <span class='ocrx_word' id='word_1_710' title='bbox 3252 4997 3447 5037; x_wconf 87' lang='lat' dir='ltr'><strong>nomen</strong></span> 
     </span>
    </p>
   </div>
   <div class='ocr_carea' id='block_1_106' title="bbox 1867 5073 3452 5146">
    <p class='ocr_par' dir='ltr' id='par_1_106' title="bbox 1867 5073 3452 5146">
     <span class='ocr_line' id='line_1_106' title="bbox 1867 5073 3452 5146; baseline -0.003 -14"><span class='ocrx_word' id='word_1_711' title='bbox 1867 5077 2136 5146; x_wconf 87' lang='lat' dir='ltr'><strong>pertinere</strong></span> <span class='ocrx_word' id='word_1_712' title='bbox 2165 5077 2506 5130; x_wconf 87' lang='lat' dir='ltr'><strong>coolidimus.</strong></span> <span class='ocrx_word' id='word_1_713' title='bbox 2561 5073 2722 5144; x_wconf 87' lang='lat' dir='ltr'><strong>Igitur</strong></span> <span class='ocrx_word' id='word_1_714' title='bbox 2753 5074 2960 5127; x_wconf 89' lang='lat' dir='ltr'><strong>noverit</strong></span> <span class='ocrx_word' id='word_1_715' title='bbox 3005 5073 3224 5127; x_wconf 89' lang='lat' dir='ltr'><strong>solertia</strong></span> <span class='ocrx_word' id='word_1_716' title='bbox 3275 5083 3452 5128; x_wconf 78' lang='lat' dir='ltr'><strong>vestra</strong></span> 
     </span>
    </p>
   </div>
   <div class='ocr_carea' id='block_1_107' title="bbox 1857 5167 3448 5238">
    <p class='ocr_par' dir='ltr' id='par_1_107' title="bbox 1857 5167 3448 5238">
     <span class='ocr_line' id='line_1_107' title="bbox 1857 5167 3448 5238; baseline 0.003 -18"><span class='ocrx_word' id='word_1_717' title='bbox 1857 5171 1978 5238; x_wconf 85' lang='lat' dir='ltr'><strong>quia</strong></span> <span class='ocrx_word' id='word_1_718' title='bbox 2007 5169 2328 5224; x_wconf 79' lang='lat' dir='ltr'><strong>venerabilis</strong></span> <span class='ocrx_word' id='word_1_719' title='bbox 2359 5169 2438 5223; x_wconf 90' lang='lat' dir='ltr'><strong>vir</strong></span> <span class='ocrx_word' id='word_1_720' title='bbox 2463 5167 2776 5222; x_wconf 88' lang='lat' dir='ltr'><strong>Frodoenus</strong></span> <span class='ocrx_word' id='word_1_721' title='bbox 2802 5169 2939 5221; x_wconf 86' lang='lat' dir='ltr'><strong>abba</strong></span> <span class='ocrx_word' id='word_1_722' title='bbox 2974 5167 3128 5222; x_wconf 91' lang='lat' dir='ltr'><strong>nobis</strong></span> <span class='ocrx_word' id='word_1_723' title='bbox 3157 5171 3448 5238; x_wconf 83' lang='lat' dir='ltr'><strong>suggessit,</strong></span> 
     </span>
    </p>
   </div>
   <div class='ocr_carea' id='block_1_108' title="bbox 1857 5259 3515 5332">
    <p class='ocr_par' dir='ltr' id='par_1_108' title="bbox 1857 5259 3515 5332">
     <span class='ocr_line' id='line_1_108' title="bbox 1857 5259 3515 5332; baseline 0.001 -18"><span class='ocrx_word' id='word_1_724' title='bbox 1857 5275 1924 5314; x_wconf 87' lang='lat' dir='ltr'><strong>eo</strong></span> <span class='ocrx_word' id='word_1_725' title='bbox 1972 5261 2113 5328; x_wconf 91' lang='lat' dir='ltr'><strong>quod</strong></span> <span class='ocrx_word' id='word_1_726' title='bbox 2166 5261 2550 5314; x_wconf 88' lang='lat' dir='ltr'><strong>monasteriolo</strong></span> <span class='ocrx_word' id='word_1_727' title='bbox 2599 5259 2651 5312; x_wconf 93' lang='lat' dir='ltr'><strong>in</strong></span> <span class='ocrx_word' id='word_1_728' title='bbox 2696 5259 2898 5313; x_wconf 84' lang='lat' dir='ltr'><strong>honore</strong></span> <span class='ocrx_word' id='word_1_729' title='bbox 2929 5259 3208 5315; x_wconf 85' lang='lat' dir='ltr'><strong>beatorum</strong></span> <span class='ocrx_word' id='word_1_730' title='bbox 3240 5277 3456 5332; x_wconf 85' lang='lat' dir='ltr'><strong>germa-</strong></span> <span class='ocrx_word' id='word_1_731' title='bbox 3509 5326 3515 5332; x_wconf 26' lang='grc' dir='ltr'>ι</span> 
     </span>
    </p>
   </div>
   <div class='ocr_carea' id='block_1_109' title="bbox 1863 5353 3440 5422">
    <p class='ocr_par' dir='ltr' id='par_1_109' title="bbox 1863 5353 3440 5422">
     <span class='ocr_line' id='line_1_109' title="bbox 1863 5353 3440 5422; baseline 0.003 -17"><span class='ocrx_word' id='word_1_732' title='bbox 1863 5368 2054 5406; x_wconf 89' lang='lat' dir='ltr'><strong>norum</strong></span> <span class='ocrx_word' id='word_1_733' title='bbox 2085 5356 2451 5422; x_wconf 88' lang='lat' dir='ltr'><strong>apostolorum</strong></span> <span class='ocrx_word' id='word_1_734' title='bbox 2483 5353 2627 5406; x_wconf 80' lang='lat' dir='ltr'><strong>I’etri</strong></span> <span class='ocrx_word' id='word_1_735' title='bbox 2666 5361 2720 5404; x_wconf 88' lang='lat' dir='ltr'><strong>ct</strong></span> <span class='ocrx_word' id='word_1_736' title='bbox 2762 5353 2984 5412; x_wconf 87' lang='lat' dir='ltr'><strong>Andrei,</strong></span> <span class='ocrx_word' id='word_1_737' title='bbox 3024 5353 3103 5408; x_wconf 82' lang='lat' dir='ltr'><strong>vel</strong></span> <span class='ocrx_word' id='word_1_738' title='bbox 3134 5365 3440 5410; x_wconf 88' lang='lat' dir='ltr'><strong>ceterorum</strong></span> 
     </span>
    </p>
   </div>
   <div class='ocr_carea' id='block_1_110' title="bbox 1852 5443 3446 5514">
    <p class='ocr_par' dir='ltr' id='par_1_110' title="bbox 1852 5443 3446 5514">
     <span class='ocr_line' id='line_1_110' title="bbox 1852 5443 3446 5514; baseline 0.003 -17"><span class='ocrx_word' id='word_1_739' title='bbox 1852 5454 2184 5508; x_wconf 90' lang='lat' dir='ltr'><strong>sanctorum,</strong></span> <span class='ocrx_word' id='word_1_740' title='bbox 2241 5461 2397 5514; x_wconf 87' lang='lat' dir='ltr'><strong>quem</strong></span> <span class='ocrx_word' id='word_1_741' title='bbox 2440 5443 2595 5497; x_wconf 78' lang='lat' dir='ltr'><strong>Abbo</strong></span> <span class='ocrx_word' id='word_1_742' title='bbox 2626 5443 2894 5512; x_wconf 75' lang='lat' dir='ltr'><strong>quondam</strong></span> <span class='ocrx_word' id='word_1_743' title='bbox 2943 5449 3086 5498; x_wconf 71' lang='lat' dir='ltr'><strong>vLsus</strong></span> <span class='ocrx_word' id='word_1_744' title='bbox 3129 5444 3228 5499; x_wconf 91' lang='lat' dir='ltr'><strong>fuit</strong></span> <span class='ocrx_word' id='word_1_745' title='bbox 3287 5446 3446 5501; x_wconf 80' lang='lat' dir='ltr'><strong>editi-</strong></span> 
     </span>
    </p>
   </div>
   <div class='ocr_carea' id='block_1_111' title="bbox 1854 5535 3445 5609">
    <p class='ocr_par' dir='ltr' id='par_1_111' title="bbox 1854 5535 3445 5609">
     <span class='ocr_line' id='line_1_111' title="bbox 1854 5535 3445 5609; baseline 0.003 -22"><span class='ocrx_word' id='word_1_746' title='bbox 1854 5549 2008 5589; x_wconf 88' lang='lat' dir='ltr'><strong>casse</strong></span> <span class='ocrx_word' id='word_1_747' title='bbox 2033 5535 2084 5589; x_wconf 89' lang='lat' dir='ltr'><strong>in</strong></span> <span class='ocrx_word' id='word_1_748' title='bbox 2119 5536 2235 5589; x_wconf 90' lang='lat' dir='ltr'><strong>loco</strong></span> <span class='ocrx_word' id='word_1_749' title='bbox 2263 5547 2606 5605; x_wconf 81' lang='lat' dir='ltr'><strong>nuncupante</strong></span> <span class='ocrx_word' id='word_1_750' title='bbox 2633 5535 2905 5590; x_wconf 80' lang='lat' dir='ltr'><strong>Novalicis</strong></span> <span class='ocrx_word' id='word_1_751' title='bbox 2934 5539 2983 5590; x_wconf 91' lang='lat' dir='ltr'><strong>in</strong></span> <span class='ocrx_word' id='word_1_752' title='bbox 3015 5539 3149 5593; x_wconf 88' lang='lat' dir='ltr'><strong>valle</strong></span> <span class='ocrx_word' id='word_1_753' title='bbox 3177 5539 3445 5609; x_wconf 85' lang='lat' dir='ltr'><strong>Sigosina,</strong></span> 
     </span>
    </p>
   </div>
   <div class='ocr_carea' id='block_1_112' title="bbox 1860 5626 3450 5699">
    <p class='ocr_par' dir='ltr' id='par_1_112' title="bbox 1860 5626 3450 5699">
     <span class='ocr_line' id='line_1_112' title="bbox 1860 5626 3450 5699; baseline 0.003 -18"><span class='ocrx_word' id='word_1_754' title='bbox 1860 5637 1912 5681; x_wconf 87' lang='lat' dir='ltr'><strong>et</strong></span> <span class='ocrx_word' id='word_1_755' title='bbox 1969 5626 2166 5682; x_wconf 88' lang='lat' dir='ltr'><strong>ibidem</strong></span> <span class='ocrx_word' id='word_1_756' title='bbox 2199 5632 2617 5699; x_wconf 85' lang='lat' dir='ltr'><strong>congregatione</strong></span> <span class='ocrx_word' id='word_1_757' title='bbox 2659 5631 3046 5685; x_wconf 87' lang='lat' dir='ltr'><strong>monachorum</strong></span> <span class='ocrx_word' id='word_1_758' title='bbox 3108 5634 3206 5685; x_wconf 91' lang='lat' dir='ltr'><strong>sub</strong></span> <span class='ocrx_word' id='word_1_759' title='bbox 3261 5627 3450 5687; x_wconf 87' lang='lat' dir='ltr'><strong>saucia</strong></span> 
     </span>
    </p>
   </div>
   <div class='ocr_carea' id='block_1_113' title="bbox 1849 5721 3447 5790">
    <p class='ocr_par' dir='ltr' id='par_1_113' title="bbox 1849 5721 3447 5790">
     <span class='ocr_line' id='line_1_113' title="bbox 1849 5721 3447 5790; baseline 0.004 -16"><span class='ocrx_word' id='word_1_760' title='bbox 1849 5721 2029 5790; x_wconf 88' lang='lat' dir='ltr'><strong>regula</strong></span> <span class='ocrx_word' id='word_1_761' title='bbox 2067 5722 2235 5776; x_wconf 83' lang='lat' dir='ltr'><strong>sancti</strong></span> <span class='ocrx_word' id='word_1_762' title='bbox 2287 5722 2584 5789; x_wconf 83' lang='lat' dir='ltr'><strong>Benedicti,</strong></span> <span class='ocrx_word' id='word_1_763' title='bbox 2620 5739 2712 5779; x_wconf 87' lang='lat' dir='ltr'><strong>seu</strong></span> <span class='ocrx_word' id='word_1_764' title='bbox 2764 5733 3075 5782; x_wconf 89' lang='lat' dir='ltr'><strong>ceterorum</strong></span> <span class='ocrx_word' id='word_1_765' title='bbox 3135 5738 3447 5782; x_wconf 78' lang='lat' dir='ltr'><strong>sanztorum</strong></span> 
     </span>
    </p>
   </div>
  </div>
