3856 6220
396 216 503 271 999

396 422 484 475 ubi
545 413 779 482 presenti
830 418 1072 474 tempore
1142 400 1470 455 venerabilis
1527 398 1609 449 vir
1672 394 1987 449 Ftodoenus

398 499 547 563 abba.
566 515 795 573 pra-csse
824 499 1032 561 videtur
1062 512 1072 545 :
1103 501 1157 544 et
1188 507 1284 544 nos
1304 490 1542 542 'toudem
1588 502 1682 551 pro
1730 497 1987 537 asternam

401 596 808 653 retrilmtiooent
854 585 1169 640 lwueﬁciuni
1226 584 1288 634 ad
1321 579 1436 647 ipso
1477 587 1665 629 sancto
1713 574 1831 627 loro
1888 574 1987 623 visi

400 692 596 746 fuimus
639 684 952 739 indulsisse.
988 677 1125 730 utin
1186 677 1300 727 loca
1337 672 1417 724 vel
1453 668 1617 722 curtis
1646 666 1817 733 ipsius
1868 680 1956 714 mn

398 778 638 838 ttaslerii,
688 753 852 843 quem
901 771 1009 838 ].ιιιι
1060 768 1230 819 dictus
1276 764 1428 818 Abbo
1477 760 1772 827 quondam,
1824 754 1904 807 vel
1960 766 1988 804 a

1294 200 1349 252 li.
1391 194 1644 251 (Mittit!
1691 191 1904 248 MMINI
1945 180 2099 244 OPP.
2142 186 2317 242 PARS
2355 184 2399 242 I.
2441 184 2692 243 SECTIO
2728 183 2796 241 11.

397 331 610 385 Patrum
635 319 954 388 degentibus
984 312 1082 369 sub
1104 306 1380 376 ciunbitali
1401 309 1598 362 ordine
1623 306 1982 364 conlocasset.
2017 308 2063 365 Α

3568 180 3701 237 1000

2097 412 2316 465 Donatio
2368 413 2525 481 sylt'te
2577 424 2623 465 et
2647 412 2803 465 curtis
2852 411 2915 463 de
2963 405 3143 481 ῌοηισ
3194 406 3378 477 Longo
3414 426 3447 463 α
3498 408 3692 471 Carolo

2170 483 2360 548 Magno
2398 478 2550 549 ‘t'ucm
2601 483 2914 552 monasterio
2959 478 3200 532 Bobienu
3250 482 3463 552 ejusque
3518 484 3690 539 abbati

2163 553 2477 606 Cuiuibaldo
2506 554 2680 621 (almo
2704 551 2809 605 77$

2592 642 2684 704 (lix
2734 643 3014 703 "oratorio,
3053 642 3194 702 ibid.)

2170 746 2197 791 ι’
2229 746 2451 799 Carolus
2490 746 2657 814 gratia
2695 744 2786 799 ltci
2829 760 2918 799 rex
2969 743 3336 799 Franchorum
3393 754 3445 797 et
3477 744 3693 818 Longo-

2098 841 2410 893 bartlorttm.
2443 840 2503 895 Si
2529 844 2672 894 enim
2705 855 2767 893 ex
2822 842 2905 894 his
2936 856 3056 909 qua:
3096 840 3273 893 divina
3306 840 3473 909 pietas
3509 855 3691 898 eterna

2099 938 2325 987 ﬂuenter
2357 933 2563 997 tribuit,
2602 950 2694 999 pro
2723 935 3125 1001 opportunitate
3157 948 3441 988 servormn
3476 935 3575 990 Dei
3609 938 3686 991 lo-

2096 1028 2174 1078 cis
2222 1025 2615 1099 venerabilibus
2644 1026 3014 1089 concedimus,
3071 1025 3170 1079 boc
3201 1026 3360 1081 nobis
3386 1027 3451 1080 ad
3488 1044 3689 1085 merce-

2100 1120 2181 1172 dis
2214 1127 2598 1185 augutnentnm
2651 1132 2712 1170 ac
2761 1117 3106 1171 stabilitatem
3142 1118 3291 1188 regni
3325 1121 3493 1172 nostri
3529 1124 3689 1188 porti-

2093 1224 2229 1263 nere
2258 1212 2594 1262 conli‘limus.
2627 1211 2972 1276 Quapropter
3001 1208 3268 1264 donamus
3297 1208 3362 1263 ad
3423 1226 3687 1266 inunaste-

2103 1304 2238 1353 rium
2297 1299 2621 1358 libabit-use.
2666 1299 2753 1351 ubi
2784 1311 3002 1354 sanctus
3051 1299 3422 1356 Columbanus
3468 1316 3688 1370 c0rpore

2103 1392 2415 1461 requiescit,
2473 1401 2526 1445 et
2557 1389 2911 1445 Guinibaldus
2948 1391 3114 1445 abbas
3168 1406 3403 1460 prteesse
3451 1392 3678 1458 videtur,

398 870 723 943 quibuslibet
769 844 1081 920 hominibus
1129 858 1236 911 De.)
1282 856 1592 910 timentibus
1646 852 1844 907 ibidem
1895 848 1992 901 fuit

399 964 699 1024 conlatum,
730 967 820 1010 aut
874 958 925 1007 in
966 966 1119 1005 antea
1154 952 1217 1002 ad
1274 950 1447 1016 ipsum
1503 950 1747 998 sanctum
1807 944 1983 997 locum

401 1054 633 1110 voluerit
663 1052 833 1122 pietas
863 1048 1041 1101 divina
1088 1025 1437 1107 amplilicate,
1471 1040 1649 1092 nullus
1676 1036 1837 1104 jmlex
1883 1050 1985 1101 puo

401 1149 574 1203 blicus
630 1146 694 1198 ad
749 1155 940 1198 causas
994 1137 1342 1195 audiendum,
1401 1143 1493 1185 aut
1548 1132 1693 1184 bella
1751 1130 1993 1197 undique

398 1238 775 1309 cxartandum,
808 1248 1025 1302 quoquo
1067 1241 1308 1298 tempore
1340 1239 1443 1280 non
1478 1232 1761 1293 prtesutnat
1799 1221 1990 1289 ingre-

400 1329 705 1386 dcre:‘sed
757 1329 859 1379 boc
912 1324 1045 1378 abba
1075 1314 1142 1373 de
1176 1321 1290 1385 ipStI
1351 1314 1679 1370 monaSIerio
1710 1327 1812 1364 una
1867 1323 1988 1364 cum

397 1421 812 1491 congregatione
844 1427 1067 1485 propter
1098 1425 1291 1467 nomen
1335 1408 1541 1462 Domini
1594 1415 1646 1459 et
1677 1402 1979 1457 reverentia
2103 1404 2415 1496 requie-Sc",
2473 1402 2526 1445 el
2557 1402 2911 1496 ξηιιιιυιῖἰιιυε
2948 1402 3183 1496 abbas}

314 1536 315 1539 η
400 1484 714 1567 “nauium
751 1484 855 1563 sui,
900 1508 1102 1576 ίηιρεη
1135 1501 1428 1556 εηηηιίιθιε
1477 1496 1649 1550 vam;
1678 1495 1983 1547 dominam,
2106 1484 2398 1537 secundum
2431 1484 2663 1548 amplius
2687 1484 2738 1537 in
2771 1484 3006 1537 futurum
3040 1486 3377 1552 petitionem,
3408 1485 3683 1542 donatum-

404 1605 716 1659 δίδωθι,ιῶ
744 1613 872 1668 ergo
903 1606 961 1650 ιη
991 1575 1162 1664 ,βψω
1193 1607 1307 1654 νος,
1360 1601 1533 1658 neque
1580 1586 1845 1653 iuniores,
1895 1593 1990 1636 aut
2033 1660 2071 1668 Δ
2104 1591 2209 1642 que
2273 1576 2325 1629 in
2377 1588 2632 1668 perpetuo
2667 1575 2731 1628 ad
2774 1576 3001 1631 eundem
3053 1589 3294 1632 sanctum
3357 1578 3535 1633 locum
3580 1596 3689 1636 esse

401 1660 856 1757 successoresque
905 1660 1091 1750 vestri,
1140 1698 1237 1737 nec
1279 1680 1422 1734 nulla
1475 1678 1683 1745 publica
1713 1672 1994 1742 iudiciaria
2030 1660 2075 1719 Β
2108 1668 2353 1721 volumus
2382 1685 2396 1721 :
2431 1666 2532 1721 hoc
2557 1677 2639 1721 est
2668 1668 2798 1721 silva
2830 1680 3011 1722 nostra
3045 1683 3147 1721 una
3178 1684 3279 1723 con
3309 1679 3459 1724 corte
3480 1671 3569 1725 illi
3599 1672 3687 1726 ibi-

405 1794 645 1855 pnlesms
673 1794 696 1820 ⁸
729 1796 943 1851 quoquo
974 1789 1214 1844 tempore
1243 1777 1295 1825 in
1327 1773 1445 1825 loco
1483 1769 1567 1823 vel
1595 1767 1761 1822 curtis
1792 1775 1900 1819 tam
1947 1768 1997 1818 in

404 1881 517 1946 ipsa
568 1876 704 1930 Valle
729 1871 997 1941 Sigusina,
1042 1882 1203 1936 quam
1234 1862 1525 1927 Brientina,
1582 1864 1853 1929 Aquense,
1905 1873 1999 1911 seu

405 1969 681 2040 Aquinari,
733 1966 1001 2028 Manuale,
1038 1961 1111 2014 uti
1165 1961 1215 2012 in
1253 1954 1576 2025 Burgundio,
1607 1961 1699 2006 aut
1755 1952 2001 2005 ubicum-

406 2075 511 2130 que
565 2060 617 2113 in
650 2072 815 2128 regno
859 2064 1043 2108 nostro
1085 2050 1251 2119 ipsius
1284 2048 1617 2107 monasterii,
1651 2054 1740 2097 aut
1772 2042 1994 2106 nostris,

402 2167 500 2205 seu
549 2160 601 2203 et
634 2148 961 2217 privatorqu
1015 2141 1273 2209 largitatis
1330 2151 1573 2200 ntuuetc,
1634 2144 1724 2188 aut
1756 2135 1895 2203 quod
1950 2138 2001 2186 in

402 2253 559 2296 antea
615 2241 681 2294 de
727 2243 1109 2306 cujuscumque
1170 2233 1474 2287 hominibus
1533 2229 1693 2285 luerit
1758 2229 1998 2283 additum

408 2338 489 2388 vel
520 2336 816 2396 conlatum,
866 2331 929 2384 ad
960 2327 1258 2382 audiendas
1280 2326 1660 2380 altercationes
1692 2324 2000 2393 ingredere,

404 2436 495 2479 aut
531 2424 675 2477 [rt-da
710 2424 776 2475 de
812 2433 1147 2489 quacumque
1180 2417 1308 2470 libet
1338 2430 1497 2469 causa
1533 2416 1614 2469 vel
1668 2411 1997 2478 hominibus,

406 2518 495 2586 qui
552 2514 617 2566 ad
666 2515 778 2582 ipsa
838 2527 960 2564 casa
1022 2522 1267 2576 aspicere
1315 2507 1548 2572 videtur,
1607 2506 1861 2574 exigere,
1904 2518 2003 2559 nec

407 2607 740 2669 mansiones,
769 2612 861 2656 aut
895 2611 1133 2671 paratas,
1167 2614 1263 2654 nec
1296 2598 1643 2667 lidejussores
1682 2595 2000 2660 tollendum,

409 2700 507 2753 sed
538 2696 797 2767 quidquid
844 2694 1039 2749 exinde
1071 2703 1162 2746 aut
1207 2692 1276 2747 de
1306 2690 1549 2761 ingenuis
1579 2690 1660 2745 vel
1712 2691 1779 2744 de
1830 2690 2002 2744 servi-

407 2785 1448 2857 tutilmspublicis,cetetisquccuiuque
1500 2782 1822 2848 rationibus,
1878 2798 1997 2851 qua:

403 2890 528 2935 sunt
584 2878 719 2933 infra
769 2878 924 2945 locis,
954 2877 1033 2931 vel
1074 2875 1259 2941 curtis,
1314 2891 1411 2930 seu
1463 2873 1706 2930 terminis
1761 2874 2003 2943 ipsorum

380 2970 655 3044 ~pratdicti
702 2969 949 3024 monachi
1000 2977 1427 3032 commanentes,
1484 2968 1566 3021 vel
1599 2966 1797 3020 ibidem
1852 2966 2002 3035 aspi-

412 3067 639 3125 cientes,
672 3061 757 3116 vel
787 3062 838 3115 in
887 3068 1066 3122 antea,
1100 3061 1391 3114 auxiliante
1422 3059 1671 3124 Domino,
1707 3074 2003 3128 augumen-

403 3170 539 3221 tare,
584 3164 676 3208 aut
706 3154 953 3206 atrabere
985 3160 1227 3219 potuerat
1253 3141 1436 3210 liscus.
1469 3160 1559 3203 aut
1609 3149 1679 3204 de
1712 3149 1881 3210 lreda,
1920 3149 2003 3205 vel

405 3244 773 3300 iunctiunibns
815 3243 1287 3311 undiquecumque
1343 3250 1591 3309 potuerat
1639 3254 1883 3311 sperare,
1938 3255 2005 3294 ex

408 3331 967 3402 nostra'indulgentia
1018 3346 1113 3401 pro
1149 3330 1327 3384 futura
1362 3331 1535 3384 salute
1568 3330 1620 3383 in
1657 3330 2009 3385 luminaribus

411 3428 582 3495 ipsius
612 3423 925 3480 monasterii
962 3439 1055 3493 per
1088 3436 1278 3477 manus
1309 3424 1579 3492 agentium
1613 3422 1851 3490 ipsorum
1888 3438 2011 3489 pro-

415 3518 558 3572 liciat
604 3518 656 3569 in
707 3524 1021 3585 perpetumu
1052 3521 1144 3568 :et
1182 3512 1324 3580 quod
1359 3528 1457 3566 nos
1507 3521 1723 3580 propter
1762 3522 2008 3567 sanctum

412 3622 607 3663 nomen
662 3606 895 3671 Domini,
943 3614 998 3658 et
1026 3602 1325 3659 reverentia
1362 3602 1529 3672 ipsius
1559 3603 1726 3657 sancti
1763 3603 1889 3670 loci,
1924 3605 2009 3658 vel

414 3716 512 3770 pro
566 3702 761 3752 anima:
817 3706 1019 3751 nostra:
1066 3696 1389 3758 remedium,
1444 3709 1539 3749 seu
1579 3705 1761 3748 nostra
1820 3695 2011 3750 subse-

412 3792 599 3861 quenti
663 3780 941 3858 progenie,
992 3789 1153 3857 plena
1212 3772 1503 3842 devotione
1570 3786 1877 3852 indulsisse,
1912 3800 2012 3842 nec

412 3884 609 3953 regalis
662 3881 988 3944 sublimitas,
1021 3894 1119 3934 nec
1148 3879 1436 3948 cujuslibet
1474 3877 1748 3947 iudicibus
1802 3874 2013 3947 cupidi-

414 3989 495 4029 tas
546 3966 817 4043 relragare
849 3983 1019 4027 tenet.
1056 3971 1125 4025 Et
1178 3980 1235 4023 nt
1266 3984 1507 4038 prtesens
1562 3970 1855 4025 aucturilas
1898 3981 2006 4024 tam

411 4065 772 4134 praesentibus
822 4078 981 4130 quant
1019 4060 1213 4114 futuris
1246 4060 1575 4129 temporibus
1612 4046 1887 4124 iuiiolata,
1916 4061 2003 4113 ad-

409 4160 628 4225 iuvante
663 4156 911 4226 Domino,
947 4163 1279 4222 permaneat,
1316 4169 1506 4207 manus
1547 4166 1744 4206 nostra:
1774 4152 2016 4227 propria;

409 4250 761 4318 signavitnus,
806 4257 860 4301 et
891 4246 959 4301 de
991 4248 1191 4299 annulo
1228 4255 1415 4301 nostro
1445 4245 1826 4313 sigillatimus.
1870 4268 1876 4278 ·

486 4350 706 4417 Signum
803 4344 981 4397 Caroli
1010 4343 1382 4415 gloriosissimi
1410 4344 1570 4412 regis.

483 4437 675 4507 'l'csius
704 4438 986 4507 rectignovi
1017 4448 1072 4491 et
1091 4436 1425 4507 subscripsi.’

488 4532 615 4585 Data
647 4546 736 4586 th
759 4518 1036 4585 Kalendas
1069 4529 1286 4598 Aprilis,
1322 4544 1463 4582 anno
1510 4528 1697 4595 quin=o
1746 4529 1894 4597 regni
1926 4542 2022 4582 no-

416 4637 536 4681 Sll‘l.

495 4716 679 4770 Aetum
718 4713 1016 4777 Carisiaco,
1062 4712 1261 4783 palatia
1303 4713 1537 4782 publico,
1571 4713 1622 4765 in
1660 4712 1751 4767 Dei
1784 4714 2018 4768 nomine.

491 4901 516 4930 ιι
539 4894 788 4943 Attamen
812 4886 1243 4955 praatereundnm
1277 4903 1381 4939 tmn
1409 4895 1512 4955 est,
1534 4895 1592 4939 ut
1613 4887 1733 4938 utin
1756 4884 2021 4951 diploma-

420 4962 487 5015 tis
541 4976 912 5029 Smpenmnero
951 4960 1255 5012 eximantur
1289 4959 1397 5011 lien
1446 4959 1765 5018 .tnibtantes,
1811 4960 1916 5012 imo
1968 4970 2021 5013 et

421 5048 606 5085 eorum
626 5028 771 5083 servi
794 5040 849 5083 et
870 5030 1067 5093 coloni,
1112 5028 1538 5097 ajurisuiczione
1587 5029 1843 5082 οιηιιίιιιιιι
1887 5030 2021 5084 alio-

422 5118 647 5170 rmuque
675 5103 987 5167 reipublicae
1031 5104 1421 5159 ministrorum.
1456 5110 1692 5154 attamen
1733 5115 1762 5152 a
1813 5100 2021 5169 judicio

424 5176 690 5241 regiorum
737 5174 1057 5238 missorum,
1105 5174 1449 5240 ipsorumque
1498 5186 1681 5238 regunt
1736 5182 1791 5225 et
1840 5178 2019 5241 Augu-

424 5260 650 5306 suirum.
670 5259 774 5298 non
794 5244 959 5297 fuisse
974 5250 1147 5311 reipsa
1167 5247 1456 5313 immunes.
1472 5245 1602 5295 llum
1627 5257 1712 5296 res
1733 5243 2021 5297 conﬁrma-

428 5317 574 5369 tione
618 5316 857 5385 indigere
906 5320 1214 5384 neutiquam
1246 5315 1509 5379 videatur,
1535 5313 1585 5367 id
1620 5330 1780 5367 unum
1837 5323 2020 5369 Osten-

424 5390 566 5447 dam,
598 5387 685 5441 ditt
722 5388 1051 5453 perdurasse
1083 5386 1351 5453 ejusmodi
1407 5386 1879 5439 ronsnetmlinem.
1914 5386 2018 5439 Do-

423 5460 694 5513 cussitnus
727 5474 807 5509 v.r
836 5457 1107 5512 llnbertus
1142 5457 1554 5527 llenvoglieutus
1585 5458 1866 5521 Senensis,
1897 5473 2020 5512 cum

426 5531 663 5592 νινεὺειι,
708 5530 773 5583 ad
820 5542 905 5583 me
936 5529 1082 5584 misit
1109 5529 1345 5597 diploma
1374 5529 1591 5582 llenrici
1654 5527 1718 5581 Vl
1750 5530 1915 5596 regis,
1968 5539 2023 5583 et

421 5600 559 5653 inter
618 5609 974 5667 Imperatores
1027 5601 1224 5667 quinti,
1282 5598 1335 5652 in
1393 5614 1499 5667 quo
1557 5599 1890 5669 prmcipitur,
1953 5616 2021 5657 ne

422 5673 714 5727 monachos
742 5672 911 5733 sancti
942 5672 1240 5725 Salvatorls
1270 5671 1339 5725 de
1368 5671 1564 5736 Insula,
1589 5688 1606 5723 ι
1634 5681 1922 5741 pra'suntat
1952 5673 2019 5727 ad

2108 1761 2232 1814 dem
2290 1761 2445 1823 scita,
2483 1774 2709 1828 quorum
2757 1760 3077 1813 vocabulum
3124 1772 3207 1814 est
3258 1758 3437 1814 Monte
3490 1761 3678 1831 Longa,
3722 1819 3731 1828 ο
3782 1786 3783 1797 ι

2105 1866 2227 1905 cum
2256 1850 2502 1906 otnnibus
2532 1850 2845 1919 adjacentiis
2870 1850 2955 1904 vel
2983 1849 3301 1919 appenditiis
3323 1851 3389 1905 ad
3425 1851 3536 1920 ipsa
3564 1854 3684 1907 silva

2108 1940 2191 1994 vel
2226 1939 2290 1992 ad
2327 1942 2437 2006 ipsa
2475 1950 2628 1994 curta
2653 1939 3040 2010 aspicientibus
3062 1940 3147 1995 vel
3180 1944 3566 2008 pertinentibus
3592 1945 3684 1999 ibi-

2108 2032 2253 2092 dem.
2288 2047 2390 2086 una
2426 2045 2548 2086 cmn
2596 2033 2776 2098 terris,
2809 2031 3077 2101 domibus,
3108 2032 3348 2097 ediﬁtiis,
3402 2036 3682 2102 mancipiis,

2112 2122 2307 2183 vineis,
2341 2124 2568 2189 campis,
2604 2123 2793 2191 pratis,
2825 2123 3057 2190 pascuis,
3110 2127 3285 2193 aqu's,
3329 2104 3683 2195 aquarumque

2109 2214 2448 2283 decursibus,
2494 2214 2786 2268 mobilibus
2812 2225 2867 2269 et
2898 2215 3283 2283 immobilibus,
3325 2220 3503 2271 omnia
3552 2229 3681 2273 etes

2110 2306 2382 2370 omnibus,
2429 2316 2485 2358 ut
2526 2306 2789 2371 diximus,
2824 2305 3081 2374 quidquid
3109 2307 3173 2360 ad
3207 2311 3434 2362 eandem
3470 2312 3681 2365 loresten

2113 2395 2195 2448 \el
2239 2406 2449 2448 curtem
2483 2405 2720 2447 nostram
2751 2396 2997 2462 aSpicere
3024 2397 3330 2461 videbatur,
3393 2400 3680 2468 plenissima

2113 2490 2383 2543 voluntate
2410 2504 2439 2542 a
2490 2488 2576 2543 die
2605 2501 2856 2559 presente
2889 2491 3230 2547 indulsimus.
3298 2491 3552 2548 Similiter
3601 2495 3680 2548 ad-

2106 2580 2385 2652 jungimus
2433 2597 2461 2635 a
2516 2584 2726 2653 prelato
2776 2587 3113 2641 monasterio
3174 2586 3476 2641 Ebobiense
3525 2590 3678 2656 alpem

2113 2675 2367 2743 aliquam,
2398 2688 2504 2744 que
2535 2687 2756 2728 vocatur
2782 2676 2847 2729 ad
2877 2676 3137 2742 .iloutcm,
3176 2677 3441 2747 incipiens
3465 2678 3597 2732 enim
3622 2683 3675 2734 lic

2112 2769 2230 2820 rivo
2254 2766 2323 2821 de
2361 2765 2500 2822 Casa
2526 2766 2730 2831 Veteri.
2760 2770 3060 2823 ascendens
3090 2783 3182 2837 per
3212 2779 3418 2825 costam
3448 2772 3496 2824 in
3546 2786 3673 2826 sutu-

2115 2860 2299 2914 mitate
2328 2858 2558 2916 Cucbari
2610 2861 2832 2916 minoris
2879 2875 3043 2929 super
3085 2863 3354 2933 Casalegri
3396 2865 3586 2933 integra
3614 2868 3677 2918 via

2116 2955 2482 3022 pertransieus
2511 2970 2698 3009 versus
2729 2955 3131 3021 lncerasiolatn,
3180 2956 3269 3010 ubi
3318 2956 3557 3011 Banciola
3587 2972 3673 3010 vo-

2113 3057 2287 3112 catur,
2338 3061 2443 3116 quo
2495 3048 2756 3103 terminus
2809 3046 2948 3102 ﬁxus
2979 3058 3097 3102 est:
3130 3064 3266 3117 aqua
3321 3048 3445 3104 inde
3483 3050 3677 3104 de~cen-

2112 3143 2275 3198 dente
2332 3141 2384 3195 in
2439 3140 2611 3210 Caput
2676 3142 2921 3197 Sirtarim
2955 3157 3127 3208 usuue
3177 3143 3240 3196 ad
3275 3158 3544 3198 marezex
3596 3145 3677 3197 alio

2116 3236 2281 3287 latere
2307 3233 2508 3287 habens
2527 3234 2697 3286 rivum
2731 3233 2940 3288 liualem
2970 3234 3387 3291 descendentem
3419 3235 3484 3291 de
3510 3238 3674 3291 Monte-

2118 3324 2276 3393 lougu
2305 3325 2595 3378 intrantem
2632 3325 2682 3377 in
2720 3340 2867 3377 mare
2887 3365 2903 3389 ,
2937 3327 3281 3395 tergiturque
3309 3329 3505 3384 abhinc
3533 3330 3634 3383 linis
3653 3350 3673 3384 a

2119 3430 2269 3487 petra
2322 3418 2515 3474 Curice
2568 3435 2663 3487 per
2690 3421 3053 3476 summitatem
3084 3423 3247 3478 Ceste
3290 3423 3343 3478 in
3376 3426 3454 3477 via
3484 3425 3673 3494 publica,

2116 3507 2302 3579 ibique
2377 3509 2667 3564 terminum
2743 3520 2888 3577 stat,
2947 3512 3336 3583 descenditque
3395 3530 3488 3583 per
3549 3515 3673 3569 linem

2115 3599 2314 3654 montis
2345 3599 2559 3669 Petroni
2602 3615 2696 3669 per
2734 3615 2997 3657 summam
3027 3615 3232 3658 costam
3265 3620 3295 3659 a
3328 3606 3561 3668 vallicnla
3597 3620 3675 3673 que

2117 3705 2457 3763 nuncupatur
2508 3695 2885 3762 Castanetmn,
2936 3697 3273 3754 descendens
3320 3699 3374 3753 in
3428 3701 3558 3753 riam
3599 3714 3674 3768 que

2114 3786 2296 3842 educit
2345 3787 2411 3841 ad
2460 3798 2661 3857 petram
2695 3790 2869 3845 Corici
2899 3791 3050 3859 juxta
3080 3802 3319 3848 montem
3368 3794 3419 3847 in
3453 3795 3672 3857 Navasco,

2115 3877 2364 3948 caditque
2396 3879 2448 3933 in
2475 3878 2633 3933 aliam
2686 3880 2825 3933 viam
2858 3880 3151 3951 publicam,
3185 3898 3289 3952 que
3338 3882 3481 3937 vadit
3504 3884 3567 3937 ad
3600 3885 3672 3939 Cao

2116 3972 2450 4039 stellionem,
2485 3971 2716 4042 indeque
2741 3974 2972 4042 repricat
3000 3974 3135 4029 sein
3170 3976 3356 4031 susum
3383 3978 3529 4047 juxta
3555 3992 3670 4031 mon-

2118 4071 2228 4116 tem
2263 4062 2316 4117 iu
2344 4063 2559 4119 cervice
2608 4064 2916 4135 insignitum
2948 4080 3131 4133 cruce,
3174 4077 3229 4122 ct
3257 4070 3538 4137 pertransit
3583 4084 3667 4124 rer-

2121 4172 2240 4213 sum
2275 4157 2328 4212 in
2361 4159 2520 4214 ﬁnem
2549 4162 2719 4214 sancti
2753 4160 3034 4216 Michaelis
3064 4172 3353 4218 exeuntem
3384 4165 3450 4218 de
3495 4164 3667 4219 llutnine

2124 4251 2375 4306 l’ctrurio
2396 4250 2461 4303 ad
2496 4250 2629 4305 lines
2658 4239 2853 4307 montis
2888 4250 3339 4310 llarimannoruni
3356 4272 3511 4327 super
3530 4259 3664 4312 Olite-

2124 4355 2256 4407 tum,
2303 4345 2445 4411 quod
2476 4354 2555 4397 est
2602 4346 2683 4398 via
2718 4344 2927 4414 publica
2964 4347 3114 4414 juxta
3159 4352 3522 4419 meutem'per
3560 4352 3664 4410 Catt-

2129 4448 2307 4490 uetum
2338 4451 2507 4505 usque
2552 4452 2581 4490 a
2615 4438 2794 4492 l‘irum
2823 4449 3111 4508 agrestem.
3160 4440 3228 4495 Et
3255 4456 3443 4497 earum
3473 4443 3559 4500 ltec
3582 4459 3663 4498 om-

2129 4530 2216 4582 nia
2249 4542 2342 4597 per
2373 4530 2475 4583 hoc
2521 4538 2702 4584 nustre
2731 4532 3065 4585 auctoritatis
3095 4535 3479 4603 pragmaticum
3527 4537 3661 4592 dona-

2127 4637 2246 4675 ntus
2276 4632 2436 4691 atque
2468 4624 2817 4679 concedimus
2848 4629 3081 4681 tenentia
3122 4609 3298 4697 capite
3329 4646 3435 4685 uno
3460 4632 3506 4686 in
3534 4646 3658 4695 mare,

2124 4721 2180 4768 et
2236 4712 2341 4769 alio
2386 4715 2561 4785 capite
2612 4729 2641 4767 a
2722 4716 2856 4771 lines
2928 4716 3403 4786 llarimannorum.
3468 4723 3528 4779 de
3590 4737 3662 4779 uno

2125 4891 2317 4967 placita
2364 4891 2603 4967 trahere.
2646 4893 2730 4967 vel
2763 4892 3105 4962 distringere,
3161 4907 3251 4951 aut
3297 4899 3545 4967 jndirare,
3590 4900 3659 4953 nisi

2126 4965 2178 5017 in
2214 4971 2393 5039 nostra
2416 4964 2686 5039 imperiali
2712 4967 3014 5039 prtesentia.
3050 4987 3068 5019 ο
3110 4969 3180 5022 lla
3210 4964 3328 5039 ejus
3358 4968 3491 5024 lilius
3516 4964 3561 5026 et
3578 4985 3658 5026 tac-

2123 5048 2309 5106 cessor
2341 5033 2649 5106 lt'ridericus
2676 5033 2723 5090 ll'
2776 5037 3053 5106 privilegia
3101 5033 3432 5097 coalirmans
3456 5053 3657 5097 monaste-

2127 5107 2210 5182 ri_o_
2260 5103 2664 5182 Yangadiciensi
2721 5103 3058 5182 ad__Atlie~'ini
3101 5126 3320 5175 parvum
3365 5117 3655 5182 sito,iuona-

2124 5176 2242 5251 chis
2276 5176 2514 5251 indulget
2546 5194 2563 5227 ι
2596 5188 2652 5230 ιιι
2698 5180 2827 5232 nulli
2863 5180 2984 5234 inde
3036 5185 3364 5251 respondi-re
3413 5176 3652 5247 teneantur,

2130 5246 2423 5323 nisinobis
2449 5258 2712 5323 aut_certe
2744 5252 2907 5304 misso
2936 5246 3142 5317 nostro,
3175 5255 3238 5307 ad
3274 5255 3377 5309 hoc
3405 5258 3654 5323 specialiter

2125 5320 2418 5375 destinato.
2461 5340 2477 5369 ι
2518 5318 2756 5374 Fuerunt
2811 5332 2968 5396 υιιειιιι
3002 5336 3240 5392 tempora
3273 5318 3465 5394 quibus
3485 5330 3655 5396 impera-

2128 5401 2274 5445 tores
2304 5400 2360 5444 et
2394 5406 2549 5461 reges
2579 5406 2767 5446 causas
2797 5394 3105 5450 criminales
3144 5398 3245 5451 sibi
3296 5394 3652 5455 reservaruutin

2126 5476 2407 5536 sacrorum
2433 5462 2704 5516 hominum
2733 5466 2970 5518 castellis
3000 5476 3052 5520 et
3078 5470 3240 5536 agris.

2204 5533 2231 5573 δ
2294 5533 2637 5609 Desideratur
2666 5537 2736 5609 in
2782 5537 3004 5592 exordio
3053 5533 3239 5593 titulus
3285 5542 3483 5609 patricii
3520 5541 3651 5597 Rom-

2129 5620 2336 5669 norum,
2364 5608 2504 5674 quod
2546 5604 2597 5657 iu
2628 5606 2745 5661 aliis
2788 5609 3174 5675 diplomatibus
3201 5604 3454 5669 occurrit.
3483 5612 3570 5670 Sed
3600 5609 3653 5663 ni.

2130 5676 2225 5731 bili
2258 5675 2533 5748 faciendus
2564 5677 2650 5732 hic
2695 5682 2956 5736 delectus.
3001 5680 3245 5738 Nondum
3273 5684 3421 5739 enim
3451 5698 3569 5741 anno
3584 5678 3653 5737 “lii
