3856 6220
120 306 275 363 10115

554 301 777 357 CODEX
820 291 1341 355 DlPl.OIllATICUS.
1389 288 1799 347 PRIVILEGIA.
1832 320 1900 331 —
1936 287 2159 342 i‘llli’ii.
2202 286 2330 342 PER
2375 286 2645 345 PARTES
2687 286 2958 342 ιτΑωΑς.

3252 287 3390 348 1006

120 425 411 487 Leonardi,
442 433 590 478 corte
640 438 667 474 a
721 420 920 482 Furno,
954 428 1008 474 et
1055 426 1231 472 castro
1269 415 1496 474 Ciliauo,
1543 421 1702 477 atque
1738 411 1783 469 Α
1884 406 1993 475 Ego
2027 403 2259 461 Mericbo
2286 406 2516 460 clericus
2552 415 2789 476 rogatus.

120 519 303 587 Monte
335 514 532 579 llunici,
562 525 614 569 et
637 512 803 567 sancti
843 511 984 566 Pelri
1009 525 1127 563 cum
1170 515 1321 561 corte
1352 504 1622 571 Quintolo,
1652 513 1708 555 et

113 606 279 672 juxta
308 605 466 658 ﬂuvio
496 601 723 658 Goﬂntia
754 611 902 655 corte
938 598 1219 659 Dominici,
1240 606 1292 649 et
1317 597 1488 647 sancti
1517 590 1705 645 Donati

118 706 279 751 eorte
328 695 564 756 Decimo,
618 694 769 760 plebe
825 702 1006 745 sancre
1060 688 1450 748 Cecilie,corte
1490 682 1700 744 Penite,

121 791 283 851 plebe
330 788 523 843 Sancte
562 786 756 850 Marie,
796 794 945 837 corte
980 780 1194 841 Melete,
1228 788 1377 831 corte
1421 774 1702 835 Monacile,

120 878 461 945 Vailolungo,
496 877 726 942 Quarte,
776 876 927 944 plebe
980 872 1148 927 sancti
1202 871 1367 933 Petri,
1399 868 1703 921 Rabuciona

120 985 250 1021 cum
276 970 471 1036 capella
500 969 670 1022 sancti
703 967 866 1031 l’etri,
889 975 1089 1019 cortem
1143 964 1267 1029 Sepi
1313 976 1432 1016 cum
1476 959 1702 1014 ecclesia

120 1068 306 1112 sancta
350 1057 549 1124 Maria,
598 1066 747 1112 certe
799 1056 1020 1111 Caracle
1065 1068 1183 1107 cum
1241 1052 1466 1105 eccle~ia
1518 1048 1699 1104 Sancti

120 1149 347 1211 Martini,
378 1159 524 1203 corte
568 1149 875 1211 Casentino,
904 1146 1183 1200 Cortice'la
1226 1154 1403 1196 nostra
1456 1156 1581 1203 una.
1610 1141 1700 1208 ‘l'li

118 1250 341 1294 vocatur
392 1238 565 1305 Satri,
614 1250 763 1293 enrte
813 1238 1131 1305 Piuscingno
1184 1250 1305 1288 cum
1353 1233 1487 1285 cella
1531 1231 1699 1283 sancti

117 1331 357 1398 Apostoli
412 1345 580 1397 prope
627 1329 787 1384 ﬂuvio
834 1328 1029 1382 Selice.
1080 1327 1131 1380 In
1160 1324 1423 1380 Cornitatn
1458 1322 1701 1376 Lucense

117 1434 303 1474 Sancta
337 1420 495 1474 Maria
522 1434 644 1475 cum
675 1429 823 1474 corte
861 1418 1171 1478 Pulinacho.
1203 1431 1296 1470 svo
1327 1426 1380 1468 et
1407 1415 1541 1467 alias
1582 1427 1700 1463 om-

120 1527 219 1566 nes
248 1521 418 1567 cortes
446 1522 656 1567 nostras
686 1512 735 1566 in
768 1512 1018 1581 predictis
1039 1510 1402 1571 comitatibus,
1424 1505 1702 1559 territorio

118 1602 339 1663 'l’uscia,
370 1604 421 1655 in
462 1602 656 1657 donico
708 1614 1031 1666 nostrorum,
1089 1599 1229 1667 qtml
1292 1607 1537 1651 est.......
1593 1595 1701 1648 duo

121 1691 284 1744 millia
306 1690 738 1760 quingentorum.
765 1690 830 1745 Et
853 1692 895 1743 si
919 1690 1143 1758 amplius
1164 1689 1229 1740 de
1249 1682 1431 1740 noStro
1452 1685 1697 1739 dominico

1884 497 1993 566 Ego
2023 498 2298 567 Raimpret
2337 507 2569 567 rogatus.

1882 588 1992 658 Ego
2024 588 2280 642 Alduinus
2301 598 2538 658 rogatus.

1870 674 1990 751 Ego
2017 683 2211 752 .loseph
2237 697 2265 735 a
2295 690 2530 751 rogatus.

1880 773 2176 829 Melchione
2200 776 2438 828 medicus
2467 788 2498 826 a
2538 785 2773 843 rogatus.

1877 863 2037 934 Signa
2070 865 2109 932 -ι-
2131 864 2170 933 -ζη
2194 863 2233 933 ~3-
2254 864 2293 932 σξ-
2310 864 2375 919 de
2401 866 2729 918 contestibus
2766 862 3079 930 Warnifret,
3110 866 3382 927 A’rtornus,

1806 956 2362 1025 Mecltuis,Josephus,
2385 957 2649 1018 Stravius.
2672 957 2907 1022 Aripret,
2923 956 3217 1019 Johannes,
3250 958 3385 1009 Pau-

1808 1047 1964 1114 linus,
1997 1048 2276 1115 Basingus,
2300 1046 2499 1109 Murro,
2534 1045 2671 1110 Leo,
2694 1045 2987 1116 Gumperto
3010 1089 3024 1111 ,
3059 1047 3389 1114 Stamperto,

1804 1138 2027 1205 Stabile,
2060 1138 2135 1192 Da
2166 1138 2319 1203 Villa,
2348 1136 2621 1192 Vauieleif

2552 1272 2637 1328 iV.

1802 1390 2044 1461 Diploma
2072 1408 2172 1462 quo
2192 1392 2408 1446 Carolus
2432 1390 2651 1460 Magnus
2672 1390 2977 1445 monasterio
3000 1396 3025 1425 ι
3057 1388 3386 1462 ναιριηισηεὶ

1906 1459 2141 1532 quietiam
2167 1464 2431 1533 privilegia
2450 1459 2651 1530 acjura
2679 1462 2912 1550 concedit
2940 1462 3109 1553 (anno
3124 1459 3276 1527 775).

2127 1577 2219 1638 (Ex
2251 1575 2533 1635 Iuratorio,
2556 1576 2733 1637 Script.
2758 1587 2859 1624 rer.
2884 1574 3058 1635 Italic.)

1873 1683 2093 1737 Carolus
2116 1682 2281 1751 gratia
2304 1681 2393 1734 Dei
2422 1697 2516 1734 rex
2548 1680 2895 1742 Francorum,
2919 1689 2971 1733 et
3005 1676 3383 1746 Lungobardo-

122 1782 315 1838 invene
344 1783 394 1836 iit
427 1786 616 1852 pagina
650 1785 750 1837 ista
785 1792 1090 1849 permaneat
1113 1797 1213 1833 una
1255 1795 1377 1833 cum
1400 1779 1575 1831 omnia
1602 1793 1695 1830 ca-
1732 1752 1772 1811 Β
1804 1790 1942 1836 rum,
1982 1780 2139 1841 atque
2178 1773 2429 1836 patricius
2482 1772 2869 1837 Romanorum,
2895 1771 3145 1824 omnibus
3173 1773 3385 1837 episco-

123 1873 314 1939 pidalia
341 1874 721 1961 etcensoaria,
746 1887 842 1927 seu
864 1883 915 1926 et
946 1871 1148 1925 decima
1180 1871 1266 1937 qui
1284 1868 1347 1922 ad
1368 1870 1507 1937 ipsas
1523 1877 1699 1921 cortes

123 1964 369 2031 pertinet,
400 1976 459 2019 ut
486 1965 557 2019 sit
586 1964 639 2018 in
668 1965 810 2019 victo
838 1978 1189 2033 pauperorum
1226 1972 1381 2030 atque
1407 1960 1698 2013 monacho-

124 2070 240 2107 rum
267 2070 358 2123 pro
383 2055 729 2109 veneratione
751 2054 956 2120 religia,
990 2063 1045 2108 et
1084 2068 1148 2106 ne
1176 2051 1398 2104 subeant
1440 2050 1538 2117 ipsi
1586 2064 1704 2102 mo-

124 2143 297 2207 nachi,
332 2143 411 2196 vel
444 2143 768 2197 monasterio
809 2143 909 2197 nisi
940 2143 1005 2195 ad
1041 2141 1332 2209 Ecclesiam
1381 2140 1697 2193 Romanam.

124 2236 303 2288 Umnia
348 2237 491 2303 ipsas
537 2246 715 2289 curtes
760 2250 881 2288 cum
931 2232 1228 2302 adjacentia
1280 2242 1333 2287 et
1381 2229 1702 2299 pertinentia

123 2340 239 2388 sua,
268 2340 359 2379 seu
383 2341 503 2378 cttm
538 2326 871 2395 appettdiciis
900 2324 1013 2379 suis
1042 2333 1241 2393 quanto
1263 2321 1329 2375 ad
1361 2332 1568 2375 nostras
1596 2335 1705 2376 cor-

125 2430 206 2472 tes
255 2419 554 2500 depertinet
603 2418 739 2473 infra
785 2418 948 2485 ipsius
998 2416 1361 2479 comitatibus,
1394 2413 1554 2467 tantis
1601 2426 1704 2466 una

123 2524 239 2563 cum
268 2511 438 2563 selvas
461 2511 527 2564 ad
559 2509 701 2578 ipsas
742 2510 1143 2578 depertinentes
1174 2522 1277 2561 una
1324 2520 1444 2559 cum
1494 2504 1707 2583 olivetis

126 2610 177 2654 et
206 2600 411 2664 vinetis,
443 2598 1000 2663 arbustis,arboribus
1031 2597 1325 2668 pomiferis,
1351 2593 1706 2649 lructil'eriset

125 2690 459 2744 inlrttctiferis
511 2690 842 2757 diversisque
889 2688 1195 2758 generibus,
1222 2685 1343 2756 jura
1394 2683 1702 2749 ﬂuviorum,

126 2780 213 2848 qui
239 2778 469 2834 decurrit
492 2794 584 2847 per
613 2779 681 2833 de
712 2779 855 2847 ipsos
881 2776 1186 2842 comitatus,
1222 2774 1431 2841 alpibus
1459 2783 1512 2827 et
1553 2772 1703 2827 colli-

130 2872 240 2933 bus,
268 2872 442 2925 utnnia
474 2884 505 2923 a
531 2871 628 2925 sibi
662 2869 981 2938 pertinentia
1007 2878 1062 2921 et
1089 2865 1389 2934 adjacentia
1443 2864 1494 2917 in
1546 2863 1703 2917 intc-

126 2960 291 3035 grum.
317 2966 382 3019 Et
409 2963 560 3032 siqui
608 2964 677 3017 de
723 2961 1025 3016 hominibus
1077 2961 1166 3028 qui
1220 2968 1471 3027 precepta
1522 2967 1703 3012 nostra

88 3078 91 3081 ν
130 3055 429 3127 neglexerit,
450 3055 747 3110 vel.........
780 3053 1007 3117 daverit,
1040 3051 1096 3106 lit
1126 3053 1225 3107 sibi
1254 3067 1384 3120 pena
1426 3051 1699 3120 composi-

132 3157 243 3200 tura
270 3147 401 3201 bona
430 3145 549 3215 ejus
579 3145 897 3213 publicetur,
937 3154 989 3198 et
1045 3144 1097 3196 in
1142 3143 1302 3197 exilio
1343 3141 1697 3197 mitteremus.

132 3239 269 3293 llanc
290 3253 414 3293 vero
445 3237 687 3308 paginam
729 3239 959 3293 Artuino
990 3235 1198 3291 notario
1221 3251 1251 3290 a
1297 3236 1535 3291 scrivere
1585 3237 1700 3291 tolli

130 3344 178 3386 et
204 3332 471 3387 robariada
501 3344 601 3385 cun
628 3329 849 3385 teStibus
877 3329 1069 3384 tradita
1100 3325 1363 3395 complevi
1393 3335 1448 3381 et
1476 3326 1698 3383 absolsi.

200 3544 223 3569 ι
254 3532 620 3589 Vulturnensis
652 3530 961 3586 monasterii
990 3530 1134 3585 initia
1158 3529 1235 3585 sic
1264 3538 1445 3583 narrat
1469 3524 1697 3599 Chroni-

132 3619 224 3659 con
252 3606 504 3660 Farsense
558 3620 571 3655 :
629 3620 648 3655 ι
707 3602 995 3657 Crescente
1040 3601 1218 3667 itaque
1275 3600 1507 3654 nominis
1559 3603 1698 3654 fama

134 3678 287 3729 Sancti
317 3674 535 3728 Thomte
568 3674 772 3726 abbatis
805 3668 1141 3744 [Farfensis],
1172 3681 1225 3744 et
1254 3670 1412 3744 hujus
1450 3670 1701 3744 substan-

137 3748 214 3797 liis
241 3745 545 3799 monasterii
577 3745 627 3796 in
663 3741 958 3813 peregrinis
987 3752 1042 3795 et
1073 3741 1368 3809 hospitibus
1396 3741 1698 3813 suscipien-

134 3816 229 3879 dis,
251 3816 536 3870 secundum
562 3813 774 3867 Domini
800 3812 1151 3881 praeceptum,
1187 3812 1561 3865 honestissime
1579 3825 1697 3864 am-

136 3882 608 3955 pliatis,co:perunt
636 3884 783 3937 ntulti
819 3900 879 3937 ex
906 3884 1129 3955 diversis
1177 3882 1489 3955 nationibus
1534 3882 1694 3937 ismut

141 3952 463 4025 frequentare
490 3957 690 4016 locum,
721 3956 799 4025 vel
830 3955 994 4023 gratia
1028 3952 1375 4011 visitationis,
1407 3952 1503 4025 vel
1536 3967 1696 4025 causa

140 4021 516 4090 hospitalitatis,
542 4027 625 4077 vol
655 4025 717 4079 ad
746 4021 908 4080 Deum
939 4039 1122 4078 amore
1161 4021 1527 4075 convertendi.
1581 4022 1699 4087 Quo

139 4106 360 4165 tempore
397 4097 464 4150 de
496 4098 799 4150 Benevento
823 4096 1082 4162 progressi
1112 4104 1235 4147 sunt
1261 4104 1368 4146 tres
1396 4093 1490 4144 viri
1538 4093 1696 4165 uobi-

142 4162 308 4227 les,'et
335 4168 738 4235 consanguinei,
763 4176 981 4218 sanctus
1016 4165 1197 4225 Pallio,
1232 4165 1408 4235 Tarso,
1438 4172 1494 4216 et
1541 4162 1697 4229 Tatu,

140 4239 239 4303 qui,
267 4239 514 4291 sarculum
545 4233 598 4291 et
627 4252 719 4288 sua
752 4236 927 4289 omnia
961 4251 1054 4302 pro
1084 4235 1295 4289 Christo
1317 4233 1698 4303 relinquentes,

142 4309 562 4374 peregrinationis
592 4308 692 4359 iter
745 4316 1167 4371 assumpserunt,
1201 4315 1256 4358 et
1284 4304 1347 4356 ad
1382 4304 1699 4370 praedictum

142 4377 296 4430 virmn
321 4377 573 4430 domuum
605 4377 862 4429 Thomam
903 4376 987 4431 hic
1027 4382 1404 4443 pervenerunt.
1464 4377 1530 4427 At
1574 4390 1703 4428 vero

142 4443 697 4524 Venerabilis_"l‘lt_omas
719 4462 839 4524 cum
860 4449 940 4501 eis
958 4447 1179 4524 Romam
1209 4444 1465 4524 perrexit,
1496 4459 1696 4512 eosque
1728 4464 1780 4524 ι)

145 4531 305 4571 secum
340 4519 712 4586 benignissime
740 4518 1006 4580 refovens,
1041 4518 1142 4570 huc
1173 4515 1402 4579 reduxit,
1425 4526 1476 4567 et
1509 4530 1696 4581 Quam-

145 4604 284 4654 quam
306 4602 450 4642 extra
485 4605 637 4642 usunt
666 4589 823 4641 fuerit
846 4588 1171 4652 monasterii,
1209 4594 1425 4653 propter
1449 4586 1695 4639 arderem

148 4668 305 4713 tamen
342 4661 620 4713 laudabilis
640 4674 824 4713 eorum
848 4659 1096 4712 desiderii
1127 4659 1447 4711 intrinsecus
1476 4660 1697 4723 reci-pit,

146 4739 194 4781 rt
241 4745 351 4783 cum
412 4732 662 4783 fratribus
718 4728 1075 4783 Ctttl'lllltlltiler
1122 4728 1423 4793 participari
1470 4725 1616 4789 fecit,-
1647 4741 1702 4782 et

147 4800 547 4855 conversationis
589 4814 825 4865 normam
872 4799 1068 4853 docere
1098 4802 1146 4852 iu
1182 4800 1360 4865 paucis
1388 4798 1576 4852 diebus
1603 4813 1702 4851 cu-

150 4871 285 4923 tavit.
311 4871 433 4923 Post
460 4872 574 4925 hate
602 4870 667 4922 ad
699 4864 835 4922 beati
870 4868 1127 4923 Vincentii
1173 4869 1422 4937 martyris
1448 4868 1521 4929 in
1575 4884 1698 4937 pro-

150 4942 298 4995 vincia
323 4941 523 4996 Samttii
551 4956 712 5009 super
738 4941 904 5010 ripam
934 4940 1170 4993 Vulturni
1197 4938 1430 4993 ﬂuminis
1455 4950 1697 4993 sanctum

150 5013 437 5076 matorium,
458 5013 508 5065 in
532 5008 640 5081 quo
662 5008 796 5063 tunc
816 5008 956 5063 nulla
977 5022 1091 5064 erat
1115 5010 1369 5063 habitatio
1400 5010 1699 5081 hominum,

154 5091 326 5147 przeter
355 5080 584 5135 ferarum
618 5081 958 5141 latibula,vel
991 5083 1279 5144 latronum,
1307 5080 1466 5134 eundi
1505 5080 1584 5135 eis
1614 5081 1699 5133 in—

152 5152 324 5207 dicium
372 5153 542 5218 dedit,
579 5161 634 5205 et
684 5166 742 5206 se
786 5152 848 5204 ad
882 5166 977 5205 eos
1022 5151 1147 5206 illuc
1198 5152 1453 5204 citissime
1504 5151 1701 5204 iturum

155 5224 393 5286 promisit.
414 5222 527 5276 Non
559 5221 725 5276 multo
748 5233 865 5290 post
889 5234 1063 5275 autem
1100 5224 1179 5275 vir
1208 5222 1416 5274 Domini
1465 5221 1703 5274 Thomas

157 5292 490 5348 Beneventum
523 5291 789 5361 profectus
842 5302 943 5346 est
979 5294 1241 5359 pedester,
1271 5302 1327 5344 et
1376 5292 1442 5345 ad
1497 5294 1703 5347 curiam

157 5367 364 5429 perrexit
386 5363 573 5417 Gisuiﬁ
597 5364 765 5427 ducis,
791 5365 1095 5430 Spectabilis
1119 5364 1239 5416 viri.
1262 5362 1411 5416 Tunc
1430 5378 1554 5417 vero
1571 5377 1703 5426 qua-

156 5438 255 5487 dam
286 5444 441 5489 nocte
469 5444 655 5487 sancta
685 5435 773 5487 Dei
802 5434 1026 5501 genitriv
1082 5434 1264 5498 Maria,
1300 5447 1422 5486 cum
1480 5431 1706 5504 praelato

155 5504 251 5557 viro
300 5506 603 5560 venerabile
658 5505 882 5571 Thoma,
924 5504 1096 5557 eidem
1136 5504 1257 5557 duci
1310 5519 1403 5571 per
1443 5504 1705 5557 visionem

156 5588 393 5642 apparens
423 5574 676 5643 praecepit
701 5575 884 5627 dicens
917 5592 928 5626 :
959 5592 977 5626 ι
1016 5574 1164 5637 Vide,
1193 5584 1251 5626 ut
1284 5574 1533 5644 quicquid
1576 5588 1605 5625 a
1655 5583 1708 5628 te

161 5661 176 5694 ι
207 5648 298 5699 iste
326 5645 672 5714 postulaverit
697 5645 1032 5713 Peregrinus,
1064 5645 1111 5698 ei
1143 5660 1313 5712 neque
1365 5659 1563 5713 negare
1613 5645 1708 5697 de-

161 5733 176 5764 i
211 5717 343 5780 beas,
373 5715 495 5786 quia
523 5715 601 5769 vir
631 5724 845 5770 sanctus
872 5725 971 5783 est,
998 5724 1052 5769 et
1092 5717 1263 5771 orabit
1312 5730 1407 5784 pro
1449 5728 1539 5770 te:
1582 5732 1602 5766 ι
1653 5721 1709 5769 et

1726 3095 1776 3159 ϐ

1807 1864 1906 1931 pis,
1936 1862 2233 1927 abbatibus,
2256 1862 2509 1925 ducibus,
2539 1863 2841 1927 comitibus,
2872 1860 3102 1922 vicariis,
3129 1860 3384 1913 domesti-

1804 1955 1881 2009 cis
1908 1963 1963 2007 et
1988 1955 2327 2019 ceutcnariis,
2356 1954 2436 2008 vel
2463 1954 2713 2009 omnibus
2743 1954 2919 2007 missis
2947 1953 3139 2019 nostris
3168 1952 3384 2006 discur-

1806 2046 2063 2100 rentibus.
2094 2046 2360 2114 Quidquid
2386 2047 2528 2100 enim
2556 2046 2628 2101 ob
2657 2060 2896 2102 amorem
2933 2046 3293 2101 Ecclesiarum
3330 2057 3388 2099 et

1806 2138 2035 2205 quietem
2058 2152 2332 2192 servorum
2365 2138 2456 2191 Dei
2486 2151 2822 2201 exercemus,
2850 2138 2953 2192 hoc
2999 2138 3152 2192 nob’s
3196 2137 3383 2205 procul

1806 2226 1988 2291 dubio,
2023 2225 2244 2281 Domino
2270 2227 2575 2294 adjuvante,
2600 2227 2669 2280 ad
2698 2238 2951 2287 aeternam
3001 2228 3381 2282 beatitudinem

1808 2320 2072 2386 pertinere
2111 2318 2451 2373 conlidimus.
2504 2319 2664 2387 Igitur
2706 2320 3003 2389 comperiat
3050 2320 3378 2388 magnitudo,

1807 2424 1902 2462 seu
1927 2410 2124 2463 utilitas
2151 2418 2345 2471 vestra,
2372 2410 2601 2477 qualiter
2622 2409 2946 2465 venerabilis
2992 2412 3071 2463 vir
3128 2407 3387 2463 Probatos

1808 2502 1974 2556 abbas
2003 2501 2315 2555 monasterii
2343 2502 2482 2568 quod
2514 2510 2591 2554 est
2617 2509 2984 2555 constructum
3028 2500 3080 2553 in
3130 2500 3390 2556 honorem

1811 2591 2132 2646 beatissima:
2163 2592 2253 2646 Dei
2281 2591 2553 2660 genitricis
2582 2606 2903 2659 semperque
2939 2590 3156 2661 virginis
3188 2592 3389 2655 Mariae,

1810 2687 1951 2751 quod
1986 2693 2206 2739 vocatur
2251 2685 2562 2749 Acutianus,
2615 2684 2666 2737 in
2716 2683 3273 2754 ducatu—Spoletano,
3305 2688 3387 2738 vel

1811 2776 2031 2831 fundato
2057 2777 2107 2831 itt
2137 2777 2412 2832 territorio
2437 2763 2742 2841 Sabin'ensi,
2770 2778 2927 2832 missa
2974 2778 3232 2847 petitione
3280 2778 3384 2832 cle-

1811 2869 2026 2922 mentite
2049 2870 2193 2937 regni
2219 2870 2412 2929 nostri.
2439 2869 2576 2922 dixit
2598 2869 2957 2938 suggerendo,
2977 2877 3034 2922 ut
3064 2884 3162 2936 pro
3185 2885 3393 2924 merce-

1810 2961 1892 3015 tlis
1922 2972 2119 3016 nostra:
2144 2973 2429 3029 augmento
2470 2962 2645 3016 taliter
2672 2965 2742 3025 ei,
2786 2962 2871 3016 vel
2920 2960 3018 3030 ipsi
3070 2965 3395 3020 monasterio

1808 3054 2109 3108 concedere
2140 3053 2479 3118 deberemus,
2504 3053 2734 3122 qualiter
2764 3052 2875 3120 ipsa
2902 3067 3025 3109 casa
3057 3054 3148 3110 Del
3173 3056 3275 3119 sub
3299 3058 3401 3110 tali

1809 3146 2084 3215 privilegio
2112 3160 2229 3200 esse
2257 3147 2496 3209 deberet,
2524 3145 2667 3200 sicut
2687 3158 2864 3201 cetera
2894 3148 3214 3201 monasteria
3239 3148 3269 3186 δ
3301 3148 3392 3201 Li.

1808 3237 2121 3300 rinensium,
2140 3224 2559 3306 Agaunensium,
2575 3245 2628 3289 et
2652 3237 3087 3302 Luxuriensitttn,
3107 3239 3194 3291 ubi
3217 3239 3393 3307 prisca

1808 3328 2021 3382 Patrum
2057 3328 2255 3392 Basilii,
2287 3327 2581 3391 Benedicti,
2612 3327 2954 3395 Columbam,
2988 3330 3069 3383 vel
3092 3341 3393 3385 ceterorum

1807 3534 1921 3589 lucc
1949 3531 2131 3587 dicens
2172 3530 2448 3586 abscessit.
2492 3532 2640 3585 Mane
2688 3541 2865 3585 autem
2897 3533 3055 3595 facto,
3107 3533 3244 3585 idem
3285 3533 3387 3585 dux

1806 3620 1899 3671 per
1924 3618 2050 3659 suos
2081 3604 2352 3657 miniStros
2376 3603 2443 3655 ad
2474 3617 2532 3656 se
2558 3602 2944 3668 introductum,
2982 3611 3137 3670 prout
3190 3604 3393 3656 viderat

1805 3677 1858 3730 in
1889 3675 2113 3737 visione,
2144 3673 2292 3727 illum
2323 3673 2604 3737 cognovit;
2658 3681 2712 3726 et
2749 3673 3006 3727 continuo
3033 3688 3132 3729 suo
3160 3673 3228 3727 de
3256 3673 3395 3728 solio

1804 3746 2054 3809 Surrexit,
2081 3751 2137 3798 et
2174 3744 2318 3796 omni
2351 3744 2400 3797 in
2437 3753 2574 3796 terra
2608 3752 2873 3811 prostrato
2900 3758 3129 3811 corpore
3155 3744 3386 3798 adorans

1804 3816 1997 3870 dixitui
2024 3833 2033 3866 :
2057 3833 2076 3865 ι
2095 3814 2245 3867 Alma
2276 3813 2364 3866 Dei
2393 3812 2641 3881 genitrix,
2667 3812 2852 3876 Maria,
2878 3823 2927 3867 te
2950 3815 3077 3867 mihi
3098 3816 3198 3866 hac
3230 3827 3384 3868 nocte

1810 3905 1828 3937 ι
1872 3902 1965 3954 per
1992 3886 2249 3938 visionem
2280 3882 2557 3938 ostendit:
2605 3897 2747 3937 nunc
2791 3896 2920 3938 vero
2974 3885 3224 3953 quicquid
3282 3887 3395 3953 pla-

1811 3958 2031 4009 r‘cueril
2064 3967 2185 4021 pete
2213 3969 2242 4007 a
2274 3968 2390 4019 me;
2438 3963 2492 4006 et
2515 3968 2615 4021 ego
2637 3956 2861 4008 devotus
2903 3966 3005 4009 ture
3038 3954 3392 4009 libet-tisanae

1810 4047 1829 4079 ι
1868 4027 2096 4080 tribuam
2119 4023 2428 4098 sanctitati._
2453 4042 2471 4075 ι
2505 4028 2569 4098 At
2594 4024 2681 4098 ille
2711 4040 2735 4098 εΔ
2764 4041 2784 4073 ι
2819 4024 3015 4098 Uitam,
3046 4025 3235 4098 inquit,
3269 4040 3392 4098 par-

1812 4118 1830 4151 t
1870 4099 2047 4149 vniam
2078 4093 2267 4148 vestra:
2306 4093 2638 4148 celsitudinis
2686 4094 2868 4163 pieL'tti
2918 4093 3128 4162 posmlo
3177 4096 3391 4162 pelitiu-
3429 4098 3435 4103 ’

1810 4187 1829 4221 ι
1870 4182 1989 4221 nem
2025 4184 2037 4217 :
2069 4166 2242 4219 Iocmn
2274 4165 2556 4233 quemdam
2589 4165 2640 4218 in
2671 4165 2873 4220 bamnii
2908 4168 3181 4230 provincia
3230 4179 3395 4233 super

1812 4258 1831 4291 ε
1874 4238 2118 4289 Vulturni
2152 4236 2383 4289 ﬂuminis
2410 4237 2579 4301 ripam
2626 4233 2677 4287 iu
2727 4234 3068 4290 solitudinem
3099 4237 3395 4301 redactum,

1813 4328 1834 4361 ί
1874 4308 1962 4361 ubi
1991 4308 2042 4361 in
2073 4307 2208 4360 beati
2249 4305 2507 4359 Viocentii
2534 4306 2795 4375 honorem
2825 4307 3050 4359 ltabetur
3095 4308 3391 4359 oratorium

1810 4399 1833 4431 4
1872 4388 2260 4437 constructum,
2292 4379 2542 4441 obsecro,
2577 4385 2631 4427 ut
2657 4376 2784 4428 mihi
2817 4377 3027 4443 pietatis
3064 4390 3256 4429 vesmu
3290 4376 3415 4427 lar-.

1812 4470 1831 4504 r
1871 4450 2000 4515 gitio
2026 4449 2322 4502 concedere
2349 4446 2897 4514 diguetur,quatenus
2921 4447 3115 4501 ibidem
3139 4446 3396 4499 habitatio

1813 4541 1833 4575 ί
1871 4520 2208 4573 debeatesse
2244 4517 2579 4569 monasterii.
2628 4534 2647 4568 δ
2703 4518 2871 4582 Quam
2917 4517 3228 4585 petitionem
3285 4517 3398 4585 ipse

1806 4593 1915 4646 dux
1942 4591 2169 4646 libenter
2198 4586 2489 4654 accipiens,
2512 4588 2665 4639 hilari
2693 4588 2841 4639 vultu
2874 4587 3151 4656 respondit
3172 4588 3357 4640 dicens
3386 4602 3406 4641 :

1812 4682 1830 4714 ε
1875 4664 2034 4723 Ecce,
2062 4659 2237 4722 l’ater,
2274 4662 2406 4725 ipse,
2439 4658 2506 4709 de
2534 4672 2640 4726 quo
2674 4658 2933 4723 postulas,
2981 4662 3131 4712 locus
3179 4658 3263 4710 ab
3298 4660 3397 4711 hac

1811 4753 1830 4786 ι
1872 4734 1999 4785 hora
2030 4735 2079 4785 in
2125 4741 2210 4782 tua
2238 4740 2547 4797 permaneat
2597 4737 2882 4795 potestate,
2914 4735 2968 4781 et
3018 4727 3284 4781 “'lllillllis
3331 4741 3402 4782 ex

1811 4824 1831 4856 ι
1868 4818 1934 4857 co
1956 4806 2136 4869 accipe
2167 4809 2486 4867 praeceptum
2513 4814 2529 4869 ς
2571 4816 2588 4848 ι
2622 4798 2763 4866 quod
2791 4812 2915 4851 mox
2945 4800 3184 4869 scribere
3211 4799 3394 4863 jussit,

1809 4868 2225 4939 roboratumque
2253 4869 2373 4939 eius
2400 4868 2621 4921 tradidit
2645 4871 2912 4933 potestati.
2969 4868 3225 4921 l'ra-fatos
3269 4882 3396 4921 vero

1809 4960 1951 4997 viros
1981 4947 2059 5003 vir
2091 4938 2555 5007 Durnini’l'ltomas
2588 4955 2638 4991 tn
2668 4939 2892 5005 gratiam
2944 4938 3184 5007 ejusdem
3234 4954 3394 4991 revu-

1805 5015 2144 5077 caviLducis,
2176 5022 2229 5062 et
2250 5021 2381 5062 cum
2401 5010 2483 5062 eis
2507 5005 2820 5061 festinanter
2840 5009 2907 5061 ad
2937 5005 3185 5063 eumdem
3223 5010 3397 5061 locum

1809 5086 2071 5156 pervenit,
2107 5083 2192 5156 ubi
2224 5081 2510 5156 aliquantis
2538 5079 3279 5156 demoratus_diehus,‘ntulta
3308 5083 3403 5132 tle-

1801 5151 1885 5211 dit
1914 5158 1994 5209 eis
2020 5153 2217 5207 monita
2245 5153 2461 5213 salutis,
2492 5159 2545 5203 et
2572 5152 2649 5203 .in
2697 5164 2805 5215 quo
2862 5152 2981 5203 loco
3031 5151 3400 5210 rel’ecturinm,

1808 5227 2397 5296 dormitoriutn,atque
2412 5221 2679 5287 hospitum
2704 5223 3201 5296 susceptioitem.,et
3220 5220 3399 5296 omnia

1806 5290 2107 5367 opportuna
2140 5290 2435 5347 habitacula
2460 5290 3103 5367 construeredeb.:reut,
3130 5290 3392 5343 ostendit.

1812 5360 2098 5435 P'a'ldpnem
2120 5379 2356 5435 quoque,
2387 5360 2599 5435 QlliAlliS
2640 5361 2889 5435 omnibus
2942 5362 3124 5414 mitior
3170 5370 3309 5425 erat,
3338 5370 3396 5411 ut

1810 5431 2070 5510 prrcesset
2099 5431 2205 5490 illis
2232 5436 2283 5487 itt
2315 5431 2603 5503 regimine,
2636 5433 2816 5501 elegit.
2857 5449 2876 5481 ι
2913 5442 3020 5485 etc.

1822 5615 1832 5626 .
1879 5570 1907 5609 ι’
1941 5572 2187 5625 Omnium
2212 5569 2560 5623 celeberrima
2588 5567 2909 5621 monasteria
2946 5568 2997 5620 in
3030 5581 3196 5635 regno
3235 5565 3402 5619 Fran-

1808 5659 2015 5707 corum,
2042 5642 2213 5705 qualia
2244 5649 2297 5693 et
2326 5640 2376 5692 iu
2411 5639 2553 5691 Italia
2593 5636 2743 5693 fuere
2778 5638 3095 5711 Casinense,
3122 5637 3402 5700 Narrantu-

1810 5716 2010 5778 lanunt,
2049 5711 2323 5773 Farfcnse,
2359 5718 2461 5763 ctc.
3322 5725 3329 5734 σ
