3856 6220
491 261 629 315 tom

1377 261 1437 315 ll.
1481 261 1730 317 CAROIJ
1772 262 1984 323 MAGNI
2025 259 2177 316 UPP.
2221 262 2397 319 PARS
2441 265 2480 333 Ι,
2521 265 2759 326 ΞΕΟΤΙΟ
2801 271 2863 326 ll.

3641 272 3773 330 totis
3826 247 3827 252 Ν

490 367 720 429 I'ntrunr
739 375 918 445 regula
950 374 1203 429 custodiri
1231 376 1438 432 videtur
1475 397 1486 430 :
1515 388 1570 432 ut
1602 380 1776 433 nullus
1793 380 2152 445 episcopo-ut
2178 391 2484 436 sanctorum
2520 387 2907 441 veuerabilinm
2938 387 3007 442 ob
3036 402 3276 443 amorem
3311 380 3401 444 Dei
3433 389 3643 445 nostris
3683 404 3775 442 au-

489 483 607 521 rum
641 482 738 536 pro
766 468 1031 522 eluetione
1057 469 1268 524 abbatis
1290 471 1556 529 dationem
1589 473 1834 539 accipere
1859 472 2073 534 debeat,

485 568 542 612 et
569 567 882 625 pulestatem
916 574 1020 612 non
1055 561 1248 635 habent
1277 561 1342 614 de
1373 561 1491 627 ip~o
1543 563 1871 616 monasterio
1925 561 2074 616 aule—

485 646 634 701 rendi
659 662 868 712 cruces,
897 648 1398 718 calices,.patcnas,
1416 651 1656 718 codices,
1675 651 1756 705 vel
1791 652 2069 717 reliquias,

483 741 567 794 vel
594 739 859 808 quaslibet
882 755 969 795 res
999 742 1065 794 de
1091 741 1392 796 ministerio
1439 744 1709 806 ecclesiae,
1741 757 1838 798 nec
1890 743 2068 811 ipsum

483 833 868 888 monasterium
904 847 1102 900 ponere
1128 833 1228 888 sub
1263 832 1461 888 tributo
1490 833 1788 902 principum
1841 845 2076 904 potesta-

481 931 590 975 tum
623 923 858 988 haberet,
891 923 1231 980 medentum
1277 924 1554 984 tributum.
1599 936 1692 979 aut
1745 940 1966 980 censum
2019 923 2074 980 in

476 1013 790 1082 supradicto
837 1016 1165 1069 monasterio
1207 1028 1396 1068 eorum
1453 1015 1672 1084 exigere
1721 1015 1950 1080 debeat,
1978 1016 2072 1069 sed

443 1126 451 1136 λ
483 1104 595 1169 ipsa
626 1117 746 1158 casa
801 1104 915 1169 Dei,
963 1105 1123 1159 sicut“
1153 1088 1516 1172 suprascripta
1569 1106 1918 1172 monasteria,
1951 1121 2073 1175 qua:

482 1192 618 1248 inl'ra
642 1209 799 1263 regna
834 1204 1014 1248 nostra
1038 1205 1181 1261 sunt,
1211 1197 1310 1250 sub
1349 1212 1416 1250 eo
1455 1196 1733 1264 privilegio
1787 1205 1839 1250 et
1885 1211 2074 1250 norma

484 1285 702 1340 l‘atrum
739 1288 1020 1340 consistat.
1080 1287 1248 1358 Cujus
1279 1289 1588 1356 petitionem
1622 1303 1719 1355 pro
1757 1288 1942 1342 divino
1987 1303 2075 1343 re-

479 1387 691 1445 spectu,
727 1378 807 1431 vel
835 1367 1098 1436 mercedis
1140 1392 1336 1434 noetra:
1365 1390 1650 1448 augmento
1679 1380 1946 1434 nolui-mus
1975 1380 2074 1436 de-

479 1484 676 1536 negare
701 1486 717 1532 ;
747 1472 837 1523 sed
862 1472 931 1524 ob
955 1485 1192 1525 amorem
1233 1467 1447 1525 Domini
1497 1470 1664 1524 nostri
1710 1469 1833 1525 Jcsu
1875 1470 2076 1526 Cbristi

480 1562 554 1617 ita
585 1563 934 1617 conﬁrmasse
962 1562 1045 1617 vel
1087 1562 1156 1617 de
1203 1577 1343 1617 novo
1385 1562 1721 1618 concessisse
1749 1562 2072 1631 cognoscite.

478 1655 860 1725 Prmc'pfentes
907 1669 1037 1725 ergo
1083 1654 1368 1722 iubemus,
1409 1663 1467 1706 ut
1524 1654 1701 1708 nullus
1753 1655 2068 1722 episcopus,

2178 475 2518 530 ctoritatibus
2548 480 2955 546 conﬁrmamus,
2987 481 3284 550 donamus,
3326 495 3382 538 et
3412 485 3620 554 regiam
3653 498 3777 538 con-

2178 567 2515 621 snetudinem
2543 585 2880 638 exert-emns,
2907 581 2963 628 et
2990 575 3040 628 id
3073 576 3124 628 in
3153 586 3431 644 posterum
3459 592 3778 631 mansurum

2178 667 2301 708 esse
2347 656 2636 712 credimus.
2695 661 2858 730 Igitur
2900 665 3198 732 comperiat
3242 666 3482 720 omnium
3534 666 3775 721 ﬁdelium

2179 753 2489 800 nostrorum
2520 743 2808 815 industria,
2839 754 3069 822 qualiter
3097 757 3421 810 venerabilis
3448 757 3532 812 vir
3556 757 3588 796 δ
3619 758 3780 826 Apol-

2179 834 2369 890 linaris
2403 838 2660 896 Ecclesia
2694 843 2973 914 Regiensis
3000 850 3288 917 episcopus
3325 852 3543 920 pictatis
3573 866 3776 907 nostra:

2179 925 2527 984 clementiam
2557 932 2786 1003 adjerit,
2833 946 2887 989 ut
2927 951 3118 994 omnes
3157 955 3244 995 res
3283 941 3449 1009 ipsius
3476 945 3776 1013 episcopii,

2177 1035 2312 1090 quas
2337 1024 2670 1095 antiquitus,
2702 1028 2785 1085 vel
2820 1033 3096 1089 modernis
3131 1037 3462 1105 temporibus
3484 1077 3501 1103 ,
3551 1050 3670 1092 tam
3714 1043 3777 1096 dc

2141 1183 2143 1185 ι
2177 1112 2486 1171 dationibus
2517 1135 2724 1188 regum,
2759 1139 2920 1191 quam
2952 1126 3286 1195 reginarum.
3317 1142 3413 1181 seu
3442 1131 3774 1198 reliquorum

2178 1203 2345 1260 Deum
2371 1207 2694 1274 timentium,
2722 1215 2800 1266 vel
2831 1230 2963 1279 qttos
2999 1217 3048 1269 in
3079 1229 3235 1270 antra
3267 1219 3526 1282 additum,
3562 1222 3654 1275 vel
3688 1227 3774 1276 de-

2177 1293 2410 1368 legatum
2452 1298 2646 1366 fuerit,
2681 1303 2762 1358 vel
2795 1308 3047 1374 quicquid
3085 1310 3263 1376 juste,
3301 1321 3357 1364 et
3388 1313 3774 1370 rationabiliter

2177 1389 2456 1456 possidere
2483 1392 2836 1464 dignoscitur,
2886 1400 2989 1452 sub
3034 1400 3391 1457 intmunitatis
3440 1414 3646 1459 nostra:
3678 1409 3774 1461 titi-

2179 1479 2326 1535 tione
2360 1496 2456 1551 per
2484 1495 2725 1540 nostram
2757 1491 3130 1546 auctoritatem
3165 1493 3422 1560 praulicto
3455 1497 3575 1550 loco
3618 1512 3772 1551 sacro

2176 1573 2678 1632 corroboraremus.
2745 1578 3022 1646 Quatenus
3074 1584 3254 1639 nullus
3304 1585 3471 1654 jndex
3528 1589 3772 1656 publicus

2178 1666 2375 1722 ibidem
2407 1683 2598 1726 causas
2627 1672 2954 1742 audiendas,
3002 1676 3086 1731 vel
3135 1677 3283 1731 lroda
3323 1680 3585 1748 exigenda
3612 1722 3628 1744 ,
3682 1697 3769 1737 seu

475 1745 662 1811 abl-as,
691 1747 820 1812 dux,
844 1747 1146 1813 Castaldus,
1183 1747 1264 1800 vel
1296 1745 1551 1816 quislibet
1595 1745 1659 1798 de
1693 1745 1942 1800 ﬁdelibus
1974 1759 2070 1802 no-

2903 1728 2954 1742 -,
3043 1728 3084 1731 ,κ
3157 1728 3166 1730 -
3225 1728 3280 1731 _,,
3329 1728 3628 1748 ηυγ-η,
3683 1728 3769 1737 η-

2181 1761 2634 1830 mansionatieas,
2669 1767 2751 1819 vel
2803 1782 3012 1834 paratas
3043 1767 3356 1837 faciendas,
3407 1787 3507 1826 nec
3551 1773 3771 1843 ﬁdrjus-

474 1834 625 1901 stris,
646 1850 740 1892 seu
760 1850 783 1875 ιι
798 1837 1062 1905 juniores,
1077 1845 1171 1889 aut
1188 1849 1530 1900 successores
1549 1835 1732 1899 vestri,
1754 1836 2070 1906 praedictum

475 1926 747 1992 abbatem,
773 1938 864 1982 aut
895 1931 1190 1983 monachos
1218 1942 1370 1988 suos,
1393 1929 1474 1981 vel
1505 1937 1726 1997 agentes
1769 1926 1934 1995 ipsius
1977 1941 2060 1982 ec-

474 2019 653 2073 clesia:
680 2018 747 2074 de
778 2019 941 2073 rebus
964 2006 1166 2087 priel'nti
1210 2018 1545 2082 monasterii,
1573 2032 1694 2088 qua:
1751 2016 1948 2073 ibidem
2005 2033 2070 2073 ex

473 2104 836 2165 muniﬁcentia
869 2125 1055 2181 regum
1106 2119 1197 2163 aut
1241 2109 1570 2179 reginarum,
1606 2109 1686 2164 vel
1742 2109 1811 2166 de
1863 2109 2074 2165 collatis

457 2192 678 2267 'pupnli,
713 2199 796 2255 vel
826 2200 1160 2268 pontiﬁcum,
1195 2201 1275 2254 vel
1308 2216 1425 2267 quae
1456 2200 1522 2253 ad
1574 2201 1747 2268 ipsum
1797 2212 2072 2256 monaste—

475 2287 616 2342 rium
649 2301 1035 2360 pervenerunt,
1063 2299 1156 2343 aut
1187 2291 1240 2344 in
1272 2300 1454 2357 antea,
1488 2292 1598 2346 lteo
1626 2291 1936 2360 adjuvante,
1961 2292 2070 2364 lar-

472 2380 578 2446 gita
615 2381 833 2445 fuerint,
852 2392 958 2436 tam
993 2397 1087 2451 per
1109 2382 1637 2451 venditionis,quam
1661 2391 1716 2436 et
1736 2382 2069 2446 dcuationis,

470 2487 566 2532 aut
595 2474 863 2531 cesﬂonis
899 2484 953 2528 et
978 2473 1179 2541 reliqua
1211 2473 1566 2527 instrumenta
1598 2473 1901 2528 chartarum
1926 2514 1943 2539 ,
1991 2475 2073 2528 in-

475 2567 744 2639 quietare,
768 2576 861 2619 aut
888 2575 1073 2619 contra
1115 2564 1349 2618 rationis
1377 2563 1619 2618 ordinem
1671 2579 1888 2634 quoquo
1935 2575 2072 2622 tem-

472 2672 608 2729 pore
634 2670 827 2726 gerere
860 2656 1234 2724 przesumatis;
1281 2654 1375 2709 sed
1411 2655 1511 2709 sub
1560 2669 1746 2710 noSIro
1801 2657 2077 2728 privilegio

472 2752 660 2818 quieto
678 2748 866 2802 ordine
890 2745 1186 2802 resideant.
1209 2745 1276 2800 Et
1297 2748 1340 2800 si
1361 2745 1686 2817 quandoque
1713 2747 1879 2803 abbas
1906 2749 2076 2819 ipsius

425 2885 433 2896 .
478 2840 806 2909 monasterii,
824 2839 890 2894 de
914 2839 1014 2915 liae
1046 2839 1164 2894 luce
1195 2839 1700 2909 tnigraverit,-inter
1720 2856 1780 2895 se
1811 2841 1912 2907 ipsi
1955 2857 2072 2897 mo-

479 2936 663 2999 nachi,
688 2949 847 3003 quem
872 2932 1169 3003 digniorem
1196 2931 1500 2985 invenerint
1521 2932 1812 2986 secundum
1837 2931 2074 3002 regulam

476 3025 648 3081 sancti
678 3023 974 3087 Benedicti,
1006 3033 1062 3078 et
1091 3022 1227 3076 sicut
1257 3035 1443 3074 eorum
1472 3021 1606 3075 ordo
1637 3021 1852 3088 edocet,
1894 3031 1950 3076 et
1991 3037 2074 3078 re-

469 3128 624 3176 ctum
643 3127 748 3182 est,
767 3115 848 3171 vel
872 3117 950 3169 eis
974 3116 1024 3168 in
1055 3129 1218 3168 unum
1241 3113 1722 3186 consentientibus,
1746 3128 1907 3184 quem
1933 3130 2065 3169 una-

473 3208 695 3266 nimiter
723 3206 987 3275 elegerint
1013 3205 1281 3260 licentiam
1328 3203 1560 3260 habeant
1606 3208 1835 3274 eligendi
1895 3207 2070 3261 Abba-

473 3308 612 3368 tem,
634 3309 689 3356 et
708 3314 884 3366 neque
907 3314 937 3351 a
968 3298 1142 3362 nobis,
1172 3312 1345 3366 neque
1373 3313 1401 3350 a
1434 3299 1837 3353 successoribus
1875 3304 2073 3356 nostris

476 3393 716 3465 regibus,
750 3394 802 3446 in
833 3392 972 3459 quod
1005 3407 1100 3458 ιιι-ο
1123 3390 1372 3444 mercede
1413 3402 1593 3444 nostra
1623 3390 1964 3457 indulsimus,
1999 3393 2072 3445 ir-

480 3481 722 3554 ruptu‘m,
742 3493 834 3537 aut
859 3481 1192 3536 confractum
1220 3479 1506 3556 aliquando
1527 3479 1620 3546 sit,
1641 3483 1738 3537 sed
1765 3483 1831 3537 de
1857 3484 2073 3552 proprio

477 3579 698 3632 valeant
728 3588 943 3644 semper
967 3574 1205 3644 gaudere
1227 3573 1569 3640 patrimonio,
1593 3584 1858 3642 quatenus
1885 3577 2075 3630 melius

417 3721 437 3738 ,
473 3667 711 3723 delectet
739 3667 912 3736 ipsam
952 3663 1433 3734 Cougregationem
1483 3673 1681 3718 sancta:
1733 3665 1932 3730 Mariae,
1980 3684 2076 3736 pro

482 3759 664 3826 nobis,
699 3759 783 3813 vel
815 3757 1103 3814 stabilitate
1129 3759 1278 3827 regni
1305 3757 1498 3821 nostri,
1525 3758 1733 3812 Domini
1762 3759 2072 3824 miscricor-

471 3851 617 3906 diam
642 3839 903 3904 attentius
935 3847 1242 3918 deprecari.
1276 3847 1344 3901 Et
1376 3857 1430 3901 ut
1464 3847 1577 3902 luec
1639 3851 1930 3918 praeceptio
1977 3867 2078 3907 no-

474 3942 629 4008 stris,
658 3951 714 3996 et
742 3939 940 3995 futuris
962 3938 1296 4008 temporibus
1331 3940 1535 3993 lirmior
1558 3940 1838 4016 liabeatur,
1875 3942 1954 3995 vel
1983 3958 2078 4011 per

442 4049 713 4106 .tempora
755 4033 950 4088 melius
991 4041 1383 4097 conservetur,
1414 4047 1576 4086 manu
1631 4041 1815 4086 nostra
1863 4035 2074 4104 pr0pria

470 4131 658 4184 subter
686 4125 1036 4190 ﬁrmavimus,
1069 4133 1122 4181 et
1154 4123 1221 4178 de
1251 4123 1415 4178 anulo
1467 4132 1652 4180 nostro
1692 4124 1912 4194 sigillari
1960 4123 2076 4194 jus-

469 4226 661 4279 simus.
713 4211 722 4216 ’
1003 4208 1005 4212 ’

544 4317 763 4386 Signum
786 4311 964 4367 Caroli
991 4309 1326 4365 invictissimi
1359 4309 1526 4380 regis.

543 4406 874 4466 Guicbaldns
900 4409 965 4459 ad
997 4404 1166 4459 vicem
1191 4403 1415 4458 llitherii
1457 4403 1771 4474 recognovi.

553 4505 742 4558 Datum
772 4499 872 4553 sub
894 4496 981 4550 die
1013 4511 1104 4551 vtn
1135 4494 1250 4550 Kal.
1282 4485 1409 4551 Jun.
1437 4510 1524 4550 an.
1547 4511 1623 4572 χιι
1644 4505 1697 4549 et
1719 4495 1893 4563 prium
1925 4493 2072 4565 regni

471 4597 643 4656 nostri
673 4597 853 4652 domui
880 4597 1059 4652 Caroli
1090 4595 1465 4667 gloriosissimi
1496 4594 1658 4665 regis.
1707 4596 1894 4648 Actum
1926 4593 2078 4647 Cari-

473 4694 593 4761 lego
621 4688 820 4760 palatio
849 4687 1089 4759 publico,
1123 4688 1175 4741 in
1210 4687 1302 4742 Dei
1339 4687 1555 4741 nomine
1599 4684 1846 4740 feliciter.

1243 4799 1310 4854 V.

577 4897 821 4968 Diploma
867 4894 1042 4952 Caroli
1095 4895 1421 5037 ἑκυρή..ξῖιί
1471 4895 1685 4952 ecclesia
1731 4893 1970 4966 Βρρὶεηεὶ

1120 4983 1258 5019 anno
1300 4985 1314 5019 l
1429 5009 1442 5022 .

1120 4983 1258 5019 anno
1300 4983 1385 5021 ιδι
1408 4983 1442 5022 l.

901 5057 995 5119 (Ex
1019 5056 1271 5120 Ughellio,
1298 5056 1432 5108 Italia
1451 5060 1642 5122 Sacra.)

543 5134 774 5197 Carolus
801 5139 969 5210 gratia
1003 5138 1092 5194 Dei
1123 5154 1215 5193 rex
1250 5137 1577 5194 Francorum
1609 5152 1661 5194 et
1695 5141 2075 5211 Langobartlo-
2105 5139 2108 5142 ’

469 5248 588 5290 rum
638 5241 696 5288 et
720 5231 966 5304 patritins
1018 5228 1412 5285 Romanorum.
1465 5230 1727 5300 Quicquid
1764 5233 2076 5290 euim‘locis

547 5402 571 5430 ει
619 5389 692 5442 Ex
723 5384 1010 5444 collatione
1033 5388 1322 5443 multorum
1355 5391 1618 5456 locorum,
1653 5401 1761 5446 tum
1806 5397 1944 5458 apud
1982 5395 2068 5449 Bi-

471 5463 733 5546 guq‘uium
759 5465 809 5541 in
842 5462 983 5546 notis
1013 5461 1077 5542 ad
1103 5460 1441 5546 Herculium,
1473 5473 1580 5515 tum
1609 5465 1746 5544 apud
1780 5465 2067 5546 _(2anginm

474 5529 530 5586 in
562 5531 856 5603 Glossario,
892 5529 1074 5585 inferri
1101 5540 1274 5603 potest
1331 5533 1433 5586 hoc
1486 5538 1706 5589 nomine
1761 5529 2069 5603 designatos

471 5603 636 5657 luisse
673 5602 933 5675 ollieiales
990 5617 1058 5675 ac
1105 5602 1815 5675 iniuisterialesrcomitum.
1866 5602 2069 5675 thingio

469 5671 818 5797 ιιιηιονῖριιῇ
851 5689 957 5728 non
989 5672 1156 5728 fuisse
1186 5674 1438 5730 videntur
1465 5674 1564 5730 nisi
1588 5676 1795 5744 judices
1846 5671 2069 5734 minores

473 5759 558 5797 seu
592 5761 649 5797 uc
690 5759 825 5797 anei.
1813 5767 1816 5770 ⁴

473 5759 558 5798 seu
591 5759 825 5813 pcaanet.
1813 5767 1816 5770 ⁴

2175 1855 2362 1910 siones
2397 1856 2684 1922 tollendas,
2721 1874 2894 1928 neque
2933 1860 3068 1914 ullas
3107 1861 3500 1916 redliibitiooes
3530 1865 3768 1932 publicas

2178 1948 2546 2016 requirentlas,
2573 1965 2668 2005 seu
2699 1953 2859 2006 etiam
2889 1967 2993 2019 per
3010 1953 3208 2008 Padum
3234 1968 3472 2020 sursum,
3502 1956 3584 2011 vel
3616 1956 3768 2012 deor-

2176 2052 2297 2092 sum
2330 2041 2638 2110 navigando
2665 2041 2950 2112 ripat‘icum
2985 2044 3243 2110 tollendo,
3278 2047 3439 2100 sicuti
3471 2058 3550 2100 est
3584 2046 3765 2102 Ferra-

2177 2132 2342 2196 τίθη,
2395 2140 2488 2190 aut
2524 2130 2854 2200 Comaclim;
2907 2136 2999 2190 ubi
3046 2138 3387 2205 supradictus
3429 2135 3575 2193 locus
3616 2153 3763 2194 sacer

2177 2219 2374 2276 salinas
2405 2221 2706 2306 dinoscitur
2730 2226 2952 2281 habere.
2983 2226 3206 2297 Insuper
3227 2229 3392 2283 etiam
3427 2231 3689 2284 tel0neum
3718 2234 3762 2286 in

2180 2313 2332 2368 nullo
2361 2313 2478 2368 l'oro
2510 2317 2802 2386 exigendo,
2833 2319 2917 2373 vel
2966 2320 3270 2387 ripaticmn,
3303 2331 3398 2375 aut
3430 2323 3761 2389 portaticum,

2180 2406 2262 2459 vel
2295 2404 2383 2459 ubi
2415 2405 2554 2462 ullus
2581 2419 2800 2463 exactor
2824 2410 3059 2480 aliquam
3086 2412 3521 2480 oppressionem,
3549 2413 3633 2467 vel
3664 2416 3760 2467 vio-

2181 2494 2403 2550 lentiam
2444 2496 2646 2555 inferre
2688 2511 3068 2569 prirsumeret:
3113 2502 3252 2557 Petit
3299 2503 3464 2558 etiam
3510 2504 3760 2572 quandam

2178 2588 2387 2658 sylvam
2425 2590 2563 2658 juris
2604 2593 2768 2646 nostri
2810 2593 2966 2648 sitam
3011 2594 3063 2648 in
3104 2595 3361 2649 comitatu
3397 2594 3680 2650 Parmense
3716 2598 3758 2649 in

2182 2680 2380 2737 ﬁnibus
2410 2681 2669 2739 Bismanti
2701 2685 2751 2738 in
2786 2685 2926 2750 loco,
2959 2686 3048 2755 qui
3079 2687 3280 2741 dicitur
3307 2686 3528 2742 Lamina
3559 2687 3758 2742 Fraola-

2183 2774 2257 2826 ria
2278 2814 2292 2839 ,
2342 2779 2496 2843 cujus
2527 2775 2660 2831 lines
2691 2786 2818 2832 sunt
2844 2776 2913 2833 de
2944 2795 3050 2833 uno
3082 2778 3281 2846 latere,
3328 2795 3358 2833 a
3392 2780 3608 2834 ﬂumine
3633 2781 3757 2836 Sicle

2180 2866 2398 2920 s'ursum
2430 2882 2525 2936 per
2545 2879 2766 2923 stratam
2791 2885 2991 2937 usque:
3024 2871 3076 2925 in
3103 2881 3286 2926 monte
3310 2871 3568 2928 Palaredo
3588 2887 3756 2926 ascen-

2183 2957 2350 3013 dente
2395 2975 2489 3028 per
2520 2971 2744 3014 stratam
2789 2975 2958 3031 usque
2999 2964 3050 3016 in
3095 2963 3290 3027 ﬁnibus
3320 2963 3599 3027 Tliuscite,
3648 2964 3755 3019 inde

2186 3059 2442 3118 vergente
2472 3052 2523 3106 in
2555 3058 2729 3107 rivum
2760 3055 3011 3108 Albolum
3045 3070 3214 3123 usque
3251 3055 3320 3110 atl
3365 3054 3562 3128 ﬁumen
3593 3055 3753 3121 δίοιδε,

2184 3141 2307 3196 inde
2331 3158 2544 3212 quoque
2562 3143 2714 3212 juxta
2739 3143 2938 3200 Siclam
2962 3146 3214 3200 deorsum
3238 3148 3482 3214 pervenit
3509 3146 3556 3199 in
3581 3144 3753 3201 ﬁumen

2179 3233 2419 3287 Auzolir.
2451 3233 2619 3304 Cujus
2647 3236 2994 3304 petitionibus
3021 3253 3117 3305 pro
3140 3237 3324 3310 divina
3346 3238 3755 3291 remuneratioiie

2180 3337 2486 3382 aunuentes
2511 3370 2527 3394 ,
2579 3343 2691 3384 sua:
2726 3329 2981 3384 Ecclesiae
3027 3332 3305 3400 prmlatam
3335 3331 3540 3400 sylvam
3572 3329 3622 3383 in
3651 3342 3755 3398 per-

2181 3431 2400 3486 petuum
2432 3420 2732 3475 habendam
2759 3423 3169 3488 concessimus;
3199 3434 3360 3492 atque
3385 3421 3576 3479 exinde
3599 3423 3642 3477 ei
3669 3423 3754 3476 hoc

2176 3511 2448 3567 ﬁrmitatis
2478 3523 2681 3568 nostra:
2709 3524 3039 3585 praeceptum
3069 3514 3184 3572 ﬁeri
3212 3517 3494 3585 iussimus,
3519 3531 3608 3582 per
3631 3515 3751 3586 quod

2179 3601 2545 3668 decernimus,
2579 3615 2742 3675 atque
2775 3608 3088 3669 statuimus,
3125 3617 3182 3661 ut
3225 3607 3405 3662 nullus
3436 3608 3649 3676 quilibet
3684 3609 3753 3675 ju-

2178 3693 2282 3749 dex
2315 3686 2588 3766 tyranniea
2623 3705 2894 3767 potestate
2935 3700 2985 3751 in
3027 3699 3226 3763 curtis,
3277 3699 3362 3754 vel
3409 3700 3569 3754 rebus
3608 3700 3751 3768 ip~ius

2179 3773 2477 3854 episcOpii,
2509 3795 2602 3840 aut
2631 3788 2810 3842 causis
2843 3787 3147 3851 audiendis,
3182 3804 3280 3844 nec
3312 3791 3464 3845 lroda
3495 3790 3750 3860 erigenda,

2179 3890 2275 3958 seu
2309 3879 2753 3944 mansionaticas,
2786 3890 2877 3944 aut
2908 3883 3172 3949 paraticm
3204 3881 3498 3946 faciendas,
3534 3883 3610 3936 vel
3642 3881 3751 3935 iide-

2173 3967 2449 4036 juSsiones
2472 3971 2756 4037 tollendas,
2778 3986 2951 4042 neque
2974 3974 3112 4027 ullas
3135 3973 3520 4030 retributiones
3543 3973 3749 4043 publicas

2183 4063 2563 4133 requirendas,
2601 4065 2682 4119 vcl
2727 4066 2778 4120 in
2825 4067 3057 4133 propriis
3101 4053 3350 4122 domibus
3396 4069 3747 4128 sacerdotum,

2182 4154 2264 4207 vel
2305 4155 2628 4210 clericorum
2677 4170 2899 4212 suorum
2947 4160 3312 4225 potestative,
3365 4171 3458 4214 aut
3506 4160 3749 4230 tyrannica

2181 4245 2468 4315 aliquando
2501 4257 2774 4302 exerceat.
2829 4248 3052 4318 Insuper
3083 4251 3150 4322 de
3190 4266 3409 4304 omnem
3462 4252 3746 4320 ripaticuni,

2181 4342 2300 4394 sive
2331 4340 2383 4393 in
2411 4340 2575 4406 salso,
2606 4341 2720 4397 sive
2752 4343 2805 4396 in
2833 4343 2998 4409 dulci,
3029 4354 3192 4413 atque
3225 4345 3500 4400 teloneuin
3529 4347 3576 4400 in
3602 4344 3747 4400 omni-

2059 4493 2069 4517 :
2106 4452 2159 4517 Β
2186 4431 2284 4485 bus
2314 4432 2444 4486 roris
2471 4435 2791 4503 nundinum,
2816 4451 2910 4492 seu
2939 4440 3255 4503 nataticum,
3280 4450 3370 4493 aut
3397 4442 3746 4509 putentaticnm

2186 4525 2540 4593 sarpeldictas
2589 4535 2794 4582 sancta
2848 4531 3103 4587 Ecclesia:
3156 4532 3362 4601 Regen.
3416 4535 3612 4604 absque
3658 4532 3744 4584 ulla

2183 4618 2614 4677 contradictione
2660 4622 2713 4674 in
2762 4634 3077 4691 perpetuum
3111 4625 3501 4692 perdonamos.
3553 4624 3686 4692 Quod
3712 4624 3745 4676 εἰ

2181 4709 2401 4778 aliquis,
2447 4712 2589 4780 quod
2637 4713 2859 4769 minime
2904 4713 3200 4782 credimus,
3232 4727 3423 4772 contra
3471 4718 3567 4771 hoc
3602 4716 3742 4770 dona-

2186 4803 2369 4866 tionis,
2415 4805 2497 4858 vel
2546 4804 2900 4861 inunuuitatis
2946 4819 3145 4864 nostra:
3189 4810 3584 4866 ﬁrmamentum
3621 4809 3744 4863 adire

2181 4899 2551 4966 contenderit,
2584 4907 2677 4952 aut
2708 4899 2997 4970 infringere
3026 4904 3332 4969 tentaverit,
3369 4904 3579 4974 triginta
3608 4902 3742 4956 libras

2181 4991 2296 5043 auri
2347 4991 2536 5059 Optimi
2587 5001 2809 5047 coactus
2857 4979 3138 5061 exsolvat,
3192 4997 3539 5052 medietatem
3580 4993 3741 5066 palatio

2181 5093 2392 5148 nostro,
2427 5083 2772 5139 medietatem
2808 5085 3099 5154 Ecclesiae,
3139 5088 3224 5142 cui
3257 5087 3362 5142 vim
3397 5088 3600 5152 intulit,
3637 5093 3681 5140 et
3705 5082 3737 5134 si

2182 5189 2288 5229 non
2321 5173 2503 5244 habet,
2537 5175 2680 5232 unde
2711 5179 2983 5244 exsolvat,
3026 5177 3095 5234 de
3127 5179 3241 5246 vita
3263 5191 3573 5248 componat.
3618 5177 3673 5232 Et
3697 5183 3740 5226 ut

2180 5277 2380 5324 nostra:
2420 5269 2752 5334 donationis,
2783 5271 2866 5326 vel
2915 5271 3271 5327 immanitatis
3321 5271 3578 5328 indictum
3619 5280 3736 5338 prt-

2249 5401 2283 5468 lz
2306 5402 2632 5477 Apollinaris
2661 5403 2945 5473 Regiensis
2984 5405 3272 5474 episcopus
3304 5420 3333 5459 a
3363 5403 3560 5460 Carolo
3584 5402 3734 5477 Martio

2181 5475 2282 5527 tria
2333 5476 2572 5554 pretiosa
2625 5478 2922 5554 privde_g_ia_
2953 5477 3020 5530 ad
3083 5478 3339 5554 favorem“
3375 5474 3731 5554 stta3_ecclesif

2178 5546 2378 5599 meruit
2427 5546 2714 5611 obtinere,
2767 5547 2854 5603 ubi
2904 5547 3024 5612 jura
3077 5563 3138 5603 ac
3202 5547 3438 5602 conﬁnia
3500 5546 3733 5616 RegiethIS

2179 5616 2524 5692 episcopatus
2573 5607 2944 5687 recensentui,
2994 5633 3114 5689 qua:
3157 5619 3262 5675 illis
3309 5621 3545 5692 antiquis
3577 5607 3731 5670 diebus
3826 5661 3827 5674 χ

2178 5687 2510 5756 possidebat.
3013 5687 3027 5689 “
3444 5687 3458 5692 ⁷
3826 5701 3827 5756 ξ
