3856 6220
498 340 625 397 l0”

1371 340 1429 393 Β.
1466 337 1714 393 CAIIULI
1756 334 1967 389 MAGNI
2008 333 2159 386 Ol’l'.
2209 333 2381 386 l'AllS
2425 332 2466 393 1,
2506 330 2749 385 SECTIU
2792 330 2852 384 ll.

3610 319 3738 373 10ῑέ

495 458 679 505 dmum
711 425 770 503 5c
803 451 1045 519 patritins
1076 451 1455 503 Itomanoruin.
1498 448 1554 503 Si
1586 448 1933 502 ecclesiarum
1968 445 2058 498 Dei
2095 450 2137 503 Α
2171 448 2437 511 ιιι-Ξυοριιιυ
2489 444 2649 496 inseri
2700 443 3011 510 juberemus
3035 480 3050 503 ,
3103 453 3170 493 ne
3221 437 3457 491 fraudem
3500 434 3734 503 aliquam

496 544 844 598 servitutibus
868 543 1163 610 largitionis
1193 557 1257 594 ac
1282 541 1622 609 benignitatis
1645 537 2059 593 muniﬁcentiam

444 642 449 648 ‘
498 634 844 705 impartimnr,
878 646 1169 700 eorumque
1200 633 1336 684 votis
1385 633 1608 685 Lbenter
1642 631 1926 683 annuimus
1951 670 1965 688 ,
2011 628 2061 680 id

499 724 649 776 nobis
695 721 761 773 ad
813 706 1115 795 angustalis
1154 721 1489 774 excellentia
1538 720 1750 774 culmen
1803 722 2064 785 prolicere

494 814 800 877 credimus:
846 813 1063 878 insuper
1093 810 1258 879 (quod
1302 810 1508 863 cunctis
1554 810 1836 875 pretiosius
1866 816 1949 861 est
1983 807 2064 858 di-

495 902 802 973 gnitatibus)
832 912 1045 956 teterrima
1073 900 1433 956 retributionis
1465 899 1739 967 praemium
1772 912 2061 965 capessere

496 1007 601 1045 non
643 990 953 1045 difﬁdimus.
1012 990 1327 1044 lndttstriam
1376 992 1532 1058 igitur
1578 992 1811 1042 omnium
1861 998 2064 1042 sancite

498 1084 589 1138 Dei
630 1084 865 1139 ecclesia:
897 1083 1167 1145 fidelium,
1221 1093 1663 1151 nostrorumque,
1715 1080 2056 1148 prazsentium

496 1175 699 1227 scilicet
717 1188 775 1227 ac
800 1170 1095 1226 futurorum
1121 1187 1278 1226 nosse
1305 1162 1570 1239 \OltttlttIS,
1598 1179 1797 1239 patrem
1825 1184 2062 1224 nostrum

496 1266 852 1331 Apollinarem
888 1263 1378 1330 reverentissimum
1409 1274 1607 1317 saneta:
1639 1231 1928 1329 \Regiensis
1973 1277 2065 1315 ec-

497 1356 673 1408 clesia:
706 1355 985 1423 prmsulem
1020 1366 1255 1408 nostram
1283 1355 1477 1408 adiisse
1505 1356 1861 1416 clementiam,
1893 1354 2069 1407 nobis-

499 1460 602 1511 que
634 1446 900 1509 retulisse,
928 1445 1068 1513 quod
1102 1444 1377 1514 accidente
1410 1444 1723 1513 negligentia
1756 1452 1810 1498 et
1842 1444 2067 1517 incuria,

498 1534 883 1602 crepitantibus
925 1533 1151 1586 ﬂammis
1170 1530 1195 1598 ,'
1230 1534 1577 1587 ecclesiarum
1610 1534 1833 1587 aedilicia
1874 1534 1925 1587 in
1962 1534 2069 1587 lte-

499 1625 667 1689 giensi
720 1624 849 1678 urbe
904 1634 1137 1678 cremata
1193 1624 1431 1699 fuerint;
1492 1640 1611 1678 cum
1667 1624 1859 1691 quibus
1906 1627 2068 1678 etiam

500 1717 674 1781 aliqua
708 1716 1054 1770 instrumenta
1084 1718 1389 1769 chartarum
1422 1725 1475 1769 et
1507 1726 1850 1769 monumenta
1896 1717 1946 1769 in
1990 1716 2067 1769 fa-

503 1808 679 1859 \lllalll
698 1806 909 1859 redacta
924 1806 1048 1871 sint;
1077 1806 1405 1875 habebatque
1425 1822 1531 1873 pra:
1550 1806 1790 1861 manibus
1808 1816 2068 1873 praecepta
2104 1798 2149 1859 Β
2178 1813 2227 1863 in
2257 1810 2591 1878 'l'egolmiain
2623 1850 2635 1869 ,

501 1915 678 1963 iugum
714 1897 1217 1968 Langobardorum,
1257 1913 1484 1964 quorum
1525 1899 1931 1953 auctoritatibus
1956 1897 2067 1967 jam

501 1994 603 2040 lata
635 1991 857 2044 eet-lesia
884 2030 899 2053 ,
944 2006 1006 2042 ne
1038 2004 1319 2059 pravorum
1350 1989 1622 2043 hominum
1653 1992 2027 2058 oppressiones
2052 2031 2068 2057 ,

500 2094 589 2131 aut
621 2082 952 2159 invasiontim
983 2082 1302 2134 detrimenta
1340 2091 1629 2149 pateretur,
1680 2082 1914 2151 undique
1968 2082 2069 2137 ltil-

503 2175 602 2224 rita
638 2180 748 2225 erat
780 2188 841 2227 ac
871 2174 1094 2225 munita.
1152 2172 1434 2226 Postulaus
1464 2173 1749 2242 siquidem,
1798 2183 1859 2228 ut
1888 2184 1937 2227 et
1975 2189 2072 2229 nos

421 2292 430 2299 -
500 2267 569 2315 ob
592 2264 827 2317 divinum
852 2279 1085 2315 amorem
1111 2263 1352 2316 eamdem
1378 2262 1658 2317 ecclesiam
1682 2279 1801 2316 cum
1824 2264 2072 2318 omnibus

508 2355 877 2418 facultatibus,
907 2368 1039 2420 quas
1073 2352 1327 2407 hactenus
1356 2353 1670 2420 acquisivit.
1705 2353 1782 2406 vel
1816 2353 2071 2420 deinceps

504 2448 691 2499 tuturis
721 2444 1045 2510 temporibus
1080 2443 1311 2494 liilelium
1342 2442 1696 2496 oblationibus
1726 2441 2035 2510 adquisierit
2055 2484 2069 2508 ,

488 2553 620 2608 ‘CUIII
673 2535 831 2588 rebus
880 2545 931 2588 et
982 2535 1196 2587 familiis
1245 2534 1516 2602 utriusque
1554 2548 1732 2595 sexus,
1769 2547 2067 2601 cunctaque

499 2629 646 2679 clero
678 2627 800 2677 inibi
833 2624 1069 2689 quotidie
1119 2623 1443 2685 futt‘tnlante,
1498 2625 1597 2677 sub
1647 2635 1840 2677 nostra}
1886 2626 2071 2679 delen-

499 2714 665 2768 sionis
697 2715 1054 2783 recipi-renuis
1085 2714 1415 2780 protectiune
1444 2733 1453 2765 :
1489 2713 1626 2780 quod
1658 2724 1708 2767 et
1743 2716 1985 2781 fecimus,
2019 2724 2074 2769 et

503 2824 597 2876 per
646 2809 782 2861 lianc
834 2809 996 2859 nostri
1048 2798 1295 2874 pra-copti
1352 2810 1594 2875 paginam
1646 2809 1979 2877 pra'cipintus
2016 2820 2071 2864 et

491 2900 768 2969 jttbemus,
800 2913 853 2952 tit
888 2903 1027 2953 nulla
1064 2916 1295 2969 unquam
1332 2914 1518 2969 magna
1550 2918 1813 2969 parvaque
1842 2917 2069 2971 persona

504 3007 588 3069 res
622 3000 711 3071 aut
743 2992 968 3062 latuilias
999 2993 1237 3053 ejusdem
1270 2992 1541 3055 ece'esiae,
1589 2994 1681 3046 sed
1715 3009 1883 3049 nenue
1912 3010 2070 3049 vene-

503 3084 723 3137 rabilem
759 3084 923 3152 ipsius
956 3085 1054 3137 luci
1088 3086 1311 3147 clerum,
1364 3084 1414 3138 iit
1446 3086 1624 3151 aliquo
1657 3085 1949 3153 inquietare
1984 3088 2067 3141 vel

500 3177 782 3227 molestare
813 3184 1118 3243 prmsttmat.
1177 3172 1237 3227 Et
1276 3175 1407 3242 quia
1445 3175 1657 3227 termini
1700 3174 1937 3244 ejusdem
1984 3190 2068 3229 ec-

499 3269 677 3318 clesia:
724 3267 775 3318 in
806 3266 1054 3319 conﬁniis
1088 3267 1405 3329 Mantuanis,
1442 3267 1885 3341 Bononiensibus,
1920 3268 2074 3322 Muti-

498 3355 771 3418 ncttsihus,
816 3366 871 3411 et
911 3352 1263 3421 Lttttettsibm,
1299 3359 1376 3411 vel
1413 3338 1828 3426 Partttensibus,
1876 3338 1972 3414 Seu
2019 3371 2073 3415 et

498 3448 865 3503 'I‘icinensibus
885 3488 899 3511 ,
943 3460 996 3502 et
1025 3450 1299 3513 Cumanis,
1336 3464 1421 3503 tes
1448 3450 1611 3516 ipsius
1652 3453 1902 3520 episc0pii
1932 3470 2071 3508 con-

491 3554 702 3607 jaernt;
734 3542 1121 3608 apologeticum
1159 3543 1295 3594 idem
1334 3543 1565 3606 pontifex
1601 3545 1846 3610 habebat,
1883 3544 1933 3597 in
1965 3562 2071 3613 quo

495 3634 635 3685 ιιιιιιιί
671 3645 871 3687 remota
906 3634 1243 3686 dubitatione
1288 3649 1372 3687 res
1410 3634 1517 3701 jam
1552 3634 1671 3687 lata:
1702 3637 1943 3689 ecclesia:
1977 3652 2070 3705 per

494 3727 699 3793 szngnla
754 3726 971 3778 locaet
1020 3726 1274 3778 voeabula
1303 3768 1317 3790 ,
1376 3730 1696 3795 terminiqne
1743 3737 1796 3780 et
1840 3731 2067 3785 conlinia

494 3821 647 3881 insita
678 3830 849 3872 erant.
907 3819 1135 3887 Ideoque
1169 3836 1263 3886 pro
1294 3825 1591 3873 temeraria:
1640 3808 2068 3891 prmsumptioitis

492 3913 762 3965 mvasione
792 3913 1047 3975 cavenda,
1085 3928 1181 3964 nec
1212 3929 1317 3965 non
1348 3924 1399 3965 et
1429 3928 1521 3979 pro
1555 3911 1881 3967 Francorum
1908 3922 2070 3983 gente

491 4005 701 4055 ttviviter
731 4003 782 4057 in
814 4003 907 4055 ltal
932 4018 1015 4055 ant
1047 4020 1072 4055 a
1111 4003 1261 4055 nobis
1291 4003 1595 4056 introducta
1618 4043 1634 4069 ,
1687 4003 1839 4073 petiit
1880 4005 2069 4059 excel-

493 4098 707 4148 lentiam
745 4108 981 4148 noset-ain
1011 4134 1023 4154 ,
1080 4104 1133 4144 ιιι
1165 4094 1383 4147 cnsulunt
1419 4096 1677 4149 terminus
1718 4095 1837 4150 huic
1881 4103 2070 4152 nostro

490 4232 699 4283 nunties
730 4230 824 4283 sibi
858 4230 1081 4281 oﬂ‘ertur
1109 4229 1321 4295 aliquod
1348 4229 1687 4296 antiquorum
1718 4242 1899 4297 regum
1928 4243 2066 4297 prte-

492 4312 704 4368 eeptum
743 4302 913 4364 sigillo
944 4315 1038 4351 suo
1068 4299 1240 4351 adhuc
1277 4300 1559 4362 munitum,
1606 4298 1732 4351 nihil
1757 4302 1891 4353 ultra
1920 4315 2068 4367 quie-

492 4376 712 4423 tenolnm
766 4378 978 4438 putant,
1026 4382 1079 4421 tu
1129 4368 1474 4435 archetypum
1524 4368 1796 4436 judicent,
1847 4373 2067 4439 egregie

480 4443 762 4493 tatlttntur.
806 4439 936 4492 Nam
970 4454 1034 4490 ne
1067 4439 1163 4490 hoc
1204 4440 1414 4503 quidem
1456 4442 1585 4492 satis
1629 4450 1711 4491 est
1752 4440 1816 4491 ad
1856 4449 2063 4494 certum

2165 536 2351 587 eadem
2382 534 2608 586 ecclesia
2640 534 2706 586 de
2744 532 2855 584 suis
2894 531 3054 583 rebus
3092 538 3180 582 aut
3210 526 3458 582 conliniis
3486 526 3557 581 ab
3588 526 3735 578 inva-

2164 627 2375 678 soribns
2407 624 2638 691 patiatur
2692 622 2854 690 Cujus
2883 622 3096 691 dignam
3123 634 3185 674 ac
3212 618 3587 674 rationabilem
3612 628 3737 668 cono

2165 718 2463 771 siderantes
2492 716 2824 783 petitionem,
2854 725 2906 767 et
2934 713 3252 767 Lunensiutn
3283 721 3337 765 et
3370 710 3735 764 Parmensittm

2166 809 2447 871 confiniis,
2497 810 2634 860 sicut
2683 808 2732 860 in
2784 807 2901 873 ipso
2947 804 3282 875 apologetico
3332 805 3499 857 indita
3546 809 3735 859 erant,

2166 916 2351 953 omnes
2377 902 2632 953 terminos
2658 909 2917 953 annotare
2939 898 3215 968 jussintus.
3254 898 3291 950 A
3318 896 3537 951 meridie
3562 896 3736 963 itaque

2170 1006 2264 1060 per
2294 1001 2544 1043 montana
2582 1003 2768 1043 versus
2796 989 3139 1043 Occidentem
3167 1030 3182 1055 ,
3233 985 3514 1055 conjaeent
3564 984 3699 1037 lines
3725 1023 3741 1046 ,

2172 1084 2491 1147 terminiqtte
2521 1082 2793 1134 venientes
2824 1080 2890 1133 de
2923 1080 3078 1134 Prato
3109 1078 3294 1140 Mauri,
3329 1080 3380 1130 in
3413 1076 3642 1130 Montem
3676 1076 3737 1129 de

2168 1172 2366 1235 Mensa,
2418 1160 2539 1226 inde
2588 1172 2638 1224 in
2679 1170 3059 1234 Centiocrucis,
3111 1184 3174 1224 ac
3222 1168 3511 1223 deinde'in
3546 1168 3735 1234 Alpem

2170 1267 2460 1327 marinam,
2510 1264 2630 1317 inde
2677 1264 2726 1318 itt
2760 1254 3086 1317 Montem'de
3118 1261 3301 1324 Posci,
3351 1258 3736 1314 descendentes

2170 1356 2222 1409 in
2256 1357 2422 1409 rivum
2457 1354 2691 1409 Niteram
2718 1396 2732 1417 ,
2781 1342 2897 1425 (μετέ
2926 1352 3110 1407 deﬂuit
3149 1352 3199 1405 in
3242 1352 3459 1404 ﬂuvium
3501 1349 3695 1403 lneiam
3720 1390 3735 1411 ,

2170 1461 2265 1515 per
2314 1445 2533 1497 ﬂuvium
2582 1443 2772 1497 lneiam
2800 1483 2814 1506 ,
2867 1443 3003 1496 sicut
3048 1443 3157 1509 ipsa
3206 1440 3345 1494 lncia
3390 1439 3667 1494 descendit
3710 1456 3735 1489 a

2170 1552 2377 1591 summa
2408 1537 2529 1588 villa
2560 1535 2866 1597 Monticulo,
2902 1535 3193 1588 deeutrens
3238 1548 3302 1586 ex
3353 1544 3656 1585 transverso
3688 1532 3735 1584 in

2174 1628 2433 1680 Barcham
2458 1669 2471 1689 ,
2519 1636 2572 1680 et
2614 1624 2796 1679 deﬂuit
2826 1616 3072 1677 deorsum
3120 1639 3211 1691 per
3241 1622 3464 1689 Agidam
3496 1620 3556 1673 ad
3590 1622 3736 1685 aqui—

2176 1721 2410 1783 loearem
2447 1730 2650 1783 partem
2696 1720 2744 1769 in
2786 1717 2951 1769 rivum
2981 1712 3357 1781 Campigeuem
3386 1752 3400 1774 ,
3450 1720 3504 1764 et
3545 1710 3735 1762 exinde

2690 1808 2740 1860 in
2785 1806 2999 1860 ﬂuvium
3031 1804 3226 1857 I’atlttm
3258 1814 3313 1856 et
3342 1802 3566 1861 Zarano,
3601 1800 3736 1854 sicut

2174 1902 2347 1956 Padus
2376 1901 2563 1953 deﬂuit
2606 1900 2655 1953 itt
2692 1899 2994 1952 Burianam.
3046 1895 3173 1949 Item
3222 1880 3627 1961 per'meridiem
3670 1892 3731 1944 ad

2178 1993 2488 2049 Orientalcm
2523 1992 2728 2061 plagam
2762 1990 3013 2045 incedunt
3043 1990 3176 2041 lines
3204 2003 3298 2056 per
3330 1987 3541 2039 Pratum
3573 1982 3736 2051 majo-

2180 2103 2290 2140 rem
2336 2085 2387 2138 iu
2434 2086 2660 2139 Montem
2707 2072 2963 2137 Rusnlttm
3013 2095 3106 2150 per
3133 2079 3318 2145 Alpem
3363 2079 3415 2132 in
3460 2076 3730 2140 Fazolam,

2178 2177 2370 2231 deinde
2405 2192 2496 2243 per
2528 2176 2711 2243 Alpem
2746 2190 2909 2242 usque
2941 2174 2993 2227 in
3023 2173 3281 2226 Thermas
3311 2170 3537 2225 Salonis.
3583 2168 3735 2223 Fnes

2180 2268 2348 2348 vero,’
2368 2269 2455 2336 qui
2488 2276 2611 2320 sunt
2650 2268 2787 2320 inter
2816 2266 3063 2319 Tusciam
3095 2272 3149 2318 et
3181 2263 3478 2322 ltegensent
3509 2272 3560 2314 et
3588 2259 3733 2312 Mitli-

2151 2376 2396 2432 inenseut
2443 2360 2508 2415 de
2537 2357 2783 2414 Thermis
2813 2357 3023 2413 Salonis
3056 2358 3374 2423 perveniunt
3421 2355 3474 2409 in
3505 2354 3729 2408 Tendam

2175 2455 2343 2522 regis,
2394 2452 2516 2505 inde
2556 2452 2620 2503 ad
2669 2450 2890 2505 Fontein
2920 2450 3155 2513 Silvani,
3212 2458 3266 2503 et
3316 2446 3441 2500 inde
3472 2446 3522 2499 in
3553 2445 3733 2499 Rivum

2177 2545 2584 2613 Sanguinaritttn
2607 2584 2621 2607 ,
2652 2552 2708 2597 et
2736 2541 2928 2596 deinde
2956 2542 3020 2595 nd
3056 2541 3250 2594 Lacum
3281 2541 3349 2594 de
3375 2541 3609 2606 Carpette
3628 2579 3643 2602 ,
3683 2548 3731 2591 et

2175 2638 2298 2691 inde
2348 2638 2397 2690 in
2432 2637 2578 2689 Viam
2618 2636 2816 2689 Novam
2840 2678 2853 2699 ,
2902 2634 3130 2701 indeque
3161 2634 3211 2687 in
3244 2632 3420 2685 locum
3452 2628 3725 2691 Morivutn,

2175 2729 2368 2781 deinde
2400 2728 2450 2780 itt
2484 2726 2689 2791 locum,
2724 2726 2811 2795 qui
2849 2724 3042 2779 dicitur
3074 2723 3144 2778 La
3180 2722 3385 2787 Verria,
3418 2720 3604 2775 deinde
3629 2707 3730 2785 'per

2174 2830 2407 2874 montem
2442 2818 2709 2871 Laurentii
2739 2815 3067 2871 desct‘ndcus
3100 2815 3241 2868 venit
3282 2818 3335 2868 in
3367 2814 3577 2868 ﬂuvium
3609 2812 3727 2865 Dul-

2174 2913 2324 2976 lum,
2388 2911 2615 2976 indeque
2674 2925 2767 2977 per
2809 2908 3006 2962 Silvam
3056 2908 3123 2961 de
3171 2906 3369 2971 Mallo,
3425 2915 3479 2958 et
3526 2906 3639 2957 inde
3683 2906 3727 2955 itt

2172 3006 2457 3070 Collinam,
2488 3002 2685 3057 deinde
2718 3004 2767 3055 in
2805 3002 3261 3067 Pratumlongum,
3311 3014 3375 3053 ac
3414 2998 3603 3052 deinde
3644 3011 3727 3064 per

2177 3098 2397 3160 Rivum,
2431 3096 2519 3166 qui
2551 3095 2787 3149 decurrit
2817 3097 2880 3148 de
2912 3092 3137 3162 anatio
3170 3094 3219 3146 in
3252 3092 3471 3145 ﬂuvium
3509 3091 3725 3159 Siglam,

2122 3186 2143 3211 ⁸
2180 3189 2302 3242 inde
2332 3203 2426 3255 per
2456 3187 2653 3256 Siglam
2683 3200 2847 3251 ttSt|lIe
2876 3184 3083 3238 Dulluni
3114 3225 3128 3247 ,
3175 3199 3237 3237 ac
3281 3182 3476 3237 deinde
3506 3179 3729 3234 ascendit

2176 3292 2270 3345 per
2300 3276 2653 3329 Dimuaticum
2688 3277 2738 3328 in
2770 3273 3008 3328 Carciola
3032 3313 3047 3335 ,
3093 3281 3147 3325 et
3194 3270 3319 3325 inde
3349 3269 3617 3323 dest-endit
3644 3276 3730 3335 per

2175 3367 2390 3422 Sarrant
2425 3366 2492 3420 de
2523 3366 2818 3428 Mauriano,
2853 3372 2904 3416 et
2934 3364 3175 3431 pervenit
3211 3363 3262 3415 in
3295 3361 3513 3415 ﬂuvium
3545 3359 3727 3413 [lason-

2176 3472 2336 3517 nam,
2384 3465 2438 3511 et
2486 3456 2607 3508 inde
2657 3455 2897 3508 ascendit
2945 3454 2995 3507 itt
3046 3453 3366 3517 Piraniana,
3419 3451 3637 3519 indeque
3683 3451 3726 3502 in

2173 3558 2405 3600 tuentem
2456 3561 2617 3613 super
2655 3546 2824 3599 \‘alles
2872 3560 3037 3611 usque
3082 3545 3132 3597 iit
3174 3545 3507 3612 Antiquom;
3553 3542 3728 3595 deinde

2172 3638 2501 3691 descendens
2534 3639 2584 3689 in
2620 3636 2957 3689 Piscariolam
2992 3636 3138 3689 venit
3185 3636 3235 3688 in
3267 3635 3485 3688 ﬂuvium
3516 3634 3725 3703 Siglani,

2172 3742 2233 3780 ac
2273 3729 2466 3781 deinde
2511 3744 2603 3794 per
2632 3729 2847 3781 Cluzam
2888 3736 3188 3780 currentem
3232 3741 3327 3793 per
3356 3725 3583 3780 Montem
3613 3726 3728 3779 Cer-

2160 3820 2285 3895 ‘radi
2309 3859 2324 3881 ,
2371 3832 2538 3885 u~que
2569 3816 2693 3868 dum
2728 3817 2871 3869 venit
2898 3814 2998 3867 sul)
3026 3814 3201 3866 Monte
3234 3814 3441 3868 Merelli
3465 3855 3480 3880 ,
3527 3824 3575 3868 et
3620 3814 3728 3867 inde

2174 3912 2317 3965 venit
2343 3926 2435 3980 per
2455 3910 2726 3963 Silvanum
2752 3925 2763 3960 :
2787 3906 2979 3961 deinde
3004 3905 3233 3960 decurrit
3264 3920 3358 3973 per
3379 3905 3660 3972 Salsulam,
3681 3912 3729 3957 et

2172 4003 2296 4057 inde
2328 4017 2419 4070 per
2445 3999 2677 4055 Montem
2710 3997 3072 4062 Montieulutn,
3106 3997 3334 4066 indeque
3366 4011 3461 4066 per
3486 3996 3725 4062 Camptun

2173 4094 2432 4149 Milatium
2482 4092 2547 4145 ad
2602 4089 3072 4160 septentrionalem
3124 4090 3332 4159 plagam
3387 4102 3483 4157 per
3522 4086 3727 4141 Paltnles

2171 4228 2235 4281 de
2263 4227 2455 4296 origine
2482 4226 2774 4278 monasterii
2806 4222 3043 4296 (scilicet
3077 4221 3385 4296 Ammiatini
3411 4220 3431 4288 )
3460 4237 3572 4284 qua?
3595 4223 3729 4296 fabu-

2174 4300 2276 4351 lam
2320 4291 2471 4366 sopit.
2524 4296 2726 4349 Annum
2771 4293 2961 4348 conditi
2989 4291 3727 4366 cwnobiivsrptingentesnnum

2170 4363 2620 4437 quadragesimum
2650 4367 2926 4437 secundum
2964 4365 3168 4434 prafert
3198 4363 3471 4437 diploma,
3503 4364 3633 4437 quod
3674 4378 3729 4414 ex

2174 4433 2464 4491 authentico
2499 4434 2745 4503 Ughellus
2782 4433 3083 4488 existimavit
3112 4449 3129 4487 :
3154 4435 3291 4499 quod
3335 4436 3542 4486 omnino
3580 4433 3728 4495 since-

492 4528 675 4563 enrinn
710 4512 979 4561 eriternnn
1001 4548 1013 4567 ,
1045 4524 1205 4576 quum
1237 4523 1392 4561 cerea
1425 4510 1594 4578 sigilla
1626 4513 1958 4576 pergamenis
1984 4511 2065 4564 in-
2097 4508 2146 4565 D
2171 4524 2284 4560 rum
2325 4524 2435 4561 esse
2473 4509 2732 4575 pervelim.
2769 4507 3125 4578 Iltt‘pet‘qttattt
3157 4504 3399 4557 modeste
3431 4505 3511 4578 vir
3539 4503 3726 4556 doctis—

492 4588 591 4633 tiva
646 4596 673 4632 e
722 4582 920 4647 postica
974 4594 1151 4645 parte.
1198 4590 1473 4631 attenuata
1521 4595 1615 4646 per
1655 4583 1887 4633 calorem
1917 4594 2066 4647 cera,

490 4652 696 4701 detrahi
748 4651 1045 4716 potuerint,
1094 4660 1147 4701 ct
1200 4652 1249 4700 in
1300 4650 1456 4701 aliam
1484 4651 1855 4703 ‘commentitti
1907 4651 2065 4715 fetus,

491 4722 733 4774 cltarmtt
765 4718 1057 4772 ttanslerri.
1105 4720 1446 4772 Innocentius
1478 4734 1687 4787 quoque
1721 4720 1782 4772 Ill
1817 4735 1981 4787 papa,
2017 4734 2072 4775 tit

490 4801 573 4845 est
603 4794 653 4842 iit
683 4786 799 4859 ejus
833 4787 966 4852 Vita,
1002 4805 1148 4840 num.
1178 4787 1268 4849 43,
1300 4806 1390 4852 per
1422 4786 1581 4856 sigilli
1617 4789 1797 4843 vitium
1822 4786 1958 4843 inira
1984 4806 2071 4845 sa-

490 4862 715 4929 gacitate
742 4860 1091 4929 deprehendit
1120 4861 1169 4911 in
1204 4878 1250 4926 μ.
1269 4861 1482 4926 ivilegio
1513 4861 1767 4925 producto
1798 4876 1827 4913 a
1856 4862 2067 4929 Scotu-

492 4921 624 4984 ἵειιεί
656 4921 847 5001 abbate
876 4946 887 4980 :
923 4921 1431 5001 quod__Matiillottiu's
1461 4921 1855 4987 animadvertit.
1888 4921 2069 5001 Neque

491 5018 621 5054 sane
651 5000 889 5069 ejusdem
923 4999 1121 5069 fraudis
1150 5000 1254 5051 alia
1284 5000 1474 5053 desunt
1501 5002 1743 5066 exempla
1765 5040 1780 5063 ,
1814 5018 1843 5051 ιι
1870 4999 2067 5069 quibus

490 5068 719 5125 alterum
783 5069 960 5131 adhuc
1015 5068 1209 5122 alIerre
1259 5070 1430 5137 juvat.
1501 5072 1728 5124 l’rotulil
1782 5068 2060 5136 υπιιθιξῑυε

494 5151 641 5195 ιοιιιο
675 5140 739 5209 ιιι
772 5139 886 5209 Ital.
942 5139 1093 5209 Sacr.
1150 5140 1200 5192 itt
1250 5140 1487 5207 episcop.
1556 5140 1761 5193 Clusin.
1830 5143 2064 5209 diploma

498 5208 731 5264 Ilacliisii
785 5206 1251 5275 Langobardorum
1292 5206 1483 5277 regis,
1546 5224 1576 5263 a
1633 5227 1736 5277 quo
1790 5206 2063 5266 conditum

495 5283 722 5333 traditur
768 5280 1150 5332 monasterium
1202 5280 1387 5332 Sancti
1447 5281 1739 5334 Salvatoris
1779 5284 1845 5334 de
1885 5282 2065 5337 Monte

496 5352 761 5403 Atnmiato
789 5350 839 5401 iit
870 5349 1057 5401 eodem
1089 5365 1215 5418 agro
1237 5351 1452 5402 Clusino
1474 5351 1654 5405 situm.
1682 5352 2079 5414 Documentum

496 5422 625 5474 illtnl
670 5419 830 5472 veluti
861 5433 1136 5489 geminam
1186 5423 1619 5472 commemoravit
1662 5436 1872 5489 quoque
1914 5421 2065 5475 Thu-

497 5506 695 5544 ntastus
730 5508 779 5541 tn
814 5487 1045 5541 Illsloria
1078 5488 1323 5542 Senensi.
1358 5493 1491 5543 Alibi
1532 5487 1698 5549 Vero,
1746 5487 1845 5544 hoc
1884 5502 1965 5544 est
2010 5498 2058 5548 in

502 5560 879 5613 Dissertatione
920 5573 1028 5611 va
1062 5561 1123 5611 de
1158 5560 1437 5621 Monaster.
1480 5571 1626 5613 ereti.
1680 5561 1914 5615 iacienda
1959 5566 2061 5618 erit

499 5632 626 5682 nubi
659 5632 853 5684 n.entio
878 5630 1179 5696 diplomatis
1207 5631 1474 5698 ejusdem,
1506 5633 1642 5683 inter
1670 5630 1885 5684 ridenda
1915 5649 2059 5686 com-

499 5713 675 5753 menta
707 5701 1043 5753 amandandi.
1091 5703 1164 5753 De
1193 5700 1378 5755 eodem
1421 5703 1579 5755 etiam
1628 5703 1963 5755 Mabiltunius
2005 5706 2057 5758 ιιι

500 5772 557 5839 At
586 5772 744 5833 nalih.
794 5770 1042 5823 llenedict
1070 5773 1151 5822 nis
1189 5771 1253 5821 ad
1297 5786 1493 5823 annum
1536 5772 1732 5823 Christi
1775 5771 1877 5825 75η
1920 5790 2055 5839 pra:-

501 5848 702 5894 titubat
734 5858 746 5891 :
786 5839 1019 5911 Diplviaa
1064 5842 1212 5909 refert
1250 5844 1260 5866 '
1293 5844 1487 5912 uitellus
1511 5856 1627 5895 cuin
1672 5847 2054 5897 rturitttmncut’a

2174 4583 2371 4639 simus,
2404 4594 2563 4644 qutun
2597 4577 2792 4643 alioqui
2842 4574 2977 4629 fetus
3022 4575 3110 4628 ille
3147 4590 3178 4627 a
3217 4578 3392 4642 capite
3432 4576 3499 4627 ad
3541 4577 3726 4627 calcem

2175 4650 2561 4717 ineptissimum
2618 4647 2887 4699 falsarium
2945 4645 3151 4713 prodat.
3191 4644 3582 4717 Commentum
3634 4644 3726 4697 hoc

2175 4715 2347 4773 atttent
2381 4720 2610 4783 refrico,
2642 4727 2697 4769 ul
2721 4717 2976 4781 subdam,
3024 4732 3140 4783 quae
3190 4715 3240 4767 in
3291 4715 3421 4768 illud
3473 4716 3727 4768 adnotavit

2174 4789 2339 4843 Titius
2374 4790 2653 4842 historicus
2692 4788 2976 4850 Senensis,
3008 4784 3161 4855 cujus
3201 4784 3321 4837 libri
3362 4785 3537 4839 adhuc
3581 4800 3725 4838 manu

2171 4862 2377 4916 exarati
2428 4868 2638 4913 exstant
2682 4855 2819 4927 a'pud
2873 4856 3097 4911 heredes
3125 4855 3423 4927 doctissimi
3477 4858 3725 4923 quondam

2170 4931 2329 4984 amici
2362 4933 2461 4985 mei
2498 4924 3130 4996 lluberti—Benvoglienti.
3161 4941 3180 4974 ι
3213 4924 3324 4979 Hoc
3365 4927 3723 4997 privilegium,

2169 5002 2342 5054 scribit
2373 5000 2568 5063 Titius,
2599 5010 2682 5067 est
2722 5000 2981 5052 munitum
3022 4997 3208 5067 Sigillo
3248 5011 3408 5051 cereo
3452 4999 3645 5052 innexo
3671 5015 3725 5052 ex

2169 5079 2393 5139 utraque
2425 5084 2574 5137 parte
2603 5085 2723 5124 cum
2754 5070 2961 5122 duabus
3002 5068 3320 5136 imaginibus
3348 5069 3596 5122 humanis
3641 5070 3726 5121 ini-

2170 5144 2391 5208 pressis.
2434 5142 2645 5197 Littera:
2695 5156 2823 5195 vero
2870 5140 3285 5207 circumscriptae
3313 5140 3599 5193 commode
3640 5141 3724 5207 legi

2169 5226 2276 5264 non
2332 5214 2509 5267 valent
2565 5222 2779 5279 propter
2836 5220 3172 5264 vetustatem.
3237 5208 3413 5275 Caput
3464 5212 3726 5277 utriusque

2168 5281 2413 5351 imaginis
2446 5287 2497 5336 in
2537 5284 2713 5351 sigillo
2741 5292 3055 5335 coronatum
3086 5290 3162 5333 est
3186 5319 3201 5343 ,
3226 5287 3288 5351 et
3316 5280 3521 5348 virgam
3553 5297 3724 5336 manus

2168 5350 2440 5422 utriusque
2472 5350 2635 5408 tenet.
2668 5355 2839 5418 Atque
2873 5353 2970 5405 hoc
3001 5350 3330 5422 privilegium
3359 5361 3444 5422 est
3471 5351 3615 5416 apud
3644 5355 3724 5406 ali-

2168 5420 2368 5477 batiant
2392 5426 2573 5483 Sancti
2615 5424 2902 5477 Salvatoris
2934 5424 2983 5476 in
3016 5438 3142 5489 agro
3169 5420 3417 5475 Senensi.
3438 5439 3463 5475 s
3498 5424 3723 5491 Sigillum

2166 5496 2389 5548 duorum
2421 5498 2650 5549 virorum
2679 5495 2934 5562 imagines
2962 5496 3267 5561 pra-terens,
3298 5493 3436 5547 duos
3472 5495 3725 5563 principes

2167 5564 2361 5618 indicat
2386 5568 2539 5635 simul
2573 5576 2889 5633 regnantes,
2918 5578 2979 5617 ac
3019 5572 3296 5633 propterea
3345 5562 3417 5617 nil
3460 5580 3726 5618 commune

2163 5649 2285 5689 cum
2318 5636 2589 5691 Katttllisio
2620 5651 2743 5705 rege
2783 5635 3033 5688 habuisse
3076 5635 3301 5705 videtur.
3338 5638 3590 5688 Attamen
3620 5639 3726 5689 ιιι-ιο

2163 5706 2319 5759 etiam
2356 5708 2551 5775 sigillo
2593 5704 2839 5761 vis’olim
2884 5706 3047 5759 multa
3100 5705 3195 5762 luit
3238 5704 3305 5760 ad
3352 5705 3722 5762 conciliandam

2161 5778 2298 5845 apud
2333 5778 2608 5847 imperitos
2637 5778 2907 5848 diplomali
2938 5777 3114 5833 Iidem.
