3868 6212
86 369 246 425 1023

460 371 687 427 CUDEX
734 371 1262 426 lliPLOMATlCL'S.
1309 400 1376 410 —
1420 365 1836 424 l'l‘thlLEtilA.
1879 396 1948 405 —
1990 365 2238 420 l’lil\'ll..
2287 366 2418 420 l’Ell
2463 365 2732 420 Pauli-IS
2776 365 3053 423 l'l'.\Ll.E.

3273 369 3409 426 10H

84 485 175 537 Ch
198 489 353 542 italis
387 488 542 541 Nova:
576 500 745 549 us.|uc
776 485 1032 548 Slratam,
1064 501 1126 539 ac
1155 486 1350 540 deinde
1383 488 1432 538 in
1468 492 1694 555 Aquam-
1731 485 1778 538 A
1809 495 2024 532 causam
2059 480 2222 543 ipsius
2254 482 2502 534 ccclcs'a:
2535 481 2823 548 diligenter
2853 485 3126 550 inquirant
3169 493 3223 539 ct
3265 500 3401 540 exa-

92 577 352 642 longant,
386 592 554 646 usique
584 578 706 628 du.n
739 578 886 629 venit
915 576 966 630 in
1000 577 1306 630 Burianam.

165 689 325 744 Infra
371 691 500 744 istos
547 688 970 758 prmnominato;
1021 688 1156 742 ﬁnes
1186 731 1199 750 ,
1254 689 1391 740 sicut
1436 702 1463 739 a
1510 687 1711 741 sanctis

89 783 377 846 ratrilnts,
408 791 462 837 et
492 783 698 835 idoneis
731 797 793 833 ac
825 779 1106 834 catholicis
1141 781 1445 834 hominibus
1473 780 1714 849 antipri-

91 882 183 923 lus
237 875 295 928 in
343 876 453 942 ipsa
497 873 730 929 ecclesia
780 877 1126 926 constitutum
1172 872 1334 926 fuisse
1380 875 1707 940 reperimus,

90 966 295 1018 οιιιιιίτι
341 983 460 1034 pars
493 967 661 1026 ipsius
691 967 936 1020 ecclesia:
968 980 1156 1018 secure
1203 980 1262 1016 an
1306 967 1484 1034 quiete
1530 978 1710 1019 nostra

90 1058 275 1123 ivgali
310 1060 627 1112 auctoritate
661 1060 968 1120 perenniter
996 1057 1284 1124 possideat.
1323 1058 1518 1111 ltetnlit
1547 1060 1707 1114 etiam

94 1149 423 1211 pra-libatus
453 1150 712 1214 pontilex,
740 1149 882 1216 quod
910 1149 1121 1202 cuidam
1151 1149 1298 1201 fratri
1326 1167 1422 1202 suo
1447 1153 1714 1218 Anspcrto

91 1243 334 1296 nomine
363 1242 604 1308 qumdam
639 1242 877 1294 oratoria
921 1242 1054 1309 juris
1099 1254 1300 1295 sanctae
1335 1243 1594 1309 [iegeusis
1622 1263 1712 1298 cc-

88 1332 329 1396 clesim,
381 1349 540 1386 unum
586 1335 807 1400 quidem
856 1334 905 1386 in
955 1333 1194 1386 Luciaria
1243 1335 1380 1389 inter
1414 1335 1610 1388 l'adum
1655 1345 1710 1390 et

95 1427 435 1480 ltundennm
488 1427 794 1480 in-ltonore
843 1429 1012 1480 sancti
1061 1428 1314 1495 Georgii,
1367 1441 1415 1482 ct
1463 1431 1605 1484 aliud
1657 1433 1708 1484 in

91 1517 353 1583 (labiana
405 1517 662 1572 similiter
714 1519 850 1571 inter
899 1517 1098 1572 Padum
1149 1531 1202 1572 et
1250 1520 1604 1585 Bumlennm,
1659 1523 1709 1576 iu

97 1611 322 1664 honore
353 1611 522 1662 sancti
556 1610 792 1665 Anilretc
823 1619 1192 1664 coiistrm-tutn
1216 1653 1231 1678 ,
1276 1599 1483 1666 cunctis
1523 1615 1709 1670 diebus

96 1703 235 1756 vita:
287 1718 399 1756 sua:
443 1719 538 1770 per
568 1704 846 1757 decretum
891 1720 1210 1758 concessam
1257 1706 1547 1760 habuisset.
1603 1707 1709 1762 Sed

93 1810 232 1847 cum
271 1796 613 1862 postmodum
650 1797 790 1852 idem
823 1797 1121 1865 Anspertus
1151 1801 1463 1855 monasterii
1495 1801 1708 1856 Nonan-

96 1889 348 1942 tolensis
382 1901 592 1957 portum
629 1898 877 1956 peteret,
929 1896 1041 1959 ipsa
1092 1895 1324 1946 oratoria
1373 1911 1469 1963 pro
1499 1910 1598 1948 suo
1631 1897 1712 1949 in-

99 1981 282 2033 troitu
333 1983 592 2046 prazdicto
624 1985 955 2036 monasterio
986 1984 1228 2038 dederat.
1285 1987 1714 2043 Prmnominatus

101 2089 246 2124 vero
299 2087 450 2141 pater
481 2076 821 2143 Apollenaris
864 2078 1187 2146 cpisropns,
1235 2095 1301 2131 ne
1347 2080 1572 2134 ecclesia
1617 2095 1712 2135 sua

96 2166 376 2219 danmnm
410 2176 708 2233 pateretur,
750 2184 873 2222 cum
907 2184 1008 2224 suo
1037 2173 1312 2224 Advocato
1345 2173 1395 2226 in
1430 2175 1709 2240 praisentia

96 2257 268 2308 ducis
305 2258 474 2311 nostri
507 2257 740 2312 Goeraili
767 2301 782 2320 ,
836 2276 958 2314 cum
992 2261 1249 2316 Anselmo
1285 2264 1396 2330 jam
1438 2266 1562 2320 dicti
1599 2283 1714 2320 mo-

98 2349 334 2402 nasterii
366 2351 557 2404 abbate
590 2352 639 2404 in
668 2350 929 2420 judicium
958 2357 1229 2409 convenit.
1265 2357 1539 2412 Dissensio
1582 2375 1712 2414 vero

96 2454 229 2504 quae
269 2440 413 2493 inter
442 2443 547 2496 duo
579 2445 921 2515 venerabilia
945 2445 1058 2500 loca
1091 2458 1366 2514 creverat,
1399 2453 1599 2521 absque
1634 2453 1730 2505 vi-.

97 2532 366 2584 cinorum
413 2534 794 2602 episcoporum
839 2537 1105 2591 audientia
1149 2533 1449 2594 nullatenus
1490 2542 1710 2598 dilﬁniri

98 2632 352 2689 poterat.
393 2623 619 2691 ldquue
648 2624 790 2680 datis
820 2625 1073 2693 induciis,
1101 2639 1208 2683 tres
1237 2631 1500 2698 episcopi,
1527 2633 1711 2690 Petrus

97 2714 328 2769 scilicet
381 2715 777 2781 Bononiensis,
835 2718 1185 2774 Geminianus
1238 2722 1588 2787 Mutinensis,
1659 2738 1709 2780 rt

101 2802 310 2858 l’etrtts
345 2805 690 2876 Parmensis,
738 2824 860 2862 cum
911 2811 1033 2865 aliis
1083 2812 1288 2867 idoneis
1334 2824 1389 2868 et
1433 2818 1710 2871 Catltolicis

99 2897 241 2951 viris
295 2901 574 2953 ειιιινοοςιιί
623 2913 763 2958 sunt.
827 2903 1033 2970 Quibus
1077 2920 1196 2960 cum
1251 2906 1356 2974 iam
1413 2910 1522 2963 fato
1569 2910 1708 2966 ducc

101 2989 371 3067 tloerado
399 2990 450 3044 in
481 2992 683 3061 judicio
712 2983 1087 3062 residentibus,
1125 2999 1462 3067 Apollenaris
1491 3003 1707 3066 episco-

101 3095 206 3148 pus
235 3064 256 3146 ,I
287 3093 369 3154 Δοι
414 3084 579 3140 abbas
609 3088 895 3143 Anselmus
926 3090 1231 3145 alTucr'unt:
1266 3108 1494 3162 quorum
1525 3095 1708 3164 queri-

1819 571 2041 624 niincnt.
2080 571 2179 637 Ipsi
2206 586 2333 624 vero
2359 572 2601 624 advocati
2630 576 2696 625 ab
2720 575 2861 627 Ullltti
2890 575 3100 642 publica
3123 577 3407 632 exactione

1817 663 1921 714 sint
1957 665 2241 715 immunes.
2293 663 2348 716 Si
2379 665 2499 732 quis
2529 670 2712 716 autem
2754 665 2889 718 lianc
2919 677 3119 719 natura:
3147 669 3412 720 constitu-

1819 758 1978 810 tionis
2009 767 2132 808 anct
2173 758 2384 808 ritatem
2420 756 2626 808 irtilattt
2662 757 2842 810 lacere
2876 759 3161 814 Ieutavcrit
3201 761 3415 814 emuni-

1819 848 1943 900 tatis
1993 848 2246 899 mulrtatu
2281 887 2293 908 ,
2349 847 2487 899 idest
2534 850 2743 918 argrnti
2796 849 2962 903 libras
3009 851 3221 919 triginta
3273 853 3413 920 parti

1818 951 2020 995 saluta:
2051 942 2331 1009 lii-gieusis
2357 942 2604 995 CCClt‘Slil'
2638 943 2945 1009 persolvere
2975 954 3221 1008 Cogntur.
3259 944 3324 998 Et
3355 954 3418 999 ut

1818 1035 1920 1089 bne
1962 1044 2159 1087 nostra:
2192 1035 2492 1105 largitionis
2543 1045 2597 1089 et
2642 1037 2957 1090 eninnitatis
2989 1053 3051 1092 ac
3081 1037 3418 1093 delensionis

1818 1143 1912 1181 seu
1958 1126 2329 1193 inquisitionis
2373 1129 2451 1180 vel
2502 1128 2874 1184 advocationis
2925 1143 3248 1197 pr:cceptum
3287 1131 3414 1184 diu-

1819 1221 1992 1274 turnis
2027 1221 2364 1288 temporibus
2400 1222 2449 1273 in
2499 1236 2596 1272 suo
2626 1223 2820 1275 robore
2853 1232 3205 1290 permaneat,
3251 1232 3418 1291 atque
3461 1216 3464 1217 ν

1818 1315 1884 1366 ab
1904 1313 2159 1367 oninibus
2185 1327 2268 1362 vei
2287 1314 2366 1365 ius
2395 1313 2644 1364 credatur
2671 1323 2723 1366 et
2741 1312 3051 1378 diligentius
3074 1315 3415 1381 observetur,

1817 1420 2011 1456 manus
2064 1412 2268 1454 nostra:
2319 1402 2721 1470 subscriptione
2770 1404 2956 1458 subter
3002 1405 3418 1468 annotavimus,

1816 1495 2083 1560 anuloque
2115 1504 2300 1546 no-tro
2330 1494 2564 1558 sigillare
2592 1494 2871 1560 iussimus.

1889 1588 2109 1653 Signum
2144 1587 2322 1638 tlaroli
2354 1587 2726 1655 gloriosissimi
2763 1589 2924 1656 regis.

1890 1672 2184 1730 (iliiliclllls
2215 1676 2280 1728 ad
2315 1677 2480 1730 vicem
2515 1676 2756 1731 Railuuis
2784 1681 3096 1746 recognovi.

1891 1769 2019 1828 Data
2070 1770 2120 1822 in
2171 1784 2358 1824 mense
2405 1770 2570 1824 .lunio
2601 1771 2688 1826 die
2728 1782 2921 1828 octavo
2972 1773 3023 1825 in
3069 1788 3214 1827 anno
3257 1773 3416 1829 tertio

1745 1843 1790 1902 Β
1819 1862 2029 1915 decimo
2061 1871 2114 1915 et
2143 1861 2398 1930 septimo,
2434 1863 2727 1918 indictione
2758 1865 2989 1919 decima.

1897 1956 2092 2010 Actum
2144 1955 2309 2027 Papia
2353 1958 2612 2022 civitate,
2663 1958 2717 2012 iu
2767 1958 2858 2014 Dei
2908 1959 3126 2016 nomine
3169 1958 3414 2016 feliciter.

1820 2050 2012 2103 Amen.

2558 2119 2689 2176 Vill.

1817 2210 2058 2281 Diploma
2074 2211 2249 2266 Caroli
2266 2212 2445 2284 Magni
2463 2231 2564 2283 quo
2581 2217 2908 2283 privilegium
2923 2219 3151 2272 ecclesiis
3171 2221 3418 2276 Arretina

2322 2288 2551 2338 concedit
2585 2289 2744 2356 (anno
2771 2287 2923 2356 785).

1971 2375 2062 2437 {lix
2094 2375 2382 2438 Muratorio,
2412 2375 2744 2441 Antiquitales
2769 2380 2947 2430 italicae
2971 2383 3102 2433 med.
3122 2385 3257 2445 arvi.)

1886 2457 2115 2512 Carolus
2146 2460 2316 2529 gratia
2353 2460 2443 2514 Dei
2480 2477 2571 2516 rex
2594 2461 2925 2518 Francorum
2957 2475 3010 2519 et
3042 2466 3422 2534 Langobardo-

1817 2569 1962 2620 rmn,
1989 2569 2050 2606 ac
2081 2554 2338 2621 patricius
2369 2555 2754 2610 Ruinanorum.
2784 2557 2836 2611 Si
2864 2559 3211 2625 petitionibus
3233 2575 3418 2616 sacer-

1814 2645 2026 2708 dotum,
2064 2647 2146 2698 vrl
2177 2660 2454 2699 servorum
2493 2648 2603 2708 Dci,
2641 2649 2690 2702 in
2723 2666 2828 2715 quo
2861 2652 3058 2704 nostris
3093 2653 3287 2708 fin-rint
3317 2670 3417 2708 au-

1814 2741 1962 2794 ribus
2016 2743 2240 2809 prnlatm.
2295 2743 2522 2797 libenter
2572 2744 2928 2808 oliaudiums,
2980 2759 3033 2800 et
3079 2763 3172 2801 eas
3220 2749 3272 2802 in
3325 2749 3417 2803 Dei

1817 2834 2033 2887 nomine
2063 2833 2180 2887 elici
2202 2834 2274 2887 tui
2320 2837 2711 2903 mancipamus,
2743 2839 2944 2908 regiam
2975 2843 3419 2897 con~netudinem

1815 2938 2128 2978 exercirmus
2148 2965 2163 2988 ,
2191 2936 2246 2979 et
2279 2927 2378 2979 boc
2410 2927 2563 2980 nobis
2591 2927 2656 2981 ad
2691 2930 2998 2984 [liCl'Cedt'm
3029 2933 3109 2986 vel
3149 2932 3418 2986 stabilita-
3470 2980 3472 2983 .

1817 3026 1921 3070 tein
1955 3017 2105 3084 regni
2145 3018 2311 3070 nostri
2349 3020 2620 3086 pertinere
2650 3021 2993 3076 conlidimus.
3018 3023 3204 3092 igitur
3231 3035 3415 3080 notum

1815 3109 1883 3161 sit
1910 3110 2148 3162 onmium
2184 3108 2427 3184 ﬁdelium
2465 3122 2768 3166 nostrorum
2795 3115 3168 3183 magnitudini,
3201 3131 3423 3186 presen-

102 3178 316 3231 ιηοηίίε
357 3178 622 3234 Subtiliter
649 3179 941 3249 (“5005593,
991 3184 1219 3240 80010533
1255 3186 1570 3257 RegiensiS.
1618 3189 1706 3243 cui
1741 3202 1786 3265 ο
1821 3202 1950 3256 tium
1984 3179 2235 3257 videlicet
2265 3212 2321 3256 et
2353 3205 2650 3257 futurorum
2672 3247 2689 3270 ,
2733 3209 2962 3274 qualiter
2989 3211 3309 3264 venerabilis
3337 3210 3421 3264 vir

105 3269 308 3323 debito
335 3269 458 3339 jure
484 3271 593 3340 jam
629 3272 732 3327 lata
766 3277 1002 3330 oratoria
1035 3277 1277 3347 subjecta
1309 3290 1498 3348 erant,
1545 3296 1710 3336 cano-

101 3362 237 3414 nico
294 3376 357 3414 ac
410 3363 564 3432 legali
597 3366 788 3421 ordine
830 3370 1130 3445 acquisivit.
1193 3371 1254 3425 Et
1301 3374 1371 3426 ob
1419 3373 1709 3430 ﬁrmiorem

99 3455 488 3520 securitatem,
508 3449 750 3512 notitiam
773 3460 1027 3527 scriptam
1052 3463 1382 3533 testibusque
1405 3465 1712 3520 roboratam

100 3561 235 3598 cum
275 3535 394 3612 ipso
425 3547 644 3604 decreto
692 3566 839 3618 saepe
881 3552 1187 3609 nominatus
1229 3565 1382 3624 pater
1415 3561 1712 3619 prasentize

102 3645 320 3688 nostra:
352 3637 578 3702 obtulit,
623 3640 936 3708 postulans,
983 3652 1038 3696 ιιι
1068 3659 1163 3696 nos
1196 3643 1485 3700 inviolabili
1521 3659 1710 3702 nostro

103 3735 393 3793 prmcepto
421 3744 539 3781 eam
573 3729 886 3798 ﬁrmantes,
933 3749 1146 3788 omnem
1193 3739 1553 3794 contentionis
1602 3757 1712 3793 nae-

104 3833 245 3869 vum
281 3816 732 3886 abstergeremus.
767 3822 931 3891 Cujus
963 3825 1203 3892 petitioni
1233 3839 1567 3890 annuentes.
1619 3846 1712 3896 per

105 3908 218 3959 hoc
251 3920 497 3962 nostrum
546 3923 873 3980 przeccptum
917 3915 1186 3981 prmdictae
1225 3927 1426 3973 sancta:
1465 3921 1712 3976 ecclesiae

106 3998 235 4062 ipsa
269 4000 504 4052 oratoria
536 4003 944 4069 conﬁrmanms,
979 4017 1140 4075 atque
1188 4010 1308 4064 sine
1352 4011 1460 4066 ullo
1492 4023 1708 4068 contra-

107 4090 338 4144 itictcre
375 4090 727 4146 restituinms.
789 4095 1055 4154 Praeterea
1107 4109 1162 4154 et
1204 4100 1394 4171 Gajum
1428 4113 1667 4162 nostrum
1692 4147 1710 4174 ,

108 4181 266 4246 quod
319 4181 370 4234 in
416 4181 623 4236 eodem
657 4184 775 4238 loco
820 4186 978 4254 juxta
1031 4205 1117 4244 res
1166 4191 1332 4262 ipsius
1377 4195 1620 4252 ecclesiae
1660 4200 1710 4254 in

109 4271 368 4325 Luciaria
397 4274 673 4341 conjacet,
705 4287 756 4330 et
792 4293 932 4333 nunc
964 4282 1173 4336 noviter
1201 4286 1484 4352 excolitur,
1517 4303 1584 4342 eo
1615 4299 1711 4360 pot

109 4361 399 4427 stulante,
448 4365 686 4420 oratorio
731 4372 899 4422 sancti
932 4370 1152 4442 Georgii
1199 4390 1294 4445 per
1326 4377 1427 4433 hoc
1470 4390 1712 4438 nostrum

113 4464 453 4521 pra-ceptum
493 4456 616 4525 jure
662 4461 878 4529 proprio
907 4463 979 4518 ob
1007 4467 1200 4522 anima:
1238 4455 1441 4526 nostra;
1485 4475 1712 4529 salutem

109 4545 471 4600 eonccdimus
501 4561 622 4602 cum
657 4549 1044 4618 piseationibus
1071 4571 1165 4625 per
1189 4558 1388 4615 Padum
1417 4572 1470 4618 et
1496 4563 1712 4621 Bundc-

115 4654 283 4703 num,
333 4638 654 4709 paludesque
683 4653 737 4697 et
779 4644 929 4701 lacus
973 4649 1405 4719 conjacentibus.
1453 4657 1714 4715 Similiter

113 4741 340 4795 quoque
385 4739 439 4782 et
483 4733 722 4786 oratorio
754 4738 927 4790 sancti
960 4739 1194 4795 Andreae
1220 4743 1484 4801 donamus
1517 4757 1714 4804 terram

119 4832 176 4873 et
206 4821 403 4876 silvam
432 4824 569 4893 juris
601 4829 750 4897 regni
786 4833 990 4898 nostri,
1032 4852 1152 4904 qua:
1181 4837 1323 4893 circa
1357 4857 1442 4896 res
1472 4844 1714 4911 ejusdem

118 4912 371 4968 ecclesia:
400 4916 539 4972 inter
567 4917 768 4974 Padum
801 4934 856 4978 et
890 4924 1202 4982 Bundenum
1238 4931 1289 4984 in
1320 4932 1558 4988 Gabiana
1588 4940 1717 4990 cou-

119 5006 305 5072 sistit,
336 5021 458 5063 cum
499 5011 887 5080 piscationibus
917 5034 1012 5086 per
1041 5020 1241 5076 Padum
1273 5034 1328 5078 et
1359 5025 1676 5082 Bnudenum
1698 5072 1712 5094 ,

124 5095 472 5166 l’aludesi‘iue
501 5112 555 5156 et
585 5102 759 5158 Lacos
785 5123 796 5158 :
832 5119 886 5158 ut
918 5123 1061 5179 saepe
1093 5115 1364 5169 nominata
1399 5126 1580 5173 sancta
1615 5119 1717 5173 Re-

119 5189 331 5257 gicnsis
360 5193 592 5248 ecclesia
627 5197 742 5250 lia-c
772 5202 953 5253 omnia
993 5203 1114 5271 jure
1147 5207 1503 5275 proprietario
1535 5221 1718 5266 teni-at

123 5289 298 5348 atque
333 5283 604 5350 possideat
647 5289 848 5358 absque
894 5291 1122 5361 alicujus
1171 5299 1454 5363 potestatis
1483 5311 1714 5356 contra-

121 5375 380 5429 dictione.
415 5377 772 5438 Concedimus
796 5388 980 5453 etiam,
1009 5400 1062 5441 ut
1091 5389 1134 5444 si
1165 5395 1439 5447 contentio
1463 5394 1529 5451 de
1555 5398 1716 5455 rebus

122 5481 186 5519 ac
214 5464 434 5522 familiis
460 5473 700 5539 ejusdem
730 5477 972 5534 ecclesia:
1003 5478 1166 5537 fuerit
1199 5485 1352 5539 horta
1375 5526 1388 5551 ,
1440 5487 1596 5542 liceat
1634 5492 1714 5546 in-

123 5558 346 5627 quisitio
373 5562 484 5616 ﬁeri
517 5581 612 5634 per
637 5569 805 5624 b0nos
837 5583 890 5627 et
920 5573 1178 5644 ingenuos
1211 5578 1454 5634 homines
1484 5583 1715 5638 circurn-

123 5664 341 5719 quaque
371 5667 646 5712 manentes
687 5676 855 5730 Usque
883 5665 946 5717 ad
979 5680 1392 5725 s.icr:unentum.
1446 5671 1715 5730 Habeant-

123 5754 231 5808 que
278 5741 380 5797 sibi
433 5750 712 5815 pontiﬁces
759 5753 927 5823 ipsius
970 5759 1216 5815 ecclesia:
1261 5761 1550 5821 advocatos
1581 5767 1716 5825 duos

124 5832 213 5888 vel
240 5843 374 5905 tres,
404 5839 448 5893 si
481 5855 700 5901 necesse
731 5845 923 5918 fuerit,
972 5866 1107 5922 quos
1149 5852 1247 5924 ipsi
1283 5855 1539 5927 elegerint
1563 5901 1576 5928 ,
1625 5864 1713 5932 qui

1821 3291 2124 3360 Aribertus,
2150 3303 2333 3347 sancte
2362 3295 2722 3348 Arretinensis
2745 3297 2974 3352 cci-lesie
2993 3300 3277 3370 episcopus
3297 3317 3426 3372 qua

1820 3394 1903 3441 est
1931 3396 2243 3440 constructa
2287 3389 2337 3441 in
2383 3387 2586 3443 lionore
2614 3391 2784 3444 sancti
2819 3391 3006 3447 Donati
3027 3436 3042 3458 ,
3075 3396 3141 3448 ad
3182 3406 3420 3452 nostram

1823 3480 2050 3533 accessit
2087 3479 2466 3544 c'emeniiam,
2508 3491 2562 3534 et
2605 3482 2756 3550 petiit
2792 3486 3071 3540 serenitati
3110 3497 3323 3554 nostre,
3363 3499 3426 3544 ut

1825 3584 2011 3624 omnes
2053 3585 2140 3625 res
2181 3571 2348 3636 ipsius
2375 3573 2626 3636 ecclesie,
2655 3590 2758 3644 que
2790 3577 2987 3632 ibidem
3024 3594 3055 3633 a
3096 3581 3254 3652 longo
3283 3592 3419 3637 tem-

1829 3679 1958 3730 pore
1985 3675 2039 3718 et
2069 3680 2237 3734 usque
2278 3681 2420 3720 nunc
2446 3667 2575 3720 visze
2612 3677 2734 3722 sunt
2773 3671 3119 3739 pertinuisse,
3160 3684 3265 3728 tam
3305 3691 3422 3728 ιιιο-

1826 3754 2057 3808 nasteria
2101 3757 2184 3808 vel
2225 3755 2579 3822 senodocliia,
2627 3774 2894 3828 quamque
2923 3771 3015 3820 ct,
3029 3764 3286 3823 ecclesias
3326 3766 3415 3818 ba-

1825 3849 2123 3916 ptismales,
2168 3863 2264 3903 seu
2313 3848 2549 3917 reliquas
2598 3853 2986 3919 possessiones,
3030 3858 3279 3927 quicquic
3323 3873 3422 3928 per

1823 3939 2143 3992 donationes
2174 3939 2254 3992 vel
2285 3940 2719 3996 conﬁrmationes
2758 3960 2982 4014 regum,
3021 3949 3132 4000 sive
3171 3949 3424 4004 vinditio-

1827 4044 1944 4091 nes,
1975 4030 2533 4100 commutationesque
2563 4048 2626 4088 ex
2661 4034 2924 4091 bonorum
2956 4038 3231 4093 hominum
3264 4041 3424 4112 largi-

1823 4132 1934 4180 tate
1962 4125 2156 4179 ibidem
2184 4125 2311 4181 date
2341 4130 2424 4182 vel
2461 4127 2763 4185 condonate
2793 4137 2918 4184 sunt
2941 4171 2956 4196 ,
2988 4133 3072 4186 vel
3101 4133 3260 4188 etiam
3287 4133 3419 4188 illud

1823 4219 2211 4272 monasterium
2251 4219 2424 4274 sancti
2466 4220 2761 4286 Benedicti,
2805 4222 2857 4276 in
2898 4226 3260 4294 suprascripta
3301 4227 3417 4296 ipsa

1821 4310 2059 4379 civitate,
2095 4312 2237 4380 quod
2281 4313 2419 4368 bone
2447 4317 2708 4370 memorie
2734 4315 3118 4374 Cunemundus
3145 4321 3424 4388 quondam.

1819 4401 2105 4471 episcopus
2148 4413 2463 4460 antecessor
2505 4422 2636 4462 suus
2677 4409 2884 4477 legibus
2929 4414 3292 4480 comparavit,
3331 4414 3419 4469 vel

1820 4506 1918 4545 suo
1967 4491 2208 4547 fundavit
2253 4488 2438 4562 opere,
2485 4512 2586 4550 una
2628 4514 2749 4552 cum
2800 4501 2963 4554 rebus
3007 4502 3117 4556 suis
3166 4505 3418 4574 propriis,

1747 4587 1792 4646 ο
1822 4600 1954 4654 quas
1982 4587 2048 4640 de
2075 4587 2196 4655 jure
2235 4600 2514 4656 parentum
2544 4605 2762 4647 suorum
2801 4581 3011 4658 habuit,
3053 4605 3107 4650 et
3142 4595 3208 4650 ad
3247 4597 3420 4666 ipsam

1819 4680 2100 4735 ecclesiam
2149 4680 2247 4736 Dei
2296 4685 2444 4737 visus
2488 4682 2586 4738 fuit
2614 4685 2922 4755 delegasse;
2969 4687 3238 4756 inspccus
3275 4691 3424 4760 ipsas

1820 4769 2225 4836 preceptiones,
2269 4772 2352 4826 vel
2393 4775 2864 4841 conﬁrmationes,
2913 4778 3028 4834 sive
3067 4779 3420 4846 vinditiones,

1821 4859 1905 4913 vel
1936 4862 2414 4928 commutationes,
2442 4864 2621 4919 denuo
2653 4882 2747 4935 per
2777 4878 3016 4923 nostram
3045 4874 3424 4929 auctoritatem

1818 4951 1961 5006 circa
1996 4953 2172 5021 ipsum
2201 4967 2446 5011 sanctum
2479 4958 2653 5012 locum
2686 4961 2872 5015 redere
2897 4973 2951 5016 et
2980 4965 3300 5022 conﬁrmare
3321 4967 3422 5022 de-

1821 5042 2096 5098 beremus.
2153 5045 2322 5117 Cujus
2379 5049 2694 5118 petitionem
2753 5067 2849 5121 pro
2904 5058 3202 5110 reverentia
3255 5060 3425 5128 ipsius

1817 5137 1987 5189 sancti
2040 5137 2142 5191 loci
2199 5141 2481 5196 noluimus
2530 5143 2832 5213 denegare:
2888 5148 2984 5201 sed
3039 5150 3090 5203 in
3137 5150 3422 5207 elimosina

1821 5236 1996 5278 nostra
2028 5226 2099 5280 ita
2142 5232 2440 5298 presutisse
2473 5243 2527 5286 et
2555 5238 2904 5307 conﬁrmasse
2932 5252 3239 5310 cognoscat.
3286 5241 3423 5299 Pre-

1818 5315 2080 5384 cipientes
2103 5335 2234 5389 ergo
2263 5321 2538 5390 jubemus,
2567 5337 2621 5379 ut
2648 5326 2785 5380 sicut
2812 5339 3022 5384 constat
3052 5331 3166 5396 ipsa
3194 5335 3424 5389 ecclesia

1818 5409 1987 5463 sancti
2043 5410 2233 5465 Dooati
2285 5414 2352 5469 de
2404 5417 2656 5482 prcdictis
2702 5420 2864 5473 rebus
2910 5435 2940 5474 a
2978 5421 3136 5492 longo
3181 5435 3424 5491 tempore

1815 5498 1958 5567 juste
1985 5511 2039 5554 et
2069 5504 2466 5560 rationabiliter
2498 5507 2704 5575 legibus
2741 5514 2928 5566 Vestita
2975 5514 3159 5581 fuisse,
3201 5527 3255 5571 et
3293 5533 3419 5585 prc-

1819 5594 1958 5647 senti
1979 5587 2232 5663 ‘tempore
2263 5611 2593 5653 memoratus
2628 5603 2704 5654 vir
2737 5607 3059 5661 venerabilis
3091 5609 3170 5662 vir
3195 5611 3416 5665 Aribcr-

1821 5692 1906 5737 tus
1949 5685 2234 5756 episcOpus
2278 5703 2426 5744 recto
2474 5697 2687 5749 tramite
2736 5700 3014 5765 possidere
3055 5703 3285 5771 videtur,
3337 5706 3419 5759 in.

1819 5784 2031 5844 spectas
2076 5776 2240 5844 ipsius
2295 5783 2673 5853 preceptiones
2721 5789 2802 5843 vel
2851 5792 3286 5850 conﬁrmationes
3334 5812 3419 5850 rc-

1819 5881 1966 5938 gum,
1993 5875 2046 5921 ut
2069 5867 2319 5942 diximus,
2354 5889 2446 5931 scu
2475 5875 2817 5947 t‘inditiones,
2846 5882 2929 5939 vel
2959 5887 3391 5944 conmutationes
