3856 6220
414 267 552 322 “illi

1903 196 1911 223 l

1302 262 1358 316 Β.
1402 263 1657 317 ωιευιλ
1699 262 1915 316 SIAGNI
1962 260 2118 316 Ul’l’.
2167 261 2343 316 PAltS
2388 261 2428 326 i,
2471 261 2713 318 SECTIO
2756 264 2817 318 ll.

3563 274 3681 332 l0l6

405 381 865 438 sive—traditiones
897 382 1158 435 bonorqu
1202 377 1474 432 hominum
1518 379 1585 432 ita
1630 381 1682 432 in
1712 389 1870 433 antea
1909 392 2002 443 per
2032 385 2082 441 Α
2111 376 2304 429 clesias
2335 376 2704 444 baptismales,
2738 377 2820 432 vel
2868 377 3105 448 reliquas
3148 382 3538 452 possessiones,
3582 407 3680 461 qua

412 474 553 526 hanc
603 484 846 524 nostram
901 473 1271 525 auctoritatem
1330 480 1489 537 atque
1542 470 2007 523 continuationem

409 568 582 618 valeat
608 563 720 631 jam
753 562 891 623 fatus
922 561 1203 615 Ariberlus
1229 563 1535 628 episcopus,
1570 560 1760 628 suique
1791 575 2009 614 succes-

406 670 581 718 sores,
613 653 702 721 qui
746 653 946 706 fuerint
987 663 1227 723 rectores
1272 651 1438 720 ipsius
1477 654 1646 705 sancti
1692 652 1814 716 loci,
1861 653 2008 722 ipsis,

355 758 360 763 ‘
408 756 467 801 ιιι
490 760 649 814 supra
693 746 1134 808 memoravimus,
1181 744 1341 797 rebus
1370 746 1549 809 quieto
1589 744 1777 798 ordine
1822 754 2010 798 tenere

406 851 461 893 et
491 838 803 908 possidere;
845 847 903 893 et
934 840 1109 891 nullus
1136 837 1402 906 quidlabet
1432 839 1497 891 de
1530 837 1775 891 lidelibus
1806 837 2010 891 nostris

404 931 604 984 atuodo
627 937 682 982 et
705 928 961 995 deinceps
1001 942 1129 996 sepe
1158 929 1302 981 dicto
1328 929 1581 996 episeopo
1611 928 1693 981 vel
1721 941 2009 981 successo-

406 1025 555 1076 ribus
579 1022 694 1076 suis
720 1023 790 1077 de
826 1023 937 1092 jam
978 1024 1361 1092 suprascriptis
1402 1027 1562 1078 rebus
1592 1023 1890 1091 inquietare
1917 1028 2009 1075 aut.

404 1115 724 1168 calumniam
764 1129 1026 1183 generare
1052 1128 1268 1183 quoque
1301 1126 1543 1181 tempore
1573 1132 1678 1168 non
1709 1121 2004 1184 presumat,

402 1212 500 1263 sed
541 1209 737 1263 nosrris
774 1220 829 1262 et
875 1208 1066 1263 futuris
1114 1211 1445 1279 temporibus
1492 1192 1564 1264 aii
1610 1210 1779 1264 irsam
1824 1221 2003 1262 casam

404 1310 502 1363 ltei
549 1308 831 1375 proficiant
873 1298 924 1360 in
972 1308 1292 1375 augmentis.
1348 1307 1413 1360 Et
1462 1317 1517 1359 ut
1568 1306 1666 1361 hec
1712 1310 2002 1359 auctoritas

400 1402 605 1456 tirmior
635 1401 918 1468 habeatur,
953 1403 1035 1457 vel
1085 1419 1182 1470 per
1226 1411 1465 1471 tempora
1498 1403 1688 1457 melius
1718 1416 2002 1457 conserve-

397 1506 508 1555 tur,
540 1510 699 1549 manu
744 1496 959 1564 propria
999 1495 1185 1549 subter
1214 1509 1332 1549 eam
1371 1492 1712 1549 decrevimus
1744 1493 1999 1549 roborare

398 1597 451 1638 τι
480 1585 550 1639 de
577 1587 740 1639 anulo
766 1595 953 1639 nostro
980 1578 1240 1656 juss’iruus
1270 1587 1515 1655 sigillari.

470 1677 692 1743 Signum
721 1674 898 1730 Caroli
927 1676 1300 1745 glorlosissimi
1332 1677 1491 1746 regis.

472 1768 860 1823 l-Ircanabaldus
889 1768 955 1822 ad
988 1770 1163 1823 vicem
1195 1768 1399 1825 [ladani
1429 1770 1744 1841 subscripsi.

463 1859 657 1913 Datum
702 1858 791 1914 VII
842 1859 1294 1928 ldus‘Octobris,
1342 1876 1484 1916 anno
1525 1877 1647 1926 xvr,
1693 1873 1749 1917 et
1789 1861 1999 1918 decimo

390 1957 542 2027 regni
574 1955 765 2010 nostri.

459 2050 983 2113 Actum’Vurmasita
1010 2050 1251 2116 civitate,
1285 2049 1338 2105 in
1368 2049 1463 2105 Dei
1497 2049 1712 2105 nomine
1745 2048 1993 2106 feliciter.

396 2146 590 2197 Amen.

1164 2210 1255 2267 IX.

396 2304 642 2375 Diploma
714 2304 892 2359 Caroli
946 2304 1130 2373 Magni
1210 2320 1303 2373 pro
1360 2304 1642 2362 Mutinensi
1700 2319 1724 2345 α
1779 2305 1992 2361 rcclesia

1021 2376 1179 2444 (anno
1212 2376 1366 2445 res).

624 2467 718 2529 (Ex
745 2465 993 2531 L'gbellio,
1020 2466 1153 2516 Italia
1178 2469 1343 2527 Sacra,
1371 2475 1487 2520 tom.
1511 2468 1577 2531 ii,
1606 2483 1651 2529 ρ.
1678 2469 1784 2531 9|.)

389 2551 397 2561 ’
456 2551 678 2607 Carolus
706 2552 873 2621 gratia
907 2549 999 2605 Dei
1037 2565 1129 2604 rex
1164 2549 1493 2605 Francorum
1515 2593 1531 2617 ,
1572 2562 1628 2606 et
1680 2551 1992 2620 Longobar-

385 2647 603 2713 dorum,
646 2659 708 2699 ac
763 2644 1011 2712 patrilius
1064 2642 1355 2710 Romanus,
1391 2644 1643 2699 omnibus
1691 2643 1985 2713 episcopis,

388 2740 688 2802 abbatibus,
727 2725 977 2801 duc'bits,
1002 2735 1310 2800 comitibus,
1345 2732 1627 2806 gastaldis,
1658 2747 1821 2806 atque
1865 2750 1987 2790 om-

361 2832 552 2885 .nibns
607 2827 951 2884 monasteriis
1010 2828 1175 2882 Deum
1237 2828 1572 2895 timentibus,
1630 2827 1988 2897 praesentibus

390 2936 445 2978 et
478 2923 693 2977 futuris.

460 2998 745 3066 Maximum
771 3012 922 3081 regni
952 3013 1119 3066 nostri
1152 3012 1203 3069 in
1228 3012 1331 3068 hoc
1353 3013 1537 3083 augeri
1568 3012 1845 3067 credinms
1872 3026 1985 3067 mo-

388 3102 713 3170 nimentum,
741 3103 786 3156 si
818 3104 1167 3169 petitionibus
1196 3104 1560 3169 sacerdomm,

389 3195 506 3255 Dei,
542 3197 594 3247 in
625 3211 732 3264 quo
762 3196 963 3248 nostris
990 3198 1209 3249 auribus
1239 3196 1434 3250 fuerint
1463 3196 1757 3264 productae,
1791 3198 1980 3253 libenti

390 3287 569 3340 animo
607 3286 1065 3355 obtemperaturus,
1117 3295 1278 3355 atque
1328 3286 1392 3339 ad
1425 3270 1682 3342 'ctfectum
1739 3289 1984 3357 perduci-

387 3392 530 3432 mus.
583 3378 923 3446 Quapropter
968 3380 1180 3433 noverit
1226 3380 1451 3434 solertia
1513 3392 1711 3445 vestra,
1754 3383 1985 3450 qualiter

392 3469 588 3523 nuS'ad
614 3469 926 3536 petitionem
956 3469 1292 3523 veneruhil‘s
1322 3470 1420 3523 viri
1456 3469 1755 3524 Geminiani
1784 3482 1983 3528 sancte

391 3561 709 3616 Mutinensis
737 3561 986 3614 ecclesia:
1027 3554 1286 3628 episcOpi,
1322 3578 1441 3631 qua:
1471 3573 1556 3616 est
1585 3574 1893 3618 constructa
1927 3566 1980 3619 in

390 3656 651 3710 honorem
712 3653 1098 3722 preciosissimi
1148 3654 1481 3710 confessoris
1530 3656 1733 3711 Christi
1792 3656 1979 3712 Gemi-

391 3750 541 3803 niani
592 3748 844 3802 antistitis
903 3748 1070 3816 ipsius
1128 3747 1395 3812 ecclesiae,
1441 3749 1549 3803 tale
1602 3750 1747 3803 circa
1805 3752 1978 3819 ipsum

391 3852 639 3895 sanctum
695 3840 871 3897 locum
929 3840 1267 3893 concessisse
1316 3839 1656 3904 beuelicium,
1700 3851 1755 3893 ut
1786 3839 1838 3895 in
1866 3856 1980 3896 mo-

391 3934 649 3997 nasteria,
688 3940 747 3988 et
775 3929 1137 3993 xenodoeh‘a,
1176 3945 1270 3984 seu
1310 3931 1567 3986 ecclesias
1605 3930 1975 4001 baptismales,

388 4028 476 4081 vel
507 4025 743 4089 reliquas
779 4023 1185 4091 possessiones,
1215 4038 1333 4092 qua:
1365 4022 1431 4077 ad
1462 4022 1664 4079 dicttun
1693 4025 1975 4096 episcopa-

388 4131 505 4173 tum
536 4116 827 4187 pertinent,
877 4123 984 4169 tam
1014 4116 1081 4168 de
1123 4114 1414 4169 donatione
1444 4116 1605 4185 regis,
1635 4132 1793 4186 quam
1832 4118 1975 4188 regi-

388 4224 604 4274 narum,
635 4223 732 4262 seu
760 4205 1088 4274 reliquorum
1121 4206 1285 4260 Demn
1330 4208 1632 4261 timentium
1673 4209 1973 4277 hominum,

388 4302 536 4357 unde
560 4301 820 4355 muderuo
853 4312 1091 4368 tempore
1122 4301 1232 4367 ipsa
1267 4314 1390 4353 casa
1426 4301 1517 4354 Dei
1544 4300 1690 4369 juste
1723 4284 1971 4355 ittveslila

386 4404 494 4455 est,
538 4390 796 4459 autquod
843 4390 1025 4443 divina
1057 4390 1224 4458 pietas
1265 4389 1333 4441 ibi
1365 4391 1692 4456 amplilieare
1722 4392 1969 4458 voluerit,

386 4483 567 4536 nullus
587 4481 749 4551 judex
804 4481 1046 4549 publicus
1073 4481 1138 4533 ad
1170 4495 1358 4534 causis
1388 4481 1735 4550 audiendum,
1769 4484 1850 4537 vel
1883 4482 1967 4539 fo-
2003 4480 2051 4539 D

386 4576 485 4628 dra
509 4576 744 4643 undique
769 4573 1089 4642 exigendum
1120 4590 1133 4635 ;
1165 4588 1259 4626 seu
1285 4575 1615 4643 mansiones,
1646 4586 1738 4630 aut
1762 4588 1976 4646 paratas

384 4665 714 4728 faciendum,
763 4681 861 4719 nec
895 4664 1268 4732 lidejztssiones
1302 4665 1619 4731 tollendum,
1655 4683 1830 4737 neque
1875 4669 1973 4724 ho-

387 4760 621 4812 minibus
652 4757 821 4825 ipsius
847 4758 1191 4824 episcopatus
1218 4758 1672 4827 distringendum,
1706 4774 1806 4814 nec
1837 4762 1974 4817 ullas

386 4852 773 4906 redhibitiones
820 4851 1060 4916 publicas
1101 4850 1505 4918 requirendum,
1543 4851 1830 4925 judiciaria
1879 4868 1973 4924 po-

387 4954 551 4997 testas
578 4944 773 4996 ibidem
804 4957 1074 5010 qnoquam
1110 4951 1353 5010 teinpore
1404 4943 1655 5013 ingredi,‘
1685 4942 1766 4997 vel
1807 4959 1969 4998 exac-

385 5049 501 5091 tare
531 5028 741 5104 penitus
787 5052 894 5090 non
936 5045 1242 5103 praesumat.
1282 5036 1570 5105 Propterea
1605 5038 1740 5091 hanc
1770 5038 1965 5091 immu-

386 5131 608 5181 nitatem
645 5126 986 5181 conscribere
1012 5125 1301 5194 iussimus,
1335 5143 1429 5195 per
1458 5144 1616 5196 quam
1663 5128 1968 5192 Specialiter

380 5222 723 5275 decernimus
776 5218 1153 5281 ordinandum,
1201 5227 1258 5270 ut
1300 5219 1477 5271 nullus
1508 5219 1731 5289 quilibet
1760 5218 1826 5270 de
1868 5232 1963 5270 vo-

322 5302 333 5311 ’
380 5315 484 5373 bis.
518 5325 690 5379 neque
717 5312 785 5364 de
811 5310 1117 5377 junioribus
1147 5312 1343 5363 vestris
1374 5312 1590 5376 amotio,
1622 5320 1674 5363 ct
1701 5309 1961 5376 deinceps

380 5422 432 5458 u.
462 5404 495 5456 ιι
526 5403 701 5456 ximus
750 5401 802 5454 in
853 5402 1196 5464 monasteria,
1236 5400 1318 5453 vel
1358 5400 1713 5465 xenodochia,
1747 5414 1841 5453 seu
1874 5415 1964 5454 ec-

450 5576 475 5600 ι
509 5561 856 5614 Geminianus
907 5560 1006 5612 hoc
1052 5558 1264 5611 nomine
1294 5556 1358 5624 ll,
1406 5553 1720 5610 Mutinensis
1753 5554 1963 5622 episco-

376 5648 475 5701 pus
523 5634 748 5685 allectus
790 5640 875 5684 est
913 5645 1053 5683 anno
1103 5629 1242 5691 785;
1291 5628 1524 5701 inertius
1556 5626 1776 5701 gratiam
1810 5625 1961 5679 Desi-

376 5696 559 5759 deriiis
601 5720 690 5757 rex
727 5701 1194 5768 Lougobardorum
1227 5699 1402 5752 omnia
1437 5696 1710 5768 privilegia
1758 5710 1958 5765 praece-

375 5778 615 5829 dentium
644 5766 1002 5843 Rtvgmn'erga
1037 5772 1381 5827 Mutinensem
1412 5766 1690 5825 ecclesiam
1722 5778 1834 5823 rata
1860 5768 1950 5824 ha.

2118 473 2183 525 ad
2217 472 2393 541 ipsum
2426 473 2819 542 episc0patum,
2853 484 2908 529 ut
2934 474 3193 543 diximus,
3241 479 3311 534 de
3352 479 3559 540 datione
3604 504 3677 545 re-

2118 579 2266 631 gum,
2303 574 2393 616 aut
2434 564 2761 632 reginarum,
2794 579 2888 619 seu
2919 566 3253 636 reliquorum
3286 566 3463 625 Deum
3504 575 3673 632 timen-

2120 654 2250 708 tium
2281 656 2572 721 aspiciunt,
2607 657 2788 711 nullus
2812 655 2979 726 judcx
3014 660 3261 724 publicus
3292 663 3361 717 ad
3392 678 3572 722 causas
3596 685 3678 726 au-

2113 745 2385 811 diendum,
2419 748 2501 803 vel
2532 745 2681 801 lodra
2712 748 2945 817 undique
2972 749 3317 818 exigendum,
3356 769 3449 809 seu
3473 761 3677 816 mansio-

2112 851 2227 901 nes,
2255 847 2345 890 aut
2376 848 2590 907 paratas
2621 837 2947 908 faciendum,
2981 857 3081 897 nec
3109 834 3486 913 fideiussi’ones
3506 851 3675 907 tollen-

2112 931 2262 996 dum,
2296 947 2394 986 nec
2425 932 2559 987 ullas
2590 920 2980 990 redl'ii'bitioues
3015 935 3257 1005 publicas
3294 941 3671 1010 requirendum,

2112 1023 2197 1077 vel
2246 1024 2605 1077 exaclandum
2634 1023 2922 1093 judiciaria
2953 1036 3192 1095 potestas
3220 1013 3417 1085 ibidem
3439 1046 3675 1103 quoquam

2110 1122 2352 1182 tempore
2386 1114 2595 1178 ingredi
2629 1116 2712 1169 vel
2741 1126 2992 1171 exactare
3012 1117 3226 1186 penitus
3254 1133 3363 1173 non
3395 1135 3673 1189 prasumat,

2106 1203 2201 1258 sed
2247 1204 2349 1259 sub
2382 1204 2744 1259 immunitatis
2777 1206 2993 1261 nomine
3021 1221 3143 1261 cum
3174 1208 3323 1262 enini
3370 1207 3528 1264 irmda
3566 1226 3674 1267 eou-

2104 1310 2255 1351 cessa
2299 1298 2516 1352 valeant
2546 1299 2692 1351 omni
2727 1308 2967 1367 tempore
2996 1313 3238 1356 rectores
3287 1304 3457 1371 ipsius
3485 1309 3672 1373 episco-

2104 1397 2278 1454 patus,
2315 1387 2669 1456 hominesque
2693 1403 2879 1443 eorum
2901 1391 3082 1457 quiete
3112 1392 3317 1462 vivere,
3362 1403 3419 1448 et
3446 1397 3673 1453 residere.

2103 1478 2169 1533 Et
2201 1486 2257 1532 ut
2305 1480 2420 1535 hac
2450 1482 2742 1536 auctoritas
2771 1481 2975 1538 lirmior
3024 1483 3309 1554 habeatur,
3358 1488 3443 1543 vel
3490 1489 3674 1545 diutur-

2101 1571 2183 1625 nis
2230 1573 2562 1640 temporibus
2613 1584 2989 1644 cognoscatur,
3038 1592 3232 1632 manus
3285 1579 3512 1649 propria:
3571 1584 3672 1637 sub-

2097 1662 2390 1729 scriptione
2418 1677 2537 1717 eam
2569 1662 2911 1721 decernimus
2933 1667 3197 1726 rohomri.
3664 1677 3668 1680 ’

2025 1746 2075 1807 Β
2174 1752 2396 1824 Signum
2436 1755 2612 1810 Caroli
2646 1756 3021 1825 gloriosissimi
3052 1760 3215 1830 regis.

2175 1843 2237 1897 V.
2286 1843 2576 1913 Vigbaldus
2621 1847 2687 1901 ad
2721 1847 2889 1902 vicem
2922 1848 3132 1904 ltadoui
3167 1854 3476 1923 recognovi.
3654 1915 3660 1927 ,

2175 1936 2306 1991 Data
2338 1938 2506 1995 Sexto
2531 1938 2760 1996 Kalend.
2789 1941 3059 2010 Octobris,
3081 1957 3225 1999 anno
3256 1961 3347 2000 κιν
3379 1955 3432 2002 et
3455 1963 3505 2001 ιι
3536 1946 3661 2020 regni

2098 2030 2290 2084 nostri.

2867 2123 2936 2180 X.

2096 2207 2342 2283 Diploma
2372 2214 2546 2269 Caroli
2577 2213 2757 2287 Magni
2785 2233 2877 2287 pro
2907 2221 3217 2273 monasterio
3243 2222 3410 2276 sancti
3445 2220 3669 2279 Vincentii

2527 2289 2593 2340 de
2627 2285 2884 2341 Vulturno
2916 2291 3077 2359 (anno
3102 2288 3257 2362 787).

2248 2395 2343 2457 (Ex
2372 2395 2658 2461 Duchesne,
2686 2399 2969 2459 Scriptores
2993 2398 3339 2453 Francirarum
3360 2408 3560 2466 rerum.)

2162 2501 2388 2558 Carolus
2418 2518 2511 2557 rex
2542 2502 2873 2560 Francorum
2900 2514 2959 2561 et
2988 2505 3482 2576 Longobardorum,
3509 2523 3566 2564 ac
3590 2524 3663 2579 pa-

2090 2592 2277 2647 tricius
2301 2592 2693 2650 Romanorum.
2719 2595 2847 2650 Viro
2873 2596 3166 2652 venerabili
3194 2599 3364 2655 Paulo
3388 2600 3559 2655 abbati
3584 2614 3663 2659 seu

2089 2684 2370 2736 monachis
2400 2686 2711 2760 monasterii
2755 2686 2930 2742 sancti
2963 2684 3239 2743 Vincentis
3268 2688 3361 2743 siti
3393 2689 3445 2743 iu
3474 2690 3663 2745 territo.

2089 2774 2172 2830 rio
2205 2775 2586 2833 Beneventano
2617 2778 2860 2847 partibus
2889 2777 3222 2835 Samnite...
3258 2780 3324 2833 Et
3349 2781 3468 2850 quia
3498 2780 3661 2835 detulit

2039 2924 2047 2932 ,
2090 2866 2247 2921 nobis
2276 2879 2603 2935 prmeeptmu
2637 2868 2899 2924 Desidrrii
2931 2870 3095 2940 regis.
3120 2870 3354 2939 qualiter
3380 2871 3497 2925 villa
3522 2872 3650 2925 Trita

2091 2961 2195 3014 sita
2224 2960 2277 3014 iu
2309 2959 2503 3014 finibus
2527 2960 2789 3015 Balneuse
2811 2963 2874 3014 ad
2906 2960 3080 3031 ipsum
3109 2971 3354 3018 sanctum
3383 2964 3653 3019 etettobium

2092 3065 2189 3119 pro
2222 3051 2458 3107 utilitate
2486 3051 2871 3106 monachorum
2899 3051 3279 3107 condonasset.
3311 3051 3479 3119 Unde,
3507 3062 3558 3108 et
3581 3069 3656 3108 nos

1593 3120 1656 3158 ac
1699 3120 1974 3160 servorum

2101 3157 2248 3212 super
2282 3143 2423 3198 idem
2459 3155 2785 3212 prmceptum
2823 3156 3022 3199 nostra:
3051 3145 3479 3201 confirmationis
3504 3147 3656 3203 edidi-

2084 3249 2225 3289 mus.
2259 3232 2366 3297 Sed
2397 3235 2522 3287 dum
2557 3245 2741 3303 postea
2773 3236 2983 3305 aliquas
3008 3236 3387 3292 altercationes
3417 3240 3553 3292 inter
3580 3254 3656 3293 vos

2082 3335 2139 3378 et
2169 3326 2315 3393 ipsos
2344 3328 2610 3392 homines,
2655 3327 2743 3396 qui
2777 3342 2837 3382 se
2876 3342 2973 3398 per
2999 3338 3174 3382 cartas
3201 3329 3400 3383 ducum
3430 3331 3655 3385 dicebant

2082 3431 2205 3472 esse
2234 3417 2454 3485 liberos,
2491 3420 2896 3491 consurrexisse
2927 3406 3268 3477 manifestum
3297 3432 3402 3477 est.
3440 3422 3538 3476 Pro
3561 3423 3654 3490 qui-

2087 3512 2184 3566 bus
2227 3528 2324 3566 nos
2364 3516 2559 3568 missos
2601 3524 2812 3569 nostros
2849 3514 3089 3572 Ristnum
3120 3527 3173 3572 et
3210 3517 3540 3586 Agilbertum
3576 3519 3654 3573 ibi-

2084 3603 2210 3658 dem
2258 3598 2489 3659 dire‘ctos
2538 3606 2840 3673 habuimus,
2885 3623 2978 3673 per
3016 3623 3151 3677 quos
3198 3624 3414 3664 onmem
3457 3626 3646 3666 causam

2080 3694 2335 3765 liquidius
2377 3698 2730 3766 inquirentes,
2772 3714 3003 3753 omnem.
3032 3701 3309 3755 veritatem
3347 3702 3538 3758 exinde
3569 3717 3644 3756 co-

2064 3792 2387 3858 gnovimus.
2418 3794 2706 3859 Propterea
2733 3806 2826 3858 pro
2852 3793 3114 3849 mercedis
3142 3804 3342 3849 nostra:
3367 3804 3645 3864 augmento,

2080 3897 2180 3936 nos
2208 3884 2273 3937 ad
2315 3886 2483 3951 ipsam
2514 3899 2729 3939 causam
2761 3885 2930 3939 sancti
2964 3885 3223 3941 Vincentii
3256 3889 3510 3959 martyris
3535 3904 3645 3958 pra--

2079 3971 2219 4028 fatos
2274 3974 2522 4029 homines
2573 3975 2642 4029 de
2689 3987 2980 4030 memorata
3025 3976 3148 4029 villa
3188 3976 3378 4043 Triae,
3424 3977 3646 4032 sicutab

2077 4069 2299 4138 antiquo
2330 4076 2571 4136 tempore
2598 4067 2811 4122 illorum
2843 4068 2995 4137 origo
3026 4068 3091 4121 ad
3126 4069 3404 4123 servitium
3446 4069 3644 4124 redden-

2078 4160 2206 4216 dum
2238 4160 2405 4216 debiti
2438 4159 2671 4229 fuerunt,
2703 4160 2771 4213 ita
2801 4170 2853 4214 et
2884 4160 3139 4229 deinceps
3166 4171 3367 4216 remota
3398 4161 3466 4219 de
3495 4163 3643 4216 mrdio

2077 4255 2224 4308 omni
2276 4254 2542 4317 libertate,
2594 4254 2885 4323 legitimum
2936 4255 3207 4308 servitium
3255 4265 3311 4309 et
3352 4253 3635 4324 obsequium

2077 4345 2459 4415 perpetualiter
2495 4345 2642 4399 omni
2682 4352 2925 4413 tempore
2969 4360 3378 4414 permansurum
3420 4347 3637 4402 donatio-

2078 4440 2162 4493 nis
2189 4432 2534 4506 prreceptum,
2569 4448 2627 4491 ut
2660 4437 2938 4507 perﬁciant
2964 4437 3233 4507 iubemus.

2082 4570 2328 4641 Diploma
2353 4573 2571 4625 alterum
2592 4587 2691 4638 quo
2714 4571 2775 4623 de
2803 4570 3087 4624 ordinando
3110 4572 3291 4624 abbate
3317 4574 3425 4628 sine
3448 4571 3636 4643 qualibet

2149 4647 2496 4712 cuiuscunque
2535 4643 2783 4701 ittolestia.
2832 4652 2877 4693 et
2918 4643 3012 4695 sibi
3055 4644 3308 4713 subjectos
3340 4646 3492 4699 cellas
3517 4643 3634 4697 ordi-

2149 4715 2344 4777 nandi,
2374 4714 2647 4786 jndicnndi
2686 4713 3093 4786 ct‘disponeudt,
3128 4716 3503 4782 perpetuoliter.
3533 4715 3633 4768 libr-

2147 4802 2258 4837 rtmt
2305 4784 2678 4838 concessionem
2732 4784 2945 4853 largitur
2994 4792 3064 4837 cst
3112 4786 3244 4837 idem
3292 4786 3554 4855 imperator
3588 4791 3626 4837 et

2147 4871 2238 4907 rem
2268 4855 2482 4909 Carolus
2516 4856 2811 4919 huiusmodi
2852 4858 3056 4923 prtrfati
3084 4858 3375 4911 monasterii
3404 4855 3631 4912 monachis

2143 4929 2308 4979 sancti
2348 4925 2597 4978 Vincentit‘
2623 4928 2785 4978 leviter
2806 4936 2852 4977 et
2876 4928 3139 4994 martyris.

2147 5039 2371 5093 Carolus
2411 5030 2576 5106 gis-tia
2614 5037 2708 5092 Dei
2749 5053 2843 5092 rex
2877 5038 3235 5104 Francorum,
3268 5050 3323 5096 et
3354 5039 3626 5111 Langobar-

2072 5130 2286 5193 dorum,
2310 5144 2371 5184 ac
2400 5129 2654 5198 patricius
2679 5127 3063 5183 ltoruanorum.
3094 5120 3352 5186 Omnibus
3370 5130 3624 5199 episcopis,

2071 5220 2375 5284 abbatibus,
2405 5219 2653 5284 ducibus,
2681 5218 2990 5284 comitibus,
3021 5217 3317 5287 tjudit-ibus,
3350 5218 3621 5283 castaldeis,

2068 5312 2411 5377 autiouariis,
2447 5311 2691 5374 vicariis,
2723 5310 3071 5375 centenariis,
3110 5314 3189 5364 vel
3234 5313 3455 5381 reliquis
3480 5312 3621 5367 ﬁdeli-

2067 5406 2165 5460 bus
2208 5404 2424 5470 nosuis,
2468 5401 2815 5473 praesentibus
2846 5402 3051 5456 scilicet
3080 5418 3142 5457 ac
3173 5400 3385 5457 futuris.
3426 5402 3619 5458 Maxime

2065 5558 2200 5613 buit.
2239 5556 2409 5623 Quem
2433 5570 2557 5610 cum
2604 5563 2787 5624 postea
2814 5552 3037 5624 Carolus
3066 5553 3280 5624 Magnus
3312 5555 3614 5617 debellasset,

2064 5631 2339 5696 victorque
2366 5626 2572 5680 diversa
2597 5624 2875 5695 privilegis
2899 5623 3130 5679 diversis
3150 5623 3452 5682 indulsisset
3473 5625 3617 5683 cccle-

2062 5703 2174 5767 siis,
2216 5699 2315 5755 hoc
2342 5712 2569 5769 sequens
2592 5699 2751 5753 etiam
2777 5696 3092 5753 chuniauo
3121 5697 3408 5756 concessit.
