3856 6220
129 307 256 363 illi?

462 302 691 361 conex
737 296 1262 359 DlPLOMA'l‘lCUS.
1304 328 1374 342 —
1405 261 1719 354 ’ῐιιιιιῖιιει

1871 323 1945 341 -ι
1974 297 2229 356 Ριιινιιι.
2273 297 2406 354 PER
2447 298 2727 358 PARTES
2769 299 3049 357 ITALIE.

3217 279 3220 282 ’
3279 305 3415 365 tots

126 418 263 491 regni
292 418 457 473 nostri
489 417 542 472 in
574 417 673 471 hoc
704 416 887 484 augeri
911 387 1182 471 credimus
1210 416 1625 479 munimentum,
1650 411 1698 469 si
1730 415 1774 470 Α
1803 414 1907 481 que
1947 411 2049 483 ipsi
2094 402 2287 469 fratres
2326 387 2422 483 qui.
2459 413 2657 469 ibidem
2701 413 2814 471 Deo
2863 413 3114 471 famulari
3144 416 3415 485 videntur,

126 510 460 584 petitionibus
489 510 826 566 sacerdotum
856 520 1016 571 atque
1041 522 1318 563 servorum
1355 507 1485 571 Dei,
1516 507 1570 560 in
1599 520 1705 575 quo

128 599 312 655 nostris
359 599 583 654 auribus
632 598 829 653 iuerint
874 599 1117 666 prolatae,
1162 597 1346 652 libenti
1387 598 1567 650 animo
1604 594 1703 671 ob.

127 705 505 761 temperamus,
534 701 696 761 atque
724 691 788 744 ad
816 690 1064 745 elfectum
1098 688 1437 757 perducimus
1457 728 1471 751 ,
1494 686 1706 754 regiam

126 782 557 839 consuetudinem
589 795 926 847 exercemus,
957 790 1011 836 et
1039 781 1138 855 hoc
1167 780 1322 835 nobis
1346 778 1411 833 ad
1442 778 1709 834 mercedis

130 887 499 945 augmentum,
530 876 613 931 vel
644 875 990 931 stabilitatem
1021 877 1167 946 regni
1199 877 1367 931 nostri
1400 877 1451 930 in
1494 875 1585 931 Dei
1621 891 1711 928 no-

126 973 258 1024 mine
278 968 546 1036 pertinere
568 968 908 1024 conﬁdimus.
937 968 1273 1038 Quapropter
1303 969 1511 1023 noverit.
1538 969 1709 1023 soler-

128 1064 190 1115 tia
220 1069 427 1139 vestra,‘
457 1061 688 1131 qualiter
727 1075 826 1115 nos
865 1061 930 1113 ad
975 1062 1287 1129 petitionem
1330 1060 1568 1129 religiosi
1608 1060 1707 1115 viri

127 1153 262 1208 Pauli
305 1142 514 1207 abbatis
556 1168 620 1208 ex
668 1156 1000 1210 monasterio
1042 1156 1213 1209 sancti
1259 1156 1521 1209 Vincentii
1570 1172 1710 1207 niar-
1754 1172 1755 1175 η

125 1246 265 1314 tyris,
309 1243 452 1314 quod
498 1254 582 1299 est
627 1254 998 1301 constructum
1053 1247 1105 1300 in
1156 1249 1329 1303 locum
1381 1249 1469 1316 qui
1516 1249 1712 1301 tlicilttr

126 1334 316 1391 Samnii
361 1350 524 1404 super
573 1337 792 1392 ﬂuvium
840 1336 1184 1402 Vulturnum,
1237 1342 1342 1395 tale
1390 1340 1708 1394 beneﬁcium

127 1426 256 1480 circa
289 1425 459 1493 ipsum
492 1429 873 1483 monasterium
902 1430 1003 1483 visi
1039 1428 1235 1484 ioitnus
1264 1433 1622 1497 concessisse,
1656 1444 1713 1487 ut

130 1517 177 1569 in
202 1517 541 1571 monasteriis
573 1518 809 1587 legitime
836 1519 939 1575 sibi
971 1519 1259 1590 subjectis.
1291 1537 1517 1590 quorum
1550 1539 1712 1577 Voca-

130 1608 240 1662 bula
272 1619 395 1663 sunt
426 1627 437 1664 :
470 1612 858 1666 monasterium
888 1612 1059 1668 sancti
1102 1613 1242 1668 Petri
1278 1616 1540 1681 apostoli,
1572 1618 1712 1682 quod

130 1696 389 1753 futidatmn
438 1709 524 1754 est
573 1715 741 1767 prope
789 1717 973 1756 muros
1020 1703 1251 1756 civitatis
1296 1714 1494 1758 nostra:
1545 1705 1715 1760 liene-

131 1800 278 1843 vcnto
310 1807 324 1845 :
356 1800 410 1845 et
450 1793 836 1847 monasterium
876 1802 1076 1848 saneta:
1118 1794 1336 1861 alariae,
1371 1797 1509 1863 quod
1550 1799 1710 1851 situm
1747 1777 1790 1837 Β

128 1896 199 1939 est
226 1886 276 1938 in
308 1884 500 1950 ﬁnibus
524 1883 740 1953 Spoliti,
772 1884 824 1940 in
857 1885 973 1940 loco
998 1886 1085 1955 qui
1115 1886 1314 1942 dicitur
1344 1888 1715 1953 Apinianicae:
1763 1906 1783 1917 ί

129 1976 333 2045 insuper
360 1986 414 2032 ct
441 1988 635 2032 caetera
670 1978 1018 2042 monasteria,
1046 1978 1126 2033 vel
1155 1979 1341 2043 cellas,
1371 1981 1484 2036 sive
1512 1992 1716 2048 curtes,

130 2068 205 2123 vel
244 2068 473 2138 reliquas
515 2072 906 2139 possessiones,
945 2085 1065 2140 qua:
1109 2084 1170 2124 es
1221 2071 1467 2143 largitate
1508 2088 1715 2140 regum,

132 2161 449 2227 reginarum,
481 2160 599 2215 sive
629 2160 860 2226 ducum,
892 2159 978 2216 vel
1008 2161 1269 2215 bonorum
1302 2163 1575 2217 hominum
1595 2204 1610 2227 ,
1644 2162 1718 2219 ibi

132 2259 243 2304 sunt
268 2236 407 2304 datze
429 2291 446 2317 ,
486 2251 570 2305 vel
601 2251 896 2321 delegatte,
938 2265 1033 2305 seu
1065 2252 1243 2306 etiam
1264 2264 1578 2319 excusatos,
1620 2270 1717 2309 seu

132 2341 369 2408 uliettos,
414 2344 504 2413 qui
551 2344 604 2399 in
653 2343 889 2415 praelatis
934 2345 1277 2400 monasteriis
1324 2332 1564 2417 legitime
1606 2347 1717 2418 jam

134 2434 346 2504 subjecti
374 2446 533 2506 sunt,
563 2426 644 2494 vel
684 2440 771 2505 qui
801 2437 994 2494 devote
1021 2439 1214 2494 oﬁ‘erre
1243 2453 1302 2494 se
1332 2455 1453 2494 cum
1485 2442 1596 2496 suis
1630 2458 1718 2497 re-

136 2530 223 2584 bus
246 2529 529 2597 voluerint,
553 2531 699 2601 juste
721 2540 776 2585 et
801 2533 1186 2587 rationabiliter
1218 2533 1486 2588 licentiam
1520 2535 1720 2591 habere

136 2623 369 2679 debeant.
405 2624 622 2678 Necnon
664 2635 719 2679 et
757 2624 1129 2695 undecumque
1161 2625 1271 2693 ipsa
1306 2639 1430 2679 casa
1473 2625 1565 2680 Dei
1597 2644 1717 2680 tuo-

137 2716 291 2771 derno
336 2728 577 2788 tempore
618 2719 764 2787 justo
809 2717 1021 2774 tramite
1062 2721 1253 2772 ve-tita
1295 2731 1417 2775 esse
1460 2721 1718 2785 cernitur,

138 2809 209 2865 vel
237 2814 372 2880 quod
406 2811 617 2866 inantea
658 2828 686 2864 a
722 2811 887 2865 Deum
925 2800 1237 2866 timentibus
1277 2812 1582 2867 hominibus
1622 2813 1721 2867 ibi-

139 2902 245 2974 dem
275 2902 474 2971 legibus
502 2903 765 2969 additum,
791 2904 874 2958 vel
905 2904 1211 2975 delegatum
1248 2905 1429 2973 fuerit,
1451 2916 1509 2959 ut
1541 2906 1720 2961 nullus

138 2993 282 3062 jndex
320 2982 562 3063 publicus
590 2996 656 3049 ad
691 3010 880 3051 causas
906 2996 1250 3061 audiendum,
1284 2998 1366 3052 vel
1400 2998 1530 3051 freta
1563 2999 1721 3054 undi-

140 3102 229 3153 que
256 3087 608 3158 exigendum,
648 3104 745 3144 seu
785 3089 1091 3144 mansiones
1127 3098 1221 3142 aut
1261 3098 1473 3155 paratas
1514 3088 1717 3143 facien-

141 3183 273 3245 dum,
303 3183 387 3237 vel
431 3182 774 3252 lidejussores
801 3182 1118 3246 tollendum,
1156 3184 1242 3235 aut
1283 3182 1528 3238 homines
1558 3184 1722 3252 ipsius

143 3277 430 3331 monasterii
463 3277 859 3348 stringendmn,
893 3291 990 3331 nec
1025 3277 1159 3329 ullas
1187 3276 1521 3330 redditiones
1552 3279 1725 3347 publi—

142 3384 221 3423 cas
262 3349 819 3443 requirendutn,’ullo
870 3385 1101 3439 unquam
1154 3380 1396 3436 tempore
1442 3369 1725 3438 ingredere

146 3475 302 3530 neque
350 3476 673 3516 exactorare
724 3463 936 3530 penitus
995 3476 1371 3530 pr:nsnma:ur.
1431 3460 1724 3531 Propterea

144 3553 264 3606 hanc
300 3554 646 3608 emunitatem
688 3553 928 3610 scribere
961 3553 1245 3623 iussimus,
1281 3569 1376 3623 per
1404 3570 1563 3624 quam
1594 3569 1723 3622 spe-

143 3647 331 3702 cialiter
358 3647 698 3703 decernimus
739 3649 1093 3703 ordinandum
1114 3689 1134 3723 ,
1171 3664 1227 3703 ut
1257 3650 1436 3703 nullus
1467 3650 1727 3719 quislibet

146 3737 203 3791 de
225 3739 389 3803 vobis,
413 3749 507 3792 aut
531 3755 558 3791 τι
583 3737 863 3809 jndiciaria
896 3743 1180 3809 potestate,
1211 3728 1291 3793 vel
1321 3740 1571 3810 qna-libet
1605 3756 1729 3810 per-

146 3843 279 3894 sona,
312 3847 339 3885 a
388 3832 549 3885 modo
579 3843 631 3885 et
665 3833 922 3900 deinceps
953 3834 1006 3888 in
1040 3833 1399 3897 monasteriis,
1434 3833 1514 3886 vel
1547 3834 1722 3899 cellis,

147 3937 228 3974 seu
270 3923 529 3985 eurtibus,
576 3940 784 3979 necnon
834 3924 1068 3995 reliquas
1119 3926 1490 3993 possessiones
1536 3938 1726 3992 snper-

149 4016 372 4084 scripbis,
410 4018 523 4072 sive
563 4017 922 4087 undecunque
960 4017 1073 4088 ipsa
1106 4032 1230 4071 casa
1275 4016 1367 4073 Dei
1410 4032 1551 4072 nunc
1592 4027 1725 4071 tem-

151 4122 263 4174 pore
303 4107 446 4179 justo
498 4113 710 4166 tramite
764 4112 954 4165 vestita
1002 4126 1126 4166 esse
1174 4112 1537 4180 dignoscitur,
1588 4109 1724 4165 infra

152 4215 350 4269 regnum
382 4202 598 4259 Christo
639 4206 868 4275 prepitio
907 4219 1173 4270 nostrum,
1214 4220 1376 4260 nemo
1419 4205 1617 4259 ibidem
1657 4205 1725 4260 ad

150 4306 319 4364 causas
348 4294 670 4349 audiendum
701 4306 757 4349 ut
783 4296 1037 4359 diximus,
1066 4295 1148 4350 vel
1181 4296 1315 4352 freta
1348 4296 1579 4365 undique
1611 4297 1728 4352 esi-

152 4384 358 4451 geudum
380 4428 395 4452 ,
437 4402 531 4442 seu
570 4389 877 4443 mansiones
907 4400 997 4443 aut
1026 4400 1236 4459 paratas
1267 4388 1568 4443 faciendum
1589 4427 1605 4454 ,
1640 4389 1726 4443 vel

1806 506 1986 573 quiete
2018 504 2336 575 regulariter
2366 505 2573 573 vivere,
2616 521 2681 562 ac
2723 504 2967 562 residere
2998 523 3012 561 :
3044 516 3311 578 quatenus
3337 510 3417 564 eis

1808 595 1999 650 melius
2028 595 2264 651 delectet
2293 610 2393 666 pro
2425 597 2582 652 nobis
2613 598 2980 665 uxoribusque
3007 598 3234 666 nostris,
3265 613 3329 654 ac
3358 599 3418 653 li-

1810 685 1973 745 beris.
2017 688 2100 741 vel
2140 701 2337 743 cuncto
2381 690 2579 757 popqu
2624 697 2811 744 nostro
2853 688 3281 745 misericordiam
3323 691 3417 746 Dei

1808 779 2060 831 attentius
2089 793 2335 833 exorare.
2388 780 2455 834 Et
2488 788 2549 834 ut
2583 782 2697 835 haec
2732 780 3027 835 auctoritas
3072 778 3277 836 ﬁrmior
3315 780 3419 835 Ita-

1812 870 2023 933 beatnr,
2046 886 2109 925 ac
2139 872 2345 925 diurnis
2374 873 2708 942 temporibus
2738 874 2995 926 inviolata
3032 872 3139 927 Deo
3168 871 3418 942 adjutore

1811 973 2183 1025 Const-rvetur,
2218 979 2376 1015 niann
2411 961 2623 1030 propria
2652 962 2836 1017 subter
2867 976 2985 1017 eam
3029 961 3292 1017 roborare
3317 962 3415 1016 de-

1810 1052 2096 1115 crevimus.
2121 1064 2172 1108 et
2194 1056 2391 1107 annulo
2416 1066 2600 1110 nostro
2623 1056 2859 1124 sigillare
2878 1054 3160 1124 jussimus.
3188 1054 3423 1126 Signum

1810 1143 1985 1197 Caroli
2032 1146 2406 1211 gloriosissimi
2449 1150 2609 1216 regis.
2658 1147 2880 1216 Signum
2928 1145 3092 1201 Jacob
3132 1146 3198 1200 ad
3244 1148 3417 1201 vicem

1815 1238 2071 1294 lladonis.
2106 1240 2233 1294 Data
2265 1257 2315 1294 Ix
2352 1241 2468 1296 Kal.
2514 1243 2709 1309 Aprilis
2739 1260 2881 1299 anno
2910 1245 3120 1299 decimo
3161 1260 3324 1312 nono,
3364 1253 3421 1299 et

1813 1329 2023 1383 decium
2053 1342 2245 1401 quarto
2276 1336 2423 1402 regni
2471 1337 2659 1389 nostri.
2711 1340 2901 1390 Actum
2949 1335 3145 1407 Capua:
3188 1336 3420 1393 civitatis

1814 1431 2032 1487 nostra),
2063 1422 2115 1475 in
2149 1423 2241 1477 Dei
2273 1425 2494 1479 nomine
2525 1426 2746 1482 feliciter
2773 1442 2950 1482 atnen.

2575 1538 2664 1593 XI.

1890 1648 2137 1717 Diploma
2170 1652 2343 1708 Caroli
2376 1652 2581 1796 Μιὶᾱιιὶ,
2618 1628 2968 1781 ρῙὲ-ῗεειεεὶιι
3009 1657 3352 1717 Beneventina

2476 1744 2612 1781 anno
2649 1748 2664 1779 Α
2713 1746 2746 1780 ο)
2774 1768 2790 1783 ο

2476 1744 2612 1781 anno
2649 1744 2790 1783 ιδθι.

2256 1855 2349 1919 (Ex
2378 1857 2625 1921 Ugbellio.
2650 1859 2785 1909 italia
2809 1861 2999 1926 Sacra.)

1890 1977 2117 2036 Carolus
2160 1981 2255 2039 Dei
2295 1985 2463 2053 gratia
2509 2000 2604 2040 rex
2638 1986 2966 2041 Francorum
2998 1998 3054 2044 et
3107 1988 3421 2062 Longobar—

1821 2071 2036 2139 dorum,
2067 2090 2129 2129 ac
2157 2076 2412 2145 patricius
2440 2075 2829 2133 Romanorum.
2852 2079 3116 2135 Omnibus
3147 2085 3427 2153 agentibus

1821 2167 2041 2233 nostris,
2088 2179 2197 2222 tam,
2238 2171 2591 2238 prteseutihus
2619 2188 2778 2238 quam
2813 2174 3025 2239 futuris,
3069 2174 3300 2232 Domino
3336 2177 3428 2249 ju-

1821 2266 2001 2321 Vultlt',
2033 2258 2125 2327 qui
2172 2250 2271 2315 nos
2311 2260 2363 2314 in
2406 2261 2601 2316 solium
2650 2265 2798 2334 regni
2847 2268 3014 2321 nostri
3068 2267 3324 2324 instituit.
3367 2269 3425 2325 Si

1822 2348 2172 2417 petitionibus
2219 2352 2585 2420 sacerdotum,
2628 2365 2790 2423 atque
2827 2371 3105 2413 servorum
3150 2359 3241 2415 Dei
3284 2361 3426 2428 quod

1824 2456 1920 2509 pro
1968 2458 2153 2497 eorum
2200 2446 2403 2513 quiete,
2455 2438 2540 2501 vel
2583 2448 2883 2518 jnvamine,
2915 2454 3145 2522 pertinet
3193 2452 3431 2510 libenter

1820 2531 2160 2597 obauditnus,
2207 2535 2289 2588 vel
2328 2535 2394 2589 ad
2423 2535 2673 2592 ell’ectum
2707 2540 2758 2594 in
2791 2540 2880 2596 Dei
2914 2543 3130 2598 nomine
3158 2546 3431 2614 mancipa-

1826 2636 1964 2685 mus,
2001 2625 2206 2692 regiam
2237 2628 2683 2684 consuetudinem
2715 2646 3053 2703 exercemus,
3089 2643 3143 2689 et
3181 2618 3298 2691 haec
3329 2649 3429 2691 no-

1823 2711 1904 2766 bis
1936 2714 2002 2767 ad
2036 2717 2303 2770 mercedis
2332 2723 2865 2786 augumentum,_vel
2895 2723 3243 2780 stabiiitatem
3278 2725 3431 2796 regni

1823 2809 1992 2863 nostri
2035 2809 2089 2889 in
2119 2810 2211 2864 Dei
2246 2811 2465 2868 nomine
2506 2815 2779 2882 pertinere
2803 2815 3163 2883 conﬁdimus;
3204 2819 3433 2888 ideoque

1827 2900 1909 2953 vir
1941 2901 2263 2956 venerabilis
2302 2902 2465 2958 David
2496 2908 2786 2975 episcopus
2820 2909 3065 2964 ecclesia:
3102 2920 3303 2967 sancta:
3338 2910 3433 2967 Dei

1823 2994 2099 3063 genitricis
2125 3010 2451 3067 semperque
2480 2999 2700 3070 virginis
2732 3001 2931 3067 llarite,
2961 3018 3080 3073 quae
3105 3013 3187 3060 est
3212 3007 3315 3059 sita
3349 3006 3429 3060 in-

1829 3084 1906 3138 ira
1935 3086 2208 3143 civitatem
2242 3087 2675 3144 Beneventanum
2704 3092 3045 3148 clementiam
3078 3097 3226 3167 regni
3261 3097 3430 3152 nostri

1831 3179 2014 3247 petiit,
2052 3190 2105 3232 ut
2134 3194 2325 3235 omnes
2356 3197 2441 3235 res
2470 3198 2818 3253 quascunque
2859 3185 2969 3255 ipsa
2999 3201 3123 3241 casa
3170 3188 3297 3253 Dei,
3325 3200 3435 3244 tam

1828 3272 1898 3325 de
1946 3271 2325 3326 donationibus
2377 3287 2597 3342 regum,
2652 3291 2919 3344 quamque
2965 3278 3297 3348 reginarum,
3348 3281 3435 3336 vel

1828 3359 2050 3427 ducum,
2084 3372 2246 3430 atque
2276 3362 2615 3416 ducissarnm
2637 3408 2652 3429 ,
2684 3366 2977 3434 sen_Deum
3010 3369 3308 3424 timentium
3341 3370 3438 3423 ho-

1830 3450 2033 3505 minum
2058 3492 2073 3516 ,
2105 3452 2227 3508 sive
2255 3468 2415 3507 causa
2449 3455 2792 3520 venditionis,
2825 3468 2915 3511 aut
2945 3461 3263 3529 emptionis,
3284 3447 3455 3517 cum;

1830 3543 2257 3613 mutationisque
2287 3546 2462 3611 titulo,
2494 3547 2577 3600 vel
2608 3562 2797 3601 omnes
2826 3549 3174 3607 diflinitiones
3204 3568 3335 3624 quas
3366 3555 3437 3611 de

1831 3638 1990 3689 rebus
2022 3645 2225 3691 sancta:
2265 3640 2508 3693 ecclesia:
2540 3652 2776 3695 rectores
2807 3641 2924 3710 ejus
2960 3643 3107 3713 justo
3141 3648 3355 3704 tramite
3384 3649 3435 3704 in

1825 3728 2031 3798 judicio
2056 3730 2322 3794 vicerunt,
2353 3744 2453 3784 nec
2483 3746 2590 3785 non
2617 3741 2672 3786 et
2692 3748 2880 3788 omnes
2911 3736 3151 3793 redditus
3175 3739 3256 3794 vel
3285 3741 3436 3794 obla-

1832 3823 2006 3876 tiones
2049 3820 2282 3877 ﬁdelium
2316 3823 2649 3878 diversarum
2682 3828 3036 3883 ecclesiarum
3089 3831 3187 3899 ipsi
3230 3842 3430 3888 saneta

1829 3911 2226 3968 Beneventanus
2265 3916 2511 3969 ecclesia:
2556 3916 2760 3986 legibus
2790 3920 3178 3991 pertinuerint,
3212 3922 3265 3977 in
3298 3926 3436 3980 inte-

1830 4025 1982 4080 grum
2012 4010 2079 4065 ab
2108 4011 2362 4081 episcopo
2397 4013 2691 4068 Benevent.
2732 4016 2823 4085 qui
2866 4034 2961 4082 per
3002 3998 3241 4088 tempora
3273 4018 3437 4077 fuerit

1830 4102 2217 4170 suscipiantur,
2248 4115 2409 4171 atque
2439 4109 2697 4161 canonica
2725 4110 3003 4164 sanctione
3030 4112 3426 4181 possideantur,

1830 4197 1943 4252 sive
1975 4198 2081 4251 sint
2122 4211 2216 4266 per
2246 4196 2627 4277 diversaloca,
2673 4209 2780 4253 tam
2823 4201 2875 4255 in
2913 4203 3238 4272 civitatibus,
3272 4221 3431 4277 quam

1831 4290 1885 4344 in
1916 4289 2073 4355 villis,
2121 4291 2206 4345 vel
2251 4289 2303 4346 in
2350 4276 2644 4356 montibus,
2686 4303 2848 4362 atque
2892 4293 2943 4347 in
2992 4295 3186 4363 planis,
3227 4276 3343 4354 sive
3383 4300 3435 4354 in

1832 4381 2007 4450 aquis,
2060 4380 2145 4434 vel
2190 4380 2352 4464 etiam
2407 4383 2458 4436 in
2510 4383 2730 4450 planitie
2775 4398 2836 4439 ac
2887 4390 3292 4454 possessiones,
3339 4403 3435 4444 seu

157 4476 473 4546 ﬁdeiussores
501 4482 821 4547 tollemlum,
852 4492 943 4536 aut
972 4482 1219 4537 homines
1245 4471 1418 4551 ipsius
1448 4471 1719 4539 monaste-

1844 4475 2194 4543 undequaque
2225 4476 2485 4531 moderno
2516 4486 2757 4546 tempore
2798 4471 2912 4547 ipSa
2948 4494 3069 4533 casa
3111 4479 3203 4535 Dei
3243 4481 3433 4538 ordine

156 4572 210 4624 rii
234 4571 647 4643 diSIringendmn
669 4615 682 4639 ,
718 4576 829 4628 sive
869 4576 1027 4628 ullam
1061 4589 1253 4627 novam
1281 4574 1724 4629 consuetudinem

154 4664 455 4731 ponendum,
503 4679 602 4719 nec
651 4666 783 4718 ullas
828 4665 1215 4720 reddibitiones
1260 4665 1502 4736 publicas
1545 4667 1728 4736 requi-

156 4755 355 4809 rcndum
404 4755 705 4826 ingredere,
751 4757 832 4810 Vel
877 4740 1189 4811 exactorare
1229 4771 1445 4825 quoipto
1489 4766 1731 4827 tempore

156 4858 439 4912 pra-sumat.
474 4849 732 4905 Similiter
766 4850 815 4906 in
854 4848 944 4903 Dei
981 4849 1196 4903 nomine
1223 4850 1608 4915 concessimus,
1642 4851 1730 4904 vel

156 4942 565 4996 conﬁrmavimus
594 4958 717 5010 erga
749 4944 921 5010 ipsum
951 4954 1194 4996 sani-tum
1225 4943 1425 5009 locum,
1460 4944 1597 4996 sicut
1628 4943 1725 4995 ha-

159 5031 233 5083 bet
272 5031 493 5087 bumana
545 5032 821 5102 fragilitas,
868 5043 926 5087 ut
965 5034 1397 5104 quandoquidem
1444 5018 1609 5087 abbas
1658 5049 1725 5087 ex

160 5122 259 5189 ipso
295 5130 616 5181 monasterio
656 5128 725 5181 de
769 5133 865 5181 bac
913 5128 1029 5182 luce
1081 5126 1411 5201 migraverit,
1456 5128 1722 5183 licentiam

161 5213 369 5273 habeant
396 5220 688 5274 secundum
720 5222 953 5291 regulam
996 5223 1163 5275 sincti
1211 5221 1480 5276 Benedicti
1512 5221 1726 5290 qualem

163 5309 413 5365 meliorem
453 5328 515 5366 ac
556 5312 851 5383 digniorem
892 5298 1361 5382 et'sapientiorem
1403 5315 1725 5379 invenerint,

162 5406 339 5475 absque
375 5410 659 5477 cujuslibet
701 5411 1093 5480 inquietudine,
1142 5409 1226 5464 vel
1274 5409 1720 5475 contradictione,

166 5493 283 5551 inter
319 5514 375 5555 se
418 5501 649 5571 eligendi
694 5503 971 5570 abbatem,
1020 5512 1073 5556 et
1115 5504 1213 5557 sub
1256 5503 1564 5557 emunitatis
1613 5518 1723 5556 no-

169 5590 423 5647 mine......
458 5609 647 5648 omnes
690 5596 891 5648 fructus
930 5608 1217 5651 concessos
1259 5595 1500 5661 valeant,
1543 5596 1727 5648 omni-

171 5696 255 5749 que
281 5695 511 5752 tempore
555 5695 794 5741 rectores
834 5685 999 5756 ipsius
1044 5688 1351 5741 monasterii
1392 5688 1561 5742 sancti
1597 5687 1725 5739 Vin—

171 5777 327 5846 centii,
361 5789 460 5833 tam
496 5781 630 5850 ipsi,
665 5797 821 5851 quam
851 5791 901 5839 et
933 5797 1273 5839 successores
1302 5798 1507 5845 eorum,
1544 5798 1728 5854 quam-

1840 4569 2077 4637 lcgitimo
2101 4571 2399 4636 possidere.
2430 4577 2590 4638 atque
2614 4572 2899 4627 dominare
2920 4572 3150 4639 videtur,
3176 4575 3258 4629 vel
3282 4578 3437 4645 quid-

1835 4664 1959 4733 quid
1991 4664 2043 4718 in
2073 4676 2232 4719 antea
2276 4666 2473 4719 ibidem
2517 4666 2793 4732 additum,
2827 4670 2907 4722 vel
2938 4669 3245 4738 delegatum
3278 4670 3439 4726 fuerit

1833 4755 1935 4809 sub
1967 4755 2315 4809 immunitatis
2356 4757 2574 4812 nomine
2602 4758 2923 4812 conﬁrmare
2952 4758 3229 4815 debemus.
3266 4762 3435 4832 Cujus

1836 4847 2436 4919 petitionemnolumus
2463 4850 2751 4919 denegare,
2777 4851 2870 4904 sed
2904 4851 2972 4904 ita
3002 4852 3330 4919 praestitisse,
3355 4864 3439 4907 at-

1833 4954 1936 5008 que
1985 4940 2037 4993 in
2088 4918 2342 5011 omnibus
2391 4943 2745 4995 conﬁrmasse
2788 4948 3094 5010 cognoscat.
3148 4943 3434 5013 Propterea

1836 5032 1972 5087 banc
1997 5032 2387 5087 immunitatem
2414 5045 2651 5090 nostram
2674 5038 3016 5094 conscribere
3037 5037 3316 5109 iussimus,
3344 5057 3438 5108 per

1834 5138 1991 5192 quam
2020 5123 2329 5192 specialiter
2356 5125 2703 5199 decernimus
2732 5128 3084 5183 ordinandmn
3107 5171 3122 5195 ,
3168 5142 3222 5183 ιιι
3255 5119 3433 5186 nullus

1835 5216 2058 5284 quilibet
2100 5217 2165 5270 de
2213 5218 2387 5283 nobis,
2437 5228 2531 5271 aut
2571 5219 2640 5274 de
2685 5219 2968 5289 iudiciaria
3018 5231 3302 5289 potestate,
3350 5222 3435 5277 vel

1837 5311 2091 5379 quaelibet
2136 5326 2360 5379 persona
2393 5312 2608 5379 amodo,
2637 5323 2689 5366 et
2718 5315 2971 5383 deinceps
3012 5314 3064 5369 in
3109 5318 3434 5371 monasteria

1834 5404 1939 5456 sibi
1978 5404 2210 5473 legitime
2241 5404 2475 5471 subdita,
2510 5418 2599 5459 aut
2628 5408 2678 5461 in
2709 5417 2907 5470 eurtes,
2943 5408 3023 5462 vel
3054 5408 3311 5463 ecclesias
3338 5424 3434 5463 seu

1832 5504 1884 5557 iu
1921 5500 2079 5554 rebus
2110 5500 2376 5555 universis
2407 5503 2786 5571 suprascriptis
2818 5502 2957 5556 unde
2995 5517 3133 5555 nunc
3162 5502 3276 5569 ipsa
3309 5515 3433 5556 casa

1835 5591 1923 5647 Dei
1964 5592 2131 5662 juste,
2168 5603 2223 5647 et
2262 5592 2653 5647 rationabiliter
2694 5594 2880 5649 \esnta
2922 5608 3042 5649 esse
3076 5594 3433 5663 dignoscitur,

1834 5685 1917 5739 Vel
1946 5686 2087 5755 quod
2117 5685 2168 5739 in
2198 5695 2352 5738 antea
2380 5700 2444 5739 ex
2475 5685 2717 5753 largitate
2745 5686 3006 5740 bonorum
3039 5685 3314 5741 hominum
3347 5699 3436 5739 ac-

1835 5779 2047 5850 quirere
2079 5778 2248 5850 potuit
2278 5778 2343 5834 ad
2377 5792 2568 5835 causas
2597 5777 2917 5835 audiendum
2939 5816 2956 5847 ,
2989 5776 3072 5834 vel
3104 5775 3239 5834 freta
3270 5776 3431 5833 undi-
