3856 6220
417 372 549 424 ίοὲυ

1292 362 1349 415 ll.
1391 359 1641 413 CAliOLl
1683 356 1896 410 MAGNI
1937 350 2086 407 Oi'l‘.
2137 350 2312 403 PARS
2354 347 2393 412 l,
2437 349 2682 402 Sliil'l'lU
2727 347 2763 399 ll

3565 342 3678 396 tte.)

412 502 512 552 ,μω
539 483 858 552 exigendum
884 525 897 547 ο
940 494 1034 532 seu
1068 479 1398 541 mansiones,
1436 485 1528 527 aut
1570 482 1776 543 paratas
1810 469 2000 522 facien-
2037 467 2081 522 A
2111 464 2270 526 siunt,
2307 464 2563 529 nobisque
2611 477 2704 528 per
2745 457 2922 512 Ulllllll
2961 458 3168 510 fidelem
3202 469 3365 517 super
3392 469 3449 507 se
3503 467 3676 511 set-ntr-

413 579 561 638 dunt,
593 576 676 628 vel
708 574 1057 640 lidejussores
1087 569 1414 630 tollendum,
1446 580 1529 617 aut
1569 565 1809 616 homines
1841 563 1920 626 ips
1948 576 2008 612 us

419 665 660 718 ecclesia:
708 672 893 716 contra
955 660 1179 711 rationis
1231 657 1472 710 ordinem
1535 652 2005 720 dcstringcmlntn,

420 766 589 821 tn-qne
622 768 788 806 novas
813 751 1230 823 consuetudines
1275 744 1655 812 imponendum
1680 784 1695 808 ,
1740 757 1838 796 nec
1878 743 2009 792 ullas

418 846 798 899 redhibitiones
823 842 1064 910 publicas
1089 838 1469 906 requirendum
1498 837 1604 888 ullo
1628 849 1856 901 unquam
1882 844 2011 885 lem-

416 953 542 1004 pore
574 937 834 1001 ingerere,
867 943 956 985 aut
987 940 1237 984 exactore
1277 929 1489 995 penitus
1521 925 1872 994 pnesmnatis,
1917 922 2009 977 sed

414 1029 512 1081 sub
559 1025 912 1078 immunitatis
962 1022 1180 1074 nomine
1228 1020 1405 1073 valeat
1451 1027 1774 1069 memoratus
1822 1011 2008 1075 David,

414 1120 634 1188 ejusque
677 1130 1018 1170 successores
1052 1114 1138 1182 qui
1187 1127 1279 1177 per
1321 1121 1560 1177 tempora
1596 1105 2010 1174 l'uerintqniete

408 1197 627 1263 Christo
657 1209 886 1276 propitio
915 1209 1120 1268 vivere,
1147 1221 1206 1256 ac
1241 1203 1476 1256 residere
1499 1212 1764 1294 quatenus
1793 1200 1869 1251 sic
1900 1213 2009 1250 meo

418 1302 517 1354 lius
546 1301 778 1353 delectet
826 1316 921 1366 pro
966 1298 1138 1351 nobis.
1185 1295 1547 1361 uxoribusque
1583 1289 1800 1352 nostris,
1845 1303 1906 1342 ac
1952 1289 2012 1340 li-

417 1392 558 1444 heris
589 1390 784 1444 nostris
818 1370 1028 1441 Domini
1073 1384 1494 1439 rtttsericordiam
1541 1382 1796 1434 attentius
1821 1378 2012 1444 depre-

415 1481 524 1534 cari
547 1522 560 1544 ,
593 1491 644 1534 et
675 1489 730 1531 ιιι
762 1481 874 1530 inec
899 1476 1279 1530 authoritatem
1317 1473 1606 1525 lirutiorem
1645 1471 1912 1531 habeant,
1949 1481 2012 1519 ac

418 1573 607 1625 futuris
630 1569 958 1637 temporibus
985 1567 1236 1620 inviolata
1261 1573 1648 1616 conserventur
1678 1575 1865 1612 tnatms
1892 1575 2010 1622 t-ro-

415 1677 547 1730 prta:
575 1658 964 1725 subscriptione
1005 1671 1122 1708 eam
1154 1654 1490 1709 decrevimus
1538 1654 1816 1713 robor-are,
1859 1659 1914 1703 et
1946 1652 2011 1702 de

416 1754 618 1806 annulo
648 1763 831 1806 nostro
855 1750 1112 1818 jussimns
1139 1749 1392 1816 sigillare.

488 1845 707 1914 Signum
736 1843 910 1895 Caroli
943 1840 1314 1907 gloriosissimi
1347 1837 1504 1906 regis.

491 1935 678 1986 Datum
724 1948 760 1986 ιι
800 1931 1030 1986 Kalend.
1065 1930 1261 1998 Aprilis
1295 1942 1435 1980 anno
1478 1941 1604 1979 xvnt
1637 1935 1691 1978 et
1722 1939 1804 1977 xiv
1840 1921 2008 1976 nostri

417 2025 588 2093 regni.
964 2086 978 2098 ε

487 2125 679 2184 Actum
707 2114 921 2183 Capua).
957 2113 1010 2166 ln
1046 2105 1136 2167 Dei
1166 2112 1382 2164 nomine
1414 2109 1656 2164 feliciter.
1690 2111 1881 2162 Amen.

1151 2227 1264 2280 Xll.

422 2323 660 2394 Diploma
716 2320 889 2376 Caroli
950 2319 1128 2387 Magni
1170 2317 1551 2394 _pr_on_ccc.'esia
1627 2314 2009 2368 Mediolanium

823 2405 826 2408 '
1052 2402 1209 2457 (anno
1238 2390 1391 2455 79H.

840 2501 932 2560 (Ex
959 2501 1218 2563 l'ghellio,
1246 2498 1380 2548 Italia
1407 2499 1596 2559 Sacra.)

463 2609 718 2663 ‘Caroltts
755 2610 918 2676 gratia
968 2608 1058 2660 Dei
1105 2622 1192 2658 rex
1241 2606 1563 2659 Francorum
1605 2613 1659 2657 et
1701 2603 2010 2673 Longobar-

413 2679 630 2761 ldnrunt,
661 2711 818 2769 atque
852 2698 1100 2765 patricius
1126 2697 1506 2749 Romanorum.

493 2791 619 2843 lilnd
655 2804 883 2856 namque
923 2788 986 2838 ad
1029 2796 1288 2839 aeternam
1323 2785 1726 2847 beatitudinem,
1771 2797 1864 2836 seu
1895 2793 2005 2836 sta-

421 2881 680 2932 ltititatem
712 2878 858 2947 regni
883 2877 1074 2938 nostri,
1110 2877 1160 2928 ιιι
1195 2876 1285 2928 Dei
1329 2874 1547 2928 nomine
1581 2875 1853 2941 pertinere
1877 2890 2007 2928 con-

421 2972 652 3033 tidnnus,
707 2970 750 3022 si
805 2967 965 3036 iustis
1016 2967 1366 3034 petitionibus
1433 2981 1713 3018 servorum
1778 2964 1895 3029 Dei,
1953 2966 2002 3018 in

418 3080 522 3131 quo
562 3062 777 3117 auribus
811 3062 1008 3114 nostris
1042 3057 1322 3126 patefacta:
1363 3058 1586 3120 fuerint,
1625 3057 1853 3110 libenter
1899 3057 2001 3109 ob-

419 3165 800 3222 temperatnus,
829 3162 986 3220 atque
1023 3152 1089 3203 ad
1132 3151 1383 3203 ell'eCtutn
1415 3147 1784 3216 producimus.
1836 3147 2000 3215 Igitur
2035 3174 2081 3237 Ο

421 3258 602 3298 notum
635 3243 702 3298 sit
731 3244 971 3298 ornnium
1016 3241 1250 3294 fidelium
1295 3250 1595 3292 nostrorum
1627 3238 2002 3306 magnitudini,

422 3335 764 3406 przesentiunt
796 3334 1026 3393 scilicet,
1051 3343 1104 3384 et
1135 3331 1454 3392 futurorum,
1485 3329 1712 3398 qualiter
1733 3329 1814 3382 vir
1845 3343 2003 3383 vene-

421 3427 602 3479 t'alnlis
633 3426 843 3487 Petrus,
871 3436 1070 3477 sancta:
1094 3421 1564 3475 llledtolanensiunt
1590 3421 1735 3474 urbis
1759 3419 2002 3474 ecclesia:

419 3521 724 3588 episeopus,
749 3517 1024 3570 Serenitati
1052 3515 1196 3579 regni
1229 3514 1397 3567 nostri
1441 3513 1715 3575 successit,
1776 3515 2006 3582 qualiter

429 3610 497 3662 ob
531 3622 764 3661 amorem
801 3607 915 3668 Dei,
945 3617 998 3659 et
1037 3605 1430 3658 venerationem
1483 3605 1651 3654 sancti
1708 3603 2004 3670 Ambrosii,

417 3699 577 3768 iusta
605 3715 824 3767 corpora
859 3709 1164 3752 sanctorum
1198 3709 1486 3766 martyrem
1521 3695 1742 3749 l'rotasii
1773 3705 1825 3749 et
1870 3695 2002 3749 Cer-

417 3790 579 3854 vasii,
651 3803 743 3842 seu
801 3788 965 3855 ipsius
1025 3781 1318 3839 beatissimi
1394 3782 1723 3836 confessoris
1777 3781 2000 3844 Christi,

421 3881 722 3934 creuohiutn
757 3877 1056 3929 institutum
1093 3877 1307 3937 habeat,
1353 3882 1512 3942 atque
1561 3873 1852 3926 monachos
1905 3873 2002 3925 ibi-

417 3976 538 4027 dem
571 3975 668 4025 sub
698 3971 877 4040 regnla
918 3968 1087 4024 sancti
1124 3967 1394 4022 liettedicti
1429 3967 1658 4029 noviter,
1691 3964 1779 4034 qui
1815 3964 1997 4018 laudes

421 4067 528 4120 lteo
558 4065 664 4118 illic
689 4063 906 4118 Sedulas
939 4059 1222 4124 referrent,
1254 4069 1308 4114 et
1338 4074 1434 4126 pro
1464 4058 1713 4112 felicitate
1739 4058 1906 4127 regni,
1940 4071 2002 4111 ac

419 4156 576 4208 totius
634 4154 809 4221 populi
857 4153 1134 4206 christiani
1195 4151 1474 4218 soSpitate,
1547 4165 1640 4203 seu
1707 4164 1801 4217 pro
1860 4158 2000 4203 statu

415 4257 614 4300 sancta:
639 4245 1053 4299 Mediolanensis
1085 4243 1328 4296 ecclesia:
1359 4250 1666 4306 exorarent,
1695 4242 2002 4297 cortSIitnis-

417 4350 528 4406 set,
586 4347 751 4406 atque
785 4337 910 4388 inibi
963 4334 1327 4390 venerabilem
1364 4334 1706 4388 Benedictum
1740 4335 2001 4402 presbite-

419 4447 534 4483 rum
600 4431 843 4481 abbatem
883 4429 1211 4493 ordutasset,
1267 4426 1407 4480 unde
1465 4426 1616 4492 petiit
1658 4425 1997 4480 clementiam

415 4519 750 4575 celsitudinis
791 4527 1014 4581 nostrae,
1046 4525 1104 4570 ut
1145 4517 1347 4581 omnia,
1405 4515 1682 4584 quidquid,
1739 4517 1854 4584 ipse
1905 4531 2004 4585 pro
2033 4529 2082 4590 D

415 4614 596 4668 divino
634 4613 823 4665 intuitu
856 4611 919 4663 ad
948 4610 1058 4677 jam
1087 4609 1288 4663 dictum
1321 4610 1706 4663 monasterium
1740 4625 1802 4663 ex
1839 4610 1999 4663 rebus

417 4705 659 4758 ecclesia:
681 4717 790 4756 sua:
816 4701 1233 4755 Mediolanensis
1263 4701 1480 4770 largitus
1503 4709 1604 4766 est,
1630 4701 1711 4753 vel
1743 4701 2001 4754 moderuo

418 4810 658 4864 tempore
710 4797 905 4849 ibidem
955 4793 1103 4863 justo
1156 4795 1368 4847 tramite
1416 4794 1718 4862 delegatum
1775 4792 1895 4856 fttit,
1949 4801 2002 4846 et

418 4903 557 4941 nunc
577 4886 826 4955 iuste/et
857 4883 1243 4963 r.a:ionabihter
1271 4884 1513 4953 partibus
1541 4883 1704 4952 ipsius
1733 4893 2001 4936 monaste-

415 4977 479 5032 rii
532 4981 800 5046 possidere
826 4978 1184 5044 digno~eitur,
1217 4976 1298 5030 vel
1332 4978 1470 5043 quod
1508 4977 1558 5029 itt
1591 4986 1752 5031 antea
1803 4993 1832 5030 a
1892 4976 2000 5032 Deo

419 5070 724 5123 timentibus
772 5069 1101 5132 hominibus,
1137 5069 1405 5124 tribuente
1459 5069 1702 5133 Domino,
1734 5068 1999 5133 additum,

416 5158 499 5211 vel
521 5159 817 5226 delegatum
841 5159 1020 5219 fuerit,
1048 5158 1249 5212 nosrris
1273 5146 1504 5212 oraculis
1534 5159 1844 5226 plenissime
1871 5175 2000 5213 con—

418 5249 630 5302 [irritare
667 5250 1015 5314 deberemus;
1051 5261 1317 5320 quatenus
1341 5251 1438 5304 SttD
1470 5251 1727 5320 regimine
1767 5263 1821 5305 et
1852 5265 2002 5321 pote-

417 5350 554 5394 state
570 5341 888 5405 rectoribus;
905 5343 993 5408 qui
1010 5340 1228 5407 fuerint,
1248 5352 1447 5396 sanctze
1478 5343 1888 5398 Mediolanensis
1909 5359 2000 5398 ec-

413 5432 610 5498 etesiae,
637 5436 854 5489 sicutab
873 5436 987 5503 ipso
1017 5443 1274 5489 statutum
1307 5452 1427 5491 esse
1452 5439 1848 5494 cernituromni
1869 5449 2003 5494 tent«

418 5542 544 5595 pore
562 5540 876 5594 permanere
894 5526 1108 5594 debeat,
1129 5529 1625 5596 etqnandoquidem
1646 5529 1820 5583 divina
1839 5545 2001 5584 voca-

415 5619 558 5673 tione
608 5619 772 5673 abbas
811 5633 876 5672 ex
911 5618 1031 5687 ipso
1062 5619 1390 5674 ruonasterio
1422 5621 1489 5674 de
1522 5621 1619 5673 hac
1650 5621 1770 5676 luce
1799 5620 1865 5674 ad
1899 5621 2000 5675 Do-

413 5716 614 5770 minum
664 5713 992 5785 migraverit,
1038 5715 1308 5769 licentiam
1364 5715 1620 5771 haberent
1663 5717 1911 5771 monachi
1935 5719 2002 5773 de

413 5807 532 5880 ipso
575 5809 910 5867 monasterio
941 5818 1141 5865 sancta:
1191 5808 1282 5864 Dei
1337 5810 1579 5866 ecclesia:
1638 5811 2000 5868 Mcdiolanen-

2115 556 2240 607 dum
2277 555 2520 604 ordinem
2548 562 2814 613 sanctum,
2849 558 2901 601 et
2945 549 3180 612 regulam
3229 544 3397 597 sancti
3433 545 3629 600 llenedit
3648 551 3680 603 ti

2113 647 2366 712 eligendi.
2391 646 2659 698 abbatem.
2691 642 2858 710 Cujus
2889 642 3202 706 petitionem
3256 646 3472 705 proitter
3502 655 3676 696 nomen

2117 738 2344 800 Donum,
2397 749 2449 790 ct
2479 737 2832 790 reverentiam
2887 735 3052 801 ipsius
3083 733 3253 786 sancti
3310 729 3429 792 loci,
3466 732 3675 787 meritis-

2114 845 2216 897 que
2259 831 2457 881 sattrtis
2499 828 2755 882 antedieti
2796 824 3063 893 p0ntilicis
3094 822 3557 892 compellentibus,
3590 841 3670 876 ttu-

2119 923 2313 974 Iuimus
2335 921 2603 986 denegare
2637 934 2649 981 ;
2682 917 2865 986 sedin
2899 916 3247 984 elcemosyna
3279 922 3460 965 uestra
3489 913 3552 965 ita
3571 927 3677 966 con-

2113 1012 2361 1076 cessisse,
2411 1023 2571 1080 atque
2607 1011 2658 1063 in
2701 1009 2951 1062 omnibus
2981 1008 3332 1060 conlirntasse
3373 1007 3674 1071 Cognoscit»,

2114 1108 2449 1171 Quapmpter
2510 1118 2603 1170 per
2660 1109 2982 1169 pnesenlem
3039 1093 3673 1152 aucloritatcnt‘nostram

2113 1197 2474 1259 decernimus,
2508 1210 2567 1247 ac
2591 1194 2846 1264 jnbentns
2879 1203 2935 1245 ut
2961 1193 3101 1245 sicut
3123 1199 3340 1244 conSIat
3367 1191 3428 1243 ab
3449 1188 3553 1258 jam
3583 1189 3673 1244 fato

2117 1289 2255 1351 viro,
2309 1286 2605 1340 venerabili
2643 1285 2801 1338 l’etro
2825 1283 3256 1348 archiepiscopo,
3295 1282 3673 1344 monasterium,

2117 1389 2172 1430 ιιι
2223 1392 2380 1444 supra
2447 1375 2899 1440 tttetuot‘ahamus,
2952 1374 3104 1441 juxta
3135 1386 3367 1440 corpora
3393 1383 3669 1427 sanctorum

2116 1479 2408 1537 martyrnnt
2501 1466 2725 1519 Protasii
2783 1474 2839 1520 et
2893 1464 3159 1530 Cervasii,
3233 1480 3330 1517 seu
3385 1466 3676 1520 confessoris

2113 1557 2314 1610 Christi
2350 1557 2638 1616 Ambrosii,
2679 1568 2783 1608 una
2822 1569 2941 1608 cum
2974 1554 3310 1622 adjacentiis,
3339 1553 3419 1606 vel
3446 1557 3680 1622 appendio

2117 1652 2203 1702 tiis
2248 1650 2412 1715 ipsius
2456 1646 2787 1710 monasterii,
2818 1645 3117 1701 stabilitum
3161 1659 3304 1706 esse,
3339 1643 3568 1712 inSpccta
3617 1647 3681 1712 ip-

2117 1758 2228 1791 sius
2255 1723 2570 1792 auctoritate
2603 1753 2695 1804 per
2725 1739 2828 1791 hoc
2864 1747 3104 1791 nostrum
3137 1737 3442 1791 serenitatis
3472 1752 3678 1803 princep-

2037 1813 2084 1871 B
2118 1846 2250 1896 ιιιιιι,
2283 1841 2440 1898 atque
2465 1829 2885 1883 continuationis
2914 1828 3113 1880 donum
3148 1832 3419 1896 perpetuis
3447 1832 3677 1896 tempori-

2117 1923 2212 1974 luts
2258 1921 2379 1988 jttre
2425 1920 2729 1972 lirtttissiuto
2778 1918 3042 1972 stabiliter
3089 1933 3406 1987 permanere
3456 1917 3671 1974 haheat:

2113 2025 2174 2098 et‘
2199 2029 2368 2081 neque
2395 2013 2558 2064 alabas
2589 2011 2780 2064 ihidetu
2813 2009 3094 2065 ordinetur
3122 2020 3413 2067 extraneus
3439 2012 3544 2065 ullo
3581 2029 3675 2065 un-

2116 2120 2273 2174 quam
2327 2113 2588 2169 tempore,
2631 2101 2732 2155 nisi
2779 2115 2843 2154 ex
2879 2101 2990 2167 ipsa
3023 2101 3465 2170 congregatione,
3498 2098 3553 2154 ut
3600 2118 3676 2155 su-

2119 2213 2211 2267 pra
2269 2196 2519 2257 diximus,
2554 2205 2753 2248 sancla:
2799 2194 2891 2249 Dei
2923 2193 3166 2248 ecclesia:
3198 2195 3674 2259 Mediolanensium,

2117 2291 2372 2357 nobiSque
2413 2305 2507 2358 per
2553 2289 2730 2342 etnnia
2789 2287 2983 2353 fidelis,
3038 2301 3198 2357 quem
3256 2289 3445 2343 fratres
3500 2288 3672 2359 eligere

2115 2380 2399 2445 voluerint,
2433 2381 2520 2448 qui
2561 2394 2650 2432 eos
2699 2377 2992 2432 Secundum
3027 2378 3234 2432 divinas
3272 2379 3427 2450 leges
3471 2387 3524 2435 et
3552 2396 3675 2450 rega-

2119 2472 2220 2522 lant
2303 2471 2471 2524 sancti
2535 2469 2806 2522 Benedicti
2884 2471 3061 2523 valeat
3127 2469 3453 2540 gubernare.
3516 2470 3574 2524 Et
3618 2474 3671 2524 ita

2115 2581 2436 2634 ceusernus,.
2466 2574 2524 2617 ttt
2573 2563 2750 2617 nullus
2779 2562 2844 2617 de
2873 2564 3070 2617 ttOSlris
3126 2564 3550 2629 successeribus,
3596 2578 3676 2618 seu

2118 2657 2351 2722 praedicti
2386 2655 2677 2723 pontificis,
2724 2670 2980 2722 unquam,
3017 2656 3153 2709 hanc
3202 2665 3439 2710 nostram
3473 2654 3674 2723 disposi-

2117 2749 2340 2810 tionem,
2388 2763 2543 2814 quam
2586 2761 2680 2814 pro
2724 2761 2906 2800 amore
2945 2746 3084 2800 beati
3130 2746 3330 2800 Cltristi
3377 2747 3674 2801 cortfessmis

2114 2839 2382 2893 Ambrosii
2408 2855 2502 2893 scu
2538 2839 2824 2892 stabilitate
2848 2838 2996 2907 regni
3028 2839 3219 2904 nostri,
3243 2839 3670 2902 confirmavimus,

2117 2934 2416 3000 irrumpere
2447 2943 2606 3000 atque
2636 2932 2912 2986 destruere
2959 2941 3276 3000 praesumat,
3309 2933 3401 2987 sed
3427 2945 3478 2987 ut
3514 2934 3674 2988 melius

2116 3026 2347 3079 delectet
2385 3027 2529 3092 ipsos
2559 3037 2742 3076 servos
2787 3022 2898 3086 Dei,
2924 3022 3012 3090 qui
3043 3023 3143 3079 sub
3190 3037 3376 3077 norma
3413 3023 3669 3079 beatitudi-

2124 3117 2204 3169 nis
2250 3115 2446 3170 ibidem
2478 3117 2640 3169 vitam
2673 3129 2764 3184 per
2797 3124 3033 3184 tempora
3081 3114 3278 3187 degere
3307 3115 3552 3170 videntur
3593 3131 3673 3186 pro

2114 3205 2270 3259 nobis
2315 3221 2588 3273 uxoreqne
2645 3218 2849 3271 nosrra,
2885 3221 2944 3260 ac
2992 3207 3197 3273 liberis,
3256 3223 3350 3262 seu
3411 3210 3672 3266 stabilitate

2109 3295 2255 3368 regni
2286 3295 2474 3360 nostri,
2504 3295 2709 3349 Domini
2742 3296 3168 3351 misericordiam
3191 3297 3398 3367 jugiter
3446 3315 3665 3367 exorare,

2111 3385 2308 3439 nostris
2341 3386 2449 3438 Deo
2480 3387 2695 3453 auspice
2727 3384 3027 3455 futurisque
3053 3389 3391 3456 temporibus
3419 3390 3670 3444 inviolabi-

2110 3477 2232 3531 liter
2259 3487 2419 3544 atque
2465 3476 2907 3543 irrefragabiliter
2951 3478 3261 3547 perdurare,
3291 3480 3373 3534 vel
3403 3483 3669 3536 consistere

2108 3569 2318 3622 debeat.
2371 3567 2435 3622 Et
2477 3579 2533 3621 ut
2577 3568 2688 3620 haec
2720 3571 3011 3623 auctoritas
3063 3569 3269 3624 firmior
3302 3570 3555 3626 habeatur
3603 3572 3670 3626 vel

2109 3675 2203 3726 per
2235 3669 2470 3727 tempora
2495 3668 2865 3722 conservetur,
2898 3674 3055 3712 manu
3088 3671 3268 3713 nostra
3327 3659 3515 3714 subter
3565 3675 3664 3714 eum

2107 3750 2361 3803 roborare
2395 3748 2757 3818 decernimus,
2791 3757 2954 3819 atque
3002 3749 3201 3824 annulo
3233 3757 3416 3804 nostra
3466 3748 3654 3821 sigillari

2100 3839 2378 3907 jussimus.

2177 3932 2395 4000 Signum
2426 3932 2466 4002 ἦ·
2494 3931 2670 3986 Caroli
2699 3931 2996 4001 gloriosiss.
3029 3933 3191 4000 regis.

2177 4023 2290 4098 Dat.
2323 4024 2374 4078 in
2408 4039 2592 4078 mense
2619 4025 2804 4093 Aprile
2831 4039 2972 4076 anno
3021 4024 3280 4094 vigesimo
3329 4023 3573 4087 secundo,
3617 4031 3660 4075 ct

2104 4112 2310 4168 decimo
2353 4100 2584 4180 septimo
2615 4115 2762 4183 regni
2800 4114 2987 4170 nostri.

2173 4206 2367 4260 Actum
2402 4205 2683 4259 Placentia:
2709 4221 2774 4260 ex
2806 4205 3010 4260 Palatio
3044 4216 3228 4261 nostro
3279 4205 3487 4275 publico
3517 4208 3560 4261 iu
3589 4205 3664 4260 Dei-

2105 4300 2319 4352 nomine
2351 4299 2491 4352 l'elic.
2513 4300 2706 4352 Amen.

2836 4391 2974 4447 Xlll.

2209 4504 2453 4576 Diploma
2502 4504 2677 4560 Caroli
2721 4503 2906 4576 Magni
2937 4523 3031 4573 pro
3077 4507 3286 4562 ecclesia
3329 4506 3576 4562 Cenetensi

2751 4575 2910 4646 (anno
2942 4576 3090 4646 79¢).

2320 4688 2411 4748 (Ex
2439 4688 2684 4751 Ughellio,
2712 4688 2849 4739 Italia
2878 4690 3045 4750 Sacra,
3071 4698 3186 4742 tom.
3213 4691 3274 4751 ν,
3304 4707 3348 4755 p.
3385 4693 3504 4750 ΓΗ.)

2171 4796 2397 4850 Carolus
2426 4797 2593 4864 gratia
2628 4792 2718 4848 Dei
2750 4809 2843 4848 rex
2875 4794 3268 4862 Franchorum,
3289 4806 3346 4872 et
3365 4792 3653 4851 Lombardu-

2104 4905 2245 4950 rum,
2266 4898 2321 4942 et
2349 4889 2609 4943 Patricius
2630 4888 3015 4946 Romanorum.
3042 4890 3326 4945 Maximum
3355 4890 3495 4960 regni
3519 4887 3654 4942 nostri

2103 4979 2154 5031 in
2188 4978 2288 5032 hoc
2317 4993 2516 5047 angere
2545 4977 2813 5032 credimus
2835 4979 3248 5043 munimentum,
3280 4979 3324 5034 si
3355 4977 3658 5048 petitionibus

2100 5069 2462 5135 sacerdotum,
2491 5069 2570 5124 vel
2595 5074 2874 5124 servorum
2900 5069 3017 5133 Dei,
3045 5068 3096 5124 in
3126 5084 3232 5137 quo
3253 5069 3451 5124 nostris
3473 5068 3653 5122 auribus

2105 5162 2474 5230 patefecerint,
2525 5162 2755 5216 libenter
2801 5161 3140 5225 obaudimus,
3174 5171 3226 5216 et
3256 5176 3349 5215 eas
3396 5163 3443 5214 in
3468 5158 3549 5213 Dei
3577 5170 3654 5209 no-

2104 5257 2248 5307 tuitte
2275 5252 2339 5304 ad
2371 5252 2622 5307 ell‘ectunt
2650 5251 3011 5321 perducimus.
3049 5252 3208 5319 Igitur
3239 5258 3420 5305 notum
3467 5251 3528 5304 sit
3559 5260 3651 5298 nnti-

2105 5349 2249 5401 nium
2304 5344 2553 5403 ﬁdelium.
2590 5356 2891 5399 nostrorum
2945 5344 3293 5413 magnitudini
3353 5339 3648 5414 prarsemiutn

2102 5438 2327 5501 scilicet,
2359 5448 2408 5491 et
2452 5427 2767 5498 futurorum,
2821 5436 3050 5503 qualiter
3091 5449 3190 5489 nos
3234 5444 3443 5504 propter
3485 5442 3648 5485 nomen

2106 5530 2315 5585 Domini
2361 5529 2426 5582 ad
2477 5539 2717 5582 eternarn
2768 5527 3256 5581 remunerationem
3304 5525 3454 5581 talem
3482 5521 3651 5584 confir-_

2103 5622 2490 5677 mationent....
2549 5618 2829 5673 ecclesiam
2887 5619 3056 5672 sancti
3107 5619 3310 5674 Ticiani
3363 5611 3648 5671 confessoris

2103 5712 2349 5779 Christi,
2375 5726 2479 5780 que
2506 5721 2586 5765 εει
2611 5719 2916 5765 constructa
2949 5710 3048 5764 sub
3077 5710 3271 5780 oppido
3299 5704 3647 5764 Cenedettsium

2105 5817 2305 5871 castro,
2339 5804 2425 5859 ubi
2455 5804 2566 5875 ipse
2603 5803 2863 5873 pretiosus
2892 5813 3107 5859 sanctus
3133 5795 3355 5874 corpore
3378 5793 3648 5869 requiescib
