3868 6212
130 357 277 413 ιυξι

479 352 706 413 ΟΟΒΕΧ
750 347 1273 433 ΒΙΡΕΟΒΙᾼΤΙΟΗΞ.
1318 380 1386 390 -
1429 347 1736 405 Ρῐιινιιιεί

1899 376 1964 386 -
2002 346 2259 402 .PlilVlL.
2308 347 2443 402 PER
2487 346 2763 404 PARTES
2801 345 3085 404 ιτΑιιΑε.

3294 346 3316 401 1
3327 345 3431 402 02'!

125 484 185 529 et
218 473 314 529 ubi
343 480 522 541 prcest
552 472 629 522 vir
653 466 974 523 venerabilis
995 465 1343 520 Dulcissimus
1366 464 1728 533 episcopus...
1761 466 1810 522 Α
1842 473 1940 527 pro
1963 451 2280 526 quibusdam
2305 461 2484 514 causis
2501 472 2700 516 sancte
2726 461 2818 516 Dei
2849 460 3114 524 ecclesia,
3145 472 3207 514 ac
3229 457 3430 514 domini
3495 495 3498 498 ~

126 564 442 628 concessis,
495 573 547 616 et
600 560 668 613 de
706 557 956 612 omnibus
1006 555 1268 624 plebibus,
1329 553 1406 606 τρι
1457 551 1723 620 parocltiis

125 671 264 709 cum
303 652 767 724 iurisdictionibus
808 647 1016 721 imperii
1059 647 1316 700 Inoorum.
1352 645 1430 698 vel
1461 653 1721 697 terrarum

131 749 316 815 ipsius
345 744 601 814 episc0pi,
634 759 739 809 que
787 744 837 793 itt
882 741 1000 794 istis
1049 736 1574 804 comprehenduntur
1607 733 1725 787 ﬁni—

129 848 262 902 bus,
317 839 366 891 id
398 833 950 891 estdetcrtninotione
1005 827 1237 883 ﬂuminis
1291 825 1534 888 Limane,
1589 827 1727 878 sicut

129 931 362 984 Limana
396 930 561 984 currit
597 928 648 981 in
677 925 856 988 Plave,
882 934 933 978 et
962 921 1132 976 l‘lavis
1157 919 1325 974 currit
1352 933 1515 987 usque
1551 917 1724 970 locum

92 1072 95 1073 ,
130 1023 226 1074 ubi
264 1019 448 1074 Tlteba
476 1019 659 1072 deﬁnit
684 1019 732 1071 in
766 1017 957 1085 ipsam,
981 1024 1036 1068 et
1063 1014 1254 1068 deinde
1280 1027 1447 1080 usque
1481 1010 1530 1063 itt
1564 1010 1726 1061 alium

131 1112 346 1176 locum,
381 1111 465 1165 ubi
512 1109 787 1178 NigriSuIia
822 1107 1000 1160 deﬁnit
1036 1107 1086 1158 in
1121 1104 1298 1163 Plach
1324 1114 1377 1158 et
1412 1103 1581 1155 l'lavis
1605 1117 1730 1155 cur-

129 1207 203 1258 rit
233 1210 285 1258 in
331 1220 496 1268 mare,
529 1214 583 1256 et
613 1203 799 1256 iterum
845 1201 912 1255 de
965 1199 1181 1253 llumine
1215 1197 1431 1251 Litnane
1475 1211 1640 1264 ttsque
1675 1194 1725 1246 in

129 1299 380 1350 (Ielicunt
426 1305 682 1362 montem,
712 1304 766 1347 et
795 1293 987 1347 deinde
1030 1293 1078 1342 itt
1111 1291 1305 1344 Lacunt
1339 1299 1632 1349 mortuum,
1677 1295 1731 1339 et

127 1391 337 1443 dehinc
368 1391 420 1442 in
449 1388 728 1442 ecclesiam
763 1386 928 1439 sancti
966 1383 1222 1448 Floriani,
1254 1382 1342 1450 qui
1393 1380 1566 1449 primo
1597 1380 1730 1445 Upi-

130 1483 351 1547 tergine
379 1480 608 1534 civitatis
637 1477 880 1547 ejusdem
910 1478 1150 1545 episcopi
1190 1475 1308 1542 jura
1339 1474 1732 1542 gloriosissime

129 1573 387 1642 regebat,
438 1583 492 1626 et
544 1569 665 1624 inde
707 1571 757 1622 in
803 1584 991 1636 aquam
1039 1568 1121 1618 ubi
1150 1569 1319 1620 oritur
1347 1567 1641 1636 Liqnnntizi,
1678 1575 1734 1620 et

129 1663 338 1718 deinde
371 1678 539 1730 usque
568 1663 618 1714 in
642 1663 859 1714 archani
893 1670 1218 1722 traversum;
1247 1666 1446 1726 etpost
1479 1657 1599 1710 hinc
1631 1658 1731 1711 ilu-

130 1772 261 1808 tncu
289 1755 534 1817 Sledune,
564 1764 618 1808 et
645 1770 777 1821 aqua
812 1752 1034 1805 .‘lcdune
1068 1749 1251 1804 deﬂuit
1284 1753 1332 1804 in
1372 1752 1728 1818 Liquenliam,

1832 551 2027 607 Leonis
2073 568 2222 621 papae
2267 554 2737 620 pervenissemns;
2782 554 2965 623 ibique
3006 567 3110 607 una
3142 565 3265 606 cum
3297 551 3428 623 ipsis

1827 642 2075 704 ducibus,
2106 644 2435 727 gnastaldiif,
2471 659 2564 697 seu
2599 643 2820 711 reliquis
2853 642 3122 709 ﬁdelibus,
3147 656 3210 695 ac
3237 654 3430 711 proce-

1830 735 1978 787 ribus
2005 737 2206 787 nostris
2229 735 2546 789 residentes.

1905 846 2156 900 Pervenit
2190 847 2468 899 Aribertus
2501 858 2698 902 sancta:
2735 848 2967 902 .\retin:e
3008 847 3157 899 urlns
3185 844 3434 900 ecclesia:

1831 936 2155 990 venerabilis
2213 935 2525 1006 episcans,
2571 939 2622 991 in
2677 940 2959 1004 prtescntia
3013 947 3195 991 nostra
3245 951 3436 1008 sugge-

1837 1027 2026 1090 rendo,
2067 1040 2130 1078 ac
2172 1027 2583 1094 prorlamando,
2615 1045 2781 1095 super
2807 1029 3076 1082 Andream
3108 1036 3306 1082 saneta:
3337 1029 3437 1083 Se—

1833 1119 2016 1170 ttensis
2054 1117 2217 1178 Jll‘llls
2259 1119 2504 1174 ecclesia:
2563 1121 2927 1175 venerabilem
2983 1121 3295 1189 episcopum
3351 1120 3433 1174 di-

1834 1223 1964 1262 CCIIS
2001 1227 2014 1263 ἒ

1907 1299 2038 1366 Quia
2065 1301 2322 1357 ditecesis
2352 1305 2597 1358 ecclesia:
2642 1319 2774 1369 suae,
2807 1321 2966 1374 quam
3011 1320 3037 1356 a
3084 1308 3275 1374 priscis
3305 1316 3441 1360 tem-

1838 1391 2056 1460 poribus
2089 1394 2516 1458 praedeceSsores
2547 1393 2627 1448 sui
2661 1396 2926 1464 epiSCOpi,
2949 1397 3029 1449 vel
3057 1395 3172 1464 ipsc
3195 1398 3433 1463 tenebat,

1838 1490 2081 1548 tempore
2129 1482 2348 1536 Adriani
2402 1485 2670 1550 quondam
2707 1501 2854 1552 papa-
2882 1526 2896 1549 ,
2940 1485 3228 1540 invasisset
3260 1486 3439 1541 Rodo-

1838 1572 2020 1625 bertus
2083 1574 2350 1641 quondam
2419 1587 2622 1628 sanctie
2691 1576 2947 1631 Senensis
2997 1577 3144 1630 urbis
3199 1577 3441 1632 ecclesia:

1837 1664 2158 1729 episcopus,
2193 1674 2246 1716 et
2302 1667 2646 1732 postmodum
2699 1681 2816 1720 eam
2875 1667 3192 1721 detinuisset
3251 1669 3442 1722 Ilaiino

1839 1753 2109 1816 quondam
2136 1754 2426 1820 episcopus
2454 1755 2776 1821 supradicta:
2806 1755 3063 1810 Senensis
3094 1758 3361 1825 ecclesiae,
3388 1768 3444 1812 et

129 1856 185 1897 et
221 1848 418 1899 iterum
465 1845 738 1914 Liquentia
773 1843 936 1898 currit
995 1843 1164 1904 in“...
1195 1842 1301 1894 Nos
1333 1843 1486 1908 igitur
1518 1842 1729 1911 dignam
1769 1827 1812 1886 Β
1841 1859 2008 1911 usque
2041 1860 2184 1899 nunc
2213 1860 2332 1899 eam
2365 1847 2631 1917 detineret
2663 1850 2914 1916 praefatus
2947 1851 3189 1904 Andreas
3232 1850 3443 1918 episco-

131 1939 258 2006 rjns
305 1939 614 2006 petitionem
660 1937 1082 2000 considerantes,
1119 1947 1224 1988 tant
1272 1935 1392 2002 ipsi,
1424 1951 1582 2002 quani
1613 1949 1735 1986 suc-

130 2033 454 2085 cessoribus
502 2029 613 2085 suis
651 2044 743 2098 per
784 2014 948 2082 nostri
1002 2029 1235 2105 precepti
1267 2028 1510 2105 paginam
1543 2024 1740 2079 σοιεῐίτο

140 2137 384 2188 ruamus,
424 2131 583 2190 atque
629 2121 1044 2175 corroboramus
1089 2102 1276 2172 onines
1326 2119 1531 2187 plebes,
1579 2129 1740 2185 atque

134 2212 554 2278 jnrisdictiones
603 2211 868 2274 lucorum,
915 2208 998 2262 vel
1049 2215 1310 2261 terrarum
1365 2222 1468 2275 que
1519 2207 1570 2261 in
1623 2220 1740 2276 pre-

137 2305 367 2374 seriptis
412 2306 603 2359 ﬁnibus
647 2304 728 2357 vel
777 2301 1241 2356 terminationibus
1267 2300 1738 2369 comprehendun-

137 2408 250 2456 tur,
299 2395 652 2464 precipientes
692 2397 869 2462 itaque
920 2392 1257 2456 mandamus,
1303 2403 1360 2447 ut
1397 2394 1573 2446 nullus
1605 2391 1737 2459 dux,

135 2488 446 2557 patriarca,
493 2488 961 2556 archiepiscopus,
1011 2489 1316 2554 episc0pus,
1351 2486 1618 2546 marcltio.
1649 2502 1740 2540 co-

129 2591 283 2648 ines,
316 2585 638 2650 vicecomes,
657 2582 844 2652 judex,
870 2580 1092 2647 scaldio,
1121 2580 1369 2648 nullaque
1397 2577 1561 2631 nostri
1591 2578 1737 2646 regni

138 2689 379 2742 persoiia
432 2689 614 2743 parva,
663 2674 744 2726 vel
794 2686 1006 2740 magna,
1052 2672 1366 2738 prelibatnm
1401 2673 1736 2740 episcopum,

134 2767 224 2821 vel
283 2780 412 2820 suos
465 2779 804 2820 successores
853 2766 918 2819 de
947 2763 1192 2819 omnibus
1225 2763 1489 2833 plebibus,
1522 2765 1603 2816 vel
1641 2761 1734 2832 ju-

136 2855 568 2921 risdictionibus,
603 2869 733 2923 quas
780 2856 860 2910 eis
913 2871 1008 2924 per
1057 2855 1518 2909 conﬁrmationem
1571 2853 1738 2908 uestri

139 2949 390 3017 precepti
437 2947 804 3002 concessimus
832 2988 848 3012 ,
905 2958 1065 3016 atque
1113 2946 1613 3010 corroboravimns,
1662 2947 1740 3000 sic

136 3051 400 3110 precepts
433 3053 740 3094 nostrorum
772 3039 1113 3108 antiquorum
1145 3054 1350 3106 regum,
1391 3037 1473 3092 vel
1505 3036 1740 3104 impera-

139 3146 326 3187 torum
361 3135 673 3186 Conﬁrmata
721 3130 966 3196 fuerunt,
1016 3130 1334 3198 inquietare,
1365 3133 1446 3185 vel
1477 3130 1737 3185 divcstire

141 3237 449 3294 presnutat,
483 3226 576 3280 sed
609 3225 785 3281 omnia
819 3226 1134 3292 potestative
1161 3234 1361 3288 teneat,
1393 3235 1597 3278 remota
1621 3239 1738 3278 om-

141 3325 296 3374 nium
328 3319 728 3374 interdictione.
755 3320 811 3374 Si
841 3318 961 3387 quis
988 3325 1187 3382 autem,
1217 3315 1360 3385 quod
1384 3316 1602 3370 minime
1622 3329 1742 3370 cre-

58 3395 60 3397 t
139 3412 349 3480 ditnus,
395 3411 460 3463 ad
495 3388 731 3465 futurum
778 3409 880 3463 lioc
923 3419 1104 3461 nostre
1147 3407 1570 3461 conﬁrmationis
1616 3421 1741 3476 pre-

138 3513 366 3572 ceptum
399 3502 698 3568 irrumpere
725 3499 1036 3572 tentaverit,
1068 3498 1204 3552 sciat
1228 3514 1287 3552 se
1319 3498 1739 3567 compositurum

142 3594 302 3649 mille
350 3595 444 3648 lib.
493 3595 630 3659 auri,
671 3570 1008 3648 medietatem
1059 3606 1274 3647 camere
1301 3602 1507 3654 nostre,
1537 3602 1591 3647 et
1623 3606 1741 3646 nte-

140 3689 406 3741 dietatem
432 3686 539 3755 jam
569 3685 713 3740 dicto
740 3685 1018 3753 episcopo,
1053 3683 1135 3736 vel
1173 3685 1288 3738 suis
1317 3685 1741 3739 successoribus.

142 3776 305 3844 Quod
335 3787 392 3851 ut
423 3775 601 3830 verius
631 3776 906 3838 credatur,
936 3782 994 3830 et
1019 3774 1270 3829 obnixius
1296 3775 1646 3843 imposternm
1675 3775 1743 3830 ab

142 3871 404 3923 omnibus
451 3870 784 3934 observetur,
831 3883 988 3922 manu
1036 3869 1246 3935 propria
1288 3868 1470 3924 subter
1508 3868 1744 3922 ﬁrmavi-

142 3978 176 4014 n
203 3977 296 4026 us,
325 3970 379 4015 et
418 3960 770 4028 impressione
796 3961 961 4014 nostri
990 3960 1147 4030 sigilli
1179 3958 1422 4031 insigniri
1455 3959 1738 4030 jussitnus.

218 4053 448 4121 Signum
478 4052 654 4107 Caroli
683 4051 906 4106 illustris
936 4051 1094 4121 regis.

223 4145 421 4198 Datum
450 4144 624 4213 pridie
650 4143 768 4197 Kal.
800 4142 996 4213 Aprilis
1020 4157 1161 4196 anno
1187 4158 1312 4198 xxvi
1341 4152 1397 4199 et
1427 4159 1496 4199 xx
1530 4145 1703 4224 regni.

223 4237 422 4291 Actum
453 4236 507 4290 in
551 4234 826 4291 Francono
852 4235 986 4290 lruel
1033 4235 1085 4290 in
1116 4233 1212 4291 Dei
1244 4237 1461 4294 nomine
1491 4237 1738 4295 feliciter.

145 4332 351 4386 Amen.

877 4397 1019 4454 XIV.

142 4484 402 4562 Diploma
454 4490 631 4546 Caroli
686 4489 866 4562 Magni
887 4507 1016 4633 733;)
1047 4493 1258 4549 ecclesia
1309 4493 1521 4549 Aretina
1574 4495 1740 4568 (anno

351 4653 444 4716 (Ex
485 4651 728 4714 Ugbellio,
752 4652 891 4703 Italia
914 4653 1080 4718 Sacra,
1106 4661 1223 4706 tom.
1251 4656 1292 4719 Ι,
1320 4673 1366 4721 p.
1394 4659 1529 4721 H2.)

220 4737 454 4794 Carolus
472 4740 637 4809 gratia
663 4738 756 4795 Dei
781 4755 872 4794 res
899 4739 1249 4810 Francorum,
1273 4754 1326 4798 et
1349 4743 1736 4812 Romanorum,

148 4844 313 4903 atque
362 4832 855 4903 Longobardorum.
905 4834 1170 4904 Quidquid
1224 4836 1276 4890 in
1330 4847 1532 4905 nostra,
1584 4851 1636 4891 et
1689 4839 1741 4891 in

149 4938 438 4994 procerum
487 4933 789 4976 nostrorum
832 4925 1134 4992 prmsentia,
1170 4927 1315 4995 justo
1343 4941 1405 4981 ac
1452 4937 1601 4982 recto
1632 4937 1742 4982 tra-

149 5019 287 5071 mite
340 5015 578 5084 diligenti
634 5015 1074 5083 examinatione,
1132 5020 1428 5075 secundum
1481 5020 1744 5090 justitiam

151 5118 468 5162 sanetorum
493 5107 732 5174 Patrum,
759 5107 915 5162 fuerit
937 5112 1302 5178 terminatum,
1328 5113 1411 5167 vel
1436 5113 1743 5180 diiﬁnitnm,

153 5209 376 5268 Oportet
420 5201 620 5255 nostris
663 5203 984 5258 conﬁrmare
1029 5206 1290 5268 Oraculis;
1345 5207 1414 5260 ita
1463 5219 1519 5261 ut
1548 5208 1745 5263 Christi

154 5295 497 5364 propositum
532 5296 802 5365 perpetuis
833 5298 1159 5368 temporibus
1205 5312 1419 5357 maneat
1458 5302 1746 5358 inconcus-

234 5479 404 5550 lgitur
425 5489 609 5536 notum
635 5483 706 5537 sit
735 5483 980 5539 omnibus
1009 5487 1291 5555 episcopis,
1322 5488 1622 5555 abbatibus,
1647 5475 1748 5545 du-

159 5571 348 5637 cibus,
379 5574 686 5639 comitibus,
723 5576 1048 5645 gnastaldis,
1080 5592 1174 5633 seu
1222 5580 1441 5650 reliquis
1473 5584 1745 5647 trouariis,

164 5673 218 5714 et
246 5664 458 5718 cunctis
484 5663 726 5724 ﬁdelibus
753 5671 970 5736 nostris,
1006 5675 1379 5742 prtesentibtts,
1417 5687 1470 5731 et
1510 5678 1702 5732 futuris
1730 5697 1741 5731 :

164 5754 302 5818 Quia
334 5753 458 5808 dum
489 5771 586 5811 nos
614 5757 837 5817 Domino
860 5775 1170 5834 protegente
1199 5767 1442 5834 ltomant,
1471 5770 1535 5822 ad
1564 5770 1743 5826 limina

165 5859 473 5904 sanctorum
506 5846 800 5924 principum
845 5866 1241 5928 apris-1010mm,
1276 5857 1416 5917 Petri
1464 5871 1517 5919 ct
1565 5863 1739 5933 l’auli,

1766 4563 1821 4626 D

1839 1947 1937 2002 pus
1965 1944 2088 1987 ante
2116 1937 2274 1989 dicta:
2305 1937 2566 1992 Senensis
2588 1939 2851 2003 ecclesiae,
2880 1941 2929 1993 id
2955 1951 3037 1995 est
3057 1947 3438 1997 monasterium

1838 2030 2006 2081 sancti
2038 2030 2238 2082 Ansani
2260 2072 2274 2094 ,
2322 2031 2412 2083 ubi
2452 2033 2566 2100 ipse
2609 2048 2838 2101 corpore
2869 2035 3174 2103 requiescit,
3207 2051 3327 2091 cum
3361 2054 3445 2093 re-

1841 2118 1998 2187 liquis
2029 2120 2292 2174 ecclesiis.
2331 2122 2394 2176 Et
2433 2123 2558 2176 dtnn
2602 2124 2740 2178 inter
2768 2107 2862 2179 eos
2891 2143 2986 2194 pro
3017 2141 3081 2181 ea
3118 2143 3175 2182 re
3210 2129 3438 2184 tnaxima

1845 2220 2149 2264 verteretur
2181 2215 2474 2279 contentio,
2526 2217 2828 2285 rogavimus
2873 2218 3123 2271 sanctiss.
3176 2233 3238 2272 ac
3289 2235 3445 2273 reve-

1840 2303 2076 2356 rendiss.
2131 2303 2365 2359 dominis
2409 2315 2462 2360 et
2501 2307 2550 2359 in
2581 2306 2799 2362 Cltristo
2843 2306 2983 2363 Patri
3032 2307 3198 2364 Leoni
3230 2325 3442 2364 suumto

1840 2396 2112 2465 pontiﬁci,
2147 2407 2203 2452 et
2242 2400 2532 2453 universali
2564 2415 2732 2469 papae,
2779 2411 2835 2456 ut
2881 2403 3177 2457 secundum
3222 2403 3443 2456 canoni-

1842 2504 1959 2543 cam
2012 2492 2387 2546 auctoritatem
2446 2508 2542 2547 eos
2590 2509 2694 2548 una
2744 2510 2865 2550 cum
2915 2495 3024 2549 suis
3075 2495 3443 2551 sacerdotibus

1848 2582 2137 2648 pacilicare
2167 2583 2410 2650 deberet,
2442 2586 2581 2639 sicut
2610 2597 2664 2640 et
2697 2585 2840 2652 fecit,
2876 2587 3015 2641 unde
3045 2597 3098 2642 et
3121 2587 3440 2656 judicatum,

1843 2683 1898 2728 et
1931 2683 2257 2743 praeceptum
2288 2676 2624 2732 auctoritatis
2652 2693 2786 2744 Sine,
2827 2693 2984 2747 supra
3020 2681 3296 2734 nominato
3327 2679 3440 2735 Ari-

1843 2765 1995 2820 berto
2026 2777 2228 2822 sancta:
2256 2768 2490 2824 Aretina:
2517 2771 2762 2825 ecclesia:
2792 2772 2943 2827 tubis
2970 2772 3226 2840 episcopo
3256 2781 3442 2837 quate.

1843 2873 1944 2913 nus
1993 2859 2251 2929 deinceps
2280 2861 2346 2914 ad
2378 2873 2585 2930 partem
2619 2863 2885 2918 ecclesia:
2933 2865 3241 2934 parochiam
3293 2880 3447 2920 suam

1845 2964 1970 3004 cum
2019 2953 2166 3006 omni
2219 2951 2546 3021 integritate,
2581 2953 2720 3009 sicut
2764 2955 2831 3010 ab
2880 2954 3176 3024 antiquitus
3207 2955 3328 3021 fuit,
3368 2965 3448 3012 te-

1843 3056 1973 3096 nere
1999 3050 2054 3097 et
2085 3042 2366 3112 possidere
2394 3045 2611 3100 debeat.

1911 3153 2016 3210 Sed
2035 3169 2130 3224 pro
2151 3154 2353 3225 integra
2375 3157 2623 3212 lirmitate
2647 3158 2797 3228 petiit
2817 3157 3095 3214 serenitati
3119 3169 3319 3214 nostra:
3334 3173 3445 3214 me-

1845 3257 2086 3319 moratus
2114 3249 2196 3301 vir
2223 3263 2346 3301 ven.
2380 3249 2662 3305 Aribertus
2694 3252 3068 3320 suprascripta:
3089 3261 3288 3305 sancta:
3319 3252 3451 3305 Are-

1845 3337 1970 3392 tinze
1998 3337 2248 3393 ecclesiae
2277 3342 2585 3409 episcopus,
2623 3352 2680 3396 ut
2709 3352 2764 3396 et
2793 3357 2890 3396 nos
2917 3343 3107 3397 demus
3134 3386 3148 3410 ,
3198 3343 3339 3397 circa
3372 3343 3452 3413 ip-

1840 3445 1955 3484 sam
1981 3442 2219 3485 sanctam
2244 3432 2528 3487 ecclesiam
2559 3433 2680 3497 Dei;
2715 3435 3011 3490 secundum
3041 3435 3182 3505 quod
3213 3436 3445 3490 domntts

1845 3531 2026 3574 noster
2068 3521 2178 3576 Leo
2226 3538 2472 3578 summus
2520 3524 2778 3593 pontifex,
2825 3533 2881 3579 et
2926 3526 3246 3580 venerabilis
3288 3540 3447 3595 papa,

1842 3629 1966 3670 cum
2014 3614 2416 3669 venerabilibus
2447 3617 2698 3670 omnibus
2740 3617 2948 3672 caneris
2980 3616 3224 3672 ﬁdelibus
3245 3629 3447 3672 sancta:

1843 3705 2106 3770 ecclesiaa,
2147 3705 2294 3774 justo
2327 3694 2569 3771 tramite,
2619 3719 2672 3761 et
2719 3707 2990 3777 a:quitatis
3032 3708 3220 3761 ordine
3251 3707 3446 3762 difﬁni-

1845 3809 1984 3862 mus,
2011 3801 2064 3848 et
2094 3811 2186 3862 per
2213 3807 2533 3865 praeceptum
2561 3798 2903 3852 autltoritatis
2928 3811 3043 3853 sua:
3069 3799 3444 3865 conﬁrmavit,

1848 3885 2162 3957 plenissima
2204 3885 2594 3964 deliberatione
2636 3888 2851 3956 cedere,
2897 3897 2950 3943 et
2993 3890 3311 3944 conﬁrmare
3352 3890 3446 3945 de-

1845 3981 2123 4033 beremus.
2179 3978 2346 4048 Cujus
2404 3978 2723 4049 positionem
2782 3997 2880 4052 pro
2932 3981 3117 4035 divino
3167 3983 3336 4047 cultu,
3390 3992 3447 4038 et

1847 4068 2152 4124 reverentia
2183 4069 2355 4138 ipsius
2383 4078 2582 4123 sancta:
2605 4069 2848 4125 ecclesia:
2870 4070 3135 4142 denegare
3158 4073 3441 4138 nolumus;

1845 4162 1940 4216 sed
2002 4160 2054 4214 in
2106 4160 2360 4215 omnibus
2422 4162 2492 4215 ita
2544 4163 2913 4230 concessisse,
2966 4164 3051 4219 vel
3097 4164 3449 4222 conﬁrmasse

1846 4269 2177 4325 cognoscere
2208 4254 2596 4325 praecipientes.
2636 4247 2777 4328 Ergo
2804 4258 3055 4326 jubemns
3079 4259 3223 4329 quod
3256 4274 3448 4330 perpe-

1847 4347 2058 4410 tualiter
2101 4346 2304 4401 dictam
2347 4363 2825 4404 commemoratam
2873 4362 3113 4406 sanctam
3149 4352 3243 4408 Dei
3276 4357 3450 4409 ecc|e«

1845 4441 1980 4495 siam
2019 4439 2143 4509 jure
2192 4440 2500 4496 ﬁrmissimo
2552 4457 2859 4498 mansuram
2907 4459 3029 4500 esse
3079 4449 3359 4515 volumus,
3391 4460 3449 4504 et

1846 4530 2083 4600 inspecta
2125 4531 2238 4599 ipsa
2277 4533 2629 4599 auctoritate,
2677 4535 2758 4590 vel
2803 4536 3258 4603 conﬁrmationis,
3311 4555 3449 4607 pra:-

1843 4623 1970 4678 dicti
2018 4623 2204 4679 domui
2257 4625 2411 4679 bona:
2467 4626 2741 4680 memoria:
2799 4628 2965 4694 patris
3015 4629 3206 4684 Leonis
3251 4631 3448 4686 summi

1845 4709 2133 4783 pontiﬁcis,
2165 4723 2222 4768 et
2249 4713 2568 4768 universalis
2601 4730 2750 4784 papa:
2778 4717 2916 4771 sicut
2942 4731 3038 4787 per
3063 4720 3237 4786 ipsum
3267 4721 3476 4776 decla--

1845 4815 2041 4873 ratum,
2071 4805 2140 4860 ita
2186 4805 2441 4876 deinceps
2490 4808 2666 4862 valere
2711 4810 3181 4878 snpranominalus
3225 4813 3449 4868 Ariber-

1849 4909 1934 4952 tus
1985 4909 2182 4953 sancta:
2213 4900 2450 4954 Aretinze
2505 4901 2748 4956 ecclesia:
2805 4905 3109 4974 epist-Opus,
3151 4906 3342 4976 suique
3396 4911 3450 4964 in

1850 4998 2166 5058 perpetuum
2195 4977 2562 5058 successores,
2608 4995 2695 5062 qui
2730 4993 2926 5049 fuerint
2966 5006 3205 5052 rectores
3238 4999 3290 5054 in
3321 5015 3448 5055 san-

1848 5093 1931 5138 cta
1963 5084 2054 5138 Dei
2105 5085 2344 5139 Ecclesia
2373 5101 2490 5150 sua,
2529 5097 2582 5140 ct
2630 5088 2980 5154 monasteria,
3015 5086 3068 5144 et
3117 5091 3448 5161 baptisteria,

1849 5176 1991 5229 sicut
2019 5192 2048 5228 a
2081 5178 2269 5245 priscis
2319 5177 2650 5247 temporibus
2676 5189 2861 5233 tenere
2887 5190 2940 5235 et
2971 5183 3264 5251 possidere,
3294 5189 3446 5254 juxta

1850 5276 2157 5322 sanctorum
2197 5268 2444 5338 Patrum,
2488 5279 2544 5324 et
2580 5271 2849 5340 :equitatis
2891 5272 3134 5328 ordinem
3176 5290 3363 5345 regere
3392 5287 3450 5330 et

1847 5360 2168 5428 gubernare.
2202 5361 2266 5415 Et
2287 5373 2344 5414 ttt
2374 5363 2489 5416 ltzec
2518 5365 2812 5418 auctoritas
2843 5366 3049 5419 ﬁrmior
3080 5365 3361 5432 habeatur,
3392 5375 3451 5421 et

1851 5470 1945 5523 per
1972 5465 2211 5524 tempora
2239 5457 2427 5510 melius
2451 5469 2831 5525 conservetur,
2860 5477 3019 5513 Iltattu
3047 5463 3258 5529 propria
3287 5477 3445 5529 supra

1850 5547 2199 5618 ﬁrmavimus,
2223 5561 2274 5605 et
2304 5550 2373 5605 de
2402 5559 2606 5606 annulo
2638 5561 2825 5607 nostro
2853 5555 3072 5623 sigillari
3097 5555 3375 5625 jussimus.

1920 5663 2139 5734 Signum
2170 5663 2346 5717 Caroli
2374 5658 2610 5734 Magni":-
2645 5668 3001 5734 imperatoris.

1919 5775 2045 5829 llata
2098 5791 2147 5831 tv
2199 5775 2380 5832 Nonas
2429 5775 2671 5856 Martias,
2721 5777 2792 5834 53
2838 5787 2889 5835 ct
2931 5776 3000 5832 54
3042 5794 3182 5834 anno
3237 5778 3446 5848 imperii

1847 5867 2032 5924 nostri.
