3868 6212
175 285 201 340 l
215 288 331 344 0'35

548 285 778 344 COIJEX
824 284 1339 346 DIPLOMATICUS.
1382 319 1452 332 ~—-
1493 287 1904 347 I’RIVILEGIA.
1957 323 2028 339 -
2070 297 2317 355 I‘RIVIL.
2360 298 2493 355 PEII
2535 302 2802 361 PARTES
2845 305 3121 364 ITALl/E.

3347 315 3484 371 I036

165 417 244 455 ex
281 416 413 472 rogo
443 399 690 470 Lndigari
721 414 927 462 comes,
965 403 1116 455 testis
1145 416 1262 456 smn
1298 412 1532 472 rogatus,
1567 405 1775 472 signum
1811 408 1853 462 Α
1886 417 1941 464 et
1985 412 2248 467 nominari
2303 426 2525 483 possunt
2578 419 2644 472 ad
2701 421 2982 490 praefatum
3027 425 3484 486 (ὶοηοοτάίεηερη,

163 492 359 548 crucis
389 491 487 546 feci
514 492 572 559 1-.
607 491 717 559 Ego
744 491 1119 558 Suseprnndus
1147 507 1176 545 a
1207 496 1575 562 suprascripto
1608 496 1769 548 Ludi-

159 584 290 650 gari
325 598 506 637 comes
534 581 682 636 testis
708 596 825 634 sunt
857 592 1098 649 rogatus,
1130 582 1340 649 signum
1366 586 1543 638 crucis
1579 585 1678 639 feci
1709 585 1776 656 1‘.

163 672 292 740 Ego
323 674 650 727 Ilotlelantus
671 686 699 725 a
719 686 792 726 ss.
827 671 1070 741 Ludigari
1099 686 1280 726 comes
1303 677 1451 728 testis
1476 691 1594 730 sum
1629 692 1778 745 roga-

164 770 286 828 tus,
349 765 559 834 signum
605 763 784 818 crucis
838 762 936 818 feci
981 763 1043 832 οἵ.
1104 765 1560 837 I'Igo‘Astolpltus
1614 784 1642 820 a
1705 783 1778 822 ss.

167 853 432 926 Ludigari
479 870 663 911 eomes
707 855 860 909 testis
908 870 1024 909 sum
1071 867 1306 925 rOgatus,
1356 861 1566 927 signum
1599 864 1782 916 crucis

161 944 277 1000 feci
311 949 350 1016 -ι-
384 957 434 1002 ⁸.

901 1015 1067 1074 XVII.

163 1104 424 1176 Diploma
473 1108 649 1164 Caroli
709 1106 928 1248 Ma(gni,
990 1111 1363 1250 ιὲὦῖσειεεὶα
1415 1110 1784 1170 Cottcordiensi

830 1196 970 1233 anno
1156 1219 1170 1233 .

830 1196 970 1233 anno
998 1196 1106 1233 δυΖ
1133 1196 1170 1233 ι.

615 1269 707 1332 (Ex
739 1269 984 1333 Ugbellio,
1015 1271 1149 1320 Italia
1173 1272 1364 1333 Sacra.)

244 1353 305 1407 In
333 1353 549 1408 nomine
580 1365 801 1420 sanctae,
829 1363 881 1408 et
904 1353 1187 1407 individua:
1219 1355 1523 1422 Trinitatis,
1559 1355 1784 1411 Carolus

159 1443 355 1499 divma
385 1446 595 1499 favente
625 1445 911 1500 clementia
944 1460 1034 1498 rex
1069 1445 1418 1512 Francorum,
1441 1456 1494 1501 et
1523 1448 1784 1516 patricius

163 1536 570 1592 Romanorum.
599 1537 656 1592 Si
684 1536 952 1604 religiosis
978 1539 1388 1609 prasidentihus
1422 1540 1554 1596 locis
1586 1541 1786 1598 divinis

161 1628 413 1682 cultibus
445 1627 762 1696 maneipatis
784 1627 1040 1703 juvanten
1089 1631 1255 1684 nostri
1301 1633 1510 1698 itttperii
1565 1635 1780 1703 praebe—

164 1734 320 1783 tuus,
354 1719 480 1774 inde
506 1733 704 1788 quanto
731 1699 981 1775 humanis
1034 1721 1306 1776 muniumr
1362 1723 1596 1790 auxiliis,
1629 1733 1779 1779 tanto

1885 504 2249 574 episcopatum
2284 509 2696 578 pertinentibus,
2730 514 2810 568 vel
2841 518 3232 582 spectantibus.
3262 520 3484 590 Insuper

1887 599 2231 655 concedimus
2258 600 2369 669 jam
2399 602 2543 656 dicto
2573 603 2732 659 Petro
2781 606 3036 678 episcopo
3083 592 3287 668 sanctas
3333 612 3482 669 Con-

1887 688 2184 746 cordiensis
2215 693 2457 748 ecclesias
2484 709 2572 763 eiu
2604 708 2712 772 que
2745 700 3152 756 successoribus
3199 708 3482 774 parochias
3550 701 3553 706 ’

1887 794 2009 834 cum
2041 782 2292 837 omnibus
2326 784 2606 851 plebibus,
2658 797 2712 843 et
2765 789 3217 847 decimatiouibus
3271 794 3486 852 illorum

1890 871 2154 938 locorum,
2199 891 2319 950 qtth
2375 876 2427 929 in
2485 875 2840 946 infrascriptis
2893 881 3218 939 clauduntur
3270 886 3486 955 finibus,

1888 965 1970 1016 vel
2008 977 2194 1017 eorum
2247 966 2700 1024 deter-iniustitiae
2733 986 2745 1022 :
2781 970 2869 1024 ubi
2923 969 3111 1027 oritur'
3150 974 3362 1042 ﬂuvius,
3395 979 3486 1046 qui

1887 1056 2082 1107 dicitur
2135 1056 2546 1130 Talianientum,
2594 1068 2651 1115 et
2690 1059 2881 1115 definit
2931 1062 2982 1117 in
3035 1081 3206 1129 mare,
3251 1078 3306 1122 et
3349 1069 3488 1124 sicut

1888 1146 2059 1199 oritur
2090 1146 2284 1202 ﬂuvius
2305 1147 2620 1218 Liguentize,
2645 1161 2698 1205 et
2719 1153 2908 1207 deﬂuit
2935 1154 2988 1208 in
3021 1172 3188 1212 mare.
3221 1159 3488 1215 Donamns

1888 1239 2048 1290 etiam
2080 1253 2239 1292 omne
2275 1238 2542 1306 foderunt,
2573 1251 2626 1296 et
2655 1245 3084 1314 exsecutionem,
3109 1260 3161 1302 et
3191 1254 3484 1319 angariant,

1888 1340 1943 1384 et
1964 1347 2178 1387 omnem
2210 1334 2477 1406 publicam
2506 1336 2839 1392 iunctionem
2872 1341 3128 1408 praedicto
3161 1345 3320 1400 I’etro
3374 1351 3490 1415 epi-

1889 1438 2078 1491 scOpo,
2111 1426 2338 1498 ejusque
2360 1431 2768 1484 successoribus
2781 1433 2847 1486 de
2875 1442 2988 1487 toto
3013 1436 3129 1504 ipso
3153 1438 3402 1509 episiropa
3430 1456 3483 1505 tt,

1893 1521 1953 1566 ut
1983 1515 2160 1594 nullus
2193 1517 2284 1572 det
2315 1515 2586 1586 foderunt,
2614 1535 2790 1590 neque
2827 1523 3132 1594 coliettam,
3162 1543 3335 1597 neque
3385 1534 3487 1585 tili-

1891 1619 2050 1675 quam
2097 1605 2398 1674 «lationem,
2433 1625 2533 1664 nec
2581 1612 2718 1681 ipse,
2773 1628 2870 1668 nec
2917 1631 3047 1671 suus
3088 1619 3338 1688 colonus,
3389 1639 3489 1678 nec

1890 1699 2051 1769 aliqui
2085 1700 2136 1754 itt
2171 1704 2505 1766 pertinentiis
2537 1705 2704 1775 ipsius
2745 1707 3092 1779 episcopatus
3145 1724 3490 1768 commoran-

160 1813 467 1880 proclivins
494 1811 667 1881 juvari
696 1812 892 1867 divinis
916 1813 1135 1868 minime
1165 1815 1471 1870 titubamus.
1507 1818 1769 1885 Quocirca

1886 1800 1988 1857 tes,
2028 1793 2110 1849 vel
2155 1796 2483 1852 laborantes.
2541 1798 2892 1871 Prmeipimus
2934 1777 3171 1872 qumque,
3206 1812 3262 1860 ut
3313 1808 3489 1862 nullus

161 1901 352 1955 Otltttis
381 1913 580 1956 sanctae
609 1903 859 1958 Ecclesia:
891 1902 1125 1956 lideltum
1166 1916 1476 1960 nostrorum
1532 1923 1772 1976 przesen-

165 1993 308 2046 tiuni
338 1994 552 2048 scilicet
573 2008 634 2048 ac
659 1995 952 2047 futurorum
975 1995 1241 2063 concipiat
1265 1997 1612 2064 universitas,
1645 1989 1776 2068 qua-

162 2082 300 2137 liter
335 2098 554 2153 propler
583 2100 778 2140 nomen
805 2085 1034 2151 Domini,
1069 2094 1126 2140 et
1152 2098 1412 2141 internum
1465 2103 1780 2144 remunera-

166 2177 407 2242 tionem,
438 2190 599 2247 atque
627 2179 930 2233 interventu
957 2177 1220 2249 Radigen.
1268 2181 1441 2235 fidelis
1471 2184 1641 2236 nostri
1676 2198 1787 2249 nos.

163 2269 468 2338 recipimus
520 2267 733 2324 Petrum
783 2278 984 2324 sancta:
1045 2268 1472 2326 Coueordiensis
1528 2271 1777 2326 ecclesia:

159 2361 487 2429 episcopum
517 2360 798 2414 subnostri
821 2361 1154 2428 defensione,
1182 2368 1238 2415 et
1265 2361 1530 2417 tutatnine
1561 2363 1779 2418 mundi-

162 2456 351 2510 burdii
381 2472 503 2510 cum
530 2466 636 2509 tota
671 2456 979 2525 integritate
1007 2454 1175 2524 ipsius
1201 2458 1566 2524 episcopatus,
1590 2470 1777 2509 orato-

159 2547 287 2612 riis,
333 2549 606 2610 domibus,
651 2546 864 2611 castris,
915 2547 1074 2611 villis,
1125 2546 1321 2610 servis,
1353 2559 1407 2600 et
1453 2549 1690 2614 ancills,
1723 2559 1782 2603 et

159 2641 430 2695 omnibus
461 2642 643 2705 rebus,
675 2639 987 2706 mobilibus,
1018 2655 1080 2693 ae
1108 2638 1489 2706 immobilibus,
1529 2656 1647 2709 qua:
1673 2640 1782 2695 dici

540 2718 550 2738 ι

242 2783 268 2809 ⁸
303 2774 422 2830 Huc
453 2790 624 2844 usque
651 2774 894 2842 donatio,
917 2783 971 2828 et
998 2773 1452 2843 subscriptiones.

240 2845 346 2916 Diu
372 2841 593 2914 ancipiti
621 2841 970 2916 cogitatione,
996 2857 1051 2898 et
1077 2841 1254 2898 mente
1283 2844 1445 2896 dubia
1481 2841 1777 2916 distractus

162 2914 548 2984 sutu,’utrum,
572 2914 734 2969 'veluii
766 2926 1092 2983 suspectam,
1117 2918 1530 2982 barbaratuque,
1555 2928 1619 2969 ac
1639 2914 1781 2984 'unac

164 3002 394 3056 quaque
425 2989 535 3040 fere
565 2988 701 3039 linea
748 2998 1041 3041 scatentem
1073 2985 1430 3049 solacis-mis,
1450 3001 1778 3052 exponerem

164 3058 502 3120 chartulam,
545 3059 796 3126 illamque
839 3057 999 3110 veluti
1033 3059 1269 3125 spuriant
1303 3056 1521 3110 silentio
1569 3065 1782 3122 penitus

1888 1897 2196 1939 nostrorum
2225 1886 2464 1942 lidelinnt
2498 1892 2742 1954 veniens,
2776 1907 2840 1946 ae
2867 1893 3200 1966 ingrediens,
3221 1905 3317 1954 aut
3341 1901 3491 1962 missi

1884 1974 1982 2029 dist
2005 1971 2255 2031 urrentes
2288 1979 2339 2031 in
2375 1979 2494 2048 ipso
2524 1980 2836 2050 episcopatu
2879 1996 2968 2035 aut
2999 1982 3117 2056 ejus
3145 1987 3488 2054 pertinentiis

1885 2069 2336 2122 mansionaticnni
2380 2070 2603 2141 fat-iant,
2636 2085 2724 2129 aut
2765 2075 2999 2146 alienam
3047 2079 3322 2136 da‘tiouem
3373 2083 3496 2138 cxi-'

1887 2165 2039 2227 gant,
2066 2159 2160 2212 sed
2192 2162 2367 2238 omnia
2399 2163 2509 2241 sint
2542 2166 2594 2217 in
2626 2171 2894 2234 potestate
2925 2167 3067 2223 Petri
3108 2181 3310 2227 sancta
3338 2171 3482 2229 Con-

1883 2250 2440 2308 cordicnsisecclesite
2455 2241 2713 2325 episcopi,
2730 2270 3060 2327 suorumque
3073 2275 3446 2319 successorum
3475 2285 3487 2318 :

1883 2359 1938 2402 et
1967 2346 2064 2400 hac
2094 2359 2273 2402 nostra
2319 2353 2641 2406 auctoritate
2679 2352 2928 2408 suﬂttlius
2967 2355 3133 2413 libere
3183 2373 3246 2413 ac
3293 2374 3486 2416 secure

1884 2441 2130 2509 disponat
2157 2453 2348 2496 cuncta
2379 2444 2479 2498 sibi
2509 2459 2537 2496 a
2583 2445 2736 2500 nobis
2781 2446 3046 2518 subjecta.
3106 2448 3488 2520 l‘raecipientes

1887 2536 2063 2604 itaque
2088 2535 2360 2604 jnhemus,
2407 2547 2463 2591 ut
2496 2537 2677 2592 nullus
2733 2538 2863 2602 dux,
2887 2541 3195 2608 episcopus,
3225 2544 3488 2610 marchio,

1885 2643 2089 2692 comes.
2136 2632 2462 2696 vicecomes,
2520 2643 2585 2684 ac
2630 2630 2951 2696 sculdasius,
3002 2632 3296 2702 gastaldus,
3325 2634 3490 2689 deca-

1887 2801 2004 2840 rnm
2036 2784 2210 2839 Caroli
2259 2784 2352 2848 26,
2397 2784 2571 2854 Pipini
2615 2801 2746 2842 vero
2796 2787 2884 2855 I8,
2915 2787 3141 2844 ducatus
3171 2799 3350 2844 autem
3384 2790 3484 2847 viri

1885 2857 2258 2929 gloriosissinti
2295 2857 2562 2929 Vinigesii
2605 2873 2748 2911 anno
2795 2858 2850 2920 8.
2889 2868 2945 2913 et
2979 2873 3124 2914 anno
3168 2861 3202 2912 8
3233 2862 3487 2929 Lndigari

1887 2928 2097 2981 εοιιιὶιὶς
2124 2928 2357 2981 civititis
2388 2928 2590 2994 Asculi,
2627 2944 2812 2984 mense
2838 2929 3007 2992 Junii,
3031 2932 3122 2986 die
3148 2931 3202 2992 Ξ,
3237 2928 3489 2988 indictio-

1889 3014 1958 3071 ne
1983 3001 2046 3064 7;
2073 2999 2172 3051 hac
2191 2999 2342 3071 enim
2368 2997 2660 3071 indictione
2683 3016 2824 3054 anno
2849 3001 3046 3056 Christi
3077 3003 3180 3057 799
3205 3001 3488 3071 habemus,

1888 3066 2140 3123 Carolnm
2188 3068 2291 3122 iter
2318 3071 2370 3122 in
2404 3069 2609 3123 Italiam
2656 3071 2970 3135 instituisse,
3019 3072 3084 3126 ad
3119 3066 3484 3130 ulciscendam

161 3141 533 3209 prtetertretn,
560 3143 626 3211 an
653 3130 900 3211 ptitiusjn
925 3128 1040 3195 ejus
1062 3126 1533 3211 animadversione
1561 3135 1769 3206 tempus

1885 3140 2128 3209 i-njttriatn
2148 3142 2198 3192 in
2221 3140 2711 3194 sanetumLeouem
2729 3141 2790 3197 III
2817 3154 2846 3194 a
2874 3126 3119 3196 Past'hali
3151 3126 3486 3211 Priinicerio;

163 3199 531 3253 insumerem.
564 3199 794 3252 Confusa
829 3198 880 3251 in
913 3211 974 3250 ea
1005 3213 1310 3266 regnorum,
1346 3195 1768 3267 indictionisque

161 3273 504 3338 supputatio,
537 3270 745 3324 diversa
775 3283 989 3336 quoque
1032 3282 1295 3321 annorum
1327 3269 1671 3334 subscriptio.
1709 3268 1767 3323 Si

162 3337 319 3393 enim
354 3342 681 3408 quiescimus
710 3339 1109 3408 subscriptioni,
1139 3337 1482 3408 donationem
1516 3353 1545 3389 a
1572 3338 1772 3402 Carolo

162 3405 628 3475 Calvo,'nontlnnt
664 3423 841 3464 tamen
872 3405 1214 3477 imperatore,
1249 3410 1343 3462 sed
1375 3405 1565 3461 Galliae
1599 3413 1772 3474 potius

167 3491 434 3552 tyranno,
484 3481 746 3547 Italia-que
799 3483 1042 3535 invasore
1070 3480 1453 3545 Sub~crtptam,
1495 3479 1773 3552 affirmare

162 3549 417 3620 ciigﬁniur
443 3568 454 3602 :
482 3553 566 3604 ille
599 3565 827 3618 namque
858 3566 947 3617 per
976 3565 1037 3601 ea
1073 3561 1312 3615 tempora
1345 3563 1462 3602 erat
1493 3549 1543 3602 in
1580 3549 1772 3602 buma-

163 3639 282 3686 nts,
301 3637 550 3690 annoque
570 3624 831 3688 sequenti,
859 3623 946 3690 qui
965 3630 1080 3674 erat
1100 3624 1167 3674 ab
1189 3621 1319 3674 orbe
1347 3622 1622 3687 :edenpto
1641 3620 1767 3685 875,

164 3699 359 3745 audito
389 3689 640 3746 Ludovm
686 3693 730 3745 II
773 3689 1116 3758 itnpeiatoris
1145 3695 1314 3752 olntu,
1351 3690 1494 3743 illico
1546 3705 1767 3758 regnum

165 3764 338 3817 Italia:
369 3764 580 3827 invasit,
611 3770 665 3815 et
692 3777 722 3815 a
761 3763 967 3816 Joanne
1006 3777 1138 3829 papa
1184 3761 1290 3814 Vlll
1327 3761 1427 3813 [ςδίι
1458 3762 1647 3814 nonne
1676 3777 1770 3814 eo-

168 3849 442 3893 rona-us;
487 3850 599 3900 ipse
643 3842 818 3886 tamen
863 3847 1133 3900 nunquam
1175 3842 1444 3902 reperitur
1474 3833 1647 3884 dictus
1678 3848 1770 3886 rex

163 3904 672 3972 Langobardorum,
707 3921 804 3956 nec
853 3904 1016 3956 liliuttt
1069 3903 1310 3971 I’ipiuutu
1347 3902 1563 3955 nomine
1606 3903 1774 3956 colle-

164 3991 293 4040 gam
330 3975 580 4028 habuisse
620 3973 672 4028 in
707 3985 890 4042 regno.
932 3975 1150 4043 t’ipinus
1181 3988 1430 4041 namque,
1463 3981 1518 4026 et
1547 3974 1772 4043 L‘arolns

167 4046 319 4107 illius
354 4044 423 4099 ek
464 4044 650 4113 Ptpiuo
681 4041 817 4113 rege
846 4041 1010 4099 fratre
1041 4055 1260 4112 nepotes
1289 4057 1509 4112 tegnnnt
1554 4041 1768 4112 inquieo

164 4127 376 4180 tantes,
417 4118 486 4168 ab
517 4118 742 4184 ipsumet
767 4114 960 4170 Carolo
992 4114 1154 4168 Calvo
1182 4127 1337 4171 antea
1369 4116 1508 4181 capti
1542 4115 1644 4167 sub
1674 4130 1767 4171 an.

166 4188 302 4250 852,
333 4203 398 4239 ac
422 4188 615 4239 attonsi
637 4187 835 4241 detrusr
871 4185 1076 4239 fuerant
1110 4185 1161 4238 in
1188 4188 1600 4250 monasterium,
1635 4196 1771 4240 teste

162 4258 478 4326 Sigeberto.
525 4255 788 4311 Czetertnn
827 4250 895 4309 si'
912 4257 975 4309 atl
1007 4271 1291 4325 regnorum
1329 4257 1380 4309 iit
1413 4254 1584 4321 Italia,
1621 4258 1772 4310 indi-

163 4329 475 4396 ctionisque
503 4335 766 4397 tempora,
791 4326 1199 4397 inﬁdouationis
1234 4326 1496 4394 principio
1525 4329 1767 4396 apposita

165 4401 515 4468 respicimus,
560 4396 678 4452 eam
712 4413 741 4451 a
773 4396 966 4452 Carolo
995 4397 1182 4467 Magno
1210 4398 1580 4451 confirmatam
1605 4399 1772 4453 fuisse

163 4472 336 4523 dubio
365 4469 550 4538 procul
579 4470 905 4524 credendum
930 4481 1043 4534 est;
1077 4484 1199 4522 nam
1227 4483 1369 4522 anno
1398 4471 1539 4522 illius
1565 4484 1765 4536 regno-

164 4555 288 4594 rum
319 4542 371 4592 in
400 4542 544 4592 Italia
571 4539 664 4609 ‘26,
688 4551 746 4593 ut
767 4539 1255 4595 habet.douattonis
1278 4540 1543 4605 chartula,
1570 4540 1766 4609 ipsum,

165 4611 401 4664 diruisse
435 4608 728 4665 honorifice
759 4610 938 4664 Leone
969 4610 1032 4664 III
1065 4612 1169 4664 iter
1201 4614 1251 4662 in
1284 4610 1488 4665 Italiam
1522 4608 1766 4679 parasse,

165 4696 425 4751 annoque
455 4683 696 4749 sequenti
728 4681 1106 4739 fnisse'tiotne:
1129 4682 1512 4751 imperatorem
1542 4697 1771 4736 corona-

166 4763 308 4817 tutn,
343 4750 520 4806 Latini
543 4765 734 4807 omnes
762 4761 1022 4807 testantur
1054 4753 1317 4806 historici.
1355 4750 1659 4821 Viuigesins
1689 4754 1772 4806 in-

165 4837 338 4892 super
364 4823 684 4890 Spolctanus
714 4825 841 4891 dux,
872 4825 1023 4877 testis
1061 4822 1113 4876 iu
1145 4823 1434 4877 donatione
1463 4821 1767 4891 adhibitus,

169 4898 290 4965 hoc
331 4900 524 4948 eodem
575 4907 715 4947 anno
760 4908 1047 4961 regnorum
1098 4893 1534 4965 setlicetitjaroli
1588 4895 1770 4965 Magni

167 4967 224 5018 in
276 4964 428 5018 Italia
458 4966 528 5020 25
568 4981 690 5018 eum
725 4980 823 5020 suo
866 4965 1104 5020 exercitu
1147 4965 1240 5018 ivit
1283 4964 1491 5018 obviam
1537 4964 1769 5020 sanctis-

166 5036 315 5089 simo
358 5049 507 5103 νίψω
551 5033 740 5100 Leoni,
785 5046 837 5090 et
880 5035 1260 5089 venerabiliter
1291 5036 1440 5088 illum
1471 5037 1767 5102 recipiens,

172 5105 430 5176 perduxit
466 5104 763 5172 Spoletutn,
810 5115 869 5161 ut
906 5107 1079 5176 inquit
1118 5106 1456 5160 Anastasius.
1510 5106 1770 5172 Quocirca

168 5175 399 5243 exploso
428 5178 839 5244 subscriptionis
883 5193 1066 5231 errore
1089 5219 1103 5242 ,
1135 5192 1230 5229 cur
1257 5191 1561 5247 germanam
1601 5180 1771 5232 dona-

170 5250 378 5300 tionem
412 5250 774 5315 improbemus
806 5265 908 5302 non
948 5251 1122 5307 video.
1155 5264 1251 5301 nec
1283 5248 1552 5300 rudiSsimi
1580 5250 1772 5304 scriba:

168 5318 473 5386 ignorantia
505 5317 712 5385 vitiabit
741 5323 1080 5388 scripturam.
1130 5321 1263 5373 tlinc
1306 5334 1599 5386 regnorum
1633 5333 1767 5372 con-

170 5390 351 5442 Iusam
433 5390 867 5459 supputationem
940 5393 1310 5458 espticarem,
1384 5390 1768 5444 dilucidarem-

212 5474 280 5512 ue
320 5470 412 5513 ηδ.

168 5478 572 5585 ᾳυῧιηπίηηὶιιθ
619 5529 832 5586 Domini
885 5532 973 5587 Dei
1021 5531 1316 5586 Salvatoris
1375 5531 1502 5587 Jesu
1549 5533 1767 5601 Christi,

169 5613 430 5671 regnante
474 5604 671 5656 domno
718 5605 930 5666 Carolo,
964 5615 1019 5658 et
1052 5605 1237 5673 I’ipino
1269 5603 1376 5658 lilio
1426 5604 1544 5673 ejus
1570 5610 1768 5661 'cxcel-

170 5673 491 5729 lentissitnis
533 5677 752 5743 regibus
784 5675 1134 5741 Francorum,
1165 5687 1218 5729 et
1265 5675 1767 5745 Langobardorum,

166 5758 226 5801 et
269 5746 510 5813 patriciis
544 5747 938 5816 ltotuanorunt,
971 5762 1253 5816 regnorum
1283 5749 1334 5802 in
1364 5747 1562 5802 Christi
1594 5750 1769 5804 nomi-

167 5832 240 5872 ne
278 5818 328 5870 in
367 5816 514 5872 Italia
541 5815 652 5874 Deo
679 5817 914 5888 propitio
943 5820 1011 5874 ‘26
1040 5815 1101 5876 tt
1131 5817 1194 5872 I8
1221 5834 1312 5878 an.
1341 5819 1548 5876 scilicet
1577 5834 1770 5893 regno-

1879 3225 1934 3284 et
1958 3211 2220 3278 tiantpnlo
2247 3212 2531 3284 sacellario
2563 3211 2799 3277 illatam;
2828 3213 2879 3266 itt
2912 3213 3018 3266 fine
3047 3227 3254 3280 autem,
3278 3230 3385 3284 quo
3406 3216 3489 3272 di-

1879 3283 2038 3342 citur,
2059 3291 2243 3352 actum‘
2261 3282 2312 3335 in
2339 3283 2556 3346 Asculo,
2585 3284 2664 3336 sic
2687 3285 2942 3338 restitue:
2966 3286 3158 3339 Actum
3186 3286 3237 3339 in
3270 3282 3488 3349 Asculo.

1881 3353 1931 3405 in
1991 3353 2109 3406 loco
2164 3351 2253 3420 qni
2299 3351 2492 3406 dicitur
2523 3354 2770 3420 Carruta,
2807 3368 2948 3408 anno
2993 3357 3063 3408 ab
3116 3355 3487 3412 Incarnatioae

1884 3422 2096 3476 Domini
2123 3423 2294 3478 nostri
2336 3421 2464 3487 Jesu
2515 3421 2714 3477 Christi
2772 3427 3253 3495 si-ptingente‘imo
3311 3442 3486 3482 nona-

1879 3507 2084 3562 gesimo
2117 3509 2284 3548 nono.

1950 3561 2198 3638 garrula,
2231 3562 2536 3638 undeillud
2569 3563 2908 3634 imperatoris
2951 3565 3128 3620 Caroli
3163 3577 3484 3638 rescriptum

1879 3635 2032 3700 exiit,-
2064 3645 2341 3689 extremus
2373 3636 2623 3707 Asculani
2664 3639 2955 3707 comitatus
2978 3638 3141 3707 limes
3171 3647 3278 3702 cst,
3310 3635 3484 3707 eaque

1879 3721 1970 3758 arx
2007 3717 2189 3773 postea
2228 3707 2500 3760 Bernardo
2530 3704 2574 3758 Il
2603 3721 2730 3763 ann.
2782 3705 2913 3762 t051
2945 3722 2974 3760 a
3016 3705 3306 3762 Gutllelmo
3339 3704 3482 3766 Ode-

1880 3777 2061 3850 tnnndi
2095 3778 2204 3829 lilio
2237 3791 2502 3850 Concessa
2544 3789 2647 3838 est,
2696 3780 2849 3850 isque
2901 3782 3071 3844 locus,
3105 3781 3378 3835 Anastasii
3414 3782 3479 3836 IV

1878 3845 2044 3911 bulla,
2073 3863 2161 3900 an.
2191 3849 2330 3904 1153
2352 3849 2673 3914 celebratur,
2707 3845 2918 3918 qziae'ad
2941 3851 3227 3904 comitatus
3263 3854 3484 3916 Annui-

1877 3933 2004 3970 Ititlll
2048 3930 2103 3972 et
2152 3919 2474 3973 ASCtilanttm
2514 3921 2845 3975 dirimendo:
2883 3921 3146 3975 terminus
3173 3933 3257 3975 est
3281 3924 3480 3977 delini-

1880 3999 1982 4043 tus.
2033 3989 2121 4043 Illa
2172 4005 2266 4043 arx
2318 3990 2478 4043 hodie
2525 4004 2728 4062 excisa,
2774 4006 3073 4062 evi-rsaqne
3109 4003 3214 4062 est,
3255 3992 3481 4062 ejus‘que

1878 4061 2054 4132 adnue
2101 4063 2318 4132 vestigia
2352 4062 2406 4114 in
2455 4064 2601 4129 regni
2653 4061 2998 4129 Neapolitani
3039 4061 3320 4125 limitibus,
3374 4079 3483 4118 non

1878 4131 2069 4185 leviter
2093 4131 2351 4200 lmpl‘thSa
2380 4144 2618 4185 exstant.
2649 4133 2724 4185 Ex
2743 4135 2885 4187 illius
2905 4134 3075 4188 ruinis
3101 4133 3330 4194 duorum
3360 4137 3485 4190 mil-

1877 4203 2089 4256 liarium
2139 4205 2422 4257 intervallo
2465 4213 2753 4258 exettatmn
2805 4211 2887 4258 est
2938 4202 3484 4274 oppzdumiAncara-

1878 4289 2002 4326 nunt
2027 4313 2042 4336 ,
2093 4279 2234 4343 quod
2269 4276 2333 4328 ab
2367 4275 2637 4342 episcopis
2682 4276 2963 4330 Ast-manis
2992 4275 3089 4346 jus
3120 4273 3485 4338 tlivinutn,'ac

1878 4347 2153 4412 politictnu
2185 4347 2412 4412 accepit,
2442 4361 2470 4397 a
2500 4359 2606 4411 quo
2640 4347 2869 4412 primum
2901 4357 3142 4414 tempore
3169 4348 3342 4402 stetit.
3368 4347 3484 4403 Sub

1877 4418 1993 4482 ejus
2023 4426 2174 4485 porta
2199 4420 2265 4469 ab
2295 4431 2452 4469 anuis
2485 4417 2578 4480 I5,
2624 4417 2758 4485 lapis
2789 4428 2978 4472 erutus
3011 4432 3075 4471 ac
3103 4419 3344 4471 refossns
3373 4430 3482 4482 est,

1879 4490 1965 4540 cui
1999 4489 2430 4553 antiquissimum
2463 4487 2732 4540 dietiehou
2773 4488 2996 4542 incisum
3030 4489 3334 4557 legebatur,
3372 4504 3482 4556 quo
3544 4532 3548 4536 .

1877 4562 1944 4613 de
1976 4560 2113 4612 ateis
2159 4560 2471 4612 lundattoue
2499 4560 2797 4613 constabat.
2851 4559 3015 4628 quue
3047 4569 3229 4628 postea
3263 4573 3479 4614 erasum

1873 4639 1978 4697 est,
2026 4641 2083 4681 ut
2124 4631 2272 4682 arma
2319 4631 2578 4698 gentilitia
2622 4630 2860 4699 episc0pi
2909 4628 3234 4698 Sigistnnndi
3284 4628 3478 4684 Dooati

1877 4701 2313 4767 insculpeientur
2347 4718 2358 4751 :
2392 4700 2484 4754 sed
2517 4717 2583 4753 tte
2632 4700 2791 4770 illius
2819 4714 3078 4754 memoria
3125 4701 3336 4770 penitus
3387 4699 3482 4756 ἐκ·

1873 4774 2255 4841 stittgueretnr,
2287 4788 2314 4824 a
2343 4773 2550 4826 Joanne
2583 4771 2740 4826 Petro
2769 4769 3002 4826 Paciﬁco
3029 4771 3320 4840 episcopali
3352 4787 3480 4827 can.

1873 4846 2094 4898 cellario
2122 4853 2453 4913 exscriptum
2483 4853 2588 4910 est,
2621 4857 2684 4896 ac
2714 4847 2994 4912 sequentia
3026 4845 3230 4898 ferebat
3262 4861 3274 4895 :

1985 4935 2202 4989 Carolus
2236 4935 2332 4988 hoc
2365 4942 2592 4988 castrum
2617 4949 2709 4988 rea:
2738 4950 2951 5004 magnus
2979 4932 3231 4998 condidit,
3261 4933 3354 4987 illo

2089 5007 2343 5076 Tempore
2363 5006 2599 5075 Carrufa:
2630 5008 2804 5059 diruta
2833 5019 2971 5058 terra
2999 5005 3120 5072 fuit.

1877 5099 1990 5157 Hoc
2031 5108 2438 5154 monumentum
2478 5100 2682 5169 scripto
2721 5099 2933 5154 comitis
2975 5097 3245 5168 Ludigarii
3289 5104 3478 5152 aucto-

1875 5171 2088 5227 ritatem
2118 5172 2468 5235 conciliabat,
2513 5168 3037 5225 cntntertissimutu
3097 5168 3344 5223 theatur
3414 5169 3480 5223 iis

1877 5245 2208 5313 temporibus
2239 5242 2488 5298 Carolum
2520 5256 2638 5294 eam
2685 5255 2863 5296 arcem
2908 5241 3190 5294 obsidione
3215 5241 3475 5301 cinxisse,

1873 5329 1976 5382 qua
2028 5327 2352 5382 expugnata,
2403 5323 2456 5367 et
2500 5327 2625 5366 mox
2671 5313 2739 5366 ab
2783 5314 2900 5380 ipso
2937 5313 3055 5366 solo
3084 5313 3386 5379 adchnata,
3423 5322 3480 5362 ut

1875 5388 2162 5440 traditione
2191 5387 2523 5440 celebratum
2555 5392 2656 5449 est,
2692 5399 2754 5438 ex
2789 5384 2906 5452 ejus
2939 5383 3107 5436 ruinis
3132 5383 3475 5437 Aucaranuni

1874 5457 1926 5510 in
1957 5474 2022 5511 eo
2054 5459 2173 5510 loco
2203 5456 2634 5521 consurrexisse,
2662 5455 2712 5508 in
2744 5469 2851 5524 quo
2884 5455 3012 5506 olim
3044 5454 3471 5522 magniﬁcentis-

1873 5528 2071 5581 simum
2107 5529 2364 5595 templum
2401 5528 2522 5580 Dea:
2565 5531 2866 5580 Ancarauae
2905 5533 3025 5580 erat
3068 5531 3471 5588 consecratum,

1875 5600 2018 5668 quod
2066 5602 2268 5667 lictutn,
2317 5601 2801 5667 adutnbratumque
2848 5613 3043 5650 numen
3089 5596 3158 5668 ab
3191 5595 3474 5668 Ast-ulmus

1877 5663 1974 5739 pro
1997 5675 2169 5739 gentis
2196 5663 2410 5726 tutelari
2437 5663 2832 5736 celebrabatur,
2847 5668 2910 5723 de
2940 5681 3048 5736 quo
3068 5667 3230 5721 etiam
3259 5663 3472 5739 Tertlll'.‘

1875 5738 2050 5801 Itantis
2085 5746 2135 5798 in
2169 5743 2516 5813 Apologetico
2568 5755 2685 5810 cap.
2709 5740 2778 5797 23
2831 5739 3160 5864 Illellgultem
3181 5738 3468 5805 expressit.

3001 5824 3216 5864 GBELLL

3001 5824 3216 5864 ϐαιιιιι.
