3856 6220
428 198 578 276 ἰοιτ
664 226 665 229 ‘

1323 223 1382 276 ιι.
1425 194 1672 275 mnum
1717 218 1927 274 MAGNI
1968 217 2117 272 ora.
2161 217 2339 272 rans
2381 217 2419 284 I,
2458 215 2802 273 section.

3560 209 3696 266 “:38

441 349 562 397 nos,
594 343 681 386 aut
708 333 880 402 aliqua
919 333 1064 400 regni
1099 334 1261 387 nostri
1294 349 1503 402 magna,
1529 334 1611 387 vel
1665 347 1825 402 parva
1883 347 2000 400 per-
2034 335 2078 390 Α
2110 339 2325 396 propter
2379 329 2803 396 deprecationem
2875 326 3149 381 memorati
3211 323 3308 378 viri
3369 327 3700 381 venerabilis

443 435 572 475 sons
593 424 700 488 jam
721 420 916 474 dictum
941 422 1150 475 l’etrum
1180 434 1376 475 saucue
1397 421 1806 475 Cuncordiensis
1825 422 2004 475 eccle-

441 500 536 565 siae
564 509 896 579 episcopum,
926 525 1158 585 suosque
1195 525 1532 564 successores
1581 513 1900 576 inquii-tare,
1925 512 2006 564 vel

445 602 726 656 molestare
749 602 961 665 audeat,
994 602 1158 654 veldc
1186 603 1301 668 ipso
1333 603 1637 669 episcopatu
1663 602 1857 670 aliquid
1890 605 2006 654 exi-

443 704 586 760 gere,
601 689 692 744 sed
718 703 779 743 ea
807 690 912 756 jam
937 689 1108 741 dictus
1131 689 1432 757 cpiscopus,
1459 693 1647 754 suique
1667 703 2008 744 successores

447 769 682 845 pacilice,
708 788 762 832 et
781 781 956 848 quiete
981 787 1194 831 teneant
1214 779 1356 830 omni
1390 779 1752 846 inquietudine
1782 790 2005 833 ranula.

445 871 500 924 Si
541 870 658 938 quis
688 868 846 938 igitur
878 869 1162 921 temerario
1192 883 1324 920 ausu
1356 870 1494 921 hanc
1517 879 1752 922 nostram
1782 870 2010 922 auctori-

445 969 606 1013 tatem
650 960 936 1026 iulriugere
983 961 1292 1023 tentaverit,
1324 971 1416 1012 aut
1466 976 1649 1013 eorum
1699 960 2005 1028 quidquam,

445 1065 563 1118 qua:
593 1049 958 1116 prohibemus,
986 1063 1168 1118 agere,
1191 1049 1324 1103 sciat
1349 1064 1407 1104 se
1437 1053 1854 1120 eotnpositurum
1896 1052 2010 1103 auri

444 1139 628 1203 optimi
661 1138 821 1192 libras
840 1146 1070 1202 centem,
1101 1141 1436 1194 medietatem
1460 1156 1684 1196 camera:
1716 1152 1932 1202 nostrae,
1959 1151 2015 1195 et

443 1231 783 1286 medietatem
818 1231 1084 1284 multoties
1106 1231 1214 1299 jam
1242 1232 1386 1295 dicio
1428 1233 1584 1285 Petro
1629 1245 1828 1286 sancta:
1877 1235 2015 1287 Cun-

443 1320 738 1374 cordiensis
773 1321 1011 1374 ecclesia:
1045 1322 1322 1390 episcopo,
1348 1321 1563 1390 suisque
1592 1323 2012 1376 successoribus.

447 1399 592 1477 Quod
620 1419 674 1462 ut
697 1413 874 1464 verius
896 1411 1168 1475 credatur,
1198 1421 1253 1464 et
1299 1393 1609 1478 diligentius
1649 1413 1715 1464 ab
1745 1413 2014 1490 omnibus

446 1507 775 1566 observetur,
801 1502 956 1572 sigilli
987 1503 1153 1556 nostri
1179 1503 1532 1570 impressione
1557 1505 1744 1558 subter
1781 1504 2015 1574 insigniri

442 1594 720 1661 jnssimus,
753 1608 909 1646 mauu
939 1595 1148 1662 propria
1174 1595 1508 1649 roborantes.

515 1689 732 1753 Signum
753 1686 935 1740 domui
960 1686 1135 1740 Caroli
1175 1689 1546 1756 gloriosissimi
1572 1681 1734 1755 regis.

519 1776 886 1830 Etratnbaldus
913 1777 1264 1832 cancellarius
1290 1779 1356 1831 ad
1388 1777 1751 1832 vicem........
1781 1779 2018 1847 episcOpi

439 1866 893 1920 arcliicancellarii
918 1869 1240 1937 recognovit.
1274 1874 1428 1922 Anno
1456 1882 1481 1909 ι
1511 1868 1579 1922 5-1
1607 1869 1802 1924 Franc.
1843 1869 2016 1939 regni,

441 1961 807 2013 rt'Dominicae
839 1960 1218 2015 lncarnationis
1248 1962 1374 2016 802.

518 2053 700 2105 Datum
741 2052 910 2122 pridie
941 2053 1078 2107 Non.
1105 2055 1321 2123 Aprilis.

513 2142 701 2223 Artum
727 2143 1081 2208 Francufurti,
1102 2159 1242 2203 anno
1268 2161 1392 2200 xxix
1421 2161 1589 2216 regni.

1137 2277 1321 2334 XVIII.

445 2389 612 2465 Caroli
667 2388 1160 2465 Magnidiploma,
1182 2408 1284 2461 quo
1329 2393 1505 2465 omnia
1549 2393 1701 2458 bona,
1737 2394 2019 2465 privilegio,

454 2535 461 2543 ‘
511 2471 554 2514 et
577 2464 701 2532 jura
732 2459 972 2530 Farfensi
1001 2459 1225 2515 canobio
1251 2462 1540 2533 conﬁrmet.
1585 2459 1758 2535 (Anno
1794 2465 1895 2519 803

628 2629 630 2632 ν
714 2570 806 2632 (Ex
830 2569 1106 2628 Muratorio,
1131 2571 1377 2632 Scriptore
1395 2585 1559 2622 rerum
1585 2572 1764 2636 Italic.)

513 2672 736 2727 Carolus
759 2675 1134 2730 serenissimns
1159 2685 1433 2745 augustos,
1463 2693 1492 2730 a
1550 2679 1658 2733 Deo
1709 2691 2018 2748 coronatus,

443 2782 687 2836 magnus,
714 2776 768 2820 et
796 2766 1048 2834 paciﬁcus
1071 2748 1376 2838 "imperator
1425 2769 1783 2826 Romanorum
1829 2772 2022 2841 guber-

445 2874 576 2913 nans
608 2860 890 2928 imperium
930 2861 1018 2930 qui
1073 2870 1127 2914 et
1184 2877 1279 2930 per
1322 2861 1740 2918 misericordiam
1785 2865 1877 2919 Dei
1928 2881 2021 2930 rex

445 2950 776 3004 Francorum
801 2959 861 3007 et
891 2949 1385 3022 Langobardorum.
1432 2953 1488 3009 Si
1522 2969 1607 3018 ea,
1634 2972 1754 3026 qua:
1789 2972 1818 3012 a
1855 2958 2020 3013 Deum

2115 417 2381 471 Benedicti
2433 417 2674 478 abbatis,
2731 417 2798 470 ita
2853 416 3233 477 concessimus,
3285 424 3337 466 et
3384 416 3697 471 contiimaii

2104 507 2381 574 jnssimus.
2402 505 2776 573 Praecipit-otes
2792 519 2918 573 ergo
2937 503 3210 573 juhcmus,
3231 503 3370 572 quod
3397 515 3696 574 perpetua-

2109 598 2228 649 Iitcr
2248 597 2386 650 circa
2412 607 2761 648 memoratum
2789 595 2958 648 locum
2990 576 3296 646 mansurum
3351 606 3473 647 esse
3531 596 3690 648 voln-

2111 701 2249 748 mus,
2272 697 2323 736 ut
2354 685 2529 737 nullus
2557 683 2783 752 quilibet
2813 682 3143 738 de'lidelibns
3169 681 3366 735 nostris
3395 692 3699 736 ntemnrato

2109 781 2226 830 viro
2251 776 2539 831 venerabili
2568 778 2857 832 Benedicto
2904 774 3102 838 abbati,
3153 787 3242 829 aut
3289 777 3697 831 succesrorihns

2111 868 2220 921 Suis
2248 870 2296 920 in
2327 857 2641 937 perpetuum
2669 867 2733 920 de
2759 868 2867 934 jam
2893 866 3050 920 dictis
3081 867 3259 928 rebus,
3304 881 3436 935 quas
3469 871 3693 933 praelata

2111 975 2231 1012 casa
2265 959 2353 1012 Dei
2388 958 2646 1011 moderuo
2678 967 2937 1025 tempore,
2976 956 3025 1010 id
3065 966 3148 1010 est
3203 957 3270 1011 ab
3329 957 3698 1011 incarnatione

2115 1048 2324 1101 Domini
2349 1048 2514 1100 nostri
2546 1047 2670 1102 Jesu
2695 1047 2892 1100 Christi
2922 1048 3025 1102 803
3048 1060 3098 1100 et
3151 1061 3212 1100 ιιι
3268 1047 3472 1114 ιιιιρι-ιδιὶ
3528 1049 3695 1100 nostri

2109 1138 2253 1207 juste
2282 1147 2336 1191 et
2363 1138 2754 1192 rationabiliter
2774 1138 2957 1206 quieto
2981 1139 3165 1190 ordine
3196 1138 3467 1204 possidere
3519 1139 3698 1189 (ποτιιὶ-

2118 1232 2345 1292 tur,'aut
2373 1229 2422 1282 in
2454 1239 2578 1282 ante
2634 1227 2867 1282 Domino
2915 1227 3170 1296 largiente
3228 1225 3463 1298 legitimo
3505 1228 3696 1280 unliue

2117 1322 2393 1389 acquirere
2427 1320 2677 1386 potuerit,
2703 1318 3018 1386 inquietare.
3052 1331 3146 1370 nec
3176 1318 3564 1380 condemnare,
3600 1331 3695 1368 nec

2117 1410 2316 1478 aliquid
2340 1410 2536 1462 exinde
2560 1409 2752 1476 injuste
2777 1408 3108 1475 abstrahere,
3145 1417 3237 1459 aut
3283 1407 3520 1470 minuere
3565 1426 3692 1476 qun-

2118 1514 2224 1569 quo
2249 1511 2488 1568 tempore
2523 1509 2827 1567 praesumat.
2859 1497 2962 1552 Sed
3013 1512 3106 1564 per
3159 1497 3260 1550 hoc
3297 1507 3488 1549 Inusitate
3546 1511 3692 1549 seue-

2122 1595 2300 1645 nit.-tis
2331 1601 2487 1659 atque
2508 1587 2927 1659 conﬁrmationis
2944 1597 3288 1656 przeceptmn,
3313 1596 3530 1650 nostris,
3558 1586 3692 1639 fulu-

2051 1679 2094 1738 B
2125 1666 2656 1750 risque,temporibus
2687 1678 2750 1731 ad
2793 1679 2958 1746 ipsam
3004 1687 3238 1731 sanctum
3271 1675 3376 1752 ⁸υιεί
3408 1678 3690 1730 Ecclesium

2121 1773 2361 1840 proliciat
2422 1772 2472 1822 iu
2533 1767 2848 1836 unguiculis,
2900 1776 3159 1836 quatenus
3219 1766 3359 1819 otnni
3422 1776 3688 1834 tempore,

2129 1862 2330 1930 absque
2348 1861 2629 1928 cujuslibet
2660 1860 2836 1913 illicita
2855 1861 3243 1923 cuntrarietate,
3268 1862 3407 1927 ips:is
3432 1873 3514 1913 res
3537 1875 3690 1926 supc-

2120 1953 2230 2006 rios
2257 1952 2687 2019 comprehensas,
2717 1960 2946 2003 rectores
2974 1949 3136 2018 ipsius
3163 1949 3470 2002 inonaSIerii
3503 1943 3684 2004 tentre

2120 2054 2175 2099 et
2205 2046 2477 2112 pussidere
2505 2045 2761 2105 debeant;
2806 2044 2877 2094 ita
2923 2052 2977 2094 ut
3044 2042 3231 2095 melius
3284 2041 3511 2120 delectet
3562 2059 3687 2109 pra:-

2121 2137 2265 2189 dicm
2290 2134 2576 2189 venerabili
2610 2133 2722 2186 viro
2750 2131 3029 2186 Benedicto
3055 2133 3252 2194 abbati,
3275 2141 3431 2199 atque
3459 2131 3685 2200 ejusdem

2120 2227 2363 2280 ecclesie
2390 2224 2783 2294 congregationi
2814 2225 2865 2277 in
2917 2231 3228 2292 perpetuum
3284 2237 3378 2291 pro
3426 2227 3601 2290 nobis,
3643 2237 3688 2279 et

2125 2334 2220 2386 pro
2243 2319 2530 2372 stabilitate
2563 2317 2768 2385 imperii
2801 2316 2990 2380 nostri,
3021 2332 3116 2370 seu
3143 2332 3238 2385 pro
3271 2317 3391 2371 tiliis
3417 2329 3466 2371 et
3494 2319 3685 2372 litiabiis

2123 2410 2339 2471 nostris,
2365 2421 2458 2461 seu
2488 2423 2584 2477 pro
2640 2417 2830 2462 cuncto
2884 2407 3078 2476 pupqu
3130 2409 3282 2460 nobis
3321 2422 3351 2460 a
3401 2407 3511 2462 Deo
3551 2411 3684 2474 dum.

2121 2517 2150 2556 a
2180 2504 2372 2557 tentius
2394 2500 2594 2571 jugiter
2616 2501 2850 2554 divinam
2880 2515 3102 2556 exorare
3130 2501 3482 2556 clementiam.
3543 2503 3602 2555 l-Jt
3641 2517 3686 2555 nt

2125 2592 2236 2646 luce
2287 2592 2573 2646 auctoritas
2623 2591 2827 2645 Iirmior
2876 2591 3162 2654 habeatur,
3211 2601 3266 2646 et
3313 2607 3405 2660 per
3455 2604 3685 2659 tempora

2124 2680 2433 2749 diligentius
2485 2681 2819 2748 observetur,
2847 2679 2996 2750 juxta
3045 2684 3481 2737 consuetudinem
3536 2687 3685 2749 impe-

2125 2777 2311 2830 rialem
2361 2777 2736 2844 subscribere,
2789 2785 2845 2832 et.
2893 2776 2960 2832 de
3006 2778 3165 2831 anulo
3217 2792 3398 2831 DOSII'O
3445 2779 3684 2846 jus-imus

2123 2869 2378 2938 sigillare.

2199 2959 2384 3014 Datum
2430 2960 2604 3014 idibus
2632 2959 2771 3014 Junii
2797 2976 2864 3014 an
2889 2975 2942 3014 ιιι
2974 2959 3185 3016 Christo
3215 2961 3442 3030 prepitiu
3493 2963 3683 3031 imperii

447 3040 753 3095 timentibus
779 3039 1084 3095 hominibus
1115 3039 1247 3096 locis
1294 3053 1621 3109 sanctorum,
1674 3046 1744 3101 ob
1781 3062 2019 3103 amorem
2048 3023 2096 3089 (εἶ
2127 3053 2317 3129 nostri,
2346 3062 2398 3104 et
2422 3067 2558 3106 xxxv
2591 3055 2738 3119 regni
2767 3054 2934 3106 nostri
2965 3055 3015 3106 in
3065 3052 3313 3118 Francia,
3362 3064 3520 3122 atque
3575 3071 3682 3109 xxix

449 3133 686 3197 Domini,
728 3145 780 3190 et
803 3135 1255 3202 Opportunitatem
1279 3150 1554 3191 servorum
1586 3138 1702 3201 Dei,
1725 3140 2022 3196 condonata

443 3237 563 3277 esse
591 3233 906 3288 noscuntur,
942 3225 1138 3277 nostris
1163 3209 1662 3282 conlirmaverimus
1682 3228 1891 3294 edictis,
1917 3245 2019 3287 non

442 3318 617 3370 solum
649 3316 849 3385 regiam
875 3329 1191 3370 exercemus
1230 3319 1692 3383 consuetudinem.
1725 3322 1816 3376 sed
1862 3323 2023 3378 etiam

447 3411 549 3460 hoc
591 3406 743 3461 nobis
790 3408 971 3475 procul
1019 3406 1184 3461 dubio
1223 3407 1288 3460 ad
1344 3409 1606 3464 mercedis
1658 3421 2022 3480 augmentum,

445 3513 540 3562 seu
563 3497 900 3550 stabilitatem
933 3495 1136 3558 imperii
1170 3498 1335 3550 nostri
1381 3498 1431 3552 in
1465 3499 1552 3554 Dei
1588 3503 1805 3556 nomine
1859 3506 2022 3571 perti-

449 3602 579 3642 nere
606 3587 948 3641 conlidimus.
981 3589 1315 3655 Quapropter
1347 3599 1528 3642 notum
1562 3592 1897 3647 situmnibus
1915 3595 2028 3662 epi-

448 3685 647 3752 scopis,
693 3683 993 3745 abbatibus,
1043 3682 1288 3746 ducibus,
1339 3684 1660 3754 comitibus,
1715 3689 2023 3757 castaldiis,

448 3778 683 3842 vicariis,
718 3778 1038 3831 centenariis
1062 3819 1076 3838 ,
1112 3777 1451 3844 actionariis,
1477 3781 1555 3834 vel
1590 3780 1805 3850 reliquis
1859 3780 2028 3835 ﬁdeli-

449 3870 547 3923 bus
577 3871 796 3936 nostris,
831 3869 1182 3936 pfilESL'IllIIIUS
1203 3869 1429 3933 scilicet,
1461 3882 1516 3924 et
1548 3873 1766 3939 futuris,
1801 3861 1920 3940 quia
1947 3874 2029 3926 vir

451 3959 773 4013 venerabilis
815 3960 1131 4014 Deiiedictus
1175 3962 1453 4028 [CIIgIOﬂIS
1503 3963 1689 4018 abbas
1717 3964 2026 4018 monasterii

444 4060 646 4105 sancte
673 4051 849 4105 Maria:
870 4067 1190 4121 semperque
1215 4054 1537 4129 \irginis,‘et
1585 4055 1868 4110 Geuilricis
1910 4055 2025 4120 Dei,

446 4143 587 4212 quod
630 4145 792 4198 situm
847 4154 931 4198 est
985 4145 1035 4197 in
1087 4145 1356 4200 territorio
1417 4147 1734 4213 Sabinensi,
1778 4146 1894 4200 loco
1939 4145 2025 4216 qui

446 4236 641 4288 dicitur
691 4236 1000 4298 Acutianus,
1051 4236 1441 4289 mansuetudini
1498 4247 1693 4301 nostra:
1747 4237 2027 4306 suggessit,

447 4337 651 4394 petens,
669 4335 724 4377 ut
746 4339 833 4380 res
862 4325 1025 4393 ipsius
1049 4327 1509 4395 mona53erii,qna:
1536 4341 1563 4378 a
1595 4327 1755 4396 longo
1781 4340 2019 4394 tempore

446 4415 514 4469 ad
549 4416 722 4482 ipsum
747 4426 991 4469 sanctum
1036 4417 1232 4493 locum,
1265 4433 1357 4485 per
1384 4418 1715 4472 diversorum
1745 4417 2017 4472 hominum

449 4506 795 4573 donationes,
841 4507 1082 4560 videlicet
1135 4524 1345 4576 regum,
1395 4510 1733 4578 reginarum,
1783 4511 2022 4578 ducum,

383 4612 390 4656 ῖ
450 4596 784 4665 pontiﬁcum,
813 4596 1089 4660 comitum,
1135 4576 1535 4664 castaldiorum:
1585 4601 1668 4653 vel
1717 4602 2028 4656 collationes

448 4684 651 4756 populi,
683 4685 766 4737 rel
814 4684 1106 4749 cessiones,
1154 4688 1511 4752 venditiones,
1560 4695 2023 4758 comparationes,

447 4777 998 4846 cummutatiunesque
1024 4789 1415 4846 jperveuerunt,
1440 4780 1507 4833 de
1535 4783 1729 4850 quibus
1762 4784 1870 4852 ipsa
1904 4799 2026 4837 casa

449 4865 542 4918 Dei
572 4867 828 4921 moderuu
853 4879 1110 4934 tempore,
1140 4867 1272 4921 idesr
1300 4869 1368 4921 ab
1411 4868 1776 4925 incarnatione
1823 4874 2030 4926 Domini

448 4958 616 5011 noszri
647 4954 773 5011 .Iesu
828 4955 1032 5012 Christi
1087 4955 1192 5012 803
1249 4972 1412 5024 anno,
1439 4969 1602 5030 atque
1645 4976 1785 5016 anno
1827 4963 2031 5031 imperii

450 5047 620 5101 nostri
651 5062 706 5101 ιιι
739 5048 1288 5114 investitumhabere,
1322 5049 1403 5102 v'el
1448 5054 1632 5118 quieto
1669 5051 1857 5105 ordine
1903 5065 2030 5119 pos-

450 5137 628 5191 sidere
684 5136 934 5202 videtur,
979 5152 1074 5206 per
1122 5151 1441 5207 praet-ptum
1494 5142 1656 5210 regia».
1702 5143 2032 5197 auctor-italis

452 5239 648 5283 "05er
672 5244 766 5298 pro
797 5231 1059 5284 mercedis
1107 5240 1304 5287 nostra:
1346 5247 1656 5302 augmento,
1687 5235 1751 5288 ad
1785 5235 2030 5290 eumdem

452 5331 693 5374 sanctum
749 5321 924 5376 locum
958 5321 1162 5390 plenius
1192 5325 1382 5380 cedere
1411 5336 1466 5380 et
1496 5313 1827 5383 confirmare
1875 5327 2031 5398 jube-

2051 4378 2101 4440 ι)

2127 3145 2180 3198 in
2212 3142 2354 3198 Italia
2378 3159 2391 3210 ;
2413 3143 2704 3197 indictione
2735 3143 3030 3199 undecima.

2200 3239 2390 3290 Actum
2424 3236 2591 3304 Aquis
2614 3235 2806 3304 palatio
2827 3246 3008 3291 nostro
3031 3236 3263 3306 publico,
3283 3239 3334 3291 in
3367 3238 3453 3292 [ὶυί
3485 3237 3681 3291 miniine

2128 3329 2374 3385 feliciter.
2397 3333 2590 3384 Amen.

2843 3401 2982 3457 XIX.

2218 3494 2461 3564 Diploma
2506 3491 2680 3550 Caroli
2735 3493 2915 3564 Magni
2963 3509 3056 3564 pro
3107 3493 3319 3546 ecclesia
3371 3491 3611 3546 Crademi

2744 3568 2919 3631 (Anno
2942 3564 3090 3632 803).

2544 3679 2638 3742 (Ex
2673 3678 2921 3743 Ughellio,
2941 3679 3076 3729 Italia
3100 3680 3286 3740 Sacra.)

2199 3779 2423 3834 Carolus
2443 3768 2818 3836 serenissiinus
2851 3793 3102 3852 angustus
3157 3796 3203 3834 a-
3236 3782 3349 3835 Deo
3392 3793 3679 3842 coronatus,

2131 3885 2374 3940 magnus,
2409 3883 2463 3924 et
2493 3871 2742 3940 paciﬁcus
2769 3873 3054 3942 imperator
3086 3873 3378 3928 Humanum
3403 3875 3680 3943 gubernans

2129 3959 2445 4028 imperium,
2485 3970 2540 4015 et
2569 3978 2662 4030 per
2690 3963 3104 4017 miscricordiam
3136 3963 3224 4018 Dei
3259 3980 3348 4018 rex
3380 3963 3680 4020 Francorum

2132 4064 2184 4107 et
2206 4052 2700 4121 Lungubardorum.
2715 4051 2825 4106 Max
2839 4058 2997 4106 imum
3014 4054 3164 4124 regni
3182 4037 3353 4108 nostri
3370 4054 3421 4108 in
3438 4056 3534 4109 hoc
3546 4070 3682 4124 agerc

2129 4147 2398 4206 credimus
2426 4145 2838 4212 immunitatem,
2869 4147 2913 4200 si
2963 4147 3306 4215 petitionibus
3351 4148 3680 4208 sacerdotum,

2114 4224 2215 4292 [vel
2254 4253 2529 4290 servorum
2569 4237 2821 4306 Dei,qu:e
2857 4236 3053 4291 nostris
3099 4239 3318 4291 auribus
3365 4237 3551 4293 fuerint
3578 4254 3681 4301 pro»

2136 4325 2277 4392 lata),
2307 4327 2529 4380 libenter
2559 4340 2891 4391 anuuamus,
2918 4336 2971 4381 et
2997 4342 3090 4382 eas
3137 4327 3188 4381 in
3241 4327 3336 4382 Dei
3387 4345 3587 4382 mnmne
3627 4309 3715 4377 ad.

2131 4417 2377 4471 effectum
2435 4415 2808 4482 perducamus.
2863 4415 3273 4488 Igitur.nutum
3334 4417 3406 4472 sit
3463 4419 3680 4472 omnibus

2133 4505 2381 4561 lidelibus
2415 4508 2614 4560 nostris
2653 4508 3025 4576 prementibus,
3051 4515 3107 4562 et
3137 4507 3348 4572 futuris,
3380 4511 3594 4577 qualiter
3618 4508 3680 4559 vir

2132 4594 2456 4652 venerabilis
2496 4596 2819 4652 Fortunatus
2876 4596 3164 4654 Gradensis
3209 4600 3679 4670 patriarcha,sudis

2131 4691 2300 4746 sancti
2327 4690 2488 4744 Marci
2516 4690 2876 4759 evangelista,
2908 4701 2962 4746 et
2981 4699 3179 4746 sancta!
3208 4692 3539 4747 IIermacora:
3587 4673 3687 4758 cpi:

2133 4798 2327 4852 scopns
2349 4782 2640 4837 Serenitati
2669 4792 2866 4836 nostrae
2896 4783 3081 4852 petiit,
3125 4793 3182 4837 ut
3236 4784 3345 4838 tale
3401 4783 3676 4838 beocliciinn

2134 4876 2275 4927 circa
2342 4874 2540 4928 dictam
2611 4882 2957 4948 memoratam
3009 4881 3250 4928 sanctam
3305 4875 3571 4928 ecclesiam
3626 4889 3678 4924 ex

2135 4976 2322 5021 nostra
2350 4965 2680 5035 indulgentia
2710 4966 3004 5020 concedere
3052 4975 3110 5020 et.
3152 4967 3473 5021 confirmare
3515 4967 3679 5020 debea-

2135 5070 2275 5121 mus,
2308 5066 2570 5127 quatenus
2617 5057 2718 5111 sub
2761 5055 3110 5110 iinmunitatis
3164 5059 3404 5124 nomine,
3436 5054 3677 5122 tauripse.

2135 5163 2290 5217 quam
2345 5149 2674 5215 sacerdotes,
2706 5158 2760 5203 et
2808 5148 3020 5218 reliqui,
3051 5163 3258 5204 necnon
3308 5152 3486 5218 servi,
3511 5147 3676 5208 coloni,

2139 5242 2229 5310 qui
2259 5240 2311 5293 in
2345 5241 2502 5294 terris
2545 5242 3019 5296 suiscommanent
3051 5241 3103 5295 in
3138 5241 3314 5308 Istria,
3344 5238 3678 5301 Romandiola,

2142 5348 2236 5388 sou
2261 5335 2312 5386 in
2347 5333 2828 5402 Longoliardia,vel
2863 5332 3055 5402 ubique
3084 5333 3266 5402 quieto
3285 5335 3491 5387 tramite
3511 5332 3675 5390 vivere,

452 5428 649 5467 remos.
683 5413 844 5484 Cujus
875 5415 1110 5483 petitioni
1133 5427 1450 5484 annuentes,
1466 5422 1529 5474 ad
1558 5422 1823 5490 mercedis
1841 5432 2036 5478 nostra:

450 5505 813 5575 augmentum,
847 5523 941 5576 pro
987 5510 1289 5564 reverentia
1344 5511 1512 5579 ipsius
1570 5513 1742 5568 sancti
1804 5513 1928 5582 luci,
1953 5514 2038 5569 vel

2144 5434 2197 5480 et
2223 5425 2459 5480 residere
2490 5425 2741 5478 debeant.
2773 5424 2937 5494 Cujus
2964 5425 3304 5495 petitionem,
3326 5425 3441 5495 ejus
3470 5421 3676 5484 servitio.

2147 5526 2202 5572 et
2255 5517 2458 5572 meritis
2514 5517 2982 5588 compellentibus,
3008 5517 3291 5597 denegare,
3314 5519 3580 5582 noluimus,
3604 5507 3677 5577 ιςδ

521 5629 547 5656 ⁸
607 5620 699 5677 Ila:
748 5634 886 5705 nuta:
940 5625 1272 5696 temporariae
1326 5626 1572 5681 videntur
1612 5629 2019 5685 amanuensium
2059 5643 2247 5688 errore
2270 5641 2422 5685 extra
2446 5630 2691 5686 ordinem
2725 5644 2930 5701 positae.
