3856 6220
173 262 319 367 i029

550 291 772 347 CODEX
817 289 1341 346 ῡιῑιυλιλτιευε.
1393 315 1450 327 ο·-
1494 282 1791 338 I’RI\'II.E(

1899 322 1901 331 .
1947 310 2014 320 —
2056 279 2298 334 [ηιμ-ιι».
2343 278 2472 332 PER
2519 277 2786 334 PARTES
2827 253 3099 330 Iunias.

3309 277 3330 328 l
3345 277 3444 323 07,0

173 423 276 474 pro
311 409 596 461 mercedis
621 418 814 460 nostra!
845 415 1130 463 ntttttnettln
1176 403 1241 474 in.
1282 399 1372 453 Dei
1428 398 1642 452 nomine
1693 395 1766 464 ita
1799 397 1845 451 Α
1875 389 2080 443 deIElms
2109 389 2302 441 nostris
2327 396 2620 441 memorato
2638 387 2793 440 Petro
2815 387 3086 454 episeopo,
3107 397 3205 438 aut
3236 401 3451 440 succes-

171 502 558 565 eonceSsisse,
589 509 642 550 et
675 499 723 549 in
754 497 995 549 omnibus
1051 494 1392 546 conﬁrmasse
1447 485 1766 554 cognosi-itc,

171 598 284 638 tam
315 588 626 655 episcopia,
662 599 715 638 et
750 585 1098 644 xcnodoclna,
1122 582 1378 636 ecclesias
1412 577 1769 643 bapti~uiziles.

171 674 579 743 I‘raecipientes
638 691 766 744 ergo
813 673 1079 754 jphemns,
1113 680 1168 723 ut
1219 671 1269 722 in
1314 668 1576 733 vicis,vcl
1614 665 1772 732 viilus,

168 779 267 817 seu
335 769 544 832 rebus,
589 769 670 818 vel
721 766 940 833 reliquis
977 761 1304 831 quibuslibet
1351 756 1778 826 possessionibus

170 856 569 926 undecumque
603 857 846 925 prmsenti
881 863 1117 920 tempore
1167 859 1489 906 ιιιιειιιοινςιιιις
1545 857 1774 914 patrar-

169 932 273 997 cha
304 946 489 1013 just‘e,
517 959 566 1000 et
601 946 981 1000 rationabiliier
1013 943 1234 997 vestitus
1262 955 1379 992 esse
1429 935 1774 1005 digno-citur,

175 1039 366 1092 nullus
398 1037 566 1107 judev
603 1038 842 1105 publicus
871 1035 1064 1104 injuste
1095 1034 1158 1086 ad
1206 1047 1394 1085 causas
1434 1031 1777 1088 audiendum,

175 1129 262 1181 vel
310 1129 482 1183 li-uda
539 1127 882 1196 exigendum,
916 1139 1012 1179 nec
1059 1125 1384 1182 mansiones,
1417 1134 1512 1171 sou
1572 1126 1781 1185 paratas

176 1215 524 1284 faciendum,
553 1234 648 1273 nec
678 1220 807 1271 ullas
835 1217 1176 1271 redibitioncs
1218 1213 1439 1280 injustas
1494 1210 1782 1278 requiren-

178 1306 313 1358 dum
349 1321 417 1360 se
447 1309 710 1382 ingerere,
743 1317 830 1360 aut
861 1314 1106 1359 cxaetarc
1137 1311 1443 1372 praesumat.
1501 1300 1604 1354 Sed
1655 1299 1779 1351 dum

182 1397 499 1461 praedictus
531 1395 852 1451 Fortunatus
901 1395 1197 1465 patriarcha
1249 1393 1531 1455 advixcrit,
1561 1391 1657 1449 sub
1687 1391 1782 1442 im-

184 1485 494 1539 tnunitatis
526 1487 768 1552 nomine,
801 1497 903 1539 tam
934 1487 1067 1554 ipse,
1099 1500 1254 1552 quam
1277 1485 1394 1552 ejus
1422 1493 1780 1543 succe-sores,

180 1583 237 1626 et
268 1575 484 1640 Coloni,
505 1593 566 1630 ac
593 1578 754 1636 servi,
774 1578 860 1644 qui
892 1591 1052 1642 super
1082 1586 1251 1627 terras
1275 1588 1399 1626 suas
1422 1577 1782 1632 commonent,

185 1666 272 1717 vel
303 1668 506 1733 reliqui
535 1667 779 1720 homines
810 1669 888 1720 sic
919 1667 1128 1720 valeant
1156 1682 1218 1718 ex
1251 1675 1426 1717 nostra
1459 1661 1781 1730 indulgentia

1877 482 2082 533 suribus
2111 483 2219 532 suis
2249 479 2315 532 de
2340 477 2714 546 suprascriptis
2731 477 2995 541 ecclesiis,
3018 477 3102 531 vel
3135 479 3293 532 rebus
3319 479 3444 533 inibi

1873 571 2031 640 juste.
2064 582 2113 623 et
2146 570 2536 623 rationabiliter
2590 570 2978 639 pertinentibus
3007 571 3448 637 inquietare,raut

1877 661 2194 716 calttttminm
2218 675 2499 729 generare,
2534 675 2628 714 nec
2658 660 2858 728 aliqan
2883 670 3065 713 contra
3101 661 3323 714 rationis
3353 677 3451 712 or-

1878 754 2052 807 dinem
2087 769 2345 817 crescere,
2375 763 2468 806 aut
2495 754 2757 819 minuere,
2779 770 2951 821 neque
2982 755 3048 808 de
3076 754 3450 822 suprascriptis

1881 845 2039 897 rebus
2069 842 2353 910 quidquam
2394 840 2606 896 auferre
2636 857 2855 910 quoque
2880 853 3119 912 tempore
3151 854 3454 908 prmsumat,

1879 937 1970 988 sed
2003 952 2093 1002 per
2122 943 2356 987 nostrum
2412 933 2760 1005 Serenitatis,
2817 943 2979 1001 atque
3042 933 3460 987 conﬁrmationis

1884 1041 2200 1098 praceptum
2233 1029 2296 1080 ad
2323 1028 2495 1096 ipsum
2521 1037 2763 1081 sanetum
2795 1027 2967 1080 locum
3013 1027 3065 1078 in
3105 1025 3460 1094 eleemosynze

1884 1131 2078 1173 nosmt:
2108 1121 2370 1185 simulque
2425 1118 2592 1186 Pipini
2623 1119 2838 1187 gloriosi
2881 1118 3039 1184 regis,
3063 1125 3118 1171 et
3145 1115 3238 1170 ﬁlii
3291 1118 3460 1170 nostri

1890 1211 2269 1276 perpetualitcr
2300 1209 2576 1276 proﬁciant
2605 1209 2657 1260 in
2696 1207 2998 1275 augmentis
3025 1207 3256 1260 internis.
3291 1205 3354 1260 Et
3405 1215 3462 1258 ut

1887 1275 1998 1352 haec
2044 1299 2329 1350 anetoritas
2364 1275 2565 1350 tirinior
2607 1295 2882 1357 habeatur,
2911 1303 2969 1350 et
3017 1295 3278 1349 diuturnis
3322 1303 3461 1349 tern-

1887 1390 2101 1457 porilms
2137 1371 2339 1442 melius
2392 1396 2760 1452 conservetur,
2814 1402 2972 1440 manu
3018 1387 3228 1454 pronria
3273 1386 3461 1440 subtus

1889 1481 2216 1532 lirmavinms
2245 1520 2284 1549 ,ι
2316 1488 2371 1532 et
2414 1479 2480 1532 de
2506 1479 2704 1531 annulo
2728 1489 2910 1533 nostro
2934 1474 3154 1547 sigillari
3180 1478 3461 1547 jussnnus.

1959 1569 2178 1636 Signum
2227 1569 2398 1623 Caroli
2449 1570 2778 1624 serenissimi
2805 1570 2844 1640 ’ί-
2873 1585 2936 1624 ac
2965 1571 3188 1640 piissimi
3237 1568 3467 1637 impera-

1889 1663 2045 1715 toris.

183 1757 377 1822 quiem
408 1757 625 1810 tramite
646 1758 827 1810 vivere
866 1771 927 1809 ac
967 1756 1224 1817 residere,
1259 1755 1326 1806 ita
1360 1762 1418 1806 ut
1472 1753 1662 1805 melius
1705 1750 1784 1802 cis
1820 1748 1863 1806 Β
1965 1753 2150 1805 υ.ιιιιιη
2181 1752 2365 1820 quinto
2391 1750 2599 1804 decimo
2631 1750 2750 1804 Kal.
2786 1748 3096 1805 Decembris
3126 1764 3267 1802 anno
3311 1749 3470 1803 tertio

187 1845 500 1898 delectetur
532 1860 627 1914 pro
652 1844 823 1911 nobis,
850 1847 928 1899 vel
964 1860 1056 1912 pro
1088 1844 1376 1899 stabilitate
1416 1844 1561 1910 regni
1619 1839 1784 1894 nostri

184 1935 393 2003 iugiter
431 1937 640 1989 Domini
683 1937 1101 1992 misericordiam
1149 1949 1393 1989 exorare.
1454 1933 1517 1986 Et
1567 1941 1623 1985 ut
1674 1933 1789 1984 lucc

191 2025 502 2076 auctoritas
531 2025 755 2078 brmiter
787 2024 1062 2084 habeatur,
1091 2023 1171 2076 ch
1205 2037 1297 2091 per
1328 2032 1566 2086 tempora
1599 2019 1789 2072 melius

191 2125 579 2176 conservetur,
605 2129 763 2166 manu
800 2115 1011 2181 propria
1039 2113 1224 2165 subtus
1263 2110 1618 2173 ﬁrmavimus,
1645 2116 1700 2162 ct
1721 2107 1790 2160 de

193 2206 403 2258 annqu
438 2215 621 2260 nostro
662 2207 880 2275 sigillari
907 2205 1182 2273 jussimus.

940 2335 1059 2391 XX.

199 2447 379 2501 Caroli
402 2443 582 2515 Magni
606 2447 829 2517 diploma
857 2463 948 2514 pro
968 2447 1175 2499 ecclesia
1201 2445 1430 2499 Comensi
1453 2446 1607 2514 (arma
1638 2443 1786 2510 803).

737 2576 827 2637 (Ex
862 2577 1104 2638 L'ghellio,
1129 2576 1267 2632 ibid.)

270 2683 508 2739 Carolus
533 2684 906 2738 serenissimus
945 2691 1198 2750 angustus
1226 2697 1256 2736 a
1307 2681 1415 2735 Deo
1467 2681 1746 2733 ordinatus
1774 2721 1789 2742 ,

204 2779 453 2842 Magnus,
479 2776 729 2846 pacificus
753 2778 1038 2843 imperatur
1069 2775 1428 2828 Romanorum
1483 2777 1792 2845 gubernans

203 2865 515 2937 imperium.
549 2869 637 2936 qui
670 2878 721 2921 et
749 2882 839 2933 per
863 2866 1282 2922 misericordiam
1308 2868 1398 2921 Dei
1426 2883 1515 2922 rex
1539 2869 1790 2925 Franco-

206 2967 323 3014 rut‘n
365 2969 420 3014 et
452 2958 942 3027 Longobardorum.
972 2957 1027 3011 Si
1061 2957 1401 3025 petitionibus
1423 2961 1789 3030 Sacerdotium,

208 3057 286 3106 vel
319 3067 596 3107 servorum
632 3051 743 3114 Dei,
778 3051 828 3103 in
854 3065 961 3119 quo
1009 3052 1205 3105 nostris
1256 3051 1472 3104 auribus
1527 3042 1788 3121 patefece-

209 3152 352 3206 runt,
380 3159 475 3214 per
504 3158 641 3198 onus
669 3151 906 3194 nostrum
951 3140 1240 3196 Ecclesiam
1298 3142 1657 3210 perducimus,
1688 3145 1788 3199 hoc

212 3235 364 3288 nobis
398 3232 581 3302 procul
632 3231 793 3285 dubio
837 3231 901 3284 ad
933 3242 1185 3285 aeternam
1215 3232 1593 3286 beatitudinem
1629 3234 1793 3299 perti-

215 3334 338 3382 nere
363 3328 700 3384 conﬁdimus.
735 3326 895 3395 Igitur
939 3335 1120 3378 notum
1169 3325 1234 3378 sit
1265 3324 1502 3377 Omnium
1559 3323 1791 3379 ﬁdelium

216 3418 585 3487 niagnitndini,
623 3414 962 3485 praesentium
995 3417 1213 3479 scilicet,
1247 3427 1299 3468 et
1337 3417 1794 3482 luturorum,quia

216 3511 596 3565 dilectissimus
626 3509 764 3563 ﬁlius
791 3518 972 3570 noster
1019 3507 1234 3576 I’ipinus
1280 3521 1369 3560 rex
1421 3507 1794 3576 Longobardo-

217 3618 328 3655 rum
359 3601 424 3654 ad
450 3599 754 3669 petitionem
807 3597 902 3650 viri
957 3597 1281 3650 venerabilis
1315 3596 1453 3669 Petri
1488 3598 1512 3626 ⁸
1562 3597 1796 3664 episcopi

216 3701 412 3743 sancte
456 3687 797 3742 Cannensium
839 3686 985 3740 urbis
1015 3686 1256 3740 ecclesize
1283 3687 1554 3742 serenitati
1600 3699 1796 3743 nostra:

221 3779 386 3846 petiit,
421 3785 477 3830 ut
501 3790 686 3830 omnes
714 3775 989 3840 ecclesias,
1020 3775 1101 3828 vel
1135 3790 1221 3828 res
1246 3778 1307 3826 ad
1342 3775 1514 3839 ipsum
1549 3785 1791 3829 sanctum

222 3869 389 3922 locum
431 3867 778 3936 pertinentes.
809 3880 1126 3935 quocunque
1184 3881 1324 3918 nunc
1384 3875 1622 3933 tempore
1677 3882 1797 3919 cum

222 3958 423 4018 ordine,
453 3955 595 4026 juste
628 3965 682 4010 et
711 3954 1098 4013 rationabiliter
1136 3954 1412 4023 possidere
1444 3955 1672 4020 videtur,
1707 3971 1800 4023 per

223 4061 457 4102 nostrum
531 4041 860 4101 auetoriiatis
908 4055 1230 4118 praeceptum
1284 4045 1414 4100 inibi
1479 4050 1798 4126 conﬁrmare

223 4140 556 4202 deberemus,
584 4147 639 4192 et
669 4137 966 4205 specialiter
1006 4137 1309 4192 theloneum
1337 4138 1403 4192 de
1431 4137 1639 4192 Meanto
1667 4180 1682 4203 ,
1741 4147 1800 4193 et

223 4229 394 4296 Cogis.
427 4243 547 4281 cum
579 4229 694 4295 ipso
725 4227 862 4289 loco,
895 4237 949 4282 et
976 4229 1327 4282 Bcrinziinam
1361 4229 1590 4296 plebem,
1627 4232 1798 4282 comi-

227 4328 401 4383 tatum,
427 4319 745 4380 diSIrietum,
770 4327 826 4370 et
873 4318 1046 4386 ipsum
1099 4327 1328 4386 portum.
1364 4317 1428 4370 Et
1482 4319 1796 4372 comitatum

1888 1839 2100 1892 Christo
2142 1843 2366 1908 propitio
2409 1841 2613 1898 imperii
2655 1841 2846 1905 nostri,
2888 1852 2944 1895 et
2982 1854 3146 1893 xxxvi
3177 1840 3320 1906 regni
3365 1855 3462 1890 nu»

1887 1931 1983 1983 stri
2019 1932 2067 1982 in
2112 1929 2353 1992 Francia,
2404 1930 2522 1985 Ind.
2551 1946 2622 1993 ιι,
2658 1931 2683 1969 δ
2716 1946 2859 1984 anno
2916 1947 3040 1986 vero
3075 1930 3363 1984 Durniuij
3397 1933 3468 1982 in-

1888 2020 2211 2074 carnationis
2240 2019 2363 2074 803.

1962 2110 2147 2164 Aetnm
2180 2106 2565 2180 Reguntiburg,
2599 2111 2794 2179 palatio
2820 2110 3030 2180 publico
3055 2111 3106 2165 in
3133 2111 3222 2164 Dei
3257 2112 3472 2164 nomine

1893 2200 2139 2256 feliciter.
2181 2202 2370 2256 Amen.

2605 2291 2742 2346 XXI.

1898 2404 2133 2474 Diploma
2163 2404 2333 2459 Caroli
2369 2402 2421 2458 ιι
2433 2405 2572 2474 agni,
2605 2421 2696 2470 pro
2732 2407 3040 2459 monasterio
3070 2416 3256 2460 sancta:
3287 2404 3476 2459 Maria:

2354 2480 2415 2527 de
2449 2462 2662 2542 Organa
2695 2482 2850 2543 (anno
2879 2477 3027 2545 803).

2416 2585 2507 2646 (Ex
2535 2584 2779 2648 Ugbellio,
2811 2587 2959 2650 ibid

1966 2691 2019 2744 In
2085 2691 2296 2743 nomine
2354 2690 2558 2744 Domini
2594 2691 2763 2745 nostri
2820 2690 2947 2745 Iesu
2999 2691 3195 2745 Christi
3261 2693 3471 2748 Domini

1901 2783 1987 2836 Ile:
2019 2782 2223 2842 arterni,
2255 2783 2549 2848 imperante
2575 2780 2775 2834 domno
2804 2778 2997 2835 Carolo
3019 2781 3348 2851 )Iagnoimp.
3377 2798 3469 2835 an.

1895 2889 1943 2926 ιν
1975 2874 2040 2926 de
2080 2887 2264 2924 niense
2295 2871 2603 2926 Novembris
2625 2912 2640 2935 ,
2684 2871 2974 2927 indictione
3009 2889 3095 2927 xm
3124 2873 3368 2929 feliciter.
3419 2876 3477 2931 Si

1900 2974 2026 3025 erga
2048 2954 2430 3024 venerabilium
2457 2959 2888 3014 commoditatem
2910 2961 3146 3018 locorum
3172 2964 3314 3031 justa
3351 2981 3476 3032 pru-

1896 3053 2101 3106 visione
2131 3057 2310 3104 c'uram
2356 3052 2734 3120 impendimus,
2769 3053 3078 3108 cmlestibns
3107 3054 3322 3123 superni
3367 3055 3478 3108 sul-

1898 3145 2050 3212 t'ragii
2101 3153 2319 3197 ventura
2350 3142 2585 3205 subsidia
2623 3144 2803 3212 procul
2849 3143 3009 3198 dubio
3066 3159 3364 3214 speramus.
3399 3145 3478 3200 ld-

1897 3237 2044 3291 circo
2098 3235 2466 3289 universorum
2523 3245 2724 3287 sanctzc
2757 3234 2846 3290 Dei
2899 3235 3151 3291 Ecclesia:
3207 3236 3484 3302 ﬁdelium,

1903 3338 2320 3396 nostrorumque
2347 3327 2689 3394 prmsentium
2714 3327 2938 3394 scilicet,
2957 3343 3018 3384 ac
3046 3331 3479 3384 futurorumani-

1903 3419 2204 3472 madvertat
2257 3419 2474 3472 solertia
2504 3457 2519 3482 ,
2564 3419 2795 3486 qualiter
2820 3420 3208 3478 obsecrationis
3257 3422 3488 3479 Guadel-

1905 3508 2040 3563 berti
2071 3509 2388 3570 venerabilis
2418 3507 2623 3562 abbatis
2669 3511 2901 3564 etrnob‘ri
2937 3510 3109 3565 beat.e
3138 3512 3486 3566 illuminatio-

1903 3598 1984 3651 nis
2008 3597 2192 3650 mundi
2222 3613 2432 3665 semper
2463 3597 2681 3666 virginis
2713 3599 2913 3662 Mariae,
2942 3601 3082 3669 quod
3111 3603 3272 3656 situm
3321 3615 3404 3658 est
3430 3605 3482 3658 in
3558 3587 3561 3590 l

1901 3688 2158 3742 suburbio
2183 3687 2500 3754 Veronensi,
2543 3689 2658 3743 loco
2706 3690 2795 3758 qui
2854 3689 3050 3745 dicitur
3085 3691 3320 3759 Urgano,
3355 3709 3488 3761 pra:-

1902 3783 2046 3836 clara
2073 3783 2360 3835 serenitate
2399 3781 2675 3847 faventes,
2729 3783 3071 3837 concedimus
3119 3784 3292 3839 eidem
3339 3799 3489 3839 reve-

1901 3877 2070 3930 rendo
2096 3875 2362 3952 creuobio,
2395 3885 2451 3928 ut
2482 3889 2575 3942 per
2627 3876 2805 3941 omnia
2840 3878 2950 3930 loca
2982 3877 3081 3932 sub
3120 3877 3285 3932 nostri
3337 3879 3480 3949 regi-

1903 3966 2048 4019 mine
2079 3964 2286 4033 imperii
2315 3966 2604 4018 constituta
2636 3981 2822 4032 naves,
2854 3977 2906 4020 et
2954 3968 3188 4036 plaustra
3242 3971 3483 4038 ejusdem

1900 4051 2211 4110 monasterii
2245 4055 2412 4108 libere
2433 4067 2481 4109 et
2508 4057 2773 4125 absolute,
2819 4057 3018 4126 absque
3065 4058 3226 4113 ullius
3255 4059 3486 4130 refraga-

1904 4145 2073 4210 tione,
2105 4147 2185 4197 vel
2209 4147 2634 4201 contradictione
2661 4147 3017 4203 incedant.lta
3043 4158 3098 4203 ut
3123 4164 3294 4218 neque
3324 4167 3486 4204 nava.

1901 4236 1968 4289 lia
2003 4235 2218 4303 telonia,
2251 4251 2372 4306 qua:
2426 4236 2676 4303 ripaticos
2706 4247 2896 4292 vocant
2924 4280 2939 4301 ,
2998 4250 3157 4308 atque
3191 4243 3482 4305 terrestria,

1902 4341 2076 4395 neque
2105 4328 2154 4380 in
2199 4327 2506 4380 transitibns
2537 4339 2834 4395 portarum,
2864 4329 2946 4381 vel
2987 4330 3165 4396 pontis
3202 4329 3354 4407 urbi;
3381 4329 3485 4384 Ve-

227 4409 525 4472 Clavcnnzc,
551 4418 604 4462 et
651 4410 862 4471 clusas,
913 4419 968 4462 et
1023 4421 1234 4475 pontem
1275 4408 1412 4477 juris
1462 4409 1630 4461 nostri
1677 4409 1791 4461 Cla-

1903 4435 2070 4484 ronaz,
2101 4419 2186 4473 vel
2212 4419 2496 4486 cujuslibet
2523 4420 2743 4474 alterius
2772 4421 3025 4490 civitatis,
3062 4430 3156 4475 aut
3182 4422 3364 4491 oppidi
3390 4424 3488 4477 ali-

230 4515 403 4554 venare
425 4502 632 4556 clericis
663 4501 914 4556 Cumanis
946 4502 996 4555 in
1025 4503 1382 4555 canonicalem
1417 4517 1568 4554 usum
1595 4501 1794 4570 plenis-

228 4589 352 4644 sima
380 4591 766 4646 deliberatione
787 4591 1013 4656 donare,
1038 4599 1092 4645 et
1112 4592 1429 4645 conlirmare
1453 4592 1792 4648 deberemus.

229 4680 381 4751 Cujus
438 4681 744 4746 petitionem
773 4682 1037 4750 deni-gare
1070 4681 1339 4735 noluimus
1371 4725 1387 4750 ,
1439 4684 1642 4736 scilicet
1696 4698 1796 4752 pro

229 4786 413 4826 aeterna
446 4773 874 4827 remuneratione
899 4775 976 4827 sic
999 4775 1049 4827 in
1074 4773 1318 4827 omnibus
1331 4776 1689 4838 concessisse,
1711 4775 1794 4830 vel

231 4862 566 4916 conﬁrmasse
593 4867 912 4931 cognoscite.
943 4865 1319 4932 Prrecipientes
1352 4880 1480 4934 ergo
1505 4865 1756 4934 jnbemus
1779 4904 1795 4931 ,

231 4957 356 5024 ιιιιοό
388 4957 771 5024 perpetualitcr
799 4971 938 5010 eirea
963 4966 1315 5011 memoratum
1348 4969 1591 5010 sanctum
1620 4957 1794 5013 Iocmn

232 5061 525 5101 mansurum
551 5060 670 5102 esse
701 5048 988 5114 voluimus,
1015 5057 1073 5102 ut
1124 5050 1298 5104 nullus
1327 5049 1582 5118 quislibet
1612 5052 1677 5104 de
1727 5051 1796 5102 ﬁ-

296 5226 317 5295 ?
347 5224 537 5295 Petrus
568 5224 770 5295 primus
794 5224 1064 5280 Gallorum
1095 5224 1210 5290 iuit,
1265 5226 1352 5295 qui
1379 5266 1395 5289 ,
1430 5225 1647 5295 jubente
1693 5228 1797 5282 Ca-

233 5293 333 5346 rolo
388 5293 600 5361 Magno,
634 5294 699 5347 ad
751 5295 886 5348 hanc
935 5295 1248 5349 Comensem
1285 5293 1479 5350 sedem
1515 5299 1791 5365 pervenit,

232 5365 461 5437 ejusdem
492 5365 724 5437 civitatis
749 5367 959 5433 politica
985 5366 1286 5437 succinctus
1319 5371 1600 5433 potestate,
1633 5378 1794 5437 atque

234 5434 458 5486 inanium
491 5433 884 5503 privilegiormn
923 5435 1276 5490 ratiﬁcatione
1301 5477 1317 5500 ,
1376 5433 1798 5492 Belleronensis-

232 5519 320 5574 true
345 5506 459 5573 agri
495 5503 680 5557 iterata
714 5507 1020 5560 donatione.
1062 5507 1201 5559 Idem
1229 5505 1518 5574 imperator
1545 5519 1800 5565 exoratus

233 5588 257 5622 a
287 5573 464 5640 l'etro,
494 5576 762 5629 canonicis
788 5577 1120 5630 Cathedralis
1149 5578 1290 5632 dedit
1310 5573 1462 5632 dono
1485 5580 1798 5636 comitatum

232 5640 701 5716 Clavennreuanno
738 5645 861 5716 7805
893 5661 962 5699 xv
1021 5645 1137 5699 Kal.
1191 5648 1530 5710 Decembris,
1592 5651 1798 5716 imperii

233 5725 358 5768 anno
390 5727 470 5768 III.
505 5712 614 5771 Iloc
640 5715 871 5786 diploma
899 5731 961 5770 ex
993 5716 1229 5772 archivio
1257 5717 1578 5773 cathedralis
1606 5712 1792 5776 excin-

1902 4511 2026 4580 qnid
2080 4511 2230 4572 dare,
2259 4526 2354 4565 seu
2413 4511 2717 4578 persolvere
2771 4522 3054 4580 cogantur.
3104 4513 3256 4568 Alius
3306 4525 3483 4570 autem

1902 4603 2083 4659 nullus
2112 4603 2332 4656 omnino
2363 4605 2643 4670 episcopus
2666 4643 2681 4668 ,
2730 4616 2911 4658 comes
2937 4647 2951 4670 ,
3004 4605 3088 4659 vel
3122 4606 3447 4675 guastaldius
3470 4651 3486 4675 ,

1902 4702 1994 4748 aut
2023 4691 2370 4756 actionarius,
2398 4690 2492 4745 sed
2523 4706 2621 4746 nec
2654 4693 2909 4760 quaelibet
2961 4693 3310 4748 ecclesiastici
3341 4697 3488 4749 ordi-

1905 4786 2012 4850 nis,
2037 4797 2132 4836 seu
2157 4781 2385 4852 publica;
2416 4780 2888 4836 administrationis
2912 4798 3134 4850 persona
3164 4783 3233 4835 ab
3255 4783 3488 4839 homini-

1902 4875 2001 4929 bus
2031 4871 2270 4941 ejusdem
2299 4872 2628 4926 sacrosancti
2673 4875 2902 4927 coenobii
2934 4875 3149 4946 exigere
3174 4890 3482 4944 praesumat.

1902 4963 2160 5017 Addimus
2186 4964 2369 5028 etiam,
2392 4973 2447 5018 et
2493 4979 2588 5031 pro
2618 4965 2980 5020 stabilimenta
3028 4967 3287 5036 imperii,
3327 4977 3484 5036 atque

1903 5055 2138 5108 remedio
2158 5055 2346 5108 anima:
2382 5065 2576 5110 nostrae
2604 5058 2873 5112 sancimus
2900 5099 2914 5124 ,
2962 5069 3018 5114 ut
3049 5057 3371 5130 ubicumque
3414 5062 3482 5117 ad

1942 5233 2100 5285 latum
2130 5239 2232 5286 est.

1942 5249 2100 5285 ratum
2130 5249 2232 5286 εει.

1903 5249 1937 5302 p
1975 5303 2000 5340 δ
2032 5304 2090 5356 Si
2122 5303 2171 5353 in
2191 5300 2490 5356 iudictionis
2506 5315 2887 5360 numeroerror
2902 5315 3004 5351 non
3033 5301 3213 5364 cubat,
3239 5311 3406 5368 utpro
3427 5317 3480 5356 χι

1902 5373 2238 5427 scribendum
2264 5373 2331 5425 sit
2355 5387 2431 5424 xtl
2451 5371 2500 5424 in
2529 5371 3254 5437 hocdiplomateiudictionis
3271 5373 3480 5426 initium

1904 5460 2008 5498 non
2037 5443 2265 5497 sumitur
2294 5457 2322 5494 a
2353 5441 2602 5496 Kalendis
2631 5440 2986 5508 Septembris.
3023 5443 3218 5497 Locum
3253 5458 3402 5505 vero,
3433 5445 3483 5496 in

1902 5531 2006 5583 quo
2034 5514 2214 5566 datum
2238 5522 2317 5565 est
2345 5512 2601 5583 diploma,
2626 5509 2980 5583 Reguntib’u’rg
3005 5513 3347 5582 appellatum,
3367 5529 3486 5582 quze

1905 5584 2260 5637 nomenclatio
2299 5583 2350 5635 in
2405 5582 2601 5636 tabulis
2640 5582 3007 5650 geograplricis
3060 5583 3242 5638 nuIIibi
3277 5584 3483 5648 reperi-

1905 5664 2011 5716 tur,
2044 5653 2415 5726 Ratislioriam,
2446 5667 2565 5718 quae
2589 5653 2888 5726 etliodiea
2932 5651 3212 5709 Germanis
3243 5653 3482 5726 [legens-

1841 5798 1846 5801 μ
1907 5741 2036 5796 purg
2067 5725 2344 5791 vocitatur,
2376 5737 2496 5780 esse
2517 5720 2735 5790 conjicit
2761 5722 2971 5778 v'l‘attus.
