3856 6220
138 352 278 409 1055

458 354 685 411 CODEX
730 354 1259 413 DIPLOMATICFS.
1305 389 1374 401 -
1416 359 1823 446 f'l‘tll'lIJCCL-l.
1854 388 1920 397 --
1956 360 2014 411 ll.
2065 359 2308 415 i‘ill\'ll..
2357 363 2485 415 PER
2532 365 2796 421 PARTES
2832 366 3109 424 ITALIzE.

3295 373 3434 427 11154

131 472 175 523 si
228 486 336 524 non
392 480 709 538 potestatem
758 474 991 528 habeant
1023 476 1101 530 ire
1132 479 1198 528 ad
1232 492 1602 545 quemcunque
1630 492 1725 529 vo-
1757 488 1804 544 Α
1911 476 2019 541 Ego
2066 476 2299 530 Jucohus
2339 477 2433 532 Dei
2484 482 2653 547 gratia
2703 481 2989 549 cpiscopus
3040 485 3294 539 Aretinus
3334 487 3434 540 do-

132 564 329 614 luerint
375 562 681 629 episeopum
742 574 917 618 tamen
967 566 1293 620 catholicum
1324 582 1421 635 pro
1472 582 1557 631 eo,
1590 570 1714 636 quia

135 653 390 705 Dominus
419 664 600 707 nuster
648 652 804 709 fesus
849 655 1096 711 Christus
1129 672 1223 725 per
1267 660 1512 728 angelum
1558 662 1714 714 suum

129 744 179 794 in
213 742 421 798 visione
448 744 601 798 nobis
632 744 802 800 videri
849 746 978 801 fecit
1010 757 1066 800 ut
1106 758 1269 818 caput
1300 748 1537 817 praedicti
1570 764 1713 823 mar-

128 836 259 903 tyris
285 836 345 888 ad
376 838 492 905 ejus
525 854 775 909 pugnam,
807 855 966 911 quam
1000 857 1099 896 nos
1128 843 1193 896 ad
1227 843 1499 912 praefatam
1531 845 1717 899 civita-

130 936 234 979 tem
272 926 600 985 habebamus
653 946 777 986 cum
824 932 919 988 Dei
966 935 1210 989 laudibus
1249 936 1563 1003 adveniret;
1621 952 1715 991 no—

126 1020 253 1072 stris
286 1035 411 1073 vero
443 1022 677 1078 inimicis
704 1023 940 1088 dicebat,
993 1035 1051 1079 ut
1098 1026 1474 1093 vincebamus,
1521 1037 1574 1083 et
1619 1044 1717 1085 nos

128 1114 197 1164 ita
242 1113 369 1165 talia
420 1113 667 1180 fecimus,
712 1124 768 1170 et
817 1132 961 1173 nunc
1008 1118 1300 1173 auxiliante
1347 1120 1477 1183 Deo,
1522 1130 1576 1175 et
1613 1122 1717 1177 isto

128 1203 348 1271 praefato
375 1216 613 1275 martyre
643 1205 966 1263 adveniente
1004 1210 1122 1277 ejus
1154 1209 1331 1279 capite
1361 1219 1520 1268 terra
1539 1220 1714 1267 motus

124 1299 268 1350 venit
306 1311 470 1366 super
515 1298 718 1353 nostris
758 1300 1015 1368 inimicis,
1046 1312 1102 1357 et
1130 1308 1335 1359 tremor
1362 1304 1718 1374 apprehendit

123 1402 237 1453 eos,
270 1398 324 1442 et
349 1389 585 1458 parietes
613 1391 909 1459 irruerunt,
936 1393 1138 1449 inimici
1171 1409 1300 1450 vero
1322 1396 1492 1450 nostri
1534 1398 1585 1450 in
1616 1413 1714 1450 no—

122 1478 247 1533 stris
278 1480 525 1536 manibus
555 1482 912 1550 devenerunt,
944 1496 1003 1542 et
1039 1502 1232 1544 omnes
1278 1489 1544 1546 interfecti
1596 1492 1713 1545 fne-

122 1580 264 1625 runt.
297 1571 524 1638 idcirco,
555 1581 614 1627 ttt
650 1574 858 1630 dictum
884 1586 989 1643 est,
1031 1577 1314 1645 tradimus,
1344 1578 1712 1645 concedimus,

118 1663 252 1715 etin
284 1662 500 1729 praefato
546 1666 877 1721 monasterio
907 1669 1080 1724 sancti
1126 1668 1389 1724 Anastaxi
1443 1678 1708 1739 perpetuo

124 1752 400 1822 largimur,
436 1762 495 1807 ut
524 1754 592 1808 de
622 1756 877 1823 praesenti
905 1757 996 1811 die
1041 1757 1273 1813 habeant
1303 1758 1379 1813 ttti
1424 1761 1716 1814 servitores

1825 568 1954 620 mini
2010 568 2115 621 mei
2149 583 2299 636 papa:
2345 571 2395 622 in
2432 568 2595 632 Urbe,
2640 583 2695 626 et
2732 571 2852 639 ejus
2899 573 3150 628 districtu
3195 577 3433 632 vicarius

1822 659 2089 727 generalis
2132 670 2188 714 et
2235 665 2641 716 cotnmtssarius
2690 663 2758 717 ad
2802 665 3235 734 compellendum
3273 680 3430 722 nota-

1823 749 1951 816 rios,
1985 762 2038 803 et
2069 751 2204 803 alias
2250 766 2507 820 personas
2540 753 2798 808 habentes
2852 755 3169 824 scripturas,
3222 759 3427 813 instru-

1824 851 2023 907 menta,
2055 854 2111 896 et
2161 843 2263 896 alia
2324 856 2669 899 monumenta
2715 845 2993 916 originalis
3022 888 3040 911 ,
3096 860 3257 916 atque
3300 861 3423 904 actu

1820 935 2104 1003 quamdam
2130 936 2380 989 ccdulam
2410 953 2614 991 aeneam
2657 948 2717 992 et
2754 939 3142 1007 ponderosam,
3176 943 3228 993 in
3273 942 3421 995 dicto

1821 1028 2148 1081 monasterio
2197 1028 2520 1083 existentetn
2549 1069 2566 1095 ,
2610 1030 2760 1097 prius
2798 1030 3018 1085 interfui
3063 1032 3419 1085 ausculationi

1822 1116 1981 1188 hujus
2010 1120 2267 1187 exempli,
2298 1134 2394 1174 seu
2424 1120 2749 1189 transumpti
2795 1122 2984 1191 scripti
3015 1122 3313 1191 exemplari
3352 1124 3423 1177 de

1819 1208 1961 1262 dicta
2011 1209 2190 1264 tabula
2238 1224 2391 1266 aenea
2443 1211 2675 1266 ﬁdeliter
2717 1214 2985 1279 translati.
3032 1224 3088 1269 et
3132 1217 3423 1283 exetnplati

1820 1311 1916 1365 per
1959 1298 2099 1361 infra
2129 1299 2391 1369 scriptum
2449 1300 2746 1356 Antonium
2800 1302 2978 1372 Gojoli
3025 1302 3174 1357 Petri
3209 1302 3413 1367 Sirete,

1819 1400 1996 1441 civem
2060 1387 2360 1443 Romanum
2403 1389 2677 1457 publicum
2718 1394 2989 1446 notarium
3035 1395 3417 1461 apostolicum,

1818 1489 1874 1534 et
1898 1478 2188 1551 diligenter
2219 1496 2403 1537 coram
2434 1496 2523 1537 me
2546 1483 2835 1537 auscultati
2874 1500 2981 1537 una
3016 1500 3141 1538 cum
3168 1485 3287 1554 ipso
3308 1486 3421 1539 An-

1821 1574 1989 1640 tonio,
2014 1589 2078 1630 ac
2123 1574 2262 1630 infra
2293 1576 2512 1647 scriptis
2559 1576 2770 1631 Joanne
2806 1576 3067 1645 Stephani
3116 1578 3418 1644 Iaﬂeroni,

1817 1668 2026 1723 Joanne
2057 1668 2203 1723 Pauli
2254 1670 2459 1735 Alictii,
2510 1679 2568 1725 et
2600 1670 2824 1725 Santoio
2872 1672 3019 1725 Petri
3071 1671 3255 1738 Bcrte,
3285 1671 3417 1726 civi-

1790 1772 1793 1773 '
1820 1760 1920 1812 bus
1950 1759 2211 1825 romanis,
2242 1773 2307 1814 ac
2339 1757 2575 1828 publicis
2603 1758 2832 1814 notariis
2860 1759 3197 1829 apostolicis,
3242 1770 3298 1814 et
3339 1772 3416 1815 te-

121 1852 438 1912 potestatem
468 1846 522 1899 in
556 1846 800 1915 praefatis
830 1848 1082 1906 omnibus
1112 1850 1179 1905 ad
1224 1851 1512 1908 utilitatem
1543 1852 1713 1907 saneti
1750 1851 1792 1911 Β
1819 1851 1991 1907 stibus
2013 1851 2150 1908 infra
2174 1853 2503 1923 scriptarum
2532 1850 2931 1917 litterarum,et
2950 1851 3074 1921 quia
3104 1852 3414 1922 huiusmodi

121 1938 375 1992 Auastaxi
406 1938 739 2009 introeundi,
768 1943 978 2007 utendi,
1008 1945 1249 2007 tenendi,
1282 1945 1517 2012 fruendi,
1545 1954 1599 2001 et
1623 1961 1709 2002 uso

120 2043 219 2097 que
248 2028 300 2083 in
329 2031 586 2086 saeculum
615 2034 801 2088 saeculi
834 2035 1170 2103 possidendi,
1196 2047 1462 2108 quatenus
1498 2052 1599 2107 per
1634 2047 1709 2102 te,

119 2120 345 2189 gloriose
398 2135 941 2195 martyr,mereamur
970 2140 1068 2182 nos
1106 2128 1294 2183 audire
1322 2128 1468 2183 illam
1501 2142 1707 2198 vocem,

118 2226 269 2281 quam
295 2211 555 2269 Dominus
575 2215 718 2270 dixit
748 2216 803 2272 in
834 2218 1129 2288 Evangelia
1157 2239 1169 2274 :
1205 2219 1371 2293 Euge,
1399 2237 1536 2275 serve
1556 2228 1706 2288 bone,

118 2315 164 2359 et
203 2306 397 2374 ﬁdelis,
429 2316 562 2375 etc.,
594 2325 751 2380 supra
800 2310 964 2363 multa
1010 2322 1057 2366 te
1107 2315 1453 2378 constituam;
1493 2314 1629 2367 intra
1658 2316 1709 2367 in

116 2398 357 2468 gaudium
390 2398 599 2454 Domini
648 2400 745 2456 Dei
773 2404 870 2458 tui.
910 2404 988 2459 De
1040 2421 1142 2475 qua
1200 2405 1294 2462 Dei
1349 2406 1707 2476 promissione

118 2493 331 2545 multum
360 2493 683 2549 conﬁdimus
715 2509 836 2560 nos,
887 2508 941 2552 et
972 2512 1161 2552 omnes
1208 2508 1492 2567 sperantes
1537 2504 1588 2553 itt
1631 2510 1704 2555 te.

119 2583 179 2636 Et
213 2585 257 2639 si
288 2584 408 2654 quis
458 2599 558 2640 nos
604 2585 689 2640 vel
736 2587 873 2642 alius
922 2590 1316 2658 qualiscunque
1366 2592 1550 2656 homo,
1597 2602 1703 2645 tam

118 2678 430 2748 presbyteri,
481 2694 643 2748 quam
698 2680 819 2735 laici
873 2681 1094 2750 praefata
1139 2684 1344 2751 omnia,
1398 2700 1519 2755 qua:
1563 2685 1702 2739 dicta

116 2781 253 2839 sunt,
292 2774 359 2827 ab
384 2773 573 2829 eodem
606 2776 941 2831 monasterio
971 2777 1321 2844 subtrahere,
1346 2781 1433 2833 vel
1466 2779 1703 2833 alienare

116 2867 358 2933 voluerit,
389 2881 496 2921 non
525 2867 725 2933 valeat,
771 2868 865 2924 sed
900 2885 963 2924 ex
991 2880 1144 2939 parte
1171 2872 1555 2939 omnipOIentis
1584 2872 1697 2938 Dei',

116 2973 163 3015 et
190 2962 369 3033 beata:
413 2960 594 3018 Maria:
632 2977 849 3033 semper
888 2963 1131 3035 virginis,
1162 2979 1225 3019 ac
1264 2966 1540 3020 beatorum
1570 2982 1700 3035 apo-

117 3055 364 3107 stolorum
396 3051 541 3109 Petri
590 3064 647 3109 et
677 3055 849 3117 Pauli,
897 3065 953 3109 et
1000 3056 1155 3110 istius
1196 3055 1402 3122 praefati
1448 3059 1698 3128 martyris

116 3149 625 3215 excommunicatus,
678 3151 1018 3214 maledictus,
1049 3149 1540 3205 anatltematizatus
1582 3166 1692 3221 nta-

1816 1942 2019 1996 dictum
2041 1943 2348 2012 exemplum
2378 1957 2501 1996 cum
2530 1940 2677 1997 dicto
2696 1956 2798 1996 suo
2821 1943 3071 2013 originali
3094 1944 3410 2006 concordat,

1818 2036 1890 2089 nil
1916 2036 2098 2091 addito
2128 2036 2212 2090 vel
2254 2036 2541 2099 diminuto,
2569 2036 2712 2105 quod
2742 2037 3074 2091 intellectum
3114 2036 3283 2099 vitiet,
3313 2050 3411 2089 seu

1816 2127 2086 2193 iutntutet,
2144 2138 2203 2181 ut
2253 2126 2379 2182 huic
2429 2106 2701 2197 exempio,
2749 2128 2835 2182 vel
2878 2136 3218 2197 transume
3260 2127 3415 2181 adhi-

1816 2220 2003 2274 beatur
2029 2220 2098 2274 de
2127 2229 2327 2275 ctetero
2356 2221 2513 2290 plena
2548 2221 2681 2275 ﬁdes
2718 2220 2791 2274 ab
2832 2220 3086 2273 omnibus
3109 2222 3175 2272 ad
3209 2235 3409 2290 ναβερ

1816 2323 1960 2366 tuam
1986 2314 2064 2366 rei
2096 2310 2419 2366 memoriam
2452 2325 2539 2365 me
2571 2311 2880 2385 subscribo,
2905 2326 3194 2380 meumque
3222 2312 3408 2367 decre-

1813 2413 1946 2470 tuut,
1976 2413 2032 2458 et
2060 2406 2441 2459 auctoritatem
2486 2404 2821 2459 ordinariam
2854 2421 2952 2475 pro
3007 2407 3261 2461 tribunali
3305 2422 3400 2461 se-

1810 2496 1947 2548 dens
1976 2497 2286 2565 interpono,
2314 2504 2371 2552 et
2406 2496 2616 2567 signum
2658 2499 2766 2551 mei
2815 2498 3037 2567 majoris
3082 2500 3247 2570 sigilli
3287 2499 3392 2554 feci

1808 2589 2060 2655 appendi,
2088 2588 2205 2643 sive
2233 2589 2455 2655 muniri,
2479 2590 2580 2642 sub
2610 2604 2754 2643 anno
2784 2589 2996 2644 Domini
3029 2588 3192 2656 1369,
3222 2595 3400 2660 ponti-

1809 2678 1996 2731 ﬁcatus
2025 2679 2351 2734 sanctissimi
2398 2678 2449 2733 in
2480 2679 2697 2735 Christo
2728 2682 2917 2750 patris,
2956 2692 3013 2737 et
3053 2683 3257 2737 domini
3298 2700 3399 2739 no-

1805 2771 1925 2835 stri,
1960 2771 2161 2826 dontini
2193 2769 2393 2826 Urbani
2419 2772 2597 2826 divina
2624 2774 2959 2842 providentia
2988 2789 3139 2844 papa:
3160 2774 3225 2842 ν,
3255 2791 3399 2830 anno

1806 2868 1922 2932 ejus
1960 2863 2013 2928 7,
2049 2865 2165 2918 ind.
2203 2881 2323 2929 vut,
2368 2868 2569 2922 mensis
2597 2866 2768 2932 Junii,
2805 2869 2896 2923 die
2917 2869 3008 2922 27.

1879 2959 1944 3011 Et
1971 2973 2073 3027 ego
2102 2958 2343 3014 Joannes
2394 2962 2651 3031 Stephani
2706 2961 2989 3031 Maﬁ‘aron,
3038 2964 3177 3019 civis
3220 2982 3398 3021 roma-

1805 3066 1926 3117 nus,
1962 3052 2053 3109 Dci
2082 3055 2252 3124 gratia
2284 3055 2343 3110 S.
2382 3055 2445 3109 ii.
2625 3067 2682 3111 et
2731 3059 3029 3126 apostolica
3077 3060 3397 3115 auctoritate

1806 3149 2065 3213 notarius,
2095 3149 2300 3203 habens
2355 3150 2513 3205 ﬁdem
2561 3150 2870 3220 huiusmodi
2895 3153 3275 3219 instrumento,
3300 3170 3395 3209 seu

114 3250 228 3295 neat
254 3244 309 3296 in
350 3251 693 3312 perpetuum,
723 3251 778 3296 et
812 3258 933 3297 cum
967 3244 1141 3309 Anna,
1182 3243 1406 3311 Caipha,
1436 3253 1491 3298 et
1521 3214 1692 3297 ilero-
1720 3214 1767 3276 (ἶ
1802 3253 2136 3312 transumpto
2186 3243 2418 3298 ﬁdeliter
2460 3245 2687 3311 scripto,
2736 3253 2793 3300 et
2820 3247 3086 3301 translato
3135 3247 3206 3303 de
3247 3250 3388 3303 dicta

114 3338 191 3403 de,
212 3347 369 3407 atque
398 3337 591 3414 Pilato,
622 3348 675 3414 et
704 3335 841 3390 .luda
886 3337 1132 3392 Scariote
1177 3337 1438 3392 traditore
1483 3336 1691 3391 Domtni
1802 3333 1978 3385 tabula
2004 3348 2153 3387 aenea
2184 3348 2282 3404 per
2305 3334 2596 3389 Antonium
2627 3335 2805 3405 Gojoli
2835 3334 2976 3391 Petri
3010 3338 3188 3393 Sirete
3218 3342 3388 3396 civen:

116 3432 268 3505 nostri
286 3433 413 3490 .lesu
442 3412 644 3490 Christi
671 3436 940 3503 particeps
970 3435 1260 3499 efﬁciatur,
1291 3446 1346 3491 et
1373 3452 1401 3489 a
1431 3437 1693 3492 limitibus

1817 3439 2079 3477 'otnanum
2113 3426 2380 3493 publicum
2408 3427 2678 3480 notarium
2700 3429 3055 3497 apostolicum
3088 3430 3225 3485 infra
3249 3434 3385 3486 scri.

117 3525 469 3582 universarum
500 3525 851 3580 ecclesiarum
881 3534 1173 3581 extraneos
1199 3529 1392 3582 existat
1418 3529 1526 3594 ltic,
1559 3540 1614 3583 et
1637 3529 1688 3583 in

1817 3528 1969 3585 tium,
2000 3528 2055 3573 et
2082 3520 2369 3588 ddigenter
2410 3536 2504 3589 per
2537 3538 2623 3574 me
2649 3523 2954 3577 auscultato
2994 3537 3179 3578 coram
3231 3539 3385 3594 supra

116 3627 443 3685 perpetuum;
502 3617 915 3671 observantibus
963 3618 1033 3671 sit
1086 3634 1189 3689 pax
1255 3618 1465 3674 Domini
1519 3622 1688 3676 nostri

1817 3610 1936 3664 licto
1968 3610 2169 3665 domno
2211 3609 2437 3677 Jacobo,
2485 3612 2579 3667 Dei
2608 3613 2780 3681 gratia
2821 3615 3080 3682 episcopo
3126 3616 3374 3676 Arctioo.

113 3708 224 3763 Jcsu
254 3708 475 3775 Christi.
510 3710 701 3764 Amen,
754 3708 869 3787 Ego
918 3708 1144 3764 Carolus
1198 3710 1489 3779 imperator
1522 3726 1688 3783 aug"-
1792 3712 1847 3756 et
1868 3703 2068 3757 domini
2101 3706 2271 3759 nostri
2300 3720 2451 3775 papa:
2495 3707 2550 3760 in
2586 3706 2751 3772 Urbe,
2781 3717 2838 3760 et
2864 3706 2985 3777 ejus
3010 3707 3262 3764 districto
3302 3712 3381 3764 vi-

114 3810 235 3867 stus,
259 3804 578 3858 auctoritate
606 3802 995 3871 omnipotentis
1029 3803 1141 3869 Dei,
1174 3812 1231 3857 et
1274 3803 1441 3858 nostri
1476 3804 1685 3872 imperii
1791 3795 1937 3849 0³³·ίο
1967 3799 2227 3865 genera“,
2264 3805 2320 3852 ει
2342 3798 2717 3853 commissam
2745 3798 2812 3852 ad
2843 3799 3099 3867 Ρηάίοῑδ
3130 3818 3234 3855 ulla
3255 3817 3379 3857 cum

114 3894 369 3949 decretum
400 3894 765 3961 decernimus,
796 3906 853 3950 ttt
882 3894 1083 3955 nullius
1130 3908 1377 3963 persona;
1409 3897 1684 3951 hominum
1789 3884 1996 3949 Joanne
2022 3887 2169 3942 Pauli
2192 3888 2402 3953 Alictii,
2440 3899 2495 3942 et
2521 3888 2746 3944 Santoio
2778 3890 2919 3945 Petri
2961 3889 3140 3957 Bene,
3171 3893 3378 3947 civibus

112 3994 174 4041 stt
197 3985 419 4043 facultas
449 3987 674 4058 praefata
706 3989 887 4042 omnia
913 3989 1104 4058 quovis
1132 3989 1292 4071 modo
1323 3990 1521 4059 ingenii
1550 4006 1686 4059 ρτω-
1791 3983 2031 4036 romanis
2053 3982 2281 4051 publicie
2308 3984 2536 4037 notariis
2562 3983 2878 4051 apostolicis
2905 3984 3042 4039 infra
3061 3986 3299 4057 scriptis,
3320 4000 3376 4042 et

113 4077 209 4133 fato
236 4082 561 4137 monasterio
590 4082 762 4138 sancti
808 4082 1065 4136 Anastaxi
1106 4082 1343 4150 auferre,
1376 4083 1462 4137 vel
1504 4083 1683 4138 ablata

1817 4073 2037 4129 cstibus.
2069 4072 2134 4127 Et
2188 4073 2311 4144 quia
2341 4073 2547 4128 dictum
2583 4075 2911 4144 exemplum,
2965 4089 3064 4131 seu
3110 4085 3378 4134 transum-

62 4170 69 4177 '
112 4172 349 4242 retinere,
409 4181 503 4228 aut
548 4173 781 4244 aliquam
833 4174 1135 4229 molestiam
1178 4175 1440 4248 irrogare,
1470 4177 1569 4231 nisi
1616 4177 1684 4231 de

1817 4175 1936 4222 >tum
1958 4180 2081 4221 cum
2107 4164 2255 4221 dicto
2281 4180 2382 4220 suo
2402 4164 2653 4235 originali
2694 4168 2749 4221 in
2772 4166 3024 4223 omnibus
3044 4174 3103 4223 et
3137 4183 3237 4238 per
3260 4181 3379 4223 ota-

113 4274 397 4335 pcrpetrata
428 4266 712 4335 iniquitate
740 4279 981 4337 congrua
1010 4262 1383 4321 satisfactione
1426 4265 1563 4320 infra
1615 4282 1684 4320 xv
1786 4258 1873 4312 nia
1898 4257 1965 4313 de
1993 4257 2160 4311 verbo
2182 4256 2251 4311 ad
2276 4257 2497 4311 verbum
2524 4256 2860 4313 concordare
2885 4257 3066 4315 ίιινοσιί
3088 4259 3381 4349 nihilost!-

111 4356 234 4426 dies,
285 4356 678 4427 emendaverit,
726 4366 1023 4427 componat
1079 4372 1180 4428 pro
1233 4372 1389 4429 ptem
1438 4358 1683 4414 Romano

1817 4350 1924 4416 lito,
1955 4349 2041 4405 vel
2074 4350 2365 4418 diminuto,
2395 4352 2538 4418 quod
2568 4352 2928 4407 substantiam
2958 4364 3152 4422 mutes,
3179 4356 3265 4411 vel
3288 4372 3381 4411 va-

113 4450 321 4522 intperio
351 4453 736 4524 quinquaginta
766 4453 862 4508 lib.
888 4453 1005 4507 auri
1032 4453 1327 4523 purissimi.

1817 4441 1891 4497 iet
1919 4442 2281 4509 intellectum,
2312 4453 2368 4498 ut
2409 4443 2535 4497 huic
2580 4446 2865 4525 exemplo,
2901 4460 2998 4501 seu
3042 4456 3381 4519 Ira-sumpto

174 4547 356 4601 Actum
383 4554 467 4603 est
489 4546 610 4611 hoc,
635 4554 691 4601 et
720 4546 976 4601 traditum
1006 4559 1153 4600 anno
1184 4545 1475 4600 Dominicte
1504 4547 1679 4600 incar-
1717 4605 1753 4611 _
1785 4532 2103 4589 adhibeam?
2131 4535 2201 4589 ab
2247 4535 2499 4589 omnibus
2550 4536 2619 4591 de
2656 4541 2858 4592 (3³³⁸81⁸0
2900 4539 3056 4607 l"em
3095 4539 3273 4605 ὕδατι
3308 4545 3375 4595 δά

115 4635 323 4693 nationis
352 4605 804 4708 octingentesimo
858 4638 1071 4707 quinto,
1118 4636 1414 4692 indictione
1443 4635 1677 4703 decima,

1817 4637 2099 4696 terpetuam
2151 4631 2229 4686 rei
2259 4629 2574 4685 memoriam
2614 4630 2704 4683 me
2753 4629 2806 4684 in
2838 4637 3033 4685 testem
3069 4632 3378 4699 subscribe,

113 4727 365 4783 etdomini
399 4728 594 4783 Leonis
641 4730 836 4784 summi
888 4743 1038 4799 papa:
1084 4727 1149 4783 Ill
1182 4743 1324 4784 anno
1368 4728 1604 4797 decimo,
1629 4739 1683 4783 et

1817 4729 1842 4772 rt
1874 4735 2049 4774 meum
2077 4719 2291 4790 signum
2334 4720 2560 4789 apposui
2588 4729 2930 4786 consuetum,
2958 4735 3105 4777 anno
3146 4722 3381 4789 Domini,

112 4818 292 4877 domini
318 4820 497 4875 Cal-or.
525 4820 867 4890 ίαιρεηιονίε
897 4835 1041 4875 anno
1069 4823 1279 4891 (μιίιιιο,
1787 4814 2149 4881 pontiﬁcatus,
2197 4814 2513 4883 indictione,
2544 4828 2752 4882 mense,
2788 4830 2853 4869 ac
2880 4815 2970 4872 die
2995 4816 3289 4885 pradictis,
3320 4832 3377 4875 et

172 4913 272 4983 Ego
300 4912 411 4969 Leo
448 4914 738 4984 episcopus
769 4913 1022 4969 Romana
1065 4914 1312 4969 ecclesia:
1358 4914 1673 4985 subscripsi.

1817 4907 2153 4975 tl'rascriptis.

170 5003 277 5076 Ego
305 5006 534 5061 Carolus
566 5008 862 5073 imperator
883 5014 1142 5075 angustus
1172 5005 1487 5073 SlleCl‘ipSi.
1856 4999 1917 5052 Et
1940 5014 2041 5069 ego
2073 4999 2327 5054 Santulus
2353 4998 2497 5055 Petri
2531 4999 2709 5066 Berte,
2731 5000 2866 5055 civis
2889 5000 3184 5071 Romanus,
3204 5002 3376 5069 publi-

169 5095 272 5168 Ego
302 5098 493 5154 Petrus
522 5098 811 5167 episcOpus
839 5097 1109 5153 Ostiensis
1139 5097 1459 5167 subscripsi.
1783 5107 1879 5147 cus
1926 5092 2224 5161 apostolica
2283 5093 2606 5150 auctoritate
2643 5095 2887 5149 notarius
2932 5095 3139 5151 habens
3191 5095 3375 5159 ﬁdem.

170 5186 272 5257 Ego
301 5187 621 5244 Cuillelmus
648 5196 853 5243 sanctae
884 5187 1102 5244 Sabina:
1140 5187 1289 5242 card.
1322 5186 1635 5259 subscripsi.
1713 5238 1721 5245 .
1787 5196 1913 5252 etc.,
1948 5196 2007 5241 ut
2034 5196 2305 5256 sup.,etc.
2534 5268 2539 5272 _

173 5277 287 5333 lssa
311 5280 480 5347 episc.
514 5279 707 5335 Abien.
748 5278 857 5352 [AL
888 5275 1177 5349 Sabinen.]
1214 5278 1529 5350 subscripsi.
1855 5279 1920 5332 Et
1949 5294 2049 5348 ego
2070 5278 2335 5334 Antonius
2362 5277 2539 5347 Cojoli
2573 5278 2717 5334 Petri
2735 5278 2914 5334 Sirete
2939 5280 3075 5333 civis
3097 5278 3374 5335 Romanus

174 5368 429 5427 Robertus
460 5373 810 5444 Aquisgranis
840 5371 1157 5442 subscripsi,
1188 5381 1295 5426 etc.
1780 5369 1874 5425 Dei
1913 5371 2105 5438 gratia,
2150 5379 2205 5425 et
2235 5372 2525 5441 apostolica
2564 5372 2884 5427 auctoritate
2928 5376 3171 5427 notarius
3196 5373 3372 5441 publi-

172 5462 229 5517 la't
251 5480 349 5534 ego
374 5465 525 5535 Hugo
547 5465 657 5519 dux
697 5465 1052 5526 Luxoviensis
1082 5465 1188 5539 [ΑΙ.
1223 5465 1455 5539 Lugdu.]
1488 5469 1668 5523 subsc.
1780 5479 1874 5519 cus
1902 5465 2271 5533 supradictunt
2310 5464 2640 5533 exemplum,
2680 5478 2778 5518 seu
2834 5473 3227 5531 transumptum
3272 5479 3370 5518 su-

169 5558 469 5611 Anastasius
507 5557 819 5612 scriniarius
857 5557 1018 5613 S.~R.
1060 5558 1121 5612 Ε.
1166 5558 1233 5613 de
1292 5560 1550 5613 mandato
1577 5560 1673 5614 ἀυ-
1779 5558 2141 5625 pradictarum
2190 5558 2489 5612 litterarum
2538 5574 2634 5613 seu
2665 5557 2953 5627 privilegii,
2980 5548 3371 5621 concessionis,

117 5645 223 5700 mitti
252 5648 445 5705 Leonis
477 5665 625 5719 papae
671 5650 834 5714 tertii,
867 5660 921 5705 et
955 5650 1157 5704 domini
1190 5648 1365 5704 Caroli
1414 5650 1587 5721 Magni
1618 5663 1671 5707 et
1775 5659 1829 5701 et
1859 5649 2167 5703 donationis
2196 5650 2520 5718 supradicta:
2551 5651 2618 5705 de
2644 5649 2785 5703 dicta
2813 5649 2990 5703 tabula
3020 5662 3168 5703 toea
3200 5648 3369 5704 ﬁdeli.

116 5735 173 5800 pii
202 5741 339 5808 regis
384 5742 518 5795 hanc
551 5741 799 5811 paginam
837 5755 1031 5795 aeream
1080 5736 1389 5796 e‘xauratam
1427 5742 1669 5811 comple-
1778 5751 1860 5795 ter
1886 5744 2102 5811 scripsi,
2131 5752 2182 5797 et
2227 5742 2532 5811 exemplavi
2597 5743 2673 5797 nil
2728 5743 2910 5797 addito
2958 5742 3040 5796 vel
3084 5741 3368 5806 diminuta,

116 5825 184 5892 Vi.
217 5840 272 5887 et
306 5832 523 5886 absolvi.
1778 5832 1919 5903 quod
1950 5834 2305 5889 substantiam
2353 5846 2546 5901 mutet,
2598 5837 2683 5892 vel
2712 5837 2885 5891 variet
2914 5832 3265 5889 intellectum.
3310 5847 3368 5889 et

420 5950 690 6010 I‘ATHOI..
742 5948 989 6009 XCVII.
2766 5951 2848 6011 33
2870 6000 2887 6013 .
