3856 6220
123 315 270 370 1⁸³11
451 316 679 372 CODEX
721 311 1242 386 DIPLOSIATICUS.
1286 342 1352 352 -—
1394 307 1695 364 I’RIVILl-l

1854 337 1916 346 —
1950 307 2012 362 Il.
2058 307 2301 365 I’lil\'ll..
2349 312 2476 368 I’ER
2520 314 2790 372 PARTES
2830 317 3104 376 "ALL-3.
3279 320 3416 377 Illi-2

117 432 237 500 jam
275 437 432 490 diem
461 433 703 488 ecclesia:
736 445 830 500 per
857 402 1247 485 sacramentum
1278 435 1330 480 et
1355 423 1719 478 testimOninm
1753 420 1801 477 Α
1833 436 1938 472 uno
1969 421 2132 475 latere
2161 434 2347 494 ervpta
2396 426 2642 494 latronis,
2695 448 2812 498 qua:
2861 447 2939 489 est
2978 438 3076 492 sub
3108 443 3418 499 montirello

122 530 400 582 honorum
439 527 719 580 hominum
763 521 1298 578 circummanentium
1345 535 1403 573 se
1434 517 1726 572 defendere
1829 512 2240 582 Sarracenisco,
2283 528 2336 574 et
2375 520 2500 578 inde
2551 528 2794 581 ascendit
2837 529 2887 582 in
2921 532 3153 588 stafiluin
3194 537 3268 592 de
3311 539 3416 592 Illa-

114 620 278 688 jnste
326 627 376 673 et
429 620 694 686 legaliter,
728 617 870 670 illam
902 630 988 670 res
1012 614 1292 668 ecclesiam
1337 611 1638 679 pertinere,
1671 620 1724 662 et
1823 604 1946 672 jella
1977 624 1988 657 :
2021 608 2086 661 de
2133 609 2237 663 alio
2287 612 2460 667 latere
2498 619 2769 683 quomodo
2815 621 3093 680 descendit
3142 628 3193 681 in
3225 645 3414 697 aquam

115 713 201 764 sic
259 711 477 764 easdem
522 725 606 763 res
649 709 713 762 ad
746 707 834 777 jus
857 718 912 762 et
953 705 1246 760 dominium
1293 704 1541 759 ecclesia:
1598 702 1752 766 reda,
1829 699 2248 772 Frassiningam,
2277 716 2332 759 et
2365 705 2486 760 imle
2521 711 2681 761 mittit
2730 711 2781 763 in
2818 712 2988 766 rivum
3016 715 3328 793 Baciinnni,
3363 730 3418 773 et

117 802 241 856 dat.
294 803 345 858 Si
373 805 490 870 quis
517 811 692 856 autem
723 801 883 870 hujus
917 811 1116 853 nostra:
1139 799 1558 853 confirmationis
1585 814 1722 866 pra:-

116 907 346 962 ceptum
371 897 658 963 infringere
678 893 700 962 ,’
739 898 821 950 vel
862 895 1060 949 violare
1100 891 1466 960 temptaverit,
1503 903 1554 944 ct
1586 907 1722 960 prze-

116 988 295 1044 dicue
321 987 556 1041 ecclesia:
588 986 726 1040 beati
759 984 1032 1040 Benedicti
1066 991 1303 1038 rectores
1334 981 1416 1036 vel
1452 990 1715 1050 pastores,

118 1079 204 1131 \el
239 1092 429 1132 eorum
461 1076 682 1144 missos,
724 1090 819 1130 seu
855 1075 1063 1144 aliquos
1107 1072 1352 1127 homines
1385 1071 1513 1140 ipsis
1543 1073 1718 1138 perti-

116 1181 322 1227 nentes
364 1169 692 1239 distringerit
719 1210 733 1234 ,
787 1166 1129 1233 autaliquam
1160 1163 1464 1219 violentiam
1499 1159 1712 1226 fecerit,

114 1266 258 1320 sciat
302 1277 359 1319 se
405 1262 824 1332 compositurum
873 1258 987 1312 auri
1035 1256 1225 1326 Optimi
1270 1256 1434 1311 libras
1465 1265 1709 1318 centum,

115 1357 468 1411 medietatem
499 1367 727 1408 camerae
759 1358 989 1415 nostrae,
1025 1357 1077 1402 et
1109 1347 1453 1402 medietatem
1486 1346 1710 1416 praefato

118 1446 425 1502 venerabili
454 1443 673 1510 abbati,
727 1453 780 1496 et
830 1441 944 1496 suis
992 1439 1391 1495 successoribus
1418 1479 1434 1503 ,
1476 1440 1566 1508 qui
1611 1453 1710 1506 pro

115 1550 369 1608 tempore
397 1537 592 1590 fuerint
619 1543 856 1590 rectores
881 1531 1119 1600 ejusdem
1151 1530 1409 1584 ecclesire.
1453 1529 1608 1595 Quod
1651 1538 1709 1586 ut

115 1631 308 1683 verius
338 1629 616 1692 credatur,
647 1635 702 1680 et
730 1624 1030 1694 diligentius
1073 1622 1139 1677 ab
1165 1621 1414 1676 omnibus
1441 1622 1710 1677 observe-

113 1732 220 1784 tur,
249 1719 516 1788 jussimus
542 1717 662 1772 inde
691 1717 792 1772 hoc
833 1730 1067 1784 praesens
1108 1726 1429 1784 prmceptum
1474 1716 1710 1769 conscri-

111 1811 186 1875 bi,
222 1811 534 1880 annuloque
567 1819 751 1863 nostro
779 1806 1000 1877 sigillari
1024 1846 1041 1874 ,
1075 1820 1238 1861 manu
1276 1805 1488 1875 propria
1518 1807 1709 1863 subter

111 1907 267 1958 lirnm
278 1904 470 1956 vimus.

181 1996 408 2064 Signum
435 1993 611 2047 Caroli
638 1989 1011 2063 gloriosissimi
1039 1989 1205 2058 regis.

176 2095 351 2150 Jacob
377 2094 442 2149 ad
475 2094 643 2148 vicem
681 2093 936 2147 Itadoiiis.

183 2195 321 2249 Data
372 2204 567 2249 octavo
597 2191 865 2247 Kalendas
920 2191 1124 2260 Maias,
1178 2207 1321 2246 anno
1352 2190 1594 2256 decimo,
1648 2192 1706 2248 ει

115 2299 305 2356 quarto
333 2289 539 2343 decimo
566 2285 712 2356 regni
745 2286 943 2352 nostri,
978 2286 1270 2341 indictione
1300 2286 1603 2341 undecima.

184 2393 378 2444 Actum
425 2388 638 2444 civitate
679 2389 858 2456 Capua
891 2429 904 2450 .
954 2388 1004 2441 in
1051 2386 1144 2442 Dei
1204 2388 1419 2442 nomine
1460 2388 1706 2454 feliciter,

103 2461 305 2536 Ἀηιθη.
331 2510 401 2522 --
428 2481 648 2533 Carolus
677 2479 844 2550 gratia
881 2479 970 2533 Dei
1005 2480 1295 2549 imperator
1322 2481 1610 2550 Augustus.

786 2609 1020 2664 XXVIII.

117 2723 436 2794 Prwceptum
461 2725 631 2779 Caroli
666 2723 847 2792 Magni
882 2742 974 2790 pro
1002 2728 1175 2779 eodem
1205 2724 1494 2781 Cassinensi
1521 2746 1704 2782 marm-

648 2797 800 2850 slerto
823 2797 980 2866 (mmo
1011 2796 1158 2865 810).

689 2910 780 2973 (Ex
809 2909 961 2972 Tosti,
987 2911 1128 2972 ibid.)

181 3015 235 3071 In
267 3017 485 3080 nomine
499 3016 706 3070 Domini
729 3017 893 3070 nostri
913 3016 1038 3070 .lcsu
1057 3016 1253 3072 Christi
1271 3018 1359 3073 Dei
1379 3021 1586 3076 aeterni.
1605 3021 1706 3076 Ca.

1744 1775 1792 1836 Β

1826 790 1972 845 vadit
2020 794 2070 844 in
2114 804 2327 862 puteum
2359 795 2428 849 de
2459 794 2763 865 Capctano;
2797 802 2918 855 inde
2950 790 3202 859 fossatum
3234 808 3291 860 S.
3324 807 3416 861 Ja-

1825 883 2014 945 nuarii,
2047 893 2099 938 et
2148 886 2197 939 in
2249 898 2542 942 rosentem.
2609 890 2681 944 De
2723 893 2827 946 alio
2862 897 3029 949 latere
3063 898 3185 951 linis
3218 901 3400 954 Bis-ara

1826 974 2046 1028 inviam
2097 991 2214 1042 qure
2266 978 2410 1032 vadit
2457 979 2508 1033 in
2561 983 2745 1035 lacuna
2798 999 2958 1050 supra
2999 988 3055 1041 8.
3103 988 3410 1046 Donatum:

1823 1065 1947 1120 hinc
1969 1066 2021 1122 in
2050 1067 2314 1124 Fit-arium
2342 1110 2359 1137 ,
2405 1072 2528 1126 inde
2562 1074 2611 1126 in
2645 1075 2902 1129 fossatum
2948 1077 3015 1132 de
3045 1079 3102 1134 8.
3135 1081 3292 1136 Lucis
3314 1130 3328 1149 ,
3362 1093 3414 1138 et

1819 1153 2060 1213 ascendit
2103 1175 2198 1228 per
2261 1177 2451 1231 aquam
2503 1163 2746 1232 frigidam
2801 1168 2851 1220 in
2903 1168 3069 1224 limite
3117 1172 3185 1225 de
3233 1185 3413 1230 monte

1823 1251 1983 1319 plano
2008 1291 2024 1313 ,
2075 1261 2127 1305 et
2159 1251 2296 1306 sicut
2327 1254 2473 1308 vadit
2515 1258 2617 1310 sub
2642 1255 2808 1325 ipsius
2842 1258 3096 1314 limitibus
3127 1264 3175 1316 in
3201 1265 3413 1321 ,l'ossatn

1820 1343 2068 1410 (iarifuli,
2092 1354 2143 1399 ct
2175 1345 2246 1398 ita
2282 1346 2431 1400 vadit
2457 1348 2507 1401 in
2534 1349 2752 1405 Alento.
2788 1351 2930 1406 Inter
2958 1370 3092 1424 quos
3121 1357 3252 1411 lines
3283 1359 3410 1412 nulli

1820 1437 2018 1492 homini
2044 1438 2241 1508 aliquid
2270 1441 2534 1511 dedimus,
2566 1444 2660 1497 sed
2695 1446 2862 1500 lisclio
2881 1449 3044 1516 regali
3073 1450 3368 1517 pertinebat
3397 1472 3410 1518 ;

1817 1531 1993 1585 omnia
2028 1532 2079 1584 in
2111 1531 2300 1586 eodem
2343 1534 2595 1588 cmnobio
2640 1535 2961 1602 obtulimus,
3011 1538 3408 1601 dehincecrle-

1817 1625 1912 1678 sia:
1936 1624 1995 1680 8.
2027 1625 2206 1679 Mariis
2231 1625 2281 1680 in
2313 1624 2586 1688 Bacinno;
2641 1629 2698 1683 S.
2735 1630 2931 1686 Felicis
2979 1633 3029 1686 in
3070 1633 3364 1691 Pastoricio
3393 1656 3407 1702 ;

1816 1714 1876 1770 S.
1937 1717 2207 1771 Benedicti
2253 1718 2304 1771 in
2354 1703 2545 1784 Turri;
2597 1722 2654 1778 S.
2689 1722 2792 1778 Viti
2841 1739 3003 1796 supra
3060 1728 3256 1785 ﬂumen
3309 1732 3408 1786 La-

1819 1806 2058 1874 vinium;
2098 1809 2156 1864 S.
2204 1811 2369 1866 llelite
2421 1813 2472 1867 in
2511 1813 2860 1884 Sclangario;
2912 1818 2970 1875 8.
3017 1821 3230 1876 Comitii
3262 1825 3409 1890 juxta

1817 1900 1989 1953 rivum
2025 1902 2280 1969 Arulum;
2322 1903 2379 1958 8.
2419 1890 2594 1962 Felici
2631 1909 2680 1962 in
2728 1910 3000 1979 pulverio;
3045 1913 3105 1967 8.
3139 1915 3324 1972 Culisti
3358 1918 3408 1973 in

1816 1992 2001 2059 lliano,
2059 1995 2119 2050 S.
2149 1997 2468 2056 Mannmetis
2503 2000 2733 2067 ibidem;
2775 2001 2831 2058 8.
2862 2003 3040 2060 Maria:
3071 2007 3122 2062 in
3155 2009 3408 2077 Potiano;

1814 2081 1871 2138 S.
1909 2085 2068 2141 Marci
2110 2088 2325 2144 ibidem.
2371 2088 2430 2149 S.
2482 2091 2776 2147 Elemlterii
2827 2094 2880 2148 in
2931 2095 3104 2168 Bupi;
3155 2099 3213 2156 S.
3261 2101 3409 2160 Pauli

1815 2175 2037 2240 ibidem,
2072 2195 2174 2233 una
2201 2196 2322 2237 cum
2353 2192 2531 2237 castro
2553 2182 2828 2252 Calcaria;
2868 2183 2928 2242 8.
2963 2188 3172 2247 Erasini
3204 2193 3257 2248 in
3291 2209 3408 2250 cer-

1812 2267 1919 2324 ritu
1949 2269 2146 2339 planu;
2179 2272 2237 2328 8.
2269 2273 2588 2342 Salvatoris,
2621 2287 2676 2335 et
2704 2280 2761 2337 S.
2803 2279 3013 2338 Martini
3045 2283 3239 2339 ibidem
3278 2306 3289 2339 :
3343 2287 3404 2343 8.

1822 2358 2132 2440 Benedicti;
2166 2363 2224 2418 S.
2259 2365 2434 2422 Mariae
2458 2409 2472 2435 ,
2508 2379 2562 2424 et
2592 2371 2643 2427 S.
2681 2371 2891 2428 Comitii
2929 2378 2981 2431 in
3012 2376 3156 2431 Orno
3178 2378 3278 2445 ;*S.
3305 2378 3408 2433 Ca-

1813 2455 2046 2522 listi;‘S.
2082 2457 2222 2514 Petri
2256 2461 2306 2514 in
2339 2462 2678 2532 Albianellu;
2713 2468 2769 2522 S.
2805 2467 2997 2533 Mauri,
3030 2481 3083 2523 et
3113 2470 3169 2526 8.
3207 2470 3402 2526 Benati

1811 2545 1863 2600 in
1908 2545 2261 2615 Taratolano,’
2308 2561 2361 2606 et
2418 2553 2568 2623 piezu
2624 2557 2966 2623 Corvarium;
3025 2559 3082 2615 8.
3138 2561 3320 2616 (laliin
3355 2563 3404 2616 in

1813 2641 1950 2696 valle
1981 2657 2138 2711 supra
2172 2645 2450 2711 Loentum;
2482 2649 2544 2702 8.
2579 2648 2758 2703 Mariae
2787 2665 2948 2718 supra
2975 2651 3084 2706 fara
3125 2653 3192 2709 de
3235 2653 3404 2709 Lien-

1815 2741 1962 2798 tum;
1993 2735 2048 2788 8.
2077 2735 2257 2789 Sabini
2285 2739 2333 2790 in
2376 2737 2708 2807 Trevanico;
2741 2741 2798 2796 8.
2828 2742 3093 2798 Clementi
3129 2746 3179 2798 in
3214 2745 3396 2800 Plum-

1812 2825 1968 2890 bata;
1997 2827 2053 2882 8.
2091 2829 2268 2883 Maria:
2318 2829 2370 2884 in
2418 2831 2579 2884 lluvio
2624 2836 2773 2900 fore;
2805 2834 2978 2890 sancti
3019 2837 3157 2892 Petri
3193 2839 3244 2891 in
3275 2836 3400 2895 Lol-

1813 2919 1984 2985 liano;
2012 2924 2396 2977 monasterium
2427 2922 2484 2979 8.
2518 2926 2796 2991 Severini;
2829 2929 2886 2984 8.
2922 2930 3117 2986 Menne
3147 2931 3198 2985 in
3228 2932 3402 3001 Bipe;

1810 3010 1867 3064 8.
1903 3013 2130 3068 Andreas
2158 3014 2208 3067 in
2241 3015 2378 3071 colle
2405 3017 2472 3072 de
2503 3018 2663 3083 Alba;
2690 3018 2749 3075 S.
2793 3020 2936 3077 Petri
2966 3022 3019 3076 in
3044 3025 3165 3090 Ari;
3199 3022 3255 3079 8.
3289 3026 3397 3078 An-

116 3110 254 3162 rolus
277 3111 443 3180 gratia
468 3109 556 3162 Dei
598 3126 691 3162 rex
723 3109 1078 3175 Francorum,
1126 3121 1284 3180 atque
1320 3113 1695 3183 Longobardo—

1808 3102 1912 3172 geli
1956 3113 2081 3158 ante
2127 3107 2395 3163 civitatem
2429 3109 2724 3179 Ortonam;
2777 3114 3058 3169 castellum
3102 3115 3170 3170 de
3208 3115 3402 3185 Ungo;

117 3215 247 3266 rum,
275 3217 342 3256 ac
366 3203 615 3270 patricius
635 3201 1011 3268 Romanorum,
1028 3204 1274 3262 omnibus
1302 3205 1589 3276 episcopis,
1614 3210 1705 3266 ab-

119 3296 342 3360 liatilius,
359 3295 917 3365 ilucilius,coniitibus,
932 3296 1710 3364 judicibus,caslaldeis,aaio.

122 3389 298 3450 uariis,
325 3388 557 3449 vicariis.
602 3389 952 3453 ct-ntenariis,
982 3387 1062 3441 vel
1095 3388 1312 3455 reliquis
1341 3390 1586 3447 fidelibus
1619 3412 1709 3474 no-

120 3479 238 3532 stris
254 3480 607 3546 prmsentibus
629 3489 788 3547 atque
810 3479 1018 3534 futuris.
1052 3473 1338 3550 Maxinipin
1363 3487 1508 3554 regni
1535 3490 1702 3543 nostri

123 3571 168 3621 in
207 3570 306 3623 hoc
331 3585 528 3640 augere
553 3569 823 3625 credimus
842 3572 1254 3638 munimentum,
1277 3574 1320 3627 si
1356 3577 1704 3643 petitionibus

122 3662 449 3714 sacerdotum
491 3675 652 3730 atque
698 3677 974 3717 servorum
1007 3662 1125 3728 Dei,
1162 3665 1213 3718 in
1239 3681 1345 3733 quo
1377 3669 1577 3723 nostris
1610 3687 1704 3724 au-

44 3780 48 3789 -
124 3754 260 3806 ribus
289 3752 484 3808 fuerint
520 3755 736 3822 prolatae
759 3796 774 3819 ,
823 3755 1006 3809 libenti
1037 3756 1217 3810 animo
1245 3759 1698 3829 obtemperamus,

121 3851 268 3909 atque
307 3843 370 3896 ad
417 3843 664 3899 ell'ectum
717 3845 1085 3922 perducimus,
1110 3850 1307 3917 regiam
1351 3854 1702 3907 consuetudi-

125 3949 234 3988 nem
268 3949 622 3991 exercemus:
651 3947 708 3991 et
732 3937 834 3992 hoc
861 3937 1016 3994 nobis
1039 3935 1106 3992 ad
1135 3942 1400 3995 mercedis
1444 3958 1702 4012 augmen.

125 4035 224 4079 tuin
253 4026 334 4082 vel
357 4028 704 4083 stabilitatem
736 4029 886 4100 regni
917 4031 1082 4086 nostri
1108 4026 1160 4086 ln
1193 4032 1287 4088 Dei
1313 4037 1530 4092 nomine
1563 4054 1695 4107 per-

127 4120 284 4173 tinere
317 4120 662 4177 contidimus.
705 4121 1042 4196 Quapropter
1092 4126 1302 4180 noverit
1343 4127 1558 4184 solertia
1602 4137 1701 4186 ‘ve-

125 4216 224 4263 stra
287 4211 515 4280 qualiter
581 4211 650 4265 ob
722 4214 1077 4268 reverentiam
1137 4217 1333 4272 sancti
1371 4218 1698 4276 confessoris

123 4300 308 4356 Christi
341 4304 611 4362 Benedicti
643 4303 710 4356 ad
739 4303 1054 4373 petitionem
1081 4308 1312 4377 religiosi
1337 4309 1694 4370 Theodemari
1746 4333 1749 4336 '

121 4395 315 4451 abbatis
355 4413 423 4452 ex
459 4398 786 4453 monasterio
821 4395 1104 4454 Casinensi
1144 4401 1247 4455 tale
1289 4402 1609 4460 beneficium
1643 4408 1694 4462 in

1811 3197 2093 3252 castellum
2124 3197 2191 3252 de
2219 3199 2374 3254 Prata
2399 3219 2413 3268 ;
2445 3203 2501 3257 S.
2531 3202 2719 3259 Crucis
2747 3205 2800 3260 in
2823 3215 3005 3262 castro
3033 3209 3218 3264 Casale
3243 3230 3256 3270 ;
3284 3213 3397 3265 mo-

1812 3293 2106 3346 nasterium
2147 3293 2204 3348 S.
2238 3293 2539 3363 Pancratii;
2567 3297 2624 3352 8.
2658 3299 2798 3356 Petri
2830 3304 2879 3356 in
2907 3284 3126 3359 civitate
3172 3303 3397 3362 Textiua

1810 3391 2022 3449 vetere;
2055 3384 2110 3438 S.
2145 3384 2288 3438 Pauli
2323 3386 2554 3454 ibidem;
2602 3388 2658 3445 S.
2693 3390 2880 3469 Tecle‘
2906 3395 2958 3448 in
3001 3395 3216 3452 civitate
3262 3395 3401 3454 Tea-

1811 3479 1917 3532 tina
1951 3494 2119 3542 nova;
2167 3478 2224 3533 8.
2258 3476 2549 3547 Theodori,
2598 3493 2653 3537 et
2702 3486 2758 3540 S.
2792 3486 3088 3544 Salvatoris
3117 3492 3168 3545 in
3195 3495 3400 3547 Aternu

1809 3585 1928 3624 cum
1962 3582 2116 3642 portu
2148 3582 2282 3632 suo;
2311 3568 2364 3624 in
2397 3579 2655 3634 comitatu
2700 3578 2967 3637 Pennensi
3004 3584 3293 3638 ecclesiam
3340 3585 3401 3639 S.

1809 3665 2003 3723 Felicis
2049 3670 2099 3724 in
2145 3673 2404 3741 Stabulo;
2449 3676 2510 3732 8.
2567 3677 2841 3732 Benedicti
2894 3679 2944 3732 in
2998 3678 3285 3746 Lauriano,
3335 3681 3394 3736 S.

1803 3759 2146 3818 8ρ1ιοΙειδιὶοίιξ
2174 3766 2325 3834 juxta
2353 3767 2568 3822 ﬂuvium
2597 3769 2780 3836 Tabe;
2809 3770 2866 3826 8.
2901 3771 3091 3839 Angeli
3120 3773 3168 3827 in
3201 3771 3397 3830 Galba-

1805 3854 1964 3915 nico;
2017 3856 2078 3910 S.
2128 3856 2326 3913 Felicis
2375 3859 2426 3913 in
2480 3861 2756 3929 Bosicole;
2801 3862 2859 3919 8.
2901 3863 3082 3921 Maria:
3118 3868 3181 3920 ad
3217 3866 3398 3924 Pater-

1803 3961 1967 4014 num;
2000 3948 2056 4005 S.
2088 3951 2300 4006 Martini
2333 3953 2385 4006 in
2419 3952 2772 4022 Genestrula;
2806 3956 2864 4012 8.
2898 3959 3078 4026 Petri,
3104 3969 3158 4016 et
3180 3962 3393 4017 Ceciliae

1802 4037 1855 4094 in
1888 4039 2270 4111 Castroulano;
2302 4044 2360 4100 S.
2389 4045 2575 4102 Petrus
2602 4050 2653 4103 in
2683 4048 2973 4115 Termule;
3003 4050 3062 4106 S.
3097 4053 3405 4122 Benedicti,

1800 4141 1853 4186 et
1881 4129 1942 4186 8.
1971 4131 2150 4188 Mariae
2179 4135 2228 4188 in
2262 4135 2506 4191 ltlnurinu
2552 4153 2675 4193 cum
2719 4149 2875 4209 portu
2905 4157 3033 4208 suo;
3075 4144 3133 4199 8.
3164 4144 3393 4202 Victoris

1803 4225 1856 4280 in
1886 4225 2018 4280 silva
2045 4229 2235 4297 plana;
2261 4227 2318 4284 S.
2354 4230 2647 4294 Benedicti,
2679 4243 2733 4287 et
2751 4232 2810 4291 S.
2843 4234 3150 4291 Scolasticae
3177 4238 3230 4292 in
3265 4239 3391 4294 Pius

1798 4332 1904 4383 ne;
1935 4317 1994 4374 S.
2046 4318 2253 4383 Mariae,
2297 4331 2352 4374 et
2399 4321 2455 4376 8.
2507 4322 2816 4392 Benedicti,
2867 4336 2922 4382 et
2958 4328 3314 4385 S.Columb:e
3341 4333 3411 4387 in.

1797 4408 2048 4476 Alarino;
2081 4410 2139 4466 S.
2189 4410 2366 4464 Mariae
2410 4411 2461 4466 in
2508 4413 2788 4482 Cosentia,
2837 4425 2892 4472 et
2945 4417 3004 4474 8.
3035 4419 3306 4476 Benedicti
3339 4425 3389 4478 in

125 4487 226 4552 ipso
252 4499 583 4544 monastero
628 4487 726 4544 visi
773 4489 968 4544 fuimus
1000 4494 1364 4560 concessisse;
1397 4502 1540 4554 unde
1577 4515 1695 4554 mo~
1726 4509 1773 4569 ι)
1802 4499 1952 4566 Bari;
2005 4501 2062 4559 S.
2114 4503 2306 4557 Severi
2356 4504 2408 4558 in
2450 4504 2743 4574 Sorrentu;
2791 4509 2853 4564 S.
2899 4511 3202 4579 Benedicti,
3251 4526 3304 4570 et
3328 4519 3385 4573 8.

125 4580 265 4635 uacbi
297 4581 406 4636 Deo
430 4583 730 4637 servientes
761 4597 859 4652 pro
890 4583 1045 4638 nobis
1070 4593 1126 4638 et
1157 4599 1254 4654 pro
1275 4598 1474 4643 cuncto
1499 4592 1696 4659 populo

124 4669 413 4732 Christiano
435 4684 724 4732 exorantes
751 4676 936 4733 vivere
966 4678 1195 4743 valeant,
1231 4680 1282 4734 id
1305 4689 1518 4751 est,res
1562 4700 1695 4755 per-

126 4765 336 4822 tinentes
366 4783 524 4822 sacro
562 4780 748 4823 nostro
785 4769 985 4839 palatio
1017 4786 1111 4839 per
1134 4771 1348 4827 diversa
1378 4776 1494 4831 loca
1525 4817 1540 4842 ,
1572 4793 1694 4849 quae

125 4855 312 4923 genitor
331 4871 515 4914 noster
537 4859 757 4929 Pipinus
785 4876 888 4916 una
919 4875 1040 4916 cum
1069 4861 1234 4918 fratre
1276 4880 1374 4922 suo
1409 4867 1608 4926 Carolo
1638 4871 1690 4924 in

125 4951 295 5004 eodem
339 4961 528 5007 sancto
575 4953 824 5009 cienobio
861 4955 1189 5010 obtulerunt.
1251 4956 1416 5023 Igitur
1453 4960 1593 5016 sicut
1622 4962 1692 5017 ab

128 5038 221 5094 illis
244 5044 428 5100 eodem
464 5046 584 5100 loco
612 5045 789 5100 oblata
820 5059 876 5102 et
897 5049 1211 5102 conﬁrmata
1235 5060 1396 5116 sunt,
1426 5062 1482 5107 et
1508 5068 1605 5108 n'Os
1635 5057 1688 5110 in

127 5145 414 5200 perpetuum
448 5136 757 5192 habendum
803 5140 1133 5206 tenendum,
1198 5151 1252 5196 et
1306 5144 1688 5202 deminandom

123 5227 443 5280 concedimus
471 5235 525 5281 et
552 5226 958 5282 confirmamus.
1004 5229 1301 5288 Ecclesiam
1326 5235 1387 5289 8.
1418 5234 1607 5291 Jacobi
1635 5240 1687 5293 in

126 5311 363 5384 Tremni;
395 5321 453 5376 S.
485 5319 705 5376 Joannis
733 5323 786 5377 in
820 5323 1051 5390 Veneri,
1083 5342 1202 5394 quae
1230 5343 1258 5381 a
1305 5331 1532 5386 Martino
1566 5349 1684 5389 mo-

128 5411 276 5463 nacho
320 5412 560 5480 ejusdem
600 5413 843 5469 ecclesiae
887 5428 1262 5475 constructnre
1306 5421 1460 5476 beato
1512 5425 1686 5481 Bene-

129 5497 252 5552 dicto
278 5503 450 5558 oblata
499 5514 602 5560 est.
663 5506 870 5562 Dehinc
915 5510 1200 5566 ecclesiam
1253 5499 1688 5576 SfLiberatoris

130 5606 263 5661 supra
288 5596 502 5652 lluvium
535 5600 824 5668 Laentum;
867 5603 923 5658 S.
953 5606 1138 5674 Angeli
1181 5607 1232 5661 in
1277 5619 1456 5663 monte
1489 5611 1685 5681 Clano,

130 5687 380 5742 castellum
433 5688 492 5744 8.
539 5690 762 5761 Angeli;
788 5696 1067 5750 castellum
1099 5698 1160 5752 8.
1194 5698 1365 5764 Petri,
1390 5711 1594 5757 curtem
1621 5704 1682 5759 8.

129 5770 338 5837 Januarii
386 5795 510 5839 cum
557 5785 897 5854 pertinentiis
941 5790 1053 5845 suis
1096 5789 1233 5848 inter
1285 5793 1380 5848 bas
1411 5794 1583 5851 lines:
1619 5799 1685 5854 ab

1800 4595 2030 4651 Andreae
2059 4597 2108 4651 in
2140 4597 2346 4655 Caudi:
2392 4600 2449 4656 8.
2493 4600 2710 4672 Sophia:
2739 4605 2790 4658 in
2829 4605 3164 4677 Benevento;
3195 4609 3252 4668 S.
3285 4611 3390 4669 Ce-

1796 4687 1942 4744 ciliae
1966 4689 2019 4743 in
2053 4690 2369 4761 Neapolim;
2415 4692 2474 4749 8.
2514 4691 2783 4752 Benedicti
2827 4701 2876 4752 in
2904 4701 3164 4769 Salerno;
3196 4704 3258 4761 S.
3293 4687 3391 4761 Be-

1796 4779 1993 4837 nedicfi
2025 4783 2078 4838 in
2113 4783 2337 4854 Cajeta;
2372 4786 2431 4843 S.
2464 4787 2762 4845 Salvatoris
2789 4791 2986 4848 ibidem
3013 4812 3027 4861 ;
3055 4796 3113 4851 S.
3145 4795 3385 4855 Lauren-

1797 4875 1852 4929 tii
1885 4873 1936 4929 in
1965 4874 2238 4944 Majolilii;
2295 4876 2354 4932 8.
2386 4879 2556 4936 Mauri
2607 4882 2658 4937 in
2709 4884 2990 4954 Maranisi;
3026 4890 3086 4946 S.
3119 4891 3300 4946 Maria:
3332 4895 3383 4949 in
3421 4891 3428 4896 ’

1793 4957 2182 5031 Maritendulo:
2234 4969 2298 5027 S.
2348 4972 2596 5043 Agapiti;
2643 4975 2702 5031 8.
2730 4978 3042 5036 Scolasticm
3081 4982 3133 5038 in
3165 4985 3382 5054 Teano;

1793 5061 1850 5114 S.
1875 5059 2099 5116 Joannis
2149 5064 2202 5116 in
2247 5063 2490 5133 lrpinisi;
2534 5066 2592 5121 S.
2629 5068 2943 5140 Reparatze;
2989 5074 3047 5130 8.
3081 5068 3378 5136 Μπχίιηίῖη

1792 5154 1908 5207 rivo
1935 5153 2137 5208 Bulanu
2160 5153 2582 5224 Campufriddu;
2634 5159 2693 5214 S.
2750 5162 2960 5218 Martini
3012 5166 3064 5220 in
3119 5167 3380 5228 Vulturuu

1790 5261 1910 5298 cum
1939 5255 2096 5314 portu
2120 5261 2251 5311 suo;
2273 5287 2279 5293 .
2304 5244 2362 5300 8.
2414 5248 2594 5304 Maria:
2625 5253 2676 5306 in
2703 5253 2968 5323 Turciuu;
3012 5258 3071 5312 S.
3105 5258 3381 5319 Benedicti

1790 5336 1841 5389 in
1879 5337 2219 5403 Benevento;
2265 5339 2326 5392 8.
2367 5341 2554 5410 Angcli
2599 5343 2649 5397 in
2697 5345 2932 5414 Alel'rid;
2984 5349 3034 5403 in
3069 5351 3292 5408 Cominu
3317 5355 3377 5410 S.

1791 5428 2090 5502 Victorini,
2137 5431 2194 5486 8.
2237 5432 2476 5500 Erasini;
2529 5435 2586 5491 S.
2617 5437 2817 5506 Mari:.e,
2873 5451 2928 5496 et
2974 5442 3032 5498 S.
3079 5445 3278 5512 Quirici
3323 5451 3379 5505 in

1789 5524 1944 5590 Arci;
1980 5527 2038 5581 8.
2071 5526 2286 5584 Comitii
2313 5531 2365 5584 in
2413 5530 2686 5601 Piscaria;
2727 5538 2785 5593 8.
2831 5538 2972 5596 Petri
3007 5544 3057 5598 in
3087 5544 3376 5616 Ceceanu;

1789 5617 1848 5674 S.
1879 5616 2206 5676 Liberatoris
2251 5623 2303 5678 in
2335 5622 2612 5692 Puscalle;
2649 5626 2710 5684 S.
2747 5631 3011 5702 Leopardi
3050 5649 3104 5692 ct
3144 5640 3200 5695 8.
3235 5641 3373 5703 Petri

1789 5709 1840 5762 in
1864 5709 2157 5778 Teczania;
2193 5713 2250 5770 S.
2288 5714 2476 5785 Angeli
2519 5717 2586 5772 in
2616 5718 2852 5790 Lalana;
2891 5725 2951 5783 S.
3001 5727 3266 5790 Benedicti
3319 5736 3370 5790 in

1787 5799 2189 5871 Casigenzana;
2239 5806 2297 5862 8.
2353 5804 2625 5868 Benedicti
2676 5813 2729 5872 in
2781 5806 3075 5886 Laurinno;
3117 5823 3172 5880 8.
3207 5825 3372 5886 Bene-
