3856 6220
523 390 653 442 tot".

1446 383 1500 436 Β.
1543 381 1791 436 αδιιυιι
1836 382 2050 437 ΜΛΩΝΙ
2092 383 2240 434 Ol’l'.
2290 381 2461 435 PARS
2501 381 2538 434 l.
2583 381 2825 436 SECTIO
2869 381 2928 434 Il.

3645 389 3763 443 1043

517 504 640 555 tlit'll
669 502 718 553 in
748 499 961 552 Cit-ilia:
1010 497 1070 552 S.
1113 497 1252 550 Petri
1299 497 1348 549 in
1382 495 1594 558 Conca;
1649 495 1706 548 S.
1753 495 2093 549 Benedictiin
2127 500 2166 552 Α
2203 495 2410 559 beatnr,
2439 509 2500 549 ac
2547 495 2654 548 Deo
2677 505 2893 548 aut-tore
2923 497 3171 550 inviolata
3210 509 3576 567 conservetur,
3621 520 3760 560 manu

521 597 783 649 i‘nutcnu;
818 589 876 643 S.
913 589 1082 655 \‘igilii
1119 589 1168 639 in
1203 597 1382 641 monte
1406 586 1464 642 S.
1495 588 1711 655 Angeli;
1751 588 1808 640 S.
1837 587 2011 639 Moriar
2044 589 2094 639 in

516 682 712 743 Calvo;
761 683 816 734 S.
851 681 1011 735 Mauri
1043 683 1091 732 in
1125 679 1330 734 Gnaltlu
1379 659 1642 737 Lilturizci
1689 678 1748 734 S.
1792 679 2094 733 Scolasﬁme

518 777 567 825 ltl
621 773 844 832 l‘ntlule;
894 771 950 825 S.
1003 770 1210 823 Martini
1259 770 1307 820 itt
1351 770 1569 838 fitlpnli;
1617 771 1672 823 S.
1729 769 1998 824 Benedicti
2044 770 2093 821 in

521 864 694 915 .\tlllt'..
740 863 790 913 in
813 863 1064 914 cumitalu
1099 860 1398 912 Mutinense
1433 861 1808 912 monasterium
1844 861 1898 913 S.
1926 860 2089 914 Bene-

511 953 634 1005 dicti
669 955 718 1004 iu
751 953 922 1014 Atlili;
952 951 1334 1002 utintta'sterium
1375 949 1432 1004 S.
1469 951 1682 1004 Martini
1719 952 1924 1019 jusmtn
1953 960 2091 1004 stra-

512 1055 965 1110 latn-petrosutn;
1038 1040 1427 1093 monasterium
1477 1040 1535 1094 S.
1584 1041 1805 1093 Joannis
1848 1041 1898 1092 in
1948 1053 2094 1095 rnrte

510 1134 918 1190 Τιἐικςειιριιι1²;
974 1133 1357 1186 monasterium
1421 1131 1482 1186 S.
1534 1131 1785 1192 Domnini
1841 1134 1890 1185 in
1945 1145 2096 1188 curle

436 1209 439 1211 ’
512 1229 732 1295 Arguta;
767 1227 824 1279 S.
861 1225 1047 1276 V.talis
1080 1225 1130 1276 in
1157 1235 1308 1277 curto
1347 1223 1685 1285 tinideraria;
1733 1223 1790 1278 S.
1835 1223 2010 1277 Mat-i1:
2042 1226 2092 1277 in

518 1315 911 1370 Laurentiatico
950 1331 1071 1367 cum
1130 1317 1376 1368 omnibus
1430 1315 1759 1382 pertinentiis
1805 1330 1987 1368 eorum
2042 1317 2092 1370 in

513 1411 940 1480 quibuscumque
969 1407 1098 1460 locis
1132 1409 1438 1472 positisscu
1477 1385 1739 1460 casaliints
1779 1419 1867 1458 aut
1896 1408 2092 1462 fundo-

518 1506 593 1557 ris
618 1513 723 1556 tam
751 1501 1111 1556 domnicatum
1163 1500 1305 1552 villis
1359 1514 1477 1551 cum
1531 1500 1743 1552 rusticis
1785 1510 1836 1554 et
1863 1501 2092 1565 col0uis,

513 1606 571 1651 et
599 1611 717 1648 cum
751 1593 960 1646 famulis
990 1593 1264 1658 utriusque
1289 1607 1440 1656 sexu,
1493 1607 1584 1658 per
1613 1593 1850 1663 singulas
1892 1607 2090 1659 rnrtes,

513 1700 565 1742 et
599 1705 691 1757 per
713 1687 917 1756 singula
945 1683 1266 1739 monasre‘ria
1298 1698 1414 1751 quze
1439 1685 1682 1749 superius
1708 1686 1952 1747 leguntur
1980 1703 2082 1739 ttna

514 1797 634 1835 eum
663 1780 841 1842 lt'l‘tls,
871 1779 1062 1840 vineis,
1099 1776 1281 1844 pratis.
1315 1777 1544 1842 pascuis,
1581 1777 1748 1839 silvia,
1784 1778 2093 1842 piscationi-

517 1849 1123 1933 htts,'aucupationibus
1143 1909 1156 1924 ,
1202 1866 1402 1918 cultum
1424 1908 1436 1924 ,
1471 1876 1522 1917 et
1547 1867 1798 1918 int-ultum
1823 1907 1838 1930 ,
1865 1867 2088 1921 divisum

514 1974 568 2018 et
596 1962 902 2026 iudivisum,
943 1960 1222 2015 arboribus
1253 1958 1536 2013 fructiferis
1568 1969 1620 2012 et
1649 1958 2014 2024 inlructiferis,
2044 1968 2098 2012 et

513 2057 786 2126 pomiferis
828 2071 892 2110 ex
926 2053 1154 2109 diversis
1183 2055 1425 2119 cenet-is,
1475 2061 1528 2104 et
1574 2066 1694 2106 cum
1732 2051 1981 2104 omnibus
2002 2066 2091 2104 su-

513 2163 609 2217 per
631 2161 690 2201 se
717 2156 772 2200 et
805 2145 942 2199 infra
990 2158 1048 2196 se
1074 2143 1390 2196 habentibus
1433 2143 1482 2194 in
1529 2143 1789 2209 integrum
1818 2142 1868 2194 in
1903 2141 2094 2196 eodem

516 2235 849 2291 monasterio
898 2233 1174 2288 Casinensi
1238 2233 1598 2286 ct-utessituus
1668 2233 1720 2307 in
1785 2240 2094 2299 perpetuum

511 2321 728 2399 semper
778 2327 1102 2383 habendum.
1185 2327 1387 2382 l’ut'ilct‘
1434 2327 1592 2382 etiam
1645 2329 1696 2381 in
1760 2329 1946 2383 eodem
1980 2330 2097 2384 loco

515 2425 860 2481 concedimus
906 2432 1127 2477 cunctas
1177 2422 1256 2476 vel
1297 2438 1414 2492 quze
1466 2426 1518 2476 in
1560 2423 1748 2478 eodem
1793 2424 1908 2478 loco
1946 2412 2095 2478 obla-

513 2527 580 2570 tae
609 2524 736 2570 sunt
773 2529 867 2584 per
893 2527 1079 2569 omnes
1111 2513 1256 2579 regni
1311 2517 1476 2567 nostri
1525 2513 1687 2577 fines,
1746 2527 1838 2567 seu
1883 2525 1936 2568 et
1978 2530 2096 2584 quae

521 2607 718 2661 amodo
748 2607 799 2660 in
829 2616 987 2660 antea
1026 2605 1428 2672 qualiscumque
1467 2605 1628 2658 homo
1673 2606 1871 2659 donare
1908 2607 1988 2659 vel
2016 2607 2096 2658 of-

514 2698 660 2777 ferre
679 2712 744 2752 ex
777 2697 936 2752 rebus
963 2696 1106 2761 suis;
1138 2695 1190 2749 id
1221 2703 1326 2759 est,
1360 2697 1535 2760 terris,
1569 2695 1761 2762 vineis,
1793 2696 1950 2760 casis,
1987 2711 2091 2750 mo-

461 2823 468 2834 ν
518 2791 772 2866 lendinis,
801 2790 852 2844 in
878 2788 1136 2859 praedicto
1159 2789 1484 2842 monasterio
1511 2796 1698 2841 sancto
1726 2787 2091 2842 etvenerabili

513 2878 634 2932 loco
661 2876 946 2938 voluerint,
981 2873 1250 2928 licentiam
1283 2881 1337 2928 et
1377 2881 1690 2941 potestatem
1732 2873 1957 2927 habeant
2001 2875 2094 2923 do-

513 2985 646 3026 nare
686 2977 742 3024 et
779 2967 972 3023 offerre
1002 2981 1121 3020 cum
1154 2966 1293 3035 quali
1341 2964 1546 3018 ratione
1580 2966 1840 3018 voluerint
1874 2982 2090 3019 suorum

511 3063 620 3117 sint
663 3061 929 3115 licentiam
991 3057 1106 3112 sine
1154 3057 1528 3112 contrarietate
1586 3058 1871 3126 principis,
1922 3061 2092 3112 archi-

513 3152 801 3222 episcopis,
837 3148 1143 3212 comitibus,
1173 3147 1433 3215 episcopis
1463 3149 1750 3215 gastaldeis
1769 3189 1782 3210 ,
1806 3147 2088 3217 judicibus,

2202 587 2410 654 propria
2434 585 2887 638 Subtert'ohm'nre
2909 585 3266 650 decrevimus,
3296 599 3351 643 et
3379 593 3574 646 annulo
3595 607 3762 652 nostro

2199 675 2426 735 sigillnre
2453 675 2731 744 jussinius.

2269 766 2488 834 Signum
2518 767 2688 820 Caroli
2717 768 3091 832 gloriosissimi
3122 772 3282 840 regis.

2269 857 2491 908 Carolus
2511 858 2694 925 gratiae
2738 859 2828 908 ltvi
2879 859 3170 924 imperator
3219 864 3680 931 at-gustusJacob
3705 872 3758 923 ad

2200 946 2364 1000 vicem
2400 944 2653 1000 “adonis.
3560 949 3562 951 ’

2271 1037 2396 1090 Data
2429 1047 2618 1092 octavo
2647 1039 2858 1099 decimo
2892 1039 3157 1096 Kalendas
3189 1043 3404 1097 Martias
3441 1059 3581 1100 anno
3613 1048 3755 1105 trice-

2197 1131 2333 1184 simu
2361 1133 2506 1201 regni
2543 1133 2734 1187 nostri.
2767 1132 3060 1189 Indictione
3089 1136 3342 1204 SPptima.

2269 1226 2455 1277 Actum
2510 1224 2722 1278 civitate
2781 1225 2960 1291 Papia,
3016 1227 3066 1280 itt
3122 1226 3212 1298 Dei
3268 1227 3480 1282 nomine
3529 1231 3754 1287 feliciter.

2198 1319 2389 1370 Amen.

2880 1387 3070 1442 XXIX.

2288 1477 2604 1548 Pra'cepmm
2634 1479 2804 1534 Caroli
2841 1480 3018 1550 Magni
3180 1485 3353 1538 eodem
3380 1490 3676 1541 monasterio

2823 1559 2979 1616 (anno
3009 1557 3038 1606 8
3143 1594 3155 1606 .

2823 1559 2979 1616 (mmo
3009 1559 3155 1616 810),

2776 1639 2867 1702 (Ex
2886 1640 3044 1700 Tosti,
3069 1644 3216 1704 ibid.)

2269 1747 2324 1801 in
2353 1749 2565 1802 nomine
2597 1748 2804 1802 Domini
2847 1747 3012 1802 nostri
3050 1747 3176 1803 Jesu
3204 1748 3402 1804 Christi
3435 1750 3530 1806 Dei
3557 1754 3747 1806 teternl.

2126 1863 2167 1920 Β
2195 1840 2418 1895 Carolus
2460 1843 2628 1910 gratia
2662 1838 2753 1894 Dei
2799 1855 2888 1894 rex
2925 1839 3247 1894 Francorum
3298 1850 3354 1894 et
3403 1841 3749 1911 Langobardo-

2199 1946 2332 1996 rum,
2364 1945 2428 1985 ac
2464 1929 2716 1998 patricius
2746 1928 3108 1982 Romanorum
3149 1948 3161 1981 :
3194 1929 3444 1984 omnibus
3486 1932 3750 1999 episeOpis,

2198 2022 2470 2087 abatihus,
2507 2021 2758 2086 ducibus,
2791 2021 3110 2086 comitibus,
3132 2021 3434 2089 judicihus,
3471 2024 3747 2089 castaldeis,

2196 2113 2504 2168 actionariis
2525 2156 2540 2178 ,
2588 2113 2941 2179 omnibusque
2975 2111 3228 2180 subjectis
3274 2115 3470 2167 nostris
3498 2117 3749 2183 prasenti-

2198 2207 2296 2260 bus
2333 2207 2534 2260 scilicet
2561 2216 2615 2260 et
2646 2203 2854 2257 futuris.
2879 2203 3164 2258 Maximum
3198 2206 3344 2272 regni
3378 2206 3561 2271 nostri,
3591 2207 3639 2260 in
3666 2207 3746 2262 hoc

2197 2313 2390 2366 augere
2421 2307 2524 2350 tam
2560 2277 2908 2364 petitionibus
2940 2297 3281 2350 sacerdotum
3311 2305 3471 2364 atque
3498 2313 3744 2352 servorum

2199 2391 2312 2455 Dei,
2348 2391 2399 2444 in
2425 2405 2531 2458 quo
2574 2389 2774 2442 nostris
2819 2389 3039 2444 auribus
3068 2388 3263 2444 fuerint
3305 2391 3557 2457 prolatae,
3589 2393 3744 2446 libenti

2196 2482 2377 2532 animo
2402 2494 2498 2532 uos
2527 2479 2902 2546 obtemperare
2929 2493 3204 2542 curamus,
3241 2492 3402 2548 atque
3433 2481 3498 2534 ad
3526 2481 3744 2535 elici-tum

2198 2573 2538 2640 perducimus
2563 2612 2578 2634 ,
2630 2572 2830 2639 regiam
2867 2571 3309 2628 consuetudinem
3339 2590 3669 2639 exercemus,
3702 2586 3746 2631 et

2200 2664 2300 2716 hoc
2334 2663 2493 2715 nobis
2513 2663 2578 2715 ad
2615 2663 2878 2716 mercedis
2910 2673 3285 2731 augmentum,
3326 2665 3407 2718 vel
3437 2665 3743 2721 stabilitatem

2198 2757 2345 2824 regni
2396 2754 2564 2807 nostri
2611 2755 2660 2806 in
2709 2753 2800 2806 Dei
2858 2755 3074 2806 nomine
3123 2753 3394 2823 pertinere
3439 2755 3743 2809 eottfidimus.

2195 2845 2530 2914 Quapmpter
2573 2846 2782 2899 noverit
2825 2845 3064 2899 sollertia
3111 2855 3287 2900 vestra
3337 2849 3558 2915 qualiter
3584 2849 3643 2901 ad
3674 2853 3744 2917 pel

2196 2939 2382 2992 titione
2421 2953 2515 2990 nov
2563 2940 2813 3005 religioso
2857 2939 2972 2992 viro
3007 2938 3372 2994 Theutbmaro
3401 2943 3538 2996 abati
3565 2959 3624 2997 ex
3652 2961 3745 2997 utn-

2198 3028 2429 3082 nasterio
2475 3029 2643 3081 sancti
2699 3030 3022 3082 confessoris
3065 3027 3262 3082 Christi
3298 3029 3598 3097 Benediui,
3628 3034 3742 3098 quod

2196 3128 2279 3171 est
2307 3126 2667 3171 constructum
2716 3118 2766 3171 in
2818 3117 2935 3170 loco
2975 3121 3062 3188 qui
3108 3119 3302 3173 dicitur
3346 3132 3578 3174 castrum
3608 3121 3745 3175 Casi-

509 3212 568 3298 ηί
611 3212 1061 3311 ρυέηιέιιηιοάυηι
1116 3236 1180 3291 ad
1209 3212 1488 3292 ἐιηηάθηί
1507 3212 1866 3293 venerabile,“
1909 3212 2092 3293 mum;
2121 3213 2167 3274 C
2198 3230 2342 3311 num,
2377 3214 2463 3266 ubi
2495 3212 2918 3267 sacratissimum
2953 3227 3146 3280 corpus
3193 3213 3312 3283 ejus
3360 3216 3626 3270 humatum
3659 3226 3742 3281 est,

505 3333 734 3389 stetium
769 3332 828 3386 Β.
879 3329 1149 3386 Benedicti
1202 3345 1463 3399 possessa:
1507 3329 1654 3384 fuere
1685 3346 1778 3399 per
1811 3331 1948 3385 hanc
1992 3350 2086 3384 uo-

509 3436 636 3482 ειη
658 3423 1080 3480 confirmationis
1112 3421 1480 3475 auctoritatem
1510 3423 1706 3476 nostris
1729 3464 1742 3485 ,
1795 3422 2091 3490 futuriSque

507 3518 842 3588 temporibus
895 3515 1061 3570 abbas
1089 3515 1251 3585 ipsius
1284 3512 1383 3569 loci
1433 3515 1489 3571 S.
1532 3515 1802 3570 Benedicti
1836 3517 2089 3572 firmiter-

511 3624 636 3683 que,
671 3607 1120 3673 inviolabiterque
1153 3614 1366 3668 teneat,
1417 3615 1471 3658 et
1495 3607 1796 3674 possideat,
1831 3618 1980 3670 prout
2017 3611 2090 3663 fa.

505 3702 680 3757 cultas
729 3701 809 3754 vel
864 3699 1065 3752 utilitas
1118 3695 1283 3766 ipsius
1327 3697 1644 3752 venerabilis
1693 3699 1793 3752 loci
1841 3701 2086 3768 exigerit.

508 3795 584 3850 ita
615 3804 670 3848 ut
705 3795 880 3846 nullus
925 3790 1087 3860 jndex
1136 3790 1380 3860 publicus
1422 3790 1672 3858 quislibet
1724 3807 1786 3846 ex
1811 3781 2086 3862 judiciaILa

508 3893 775 3956 potestate
806 3885 859 3938 in
889 3882 1132 3952 cellasIet
1160 3882 1342 3946 villas,
1383 3891 1476 3936 aut
1504 3898 1658 3954 agros
1688 3897 1783 3938 seu
1812 3884 1948 3945 loca,
1977 3888 2088 3940 sive

505 3980 737 4048 reliquas
779 3977 1148 4048 possessiones
1187 3977 1353 4031 nostri
1405 3977 1636 4032 etenobii
1686 3978 1744 4033 S.
1784 3977 2082 4045 Benedicti,

507 4088 641 4144 quas
666 4070 923 4127 moderno
949 4079 1192 4138 tempore
1215 4070 1265 4124 in
1295 4071 1716 4138 quibuscumque
1747 4073 1988 4140 paginis,
2031 4084 2089 4129 et

509 4163 782 4218 territorio
813 4162 944 4216 infra
975 4162 1139 4214 nostri
1174 4161 1318 4230 regni
1369 4162 1572 4216 ditione
1607 4163 1748 4230 juste
1773 4172 1826 4219 et
1851 4165 2086 4236 legaliter

508 4237 768 4323 possidet,
797 4253 878 4307 vel
923 4251 1176 4322 quidquid
1221 4253 1380 4309 etiam
1423 4253 1679 4324 deinceps
1707 4255 1883 4311 divina
1917 4260 2087 4328 pietas

504 4350 622 4418 ipso
655 4349 772 4401 loco
803 4347 1028 4400 voluerit
1061 4361 1294 4415 attge'e;
1344 4347 1409 4401 ad
1454 4363 1644 4402 causas
1683 4349 1977 4407 audiendas
2003 4354 2084 4408 vel

506 4419 785 4505 frt-di,.aut
819 4439 1014 4492 tributa
1049 4438 1339 4506 exigenda,
1371 4438 1451 4492 vel
1485 4438 1790 4494 mansiones
1823 4452 1910 4494 aut
1937 4457 2087 4511 para-

505 4546 588 4588 tas
619 4531 919 4595 faciendas,
968 4529 1048 4583 vel
1100 4529 1478 4597 fitiejussores,
1529 4529 1771 4599 jussores
1802 4531 2085 4601 tollendos,

507 4631 600 4676 aut
644 4622 888 4676 homines
937 4621 1107 4688 ipsius
1153 4621 1464 4675 monasterii
1514 4631 1618 4676 tam
1667 4621 1894 4690 liberos,
1927 4641 2084 4694 quam

501 4729 707 4778 servos,
741 4727 834 4768 seu
863 4713 1154 4766 cartulatos
1202 4713 1281 4767 vel
1313 4711 1556 4774 atlertos,
1589 4725 1641 4768 et
1669 4716 1755 4783 qui
1781 4729 1952 4784 super
1979 4727 2083 4772 ter-

500 4826 613 4863 iam
661 4806 968 4862 earumdem
1020 4789 1374 4860 ecclesiarum
1427 4806 1704 4870 resident,
1753 4807 1882 4862 nulli
1928 4809 2084 4864 liceat

504 4899 749 4966 distringi
801 4897 1194 4962 redibitiones,
1267 4900 1348 4951 vel
1403 4897 1613 4952 illicitas
1664 4900 1978 4956 occasiones
2028 4901 2079 4956 in

505 4999 816 5060 perpetuum
847 4990 1141 5056 requirere.
1181 4987 1234 5044 Si
1263 4990 1381 5058 quis
1405 5000 1579 5044 autem
1607 4989 1708 5044 hoc
1739 4989 2081 5047 cantratlixe-

501 5084 592 5146 rit,
627 5091 681 5136 et
714 5081 849 5136 hanc
887 5092 1120 5135 nostram
1164 5081 1490 5136 oblationem
1522 5081 1812 5151 infringere
1854 5098 2081 5139 conave-

498 5176 591 5240 rit,
617 5173 751 5228 sciat
794 5187 854 5227 se
891 5187 1099 5240 poenam
1155 5172 1572 5242 persolviturum
1622 5173 1868 5227 abatihns
1919 5173 2083 5241 ipsius

504 5274 834 5331 monasterii.
881 5274 943 5328 Et
969 5281 1025 5326 ut
1051 5272 1164 5328 lucc
1196 5283 1373 5327 nostra
1422 5273 1707 5327 auctoritas
1734 5271 1954 5326 firmior
1985 5272 2082 5325 ha-

577 5495 599 5520 ⁴³
645 5492 880 5559 Diploma
913 5489 1088 5546 Catuli
1121 5501 1303 5546 datum
1330 5507 1413 5545 est
1440 5509 1585 5545 anno
1613 5490 1738 5556 8ll,
1769 5503 1824 5545 ut
1854 5507 1916 5546 ex
1948 5495 2086 5546 notis

503 5563 896 5632 chronologicis
935 5564 1220 5631 Colligitur,
1250 5579 1356 5630 quo
1401 5564 1650 5616 l’aulinus
1691 5563 1799 5631 jam
1842 5563 2082 5627 obierat;

504 5635 730 5700 ideoque
778 5635 984 5687 videtur
1032 5636 1249 5688 obstare
1285 5634 1590 5687 auctoritati
1640 5636 1956 5700 scriptorum
2007 5650 2087 5686 as-

497 5705 792 5759 serentiutn
845 5705 1284 5765 disceptationem
1338 5706 1472 5758 hanc
1520 5704 1746 5770 sepitatn
1798 5704 1962 5758 fuisse
2005 5707 2079 5756 vi-

500 5782 660 5830 vente
694 5775 911 5829 Paulino
935 5792 1074 5828 anno
1101 5773 1226 5830 798.
1264 5775 1457 5828 Verum
1488 5775 1605 5843 plus
1637 5775 1756 5829 fidei
1788 5774 2081 5828 attribuen-

499 5847 626 5902 dum
657 5846 956 5912 tliplmnati,
1003 5862 1159 5915 quatn
1193 5846 1472 5916 llcgisero,
1509 5856 1559 5898 et
1588 5846 1724 5900 aliis.
1778 5845 1974 5900 Deinde
2019 5846 2080 5899 iis

2196 3309 2298 3360 tale
2326 3299 2640 3360 beneficium
2666 3308 2805 3360 circa
2834 3307 3006 3374 ipsum
3035 3307 3421 3362 monasterium
3452 3308 3548 3362 visi
3578 3308 3744 3362 fuimus

2195 3400 2527 3454 concessisse
2555 3438 2570 3463 ,
2635 3407 2694 3450 ut
2744 3399 3065 3467 ubicumque
3108 3397 3267 3453 fuerit
3312 3414 3448 3469 aqua
3495 3401 3742 3466 conjuncta

2196 3493 2315 3546 'cum
2351 3493 2510 3545 terris
2540 3491 2706 3560 ipsius
2739 3493 3074 3557 monasterii,
3101 3492 3291 3546 eadem
3324 3508 3459 3564 aqua
3486 3509 3600 3549 cum
3619 3495 3744 3548 alveo

2192 3598 2329 3648 suo,
2381 3593 2585 3638 etcum
2635 3584 2764 3651 ripis
2810 3598 2875 3637 ex
2929 3583 3166 3652 utrisque
3214 3585 3454 3650 partibus
3504 3585 3741 3640 incudem

2194 3672 2523 3728 monasterio
2547 3675 2916 3728 concessimus
2938 3715 2951 3737 ,
2977 3682 3137 3741 atque
3169 3673 3351 3728 libenti
3383 3675 3559 3728 animo
3579 3675 3742 3727 contir-

2195 3781 2439 3820 mamus:
2489 3773 2547 3820 ut
2590 3781 2686 3832 pro
2715 3765 2902 3828 nobis,
2953 3780 3223 3834 uxoreque
3253 3777 3433 3820 nostra
3469 3781 3530 3819 ac
3571 3765 3750 3829 litteris,

2192 3871 2285 3910 seu
2317 3866 2512 3911 cuncto
2544 3857 2740 3925 papula
2770 3866 2979 3916 nostro.
3001 3853 3213 3929 Domini
3247 3855 3651 3909 misericordiam
3676 3865 3740 3905 Il-

2196 3951 2430 4002 tenctius
2480 3948 2780 4015 deprecari,
2835 3954 2892 4000 et
2939 3947 3007 4002 de
3049 3947 3380 4001 auctoritatis
3413 3944 3647 4000 firmitate
3671 3946 3742 3995 ha-

2191 4037 2410 4104 beatur;
2440 4052 2503 4092 ac
2533 4037 2803 4092 diuturnis
2830 4037 3162 4106 temporibus
3199 4037 3307 4091 Deo
3335 4037 3578 4104 adjutore
3598 4035 3740 4089 invio-

2190 4117 2302 4184 lata
2367 4139 2750 4190 conservetur,
2801 4143 2959 4180 manu
3026 4127 3240 4196 propria
3295 4128 3479 4180 subter
3528 4126 3741 4180 roborare

2195 4221 2554 4284 decrevimus,
2585 4230 2636 4272 et
2665 4219 2863 4272 annulo
2893 4228 3075 4273 nostra
3101 4218 3341 4286 sigillare
3371 4217 3618 4287 iussimus

2263 4314 2485 4384 Signum
2517 4311 2695 4367 Caroli
2721 4310 3094 4381 gloriosissimi
3131 4311 3290 4380 regis.

2904 4426 3076 4482 XXX.

2194 4501 2439 4570 Diploma
2479 4502 2505 4531 ⁸
2543 4499 2718 4555 Caroli
2768 4499 2968 4571 Magni,
3022 4515 3127 4571 pro
3177 4498 3411 4553 Ecclesia
3448 4496 3737 4568 Aquileimi.

2829 4568 2986 4641 (anno
3011 4568 3070 4624 si
3087 4569 3159 4641 l).
3596 4582 3602 4589 -

2623 4662 2715 4723 (Ex
2743 4661 2958 4725 Ughelli,
2988 4661 3124 4711 Italia
3149 4663 3339 4726 Sacra.)

2262 4749 2318 4803 In
2370 4749 2588 4802 nomine
2640 4747 2834 4814 Patris,
2887 4756 2940 4802 et
2991 4744 3150 4811 Filii,
3194 4755 3249 4801 et
3297 4744 3532 4814 Spiritus
3579 4740 3732 4795 sancti.

2189 4841 2410 4896 Carolus
2459 4839 2860 4903 serenissimus,
2894 4849 3170 4906 angustus,
3225 4850 3260 4891 a
3307 4837 3420 4891 Deo
3467 4841 3733 4894 coronatus,

2181 4947 2428 5003 magnus
2454 4933 2709 5002 pacificus
2753 4931 3060 4998 imperator,
3094 4929 3453 4983 Rotnanorum
3481 4927 3738 4998 gubernans

2192 5025 2476 5093 imperium
2521 5026 2611 5092 qui
2651 5036 2745 5090 per
2801 5018 3222 5089 misericordiam
3274 5018 3367 5072 Dei
3414 5033 3505 5072 rex
3547 5016 3739 5070 Franco'

2193 5131 2312 5171 rum
2363 5124 2418 5170 et
2445 5113 2942 5184 Longobardurum.
2977 5112 3170 5166 Notum
3194 5111 3267 5166 sit
3285 5111 3522 5164 omnium
3546 5105 3734 5162 fidelium

2194 5217 2502 5262 nostrorum
2557 5202 2908 5273 magnitudini
2960 5200 3331 5271 prmsentium,
3361 5209 3416 5254 ct
3460 5200 3734 5254 futurorum,

2192 5299 2420 5368 qualiter
2443 5297 2540 5350 viri
2563 5294 2898 5350 venerabiles
2928 5294 3092 5348 Ursus
3122 5303 3321 5346 sanctae
3343 5287 3585 5344 ecclesiae
3606 5282 3732 5354 Aqui-

2196 5495 2310 5549 htnc
2363 5493 2532 5563 potuit
2579 5491 2826 5547 suscitari
2881 5492 3093 5546 vivente
3148 5488 3388 5563 Paulino,
3425 5485 3620 5563 agitari
3660 5477 3732 5530 sub

2192 5567 2309 5634 ejus
2353 5557 2666 5618 successore
2717 5563 2870 5626 Ursa,
2904 5579 2964 5616 ac
3014 5563 3224 5634 tandem
3273 5557 3498 5634 deliniri
3539 5564 3730 5634 tempori:

2193 5628 2464 5702 Maxentii,
2522 5635 2656 5688 Urso
2707 5635 3002 5699 subrogati.
3032 5631 3126 5686 Vel
3161 5632 3223 5684 lis
3272 5628 3453 5683 forsan
3483 5629 3728 5702 conquisita

2189 5707 2287 5761 fuit
2315 5697 2480 5760 semel
2516 5708 2726 5759 vivente
2770 5697 3012 5776 Paulino,
3041 5705 3134 5758 sed
3167 5702 3358 5758 iterum
3401 5710 3547 5755 mota
3571 5697 3628 5751 ab
3645 5697 3730 5761 eius

2187 5791 2498 5833 successore
2527 5776 2681 5832 Urso.
