3856 6220
14 208 83 267 1ον

4 326 80 373 ΚΠ..

4 418 79 486 Eri],

4 504 70 561 iis-

4 610 65 660 Ws

4 786 61 837 toi-

4 871 63 929 icg.
140 866 391 930 dorum,
420 880 483 921 ac
509 866 764 936 patricius
796 864 1185 920 Romanorum.
1221 866 1414 919 Notum
1437 866 1507 919 sit
1530 866 1784 920 omnibus

4 1144 69 1207 ius

146 260 323 319 {039

965 374 1052 459 Ill.

144 488 397 544 Carolus
430 490 646 557 Magnus
676 491 955 554 imperator
981 491 1321 557 possessiones
1360 499 1411 543 et
1433 490 1566 541 bona
1598 506 1780 542 mona-

318 563 461 615 sterii
500 549 951 614 [aureshontensis
981 549 1253 625 conﬁrmat
1308 560 1463 632 (atmo
1490 560 1640 629 772).

734 666 827 729 (Ex
852 667 1077 728 Helvicb,
1103 669 1247 730 ibid.)

230 773 477 829 Karolus
507 773 676 844 gratia
726 772 819 827 Dei
853 788 947 827 rex
1004 772 1333 827 Francorum
1362 783 1416 828 et
1464 772 1776 843 Langobar-

140 959 425 1015 fidelibus
458 959 661 1014 nostris
695 969 802 1013 tam
855 958 1237 1024 praesentibus,
1287 972 1447 1027 quant
1479 967 1533 1011 et
1564 958 1779 1024 futuris,

138 1053 410 1118 qualiter
465 1052 689 1107 veniens
743 1049 1080 1105 llelmericus
1133 1049 1271 1104 abba
1332 1065 1383 1104 tn
1438 1052 1779 1120 prmsentiam

141 1153 415 1199 nostram
452 1141 610 1199 nobis
660 1141 917 1206 innotuit,
950 1157 1018 1197 eo
1057 1142 1196 1212 quod
1246 1152 1411 1197 carta:
1442 1158 1537 1211 per
1564 1141 1781 1198 diversa

140 1236 277 1291 loca
315 1236 562 1292 ecclesia:
599 1236 770 1291 sancti
803 1235 1012 1289 Nazarii
1057 1234 1281 1303 perdita:
1313 1233 1537 1289 fuissent
1563 1245 1616 1290 et
1643 1250 1779 1289 nau-

141 1332 413 1399 fragata,
443 1340 499 1385 et
530 1346 619 1387 res
646 1344 833 1387 eorum
887 1344 982 1397 per
1028 1329 1238 1384 diversa
1289 1330 1402 1384 loca
1436 1328 1778 1395 habuissent,

142 1423 310 1478 unde
343 1422 412 1478 ad
442 1437 682 1493 praesens
717 1421 896 1478 vestiti
926 1430 1112 1477 essent
1149 1424 1201 1475 in
1233 1435 1413 1495 regno
1433 1433 1622 1477 nostro
1668 1421 1781 1479 Deo

141 1514 434 1583 propitio,
482 1523 537 1570 et
565 1513 893 1581 ubicumque
941 1512 1007 1566 ad
1048 1525 1286 1581 presens
1315 1512 1493 1569 vestiti
1529 1511 1777 1568 fuissent.

141 1604 266 1660 Nos
303 1621 411 1676 pro
439 1603 559 1675 eius
589 1603 849 1675 petitione
880 1603 987 1658 tale
1020 1612 1347 1674 praeceptum
1379 1604 1431 1659 ei
1475 1602 1776 1671 emisimus,

140 1708 327 1769 atque
356 1699 850 1771 przdecessoribus
889 1699 1027 1765 suis,
1058 1698 1184 1753 dum
1220 1698 1335 1768 ipsa
1382 1713 1503 1753 casa
1553 1697 1651 1755 Dei
1684 1713 1776 1755 ve-

4 1814 43 1849 1ης
143 1789 280 1844 stita
307 1789 426 1844 Init
455 1790 521 1845 ad
554 1803 789 1860 presens
818 1788 993 1844 omnia
1034 1798 1090 1844 et
1117 1804 1182 1843 ex
1215 1788 1468 1844 omnibus
1493 1803 1560 1843 ex
1590 1774 1774 1844 nostra

145 1880 493 1935 mitctoritate
532 1878 737 1946 absque
779 1876 1146 1949 refragatione
1191 1876 1559 1947 cujuscunque
1590 1879 1776 1951 quieto

146 1969 382 2034 ordine,
406 1969 661 2039 quicquid
688 1967 833 2037 iuste
860 1977 917 2023 et
954 1965 1350 2022 rationabiliter
1390 1976 1547 2021 antea
1581 1976 1775 2023 tenue-

143 2072 280 2117 runt
340 2078 438 2132 per
492 2062 737 2117 dationes
782 2069 873 2114 aut
923 2059 1417 2124 commutationes,
1474 2074 1539 2113 ex
1590 2068 1771 2114 nostra

144 2156 493 2209 auctoritate
526 2154 762 2208 habeant
790 2160 843 2205 et
887 2149 1170 2207 defensare
1216 2151 1427 2204 valeant
1476 2150 1771 2204 secundum

146 2248 357 2317 legem,
390 2246 530 2301 sicut
560 2261 655 2315 per
681 2254 921 2315 apertam
954 2256 1158 2299 cartam
1206 2260 1372 2311 usque
1417 2258 1558 2296 nunc
1586 2252 1772 2297 aucto-

145 2339 285 2393 ritas
320 2352 514 2408 regum
543 2335 845 2391 defensavit
873 2342 928 2389 et
967 2333 1146 2389 denuo
1185 2333 1549 2388 confirmavit.
1605 2333 1669 2387 Et
1712 2342 1771 2385 ut

148 2433 269 2485 haec
296 2431 599 2486 auctoritas
648 2429 853 2484 llrmior
898 2428 1182 2496 habeatur,
1244 2430 1324 2483 vel
1388 2444 1482 2493 per
1528 2439 1768 2495 tempora

144 2521 353 2578 melius
381 2532 763 2588 conservetur,
807 2521 877 2577 de
920 2520 1117 2575 annulo
1162 2532 1347 2575 nostro
1394 2522 1580 2576 subter
1622 2520 1771 2591 sigil-

148 2615 415 2669 lavimus.

216 2705 456 2778 Signum
486 2706 667 2761 Karoli
698 2707 1069 2779 gloriosissimi
1098 2708 1259 2777 regis.
1348 2704 1351 2705 ⁷

218 2780 535 2855 (ἓὶἸιδετιιιε
565 2799 633 2855 ad
665 2799 834 2855 vicem
865 2799 1103 2855 Badonis
1131 2798 1437 2870 recognovi.

921 2915 1009 2967 IV.

154 3036 175 3065 ι
190 3023 375 3079 Caroli
397 3024 583 3099 Magni
600 3037 909 3099 praeceptum
926 3027 1212 3082 Wromado
1231 3030 1618 3099 archieptswpo
1633 3029 1762 3085 Tre-

541 3098 729 3152 vimm'
758 3100 1006 3154 traditum
1037 3099 1195 3170 (anno
1220 3100 1370 3172 773).

479 3218 574 3280 (Ex
596 3216 853 3281 Honteitn,
874 3218 1093 3270 Historia
1110 3218 1467 3279 'l'revirensis.)

225 3318 284 3375 In
329 3304 553 3377 nomine
584 3321 797 3377 Domini
830 3322 922 3378 Dei
957 3323 1143 3378 mterni
1177 3332 1231 3379 et
1260 3322 1563 3380 Salvatoris
1589 3326 1762 3383 nostri

158 3412 282 3467 lesu
323 3411 549 3469 Christi.
582 3412 809 3469 Carolus
852 3413 1043 3469 divina
1075 3413 1362 3470 ordinante
1419 3416 1760 3486 providentia

160 3524 249 3562 rex
284 3506 647 3563 Francorum.
678 3508 736 3563 Si
768 3508 1107 3565 liberalitatis
1138 3518 1340 3565 nostra;
1372 3525 1598 3587 munere
1630 3511 1762 3567 locis

158 3598 266 3653 Deo
308 3598 505 3654 dicatis
532 3599 785 3668 quiddam
813 3598 1147 3655 conferimus
1177 3600 1444 3668 benellcii,
1474 3609 1531 3656 et
1570 3616 1763 3657 neces-

156 3691 345 3747 sitates
376 3693 775 3747 ecclesiasticas
818 3690 883 3745 ad
918 3693 1202 3762 petitiones
1246 3692 1594 3748 sacerdotum
1661 3708 1761 3749 no-

158 3789 397 3837 strorum
454 3783 755 3839 relevamus
801 3783 1097 3855 juvamine,
1146 3794 1307 3853 atque
1348 3785 1513 3850 regali
1547 3794 1763 3842 tuemur

158 3874 481 3939 munimine,
514 3875 564 3930 id
597 3857 754 3930 nobis
773 3886 829 3931 et
857 3875 925 3931 ad
944 3876 1227 3932 mortalem
1253 3876 1416 3932 vitam
1451 3880 1758 3949 transigen-

156 3964 304 4035 dam,
336 3974 394 4023 et
444 3976 701 4023 aeternam
734 3965 965 4022 feliciter
995 3965 1370 4033 obtinendam,
1418 3967 1756 4035 profuturum

158 4055 363 4128 liquido
394 4058 687 4114 credimus.
720 4056 953 4114 Proinde
1002 4057 1215 4114 noverit
1243 4060 1483 4117 omnium
1516 4060 1758 4116 fidelium

162 4158 471 4205 nostrorum
515 4157 622 4204 tam
674 4150 1050 4221 prasentium,
1102 4165 1263 4219 quam
1320 4160 1374 4207 et
1428 4148 1755 4222 futurorum,

158 4241 448 4310 sagacitas,
503 4243 624 4313 quia
680 4242 761 4296 vir
788 4242 1114 4299 venerabilis
1166 4240 1500 4300 Weomadus
1553 4253 1757 4301 sancta:

158 4331 497 4389 Trevirensia
539 4333 785 4391 ecclesia
820 4335 1259 4405 archiepiscOpus
1304 4338 1499 4393 obtulit
1546 4337 1757 4394 obtuli.

160 4421 260 4477 bus
312 4425 513 4480 nostris
557 4434 885 4495 praeceptum
914 4424 1121 4481 domini
1178 4434 1234 4482 et
1283 4428 1543 4497 genitoris
1599 4428 1755 4488 bona

468 261 695 319 CODEX
737 261 1338 318 DlPLOllATlCUS.-—
1378 259 1973 315 PRIVILECIA.—lll.
2017 260 2263 318 PRIVIL.
2310 263 2445 318 PER
2487 262 2760 320 PARTES
2798 260 3204 320 (ΞΕΒΜᾹΝΙᾹΞ.

1790 3099 1839 3166 C

3355 259 3497 319 l050

1809 376 1858 434 Α
1886 374 1982 427 bus
2030 368 2502 441 confirmaverunt,
2551 385 2817 445 quatenus
2862 391 3055 431 eorum
3115 390 3345 444 regnum
3393 391 3492 431 su-

1895 481 2061 534 perno
2110 467 2317 523 auxilio
2346 476 2611 532 tueretur,
2645 476 2701 521 et
2732 467 3071 536 postmodum
3114 483 3235 522 cum
3275 467 3497 524 Christo

1894 560 2037 629 Rege
2067 574 2252 628 regum
2284 569 2574 628 regnarent
2605 561 2658 613 in
2689 559 2863 615 caelis.
2900 559 3005 615 Pro
3041 560 3118 615 rei
3166 574 3296 614 vero
3323 559 3493 613 llrmi-

1892 660 1998 705 tute
2048 652 2191 706 idem
2223 652 2476 722 praelatus
2518 652 2716 720 praesul
2777 650 3068 716 postulavit
3112 652 3490 706 celsitudinem

1890 752 2153 809 nostram,
2205 752 2263 797 ttt
2310 753 2595 809 paternum
2642 757 2739 798 seu
2787 742 3248 810 pradecessttrum
3305 756 3490 807 regum

1889 850 2093 888 morem
2127 842 2438 902 sequentes,
2486 833 2866 904 hujuscemodi
2901 845 3102 887 nostra:
3144 832 3499 897 authoriiutis.

1890 937 2212 995 prmeeptum
2241 926 2311 978 ob
2342 939 2583 978 amorem
2618 923 2714 978 Dei
2746 934 2801 978 et
2831 925 3191 979 reverentiam
3223 922 3283 978 8.
3320 923 3489 989 Petri,

1886 1024 1955 1078 de
1984 1024 2189 1079 eisdem
2222 1024 2384 1079 rebus
2417 1023 2532 1078 fieri
2560 1023 2922 1094 juberemus;
2968 1023 3121 1093 cujus
3146 1022 3390 1090 petitioni
3421 1023 3491 1078 li-

1886 1113 2077 1169 benter
2124 1128 2403 1169 assensum
2433 1114 2781 1180 prabuimus,
2836 1124 2891 1168 et
2921 1114 3025 1168 hoc
3071 1122 3270 1168 nestrre
3322 1121 3483 1167 auto—

1886 1205 2059 1260 ritatis
2090 1214 2424 1275 praeceptum
2472 1220 2603 1275 erga
2660 1206 2830 1275 ipsam
2868 1205 3153 1261 ecclesiam
3188 1220 3289 1274 pro
3316 1204 3483 1259 divini

1883 1297 2063 1351 cultus
2094 1310 2279 1351 amore
2316 1304 2371 1351 et
2398 1296 2593 1351 animat
2628 1305 2827 1351 nostra:
2852 1296 3099 1351 remedio
3133 1297 3247 1352 fieri
3299 1296 3487 1353 decre-

1894 1403 2082 1452 -<tmns,
2116 1403 2212 1454 per
2241 1386 2383 1457 quod
2411 1383 2754 1456 praecipimus
2785 1396 2947 1455 atque
2972 1384 3247 1454 iubemus,
3282 1394 3340 1439 ttt
3367 1400 3484 1441 om-

1886 1493 1981 1533 nes
2013 1492 2102 1533 res
2132 1479 2215 1534 vel
2241 1470 2527 1533 facultales
2556 1475 2624 1531 ad
2655 1475 2941 1532 ecclesiam
2973 1474 3036 1532 S.
3086 1476 3231 1532 Petri
3276 1476 3485 1531 Treve-

1886 1570 2013 1626 rica:
2036 1570 2184 1625 urbis
2208 1570 2645 1641 pertinentes;ut
2665 1569 2874 1624 scilicet
2890 1568 3083 1624 cellam
3098 1567 3155 1625 S.
3179 1568 3483 1639 Maximini,

1884 1676 2003 1731 qua:
2042 1670 2127 1716 est
2157 1661 2209 1716 in
2242 1659 2516 1717 territorio
2544 1660 2607 1716 S.
2644 1658 2787 1716 Petri
2819 1660 3079 1732 principis
3109 1661 3483 1733 apostolorum

1811 1734 1853 1795 Β
1878 1762 2211 1818 constructa,
2245 1762 2301 1809 et
2326 1748 2522 1810 cellam
2546 1751 2609 1810 8.
2637 1752 2870 1817 Paulini,
2898 1764 2955 1809 et
2985 1752 3045 1809 S.
3081 1752 3333 1810 Eucharii
3361 1796 3378 1823 ,
3427 1763 3483 1811 et

1878 1848 2272 1904 monasterium
2326 1848 2385 1903 8.
2415 1847 2623 1924 uariat,
2656 1848 2800 1918 quod
2852 1848 3110 1903 dominus
3168 1848 3487 1903 Modoaldus

1881 1939 2119 2010 pontifex
2164 1939 2404 2007 ejusdem
2428 1938 2673 1997 ecclesia
2704 1940 2757 1995 in
2804 1939 3080 1996 territorio
3131 1939 3193 1997 S.
3246 1940 3389 1996 Petri
3444 1958 3477 1998 a

1878 2032 2225 2085 fundamento
2249 2032 2578 2098 construxit,
2606 2032 2747 2101 quod
2781 2043 3004 2087 vocatur
3038 2032 3262 2097 Horrea,
3294 2043 3348 2088 et
3374 2047 3469 2088 ec-

1875 2125 2091 2180 clesiam
2125 2126 2183 2181 8.
2216 2125 2421 2180 Martini
2452 2126 2613 2181 sitam
2643 2126 2696 2180 in
2730 2139 2868 2196 pago
2906 2126 3237 2193 Meginense,
3282 2136 3336 2181 et
3369 2141 3479 2181 cae-

1878 2224 2025 2270 teras
2048 2216 2317 2279 basilicas,
2346 2216 2593 2282 castella,
2626 2217 2798 2282 vicos,
2832 2217 3007 2283 villas,
3035 2218 3241 2283 vineas,
3274 2219 3463 2284 silvas,

1880 2308 2148 2373 homines,
2187 2308 2269 2363 vel
2301 2308 2561 2377 quidquid
2592 2308 2701 2363 Deo
2726 2308 2969 2366 donante
2999 2310 3065 2365 ad
3096 2310 3322 2367 eandem
3377 2326 3472 2365 au-

1874 2408 2184 2468 gmentatur
2228 2398 2540 2465 ecclesiam,
2570 2400 2717 2454 circa
2753 2402 2998 2454 ltbenum
3028 2396 3079 2455 et
3109 2399 3345 2471 Ligerim
3376 2404 3477 2456 llu-

1874 2489 2041 2553 vium,
2095 2491 2387 2561 omniaque
2426 2492 2479 2547 in
2516 2507 2686 2563 regno
2720 2504 2907 2549 nostro
2938 2495 3319 2561 consistentia,
3370 2504 3475 2552 sub

1868 2579 1987 2649 jure
2027 2590 2080 2635 et
2118 2590 2379 2650 poteState
2410 2581 2467 2637 5.
2513 2582 2654 2637 Petri
2685 2580 3303 2641 Trevirensis'ecclcsiz
3323 2588 3470 2655 eitts-

1870 2689 1974 2741 que
2029 2674 2296 2743 pontificis
2342 2676 2731 2745 perpetualiter
2759 2679 3059 2746 mancipata
3092 2662 3474 2748 permaneant.

1874 2767 2137 2823 l’rmteren
2172 2770 2282 2839 pari
2311 2770 2471 2825 modo
2501 2759 2811 2840 statuimus,
2842 2782 2899 2828 ut
2930 2774 3111 2835 nullus
3134 2790 3201 2831 ex
3237 2752 3464 2845 publicis

1866 2859 2159 2930 iudicibus,
2207 2864 2288 2919 vel
2346 2862 2541 2933 aliquis
2570 2881 2635 2919 ex
2669 2865 2913 2935 iudiciali
2947 2878 3217 2936 patestate
3248 2870 3302 2926 in
3350 2884 3469 2927 mo-

1871 2953 2125 3020 nasteria,
2156 2956 2435 3034 ecclesias,
2463 2959 2707 3023 castella,
2771 2959 2920 3014 vicos
2971 2970 3028 3017 et
3077 2961 3470 3032 agros.'-loca,

1868 3063 1964 3103 seu
2007 3048 2242 3117 reliquus
2293 3051 2663 3117 posscssiOues
2712 3052 2985 3121 praedicta:
3039 3052 3309 3119 ecclesia,
3359 3062 3469 3109 tam

1869 3141 2007 3196 ultra
2068 3157 2228 3209 quam
2272 3140 2427 3211 iusta
2471 3142 2717 3199 Rhenum
2750 3145 2830 3199 vel
2866 3138 3099 3215 Ligerim
3154 3144 3381 3203 ﬂuvium
3415 3147 3469 3202 in

1868 3234 2019 3304 pagis
2078 3236 2160 3289 vel
2217 3234 2527 3303 territoriis,
2581 3248 2705 3306 quae
2756 3234 2895 3291 infra
2945 3246 3269 3306 potestatem
3320 3239 3473 3306 regni

1868 3327 2037 3380 nostri
2070 3334 2370 3380 memorata
2403 3326 2647 3397 possidet
2668 3328 2926 3396 ecclesia,
2959 3329 3047 3385 vel
3072 3329 3470 3400 quedeinceps

1867 3419 1922 3473 in
1972 3416 2097 3488 iure
2143 3419 2310 3489 ipsius
2350 3418 2523 3474 sancti
2570 3418 2675 3474 loci
2720 3420 2950 3477 voluerit
2995 3420 3177 3477 divina
3229 3432 3468 3493 potestas

1866 3512 2073 3581 augeri,
2100 3509 2167 3564 ad
2198 3524 2395 3581 causas
2422 3511 2739 3578 audiendas,
2773 3514 2858 3569 vel
2906 3512 3079 3581 freda,
3112 3525 3207 3571 aut
3237 3518 3464 3584 tributa,

1862 3606 1955 3650 aut
1992 3594 2267 3667 coniectos
2296 3597 2505 3675 aliquos
2545 3598 2865 3668 exigendos,
2899 3610 2992 3655 aut
3022 3603 3332 3660 mansiones
3380 3603 3467 3659 vel

1867 3700 2081 3757 paratas
2117 3690 2412 3757 faciendas,
2460 3699 2551 3745 aut
2602 3690 2951 3757 fideiussores
3003 3693 3292 3761 tollendos,
3369 3704 3465 3751 aut

1864 3779 2112 3838 homines
2155 3782 2321 3852 ipsius
2349 3782 2591 3839 ecclesiae
2634 3783 3043 3854 distringendos
3068 3827 3083 3851 ,
3119 3796 3211 3841 aut
3238 3786 3467 3855 iniustas

1862 3875 2176 3930 exactiones
2231 3874 2608 3945 requirendas,
2662 3876 2746 3931 vel
2793 3877 3051 3932 teloniutn
3108 3876 3461 3948 exigendum,

1864 3969 2065 4024 nostris
2088 3977 2145 4024 et
2171 3966 2363 4022 futuris
2391 3966 2727 4038 temporibus
2757 3966 2963 4037 ingredi
2990 3966 3208 4035 audeat,
3260 3968 3341 4025 vel
3396 3984 3461 4024 ea

1862 4077 1986 4134 quae
2011 4077 2174 4132 supra
2206 4070 2505 4118 memorata
2560 4072 2709 4129 sunt,
2769 4061 2985 4131 penitus
3007 4062 3230 4131 exigere
3260 4076 3465 4133 ιιι-ιδεμ

1863 4165 2014 4224 mat;
2040 4156 2137 4212 scd
2167 4156 2330 4211 liceat
2359 4166 2660 4211 memorato
2694 4155 2936 4226 pmuli,
2973 4155 3195 4227 suisque
3248 4172 3467 4213 succes-

1860 4248 2101 4311 soribus.
2152 4249 2335 4305 omnia
2368 4250 2587 4318 praefata
2629 4248 2975 4314 monasteria,
3009 4250 3183 4315 villas,
3220 4250 3369 4316 vicos
3410 4260 3469 4307 et

1860 4344 2103 4410 castella,
2141 4358 2263 4399 cum
2293 4345 2405 4400 suis
2432 4343 2831 4414 adiacentibus,
2884 4346 2939 4399 in
2972 4343 3241 4415 integrum
3276 4360 3466 4416 perpe-

1865 4443 1961 4493 tuo
1993 4446 2238 4506 tempore
2266 4451 2367 4508 pro
2397 4437 2639 4493 remedio
2667 4436 2866 4492 animae
2891 4444 3099 4493 nostra:
3123 4452 3221 4494 seu
3268 4452 3465 4509 paren-

163 4515 441 4569 tnemoria
487 4490 657 4587 Pipini
690 4490 852 4586 regis,
886 4515 941 4571 in
992 4531 1101 4587 quo
1128 4525 1245 4573 erat
1284 4490 1579 4589 inscrtum.
1612 4521 1755 4590 quod
1788 4490 1841 4555 υ
1866 4490 2359 4598 ιιιῷήηοίιῷξέωξ
2582 4490 2857 4600 praecepto
3159 4490 3460 4599 wgenito-ris

163 4618 266 4655 non
310 4605 488 4659 solum
522 4606 661 4661 idem
708 4606 925 4677 genitor
950 4616 1153 4673 noster,
1200 4622 1387 4665 verum
1417 4610 1580 4672 etiam
1613 4626 1759 4682 pm-

168 4693 483 4753 decessores
536 4697 676 4769 eius,
712 4714 868 4768 reges
897 4700 1148 4756 videlicet
1173 4700 1531 4771 Francorum,
1566 4720 1760 4767 omnes

166 4798 272 4850 res,
327 4802 675 4860 quascunque
731 4791 855 4845 boni
915 4799 972 4847 et
1021 4793 1193 4848 sancti
1253 4792 1352 4847 viri
1410 4810 1508 4864 pro
1562 4797 1761 4856 divinae

167 4880 648 4948 contemplationis,
667 4883 860 4936 intuitu
890 4884 955 4937 ad
986 4894 1191 4954 partem
1216 4885 1275 4941 S.
1304 4884 1445 4943 Petri
1469 4887 1760 4946 Trevireu-

168 4970 239 5025 sis
275 4974 519 5029 ecclesia:
563 4974 970 5045 delegaverunt,
1022 4992 1353 5048 suorumque
1410 4982 1758 5039 autltoritati-

235 5140 269 5207 '_
295 5135 404 5191 Hoc
431 5149 755 5207 praeceptum
794 5153 889 5207 per
915 5140 1094 5194 omnia
1121 5141 1402 5197 relativum
1432 5154 1516 5199 est
1559 5145 1627 5200 ad
1662 5146 1750 5201 Pi-

171 5205 436 5271 pinianum
460 5209 588 5262 anni
609 5205 743 5283 ’7A6l,
771 5205 936 5283 quod,
966 5223 1223 5280 quantum
1254 5214 1319 5266 ad
1347 5215 1603 5283 formam,
1634 5234 1753 5271 sus-

177 5286 380 5353 pectum
433 5291 522 5333 aut
576 5280 767 5334 saltem
802 5282 1307 5350 interpolationibus
1333 5280 1752 5353 conspurcatttm

174 5346 319 5400 nobis
361 5353 625 5424 apparuit.
673 5353 854 5420 Neque
877 5346 1035 5406 aliter
1056 5353 1123 5406 de
1148 5357 1394 5421 prmsenti
1418 5346 1751 5424 sentiemus;

176 5420 410 5497 exemplo
438 5420 726 5497 Mabiilonii
770 5424 966 5497 deflle
1018 5420 1157 5497 dipl,
1196 5426 1286 5479 lib.
1326 5443 1386 5491 lt,
1440 5444 1491 5483 c.
1533 5426 1649 5497 ἃς
1697 5420 1749 5497 7,

176 5493 223 5564 et
247 5490 433 5564 Annal.
466 5493 739 5564 Benedict.
774 5502 904 5564 tom.
938 5496 1004 5563 ll,
1038 5490 1090 5564 ρ.
1127 5495 1275 5562 229;
1305 5490 1592 5556 Eckbardi.
1622 5490 1749 5556 iter.

176 5551 479 5640 fancy-lib.
497 5552 661 5640 _x_xtv’.
695 5581 761 5640 η.
784 5563 907 5640 lsi);
934 5551 1232 5622 Ileutnanni
1256 5551 1323 5623 de
1351 5551 1602 5639 ῆᾷόίνρῖ,

176 5624 233 5710 ἓ.
261 5643 309 5693 p.
338 5630 458 5710 μδ.
494 5633 719 5710 ﬁentpe,
748 5624 958 5710 initium
986 5655 1001 5691 :
1032 5656 1053 5690 α
1086 5641 1139 5692 ln
1165 5643 1381 5696 nomine
1414 5624 1749 5700 Domini-Dei

175 5704 351 5770 detenti
388 5712 441 5756 et
497 5704 789 5760 Salvatoris
846 5711 1015 5764 nostri
1072 5710 1199 5764 Jesu
1241 5712 1465 5765 Christi.
1520 5713 1748 5770 Carolus

176 5766 338 5824 tllt‘lua
365 5776 650 5831 ordinante
691 5780 1026 5847 providentia
1052 5796 1143 5837 rex
1174 5766 1543 5851 Francorum,
1566 5766 1747 5843 {nhil

1865 4620 2031 4676 nostri
2055 4622 2385 4686 continetur,
2412 4622 2600 4691 quieto
2626 4621 2821 4677 ordine
2849 4620 3153 4692 possidere,
3190 4628 3248 4677 et
3270 4633 3466 4678 nostro

1865 4710 2097 4768 fideliter
2125 4726 2314 4781 parere
2341 4712 2595 4779 imperio.
2636 4710 2705 4768 Ut
2727 4711 2831 4767 boc
2862 4715 3043 4781 itaque
3072 4720 3273 4765 nostra
3299 4720 3459 4765 auto-

1864 4803 2039 4858 ritatis
2068 4810 2393 4873 preceptum
2429 4802 2727 4873 pleniorem
2762 4802 2815 4857 in
2842 4802 2935 4857 Dei
2968 4803 3188 4859 nomine
3215 4802 3460 4859 obtineat

1863 4896 2121 4965 vigorem,
2154 4906 2207 4951 et
2235 4912 2265 4951 a
2298 4897 2550 4953 tidelibua
2572 4905 2783 4953 sancta
2810 4896 2902 4953 Dei
2938 4895 3193 4953 Ecclesia:
3212 4939 3227 4965 ,
3256 4900 3463 4955 nostris

1861 4990 2110 5048 videlicet
2141 4994 2519 5064 praesentibus,
2550 5002 2605 5048 et
2641 4992 2835 5049 futuris
2868 4996 3227 5064 temporibus,
3264 4998 3452 5052 verius

1862 5159 2003 5205 tatur
2026 5148 2283 5205 formulas
2304 5125 2564 5207 Ludovici
2589 5151 2665 5207 Pii
2683 5160 2741 5207 et
2757 5151 3025 5211 Lotbarii.
3050 5153 3454 5223 Monogramma

1860 5223 2165 5295 diplomatis
2194 5225 2333 5290 apud
2370 5224 2722 5295 _l3rovverum,
2769 5240 2824 5295 p.
2857 5225 2983 5286 581.
3013 5241 3229 5280 crucem
3254 5226 3455 5279 decus-

1856 5303 2027 5347 satam
2060 5292 2324 5359 referens,
2356 5293 2553 5349 Carolo
2584 5310 2691 5349 non
2721 5292 3018 5362 convenit;
3052 5298 3126 5351 uti
3176 5312 3277 5351 nec
3316 5296 3457 5351 iudi-

1858 5366 1963 5418 clin
1980 5366 2241 5433 apposita.
2261 5366 2454 5421 Suavis
2475 5374 2531 5422 et
2551 5366 2919 5421 ErCanbaltlus
2942 5367 3033 5422 d:u
3058 5380 3175 5435 post
3196 5370 3361 5431 hunc,
3384 5369 3453 5422 de

1856 5437 2223 5508 quoagimus,
2252 5453 2473 5503 annum,
2510 5438 2564 5492 in
2589 5440 2913 5492 caucellaria
2944 5437 3119 5493 Caroli
3168 5447 3453 5508 coeperunt

1858 5507 2172 5562 ministrari.
2199 5507 2467 5577 Ceterum
2498 5510 2858 5579 substantiam
2884 5510 3198 5577 diplomatis
3227 5507 3453 5579 eiusque

1855 5589 2227 5652 argumentum
2278 5596 2313 5652 a
2354 5582 2493 5652 ston
2544 5582 2709 5635 curia:
2758 5579 2941 5636 Caroli
3000 5582 3173 5651 Magni
3230 5583 3450 5636 minime

1855 5650 2034 5775 Tliena
2046 5664 2193 5775 tesse,
2218 5651 2379 5707 etiam
2401 5650 2763 5710 Observatum
2787 5651 3069 5738 ﬂabizlon.
3094 5650 3147 5707 et
3166 5652 3450 5709 Heumann

1877 5736 1962 5775 oc.
1989 5736 2036 5775 ct
2071 5762 2080 5774 .

1877 5736 1962 5777 oc.
1989 5722 2080 5777 cit.
2844 5721 2850 5738 ‘
