3868 6212
431 318 568 373 ιι55

1353 316 1412 371 ιι.
1453 315 1702 370 cauom
1744 315 1951 368 mam
1992 284 2354 369 orn'raszs
2394 315 2432 377 ι,
2474 311 2711 370 SECTIO
2752 314 2813 368 ιι.

3559 327 3577 380 1
3590 328 3671 379 “56

426 443 583 493 quam
601 428 815 493 futuris,
840 437 1023 481 notum
1046 427 1137 490 sit.
1162 428 1390 495 qualiter
1411 428 1680 491 dominus,
1708 439 1763 482 et
1792 429 2000 498 genitor
2036 429 2083 484 Α
2112 428 2266 479 nibus
2291 426 2579 494 episcopis,
2610 427 2915 495 abbatibus,
2937 430 3243 497 comitibus,
3279 436 3573 503 vestrisque
3600 442 3666 504 jn-

428 531 616 572 imster
660 522 811 573 bonae
863 520 1135 573 memoria:
1173 519 1425 588 Pippinus
1465 520 1732 585 quondam
1776 534 1867 573 rex
1897 534 2037 571 mo-.

425 613 737 674 naSIerium,
770 610 912 677 quod
947 619 1167 661 Vocatur
1208 609 1441 669 l‘rumia,
1474 610 1523 661 in
1587 609 1791 663 honore
1840 606 2012 662 sancti

423 697 717 751 Saivatoris
740 717 766 751 a
801 714 939 751 novo
969 698 1275 751 fundamine
1305 699 1446 751 visus
1461 698 1830 762 sitaadilicare,
1850 709 1900 752 et
1924 712 2009 753 res

434 791 629 843 liscalis
654 805 713 841 ac
735 788 1168 856 proi-rietatis‘ad
1204 790 1375 855 ipsum
1405 800 1644 843 sanCIum
1671 790 1844 842 locum
1870 791 2013 843 visus

429 883 517 933 lnit
550 882 825 948 delegasse
851 893 901 933 et
927 882 977 932 in
1009 882 1257 934 omnibus
1279 880 1651 945 conﬁrmasse,
1677 882 1763 933 ubi
1791 897 2014 935 veno-ra-

426 972 581 1024 bilem
622 974 790 1025 virum
833 974 1120 1026 Assnerum
1151 973 1531 1027 abbatem-una
1562 988 1701 1029 cum.
1727 973 2012 1027 monacho-

423 1079 538 1113 rum
566 1073 756 1126 turma,
785 1074 1048 1116 rectorem
1075 1079 1303 1129 pra-esse
1323 1063 1693 1139 constituit,et
1718 1065 2010 1118 secundum

422 1151 663 1204 ordinem
713 1163 957 1205 sanctum
1014 1154 1140 1205 illud
1177 1153 1349 1207 locum
1404 1155 1704 1221 gubernare
1737 1154 2008 1222 prrecepit,

421 1244 561 1297 unde
609 1246 892 1313 prmdictus
922 1247 1079 1308 :tblia,
1111 1256 1164 1299 cl
1193 1248 1446 1301 monachi
1491 1249 1542 1301 in
1596 1223 1713 1317 ipso
1765 1249 2012 1301 coenobio

420 1336 808 1401 consistentes,
866 1336 1165 1389 clementia:
1210 1336 1356 1405 regni
1408 1339 1574 1392 nostri
1625 1337 1913 1404 petierunt,
1956 1346 2011 1391 ut

422 1425 519 1490 ipsi
548 1425 813 1489 homines,
838 1441 996 1495 quem
1028 1428 1304 1492 dominus,
1332 1438 1385 1481 et
1412 1430 1624 1498 genitor
1653 1437 1834 1483 noster
1861 1426 2011 1482 bona:

424 1516 699 1569 memorize
732 1517 987 1586 l’ippinus
1014 1520 1285 1585 quondam
1318 1534 1410 1572 rex
1442 1518 1505 1573 ad
1537 1519 1709 1585 ipsum
1742 1529 2031 1573 monastc-.

418 1609 557 1659 rium
589 1608 878 1674 concessit,
908 1609 987 1663 vel
1018 1609 1309 1676 delegavit,
1343 1610 1396 1664 in
1428 1610 1543 1680 ipsa
1578 1620 1783 1676 tenore,
1804 1622 1857 1667 et
1881 1626 2012 1667 coii-

416 1698 718 1768 suetudine,
745 1699 882 1755 sicut
926 1713 1083 1758 antea
1132 1700 1363 1768 luerunt,
1415 1712 1471 1757 et
1512 1704 1693 1758 caeteri
1726 1710 1752 1740 ⁸
1781 1702 2008 1757 liscalini

418 1801 543 1844 situt
575 1793 765 1859 nostri,
810 1793 1013 1861 absque
1055 1793 1279 1864 alicujus
1321 1796 1747 1852 contradictione
1793 1796 1859 1852 ad
1897 1795 2007 1866 jam

416 1884 562 1936 dicto
592 1883 709 1937 loco
738 1883 972 1940 debeant
1002 1901 1337 1954 permanere,
1364 1898 1471 1942 tam
1503 1889 1574 1944 de
1599 1903 1790 1944 causas
1818 1903 2005 1944 eorum

419 1978 473 2031 iu
501 1979 801 2049 responsis,
833 1995 1097 2050 quamque
1121 1981 1305 2046 aliam,
1346 1984 1517 2049 legem
1550 1982 1633 2039 vel
1664 1982 2007 2037 consuetudi-

419 2083 561 2134 nem,
582 2069 719 2123 sicut
753 2071 941 2139 reliqui
975 2071 1108 2123 infra
1142 2086 1300 2141 regna
1340 2084 1517 2127 nostra
1546 2073 1823 2128 habuerint
1853 2075 2004 2129 iisca-

428 2160 542 2222 lini,
576 2171 631 2212 et
652 2174 805 2213 antea
839 2164 889 2216 in
921 2178 1349 2233 unumquemque
1379 2179 1512 2235 pago
1546 2164 1844 2220 habuerunt
1872 2181 2005 2220 con-

418 2256 781 2309 suetudinem.

485 2346 651 2415 anus
677 2363 775 2401 nos
803 2358 1019 2418 propter
1049 2365 1244 2404 nomen
1275 2351 1483 2405 Domini
1510 2359 1563 2406 et
1590 2350 1784 2405 anima:
1807 2360 2004 2406 nostra:

419 2440 740 2508 remedium,
775 2457 958 2495 eorum
982 2444 1328 2511 petitionibus
1354 2444 1689 2512 nequivimus
1719 2444 2002 2513 denegare,

414 2530 507 2605 sed
563 2532 614 2584 in
665 2534 912 2587 omnibus
955 2536 1287 2601 praestitisse,
1323 2545 1377 2590 et
1416 2536 1765 2589 conﬁrmasse
1808 2549 2002 2604 cogno-

416 2624 572 2676 scite.
609 2622 989 2691 Prarcipientes
1015 2640 1143 2694 ergo
1161 2626 1429 2693 jubemus,
1447 2638 1614 2696 atque
1640 2625 2001 2695 praecipimus,

414 2725 471 2768 nt
522 2716 698 2769 nullus
742 2716 994 2785 quislibet
1048 2717 1115 2771 de
1170 2716 1416 2786 lidelibus
1470 2717 1690 2783 nostris,
1738 2729 1909 2784 neque
1938 2715 2004 2769 de

410 2806 696 2876 judiciaria
731 2817 1017 2876 potestate,
1053 2808 1140 2877 qui
1160 2807 1272 2876 jam
1305 2807 1409 2860 lata
1438 2822 1562 2862 casa
1591 2797 1685 2862 Dei
1718 2806 1799 2861 vel
1832 2818 2002 2861 recto-

414 2915 497 2953 res
523 2899 657 2966 ejus,
690 2914 787 2953 nec
817 2898 1060 2954 homines
1108 2900 1173 2953 ad
1221 2901 1391 2968 ipsum
1422 2909 1667 2952 sanctum
1696 2897 1870 2951 locum
1903 2896 2000 2951 tle-

411 2996 737 3055 servientes,
789 3008 949 3062 quem
1010 2991 1272 3047 Dominus
1327 3007 1391 3045 at:
1446 2995 1655 3057 genitor
1700 3000 1885 3044 noster
1930 2991 2001 3044 ibi

411 3088 699 3151 concessit,
729 3084 795 3137 de
824 3084 923 3138 hac
952 3098 1011 3139 re
1057 3084 1377 3153 inquietare,
1424 3098 1524 3138 nec
1557 3082 1877 3137 calumniam
1906 3097 2002 3153 ge-

413 3192 602 3231 nerare
651 3175 954 3230 nullatenus
1015 3174 1387 3245 praesumatis,
1443 3175 1578 3241 nisi,
1634 3184 1692 3229 ut
1742 3175 1997 3241 diximus,

414 3267 637 3329 nostris,
667 3276 721 3320 et
762 3266 956 3320 futuris
1004 3266 1359 3332 temporibus,
1402 3269 1540 3320 sicut
1588 3275 1875 3335 antequam
1905 3266 2000 3319 do-

413 3359 591 3411 minus
622 3372 684 3411 ac
710 3360 919 3427 genitor
943 3364 1126 3411 noster
1151 3371 1246 3410 eos
1272 3355 1339 3409 ad
1362 3354 1724 3424 supersuipta
1752 3370 1876 3409 casa
1907 3354 1998 3409 Dei

411 3451 734 3520 delegasset,
761 3449 1001 3518 partibus
1039 3448 1152 3503 suis
1179 3448 1579 3502 deservierunt.

484 3544 554 3595 Ita
586 3543 747 3595 simili
780 3543 939 3596 modo
976 3540 1042 3593 ad
1088 3540 1319 3595 eundem
1364 3549 1608 3594 sanctum
1643 3540 1815 3593 locum
1860 3540 1910 3593 in
1938 3555 1999 3594 ea

412 3626 601 3686 tenore
626 3630 904 3685 deservire
933 3628 1184 3693 debeant,
1230 3639 1334 3683 tam
1379 3628 1431 3682 in
1480 3629 1755 3697 responsis
1798 3629 1999 3699 dando,

412 3737 681 3790 quamque
732 3732 786 3775 et
830 3722 1087 3789 reliquam
1140 3721 1343 3791 legem.
1395 3734 1458 3772 ac
1516 3719 1993 3787 consuetudinem,

409 3814 547 3868 sicut
575 3812 756 3867 czrteri
789 3811 1014 3865 liscaIini
1048 3810 1245 3865 habere
1268 3807 1534 3864 videntur.

485 3904 548 3957 Et
571 3914 627 3957 ut
658 3903 770 3955 huic
797 3904 1086 3971 przeceptio
1118 3899 1321 3954 lirmior
1352 3900 1637 3961 habeatur,
1666 3916 1731 3979 ac
1760 3916 1851 3970 per
1876 3914 2001 3955 tem-

417 4009 551 4066 pora
578 3993 772 4049 melius
794 4002 1165 4061 conservetur,
1191 4006 1347 4045 manu
1378 3993 1590 4059 propria
1617 3992 1801 4045 subter
1823 3992 2001 4046 llruia-

410 4090 608 4153 vimns,
637 4096 695 4142 et
719 4087 921 4141 annulo
953 4096 1135 4139 nostro
1163 4084 1395 4153 sigillare
1420 4082 1701 4153 jussitnus.

478 4182 701 4248 Signum
726 4177 903 4233 Caroli
931 4174 1297 4247 gloriosissimi
1333 4178 1494 4244 regis.

482 4273 611 4325 Data
667 4286 853 4325 mense
908 4266 1225 4325 Novembris
1271 4265 1299 4306 δ
1353 4281 1497 4321 anno
1528 4282 1617 4321 vui
1647 4276 1703 4322 et
1746 4283 1796 4321 vt
1853 4269 1998 4339 regni

409 4364 669 4510 mrtiium
700 4453 1009 4510 Theodonis
1049 4452 1172 4507 villa
1202 4450 1431 4522 publice,
1465 4450 1518 4505 in
1552 4451 1643 4508 Dei
1678 4453 1893 4507 nomine
1924 4451 1996 4507 l'e-

410 4548 606 4615 liciter,
637 4562 820 4602 amen.
1162 4618 1231 4675 lx

409 4710 627 4764 Carolus
671 4709 893 4780 Magnus
924 4711 1230 4765 monasterio
1274 4709 1531 4775 Lauresh,
1573 4708 1892 4778 pririleginm
1936 4708 2000 4760 li-

481 4783 685 4834 bertatis
733 4782 959 4833 cnncedit
1000 4798 1105 4835 una
1153 4797 1270 4835 cunt
1309 4780 1470 4833 libera
1514 4782 1709 4832 abbatis
1760 4781 2000 4834 electione

483 4855 643 4922 (anno
670 4853 821 4922 775).

616 4954 712 5014 (Ex
733 4956 978 5020 Helvich.,
1006 4956 1330 5018 Antiquitates
1352 4952 1845 5011 Lauresbamenses.)

479 5047 706 5103 Karolus
731 5050 821 5105 Dei
846 5050 1014 5120 gratia
1040 5065 1132 5104 rex
1166 5048 1491 5104 Francorum
1521 5047 1600 5099 vir
1633 5046 1859 5103 illuster.
1881 5058 1998 5096 om-

485 5193 507 5218 α
544 5183 813 5237 Ρὶειηέὶηἰ.
848 5184 1100 5238 Homines
1126 5198 1220 5235 seu
1251 5183 1392 5235 servi
1421 5179 1642 5233 liscalini
1674 5178 1725 5231 in
1759 5180 1993 5230 nonnul-

411 5254 476 5306 lis
500 5254 805 5322 benigniore
823 5257 941 5319 jure
964 5255 1249 5307 utebantur
1270 5265 1429 5319 quam
1452 5250 1897 5322 serviprtvatoru
1913 5266 1987 5322 ni:

410 5339 606 5393 nempe
628 5320 1043 5377 admittebantur
1074 5325 1137 5374 ad
1172 5321 1462 5376 tesiitnonii
1491 5321 1817 5393 dictionem;
1853 5320 1995 5386 inju-

411 5398 508 5448 riae
544 5392 622 5447 eis
667 5394 834 5446 illata:t
868 5394 1266 5447 vindicabantur
1310 5393 1589 5455 severius;
1638 5392 1866 5457 atuplior
1917 5393 1995 5443 eis

411 5474 527 5516 erat
570 5472 798 5531 potestas
846 5464 915 5517 de
946 5464 1103 5518 rebus
1143 5465 1257 5517 suis
1288 5464 1429 5517 inter
1469 5465 1622 5515 vivos
1651 5462 1990 5529 disponendi,

412 5537 480 5585 ita
515 5543 729 5597 tamen,
774 5542 829 5586 ut
868 5549 972 5587 non
1024 5535 1123 5587 nisi
1174 5536 1337 5588 certis
1385 5534 1702 5601 quibusdam
1752 5534 1993 5587 CCCIt'SIiS

412 5606 549 5656 bona
606 5618 699 5657 sna
751 5605 953 5659 donare
997 5606 1076 5659 vel
1121 5608 1354 5659 vendere
1400 5614 1637 5671 possent,
1680 5616 1787 5659 etc.
1834 5601 1986 5674 Cptif.

410 5674 737 5743 Poitgieller,
767 5674 834 5729 de
862 5678 1012 5731 Statu
1030 5692 1209 5740 .scrv..
1244 5678 1334 5729 lib.
1371 5693 1406 5739 ι,
1440 5691 1559 5744 cap.
1593 5676 1646 5737 4,
1681 5692 1734 5727 ιι.
1766 5676 1819 5726 ’1.

486 5746 509 5782 ι·
557 5746 709 5798 Anno
733 5761 823 5799 vni
855 5760 900 5800 et
934 5762 983 5801 ιι
1012 5748 1154 5817 regni
1202 5748 1381 5801 nostri.
1426 5743 1590 5801 Recte
1622 5743 1985 5817 hoclocoob-

409 5826 625 5869 servant
654 5816 884 5873 Martem:
912 5828 965 5872 et
996 5813 1210 5875 Dn’rand
1254 5834 1494 5875 errorem
1547 5815 1766 5880 librarii,
1798 5813 1885 5882 qui
1935 5828 1983 5863 νι
2034 5856 2053 5868 .

2029 3133 2076 3196 C

2114 516 2374 580 nioribns,
2405 527 2565 587 atque
2605 520 2781 572 missis
2809 521 3004 574 nostris
3033 520 3476 581 discurrentibus.
3525 530 3668 595 Quin-

2112 609 2237 677 quid
2265 625 2359 677 pro
2398 610 2765 678 oportunitate
2803 611 3159 667 Ecclesiarum
3204 617 3283 669 vel
3312 620 3486 684 quiete
3512 636 3672 674 servo.

2114 718 2229 756 rnm
2264 702 2355 756 Dei
2388 705 2737 765 erexerimns,
2760 705 2859 758 hoc
2887 707 3037 759 nobis
3070 709 3251 775 procul
3281 709 3440 762 dubio
3467 711 3667 767 Domino

2113 792 2397 858 adiuvante
2426 793 2492 845 ad
2535 805 2788 848 aeternam
2831 796 3210 850 beatitudinem
3244 803 3501 866 prolicere
3526 808 3674 858 conli-

2112 885 2306 939 dimus.
2338 885 2497 953 Igitur
2525 886 2651 939 dum
2684 898 2873 940 vestra:
2904 892 3135 944 solenne
3180 904 3361 949 notum
3394 907 3496 957 est,
3526 903 3675 965 quali-

2114 986 2195 1030 ter
2220 976 2370 1030 bnn-c
2403 979 2784 1033 recordationis
2810 980 3037 1033 domnus
3064 982 3409 1054 lluotgangus
3430 990 3673 1055 archiepi-

2112 1086 2307 1139 scopus
2372 1070 2694 1143 [episcopus]
2762 1074 2814 1127 in
2874 1077 3204 1129 monasterio
3270 1080 3410 1146 quod
3468 1096 3667 1138 vocatur

2115 1160 2461 1222 Lanresham,
2494 1162 2635 1231 quod
2660 1163 2708 1217 ei
2741 1179 2834 1230 per
2873 1165 3209 1220 traditionem
3237 1167 3598 1228 thliswindx
3628 1186 3671 1230 et

2112 1249 2360 1305 Cancrini
2384 1252 2693 1317 obvenerat.
2720 1257 3342 1313 monacliornmturmam
3390 1278 3493 1315 non
3525 1266 3672 1317 mndi-

2112 1356 2227 1396 cam
2256 1355 2472 1409 pr0pter
2500 1346 2778 1398 servitium
2803 1349 3185 1413 omnipotentis
3212 1351 3302 1406 Dei
3343 1355 3670 1413 condonavit:

2114 1435 2200 1488 ubi
2231 1435 2301 1489 ob
2328 1437 2585 1504 integram
2616 1437 2955 1495 devmionem
2990 1456 3237 1498 sanctum
3277 1460 3469 1515 corpus
3498 1450 3672 1505 beatis-

2112 1528 2230 1582 simi
2260 1528 2472 1584 Nazarii
2526 1533 2849 1598 recondidit,
2880 1550 3039 1605 supra
3091 1538 3232 1604 quod
3264 1542 3428 1594 etiam
3474 1543 3670 1599 Gunde-

2114 1622 2327 1676 landutn
2353 1625 2660 1680 monasterii
2681 1626 2926 1681 abbatem
2947 1641 3104 1696 atque
3134 1630 3403 1686 h:eredem
3433 1634 3482 1687 in
3505 1638 3669 1692 eodem

2113 1722 2301 1768 sancto
2333 1716 2450 1769 loco
2479 1724 2603 1786 post
2628 1730 2688 1772 se
2728 1718 2876 1773 visus
2904 1728 2989 1775 est
3032 1721 3335 1791 reliquisse.
3364 1725 3466 1780 Sed
3513 1738 3669 1795 postea

2043 1782 2238 1860 l3dum
2286 1782 2536 1871 przelatus
2587 1808 2968 1883 Gundelandns
3011 1782 3181 1868 abbas
3226 1826 3470 1871 cerneret
3514 1782 3670 1887 ipsius

2109 1900 2280 1955 sancti
2324 1900 2423 1955 loci
2476 1901 2757 1958 imminere
2800 1904 3089 1973 periculum
3115 1950 3130 1973 ,
3187 1917 3349 1977 atque
3395 1924 3668 1975 vereretur,

2112 2006 2178 2045 ne
2204 1990 2465 2047 desolatio
2507 2003 2722 2063 pmpter
2760 1995 3107 2052 intentionem
3155 1997 3456 2065 iniquorum
3516 2004 3665 2057 Immi-

2111 2100 2235 2137 nnm
2265 2093 2319 2139 et
2365 2084 2493 2153 ipsis
2534 2088 2811 2142 monachis
2843 2088 3011 2154 lieret,
3058 2090 3124 2145 ad
3161 2103 3395 2147 nostram
3438 2095 3578 2166 visus
3601 2113 3668 2154 est

2108 2177 2401 2230 accessisse
2426 2179 2786 2247 praisentiam,
2812 2184 2900 2249 qui
2924 2192 2978 2236 et
3010 2182 3184 2250 ipsum
3224 2189 3598 2244 monasterium
3626 2193 3667 2246 in

2110 2282 2268 2320 manu
2313 2279 2492 2322 nostra
2525 2270 2765 2334 tradidit,
2816 2273 2978 2327 etiam
3010 2285 3061 2329 et
3092 2291 3275 2331 secum
3318 2292 3531 2336 omnem
3558 2298 3669 2337 coo-

2106 2359 2471 2428 gregationem
2519 2376 2668 2416 suam
2702 2364 2752 2415 in
2783 2365 3206 2424 mundeburdem
3236 2377 3292 2424 et
3319 2368 3666 2428 defensionem

2110 2460 2347 2506 nostram
2400 2454 2608 2521 plenius
2647 2456 3043 2512 commendavit
3084 2474 3100 2513 :
3150 2474 3309 2526 quem
3361 2476 3458 2517 nos
3510 2480 3669 2531 gram-

2109 2542 2237 2598 lanti
2293 2545 2475 2600 animo
2532 2555 2637 2599 tam
2728 2555 2945 2616 propter
3017 2549 3285 2607 mercedis
3348 2566 3665 2623 augmentum

2107 2650 2264 2704 quam
2295 2645 2351 2690 et
2383 2651 2480 2703 pro
2510 2638 2698 2691 eodem
2742 2654 2901 2707 grege
2928 2641 3185 2696 salvando
3216 2644 3315 2697 visi
3350 2644 3540 2701 luimus
3562 2664 3664 2715 per-

2106 2726 2333 2791 cepisse.
2380 2728 2537 2782 Petiit
2581 2729 2742 2781 etiam
2790 2742 3115 2787 memoratus
3146 2733 3309 2788 abbas
3355 2737 3541 2807 suique
3570 2754 3668 2792 tuo.

2106 2819 2259 2873 nachi
2291 2819 2450 2874 talem
2485 2835 2515 2872 a
2545 2821 2700 2874 nobis
2722 2821 3120 2890 auctoritatem,
3156 2834 3212 2879 ut
3252 2828 3669 2900 quoviescumque

2106 2910 2351 2967 abbatem
2380 2911 2489 2981 jam
2529 2913 2657 2967 dicti
2703 2918 3012 2971 monasterii
3044 2933 3111 2973 ex
3140 2919 3241 2974 hoc
3271 2921 3559 2991 contigerit
3595 2940 3665 2981 se-

2106 3004 2230 3057 t:qu
2262 3004 2492 3073 migrare
2538 3005 2603 3058 ad
2637 3003 2943 3074 Dominum,
2988 3009 3128 3063 inter
3172 3024 3232 3066 se
3276 3027 3433 3079 quem
3475 3015 3667 3079 dignum

2108 3098 2326 3151 honoris
2370 3097 2530 3166 hujus
2574 3098 2875 3154 invenerint
2930 3102 3256 3163 unanimiter,
3279 3119 3346 3159 ex
3392 3107 3669 3177 semetipsis

2106 3189 2305 3256 eligere
2343 3188 2625 3243 deberent.
2671 3189 2909 3255 Quorum
2941 3194 3199 3263 petitione
3228 3195 3299 3249 ob
3329 3211 3562 3251 amorem
3590 3198 3667 3252 Dei

2105 3288 2160 3335 et
2191 3290 2392 3334 nostra:
2413 3280 2680 3335 mercedis
2703 3281 2976 3337 cmnnlum
3007 3284 3354 3353 nequivimus
3382 3285 3665 3358 denegare:

2103 3374 2197 3427 sed
2227 3371 2300 3425 ita
2340 3370 2658 3440 przestitisse
2707 3373 2789 3429 vel
2844 3374 2896 3428 in
2928 3376 3177 3430 omnibus
3216 3378 3561 3436 conﬁrmasse
3591 3397 3669 3436 co-

2102 3465 2363 3534 gnoscite.
2400 3464 2778 3534 Precipientes
2804 3464 2944 3521 enim
2965 3467 3233 3536 jnbemus,
3258 3470 3379 3538 quia
3406 3475 3667 3540 cognosci-

2104 3571 2223 3610 mus
2250 3555 2392 3626 quod
2421 3556 2534 3626 ipsa
2564 3558 2908 3627 congregatio
2946 3558 3047 3612 sub
3098 3570 3244 3614 recto
3273 3558 3463 3616 ordine
3493 3565 3667 3627 vivere,

2102 3656 2156 3702 et
2184 3648 2235 3701 in
2279 3648 2463 3717 regula
2494 3646 2553 3703 S.
2606 3648 2884 3704 Benedicti
2933 3652 3239 3707 conversari
3293 3652 3577 3714 desiderat.
3624 3664 3671 3708 ut

2104 3752 2289 3796 nostro
2320 3743 2530 3809 quidem
2557 3743 2820 3810 permisso
2837 3758 3048 3812 semper
3070 3759 3232 3812 super
3248 3761 3306 3799 se
3332 3762 3396 3800 ex
3425 3748 3532 3815 ipsa
3561 3763 3671 3799 con-

2103 3836 2433 3905 gregatione,
2470 3834 2557 3900 qui
2604 3832 2715 3889 Deo
2745 3833 3086 3902 acceptabilis
3127 3834 3217 3898 sit,
3251 3835 3450 3905 eligere
3482 3837 3671 3891 valeant

2102 3926 2372 3991 abbatem,
2414 3935 2678 3992 quatenus
2726 3926 2862 3982 inter
2897 3927 3068 3995 ipsum
3114 3942 3355 3997 gregem,
3397 3929 3519 3998 quia
3566 3930 3670 3986 boni

2103 4017 2298 4073 ibidem
2328 4020 2635 4088 congregati
2668 4020 2718 4072 in
2748 4034 2910 4073 unum
2947 4028 3224 4084 praestare,
3259 4036 3328 4075 ne
3348 4025 3469 4090 quis
3496 4038 3557 4076 ex
3588 4024 3667 4076 ad-

2105 4125 2263 4165 verso
2306 4126 2427 4164 eum
2469 4109 2829 4178 diripientium
2896 4111 3169 4177 adveniat,
3222 4112 3315 4166 sed
3360 4112 3428 4168 de
3479 4114 3669 4182 proprio

2104 4217 2315 4270 semper
2343 4203 2579 4271 gaudere
2630 4213 2853 4272 patrono
2889 4203 3141 4256 valeant:
3176 4204 3299 4270 quia
3344 4206 3591 4257 nolumus
3620 4213 3666 4255 ut

2104 4309 2202 4363 per
2224 4295 2454 4362 aliquam
2484 4296 2825 4349 occasionem
2868 4293 2969 4362 ipsi
2996 4294 3267 4361 monachi,
3301 4306 3435 4363 quos
3460 4294 3668 4346 domnus

2104 4388 2465 4457 Ruodgangus
2520 4388 2680 4440 etiam
2737 4396 2793 4443 et
2850 4386 3235 4442 Gundelandus
3289 4384 3355 4439 ad
3408 4400 3541 4455 opus
3591 4386 3666 4439 Dei

2032 4499 2081 4558 ο
2104 4482 2465 4537 exercendum
2498 4488 2985 4549 congregaverunt,
3027 4478 3134 4532 ullo
3164 4492 3397 4546 unquam
3440 4488 3662 4545 tempore

2102 4574 2299 4629 exinde
2328 4572 2544 4627 alienati
2576 4580 2666 4625 aut
2689 4572 2937 4641 dispersi,
2969 4584 3065 4624 nec
3096 4569 3193 4638 ipsi
3223 4584 3323 4624 nec
3344 4583 3663 4624 successor-cn

2102 4684 2285 4723 eorum
2324 4682 2446 4721 esse
2474 4666 2743 4722 debeant:
2784 4666 2878 4720 sed
2930 4665 3065 4719 sicut
3105 4663 3157 4717 in
3190 4673 3515 4720 testamento
3545 4665 3663 4717 illius

2102 4762 2428 4830 donationis,
2459 4779 2616 4832 quam
2668 4776 2760 4830 per
2802 4759 3209 4816 Williswindam
3259 4769 3313 4814 et
3362 4758 3661 4813 Cancrintnn

2102 4856 2278 4924 adepti
2308 4863 2456 4923 sunt,
2498 4857 2823 4917 continetur,
2860 4856 2929 4906 ita
2976 4853 3028 4906 in
3061 4852 3312 4907 omnibus
3339 4854 3480 4907 circa
3514 4850 3661 4920 ipsam

2101 4952 2566 5020 congregationem
2590 4946 2659 5001 sit
2687 4955 3079 5010 conservatum,
3113 4953 3168 4997 ut
3192 4945 3408 4998 valeant
3444 4944 3661 5012 regulam

2102 5046 2158 5101 S.
2203 5043 2474 5098 Benedicti
2506 5040 2884 5110 perpe‘tualiter
2922 5040 3061 5095 sicut
3085 5039 3217 5092 ordo
3240 5039 3455 5103 edocet,
3476 5049 3530 5093 et
3557 5052 3664 5091 coro

2105 5197 2196 5245 pro
2221 5193 2255 5230 ιι
2284 5175 2768 5243 apposuit;qnippe
2782 5173 2919 5240 quod
2943 5175 3014 5227 ita
3038 5173 3425 5245 distinguendi:
3450 5174 3552 5226 sint
3574 5187 3658 5225 no-

2104 5244 2168 5301 tae
2196 5248 2464 5300 chronica;
2506 5247 2651 5313 regni
2691 5246 2864 5297 Caroli
2909 5245 3078 5312 Migni
3122 5255 3176 5295 ut
3208 5244 3415 5295 initium
3449 5245 3589 5314 regni
3618 5246 3659 5294 in

2102 5321 2316 5373 Francm
2347 5332 2441 5372 sex
2474 5317 2628 5378 armis
2660 5326 2965 5367 autevertat
2998 5315 3202 5367 initium
3236 5315 3384 5382 regni
3427 5329 3506 5366 sui
3535 5315 3659 5367 Lon-

2097 5390 2391 5459 goliardici.
2416 5418 2487 5429 -—
2516 5391 2669 5442 Anno
2698 5385 2801 5439 776
2835 5386 3172 5459 consignatur
3196 5383 3658 5459 obitus_Weomai_li

2097 5455 2452 5522 metropolin
2498 5459 2833 5512 Trevireusis
2867 5500 2879 5517 ,
2936 5468 3071 5511 teste
3126 5455 3432 5509 Mabitlonio
3483 5455 3656 5509 Annal.

2096 5531 2392 5595 lieuedict.,
2418 5541 2546 5583 tom.
2573 5530 2637 5593 ll,
2661 5532 2748 5581 lib.
2781 5544 2925 5591 xxlv,
2958 5544 3011 5580 ιι.
3040 5526 3129 5581 67.
3153 5526 3279 5580 Post
3306 5543 3429 5579 eum
3457 5527 3661 5580 Hiclibo-

2094 5604 2190 5653 dos
2218 5602 2492 5654 ordinatur
2521 5614 2832 5669 episcopus,
2880 5602 2951 5651 illi
3004 5600 3055 5651 in
3096 5597 3278 5653 Gestis
3307 5598 3657 5660 Trevirorum,

2094 5688 2209 5737 cap.
2236 5671 2306 5726 40
2338 5675 2559 5740 legitur;
2593 5689 2661 5726 nu
2687 5673 2731 5725 la
2751 5672 2851 5725 alia
2874 5669 3069 5725 ibidem
3100 5668 3265 5740 ipsius
3290 5681 3659 5725 commemora-

2096 5748 2235 5799 tione
2267 5745 2328 5797 ἵεις
2352 5753 2423 5799 ta.
