3868 6212
188 315 325 371 1037

474 316 703 372 CODEX
746 318 1345 376 DlPLOil.\TICUS.-—
1366 319 1853 375 PRIVILECM.—
1883 318 1971 375 Ill.
2018 320 2262 377 PRIVIL.
2310 321 2443 377 PER
2486 322 2755 382 PARTES
2795 324 3198 384 GERMANI:E.

3355 332 3493 389 {0138

180 440 330 505 poris
371 436 629 501 lragilitas
674 436 955 505 permittit,
998 427 1293 502 custodire,
1342 450 1395 494 ct
1439 442 1539 495 sub
1583 448 1763 494 nostra
1800 445 1845 498 Α
1875 450 2202 504 aquarumve
2244 436 2585 505 decursibus,
2638 442 2930 497 mobilibus
2983 454 3035 499 et
3088 443 3490 509 immobilibus.

180 530 261 593 (ut
316 525 580 591 diximus)
645 525 1015 581 mundeburde
1062 528 1143 581 vel
1198 527 1510 583 defensioue
1553 532 1603 585 in
1659 532 1774 600 ἰρ>ο

178 623 513 673 umnasterio
569 618 746 688 quiete
791 620 973 674 vivere
1026 624 1107 675 vel
1171 624 1427 678 residere.
1484 623 1771 692 Propterea

178 710 317 764 lianc
347 709 762 779 praeceptionem
792 722 1026 765 nostram
1059 714 1136 767 eis
1175 713 1423 768 dedimus
1473 731 1566 783 per
1598 722 1765 778 quam

174 801 402 853 otnnino
431 801 703 870 iubemus,
730 810 785 855 ut
816 802 992 855 nullus
1014 804 1267 872 quislibet
1296 806 1364 859 de
1393 808 1769 875 episcoporum

175 896 452 961 personis,
491 896 541 948 itt
572 895 726 963 cujus
755 896 1003 965 parocltia
1038 899 1210 957 ipsum
1242 900 1627 954 monasterium
1656 900 1776 954 lun-

172 984 365 1038 datum
391 1000 513 1040 esse
538 988 797 1051 cernitur,
830 995 921 1041 aut
959 987 1028 1042 de
1057 990 1272 1045 caeteris
1312 990 1621 1046 hominibus
1656 993 1776 1061 quis

170 1072 287 1145 jam
316 1076 518 1129 dictum
550 1076 958 1131 Gundelandnm
981 1079 1228 1133 abbatem
1263 1080 1345 1135 vel
1375 1081 1672 1137 monachus
1704 1098 1768 1138 ex

173 1166 302 1232 ipso
357 1167 686 1235 monasterio
738 1177 794 1222 et
842 1168 1106 1233 homines,
1145 1171 1235 1240 qui
1293 1172 1358 1225 ad
1398 1187 1492 1227 eos
1538 1173 1680 1243 juste
1722 1184 1773 1229 et

174 1258 577 1315 rationabiliter
613 1271 857 1330 spectare
885 1262 1152 1323 videntur.
1198 1263 1498 1333 inquietare
1524 1277 1616 1321 aut
1647 1283 1776 1323 con-

170 1352 408 1420 tingere,
442 1355 523 1409 vel
564 1363 752 1409 contra
805 1354 1024 1411 rationis
1054 1356 1297 1412 ordinem
1351 1358 1526 1414 facere
1576 1377 1776 1429 prensu-

174 1453 313 1509 utat,
348 1447 444 1499 Sed
482 1462 695 1515 semper
727 1449 942 1501 valeant
969 1449 1070 1504 sub
1098 1460 1278 1503 nostra
1307 1451 1647 1519 defensione,
1679 1470 1772 1509 seu

171 1538 279 1590 Sub
323 1538 615 1594 heredibus
665 1543 865 1594 nostris
896 1540 1041 1594 omni
1092 1551 1332 1609 tempore
1384 1543 1468 1613 (ut
1516 1544 1774 1615 diximus)

172 1630 349 1699 quieti
381 1631 640 1695 reStdere,
666 1639 721 1685 et
741 1645 803 1685 ea
828 1645 945 1701 qua:
976 1631 1081 1686 illis
1098 1641 1313 1703 propter
1336 1649 1535 1688 nomen
1564 1635 1770 1690 Domini

172 1723 574 1785 concessimus,
628 1722 767 1777 bene
840 1737 1054 1791 semper
1106 1723 1159 1777 in
1218 1726 1469 1779 omnibus
1522 1726 1770 1799 perfrui:

1877 530 2055 581 omnia
2099 539 2152 582 et
2180 545 2245 583 ex
2291 534 2541 586 omnibus
2579 532 2647 587 ad
2696 535 2976 603 praelatum
3007 551 3254 596 sanctum
3306 545 3484 601 locum

1882 616 2200 669 tradidimus
2235 622 2624 686 perpetualiter
2650 623 2716 675 ad
2764 625 3169 695 possidendum,
3198 645 3485 701 propterea

1881 704 2020 758 lzanc
2076 716 2494 775 pra-ceptionem
2524 714 2866 768 auctoritatis
2898 727 3099 773 nostra:
3141 726 3489 780 conscribere

1878 797 2156 865 iussimus,
2208 810 2261 852 ut
2298 802 2366 853 ab
2413 804 2512 856 hac
2552 804 2639 857 die
2695 814 2802 859 tam
2851 822 3185 867 memoratus
3245 815 3489 870 Sturmio

1878 889 2065 955 abbas,
2096 908 2367 962 quamque
2396 896 2479 949 sui
2523 902 2854 953 successoris
2897 902 2987 972 qui
3031 902 3229 961 fuerint
3262 913 3490 967 rectoris

1879 985 2119 1064 ejusdem
2143 987 2311 1040 sancti
2334 990 2458 1055 loci,
2496 989 2768 1058 prazdictis
2800 996 2961 1051 rebus
2988 998 3054 1053 ad
3083 1016 3219 1069 opus
3245 1002 3357 1071 jam
3392 1007 3475 1059 di-

1879 1089 1981 1129 ctse
2027 1080 2272 1133 ecclesiae
2316 1081 2549 1136 habeant
2595 1094 2813 1141 teneant
2878 1098 3041 1162 atque
3082 1096 3395 1162 possideant
3432 1110 3488 1153 ct

1878 1168 2128 1239 quicquid
2168 1172 2365 1227 exinde
2394 1175 2458 1227 ad
2489 1176 2793 1244 proiectum
2820 1180 2993 1249 ipsius
3021 1188 3194 1241 sancti
3245 1187 3349 1245 loci
3408 1193 3487 1247 fa-

1878 1274 1999 1314 cere
2042 1262 2307 1331 elegerint
2364 1264 2593 1321 liberum
2668 1271 3019 1339 perfruantur
3066 1278 3378 1348 arbitrium,
3435 1292 3492 1336 rt

1880 1350 2054 1407 nullus
2078 1354 2334 1424 quislibet
2359 1356 2428 1412 de
2453 1358 2738 1426 iudiciaria
2798 1376 3065 1434 potestate
3110 1381 3203 1427 aut
3243 1377 3485 1443 qualibet

1881 1457 2107 1510 persona
2141 1449 2402 1512 praedicto
2431 1450 2730 1509 Sturmioni
2749 1456 2953 1523 abbati,
2978 1477 3152 1530 neque
3176 1468 3491 1523 auctoribus

1879 1546 1972 1587 aut
2019 1540 2538 1613 successoribusque
2583 1547 2696 1601 suis
2732 1547 2801 1603 de
2849 1556 3167 1610 memoratis
3215 1558 3380 1615 rebus
3411 1561 3491 1614 in--

1879 1627 2206 1695 quietionem
2254 1633 2337 1688 vel
2381 1637 2707 1693 calumniam
2758 1656 3021 1706 generare
3075 1662 3291 1718 quoque
3350 1664 3486 1707 tem-

1884 1734 2013 1786 pore
2058 1736 2163 1776 non
2197 1737 2495 1795 presumat,
2542 1729 2639 1784 sed
2699 1744 2794 1801 per
2840 1746 3090 1792 nostrum
3146 1753 3491 1811 preceptmo,

172 1825 449 1883 quatenus
496 1814 731 1869 delectet
784 1813 1033 1869 abbatem
1085 1816 1167 1872 vel
1211 1818 1506 1872 monachos
1534 1834 1601 1873 ex
1658 1818 1777 1888 ipSo
1812 1802 1999 1880 Bjure
2030 1811 2132 1868 hoc
2170 1815 2385 1871 valeant
2433 1821 2717 1886 possidere
2773 1827 3168 1897 ﬁrmissimum,
3216 1845 3485 1903 quan-nus

173 1908 516 1963 monasterio
545 1921 643 1978 pro
673 1908 831 1963 nobis
875 1918 929 1962 et
959 1918 1141 1963 nostra
1184 1908 1548 1978 subsequente
1582 1927 1783 1982 proge-

172 2002 269 2055 nie
298 2014 396 2053 seu
419 2010 579 2071 gente
611 1999 962 2063 Francorum,
998 1999 1207 2057 Domini
1241 2004 1671 2060 misericordiam
1702 2014 1782 2060 at-

170 2093 383 2147 tentius
413 2093 713 2160 deprecari.
745 2092 809 2147 Et
855 2102 911 2146 ut
946 2095 1060 2149 haec
1101 2095 1396 2150 auctoritas
1429 2095 1637 2151 ﬁrmior
1680 2098 1778 2150 lta-

174 2184 391 2242 beatnr.
426 2183 509 2241 vel
543 2199 634 2251 per
666 2192 906 2249 tempora
939 2185 1132 2239 melius
1164 2199 1433 2251 servetur,
1462 2180 1623 2242 manu
1658 2204 1777 2257 pro-

170 2274 291 2342 pria
335 2275 523 2329 subter
566 2274 912 2340 ﬁrmavimus,
943 2283 999 2329 et
1046 2275 1115 2330 de
1154 2277 1354 2333 annulo
1401 2290 1589 2334 nostro
1634 2281 1781 2352 sigil-

165 2363 271 2418 lari
321 2363 604 2434 juSSimus.

247 2456 479 2525 Signum
510 2453 688 2511 Κποιί
734 2457 1104 2526 gloriOSISsImi
1149 2460 1310 2531 regis.

255 2546 545 2615 Witigowo
577 2547 888 2618 recognovi.

946 2680 1015 2737 Χ.

172 2794 506 2860 Ρνανεεριιιηι
534 2793 703 2846 Caroli
732 2790 934 2863 Magni,
968 2810 1067 2858 quo
1106 2797 1337 2853 ecclestte
1382 2798 1628 2855 Fuldenst
1663 2800 1777 2855 Ha-

264 2937 267 2939 »
306 2865 630 2919 malumbttrc
660 2881 775 2917 cum
804 2867 1087 2921 attincnliis
1104 2868 1261 2923 donat
1290 2874 1452 2943 (anno
1484 2875 1639 2942 777;.

530 2981 621 3043 (Ex
649 2979 931 3040 Scltannat.,
959 2980 1088 3033 llist.
1114 2983 1371 3037 Fuldensis
1398 2988 1413 3050 )

247 3088 482 3144 Carolus
513 3093 680 3162 gratia
708 3096 797 3150 Dei
829 3110 920 3151 rex
956 3094 1287 3150 Francorum
1314 3104 1370 3149 et
1392 3094 1774 3168 Longobardo-

166 3195 297 3233 rum
348 3195 413 3234 ac
462 3186 720 3251 patricius
771 3184 1159 3252 Romanorum,
1211 3187 1466 3257 quicquid
1514 3190 1657 3244 enim
1706 3191 1775 3246 ob
1804 3171 1851 3234 (ἶ

170 3288 369 3327 amore
400 3273 613 3329 Domini
657 3279 1101 3347 et,oporlunitate
1146 3293 1425 3334 servorum
1480 3281 1596 3346 Dei,
1643 3280 1777 3336 locis

166 3367 582 3422 venerabilibus
610 3373 978 3438 concedimus,
1006 3370 1108 3428 ltoc
1138 3371 1370 3426 nobisad
1397 3374 1661 3428 mercedis
1677 3388 1775 3427 au-

166 3468 454 3530 gntentum
471 3464 550 3516 vel
580 3464 924 3518 stabilitatem
949 3467 1097 3535 regni
1122 3465 1289 3520 nostri
1316 3468 1583 3535 pertinere
1605 3468 1775 3520 conﬁ-

166 3552 356 3607 dimus
385 3568 404 3607 :
446 3563 775 3623 quapropter
811 3565 1125 3626 conpertum
1159 3558 1231 3611 sit
1265 3557 1505 3611 omnium
1539 3558 1775 3612 ﬁdelium

170 3655 488 3699 nostrorum
528 3645 906 3716 magnitudini,
940 3650 1170 3717 qualiter
1205 3652 1469 3706 donamus
1498 3652 1564 3706 ad
1598 3667 1777 3707 mona-

169 3736 406 3789 sterium
429 3735 606 3802 Fulta,
635 3737 779 3807 quod
805 3747 887 3792 est
908 3737 963 3794 in
989 3739 1194 3795 honore
1221 3742 1502 3797 beatorum
1539 3743 1684 3798 Petri
1716 3754 1774 3799 et

173 3825 335 3881 Pauli
372 3828 424 3881 in
474 3826 618 3899 Pago
643 3828 888 3899 Grapl‘ett
917 3843 1311 3900 constructum,
1342 3835 1433 3890 ubi
1469 3834 1775 3907 preciosum

164 3934 373 3989 corpus
404 3920 656 3977 Bonilatii
709 3926 963 3997 martyris
1015 3927 1327 3995 requiescit.
1370 3946 1531 4000 quam
1572 3931 1654 3986 vir
1686 3946 1777 3987 ve-

165 4014 434 4070 nerabilis
464 4015 705 4072 Sturmio
726 4017 863 4073 abba
908 4020 959 4074 in
1011 4022 1270 4091 regimine
1309 4021 1512 4079 habere
1543 4024 1774 4093 videtur,

166 4104 226 4159 id
259 4114 390 4161 sunt
417 4121 506 4162 res
537 4108 882 4179 proprietatis
911 4122 1110 4168 nostra:
1157 4113 1581 4179 Hamalumburc
1608 4116 1773 4174 situm

164 4200 224 4253 in
259 4214 397 4270 pago
422 4201 737 4272 Salecgavio
777 4219 937 4275 super
977 4204 1139 4261 ﬂuvio
1164 4207 1311 4272 Sala,
1344 4222 1468 4264 cum
1499 4225 1662 4266 omne
1690 4211 1773 4266 in-

169 4297 428 4367 tegritate
453 4300 536 4353 vel
559 4299 883 4372 adjecencys
906 4316 999 4356 seu
1027 4303 1356 4377 appendicys
1377 4306 1490 4359 suis
1524 4306 1775 4376 Acltyne-

168 4390 335 4455 liacb,
366 4390 794 4458 Tltinpersbaclt,
835 4394 1058 4463 ltarital,
1092 4400 1191 4451 ltoc
1224 4409 1309 4454 est
1351 4412 1774 4471 quantumcum-

1885 1901 2076 1960 rtélius
2103 1905 2335 1966 delectet
2388 1909 2504 1980 ipsa
2560 1917 3035 1987 congregationem
3076 1940 3171 1992 pro
3220 1901 3377 1981 nobis
3402 1932 3485 1985 vel

1881 1995 2174 2052 stabilitate
2203 2000 2352 2069 regni
2383 2004 2554 2059 nostri
2612 2008 2775 2063 etiam
2800 2026 2966 2068 uxore
2992 2024 3048 2068 et
3078 2016 3244 2084 prolis
3278 2018 3487 2075 Domini

1889 2088 2317 2145 misericordiam
2339 2093 2538 2165 jngiter
2564 2112 2820 2166 exorare,
2861 2113 2914 2157 et
2948 2120 3002 2158 ut
3048 2106 3163 2161 Ita:c
3188 2113 3485 2168 auctoritas

1883 2180 2084 2237 ﬁrmior
2113 2185 2182 2237 sit
2214 2200 2404 2241 manus
2439 2199 2637 2255 nostra:
2673 2195 2966 2264 signaculis
3005 2201 3191 2257 subter
3232 2219 3351 2258 cam
3390 2208 3487 2261 de-

1879 2274 2148 2329 cretimus
2180 2276 2440 2335 robor-are
2458 2292 2511 2335 et
2538 2282 2605 2339 de
2627 2286 2789 2341 auolo
2822 2300 3007 2345 nostro
3033 2292 3292 2361 jussimus
3320 2300 3475 2368 sigil-

1882 2365 2013 2419 lnt'c.

1960 2456 2185 2526 Signum
2214 2458 2396 2515 Caroli
2425 2464 2803 2532 gloriosissimi
2836 2472 2997 2539 regis.

1957 2545 2286 2618 Vuigbaldus
2318 2553 2383 2604 ad
2420 2556 2591 2610 vicem
2628 2555 2886 2615 Radonis.

1954 2638 2079 2692 Data
2111 2644 2344 2709 septimo
2366 2643 2490 2699 ldus
2508 2645 2756 2716 ianuam,
2785 2668 2928 2706 anno
2956 2671 3097 2710 nono
3120 2670 3173 2712 et
3202 2663 3360 2716 tertio
3392 2679 3484 2719 rc-

1876 2736 1988 2804 gni.
2021 2737 2215 2790 Actum
2245 2735 2550 2795 liaristallzo
2575 2743 2772 2813 palatio
2797 2747 3028 2818 public”,
3060 2751 3111 2805 itt
3137 2752 3232 2809 Dei
3267 2760 3484 2813 nomine

1880 2830 2113 2884 lcliciter
2169 2838 2220 2886 ⁸.

2664 2907 2676 2923 Γ

2592 2906 2733 2963 (Μ.

1881 3011 1904 3048 ι’
1935 3012 2167 3069 Traditia
2194 3014 2369 3070 Caroli
2403 3016 2583 3099 Magni
2613 3022 2675 3099 de
2710 3022 2959 3099 ιὶείάμιια
2990 3024 3335 3099 Ultrajectino
3376 3050 3483 3087 nio-

2373 3092 2600 3143 nasterio
2652 3093 2810 3162 (anno
2842 3096 2897 3148 7i
2915 3098 2988 3165 7).

2212 3195 2306 3260 (Ex
2329 3197 2492 3263 Hcda,
2516 3200 2641 3251 Hist.
2669 3205 2885 3268 episcOp.
2912 3207 3154 3274 Traject.)

1954 3298 2181 3355 Karolus
2207 3301 2300 3356 Dei
2330 3305 2500 3373 gratia
2533 3320 2623 3361 rex
2659 3306 2988 3366 Francorum
3022 3324 3069 3367 et
3103 3314 3485 3384 Longobardn.

1884 3406 2025 3456 rum,
2075 3406 2139 3446 ac
2166 3395 2428 3461 patricius
2462 3385 2851 3453 Romanorum.
2900 3403 2954 3458 Si
2986 3388 3128 3459 enim
3155 3421 3221 3463 ex
3255 3407 3336 3463 his
3366 3426 3485 3479 qua:

1882 3483 2058 3536 divina
2082 3485 2251 3553 pietas
2279 3487 2432 3541 nobis
2456 3487 2635 3558 largiri
2662 3491 2861 3560 dignita
2878 3504 2981 3559 est,
3001 3495 3132 3554 locis
3158 3502 3483 3555 venerabili-

1885 3573 1981 3627 bns
2001 3575 2349 3631 concedimus
2374 3594 2389 3631 :
2417 3579 2517 3634 hoc
2542 3580 2695 3635 nobis
2710 3582 2777 3636 ad
2813 3594 3066 3641 aeternam
3092 3588 3482 3647 beatitudinem

1885 3667 2064 3734 procul
2092 3665 2261 3722 dubio
2293 3672 2567 3736 pertinere
2593 3675 2936 3732 conﬁdimus.
2992 3678 3114 3734 Iden
3144 3697 3353 3749 compet
3372 3696 3481 3738 tum

1882 3756 1951 3810 sit
1995 3761 2143 3811 omni
2193 3758 2431 3816 ﬁdelitun
2480 3777 2787 3821 nostrorum
2839 3771 3227 3840 magnitudini,
3257 3777 3488 3844 qualiter

1888 3844 2157 3904 donamus
2179 3850 2244 3905 ad
2269 3850 2546 3908 basilicam
2572 3854 2627 3911 S.
2655 3855 2890 3925 Mattini,
2914 3875 3037 3930 qua:
3063 3871 3148 3918 est
3174 3877 3483 3922 consttucta

1886 3937 1940 3993 itt
1970 3939 2230 4009 'l‘rajccto
2256 3945 2424 3999 veteri
2450 3946 2642 4002 subtus
2679 3948 2997 4020 Dorestado,
3040 3954 3128 4009 ubi
3158 3959 3486 4015 venerabilis

1887 4030 1972 4085 vir
2002 4032 2251 4089 Albrtcus
2287 4036 2572 4111 presbyter
2599 4050 2759 4110 atque
2795 4043 2999 4101 electus
3028 4059 3209 4104 rector
3249 4065 3486 4120 praeesse

1881 4123 2116 4194 videtur,
2165 4125 2270 4183 lioc
2299 4140 2384 4185 est
2407 4170 2425 4196 ,
2464 4132 2646 4188 villam
2693 4126 3310 4209 nostram’nuucupante
3341 4144 3483 4201 Lisi-

1877 4213 2019 4270 duna
2045 4254 2064 4284 ,
2106 4217 2160 4273 in
2204 4233 2342 4289 pago
2380 4222 2473 4290 qui
2521 4234 2746 4280 vocatur
2787 4224 3015 4293 Flebite,
3064 4245 3228 4302 super
3269 4234 3480 4291 alveum

1882 4306 2067 4376 lletni,
2100 4324 2222 4365 cum
2258 4313 2405 4367 omni
2455 4315 2764 4385 integritate
2794 4319 2876 4374 vel
2914 4319 3228 4390 adjacentiis
3261 4338 3355 4379 seu
3381 4342 3475 4397 ap-

1880 4395 2133 4469 penditiis
2162 4403 2277 4457 suis
2297 4444 2312 4468 ,
2341 4404 2395 4459 id
2422 4416 2537 4472 est,
2567 4421 2688 4462 cum
2723 4410 2917 4476 terris,
2949 4416 3174 4481 mansis,
3204 4395 3479 4484 domibus,

164 4501 278 4553 que
310 4486 365 4540 in
394 4487 640 4555 superius
668 4490 937 4544 nominata
983 4490 1095 4546 loca
1142 4492 1342 4547 habere
1388 4492 1662 4560 videmini,
1717 4495 1766 4548 id
1802 4540 1848 4597 ο
1877 4494 2141 4560 :ediﬁciis,
2173 4496 2476 4567 mancipiis,
2506 4501 2694 4569 sylvis,
2724 4503 2958 4571 campis,
2997 4509 3163 4574 pratis
3184 4553 3197 4572 ,
3243 4512 3476 4573 pascuis,

164 4586 257 4631 est
305 4587 418 4632 tam
470 4580 652 4646 terris,
704 4581 973 4650 domibus,
1016 4582 1277 4651 :ediﬁciis,
1309 4587 1585 4652 acolabus,
1615 4602 1768 4641 man-

162 4668 352 4741 cipiis,
385 4670 579 4738 vineis,
610 4673 783 4738 silvis,
816 4677 1039 4745 campis,
1076 4677 1265 4745 pratis,
1322 4681 1560 4746 pascuis,
1616 4680 1771 4751 aquis

244 4842 274 4869 ι
316 4831 600 4900 Rudnlfus,
637 4833 918 4889 Fuldensis
966 4836 1259 4891 monachus
1302 4837 1653 4904 percelebris,
1717 4839 1767 4889 in

170 4904 532 4978 VitaBabani
577 4906 715 4978 apud
768 4907 1003 4962 Brotver.
1037 4908 1217 4978 Antiq.
1270 4908 1426 4962 Fuld.
1481 4924 1601 4978 pag.
1636 4907 1763 4971 230,

173 4977 366 5030 nescio
397 4990 503 5045 quo
525 4977 779 5032 seductus
799 4992 1002 5044 errore,
1044 4977 1232 5033 villam
1260 4980 1608 5106 Ilamalburg,
1640 4982 1766 5033 olint

173 5048 365 5100 Ii~cum
390 5048 622 5106 regium.
658 5064 797 5102 nunc
824 5050 1100 5106 onoitlum.
1154 5065 1219 5106 ex
1270 5051 1518 5106 largitate
1604 5054 1766 5106 iouini

168 5048 622 5120 li~cuqucgium,
658 5064 797 5102 nunc
824 5050 1100 5118 oppidum.
1154 5065 1219 5106 ex
1270 5051 1518 5117 largitate
1560 5048 1767 5120 Pippini

169 5118 319 5183 regis
354 5116 693 5191 Francorum
726 5116 961 5191 partibus
992 5121 1048 5177 S.
1092 5116 1636 5191 Btmifaciimartyris
1658 5116 1767 5177 cnl-

169 5191 340 5262 latam
376 5189 540 5262 fuisse
571 5189 795 5262 scribit:
841 5190 963 5247 hinc
1008 5192 1144 5248 forte
1187 5193 1358 5248 visum
1390 5201 1475 5248 est
1520 5189 1769 5262 imperito

168 5260 439 5333 cuidam,
464 5260 565 5313 ltoc
594 5260 811 5331 elegans
854 5277 915 5315 ac
950 5265 1154 5333 Optime
1181 5275 1557 5320 conservatmn
1590 5260 1765 5320 Caroli

166 5330 635 5403 MagniAdiploma
670 5330 1052 5403 autograplta‘m
1097 5338 1374 5391 Continere
1420 5338 1767 5391 donationem

166 5402 313 5475 villa:
361 5401 615 5475 Alliamelen
648 5404 698 5475 in
730 5401 975 5459 Sasonim
1020 5407 1281 5475 partibus,
1322 5423 1426 5462 non
1484 5418 1661 5462 autem
1707 5408 1769 5461 il-

165 5472 275 5549 lam
327 5472 469 5526 villae
502 5472 951 5549 yqntammburc:
991 5472 1156 5532 erasit
1207 5477 1386 5544 itaque
1426 5478 1584 5549 lmjns
1621 5480 1767 5533 vocis

166 5544 417 5619 ultimam
441 5544 700 5619 syllabam
726 5545 851 5617 burg
880 5549 1028 5615 quasi
1069 5550 1416 5617 superﬂuam,
1447 5544 1603 5619 quam
1632 5563 1770 5616 post-

165 5614 403 5686 modum
422 5614 579 5676 altus,
631 5632 732 5669 non
782 5614 955 5673 nimus
983 5614 1204 5684 temere,
1237 5614 1507 5686 restituit;
1545 5614 1766 5686 Illet'quc

164 5683 474 5759 consultius
499 5686 781 5759 hiat-turns,
817 5689 858 5741 si
909 5692 1299 5755 membranam,
1345 5683 1503 5745 aetate
1534 5704 1587 5745 et
1624 5683 1767 5759 prin-

164 5756 307 5834 _cipis
337 5757 823 5814 muniﬁcentissimi
865 5760 1017 5830 signo
1047 5763 1431 5829 venerabilem,
1462 5756 1767 5835 reliquisset

167 5833 449 5881 intactam.

912 5946 941 5963 ’Ἴ

1874 4586 2031 4655 aquis
2065 4600 2400 4656 aquarumve
2428 4590 2783 4658 decursibus,
2832 4595 3117 4651 mobilibus
3149 4609 3204 4652 et
3232 4598 3477 4655 immobi-

1874 4683 2031 4755 libus,
2058 4686 2303 4742 omniztet
2327 4702 2390 4741 ex
2418 4688 2668 4742 omnibus
2682 4700 3173 4761 quantumcumque
3197 4692 3352 4765 Νίκα
3378 4712 3479 4752 rus
3575 4708 3577 4713 ‘

1946 4846 1973 4885 δ
2014 4847 2254 4902 Traditio
2302 4848 2479 4903 Caroli
2517 4850 2581 4904 de
2631 4850 2903 4907 Lisidunn.
2950 4852 3174 4907 Donatio
3213 4853 3326 4908 haec
3354 4872 3478 4910 con-

1877 4919 2009 4992 linet
2064 4935 2279 4992 omnem
2331 4930 2557 4975 tracmm
2608 4926 2749 4977 circa
2800 4924 3029 4977 llemum
3089 4924 3340 4992 ﬂuvium,
3389 4929 3476 4982 ubi

1877 4989 2201 5053 Euterslttrt,
2238 4992 2482 5047 Lensden
2523 5008 2694 5061 usque
2732 4994 2798 5047 ad
2835 4995 3214 5060 Dorestadum,
3246 4989 3474 5052 forestas

1872 5077 2005 5130 quas
2028 5062 2407 5135 Milderuissen
2439 5073 2493 5117 et
2520 5066 2710 5119 Denen
2738 5076 2949 5128 vocant,
2977 5081 3098 5133 quae
3120 5081 3288 5135 prope
3315 5074 3474 5122 Ame-

1874 5148 2095 5210 rongen,
2130 5134 2263 5210 Elst,
2301 5132 2690 5210 Wagcningen,
2724 5136 2890 5203 Ecde,
2929 5132 3105 5192 adhuc
3120 5132 3472 5210 Vcouspiciuno

1874 5212 1989 5270 tur;
2022 5207 2073 5258 in
2089 5205 2282 5273 quibus
2305 5206 2543 5274 episcopi
2564 5205 2821 5275 'l‘raject.,
2848 5217 2939 5261 aut
2966 5222 3155 5263 eorum
3179 5205 3470 5265 donatione

1873 5275 2192 5344 przrpositus
2221 5278 2419 5351 sancti
2440 5276 2675 5351 Joannis
2715 5280 2946 5351 maxime
2988 5280 3040 5351 in
3075 5280 3216 5335 Ecde
3274 5281 3468 5351 Wage-
3554 5310 3569 5320 ο

1873 5348 2066 5416 ningen
2114 5356 2168 5400 et
2220 5346 2849 5415 Weelcbmourltoutius,
2896 5348 3152 5415 decimas,
3216 5362 3327 5410 etc.
3376 5346 3475 5407 lta-

1872 5418 2019 5473 bent.
2061 5420 2278 5493 Aditoc
2322 5419 2559 5493 diploma
2612 5435 2787 5493 nuper
2829 5421 3047 5490 quidam
3090 5422 3371 5493 impostor,
3416 5436 3473 5478 ut

1872 5503 2067 5560 magno
2092 5488 2252 5545 alieni
2305 5493 2420 5563 viro
2460 5488 3227 5562 blandiretur,'corrumpere
3267 5504 3319 5549 et
3351 5488 3473 5563 per-

1873 5573 2085 5614 vertere
2132 5578 2236 5615 non
2288 5561 2588 5629 dubitavvt;
2626 5574 2681 5616 et
2726 5578 2824 5632 pro
2868 5563 3119 5619 Lisiduna
3162 5561 3466 5620 Lintlinitnn

1873 5646 2153 5697 reponere,
2186 5634 2275 5702 qui
2310 5634 2456 5687 locus
2492 5646 2577 5688 est
2620 5637 2669 5686 in
2718 5638 2880 5688 Betna
2918 5636 3103 5705 quales
3139 5653 3266 5690 sane
3299 5638 3471 5688 homi-

1874 5718 1968 5755 nes
1998 5714 2174 5768 pestes
2205 5715 2330 5758 sunt
2362 5706 2414 5757 in
2446 5706 2671 5771 antiqua
2703 5706 2947 5768 ltiStoria,
2979 5718 3033 5761 et
3068 5709 3189 5761 odio
3218 5721 3468 5762 munitius

1877 5774 2120 5830 veritatis
2148 5777 2383 5847 antiqua:
2415 5778 2752 5833 amatoribus
2782 5793 2904 5835 c~se
2931 5779 3149 5834 debent.
