3856 6220
408 318 543 378 1063

1292 319 1352 375 n.
1394 321 1645 377 canon
1688 322 1898 379 MAGNI
1940 320 2093 377 opp.
2128 320 2317 377 mus
2361 322 2399 375 ι.
2442 284 2685 379 δευτὶυ
2730 323 2788 377 u.

3577 331 3713 387 1066

416 425 717 506 pro-fectum
740 435 933 490 anima!
963 444 1124 505 atque
1154 436 1219 490 ad
1260 439 1607 492 stabilitatem
1652 441 1799 507 regni
1831 441 1997 494 nostri
2030 446 2075 501 Α
2110 439 2366 493 Bonifacii
2394 440 2625 509 quiescit
2652 442 2927 495 humatum
2970 450 3024 496 et
3054 442 3133 497 vir
3162 448 3493 503 venerabilis
3537 448 3713 505 Baou—

400 528 671 598 pertinere
696 527 1038 593 conﬁdimus,
1066 512 1226 599 igitur
1254 540 1438 583 notum
1478 532 1544 585 sit
1575 532 1812 584 omnium
1858 531 1991 584 ﬁde-

2095 530 2270 583 vulius
2300 533 2351 583 in
2385 533 2645 601 regimine
2679 535 2878 589 habere
2908 534 3140 591 videtur.
3181 539 3391 609 Campo
3432 544 3531 611 qui
3568 544 3705 598 dict-

403 619 529 672 lium
579 626 886 673 nostrorum
935 620 1334 690 magnitudini,
1383 622 1616 691 qualiter
1642 637 1740 676 nos
1772 632 1995 691 propter
2096 628 2182 671 tur
2232 618 2459 674 Uiiofeld
2512 638 2634 676 cum
2667 623 2818 679 silvis
2859 625 2973 679 suis
3008 628 3271 683 tradimus
3314 634 3713 699 perpetualiter

399 724 592 764 nomen
638 709 849 763 Domini
897 719 950 764 et
998 710 1189 764 anima:
1237 720 1436 766 nostra:
1465 713 1695 767 salutem
1722 711 1988 767 donamus

396 811 560 866 atque
599 800 969 855 contradimus
1027 801 1094 855 ad
1156 800 1412 857 Fultense
1460 806 1845 858 monasterium
1898 804 1986 858 ubi

398 890 834 958 pretiosissimus
876 889 1075 946 Christi
1126 904 1329 964 martyr
1367 894 1671 949 Bonifacius
1699 898 1990 965 corporali.

396 994 478 1037 ter
507 983 799 1052 requiescit
829 994 881 1039 et
911 985 991 1038 vir
1023 987 1348 1041 venerabilis
1379 989 1597 1043 Surmio
1625 989 1759 1042 abba
1794 999 1987 1043 turma:

395 1074 783 1129 monachorum
835 1090 1071 1142 praeesse
1104 1078 1317 1132 videtur
1358 1077 1725 1151 donatumque
1762 1081 1815 1135 in
1864 1097 1985 1151 per.

390 1174 609 1232 petuum
653 1179 777 1220 esse
823 1166 1073 1221 volumus
1103 1166 1361 1234 quasdam
1394 1184 1482 1224 res
1514 1170 1859 1238 proprietatis
1885 1188 1983 1226 no-

386 1266 535 1324 stra,
564 1255 666 1310 hoc
692 1265 774 1311 est
802 1244 875 1318 in,
901 1272 1035 1328 pago
1064 1255 1483 1326 Wormacense,
1516 1262 1769 1331 quidquid
1801 1263 1982 1319 ﬁdelis

387 1358 567 1401 noster
607 1346 864 1403 Otkarius
904 1363 1003 1419 per
1053 1359 1303 1404 nostrum
1347 1351 1668 1407 beneﬁcium
1718 1353 1865 1408 visus
1898 1366 1982 1409 est

349 1436 640 1495 ‘habuisse
665 1482 682 1507 ,
700 1504 713 1511 β
736 1442 837 1496 hoc
866 1453 947 1495 est
971 1442 1022 1496 in
1046 1441 1318 1514 Hogontia
1347 1444 1566 1501 civitate
1597 1462 1817 1502 mansos
1849 1465 1979 1514 xxv,

383 1536 441 1582 et
472 1529 737 1599 mancipia
778 1547 901 1586 vat
942 1540 998 1588 et
1030 1548 1146 1599 xvi,
1184 1533 1321 1589 Iidos
1350 1548 1406 1590 et
1437 1538 1619 1592 vineas
1644 1539 1709 1593 ad
1739 1539 1854 1608 ipsa
1889 1540 1979 1595 be-

382 1619 576 1677 neﬁcia
621 1623 967 1691 pertinentes
998 1624 1249 1681 similiter
1291 1642 1419 1683 vero
1446 1628 1500 1683 in
1532 1630 1640 1685 alio
1684 1631 1801 1686 loco
1843 1633 1978 1686 infra

384 1710 603 1766 Reiium’
638 1715 691 1769 in
738 1714 861 1770 loco
906 1717 994 1785 qui
1039 1717 1239 1773 dicitur
1290 1719 1684 1793 Lubringouva,
1737 1724 1789 1779 in
1820 1726 1979 1780 tertio

2092 713 2160 765 ad
2192 713 2590 779 possedendum
2629 732 2643 768 :
2679 728 2962 785 propterea
2996 722 3132 774 hanc
3173 724 3565 778 auctoritatem
3612 741 3705 777 no-

2091 815 2259 857 stram
2310 807 2658 862 conscribere
2704 807 3005 879 iussimus,
3055 826 3149 878 per
3193 829 3355 884 quam
3382 816 3707 880 specialiter

2089 895 2436 951 decernimus
2470 898 2827 954 ordinandum
2879 911 2936 954 ut
2967 903 3145 956 nullus
3174 904 3431 973 quislibet
3461 905 3537 959 de
3571 908 3702 959 tide-

2091 988 2231 1041 libus
2274 998 2366 1042 aut
2433 990 2837 1046 successorilms
2881 993 3085 1047 nostris
3136 994 3382 1061 predicto
3437 995 3705 1049 Baovnllo

2087 1079 2288 1133 abbate
2325 1081 2407 1135 vel
2444 1082 2853 1137 successoribus
2890 1085 3003 1137 suis
3035 1084 3104 1139 de
3133 1086 3245 1153 jam
3279 1088 3426 1141 dicto
3460 1088 3585 1142 loco
3615 1088 3705 1141 in-

2086 1172 2351 1240 quietare,
2376 1182 2469 1226 aut
2494 1183 2681 1228 contra
2706 1176 2946 1230 rationes
2974 1176 3232 1232 ordinare
3253 1178 3339 1233 vel
3367 1180 3700 1234 calumniam

2085 1276 2351 1332 generare
2399 1278 2504 1317 non
2539 1273 2847 1333 presumat,
2900 1266 2993 1321 sed
3024 1268 3227 1323 nostris
3258 1269 3459 1326 futuris
3493 1279 3699 1340 tempo-

2085 1360 2237 1416 ribus
2293 1362 2359 1415 ad
2413 1362 2530 1434 ipsa
2585 1378 2706 1419 casa
2757 1362 2852 1419 Dei
2903 1363 3295 1435 perpetualiter
3346 1363 3603 1433 proﬁciat
3648 1364 3697 1417 in

2086 1453 2429 1521 augmentis,
2446 1463 2503 1509 et
2542 1463 2602 1508 ut
2624 1453 2726 1510 hac
2756 1453 3053 1510 auctoritas
3079 1454 3292 1509 ﬁrmior
3317 1456 3573 1509 sitmanu
3598 1470 3696 1509 no-

2086 1551 2200 1596 stra
2232 1543 2425 1599 subter
2450 1542 2787 1602 ﬁrmavimus
2813 1545 2965 1602 etde
3013 1546 3176 1602 anulo
3220 1556 3411 1603 nostro
3454 1544 3699 1617 sigillare

2077 1629 2372 1702 iussimus.

2158 1733 2186 1772 δ
2213 1727 2434 1797 Signum
2464 1729 2644 1784 Caroli
2683 1730 3057 1802 gloriosissimi
3086 1731 3249 1803 regis.
3269 1732 3609 1813 Widnlaious
3629 1732 3693 1785 ad

380 1815 511 1857 vero
553 1803 675 1859 loco
719 1807 809 1876 qni
857 1806 1055 1863 dicitur
1093 1809 1429 1867 Nuvenheim
1473 1814 1729 1884 quidquid
1775 1817 1976 1873 ibidem
2014 1813 2058 1873 Β
2087 1817 2258 1874 vicem
2289 1818 2525 1877 Radonis
2554 1823 2862 1894 recognovi.

381 1894 651 1962 prodictus
680 1896 935 1954 Ottok’art
963 1899 1154 1956 habuit
1183 1912 1292 1957 tam
1326 1906 1514 1972 terris,
1543 1908 1687 1976 agris
1706 1922 1864 1977 quam
1898 1910 1977 1962 vi-

382 1984 499 2040 neis
527 1996 583 2040 et
612 1987 786 2042 hortis
830 1990 986 2043 cultis
1014 1982 1338 2059 et‘incultis;
1386 1996 1439 2048 in
1482 2007 1675 2065 quarto
1697 2012 1824 2053 vero
1850 1998 1974 2054 loco

382 2078 634 2134 videlicet
676 2080 728 2134 in
780 2079 1140 2137 Cunainheim
1178 2082 1323 2139 sicut
1370 2086 1568 2142 ibidem
1599 2088 1886 2157 praedictus
1916 2094 1976 2145 ll-

379 2169 519 2224 dt-lis
546 2181 734 2227 noster
760 2172 904 2227 visus
934 2182 1018 2230 est
1049 2174 1305 2231 habuisse
1341 2186 1397 2234 et
1426 2191 1589 2248 super
1618 2181 1834 2237 ﬂuvium
1868 2183 1976 2237 No-

380 2262 509 2315 ralia
557 2271 765 2333 pratum
798 2281 1002 2321 ’unum.
1048 2266 1174 2324 Haec
1202 2284 1334 2338 ergo
1371 2272 1548 2326 omnia
1580 2289 1741 2341 supra
1768 2290 1974 2332 memo-

380 2366 495 2409 rata
526 2355 593 2409 ad
624 2342 868 2413 sanctum
922 2358 1178 2417 Fultense
1218 2368 1605 2421 monasterium
1657 2368 1711 2423 in
1762 2370 1969 2427 honore

384 2447 558 2502 sancti
587 2447 851 2506 Donifacii
872 2448 1111 2508 martiris
1131 2454 1395 2512 donamus
1417 2468 1577 2529 atque
1605 2462 1973 2520 contradimus

322 2611 327 2623 ι
374 2550 429 2592 et
461 2539 513 2593 in
546 2554 864 2610 perpetuum
903 2543 1168 2601 indultum
1213 2562 1338 2604 esse
1381 2550 1629 2607 volumus
1667 2562 1724 2607 ut
1772 2555 1970 2613 ibidem

375 2630 604 2688 Domino
629 2650 902 2693 annuente
931 2641 1137 2697 nostris
1176 2651 1232 2699 et
1270 2642 1465 2699 futuris
1494 2647 1843 2716 temporibus,
1870 2650 1972 2704 ira-

374 2724 546 2783 tribus
572 2726 686 2782 Deo
708 2730 1075 2787 servientibus
1104 2734 1349 2804 proﬁciat
1379 2738 1430 2791 in
1456 2739 1756 2795 aucmentis
1783 2782 1799 2808 ,
1831 2757 1966 2811 qua-

374 2824 536 2871 tenus
561 2818 794 2875 delectet
827 2822 997 2889 ipsam
1021 2826 1493 2897 congregationem
1524 2847 1620 2900 pro
1646 2833 1803 2887 nobis
1825 2850 1961 2889 uso-

371 2919 540 2974 reque
584 2924 769 2967 nostra
812 2928 879 2969 ac
925 2916 1079 2987 prole
1108 2917 1202 2973 Dei
1240 2919 1667 2978 misericordiam
1700 2928 1966 2984 attentius

372 3011 621 3065 exorare,
654 3011 709 3057 et
738 3013 795 3057 ut
824 3003 941 3061 haec
993 3007 1208 3063 traditio
1248 3011 1454 3067 ﬁrmior
1490 3014 1749 3073 habeatur
1789 3030 1844 3075 et
1869 3036 1968 3090 per

366 3090 543 3145 futura
599 3100 843 3162 tempora
895 3096 1090 3153 melius
1152 3115 1525 3171 conservetur,
1570 3108 1708 3164 hanc
1764 3123 1963 3165 nostra:

2161 1912 2294 1967 Data
2327 1914 2377 1967 in
2413 1929 2601 1970 mense
2645 1915 2952 1984 Decembri,
2995 1931 3141 1971 anno
3168 1924 3362 1986 quarto
3391 1914 3612 1969 decimo
3638 1923 3691 1968 et

2087 2015 2282 2065 oetavo
2310 2003 2458 2079 regni
2490 2014 2677 2066 nostri.

2153 2100 2348 2154 Actum
2380 2098 2661 2173 Carisiago
2694 2102 2916 2172 palatio.

2811 2216 2949 2271 XVI.

2080 2326 2256 2381 Caroli
2285 2325 2468 2398 Magni
2493 2329 2710 2402 donatio
2726 2331 2988 2385 variarum
3019 2331 3332 2400 pra'diorum
3362 2332 3502 2402 facta
3526 2332 3679 2385 abba-

2506 2402 2591 2454 tia:
2626 2401 2919 2455 Prnntiensi
2950 2404 3108 2472 (anno
3135 2402 3287 2471 790).

2359 2510 2463 2575 (Ex
2488 2510 2774 2574 Hontheim,
2801 2513 3015 2565 Historia
3037 2512 3399 2576 Trevirensis.)

2146 2614 2373 2671 Carolus
2410 2616 2580 2687 gratia
2634 2618 2725 2674 Dei
2783 2634 2875 2675 rex
2919 2619 3250 2675 Francorum
3278 2630 3335 2675 et
3362 2612 3673 2690 Longobal‘o

2072 2707 2262 2761 dorum
2330 2719 2385 2762 et
2428 2710 2684 2777 patricius
2734 2710 3118 2766 Romanorum.
3189 2712 3457 2781 Quidquid
3529 2716 3667 2767 enim

2075 2797 2208 2853 locis
2250 2808 2560 2854 sanctorum
2613 2802 3002 2857 vcnerabilium
3037 2805 3107 2858 ob
3141 2818 3380 2857 amorem
3425 2804 3662 2873 Domini,

2074 2891 2155 2943 vel
2195 2892 2606 2959 opportunitate
2631 2907 2912 2948 servorum
2945 2894 3070 2962 Dei,
3110 2896 3366 2951 lieneVola
3396 2897 3666 2951 delibera-

2073 2982 2222 3038 tione
2248 2984 2527 3052 cedimus,
2568 2985 2651 3039 vel
2680 2974 3082 3051 condonamus,
3118 2990 3219 3043 hoc
3252 2989 3406 3042 nobis
3436 2989 3503 3042 ad
3535 3005 3669 3044 mer-

2069 3075 2220 3128 Ccdis
2270 3088 2651 3145 augmentum,
2707 3079 2790 3133 vel
2838 3079 3188 3136 stabilitatem
3231 3081 3380 3151 regni
3424 3082 3588 3135 nostri
3617 3081 3669 3135 In

367 3186 747 3254 praeceptionis
789 3198 842 3244 et
894 3192 1237 3248 auctoritatis
1281 3206 1484 3249 cartam
1511 3166 1655 3254 inde
1694 3202 1960 3257 conscribi
1989 3180 2035 3242 ί)
2079 3166 2171 3221 Dei
2203 3168 2417 3222 nomine
2448 3169 2721 3237 pertinere
2748 3171 3092 3226 cnmidmms'

361 3274 624 3346 iussimus
648 3287 704 3333 et
730 3281 873 3335 anuli
899 3284 1067 3338 nostri
1100 3284 1452 3352 impressione
1483 3288 1764 3359 insignari.

436 3367 659 3440 Signum
709 3371 888 3429 Caroli
935 3376 1310 3445 gloriosissimi
1366 3382 1533 3451 regis.
1584 3393 1611 3421 ι
1660 3384 1967 3456 Egilbcrtus

362 3465 727 3520 cancellarius
756 3467 1069 3537 recognovi.

431 3553 565 3610 Data
588 3555 665 3615 Id.
707 3557 971 3617 Novemb.

1089 3654 1206 3713 XV.

358 3760 683 3844 Pmcptunt
720 3764 899 3822 Caroli
935 3768 1119 3844 Magni
1156 3773 1295 3844 regis
1323 3788 1428 3844 quo
1448 3774 1679 3831 ecclesia
1706 3774 1963 3836 Fuldeust

500 3838 660 3890 donat
685 3853 929 3906 campum
956 3838 1153 3895 dictum
1176 3838 1448 3916 Hunc'fcld
1472 3846 1631 3917 (anno
1659 3849 1813 3920 761).

681 3949 778 4010 (Ex
802 3950 1091 4013 Sebannat.,
1118 3953 1248 4005 Hist.
1276 3958 1432 4019 episc.
1451 3956 1619 4022 Fuid.)

433 4052 662 4110 Carolus
707 4055 879 4126 gratia
926 4056 1020 4113 Dei
1068 4057 1534 4116 reanrancorom
1575 4071 1634 4116 et
1658 4060 1963 4134 Langobar-

354 4146 549 4202 dorum
592 4162 660 4203 ac
708 4148 967 4219 patricius
1037 4148 1429 4210 Romanorum.
1491 4153 1756 4226 Quidquid
1814 4159 1957 4213 enim

356 4238 492 4295 locis
537 4240 943 4302 venerabilibus
987 4242 1061 4299 ob
1094 4257 1284 4301 amore
1329 4245 1543 4302 Domini
1568 4255 1622 4301 et
1645 4250 1962 4318 opportuni-

360 4338 472 4385 tate
493 4347 776 4388 servorum
799 4332 892 4391 Dei
916 4332 1163 4391 benivola
1190 4336 1579 4395 deliberatione
1600 4342 1954 4397 concedimus

359 4422 462 4477 hoc
514 4422 677 4478 nobis
720 4425 910 4493 procul
955 4426 1121 4484 dubio
1161 4428 1231 4482 ad
1277 4436 1527 4485 sternam
1563 4430 1953 4489 beatitudinem

355 4514 442 4568 vel
476 4516 776 4571 remedium
805 4517 987 4574 anime
1037 4530 1227 4576 nostro
1272 4523 1540 4591 pertinere
1582 4525 1945 4582 conﬁdimus:
1980 4553 2032 4614 ι)

354 4610 518 4680 igitur
573 4621 911 4681 compertum
962 4613 1036 4669 sit
1078 4615 1318 4670 omnium
1371 4617 1609 4673 ﬁdelium
1639 4632 1945 4677 nostrorum

354 4703 714 4773 magnitudini
754 4704 991 4773 qualiter
1007 4705 1274 4762 dunamus
1303 4708 1369 4763 ad
1401 4713 1789 4767 monasterium
1820 4729 1949 4769 san-

355 4791 431 4848 cti
479 4793 833 4863 Salvatoris;
861 4796 1007 4869 quod
1066 4806 1154 4853 est
1191 4812 1563 4859 constructum
1612 4804 1747 4861 inira
1792 4806 1948 4863 Vasta

355 4883 623 4941 Bochouia
674 4900 840 4958 super
890 4890 1109 4947 ﬁuvium
1163 4892 1329 4965 Fulda
1380 4895 1473 4951 ubi
1513 4906 1715 4969 corpus
1772 4898 1950 4956 sancti

427 5064 453 5093 ι
482 5053 1021 5135 _ll_uiic__ilgilbertum
1057 5060 1320 5135 eumdem
1368 5070 1669 5135 putowcum
1715 5078 1804 5129 eo,
1858 5064 1949 5135 qui

355 5123 497 5193 apud
526 5123 800 5206 nanum.
830 5128 1010 5206 detis
1036 5129 1168 5206 dipl.
1204 5146 1286 5197 vt,
1317 5123 1466 5187 num.
1494 5133 1600 5206 53,
1635 5123 1949 5206 recognovit

398 5206 687 5320 rpacgp't‘pm
709 5195 887 5253 Caroli
910 5195 1292 5271 Magni'datum
1319 5219 1461 5259 anno
1493 5195 1617 5271 778,
1646 5195 1949 5277 diciturque

398 5283 420 5318 .i
535 5284 557 5317 r
624 5282 669 5320 s.

406 5276 669 5321 ittbertus.

429 5334 455 5374 δ
500 5338 573 5410 ξὶι
610 5342 710 5393 hoc
733 5340 1067 5410 autographa
1096 5343 1335 5410 sigillum
1362 5345 1608 5401 avulsum
1640 5356 1745 5403 est.

429 5411 455 5489 ἦ
494 5405 561 5461 In
587 5405 1098 5489 fuganam-upon“
1128 5405 1468 5487 Eongonahc,
1506 5428 1556 5471 et
1592 5420 1644 5472 in
1673 5436 1832 5489 pajo,
1859 5421 1947 5480 qui

430 5426 453 5439 υ
494 5426 561 5461 In
577 5426 743 5532 [fago
770 5426 1098 5482 nuncupant:
1128 5426 1468 5487 Longonahc,
1506 5428 1556 5471 et
1592 5426 1644 5472 in
1673 5436 1832 5489 pajo,
1859 5426 1946 5480 qui

353 5479 552 5559 dicitur_
631 5482 849 5559 εωζὶώὶ
878 5524 893 5549 ,
942 5496 989 5540 et
1027 5487 1081 5539 in
1116 5489 1464 5559 Angrisgowe.
1520 5490 1642 5559 Pagi
1676 5490 1728 5545 hi
1756 5504 1946 5547 Omnes

357 5552 729 5629 transrhenaui
781 5566 907 5609 sunt
952 5575 963 5609 :
1016 5552 1349 5629 Angrisgome
1400 5560 1540 5613 inter
1596 5552 1841 5615 Rhenum
1893 5573 1945 5616 et

354 5622 589 5697 S_iginam
614 5624 781 5697 situs,
820 5642 883 5679 ex
923 5622 1146 5682 adversa
1182 5622 1330 5697 parte
1360 5631 1682 5695 Andernacu,
1714 5634 1802 5685 ubi
1847 5634 1945 5685 Itu-

353 5691 441 5771 die
488 5694 771 5748 Comitatus
796 5766 811 5771 _
836 5698 1130 5771 seyuensis
1155 5691 1194 5763 ς’
1218 5700 1493 5771 Lagona/te
1529 5691 1680 5757 circa
1722 5703 1941 5757 ﬂuvium

356 5763 625 5841 Lnganain
659 5780 752 5818 seu
795 5763 1030 5841 Latinam
1076 5772 1182 5826 late
1223 5763 1541 5841 protensus;
1576 5774 1821 5828 Εἱηνὶείκ
1851 5777 1940 5841 (Ιυί

355 5846 409 5889 et
441 5851 560 5902 pars
604 5836 932 5907 Loganensis
970 5842 1130 5911 pagi,
1193 5836 1315 5899 eum
1366 5836 1593 5904 tractum
1642 5836 1936 5913 occupans,

2148 3259 2321 3329 Igitur
2352 3273 2539 3315 notum
2573 3263 2643 3315 sit
2676 3264 2914 3317 omnium
2951 3266 3183 3319 iidelinm
3217 3276 3529 3321 nostrorum
3561 3282 3669 3318 ma-

2074 3351 2365 3422 gnitudini,
2395 3354 2739 3421 praesentium
2766 3357 2967 3411 scilicet
2999 3368 3054 3411 et
3088 3357 3415 3425 futurorum,
3448 3359 3669 3428 qualiter

2072 3456 2172 3495 nos
2223 3456 2323 3511 pro
2374 3442 2557 3497 divino
2610 3446 2837 3509 intuitu,
2890 3457 2944 3501 et
2988 3458 3187 3503 aeterna
3234 3434 3668 3506 reniuneratinno

2070 3533 2336 3590 donamus
2364 3536 2433 3590 ad
2461 3540 2848 3593 monasterium
2874 3540 3085 3595 Domini
3105 3552 3159 3597 et
3177 3541 3478 3598 Salvatoris
3505 3544 3665 3599 nostri

1998 3650 2008 3663 ι
2069 3625 2199 3682 Jcsu
2228 3628 2454 3696 Christi,
2488 3631 2628 3701 quod
2664 3632 2799 3685 bona
2827 3636 3082 3688 memoria
3110 3634 3344 3692 domnus
3371 3651 3435 3691 ac
3461 3640 3666 3707 genitor

2068 3727 2258 3775 noster
2312 3721 2535 3790 Pipinus
2582 3726 2852 3791 quondam
2897 3740 3014 3790 rex,
3062 3741 3163 3783 nec
3212 3741 3319 3782 non
3349 3727 3547 3783 domna
3605 3742 3664 3785 ac

2040 3814 2312 3884 genetrix
2342 3825 2528 3871 nostra
2560 3816 2853 3873 Berterada
2878 3823 3062 3889 regina
3102 3834 3250 3876 novo
3281 3836 3447 3892 opere
3492 3838 3523 3876 a
3552 3823 3664 3878 iun-

2065 3906 2357 3973 damentis,
2386 3923 2484 3979 pro
2509 3912 2683 3965 futura
2716 3911 2910 3977 salute,
2935 3911 2988 3968 in
3015 3914 3154 3979 loco,
3182 3914 3270 3987 qui
3291 3917 3494 3972 dicitur
3526 3916 3656 3973 Prn-

2065 4003 2199 4070 Inia,
2230 4003 2330 4057 visi
2361 4013 2487 4060 sunt
2535 4008 2938 4072 construxisse,
2983 4010 3072 4065 ubi
3100 4012 3412 4083 praestlvir
3434 4028 3660 4067 venera-

2066 4098 2192 4154 bilis
2222 4098 2481 4154 Asoarius
2510 4101 2645 4155 abba
2664 4142 2681 4167 ,
2709 4102 3073 4171 donatumque
3100 4107 3166 4158 ad
3198 4107 3386 4162 eadem
3416 4118 3655 4163 sanctum

2064 4189 2245 4246 locum
2277 4191 2332 4246 in
2378 4200 2698 4264 perpetuum
2728 4210 2853 4251 esse
2902 4197 3145 4252 volumus
3180 4214 3266 4252 res
3303 4201 3510 4267 aliquas
3539 4216 3657 4270 pm-

2066 4282 2315 4351 prietatis
2342 4292 2543 4338 nostra
2562 4322 2581 4351 ,
2625 4286 2650 4316 °
2682 4285 2735 4339 in
2774 4300 2911 4355 pago
2941 4297 3283 4358 nuncupante
3312 4288 3653 4359 Longunahe,

2062 4381 2119 4428 et
2144 4371 2198 4427 in
2224 4389 2383 4443 pago,
2424 4375 2515 4444 qui
2559 4376 2756 4431 dicitur
2784 4377 3090 4445 Heinricbi,
3116 4389 3174 4435 et
3200 4381 3254 4435 in
3281 4380 3650 4451 Angrisgowe,

2063 4480 2200 4535 quas
2230 4465 2536 4521 antedictos
2566 4467 2702 4521 abba
2728 4512 2741 4535 ,
2775 4480 2832 4523 et
2856 4469 3105 4525 Ahardus
3134 4474 3285 4527 missi
3315 4483 3486 4528 nostri
3515 4483 3652 4542 pisto

2058 4552 2273 4611 tramite
2301 4559 2597 4620 secundum
2630 4558 2799 4627 legem
2838 4561 2891 4614 in
2922 4577 3083 4617 causa
3117 4574 3298 4618 nostra
3321 4606 3336 4629 ,
3366 4579 3533 4636 super
3559 4562 3649 4619 lto-

2065 4648 2266 4703 minem
2291 4648 2523 4718 aliquem
2569 4650 2788 4706 nomine
2811 4653 3072 4722 Alpadum
3104 4654 3486 4721 acquisissent.
3512 4654 3537 4693 ει
3563 4672 3649 4723 por

2059 4739 2176 4794 loca
2226 4742 2572 4795 denominata
2612 4736 2907 4812 Nasongae,
2944 4745 2995 4798 in
3028 4746 3367 4816 Squalbach,
3394 4758 3451 4802 et
3479 4746 3646 4801 Haon-

2055 4842 2194 4898 stat,
2246 4833 2298 4888 in
2324 4832 2699 4902 Caldenbach,
2731 4846 2788 4891 et
2820 4837 2870 4891 in
2898 4839 3242 4906 Boumhaini,
3275 4840 3515 4910 atquein
3546 4841 3644 4896 Ta-

2061 4925 2439 4991 bern:e,'nec
2490 4942 2595 4981 non
2647 4928 2701 4982 in
2759 4928 3039 5001 lleringae,
3090 4930 3204 4987 sive
3228 4933 3646 4999 Aeinlrienm,et

2054 5092 2215 5148 quem
2246 5078 2420 5160 modo
2459 5090 2643 5160 tenent
2684 5080 2948 5160 Nassovii
2985 5085 3499 5160 Dillenburgenses,
3530 5089 3641 5144 D;e-

2054 5165 2267 5213 zenses,
2299 5149 2818 5213 Carimelibocenses
2847 5164 2901 5207 et
2935 5149 3307 5214 ltsteinensesv.

2126 5221 2151 5256 ι¹
2197 5219 2298 5274 Pcr
2326 5224 2437 5275 loca
2466 5224 2794 5277 denominata
2829 5226 3115 5294 Nasongar,
3131 5239 3233 5283 etc.
3286 5229 3362 5285 Ex
3404 5233 3533 5286 locis
3564 5232 3641 5283 hic

2054 5293 2345 5366 notiiiuatis
2391 5302 2537 5366 nuta,
2570 5303 2696 5348 sunt
2749 5296 3023 5366 NaSsunga
3054 5339 3070 5357 ,
3104 5293 3293 5356 hodie
3342 5301 3529 5356 Naﬁau
3578 5302 3637 5354 ad

2053 5362 2314 5417 Lahnam.
2382 5364 2684 5433 Squalbach
2755 5383 2850 5421 seu
2909 5362 3261 5425 Schwalbaeh
3308 5374 3378 5425 ab
3427 5373 3641 5428 acidulis

2054 5436 2392 5515 notissimum
2418 5435 2926 5515 ,_llering_a_e.,._alias
2960 5440 3226 5510 lleigrebe
3257 5459 3399 5499 nunc
3441 5445 3640 5515 llayger

2052 5521 2213 5579 supra
2261 5505 2604 5579 @lleriburg;
2658 5505 2878 5565 Willare
2902 5550 2914 5566 .
2947 5505 3087 5579 quod
3134 5516 3298 5568 etiam
3329 5505 3637 5569 occari-irin

2059 5576 2243 5650 chaita
2276 5575 2565 5650 Waltradze
2595 5579 2666 5650 de
2692 5595 2832 5632 anno
2864 5575 3001 5644 8:”,
3034 5585 3086 5637 in
3118 5586 3280 5650 (Iorp.
3318 5584 3507 5639 Tradit
3535 5584 3639 5638 Fol.

2050 5648 2174 5699 den.
2209 5662 2261 5715 p.
2298 5647 2420 5711 154,
2448 5648 2627 5702 forsan
2655 5649 2793 5704 Weil
2825 5654 2890 5705 ad
2926 5652 3198 5709 ﬂuviulinu
3228 5647 3485 5711 Wilttiatn
3512 5658 3634 5709 infla

2052 5717 2462 5789 lieilenbergam
2492 5760 2507 5787 ,
2562 5721 2851 5789 Larheun,
2913 5725 3051 5780 inter
3098 5725 3544 5784 Catimelibocum
3590 5735 3637 5780 et

2049 5788 2307 5843 Dieziam.
