3856 6220
164 300 287 356 1063
377 296 604 354 coosx
651 253 1170 349 niptdimtcos.
1210 318 1283 330 —
1321 280 1727 342 PRIVILEGIA.

1848 311 1850 320 ι
1892 282 1975 336 Ill.
2023 283 2264 338 rntvIL.
2313 248 2442 336 erati
2486 281 2756 338 PARTES
2795 283 3204 340 (LERllANL-E.
3304 281 3438 338 ass

161 419 340 472 \‘illare
365 454 379 478 ,
441 428 532 467 seu
589 412 637 464 iu
682 408 973 464 Theodissa
995 448 1008 470 ,
1053 406 1135 459 vel
1186 406 1237 458 in
1294 399 1728 462 Ahotliissclieid,
1763 399 1808 456 Α
1838 397 2134 454 Salvatoris
2167 400 2299 455 infra
2335 401 2561 455 waldam
2593 413 2863 468 nostram,
2897 403 2951 458 in
2979 405 3096 459 loco
3125 406 3214 472 qui
3244 408 3441 461 dicitur

160 522 303 577 atque
333 506 610 562 Larlieim;
655 514 705 557 et
738 517 899 570 super
934 501 1167 555 llrenum
1200 494 1496 570 [Rhenum]
1533 493 1724 562 pottin-

157 615 299 662 nem,
347 599 486 650 sicut
527 596 880 663 suprascripti
934 593 1079 646 missi
1129 591 1296 644 nostri
1354 599 1501 641 recto
1542 586 1734 638 ordine

131 703 297 756 super
335 688 442 754 jam
494 687 699 738 dictum
750 683 1009 752 Alpztdum
1052 681 1115 734 ad
1163 695 1296 750 opus
1349 688 1587 732 nostrum
1635 676 1730 729 visi

151 791 261 837 sunt
303 780 661 843 evindicasse,
688 787 792 828 tam
829 776 1018 838 terris,
1050 774 1316 835 domibus,
1350 770 1611 832 mdifieiis,
1646 782 1732 820 ac—

151 875 358 930 colabus
383 917 397 940 ,
445 871 728 938 mancipiis
753 911 769 934 ,
803 865 971 921 vineis
1001 907 1015 929 ,
1064 865 1288 933 campis,
1327 863 1505 923 silvis,
1543 860 1729 928 pratis,

152 966 366 1036 pascuis,
416 964 592 1032 aquis,
646 974 975 1030 aquarumve
1023 956 1361 1018 deeur..~ibus,
1413 953 1644 1038 mobile,
1679 961 1732 1002 et

152 1057 409 1116 inmobile
439 1066 609 1110 totum
632 1096 646 1118 ,
682 1066 733 1106 et
765 1053 828 1104 ad
863 1053 1166 1119 integrum,
1198 1049 1262 1100 ad
1296 1046 1573 1116 prmfatum
1609 1059 1725 1098 mo-

151 1153 426 1210 nasterium
460 1151 512 1204 in
541 1150 887 1215 eleemosyua
918 1153 1096 1197 nostra
1119 1144 1238 1210 jure
1271 1140 1577 1193 firmissimo
1611 1152 1732 1206 per-

151 1244 312 1314 petuis
365 1217 703 1309 temporibus
765 1238 831 1289 ad
901 1233 1279 1301 possidendum
1332 1229 1725 1285 concessimus.

147 1340 466 1406 Quapropter
535 1347 629 1400 per
697 1337 1017 1398 prmsentem
1069 1327 1439 1379 auctoritatem
1491 1330 1727 1376 nostram

146 1429 489 1490 decernimus,
519 1439 578 1476 ae
604 1424 887 1492 jubemus,
929 1418 1066 1488 quod
1101 1416 1477 1486 perpetualitcr
1508 1429 1728 1467 mansu-

146 1535 252 1575 rum
297 1532 416 1572 esse
464 1518 715 1570 volumus
742 1553 757 1579 ,
799 1523 853 1566 ut
906 1522 1234 1566 memoratus
1281 1509 1359 1563 vir
1402 1506 1722 1561 venerabilis

148 1611 394 1668 Asoarius
445 1609 584 1662 abba
631 1607 823 1674 suique
852 1617 1196 1664 successores
1223 1641 1237 1665 ,
1280 1600 1369 1669 qui
1406 1598 1602 1652 fuerint
1635 1607 1728 1666 per

146 1715 377 1770 tempora
431 1709 672 1754 rectores
721 1697 1029 1751 monasterii
1073 1694 1242 1748 sancti
1296 1691 1605 1754 Salvatmis,
1638 1703 1724 1742 su-

1844 491 2132 554 Cltremifa,
2169 495 2217 546 in
2265 509 2398 563 pago
2424 504 2735 563 nuncupata
2762 495 3080 564 Traungzev,
3112 514 3252 552 novo
3277 515 3444 568 opere

1841 579 2154 641 cuttsttuere
2193 576 2430 652 fecisset,
2477 598 2636 651 athe
2685 606 2778 656 per
2808 595 3102 645 chartulam
3131 593 3439 647 donationis

1841 679 1954 731 loca
1985 681 2160 747 aliqua
2191 682 2255 733 ad
2303 683 2472 749 ipsum
2504 695 2747 736 sanctum
2781 684 2954 738 locum
2983 690 3346 756 concessisset
3383 689 3436 742 in

1838 772 2146 836 supradicto
2179 789 2330 841 pago,
2358 777 2436 825 vel
2468 776 2600 826 infra
2632 788 2982 831 memoratam
3008 781 3258 844 tvaldmzi,
3283 785 3439 838 idest

1837 861 2122 928 Sulzpaclt,
2157 873 2206 916 et
2239 867 2504 935 Sypi-aclt,
2540 867 2929 936 Liuhilinpaclt,
2975 882 3029 924 et
3068 875 3321 943 quidquid
3353 876 3438 928 isi-

1839 965 1917 1006 lt‘l‘
1947 957 2052 1007 duo
2093 957 2336 1020 flumina,
2378 975 2495 1026 qtm
2542 970 2803 1015 vocantur
2847 964 2986 1032 lpfm,
3021 981 3141 1020 CSse
3169 969 3440 1028 cernitur;

1839 1063 1937 1098 nor.
1969 1063 2071 1100 non
2105 1050 2380 1102 dCCanium
2427 1067 2585 1103 unam
2617 1055 2680 1103 de
2713 1053 2817 1105 illis
2847 1056 3074 1120 sclavis,
3106 1073 3269 1122 super
3305 1075 3444 1126 th-ts
3488 1059 3490 1061 ’

1838 1137 2044 1192 fuerunt
2093 1150 2302 1194 actores
2333 1142 2523 1197 Talith
2567 1154 2624 1199 et
2667 1147 2934 1214 Sparttna,
2986 1165 3084 1202 nec
3131 1168 3236 1204 non
3285 1167 3444 1206 secus

1838 1231 2056 1283 lluvium
2089 1233 2174 1299 qui
2205 1233 2403 1286 dicitur
2434 1236 2698 1301 'l‘odiclia,
2732 1239 2943 1310 triginta
2978 1243 3211 1306 sclavns,
3251 1255 3306 1298 et
3333 1253 3443 1298 ter-

1838 1323 2106 1391 ritorium,
2159 1327 2296 1379 sient
2337 1327 2402 1380 ad
2452 1333 2810 1394 supradictam
2854 1335 3132 1386 decaniam
3180 1339 3440 1402 pertinet.

1835 1412 1997 1467 veluti
2052 1415 2257 1484 l’ltysso
2310 1419 2632 1486 conjutavit,
2687 1432 2737 1474 ct
2793 1427 2936 1476 Arno
2986 1426 3292 1495 episeopus,
3344 1444 3442 1483 seu

1839 1506 1995 1560 Fater
2021 1509 2184 1562 abbas
2214 1511 2370 1563 simul
2401 1528 2519 1565 eum
2554 1514 2788 1566 ilcodr.»
2811 1519 3006 1572 comite
3028 1533 3076 1573 e:
3104 1521 3437 1576 Clutuibcrto

1829 1597 2010 1664 judice
2058 1601 2405 1665 circuierunt,
2453 1605 2672 1672 insu,er
2717 1609 2876 1662 etiam
2933 1620 3126 1664 terram
3176 1616 3320 1669 illam
3369 1618 3440 1671 ad

1838 1690 2128 1742 'I'odicltam
2162 1701 2215 1744 et
2245 1692 2574 1756 Sirnitrltam,
2607 1713 2765 1764 quam
2799 1699 2871 1752 illi
2903 1704 3036 1754 slavi
3077 1707 3196 1758 sine
3225 1707 3440 1761 licentia

147 1793 450 1865 prascriptis
492 1793 652 1846 rebus
692 1806 813 1846 cum
854 1789 997 1842 omni
1039 1787 1378 1856 integritate,
1408 1785 1544 1837 sicut
1568 1797 1727 1851 supra
1764 1784 1810 1842 Β
1838 1779 2171 1835 Tlmsilonis
2217 1783 2371 1838 ducis
2422 1787 2808 1854 stirpavermt.
2853 1791 3115 1847 Similiter
3155 1807 3208 1848 υι
3249 1798 3300 1850 in
3334 1799 3443 1851 alio

147 1889 582 1948 inemoravimus,
620 1885 684 1938 ad
722 1893 928 1954 partem
962 1870 1130 1950 ipsius
1159 1879 1329 1933 sancti
1365 1877 1464 1930 loci
1508 1874 1727 1938 nostris,

152 1981 253 2036 Deo
282 1979 552 2046 haospice,
588 1976 888 2043 futurisque
922 1971 1252 2040 temporibus
1279 1977 1526 2034 teneant,
1569 1977 1734 2037 atque

145 2071 491 2141 possideant;
523 2079 575 2123 et
607 2069 781 2140 nullus
812 2063 1064 2134 quislibet
1093 2063 1158 2117 de
1186 2060 1454 2128 fidelibus,
1482 2069 1573 2112 aut
1607 2073 1730 2112 suc-

145 2167 443 2221 ct'ssoribus
490 2161 638 2232 regni
687 2159 898 2227 nostri,
929 2167 1148 2230 agentes
1184 2158 1351 2224 ipsitts
1394 2153 1730 2214 monasterii,

145 2255 208 2310 de
250 2254 573 2324 praescriptis
615 2255 774 2306 rebus
813 2251 1044 2319 aliquam
1087 2248 1408 2302 calumniam
1451 2259 1730 2314 generare,

143 2357 231 2402 aut
276 2343 746 2400 diminorationem
813 2341 993 2396 facere
1045 2341 1154 2394 ullo
1207 2353 1441 2407 unquam
1491 2347 1734 2402 tempore.

140 2448 532 2512 prmsumatur:
582 2435 674 2488 sed
728 2444 784 2486 ut
839 2433 1030 2488 melius
1084 2431 1316 2487 deleCtet
1355 2429 1500 2496 ipsos
1542 2442 1734 2481 servos

142 2536 230 2590 Dei
259 2551 275 2596 ς
321 2534 406 2603 qui
441 2530 639 2586 ibidem
676 2531 784 2585 Deo
822 2528 1083 2583 famulare
1111 2525 1384 2587 videntur,
1418 2539 1513 2592 pro
1555 2522 1730 2588 nobis,

139 2625 453 2694 uxorisque,
479 2638 540 2676 ac
574 2621 783 2687 liberis,
813 2634 906 2674 seu
933 2635 1030 2689 pro
1059 2616 1348 2671 stabilitate
1380 2613 1528 2683 regni
1563 2613 1732 2665 nostri

139 2718 391 2771 attentius
433 2715 645 2770 Domini
689 2712 1110 2767 misericordiam
1146 2722 1379 2764 exorare
1415 2724 1426 2758 :
1464 2707 1562 2759 hoc
1593 2704 1734 2774 quod

138 2823 325 2883 nostro
370 2810 668 2883 largitionis
723 2823 948 2864 munere
1000 2820 1097 2876 pro
1137 2813 1334 2860 (eterna
1379 2800 1736 2856 retributione

136 2908 198 2960 ad
232 2882 583 2974 strpedictum
639 2902 1032 2958 monasterium
1087 2898 1297 2954 Domini
1331 2893 1625 2966 Salvatoris
1654 2892 1737 2947 in-

136 2993 400 3050 dulsimus
450 3009 546 3064 per
585 2993 687 3047 hoc
731 3001 928 3046 nostrae
959 2988 1264 3045 serenitatis
1292 2993 1619 3058 prmceptum
1653 2992 1736 3037 at-

135 3103 238 3157 que
276 3086 707 3140 confirmationis
757 3083 980 3150 donum,
1013 3079 1230 3135 Christo
1278 3078 1532 3149 proiiitio,
1573 3076 1624 3130 in
1651 3075 1736 3128 lu-

1840 1873 1980 1937 loco,
2014 1876 2101 1944 qui
2137 1877 2331 1930 dicitur
2364 1878 2668 1947 Eporestal,
2703 1893 2897 1938 terram
2932 1888 3098 1948 illam,
3130 1907 3250 1954 qua:
3279 1891 3443 1946 simili

1839 1965 1997 2017 modo
2026 1969 2228 2034 absque
2260 1968 2472 2022 licentia
2501 1969 2838 2026 Tltassilonis
2867 1975 2962 2028 fuit
3002 1983 3247 2048 stirpata,
3276 1999 3436 2050 quam

1837 2055 2160 2110 circuierunt
2191 2058 2305 2125 ejus
2341 2059 2488 2114 missi
2530 2060 2792 2127 Saluliho,
2822 2076 2876 2119 et
2905 2067 3137 2134 Wauélo,
3181 2083 3233 2123 et
3264 2072 3439 2126 Guer-

1839 2145 2038 2200 bertus.
2067 2147 2323 2203 llomines
2349 2161 2524 2206 tamen
2553 2153 2606 2205 in
2633 2152 2751 2221 ipso
2778 2156 3055 2224 Eporestal
3085 2175 3246 2228 supra
3272 2167 3438 2231 ipsam

1839 2250 2031 2294 terram
2064 2257 2491 2312 comtnaueutes,
2533 2250 2575 2302 si
2621 2249 2887 2304 voluerint
2911 2254 3019 2319 jam
3050 2254 3209 2309 latam
3238 2267 3438 2312 terram

1838 2340 2021 2404 tenere
2053 2333 2116 2386 ad
2151 2338 2496 2392 serviendqu
2528 2353 2966 2398 commemorata:
3001 2361 3139 2401 casm
3186 2347 3313 2412 Dei,
3359 2360 3445 2406 te-

1838 2435 2026 2490 neant;
2056 2429 2098 2480 si
2129 2445 2254 2482 vero
2284 2431 2568 2495 voluerint,
2593 2433 2743 2489 liberi
2768 2435 3067 2494 discedant.
3102 2442 3434 2497 Ileditctiam

1837 2518 1900 2568 ad
1939 2519 2240 2587 i’etenpacli
2273 2522 2339 2574 de
2382 2522 2470 2576 illa
2519 2529 2737 2580 fontana
2781 2544 2949 2598 usque
2979 2533 3043 2584 ad
3090 2534 3305 2588 ﬂuvium
3347 2539 3442 2606 qui

1837 2610 2035 2664 dicitur
2079 2615 2296 2686 Albina,
2353 2617 2493 2671 sicut
2541 2620 2630 2672 ille
2679 2621 2921 2677 Tltassilu
2967 2629 3336 2696 consignavit,
3384 2642 3442 2685 et

1840 2701 1961 2757 inde
1992 2719 2160 2772 usque
2190 2708 2253 2760 ad
2291 2712 2474 2778 Alpes,
2525 2714 2611 2764 ubi
2642 2713 2721 2766 eis
2751 2724 3020 2782 pasturam
3051 2724 3444 2779 cancesserat‘:

1837 2794 2082 2879 similiter
2110 2810 2163 2854 ct
2196 2793 2372 2864 villam
2411 2816 2771 2872 nuncupatam
2816 2806 3118 2875 Aliuchofa,
3153 2826 3276 2865 cum
3308 2813 3447 2867 inte-

1836 2887 2030 2956 gritate
2059 2905 2162 2944 una
2192 2906 2312 2946 cum
2342 2895 2674 2962 appendieiis
2697 2899 2778 2952 vel
2802 2898 3118 2968 adjacentiis
3143 2905 3274 2969 suis,
3299 2915 3356 2958 et
3374 2907 3445 2960 ad

1839 2981 2072 3037 Albarch
2106 2987 2368 3053 capellam
2417 2989 2469 3041 in
2503 2989 2707 3045 honore
2738 2993 2911 3048 sancti
2944 2995 3153 3050 Martini
3195 3009 3448 3068 constru-

1839 3085 2016 3143 ctam,
2045 3093 2165 3132 cum
2198 3082 2359 3134 rebus
2389 3081 2515 3137 illuc
2549 3085 2963 3161 pertinentibus,
2998 3100 3052 3144 et
3080 3091 3145 3144 ad
3178 3093 3447 3161 Sulzpaclt

137 3145 434 3233 minaiibus
484 3178 652 3248 ipsius
691 3176 966 3239 'ecclesirc,
1018 3189 1110 3230 seu
1158 3172 1424 3241 stipendia
1449 3184 1731 3226 servorum
1759 3145 1810 3211 Ο
1843 3169 2001 3222 aliam
2032 3172 2315 3246 ecclesiam
2346 3189 2466 3228 cum
2499 3160 2750 3232 omnibus
2775 3181 2841 3234 ad
2874 3195 2992 3236 eam
3027 3186 3444 3252 pertinentibus,

136 3270 248 3330 Dei,
285 3268 554 3338 perpetuis
586 3266 922 3335 temporibus
948 3264 1192 3333 proficiat
1223 3264 1273 3318 in
1307 3259 1634 3332 augmentis.

208 3363 276 3416 Et
325 3353 382 3414 ut
433 3361 547 3414 hate
595 3359 894 3413 auctoritas
940 3357 1146 3411 firmior
1187 3355 1469 3419 habeatur,
1524 3353 1604 3408 vel
1642 3365 1736 3423 per

133 3462 403 3522 tempora,
450 3453 678 3506 Domino
739 3451 1058 3515 auxiliante,
1101 3447 1295 3503 melius
1362 3454 1734 3510 conservetur,

139 3559 300 3595 manu
331 3541 1142 3612 propria,subterlirmavimus,
1176 3547 1231 3595 et
1262 3537 1329 3594 de
1358 3538 1519 3592 anulo
1550 3544 1737 3592 nostro

136 3636 364 3705 sigillari
395 3635 678 3704 jnssimus.
739 3635 800 3688 Et
831 3633 973 3703 quod
1006 3647 1167 3702 supra
1201 3632 1449 3686 intimare
1475 3629 1738 3686 debuera-

136 3743 277 3790 nms,
315 3742 533 3780 omnem
577 3728 747 3796 legem
771 3769 783 3790 ,
818 3737 870 3780 et
910 3725 1379 3795 compositionem,
1405 3737 1565 3793 quam
1599 3736 1738 3792 prte-

130 3817 312 3896 dietus
364 3818 532 3886 Alpad
585 3832 681 3886 pro
740 3818 870 3885 ipsis
925 3815 1084 3870 rebus
1137 3815 1348 3870 solvere
1401 3812 1617 3880 debuit,
1671 3812 1736 3867 ad

130 3913 307 3980 ipsum
334 3920 581 3965 sanetum
616 3913 788 3966 locum
827 3909 1265 3979 perdonavirnus.

201 4003 431 4073 Signum
462 4003 634 4059 Caroli
657 4003 875 4072 gloriosi
911 4001 1070 4070 regis.
1122 3989 1430 4052 Ercambolt
1457 3996 1523 4050 ad
1562 3996 1734 4050 vicem

131 4097 378 4151 Radonis
412 4097 747 4166 recognovit.

205 4190 343 4243 Data
373 4205 408 4244 v
434 4188 550 4242 idus
583 4187 757 4256 Junii,
793 4201 935 4240 anno
967 4200 1078 4239 xxrt
1109 4194 1162 4238 ct
1192 4199 1296 4237 xvii
1327 4183 1473 4253 regni
1509 4182 1700 4236 nostri.

206 4283 408 4336 Actum
444 4279 709 4351 Mogontia
737 4278 990 4341 civitate,
1023 4277 1074 4330 in
1106 4274 1202 4329 Dei
1239 4275 1452 4328 nomine
1494 4273 1737 4328 feliciter.

129 4376 333 4430 Amen.
848 4409 851 4413 ι

861 4459 1022 4515 XVII.

129 4576 496 4648 Privifrgium,
522 4575 698 4632 Caroli
742 4575 943 4648 Magni,
992 4572 1442 4648 prg_monaslerio
1484 4569 1741 4642 Cremifa-

692 4644 849 4700 nensi
864 4647 1022 4716 (anno
1050 4644 1202 4714 791).

263 4796 270 4804 .
333 4743 429 4821 (Eii
455 4759 846 4824 Rettenpacher,
877 4759 1097 4809 Annales
1120 4757 1558 4821 Cremifanenses.)

199 4867 444 4923 Carolus
478 4866 569 4922 Dei
603 4867 770 4935 gratia
800 4880 894 4920 rex
927 4866 1254 4920 Francorum
1285 4876 1340 4921 et
1371 4864 1747 4935 Langobardo-

122 4973 270 5025 rum,
313 4966 372 5013 et
401 4955 663 5027 patricius
692 4955 1076 5010 Romanorum.
1104 4956 1157 5010 Si
1190 4955 1539 5024 petitionibus
1566 4969 1747 5020 Sacer-

119 5051 316 5105 dotum
370 5051 456 5105 vel
506 5064 784 5104 servorum
846 5049 975 5113 Dei,
1030 5050 1082 5102 in
1126 5064 1234 5116 quo
1273 5033 1482 5104 nostris
1531 5048 1748 5101 auribus

118 5145 335 5200 fuerint
383 5143 628 5213 prolatte,
678 5143 908 5199 libenter
937 5143 1280 5208 obaudim‘us,
1325 5151 1380 5197 et
1423 5156 1514 5196 eas
1557 5141 1610 5194 in
1656 5140 1747 5193 Dei

119 5239 356 5295 nomine
397 5239 464 5293 ad
501 5237 751 5293 effectum
796 5238 1160 5306 perducimus,
1207 5226 1409 5306 regiam
1453 5243 1745 5289 consuetu-

113 5333 310 5387 dinem
363 5345 712 5394 exercemus,
762 5339 813 5382 et
866 5327 964 5380 hoc
1013 5328 1167 5382 nobis
1209 5328 1273 5381 ad
1321 5327 1623 5381 mercedem
1661 5326 1745 5380 vel

112 5424 498 5480 stabilitatem
528 5421 678 5489 regni
708 5421 873 5474 nostri
909 5422 1178 5489 pertinere
1206 5419 1545 5473 confidimus.
1583 5417 1753 5487 Igitur

113 5528 318 5573 notum
369 5515 442 5569 sit
472 5513 724 5568 omnibus
765 5513 1010 5568 fidelibus
1045 5514 1264 5581 nostris,
1312 5513 1668 5581 prtesentibbs
1697 5521 1754 5567 et

115 5609 355 5673 futuris,
388 5607 622 5676 qualiter
655 5608 732 5660 vir
761 5607 1082 5662 venerabilis
1123 5606 1285 5661 Fater
1311 5605 1474 5660 abbas
1507 5607 1752 5661 clemen-

116 5705 204 5755 tia:
244 5699 410 5768 regni
453 5698 622 5752 nostri
663 5700 962 5768 suggessit,
999 5716 1063 5753 eo
1091 5700 1228 5769 quod
1259 5699 1507 5753 Tbassilo
1539 5701 1738 5753 dudum

120 5791 540 5849 Waioat‘iortttn
597 5790 700 5843 tluv
764 5796 1143 5846 monasterium
1203 5795 1252 5846 iu
1313 5793 1518 5848 honore
1577 5797 1746 5849 sancti

435 5884 707 5942 PA'I‘ROL.
760 5883 984 5945 XCVII

1838 3268 1891 3314 et
1921 3258 1984 3313 ad
2015 3255 2314 3317 Nordl‘duSa
2342 3265 2552 3318 tertiam
2579 3267 2868 3324 ecclesiam
2892 3287 3015 3325 eum
3045 3275 3204 3328 rebus
3229 3277 3296 3329 ad
3322 3290 3444 3329 eam

1841 3351 2232 3417 pertinentibus
2261 3352 2311 3416 in
2335 3353 2662 3425 Tonahgam.
2696 3358 2751 3412 In
2772 3362 3138 3430 suprascripto
3162 3380 3290 3419 vero
3312 3381 3449 3436 pago

1843 3442 2104 3511 Drungaaa
2157 3444 2208 3496 in
2269 3445 2388 3500 loco
2436 3449 2524 3517 qui
2577 3460 2917 3522 nuncupatur
2969 3456 3219 3510 Aschaha
3265 3459 3452 3512 vineas

1839 3533 1993 3597 duas,
2029 3549 2148 3589 cum
2191 3537 2547 3595 viniatoribus
2587 3541 2823 3603 duobus,
2859 3555 2914 3600 et
2953 3547 3006 3600 in
3046 3546 3156 3601 alio
3202 3548 3324 3603 loco
3359 3550 3453 3618 qui

1839 3627 2031 3681 dicitur
2063 3627 2306 3694 Raotola,
2337 3631 2524 3686 vineas
2567 3640 2679 3688 tres
2707 3649 2830 3689 cum
2873 3637 3045 3692 tribus
3073 3640 3451 3705 viniatoribus,

1843 3734 1940 3773 nec
1985 3734 2088 3773 non
2135 3721 2433 3789 piscatores
2471 3723 2631 3791 duos,
2667 3735 2722 3781 et
2763 3728 2985 3799 insuper
3024 3730 3164 3786 alios
3205 3733 3457 3786 homines

1843 3811 1995 3877 duos,
2027 3813 2116 3878 qui
2151 3827 2280 3882 apes
2311 3815 2623 3885 provident,
2655 3827 2710 3872 et
2739 3818 2916 3872 fabros
2945 3835 3062 3885 sex.
3109 3820 3237 3885 llaec
3267 3820 3453 3877 omnia

1844 3908 2203 3975 suprascripta
2233 3912 2428 3964 aSSerit
2471 3923 2533 3966 se
2576 3912 2832 3980 prafatus
2863 3914 3024 3970 Fater
3048 3917 3216 3972 abbas
3238 3918 3309 3974 ad
3338 3898 3458 3989 par-

1847 4006 1952 4050 tem
2002 4000 2256 4063 antedicti
2309 4003 2625 4059 monasterii
2674 4004 2856 4074 quie'to
2907 4009 3098 4065 ordine
3144 4020 3350 4078 tenere,
3399 4025 3459 4068 et

1790 4153 1793 4155 c
1846 4090 2139 4154 possidete,
2177 4092 2270 4145 sed
2305 4095 2429 4161 quia
2458 4093 2570 4161 jam
2602 4096 2842 4163 pra-dicti
2875 4097 3209 4155 Tbassilonis
3238 4104 3458 4156 traditio

1848 4180 2022 4247 firma,
2055 4191 2109 4236 et
2152 4183 2270 4238 stab
2295 4185 2360 4238 lis
2392 4187 2614 4242 minime
2646 4197 2854 4256 poterat
2887 4206 3224 4262 permanere,
3253 4195 3460 4250 idcirco

1849 4274 2001 4341 petiit
2030 4288 2057 4326 a
2082 4276 2376 4330 serenitate
2409 4288 2615 4344 nostra,
2645 4291 2704 4348 ut
2725 4281 2903 4335 denuo
2926 4283 2978 4336 in
3014 4293 3196 4338 nostra
3216 4286 3459 4340 eleemo-

1848 4383 1978 4437 syna
2013 4383 2106 4434 per
2138 4381 2376 4424 nostram
2410 4373 3032 4444 auctoritatemplenius
3070 4378 3173 4434 hoc
3200 4381 3345 4434 circa
3375 4382 3459 4448 ip-

1774 4501 1826 4561 Β
1855 4475 1970 4513 sum
2002 4471 2246 4515 sanctum
2283 4463 2456 4516 locum
2489 4464 2685 4520 cedere
2705 4508 2720 4533 ,
2755 4475 2916 4536 atque
2944 4470 3267 4538 confirmare
3291 4473 3458 4528 delre-

1855 4567 2058 4616 remus,
2089 4553 2242 4606 sicuti
2269 4565 2322 4611 et
2353 4555 2597 4624 l'ecimus.
2628 4557 3009 4627 Pi-aaeipientes
3029 4575 3158 4632 ergo
3176 4561 3456 4631 iubemus,

1856 4654 1913 4697 ut
1941 4649 2176 4715 inspecta
2208 4646 2320 4714 ipsa
2357 4649 2643 4704 traditione
2673 4650 2990 4721 Tassilonis,
3029 4654 3171 4708 sicut
3210 4670 3309 4723 per
3332 4671 3454 4712 eam

1852 4737 2177 4804 declaratur,
2214 4738 2283 4790 ita
2317 4738 2571 4808 deinceps
2602 4741 2779 4797 valeat
2817 4745 3141 4812 saepedictus
3170 4745 3334 4803 Fater
3361 4749 3460 4802 ab.

1853 4829 1948 4882 bas
1990 4833 2177 4898 suique
2220 4845 2586 4896 successores,
2629 4833 2717 4901 qui
2763 4835 2966 4889 fuerint
3005 4846 3250 4896 rectores
3287 4839 3457 4908 ipsius

1855 4922 2169 4974 monasterii
2201 4922 2370 4974 sancti
2401 4919 2717 4990 Salvatoris,
2749 4939 2846 4993 per
2872 4925 2978 4981 hoc
3015 4937 3216 4984 nostra
3250 4945 3458 4986 serent-

1856 5018 1980 5070 tatis
2027 5028 2375 5083 prmceptum,
2419 5030 2580 5087 atque
2621 5020 3052 5076 confirmationis
3090 5022 3290 5078 donum
3331 5040 3455 5078 cum

1854 5113 1995 5164 omni
2039 5111 2344 5177 integritate.
2385 5113 2590 5177 abs1ue
2618 5112 2789 5172 ;ullius
2832 5114 3244 5184 impedimento,
3272 5117 3460 5186 quieto

1858 5205 2068 5258 tramite
2115 5216 2299 5260 tenere
2343 5215 2399 5258 et
2439 5205 2747 5273 possidere,
2792 5217 3062 5275 quatenus
3101 5211 3300 5265 nostris
3339 5211 3458 5266 sive

1859 5300 2049 5355 futuris
2092 5299 2442 5368 temporibus,
2487 5315 2585 5368 pro
2628 5301 2896 5357 mercedis
2938 5313 3136 5357 nostrze
3167 5315 3460 5375 augmento

1857 5394 1922 5449 ad
1953 5397 2118 5462 ipsam
2143 5409 2321 5448 casam
2354 5393 2444 5446 Dei
2478 5395 2788 5460 perenniter
2814 5396 3096 5462 proficiant
3120 5397 3173 5451 in
3201 5411 3463 5467 augmen—

1860 5495 1947 5546 tis.
1993 5491 2060 5545 Et
2089 5502 2141 5542 ut
2183 5490 2296 5544 hmc
2325 5491 2617 5544 auctoritas
2662 5492 2868 5546 firmior
2912 5493 3192 5561 habeatur,
3237 5497 3321 5550 vel
3361 5512 3461 5567 per

1863 5596 2100 5650 tempora
2133 5581 2345 5636 Christo
2388 5584 2618 5652 propitio
2664 5583 2855 5639 melius
2892 5595 3262 5650 conservetur,
3296 5604 3461 5641 uiauu

1863 5675 2078 5744 propria
2103 5659 2287 5738 solaer
2315 5672 2666 5740 firmavimus,
2697 5685 2752 5730 et
2777 5674 2846 5728 de
2871 5677 3070 5729 annulo
3095 5668 3280 5728 uestro
3299 5679 3459 5745 sigil-

1863 5769 1959 5822 lari
1988 5749 2263 5835 jussimus.
2305 5765 2522 5832 Signum
2553 5765 2593 5820 C
2615 5767 2728 5820 :roEi
2754 5767 3125 5834 g'oriosissimi
3153 5770 3314 5836 regis.

2941 5881 3022 5940 3’4
