3856 6220
477 178 617 242 1067

1366 170 1420 223 Β.
1460 162 1709 220 ωιιυιλ
1756 157 1967 213 .\I.~\ti.\|
2010 153 2159 207 Ul‘l'.
2211 151 2383 205 PARS
2426 151 2465 203 I.
2511 148 2752 203 Slilll‘ll)
2796 145 2854 198 II.

3600 136 3714 193 W08

546 282 679 355 bat:
709 312 763 349 ιιι
793 293 927 347 Non.
955 283 1210 346 Januarii,
1240 282 1527 337 indictione
1557 292 1663 341 x-tv,
1698 287 1836 326 anno
1866 268 1932 320 εδ
1967 283 2050 319 rc-
2083 269 2129 324 Λ
2162 261 2517 329 temporibus,
2551 258 2763 312 Christo
2792 253 3040 323 auspice,
3076 265 3168 320 per
3215 261 3430 304 manum
3462 246 3714 316 legentium

394 371 398 376 ’
472 392 562 463 gui
591 386 791 445 domini
817 381 996 439 Caroli
1020 374 1345 434 serenissimi
1376 372 1532 439 regis.

544 488 737 541 Actum
764 473 1099 540 \Yormatim,
1125 473 1177 525 in
1208 468 1304 523 Dci
1348 465 1563 520 nomine
1587 461 1830 515 feliciter.
1867 456 2057 509 Amen.

1173 601 1355 658 XVIII.

481 729 721 798 Diploma
741 722 919 798 Caroli
949 715 1128 786 Magni
1150 728 1252 781 quo
1280 710 1606 798 donationem
1633 704 1845 798 “belliin?
1878 699 2060 767 [ἔρια--

792 810 826 845 a
863 775 1107 860 germano
1142 775 1235 837 suo
1273 780 1662 851 It’prolommmo
1697 775 1888 841 frictam
1931 787 2055 823 con-

549 868 719 935 ﬁrmat
745 856 905 929 (anno
933 858 1002 914 79
1016 856 1082 924 I).
1734 898 1737 902 ,

600 966 605 967 '
760 953 857 1013 (Ex
885 948 1168 1004 Ilontlteim,
1194 942 1404 1011 llistoria
1431 935 1789 1011 Tr’evircnsis.)

549 1064 770 1121 Carolus
795 1060 963 1130 gratia
998 1055 1093 1111 Dei
1119 1068 1211 1108 rex
1238 1051 1567 1106 Francorum
1601 1024 1653 1097 et
1686 1036 2062 1108 Langobardo-

480 1172 631 1221 rum,
660 1166 725 1206 ac
760 1128 1011 1221 patricius
1041 1145 1428 1199 Romanorum.
1457 1132 1723 1203 Quidquid
1746 1131 1897 1184 enim
1932 1128 2063 1181 locis

482 1220 789 1304 sanctarum
811 1237 1197 1297 venerabilium
1219 1234 1290 1289 ob
1316 1243 1552 1285 amorem
1585 1222 1790 1280 Domini
1815 1220 2063 1275 cedimus

413 1336 419 1341 ’
482 1338 565 1393 vel
596 1335 999 1396 conﬁrmamus,
1029 1322 1132 1383 hoc
1160 1323 1316 1379 nobis
1348 1320 1415 1398 ad
1446 1315 1745 1373 mercedem
1778 1312 1859 1365 vel
1904 1308 2059 1364 retri-

484 1430 753 1494 lntionem
782 1433 1034 1477 mternam
1063 1416 1336 1487 pertinere
1364 1408 1706 1465 conﬁdimus.

553 1518 759 1573 Idcirco
784 1521 969 1566 notum
995 1508 1065 1562 sit
1092 1504 1339 1561 omnibus
1381 1499 1627 1554 ﬁdelibus
1667 1492 1885 1555 nostris,
1928 1505 2064 1558 prm-

466 1594 724 1664 'scntibus
758 1602 997 1666 scilicet,
1034 1609 1089 1653 et
1121 1592 1341 1657 futuris,
1378 1590 1604 1660 qualiter
1635 1587 1712 1639 vir
1742 1581 2060 1638 venerabilis

483 1709 512 1737 ³
553 1692 882 1752 Berncradus
918 1698 1118 1743 saneta:
1154 1679 1478 1739 Senonensis
1514 1674 1752 1730 ecclesiae
1792 1668 2060 1731 arcuit-ir-

412 1832 413 1835 η
483 1801 698 1857 scopus,
726 1782 818 1853 qui
845 1788 930 1835 est
953 1785 1129 1832 rector
1156 1768 1487 1841 monasterii.
1519 1766 1605 1819 ubi
1637 1772 1852 1818 sanctus
1884 1759 2064 1813 Willi-

485 1853 713 1938 brordus
739 1886 967 1944 corpore
1008 1865 1323 1937 requiescit,
1368 1859 1506 1929 quod
1534 1867 1618 1913 est
1654 1857 1813 1910 situm
1856 1854 1909 1917 in
1954 1853 2069 1904 luco

486 1968 807 2041 Epternaeo,
837 1942 1140 2019 clementia:
1166 1958 1313 2024 regni
1344 1952 1511 2008 nostri
1544 1947 1771 2003 innotuit
1794 1989 1806 2007 ,
1836 1960 1901 1999 co
1931 1942 2067 2011 quod

488 2066 641 2117 bona:
676 2055 951 2115 memoria:
995 2050 1422 2107 liarolonsannus
1469 2041 1738 2113 quondam
1784 2047 2070 2109 germanus

486 2161 692 2216 noster,
738 2163 839 2217 pro
874 2143 1139 2213 mercedis
1182 2155 1293 2195 sua:
1334 2142 1643 2205 augmento,
1676 2130 1831 2184 villas
1871 2128 2073 2195 aliquas

488 2248 541 2300 in
569 2212 703 2315 pago
731 2212 993 2313 Dedense,
1013 2233 1069 2287 in
1098 2232 1215 2285 loco
1238 2232 1583 2293 nuneupante
1621 2222 1807 2274 Druise
1842 2212 2072 2287 [Drryls]

486 2310 660 2403 super
682 2328 901 2386 ﬁvium
927 2310 1207 2385 Salmana,
1248 2328 1302 2373 ct
1330 2317 1357 2356 ιι
1388 2314 1638 2371 Oilicinas
1682 2325 1841 2379 super
1871 2310 2069 2370 Liseta,

479 2401 595 2481 'una
620 2437 744 2480 cum
781 2418 959 2487 terris,
989 2412 1255 2474 domibus,
1286 2405 1550 2467 aediliciis,
1579 2401 1887 2465 accolabus,
1920 2412 2073 2452 man-

485 2515 666 2586 cipiis,
690 2510 883 2575 vineis,
917 2505 1107 2577 sylvis,
1131 2501 1358 2570 campis,
1405 2494 1593 2566 pratis,
1632 2491 1868 2563 pascuis,
1901 2488 2072 2559 aquis,

483 2581 815 2676 aquarnmve
841 2597 1155 2656 decursibus
1186 2604 1377 2655 totum,
1412 2598 1467 2644 ct
1495 2587 1561 2642 ad
1591 2587 1855 2655 integrum
1876 2623 1891 2649 ,
1924 2581 2077 2651 quid-

486 2673 616 2773 quid
642 2697 709 2754 ad
747 2696 866 2765 ipsa
892 2693 1018 2766 loca,
1039 2687 1245 2760 legibus
1274 2682 1544 2751 pertinere
1584 2677 1815 2740 videtur,
1847 2673 1911 2729 ad
1945 2686 2076 2741 prcc-

488 2764 688 2848 dictum
729 2764 1114 2842 monasterium
1143 2777 1289 2830 risus
1319 2773 1419 2828 fuit
1445 2770 1790 2832 condonare;
1838 2764 1932 2820 sed
1984 2779 2075 2819 ne-

485 2879 741 2953 gligcutia
766 2875 1066 2937 eveniente,
1109 2879 1441 2936 nequaquam
1472 2860 1674 2915 cartula
1705 2855 2080 2914 concessionis

2162 368 2346 407 eorum
2380 353 2429 405 in
2462 345 3008 412 luminaribnsjpsius
3034 340 3300 400 ccclesiaz,
3332 352 3427 392 seu
3467 338 3717 405 stipendiis

2162 461 2436 502 servorum
2487 444 2603 509 Dei,
2650 443 2739 510 qui
2791 438 2987 492 ibidem
3038 435 3147 489 Deo
3190 433 3446 488 famulare
3475 432 3716 496 videnlur,

2168 535 2467 606 perenniter
2499 531 2777 601 proﬁciant
2806 531 2857 581 in
2882 525 3201 595 augrnentis.
3513 533 3525 548 '

2237 628 2301 681 Et
2334 636 2389 679 ut
2418 628 2531 679 haec
2556 622 2844 677 auctoritas
2876 618 3147 677 inviolata,
3178 615 3286 668 Deo
3310 611 3567 681 adiutore,
3594 616 3720 664 omni

2167 724 2404 783 tenuiore
2434 717 2610 770 valeat
2641 708 2954 781 perdurare,
2986 722 3146 761 manu
3188 705 3398 774 propria
3439 704 3609 757 subter
3647 719 3718 756 ro-

2166 812 2352 864 borare
2380 805 2739 866 decrevimus,
2772 810 2826 855 ct
2852 801 2917 854 de
2950 798 3109 853 anulo
3137 805 3320 851 nostro
3348 792 3589 864 sigillam.

2236 902 2455 969 Signum
2485 893 2904 963 Caroligloriosi
2932 890 3095 960 regis.
3146 923 3151 929 μ

2886 1002 3030 1057 XIX.

2167 1101 2337 1156 Caroli
2371 1098 2548 1169 Magni
2585 1096 2796 1169 donatio
2834 1109 2933 1162 qua
2961 1086 3588 1169 rnortosterio_Prunticnsi
3619 1106 3721 1140 cou-
3814 1090 3815 1105 ‘

2236 1174 2369 1225 cedit
2397 1161 2543 1224 tilias
2574 1161 2883 1221 Lauriacum
2911 1175 2953 1218 et
2982 1161 3245 1217 Catiacum
3274 1162 3326 1214 in
3357 1174 3485 1228 pago
3512 1161 3701 1230 .lndega

2236 1242 2373 1297 venri
2401 1242 2559 1311 (anno
2588 1236 2686 1291 797
2701 1242 2738 1303 ).

2594 1320 2599 1323 ⁷
2674 1326 2768 1388 (Ex
2796 1324 3081 1385 Hontlieim,
3106 1321 3246 1381 ibid.)

2236 1414 2460 1470 Karolns
2486 1412 2651 1482 gratia
2682 1410 2775 1465 Dei
2809 1423 2899 1465 rex
2933 1407 3259 1462 Francorum
3286 1412 3341 1459 et
3371 1401 3721 1471 Langonirdn.

2156 1504 2307 1563 ’rum.
2352 1504 2618 1575 Quidquid
2644 1503 2788 1558 enim
2819 1500 2872 1554 in
2905 1506 3083 1554 nostra
3115 1495 3199 1551 vel
3232 1510 3507 1563 procerum
3540 1506 3724 1548 rostru-

2096 1626 2137 1686 υ
2168 1610 2284 1655 rum
2315 1596 2597 1670 prmscntia
2640 1604 2787 1651 recto
2817 1592 3032 1648 tramite
3071 1589 3267 1659 agitur,
3308 1602 3370 1642 ac
3407 1587 3545 1656 iuste
3572 1587 3726 1641 termi.

2172 1700 2349 1756 natur,
2391 1696 2603 1758 Oportet
2633 1694 2851 1756 prepter
2877 1683 3171 1746 futurorum
3204 1677 3478 1734 hominum
3511 1678 3726 1732 uetitiani

2173 1797 2266 1851 per
2293 1782 2683 1850 scripturarum
2714 1776 2908 1832 seriem
2942 1774 3218 1840 roborare,
3251 1782 3310 1827 ut
3340 1770 3394 1826 in
3423 1771 3727 1840 postmodum

2170 1872 2288 1941 jure
2318 1870 2626 1925 ﬁrmissimo
2653 1873 2868 1923 maneat
2897 1862 3291 1920 inconvulsum.
3324 1859 3549 1930 Ideoque
3572 1871 3683 1915 notu
3704 1879 3727 1913 η

2174 1967 2245 2018 sit
2282 1964 2519 2018 omnium
2564 1960 2799 2018 ﬁdelium
2844 1966 3148 2014 nostrorum
3196 1953 3570 2026 magnitudini,
3611 1941 3728 2023 prr-

2175 2055 2408 2110 sentium
2440 2052 2648 2107 scilicet
2670 2058 2725 2106 et
2749 2056 3071 2112 futurorum,
3094 2045 3327 2116 qualiter
3347 2044 3595 2099 Asoarius
3617 2044 3729 2097 abba

2158 2136 2239 2202 ex
2272 2144 2599 2201 monasterio
2624 2142 2796 2198 sancti
2827 2141 3143 2205 Salvatoris,
3165 2137 3309 2210 quod
3335 2137 3561 2193 domnus
3585 2147 3635 2192 et
3655 2150 3729 2205 ge-

2177 2240 2319 2293 nitor
2374 2245 2558 2292 noster
2604 2244 2791 2290 sancta
2843 2231 3147 2288 recordatio
3196 2229 3451 2301 Pippinus
3496 2229 3730 2299 quondam

2178 2327 2592 2401 gloriosissimus
2620 2341 2743 2394 rex,
2770 2340 2832 2381 ac
2854 2324 3050 2380 domna
3081 2333 3138 2380 et
3160 2322 3393 2394 genitrir
3422 2332 3593 2377 nostra
3617 2320 3730 2374 bona

2180 2412 2726 2476 memoriaBertrada
2773 2417 2991 2487 regina,
3039 2415 3092 2469 in
3135 2414 3255 2469 loco
3285 2412 3375 2484 qui
3404 2413 3595 2466 dicitur
3629 2411 3733 2465 Pru-

2180 2519 2304 2578 nn‘a,
2352 2526 2492 2567 novo
2539 2524 2706 2580 opere
2751 2510 3187 2574 construxerunt,
3234 2505 3514 2562 Serenitati
3564 2513 3733 2559 nostra:

2181 2606 2451 2662 multoties
2476 2606 2793 2677 deprecatus
2817 2615 2924 2671 est,
2950 2620 3048 2675 pro
3071 2604 3338 2672 aliquibus
3367 2603 3522 2658 rebus
3548 2603 3668 2656 sitas
3693 2599 3733 2653 in

2180 2700 2488 2765 Andecavo,
2534 2697 2689 2753 villas
2737 2706 3071 2767 nuncupatas
3120 2695 3381 2751 Lauriaco
3426 2704 3481 2749 et
3526 2691 3734 2754 Cariae”,

2180 2792 2511 2853 adserentes,
2536 2788 2679 2859 quod
2707 2788 2774 2842 de
2804 2796 2956 2857 parte
2984 2785 3263 2857 genitricis
3290 2799 3403 2841 suae
3428 2782 3733 2843 Willtarana',

2184 2891 2238 2938 et
2261 2895 2374 2937 sva:
2402 2896 2515 2937 sua:
2535 2877 2811 2936 'l‘eodildas
2832 2879 2881 2933 ei
2912 2876 3120 2948 legibus
3147 2875 3417 2947 pertinere
3438 2873 3734 2935 debuissent,

489 2944 659 3043 ipsius
695 2965 937 3041 germani
976 2960 1144 3017 nosui
1186 2956 1379 3014 exinde
1418 2960 1636 3021 accepta
1685 2950 1893 3004 fuisset.
1927 2944 2079 3004 Unde

2186 2983 2234 3029 et
2260 2987 2290 3028 a
2322 2971 2599 3027 retroactis
2630 2970 2958 3041 temporibus
2995 2960 3119 3025 cum
3148 2967 3269 3024 aliis
3296 2966 3478 3034 rebus,
3508 2983 3618 3036 qui?
3643 2979 3738 3033 pro.

491 3039 685 3119 asserit
703 3039 815 3130 iam
860 3043 1037 3110 dictus
1069 3048 1402 3106 Berneradus
1448 3040 1882 3111 archiepiscopus
1934 3039 2079 3108 ipsas

491 3168 581 3209 res
606 3149 792 3222 quieto
817 3146 1009 3203 ordine
1042 3142 1110 3197 ad
1140 3148 1317 3211 partes
1349 3138 1459 3206 iam
1497 3134 1624 3190 dicti
1650 3131 1979 3188 monasterii
2014 3142 2086 3185 te-

492 3220 663 3301 nere:
685 3239 782 3297 sed
808 3252 908 3308 pro
931 3235 1011 3292 rei
1033 3234 1197 3290 totius
1218 3230 1491 3294 ﬁrmitate,
1523 3225 1676 3297 petiit
1706 3238 1734 3278 a
1767 3220 2085 3278 celsitudine

491 3344 700 3398 nostra,
736 3339 797 3385 ut
835 3328 939 3384 boc
978 3340 1079 3382 nos
1104 3324 1281 3379 denuo
1306 3320 1360 3376 in
1403 3319 1751 3386 eleemosyna
1793 3323 2000 3376 nostra,
2033 3324 2086 3368 et

443 3467 447 3471 .
487 3427 599 3498 iam
625 3423 752 3480 dicti
778 3419 1020 3493 germani
1064 3412 1233 3472 nostri
1278 3427 1374 3483 per
1418 3417 1657 3465 nostram
1704 3405 2083 3461 auctoritatem

493 3496 619 3588 erga
649 3516 824 3586 ipsum
866 3519 1114 3567 sanctum
1150 3507 1329 3563 locum
1366 3499 1665 3557 concedere
1702 3507 1864 3567 atque
1901 3496 2086 3552 confir-

493 3622 645 3666 mare
671 3606 1007 3663 deberemus.

566 3698 733 3768 Cnius
759 3695 1072 3767 petitionem
1101 3704 1202 3762 pro
1249 3688 1436 3744 divino
1465 3686 1659 3741 intuitu
1700 3692 1757 3740 et
1784 3681 2085 3740 reverentia

2186 3077 2306 3137 pter
2335 3064 2712 3122 inﬁdelitatem
2742 3064 3049 3135 aliquorum
3081 3059 3355 3117 hominum
3392 3070 3739 3130 parentumque

2182 3173 2398 3216 suorum
2429 3157 2482 3213 in
2511 3157 2640 3213 ﬁsco
2684 3156 3177 3222 redactae-fuerant,
3210 3152 3355 3209 malo
3381 3151 3564 3210 ordine
3589 3166 3633 3208 et
3666 3152 3736 3205 in-

2178 3250 2322 3323 iuste
2350 3260 2614 3320 usurpata:
2642 3249 3009 3321 devenissent.
3054 3247 3163 3303 Nos
3187 3245 3406 3318 quidem
3446 3245 3562 3316 eius
3588 3246 3739 3299 consi-

2184 3338 2441 3413 derantes
2456 3336 2846 3415 sacerdotium,
2871 3344 2928 3392 et
2952 3333 3095 3390 ﬁdeli
3120 3334 3363 3399 servitio,
3387 3333 3454 3387 ita
3479 3346 3571 3402 per
3588 3345 3738 3385 omna

2186 3446 2373 3486 verum
2406 3444 2526 3486 esse
2569 3428 2917 3489 credidimus.
2966 3440 3029 3481 ac
3067 3426 3135 3481 de
3175 3425 3304 3497 ipsis
3349 3424 3505 3481 rebus
3545 3422 3741 3493 pleniter

2184 3521 2441 3579 revestire
2483 3521 2777 3592 iussimus,
2826 3528 2882 3575 et
2929 3532 3025 3590 per
3070 3508 3397 3589 praeceptum
3445 3513 3741 3571 auctoritatis

2186 3622 2385 3681 nostra:
2403 3612 2577 3668 eidem
2600 3614 2920 3667 conﬁrmare
2942 3609 3299 3665 decrevimus.
3331 3607 3618 3663 Transacto
3636 3619 3741 3657 vero

2186 3704 2367 3772 aliquo
2397 3713 2643 3772 tempore
2682 3701 2954 3756 inventum
2985 3709 3070 3755 est
3098 3696 3382 3753 manifeste
3410 3711 3503 3765 per
3525 3694 3741 3751 OdiIhar-

495 3793 667 3865 ipsins
689 3787 867 3845 sancti
896 3785 1003 3842 loci
1043 3783 1293 3840 nolumus
1320 3781 1608 3850 denegare,
1632 3777 1727 3834 sed
1758 3776 1810 3831 in
1839 3775 2088 3830 omnibus

446 3875 455 3884 ’
496 3898 597 3954 pro
640 3878 910 3937 mercedis
959 3884 1161 3933 nostra
1206 3880 1525 3943 augmento,
1593 3870 1695 3925 boc
1754 3867 2089 3925 concessisse

496 3983 660 4043 atque
696 3970 1051 4026 conﬁrmasse
1083 3963 1413 4035 cognoscite.
1454 3962 1797 4031 Quapropter
1825 3973 1923 4030 per
1961 3973 2090 4027 pra:-

2187 3794 2313 3850 dum
2344 3802 2541 3849 sancta:
2571 3792 2880 3847 Nauneticze
2906 3790 3055 3848 urbis
3086 3788 3333 3845 ecclesia:
3357 3788 3671 3859 episcopum,
3698 3793 3742 3837 et

2188 3885 2322 3940 alios
2364 3899 2583 3939 veraces
2613 3882 2859 3937 homines
2898 3879 3037 3936 infra
3080 3882 3305 3950 patriam
3347 3878 3658 3941 habitantes,
3689 3876 3741 3929 de

2192 3977 2440 4048 praedicta
2471 3974 2593 4029 villa
2628 3974 2906 4038 Lauriaeo,
2937 3974 3076 4042 quod
3120 3980 3317 4026 nostra:
3357 3968 3644 4025 hatreditati
3682 3967 3743 4019 le-

497 4078 624 4120 κω
643 4060 1005 4124 decrevimus,
1035 4063 1198 4126 atque
1222 4054 1472 4125 iubemus
1503 4060 1853 4121 praeceptum,
1887 4056 1946 4104 ut
1980 4048 2091 4103 nul-

496 4156 585 4212 lus
610 4152 867 4227 quislibet
890 4150 963 4207 de
989 4148 1236 4205 ﬁdelibus
1263 4145 1487 4210 nostris,
1515 4159 1688 4214 neque
1714 4160 1778 4199 ex
1807 4142 2089 4213 iudiciaria

497 4253 763 4314 potestate
787 4242 900 4299 ullo
924 4252 1161 4311 unquam
1190 4246 1434 4307 tempore
1462 4244 1587 4291 ante
1614 4244 1913 4290 memorato
1955 4233 2087 4289 Ber-

2188 4069 2341 4139 gibus
2370 4082 2434 4123 ac
2476 4068 2619 4139 iuste
2661 4067 2969 4129 deberetur,
3012 4074 3068 4119 et
3113 4064 3315 4119 nullam
3347 4062 3475 4118 inibi
3520 4059 3741 4116 Asoarius

2191 4160 2329 4217 abba
2361 4159 2584 4215 deberet
2613 4159 2809 4214 habere
2833 4156 3118 4227 iustitiam.
3147 4156 3247 4222 Qui
3276 4156 3331 4211 in
3359 4165 3640 4224 conspectu
3666 4166 3744 4206 ao-

2190 4264 2301 4309 stro
2327 4267 2390 4307 ac
2420 4252 2773 4322 plurimorum
2796 4291 2811 4318 ,
2857 4263 3249 4319 procerumque
3291 4256 3594 4303 nostrorum
3634 4261 3741 4315 pra-

500 4334 703 4392 nerado
726 4332 1153 4403 archiepiscopo,
1184 4343 1360 4399 neque
1396 4329 1819 4393 successoribus,
1858 4327 1948 4398 qni
1978 4327 2091 4383 fue-

2192 4346 2361 4402 sentia
2406 4356 2555 4399 stans
2607 4344 2669 4397 in-
2708 4341 2931 4412 iudicio,
2975 4342 3267 4397 secundum
3314 4340 3456 4412 quod
3487 4351 3511 4379 α
3543 4342 3618 4395 lex
3661 4337 3744 4390 llo-

497 4428 607 4483 rint
640 4433 887 4481 rectores.
906 4420 1216 4478 monasterii
1255 4419 1432 4476 sancti
1458 4418 1823 4484 Willibrordi,
1866 4419 1934 4474 de
1974 4419 2082 4486 jam

497 4522 656 4578 dictis
680 4518 845 4575 rebus
868 4518 1186 4587 inquietare,
1214 4524 1309 4570 aut
1332 4516 1658 4570 calumniam
1688 4528 1972 4585 generare,
1996 4523 2088 4569 aut

496 4610 698 4683 aliquid
721 4608 1057 4674 abstrahere,
1087 4621 1191 4664 nec
1234 4605 1478 4663 adnuere
1524 4607 1635 4661 ullo
1681 4621 1914 4676 unquam
1960 4616 2089 4662 tem-

501 4717 633 4775 pore
679 4709 1065 4773 mutatur,
1120 4697 1217 4755 sed
1271 4712 1369 4768 pro
1422 4696 1687 4753 mercedis
1739 4687 1937 4754 nostra:
1989 4713 2085 4754 au-

497 4804 740 4867 gmento,
765 4801 826 4848 et
847 4784 1041 4846 animi:
1066 4790 1305 4869 germani
1337 4791 1502 4844 nostri
1536 4789 1915 4846 Kzirolomanni
1947 4790 2087 4859 regis

500 4887 571 4943 ad
609 4884 728 4957 iam
768 4885 969 4939 dictum
1010 4889 1251 4938 uncum
1300 4882 1472 4935 locum
1525 4883 1741 4948 nostris,
1791 4880 2088 4950 futurisque

573 5073 603 5102 ι
640 5056 963 5114 Was
997 5063 1190 5110 uncta
1228 5054 1539 5125 Senonensis
1575 5053 1800 5125 ecclesia:
1838 5054 2089 5125 archiepi-

502 5146 712 5201 scopus.
738 5125 1189 5201 Bernaadushic
1216 5124 1326 5201 (cui
1358 5124 1527 5178 Vitam
1556 5124 2085 5201 saluatthilltbrordi

506 5192 778 5265 inscripsit
816 5195 1097 5265 Alcuinus)
1135 5196 1324 5265 tertius
1362 5210 1393 5248 a
1428 5202 1616 5265 Sancto
1646 5192 1993 5249 Willibrordo
2019 5200 2087 5250 ab

505 5264 773 5326 anno???
800 5268 867 5322 ad
891 5264 1093 5322 annum
1113 5264 1221 5321 798
1249 5264 1631 5320 monasterium
1661 5266 1864 5319 rexisse
1894 5265 2091 5321 dicitur

507 5344 566 5397 in
602 5340 752 5396 brevi
776 5337 1046 5408 Chronico
1082 5352 1191 5394 ms.
1236 5335 1638 5408 Epternacensi,
1683 5349 1715 5391 a
1750 5335 2090 5408 Theoderico

507 5411 652 5468 circa
673 5424 873 5465 annm
905 5407 1045 5464 H90
1078 5406 1318 5463 exarata.
1356 5407 1490 5460 Cum
1531 5418 1707 5459 autem
1748 5406 1885 5459 inter
1922 5406 2089 5460 Seno-

512 5494 711 5536 nenses
733 5480 987 5544 assulas
1009 5479 1152 5534 circa
1180 5478 1294 5532 haec
1319 5486 1556 5543 tempora
1582 5475 1790 5544 legatur
1813 5476 2090 5543 prmfuisse

512 5544 778 5607 lter-arduis
810 5551 882 5603 ab
915 5564 1061 5603 anno
1097 5548 1205 5603 793
1245 5562 1411 5617 usque
1449 5544 1578 5617 793i,
1622 5547 1708 5617 sic
1737 5560 1901 5600 unum
1948 5547 2090 5603 hunc

510 5623 863 5689 eundemque
883 5634 1029 5687 esse,
1057 5614 1389 5687 eoniicinrus.
1434 5614 1571 5670 Add.
1615 5615 1876 5672 llouman.
1908 5617 1977 5672 de
2008 5619 2091 5675 lle

2188 4452 2345 4493 mana
2380 4437 2595 4502 edocet,
2636 4445 2691 4490 et
2727 4437 2808 4489 sui
2852 4433 3075 4489 scabinii
3117 4435 3165 4489 ei
3201 4433 3593 4504 iudicaverunt,
3632 4446 3743 4499 pro.

2187 4533 2359 4587 dictas
2389 4529 2543 4584 villas
2573 4528 2809 4599 partibus
2839 4528 3041 4583 nostris
3069 4526 3336 4598 simulque
3370 4534 3427 4581 et
3454 4534 3743 4596 przcceptum

2187 4620 2610 4701 conﬁrmationis
2637 4629 2838 4676 nostra:
2867 4618 3117 4675 reddidit.
3152 4618 3226 4673 De
3246 4619 3438 4690 quibus
3463 4633 3561 4674 nos
3580 4633 3745 4679 unum,

2187 4729 2306 4785 qua:
2329 4725 2549 4770 vocatur
2575 4712 2914 4777 Lauriacum,
2941 4726 3036 4782 pro
3064 4711 3239 4767 futura
3268 4711 3443 4766 salute
3474 4710 3524 4765 in
3546 4710 3745 4765 elccmo-

2188 4821 2320 4876 syna
2351 4804 2536 4859 domui
2568 4820 2632 4859 ac
2660 4805 2918 4873 genitoris
2961 4805 3129 4859 nostri
3162 4804 3314 4859 bona:
3345 4802 3611 4858 memoria:
3647 4801 3739 4868 Pip

2190 4900 2297 4970 pini
2330 4897 2597 4969 quondam
2628 4895 3001 4966 gloriosissitni
3040 4896 3180 4967 regis
3208 4897 3274 4949 ad
3315 4895 3421 4967 iam
3455 4894 3615 4949 fatum
3656 4906 3746 4946 tuo-

2192 5062 2586 5129 Diplom.,cap.
2617 5056 2676 5121 2,
2712 5056 2859 5129 5'66,
2892 5073 2946 5112 n.
2982 5057 3070 5112 Il.
3814 5056 3815 5103 ξ

2214 5203 2228 5210 _
2261 5132 2301 5210 b_
2331 5132 2571 5210 Ofﬁcium
2597 5144 2750 5210 super
2780 5129 2992 5210 Ιιὲειηάἶ
3023 5127 3283 5195 Martene,
3324 5125 3535 5184 Calmet
3571 5136 3621 5182 et
3644 5125 3750 5179 Βετ-
3814 5138 3815 5193 ξ

2192 5202 2362 5259 tbolet
2378 5200 2573 5273 legunt
2603 5200 2868 5270 Oguiniis,
2897 5200 2992 5254 sed
3024 5212 3321 5267 perperam.
3814 5210 3815 5245 ξ

2226 5345 2241 5351 _
2264 5285 2289 5313 ε
2334 5272 2441 5351 ιφ
2469 5272 2728 5351 [Iamnam
2762 5268 2866 5351 Per
2906 5267 3413 5351 lcgetnnRontanam
3456 5268 3545 5351 hic
3582 5265 3752 5351 intelli-

2226 5345 2333 5400 itur
2373 5342 2555 5399 Codex
2595 5335 3033 5407 Tlieodosianiis;
3084 5339 3368 5395 Pandectre
3411 5342 3555 5395 enim
3592 5346 3644 5395 et
3676 5335 3751 5391 lus
3814 5335 3815 5407 ᾗ

2225 5416 2597 5471 ustinianzeum
2622 5412 2856 5466 nondum
2879 5412 2932 5466 in
2954 5411 3246 5467 Occidente
3267 5410 3629 5466 innotuerant.
3656 5409 3749 5463 Est-

2191 5502 2295 5556 que
2334 5486 2437 5559 boe
2465 5486 2693 5559 primum
2730 5482 3050 5559 vesti_giurn_,
3090 5481 3407 5559 quodinter
3438 5489 3616 5559 nostra
3648 5478 3750 5533 mihi

2192 5551 2447 5625 occurrit,
2468 5551 2621 5613 luris
2650 5551 2959 5611 Romaan
2990 5551 3215 5611 Francia
3240 5556 3353 5623 iam
3380 5551 3618 5625 usurpati
