  <div class='ocr_page' id='page_1' title='image "/cluster/home/n/w/nwhite01/storage/ocr_20150623/97/uva.x000827070/526.png"; bbox 0 0 3868 6212; ppageno 0'>
   <div class='ocr_carea' id='block_1_1' title="bbox 141 230 3218 306">
    <p class='ocr_par' dir='ltr' id='par_1_1' title="bbox 141 230 3218 306">
     <span class='ocr_line' id='line_1_1' title="bbox 141 230 3218 306; baseline -0.006 -3"><span class='ocrx_word' id='word_1_1' title='bbox 141 252 293 305; x_wconf 74' lang='lat' dir='ltr'><strong>fttu‘J</strong></span> <span class='ocrx_word' id='word_1_2' title='bbox 367 249 600 306; x_wconf 68' lang='lat' dir='ltr'><strong>(IODEX</strong></span> <span class='ocrx_word' id='word_1_3' title='bbox 642 243 1168 303; x_wconf 64' lang='lat' dir='ltr'><strong>DIPLOTdATICL&#39;S.</strong></span> <span class='ocrx_word' id='word_1_4' title='bbox 1214 273 1277 282; x_wconf 91' lang='lat'><strong>—</strong></span> <span class='ocrx_word' id='word_1_5' title='bbox 1322 236 1739 295; x_wconf 73' lang='lat' dir='ltr'><strong>PRIVILEGIA.</strong></span> <span class='ocrx_word' id='word_1_6' title='bbox 1781 262 1852 275; x_wconf 95' lang='lat'><strong>—</strong></span> <span class='ocrx_word' id='word_1_7' title='bbox 1889 233 1973 289; x_wconf 91' lang='lat' dir='ltr'><strong>Ill.</strong></span> <span class='ocrx_word' id='word_1_8' title='bbox 2016 231 2265 288; x_wconf 72' lang='lat' dir='ltr'><strong>PRIVIL.</strong></span> <span class='ocrx_word' id='word_1_9' title='bbox 2309 232 2442 287; x_wconf 74' lang='grc' dir='ltr'><strong>Ρειι</strong></span> <span class='ocrx_word' id='word_1_10' title='bbox 2502 230 2773 286; x_wconf 70' lang='lat' dir='ltr'><strong>PARTES</strong></span> <span class='ocrx_word' id='word_1_11' title='bbox 2810 230 3218 284; x_wconf 71' lang='grc' dir='ltr'><strong>ϐΕΙὶὶΙΛΝΙιΕ.</strong></span> 
     </span>
    </p>
   </div>
   <div class='ocr_carea' id='block_1_2' title="bbox 3299 231 3433 283">
    <p class='ocr_par' dir='ltr' id='par_1_2' title="bbox 3299 231 3433 283">
     <span class='ocr_line' id='line_1_2' title="bbox 3299 231 3433 283; baseline 0 -4"><span class='ocrx_word' id='word_1_12' title='bbox 3299 231 3433 283; x_wconf 78' lang='grc' dir='ltr'><strong>10Ἱο</strong></span> 
     </span>
    </p>
   </div>
   <div class='ocr_carea' id='block_1_3' title="bbox 129 342 3435 430">
    <p class='ocr_par' dir='ltr' id='par_1_3' title="bbox 129 342 3435 430">
     <span class='ocr_line' id='line_1_3' title="bbox 129 342 3435 430; baseline -0.005 -16"><span class='ocrx_word' id='word_1_13' title='bbox 129 368 441 419; x_wconf 48' lang='grc' dir='ltr'><strong>ιιημιειῑιιιη</strong></span> <span class='ocrx_word' id='word_1_14' title='bbox 473 365 642 419; x_wconf 73' lang='lat' dir='ltr'><strong>sancti</strong></span> <span class='ocrx_word' id='word_1_15' title='bbox 683 362 975 417; x_wconf 72' lang='lat' dir='ltr'><strong>salvatoris</strong></span> <span class='ocrx_word' id='word_1_16' title='bbox 1006 376 1099 430; x_wconf 89' lang='lat' dir='ltr'><strong>per</strong></span> <span class='ocrx_word' id='word_1_17' title='bbox 1140 368 1465 427; x_wconf 74' lang='lat' dir='ltr'><strong>prmceptum</strong></span> <span class='ocrx_word' id='word_1_18' title='bbox 1504 353 1737 425; x_wconf 84' lang='lat' dir='ltr'><strong>auctori-</strong></span> <span class='ocrx_word' id='word_1_19' title='bbox 1770 352 1821 409; x_wconf 85' lang='grc' dir='ltr'><strong>Λ</strong></span> <span class='ocrx_word' id='word_1_20' title='bbox 1848 349 2020 403; x_wconf 83' lang='lat' dir='ltr'><strong>valeat</strong></span> <span class='ocrx_word' id='word_1_21' title='bbox 2062 363 2394 418; x_wconf 82' lang='lat' dir='ltr'><strong>permanere,</strong></span> <span class='ocrx_word' id='word_1_22' title='bbox 2440 363 2597 401; x_wconf 88' lang='lat' dir='ltr'><strong>manu</strong></span> <span class='ocrx_word' id='word_1_23' title='bbox 2640 345 2851 415; x_wconf 89' lang='lat' dir='ltr'><strong>propria</strong></span> <span class='ocrx_word' id='word_1_24' title='bbox 2882 344 3237 405; x_wconf 76' lang='lat' dir='ltr'><strong>firmavimus,</strong></span> <span class='ocrx_word' id='word_1_25' title='bbox 3273 353 3326 397; x_wconf 89' lang='lat' dir='ltr'><strong>et</strong></span> <span class='ocrx_word' id='word_1_26' title='bbox 3366 342 3435 397; x_wconf 87' lang='lat' dir='ltr'><strong>de</strong></span> 
     </span>
    </p>
   </div>
   <div class='ocr_carea' id='block_1_4' title="bbox 127 452 1740 526">
    <p class='ocr_par' dir='ltr' id='par_1_4' title="bbox 127 452 1740 526">
     <span class='ocr_line' id='line_1_4' title="bbox 127 452 1740 526; baseline -0.009 -14"><span class='ocrx_word' id='word_1_27' title='bbox 127 463 272 512; x_wconf 78' lang='lat' dir='ltr'><strong>tatis</strong></span> <span class='ocrx_word' id='word_1_28' title='bbox 325 468 520 511; x_wconf 79' lang='lat' dir='ltr'><strong>nostra:</strong></span> <span class='ocrx_word' id='word_1_29' title='bbox 565 454 951 526; x_wconf 79' lang='lat' dir='ltr'><strong>delegaviinus,</strong></span> <span class='ocrx_word' id='word_1_30' title='bbox 1002 461 1057 508; x_wconf 89' lang='lat' dir='ltr'><strong>et</strong></span> <span class='ocrx_word' id='word_1_31' title='bbox 1105 452 1299 517; x_wconf 87' lang='lat' dir='ltr'><strong>aliam,</strong></span> <span class='ocrx_word' id='word_1_32' title='bbox 1353 464 1471 515; x_wconf 73' lang='lat' dir='ltr'><strong>qua:</strong></span> <span class='ocrx_word' id='word_1_33' title='bbox 1520 456 1740 501; x_wconf 90' lang='lat' dir='ltr'><strong>vocatur</strong></span> 
     </span>
    </p>
   </div>
   <div class='ocr_carea' id='block_1_5' title="bbox 126 531 1737 620">
    <p class='ocr_par' dir='ltr' id='par_1_5' title="bbox 126 531 1737 620">
     <span class='ocr_line' id='line_1_5' title="bbox 126 531 1737 620; baseline -0.005 -17"><span class='ocrx_word' id='word_1_34' title='bbox 126 553 386 615; x_wconf 63' lang='lat' dir='ltr'><strong>(TutiLeo,</strong></span> <span class='ocrx_word' id='word_1_35' title='bbox 416 550 535 620; x_wconf 84' lang='lat' dir='ltr'><strong>quia</strong></span> <span class='ocrx_word' id='word_1_36' title='bbox 580 550 675 617; x_wconf 88' lang='lat' dir='ltr'><strong>ipsi</strong></span> <span class='ocrx_word' id='word_1_37' title='bbox 709 561 969 617; x_wconf 80' lang='lat' dir='ltr'><strong>pagcnses</strong></span> <span class='ocrx_word' id='word_1_38' title='bbox 1010 546 1187 600; x_wconf 83' lang='lat' dir='ltr'><strong>testati</strong></span> <span class='ocrx_word' id='word_1_39' title='bbox 1230 555 1353 598; x_wconf 85' lang='lat' dir='ltr'><strong>sunt</strong></span> <span class='ocrx_word' id='word_1_40' title='bbox 1382 531 1579 597; x_wconf 79' lang='lat' dir='ltr'><strong>vidisse</strong></span> <span class='ocrx_word' id='word_1_41' title='bbox 1618 556 1737 595; x_wconf 83' lang='lat' dir='ltr'><strong>eam</strong></span> 
     </span>
    </p>
   </div>
   <div class='ocr_carea' id='block_1_6' title="bbox 128 635 1740 712">
    <p class='ocr_par' dir='ltr' id='par_1_6' title="bbox 128 635 1740 712">
     <span class='ocr_line' id='line_1_6' title="bbox 128 635 1740 712; baseline -0.004 -17"><span class='ocrx_word' id='word_1_42' title='bbox 128 643 372 708; x_wconf 85' lang='lat' dir='ltr'><strong>habere,</strong></span> <span class='ocrx_word' id='word_1_43' title='bbox 416 643 551 696; x_wconf 65' lang='lat' dir='ltr'><strong>avia:</strong></span> <span class='ocrx_word' id='word_1_44' title='bbox 593 641 759 712; x_wconf 90' lang='lat' dir='ltr'><strong>ipsius</strong></span> <span class='ocrx_word' id='word_1_45' title='bbox 804 641 1009 695; x_wconf 77' lang='lat' dir='ltr'><strong>Asoarii</strong></span> <span class='ocrx_word' id='word_1_46' title='bbox 1042 638 1312 694; x_wconf 78' lang='lat' dir='ltr'><strong>&#39;l‘eodild:c</strong></span> <span class='ocrx_word' id='word_1_47' title='bbox 1354 638 1406 690; x_wconf 92' lang='lat' dir='ltr'><strong>in</strong></span> <span class='ocrx_word' id='word_1_48' title='bbox 1448 635 1602 690; x_wconf 84' lang='lat' dir='ltr'><strong>ainde</strong></span> <span class='ocrx_word' id='word_1_49' title='bbox 1645 650 1740 704; x_wconf 87' lang='lat' dir='ltr'><strong>per</strong></span> 
     </span>
    </p>
   </div>
   <div class='ocr_carea' id='block_1_7' title="bbox 130 727 1737 789">
    <p class='ocr_par' dir='ltr' id='par_1_7' title="bbox 130 727 1737 789">
     <span class='ocr_line' id='line_1_7' title="bbox 130 727 1737 789; baseline -0.004 -3"><span class='ocrx_word' id='word_1_50' title='bbox 130 745 391 788; x_wconf 86' lang='lat' dir='ltr'><strong>nostram</strong></span> <span class='ocrx_word' id='word_1_51' title='bbox 420 732 857 789; x_wconf 83' lang='lat' dir='ltr'><strong>confirmavimus</strong></span> <span class='ocrx_word' id='word_1_52' title='bbox 885 728 1280 785; x_wconf 80' lang='lat' dir='ltr'><strong>auctoritatem.</strong></span> <span class='ocrx_word' id='word_1_53' title='bbox 1326 727 1520 782; x_wconf 88' lang='lat' dir='ltr'><strong>lterum</strong></span> <span class='ocrx_word' id='word_1_54' title='bbox 1561 737 1737 781; x_wconf 88' lang='lat' dir='ltr'><strong>autem</strong></span> 
     </span>
    </p>
   </div>
   <div class='ocr_carea' id='block_1_8' title="bbox 127 816 1740 893">
    <p class='ocr_par' dir='ltr' id='par_1_8' title="bbox 127 816 1740 893">
     <span class='ocr_line' id='line_1_8' title="bbox 127 816 1740 893; baseline -0.004 -16"><span class='ocrx_word' id='word_1_55' title='bbox 127 835 266 891; x_wconf 88' lang='lat' dir='ltr'><strong>post</strong></span> <span class='ocrx_word' id='word_1_56' title='bbox 308 825 612 893; x_wconf 88' lang='lat' dir='ltr'><strong>aliquantos</strong></span> <span class='ocrx_word' id='word_1_57' title='bbox 650 836 821 877; x_wconf 88' lang='lat' dir='ltr'><strong>annos</strong></span> <span class='ocrx_word' id='word_1_58' title='bbox 865 829 981 877; x_wconf 92' lang='lat' dir='ltr'><strong>orta</strong></span> <span class='ocrx_word' id='word_1_59' title='bbox 1026 829 1109 876; x_wconf 88' lang='lat' dir='ltr'><strong>est</strong></span> <span class='ocrx_word' id='word_1_60' title='bbox 1154 819 1378 875; x_wconf 88' lang='lat' dir='ltr'><strong>intentio</strong></span> <span class='ocrx_word' id='word_1_61' title='bbox 1422 816 1740 891; x_wconf 85' lang='lat' dir='ltr'><strong>[contentio]</strong></span> 
     </span>
    </p>
   </div>
   <div class='ocr_carea' id='block_1_9' title="bbox 124 910 1738 987">
    <p class='ocr_par' dir='ltr' id='par_1_9' title="bbox 124 910 1738 987">
     <span class='ocr_line' id='line_1_9' title="bbox 124 910 1738 987; baseline -0.004 -16"><span class='ocrx_word' id='word_1_62' title='bbox 124 916 342 972; x_wconf 78' lang='lat' dir='ltr'><strong>exinde</strong></span> <span class='ocrx_word' id='word_1_63' title='bbox 363 932 459 985; x_wconf 88' lang='lat' dir='ltr'><strong>pro</strong></span> <span class='ocrx_word' id='word_1_64' title='bbox 480 916 746 987; x_wconf 83' lang='lat' dir='ltr'><strong>aliquibus</strong></span> <span class='ocrx_word' id='word_1_65' title='bbox 766 912 1115 985; x_wconf 85' lang='lat' dir='ltr'><strong>appendiciis,</strong></span> <span class='ocrx_word' id='word_1_66' title='bbox 1140 927 1258 980; x_wconf 69' lang='lat' dir='ltr'><strong>quso</strong></span> <span class='ocrx_word' id='word_1_67' title='bbox 1279 911 1342 966; x_wconf 88' lang='lat' dir='ltr'><strong>ad</strong></span> <span class='ocrx_word' id='word_1_68' title='bbox 1368 910 1533 978; x_wconf 86' lang='lat' dir='ltr'><strong>ipsam</strong></span> <span class='ocrx_word' id='word_1_69' title='bbox 1558 911 1738 965; x_wconf 88' lang='lat' dir='ltr'><strong>villam</strong></span> 
     </span>
    </p>
   </div>
   <div class='ocr_carea' id='block_1_10' title="bbox 127 1001 1740 1077">
    <p class='ocr_par' dir='ltr' id='par_1_10' title="bbox 127 1001 1740 1077">
     <span class='ocr_line' id='line_1_10' title="bbox 127 1001 1740 1077; baseline -0.004 -15"><span class='ocrx_word' id='word_1_70' title='bbox 127 1009 452 1073; x_wconf 83' lang='lat' dir='ltr'><strong>pertinent,</strong></span> <span class='ocrx_word' id='word_1_71' title='bbox 497 1010 635 1064; x_wconf 89' lang='lat' dir='ltr'><strong>inter</strong></span> <span class='ocrx_word' id='word_1_72' title='bbox 669 1006 780 1077; x_wconf 88' lang='lat' dir='ltr'><strong>jam</strong></span> <span class='ocrx_word' id='word_1_73' title='bbox 825 1006 1026 1061; x_wconf 91' lang='lat' dir='ltr'><strong>dictum</strong></span> <span class='ocrx_word' id='word_1_74' title='bbox 1072 1002 1349 1057; x_wconf 80' lang='lat' dir='ltr'><strong>Asoarium</strong></span> <span class='ocrx_word' id='word_1_75' title='bbox 1395 1001 1640 1056; x_wconf 89' lang='lat' dir='ltr'><strong>abbatem</strong></span> <span class='ocrx_word' id='word_1_76' title='bbox 1686 1012 1740 1056; x_wconf 89' lang='lat' dir='ltr'><strong>et</strong></span> 
     </span>
    </p>
   </div>
   <div class='ocr_carea' id='block_1_11' title="bbox 127 1094 1737 1163">
    <p class='ocr_par' dir='ltr' id='par_1_11' title="bbox 127 1094 1737 1163">
     <span class='ocr_line' id='line_1_11' title="bbox 127 1094 1737 1163; baseline -0.004 -11"><span class='ocrx_word' id='word_1_77' title='bbox 127 1099 424 1154; x_wconf 78' lang='lat' dir='ltr'><strong>Nunonem</strong></span> <span class='ocrx_word' id='word_1_78' title='bbox 466 1101 720 1154; x_wconf 88' lang='lat' dir='ltr'><strong>comitem</strong></span> <span class='ocrx_word' id='word_1_79' title='bbox 764 1107 1037 1161; x_wconf 89' lang='lat' dir='ltr'><strong>nostrum,</strong></span> <span class='ocrx_word' id='word_1_80' title='bbox 1068 1095 1155 1163; x_wconf 85' lang='lat' dir='ltr'><strong>qui</strong></span> <span class='ocrx_word' id='word_1_81' title='bbox 1198 1094 1264 1147; x_wconf 90' lang='lat' dir='ltr'><strong>ad</strong></span> <span class='ocrx_word' id='word_1_82' title='bbox 1304 1101 1540 1146; x_wconf 87' lang='lat' dir='ltr'><strong>nostram</strong></span> <span class='ocrx_word' id='word_1_83' title='bbox 1574 1094 1737 1147; x_wconf 83' lang='lat' dir='ltr'><strong>alter-</strong></span> 
     </span>
    </p>
   </div>
   <div class='ocr_carea' id='block_1_12' title="bbox 124 1184 1734 1259">
    <p class='ocr_par' dir='ltr' id='par_1_12' title="bbox 124 1184 1734 1259">
     <span class='ocr_line' id='line_1_12' title="bbox 124 1184 1734 1259; baseline -0.003 -16"><span class='ocrx_word' id='word_1_84' title='bbox 124 1192 318 1246; x_wconf 85' lang='lat' dir='ltr'><strong>cando</strong></span> <span class='ocrx_word' id='word_1_85' title='bbox 342 1192 656 1247; x_wconf 85' lang='lat' dir='ltr'><strong>accedentes</strong></span> <span class='ocrx_word' id='word_1_86' title='bbox 680 1188 1038 1259; x_wconf 66' lang='lat' dir='ltr'><strong>prmsentiam,</strong></span> <span class='ocrx_word' id='word_1_87' title='bbox 1065 1185 1398 1256; x_wconf 86' lang='lat' dir='ltr'><strong>repperimus</strong></span> <span class='ocrx_word' id='word_1_88' title='bbox 1417 1184 1734 1252; x_wconf 84' lang='lat' dir='ltr'><strong>certissime,</strong></span> 
     </span>
    </p>
   </div>
   <div class='ocr_carea' id='block_1_13' title="bbox 126 1280 1737 1353">
    <p class='ocr_par' dir='ltr' id='par_1_13' title="bbox 126 1280 1737 1353">
     <span class='ocr_line' id='line_1_13' title="bbox 126 1280 1737 1353; baseline -0.004 -18"><span class='ocrx_word' id='word_1_89' title='bbox 126 1296 248 1337; x_wconf 87' lang='lat' dir='ltr'><strong>tam</strong></span> <span class='ocrx_word' id='word_1_90' title='bbox 285 1300 383 1353; x_wconf 91' lang='lat' dir='ltr'><strong>per</strong></span> <span class='ocrx_word' id='word_1_91' title='bbox 412 1297 633 1339; x_wconf 82' lang='lat' dir='ltr'><strong>veraces</strong></span> <span class='ocrx_word' id='word_1_92' title='bbox 664 1280 930 1341; x_wconf 85' lang='lat' dir='ltr'><strong>homines,</strong></span> <span class='ocrx_word' id='word_1_93' title='bbox 956 1294 1111 1348; x_wconf 89' lang='lat' dir='ltr'><strong>quam</strong></span> <span class='ocrx_word' id='word_1_94' title='bbox 1143 1291 1235 1348; x_wconf 89' lang='lat' dir='ltr'><strong>per</strong></span> <span class='ocrx_word' id='word_1_95' title='bbox 1262 1283 1578 1341; x_wconf 90' lang='lat' dir='ltr'><strong>strumenta,</strong></span> <span class='ocrx_word' id='word_1_96' title='bbox 1610 1290 1737 1344; x_wconf 90' lang='lat' dir='ltr'><strong>qua-</strong></span> 
     </span>
    </p>
   </div>
   <div class='ocr_carea' id='block_1_14' title="bbox 128 1366 1736 1436">
    <p class='ocr_par' dir='ltr' id='par_1_14' title="bbox 128 1366 1736 1436">
     <span class='ocr_line' id='line_1_14' title="bbox 128 1366 1736 1436; baseline -0.003 -11"><span class='ocrx_word' id='word_1_97' title='bbox 128 1376 264 1427; x_wconf 86' lang='lat' dir='ltr'><strong>liter</strong></span> <span class='ocrx_word' id='word_1_98' title='bbox 287 1383 415 1428; x_wconf 89' lang='lat' dir='ltr'><strong>ante</strong></span> <span class='ocrx_word' id='word_1_99' title='bbox 436 1373 573 1427; x_wconf 86' lang='lat' dir='ltr'><strong>dicta</strong></span> <span class='ocrx_word' id='word_1_100' title='bbox 601 1372 716 1426; x_wconf 88' lang='lat' dir='ltr'><strong>avia</strong></span> <span class='ocrx_word' id='word_1_101' title='bbox 744 1386 839 1426; x_wconf 91' lang='lat' dir='ltr'><strong>sua</strong></span> <span class='ocrx_word' id='word_1_102' title='bbox 865 1367 1265 1423; x_wconf 76' lang='lat' dir='ltr'><strong>&#39;l‘heodelhildis</strong></span> <span class='ocrx_word' id='word_1_103' title='bbox 1294 1381 1453 1434; x_wconf 89' lang='lat' dir='ltr'><strong>supra</strong></span> <span class='ocrx_word' id='word_1_104' title='bbox 1482 1366 1736 1436; x_wconf 82' lang='lat' dir='ltr'><strong>seriptam</strong></span> 
     </span>
    </p>
   </div>
   <div class='ocr_carea' id='block_1_15' title="bbox 130 1456 1811 1528">
    <p class='ocr_par' dir='ltr' id='par_1_15' title="bbox 130 1456 1811 1528">
     <span class='ocr_line' id='line_1_15' title="bbox 130 1456 1811 1528; baseline -0.002 -14"><span class='ocrx_word' id='word_1_105' title='bbox 130 1464 329 1518; x_wconf 81' lang='lat' dir='ltr'><strong>villam</strong></span> <span class='ocrx_word' id='word_1_106' title='bbox 379 1462 655 1519; x_wconf 87' lang='lat' dir='ltr'><strong>Catiacum</strong></span> <span class='ocrx_word' id='word_1_107' title='bbox 701 1475 822 1517; x_wconf 87' lang='lat' dir='ltr'><strong>cum</strong></span> <span class='ocrx_word' id='word_1_108' title='bbox 869 1460 988 1514; x_wconf 87' lang='lat' dir='ltr'><strong>aliis</strong></span> <span class='ocrx_word' id='word_1_109' title='bbox 1035 1460 1191 1514; x_wconf 89' lang='lat' dir='ltr'><strong>rebus</strong></span> <span class='ocrx_word' id='word_1_110' title='bbox 1241 1456 1579 1528; x_wconf 83' lang='lat' dir='ltr'><strong>proprietatis</strong></span> <span class='ocrx_word' id='word_1_111' title='bbox 1625 1471 1735 1511; x_wconf 77' lang='lat' dir='ltr'><strong>sua:</strong></span> <span class='ocrx_word' id='word_1_112' title='bbox 1809 1494 1811 1497; x_wconf 58' lang='grc' dir='ltr'><strong><em>τ</em></strong></span> 
     </span>
    </p>
   </div>
   <div class='ocr_carea' id='block_1_16' title="bbox 126 1550 1732 1627">
    <p class='ocr_par' dir='ltr' id='par_1_16' title="bbox 126 1550 1732 1627">
     <span class='ocr_line' id='line_1_16' title="bbox 126 1550 1732 1627; baseline -0.005 -16"><span class='ocrx_word' id='word_1_113' title='bbox 126 1559 346 1613; x_wconf 81' lang='lat' dir='ltr'><strong>domno</strong></span> <span class='ocrx_word' id='word_1_114' title='bbox 372 1566 427 1612; x_wconf 87' lang='lat' dir='ltr'><strong>et</strong></span> <span class='ocrx_word' id='word_1_115' title='bbox 469 1556 694 1627; x_wconf 82' lang='lat' dir='ltr'><strong>genitori</strong></span> <span class='ocrx_word' id='word_1_116' title='bbox 737 1563 923 1609; x_wconf 88' lang='lat' dir='ltr'><strong>nostro</strong></span> <span class='ocrx_word' id='word_1_117' title='bbox 953 1552 1280 1623; x_wconf 83' lang='lat' dir='ltr'><strong>tradiderat,</strong></span> <span class='ocrx_word' id='word_1_118' title='bbox 1312 1559 1366 1605; x_wconf 88' lang='lat' dir='ltr'><strong>et</strong></span> <span class='ocrx_word' id='word_1_119' title='bbox 1406 1550 1525 1605; x_wconf 88' lang='lat' dir='ltr'><strong>ideo</strong></span> <span class='ocrx_word' id='word_1_120' title='bbox 1554 1562 1732 1604; x_wconf 75' lang='lat' dir='ltr'><strong>nostra</strong></span> 
     </span>
    </p>
   </div>
   <div class='ocr_carea' id='block_1_17' title="bbox 128 1641 1731 1719">
    <p class='ocr_par' dir='ltr' id='par_1_17' title="bbox 128 1641 1731 1719">
     <span class='ocr_line' id='line_1_17' title="bbox 128 1641 1731 1719; baseline -0.003 -16"><span class='ocrx_word' id='word_1_121' title='bbox 128 1650 259 1718; x_wconf 85' lang='lat' dir='ltr'><strong>plus</strong></span> <span class='ocrx_word' id='word_1_122' title='bbox 292 1649 500 1719; x_wconf 69' lang='lat' dir='ltr'><strong>legibus</strong></span> <span class='ocrx_word' id='word_1_123' title='bbox 525 1662 643 1702; x_wconf 84' lang='lat' dir='ltr'><strong>eum</strong></span> <span class='ocrx_word' id='word_1_124' title='bbox 671 1645 873 1716; x_wconf 89' lang='lat' dir='ltr'><strong>justitia</strong></span> <span class='ocrx_word' id='word_1_125' title='bbox 903 1659 1023 1699; x_wconf 87' lang='lat' dir='ltr'><strong>esse</strong></span> <span class='ocrx_word' id='word_1_126' title='bbox 1050 1642 1301 1708; x_wconf 84' lang='lat' dir='ltr'><strong>deberet,</strong></span> <span class='ocrx_word' id='word_1_127' title='bbox 1330 1656 1487 1708; x_wconf 88' lang='lat' dir='ltr'><strong>quam</strong></span> <span class='ocrx_word' id='word_1_128' title='bbox 1524 1641 1731 1699; x_wconf 88' lang='lat' dir='ltr'><strong>Asuarii</strong></span> 
     </span>
    </p>
   </div>
   <div class='ocr_carea' id='block_1_18' title="bbox 1843 439 2884 511">
    <p class='ocr_par' dir='ltr' id='par_1_18' title="bbox 1843 439 2884 511">
     <span class='ocr_line' id='line_1_18' title="bbox 1843 439 2884 511; baseline -0.004 -18"><span class='ocrx_word' id='word_1_129' title='bbox 1843 441 2001 494; x_wconf 88' lang='lat' dir='ltr'><strong>anulo</strong></span> <span class='ocrx_word' id='word_1_130' title='bbox 2030 449 2213 494; x_wconf 85' lang='lat' dir='ltr'><strong>nostro</strong></span> <span class='ocrx_word' id='word_1_131' title='bbox 2239 440 2471 510; x_wconf 59' lang='lat' dir='ltr'><strong>singiare</strong></span> <span class='ocrx_word' id='word_1_132' title='bbox 2494 439 2771 506; x_wconf 89' lang='lat' dir='ltr'><strong>jussimus.</strong></span> <span class='ocrx_word' id='word_1_133' title='bbox 2881 509 2884 511; x_wconf 11' lang='grc' dir='ltr'><strong>Δ</strong></span> 
     </span>
    </p>
   </div>
   <div class='ocr_carea' id='block_1_19' title="bbox 1914 514 3433 601">
    <p class='ocr_par' dir='ltr' id='par_1_19' title="bbox 1914 514 3433 601">
     <span class='ocr_line' id='line_1_19' title="bbox 1914 514 3433 601; baseline -0.007 -15"><span class='ocrx_word' id='word_1_134' title='bbox 1914 532 2133 601; x_wconf 83' lang='lat' dir='ltr'><strong>Signum</strong></span> <span class='ocrx_word' id='word_1_135' title='bbox 2163 533 2336 586; x_wconf 81' lang='lat' dir='ltr'><strong>Caroli</strong></span> <span class='ocrx_word' id='word_1_136' title='bbox 2365 514 2737 601; x_wconf 80' lang='lat' dir='ltr'><strong>gloriosissimi</strong></span> <span class='ocrx_word' id='word_1_137' title='bbox 2766 528 2928 598; x_wconf 83' lang='lat' dir='ltr'><strong>regis.</strong></span> <span class='ocrx_word' id='word_1_138' title='bbox 2964 524 3325 581; x_wconf 76' lang='lat' dir='ltr'><strong>Ercaubaldus</strong></span> <span class='ocrx_word' id='word_1_139' title='bbox 3367 527 3433 579; x_wconf 71' lang='lat' dir='ltr'><strong>ad</strong></span> 
     </span>
    </p>
   </div>
   <div class='ocr_carea' id='block_1_20' title="bbox 1844 624 2442 694">
    <p class='ocr_par' dir='ltr' id='par_1_20' title="bbox 1844 624 2442 694">
     <span class='ocr_line' id='line_1_20' title="bbox 1844 624 2442 694; baseline 0.003 -19"><span class='ocrx_word' id='word_1_140' title='bbox 1844 641 1864 675; x_wconf 86' lang='lat'><strong><em>\</em></strong></span> <span class='ocrx_word' id='word_1_141' title='bbox 1880 624 2079 679; x_wconf 83' lang='lat' dir='ltr'><strong>icetn...</strong></span> <span class='ocrx_word' id='word_1_142' title='bbox 2092 665 2106 680; x_wconf 93' lang='lat'><strong>.</strong></span> <span class='ocrx_word' id='word_1_143' title='bbox 2138 626 2442 694; x_wconf 81' lang='lat' dir='ltr'><strong>recognovi.</strong></span> 
     </span>
    </p>
   </div>
   <div class='ocr_carea' id='block_1_21' title="bbox 1919 707 3433 782">
    <p class='ocr_par' dir='ltr' id='par_1_21' title="bbox 1919 707 3433 782">
     <span class='ocr_line' id='line_1_21' title="bbox 1919 707 3433 782; baseline -0.005 -13"><span class='ocrx_word' id='word_1_144' title='bbox 1919 716 2046 769; x_wconf 86' lang='lat' dir='ltr'><strong>Data</strong></span> <span class='ocrx_word' id='word_1_145' title='bbox 2084 732 2175 771; x_wconf 80' lang='lat' dir='ltr'><strong>xui</strong></span> <span class='ocrx_word' id='word_1_146' title='bbox 2210 712 2438 770; x_wconf 72' lang='lat' dir='ltr'><strong>Kalend.</strong></span> <span class='ocrx_word' id='word_1_147' title='bbox 2479 714 2728 780; x_wconf 74' lang='lat' dir='ltr'><strong>Martias,</strong></span> <span class='ocrx_word' id='word_1_148' title='bbox 2770 725 2911 767; x_wconf 89' lang='lat' dir='ltr'><strong>anno</strong></span> <span class='ocrx_word' id='word_1_149' title='bbox 2957 725 3142 766; x_wconf 78' lang='lat' dir='ltr'><strong>xxvtm</strong></span> <span class='ocrx_word' id='word_1_150' title='bbox 3176 707 3346 782; x_wconf 61' lang='lat' dir='ltr'><strong>intr,</strong></span> <span class='ocrx_word' id='word_1_151' title='bbox 3381 720 3433 763; x_wconf 89' lang='lat' dir='ltr'><strong>ct</strong></span> 
     </span>
    </p>
   </div>
   <div class='ocr_carea' id='block_1_22' title="bbox 1844 804 2363 875">
    <p class='ocr_par' dir='ltr' id='par_1_22' title="bbox 1844 804 2363 875">
     <span class='ocr_line' id='line_1_22' title="bbox 1844 804 2363 875; baseline -0.002 -16"><span class='ocrx_word' id='word_1_152' title='bbox 1844 818 1967 859; x_wconf 78' lang='lat' dir='ltr'><strong>xxrv</strong></span> <span class='ocrx_word' id='word_1_153' title='bbox 2000 805 2145 875; x_wconf 83' lang='lat' dir='ltr'><strong>regni</strong></span> <span class='ocrx_word' id='word_1_154' title='bbox 2177 804 2363 858; x_wconf 85' lang='lat' dir='ltr'><strong>nostri.</strong></span> 
     </span>
    </p>
   </div>
   <div class='ocr_carea' id='block_1_23' title="bbox 1914 887 3434 967">
    <p class='ocr_par' dir='ltr' id='par_1_23' title="bbox 1914 887 3434 967">
     <span class='ocr_line' id='line_1_23' title="bbox 1914 887 3434 967; baseline -0.007 -15"><span class='ocrx_word' id='word_1_155' title='bbox 1914 898 1973 952; x_wconf 78' lang='grc' dir='ltr'><strong>Α.</strong></span> <span class='ocrx_word' id='word_1_156' title='bbox 1996 909 2106 952; x_wconf 90' lang='lat' dir='ltr'><strong>tum</strong></span> <span class='ocrx_word' id='word_1_157' title='bbox 2148 895 2466 967; x_wconf 80' lang='lat' dir='ltr'><strong>Aquisgrani</strong></span> <span class='ocrx_word' id='word_1_158' title='bbox 2508 895 2707 965; x_wconf 87' lang='lat' dir='ltr'><strong>palatio</strong></span> <span class='ocrx_word' id='word_1_159' title='bbox 2748 900 2936 950; x_wconf 91' lang='lat' dir='ltr'><strong>nostro</strong></span> <span class='ocrx_word' id='word_1_160' title='bbox 2976 891 3216 965; x_wconf 81' lang='lat' dir='ltr'><strong>publice,</strong></span> <span class='ocrx_word' id='word_1_161' title='bbox 3253 890 3307 945; x_wconf 92' lang='lat' dir='ltr'><strong>in</strong></span> <span class='ocrx_word' id='word_1_162' title='bbox 3345 887 3434 944; x_wconf 85' lang='lat' dir='ltr'><strong>Dei</strong></span> 
     </span>
    </p>
   </div>
   <div class='ocr_carea' id='block_1_24' title="bbox 1842 988 2767 1111">
    <p class='ocr_par' dir='ltr' id='par_1_24' title="bbox 1842 988 2767 1111">
     <span class='ocr_line' id='line_1_24' title="bbox 1842 988 2767 1111; baseline -0.008 -68"><span class='ocrx_word' id='word_1_163' title='bbox 1842 992 2058 1044; x_wconf 86' lang='lat' dir='ltr'><strong>nomine</strong></span> <span class='ocrx_word' id='word_1_164' title='bbox 2085 988 2323 1043; x_wconf 81' lang='lat' dir='ltr'><strong>feliciter.</strong></span> <span class='ocrx_word' id='word_1_165' title='bbox 2360 989 2549 1042; x_wconf 72' lang='lat' dir='ltr'><strong>Amen.</strong></span> <span class='ocrx_word' id='word_1_166' title='bbox 2585 1056 2683 1111; x_wconf 48' lang='lat' dir='ltr'><strong>x‘</strong></span> <span class='ocrx_word' id='word_1_167' title='bbox 2761 1018 2767 1025; x_wconf 62' lang='grc' dir='ltr'>ι</span> 
     </span>
    </p>
   </div>
   <div class='ocr_carea' id='block_1_25' title="bbox 1842 1144 3436 1231">
    <p class='ocr_par' dir='ltr' id='par_1_25' title="bbox 1842 1144 3436 1231">
     <span class='ocr_line' id='line_1_25' title="bbox 1842 1144 3436 1231; baseline -0.006 -26"><span class='ocrx_word' id='word_1_168' title='bbox 1842 1148 2017 1231; x_wconf 70' lang='lat' dir='ltr'><strong>Carofi</strong></span> <span class='ocrx_word' id='word_1_169' title='bbox 2057 1148 2237 1231; x_wconf 78' lang='lat' dir='ltr'><strong>Magni</strong></span> <span class='ocrx_word' id='word_1_170' title='bbox 2276 1149 2602 1231; x_wconf 53' lang='lat' dir='ltr'><strong>imperatoris</strong></span> <span class='ocrx_word' id='word_1_171' title='bbox 2642 1148 2988 1231; x_wconf 55' lang='lat' dir='ltr'><strong>donationquq</strong></span> <span class='ocrx_word' id='word_1_172' title='bbox 3023 1144 3222 1215; x_wconf 81' lang='lat' dir='ltr'><strong>confert</strong></span> <span class='ocrx_word' id='word_1_173' title='bbox 3255 1144 3436 1231; x_wconf 43' lang='lat' dir='ltr'><strong>‘archif</strong></span> 
     </span>
    </p>
   </div>
   <div class='ocr_carea' id='block_1_26' title="bbox 1910 1215 3438 1362">
    <p class='ocr_par' dir='ltr' id='par_1_26' title="bbox 1910 1215 3438 1362">
     <span class='ocr_line' id='line_1_26' title="bbox 1910 1215 3438 1362; baseline -0.005 -88"><span class='ocrx_word' id='word_1_174' title='bbox 1910 1215 2230 1362; x_wconf 48' lang='grc' dir='ltr'><em>ῑρὶεσψὲὀ</em></span> <span class='ocrx_word' id='word_1_175' title='bbox 2269 1215 2494 1274; x_wconf 71' lang='lat' dir='ltr'><strong>eccleiar</strong></span> <span class='ocrx_word' id='word_1_176' title='bbox 2526 1217 2812 1274; x_wconf 79' lang='lat' dir='ltr'><strong>Trevircnsi</strong></span> <span class='ocrx_word' id='word_1_177' title='bbox 2842 1215 3075 1272; x_wconf 68' lang='lat' dir='ltr'><strong>Cetrium</strong></span> <span class='ocrx_word' id='word_1_178' title='bbox 3103 1231 3217 1270; x_wconf 70' lang='lat' dir='ltr'><strong>cum</strong></span> <span class='ocrx_word' id='word_1_179' title='bbox 3248 1218 3438 1286; x_wconf 74' lang='lat' dir='ltr'><strong>[cresia</strong></span> 
     </span>
     <span class='ocr_line' id='line_1_27' title="bbox 1936 1308 2254 1345; baseline 0 0"><span class='ocrx_word' id='word_1_180' title='bbox 1936 1308 2071 1345; x_wconf 83' lang='lat' dir='ltr'><strong>anno</strong></span> <span class='ocrx_word' id='word_1_181' title='bbox 2239 1330 2254 1345; x_wconf 94' lang='lat'><em>.</em></span> 
     </span>
    </p>
   </div>
   <div class='ocr_carea' id='block_1_27' title="bbox 2266 1379 2918 1447">
    <p class='ocr_par' dir='ltr' id='par_1_27' title="bbox 2266 1379 2918 1447">
     <span class='ocr_line' id='line_1_28' title="bbox 2266 1379 2918 1447; baseline -0.003 -18"><span class='ocrx_word' id='word_1_182' title='bbox 2266 1438 2275 1447; x_wconf 87' lang='lat'>_</span> <span class='ocrx_word' id='word_1_183' title='bbox 2353 1380 2446 1443; x_wconf 75' lang='lat' dir='ltr'><strong>(Ex</strong></span> <span class='ocrx_word' id='word_1_184' title='bbox 2472 1379 2755 1440; x_wconf 89' lang='lat' dir='ltr'><strong>llonthelm,</strong></span> <span class='ocrx_word' id='word_1_185' title='bbox 2779 1379 2918 1440; x_wconf 88' lang='lat' dir='ltr'><strong>ibid.)</strong></span> 
     </span>
    </p>
   </div>
   <div class='ocr_carea' id='block_1_28' title="bbox 1917 1459 3440 1520">
    <p class='ocr_par' dir='ltr' id='par_1_28' title="bbox 1917 1459 3440 1520">
     <span class='ocr_line' id='line_1_29' title="bbox 1917 1459 3440 1520; baseline -0.005 -3"><span class='ocrx_word' id='word_1_186' title='bbox 1917 1464 1970 1517; x_wconf 93' lang='lat' dir='ltr'><strong>lu</strong></span> <span class='ocrx_word' id='word_1_187' title='bbox 2020 1464 2235 1520; x_wconf 85' lang='lat' dir='ltr'><strong>nomine</strong></span> <span class='ocrx_word' id='word_1_188' title='bbox 2278 1475 2467 1519; x_wconf 86' lang='lat' dir='ltr'><strong>sancte</strong></span> <span class='ocrx_word' id='word_1_189' title='bbox 2498 1476 2551 1519; x_wconf 86' lang='lat' dir='ltr'><strong>et</strong></span> <span class='ocrx_word' id='word_1_190' title='bbox 2590 1464 2861 1518; x_wconf 78' lang='lat' dir='ltr'><strong>individuo</strong></span> <span class='ocrx_word' id='word_1_191' title='bbox 2888 1461 3186 1517; x_wconf 69' lang='lat' dir='ltr'><strong>Trinitatis.</strong></span> <span class='ocrx_word' id='word_1_192' title='bbox 3219 1459 3440 1513; x_wconf 64' lang='lat' dir='ltr'><strong>Carolus</strong></span> 
     </span>
    </p>
   </div>
   <div class='ocr_carea' id='block_1_29' title="bbox 1839 1551 3440 1624">
    <p class='ocr_par' dir='ltr' id='par_1_29' title="bbox 1839 1551 3440 1624">
     <span class='ocr_line' id='line_1_30' title="bbox 1839 1551 3440 1624; baseline -0.005 -15"><span class='ocrx_word' id='word_1_193' title='bbox 1839 1557 2016 1609; x_wconf 89' lang='lat' dir='ltr'><strong>divina</strong></span> <span class='ocrx_word' id='word_1_194' title='bbox 2044 1556 2256 1611; x_wconf 80' lang='lat' dir='ltr'><strong>favente</strong></span> <span class='ocrx_word' id='word_1_195' title='bbox 2279 1556 2569 1611; x_wconf 86' lang='lat' dir='ltr'><strong>clementia</strong></span> <span class='ocrx_word' id='word_1_196' title='bbox 2602 1556 2892 1624; x_wconf 76' lang='lat' dir='ltr'><strong>imperator</strong></span> <span class='ocrx_word' id='word_1_197' title='bbox 2913 1564 3169 1623; x_wconf 78' lang='lat' dir='ltr'><strong>angustus</strong></span> <span class='ocrx_word' id='word_1_198' title='bbox 3199 1560 3256 1606; x_wconf 88' lang='lat' dir='ltr'><strong>et</strong></span> <span class='ocrx_word' id='word_1_199' title='bbox 3284 1551 3440 1605; x_wconf 73' lang='lat' dir='ltr'><strong>Fian-</strong></span> 
     </span>
    </p>
   </div>
   <div class='ocr_carea' id='block_1_30' title="bbox 1839 1646 3436 1715">
    <p class='ocr_par' dir='ltr' id='par_1_30' title="bbox 1839 1646 3436 1715">
     <span class='ocr_line' id='line_1_31' title="bbox 1839 1646 3436 1715; baseline -0.003 -15"><span class='ocrx_word' id='word_1_200' title='bbox 1839 1662 2023 1701; x_wconf 83' lang='lat' dir='ltr'><strong>corum</strong></span> <span class='ocrx_word' id='word_1_201' title='bbox 2054 1650 2324 1715; x_wconf 77' lang='lat' dir='ltr'><strong>patricius.</strong></span> <span class='ocrx_word' id='word_1_202' title='bbox 2356 1648 2681 1713; x_wconf 88' lang='lat' dir='ltr'><strong>Comitibus,</strong></span> <span class='ocrx_word' id='word_1_203' title='bbox 2711 1647 2938 1701; x_wconf 54' lang='lat' dir='ltr'><strong>duribus</strong></span> <span class='ocrx_word' id='word_1_204' title='bbox 2971 1656 3077 1700; x_wconf 85' lang='lat' dir='ltr'><strong>tam</strong></span> <span class='ocrx_word' id='word_1_205' title='bbox 3108 1646 3243 1699; x_wconf 88' lang='lat' dir='ltr'><strong>ultra</strong></span> <span class='ocrx_word' id='word_1_206' title='bbox 3276 1660 3436 1713; x_wconf 76' lang='lat' dir='ltr'><strong>quain</strong></span> 
     </span>
    </p>
   </div>
   <div class='ocr_carea' id='block_1_31' title="bbox 129 1726 3439 1811">
    <p class='ocr_par' dir='ltr' id='par_1_31' title="bbox 129 1726 3439 1811">
     <span class='ocr_line' id='line_1_32' title="bbox 129 1726 3439 1811; baseline -0.001 -19"><span class='ocrx_word' id='word_1_207' title='bbox 129 1740 355 1794; x_wconf 78' lang='lat' dir='ltr'><strong>abbatis</strong></span> <span class='ocrx_word' id='word_1_208' title='bbox 384 1740 452 1795; x_wconf 87' lang='lat' dir='ltr'><strong>de</strong></span> <span class='ocrx_word' id='word_1_209' title='bbox 494 1747 642 1806; x_wconf 86' lang='lat' dir='ltr'><strong>parte</strong></span> <span class='ocrx_word' id='word_1_210' title='bbox 683 1736 959 1809; x_wconf 71' lang='lat' dir='ltr'><strong>genitrzcis</strong></span> <span class='ocrx_word' id='word_1_211' title='bbox 988 1750 1099 1791; x_wconf 71' lang='lat' dir='ltr'><strong>sua:</strong></span> <span class='ocrx_word' id='word_1_212' title='bbox 1125 1735 1474 1791; x_wconf 71' lang='lat' dir='ltr'><strong>Williaranrc.</strong></span> <span class='ocrx_word' id='word_1_213' title='bbox 1511 1735 1604 1790; x_wconf 88' lang='lat' dir='ltr'><strong>His</strong></span> <span class='ocrx_word' id='word_1_214' title='bbox 1634 1735 1738 1790; x_wconf 88' lang='lat' dir='ltr'><strong>ita-</strong></span> <span class='ocrx_word' id='word_1_215' title='bbox 1771 1726 1818 1785; x_wconf 84' lang='lat' dir='ltr'><strong>B</strong></span> <span class='ocrx_word' id='word_1_216' title='bbox 1848 1738 1985 1793; x_wconf 90' lang='lat' dir='ltr'><strong>circa</strong></span> <span class='ocrx_word' id='word_1_217' title='bbox 2022 1738 2263 1793; x_wconf 75' lang='lat' dir='ltr'><strong>Rhenum</strong></span> <span class='ocrx_word' id='word_1_218' title='bbox 2304 1749 2359 1795; x_wconf 88' lang='lat' dir='ltr'><strong>et</strong></span> <span class='ocrx_word' id='word_1_219' title='bbox 2402 1740 2634 1811; x_wconf 74' lang='lat' dir='ltr'><strong>Ligerim</strong></span> <span class='ocrx_word' id='word_1_220' title='bbox 2666 1740 3003 1810; x_wconf 79' lang='lat' dir='ltr'><strong>degentibus,</strong></span> <span class='ocrx_word' id='word_1_221' title='bbox 3050 1748 3155 1791; x_wconf 91' lang='lat' dir='ltr'><strong>tam</strong></span> <span class='ocrx_word' id='word_1_222' title='bbox 3189 1740 3439 1807; x_wconf 64' lang='lat' dir='ltr'><strong>ptest-nti-</strong></span> 
     </span>
    </p>
   </div>
   <div class='ocr_carea' id='block_1_32' title="bbox 128 1828 1737 1900">
    <p class='ocr_par' dir='ltr' id='par_1_32' title="bbox 128 1828 1737 1900">
     <span class='ocr_line' id='line_1_33' title="bbox 128 1828 1737 1900; baseline 0 -18"><span class='ocrx_word' id='word_1_223' title='bbox 128 1844 243 1899; x_wconf 88' lang='lat' dir='ltr'><strong>que</strong></span> <span class='ocrx_word' id='word_1_224' title='bbox 275 1830 443 1898; x_wconf 73' lang='lat' dir='ltr'><strong>gestis</strong></span> <span class='ocrx_word' id='word_1_225' title='bbox 470 1830 668 1900; x_wconf 92' lang='lat' dir='ltr'><strong>placuit</strong></span> <span class='ocrx_word' id='word_1_226' title='bbox 702 1828 1003 1884; x_wconf 88' lang='lat' dir='ltr'><strong>celsitudini</strong></span> <span class='ocrx_word' id='word_1_227' title='bbox 1034 1836 1229 1883; x_wconf 66' lang='lat' dir='ltr'><strong>nostra:</strong></span> <span class='ocrx_word' id='word_1_228' title='bbox 1250 1876 1262 1895; x_wconf 89' lang='lat'><strong>,</strong></span> <span class='ocrx_word' id='word_1_229' title='bbox 1295 1836 1353 1881; x_wconf 91' lang='lat' dir='ltr'><strong>ut</strong></span> <span class='ocrx_word' id='word_1_230' title='bbox 1390 1828 1462 1882; x_wconf 86' lang='lat' dir='ltr'><strong>ob</strong></span> <span class='ocrx_word' id='word_1_231' title='bbox 1499 1841 1737 1884; x_wconf 90' lang='lat' dir='ltr'><strong>amorem</strong></span> 
     </span>
    </p>
   </div>
   <div class='ocr_carea' id='block_1_33' title="bbox 131 1923 1739 1995">
    <p class='ocr_par' dir='ltr' id='par_1_33' title="bbox 131 1923 1739 1995">
     <span class='ocr_line' id='line_1_34' title="bbox 131 1923 1739 1995; baseline 0.001 -18"><span class='ocrx_word' id='word_1_232' title='bbox 131 1924 243 1995; x_wconf 78' lang='lat' dir='ltr'><strong>Dei</strong></span> <span class='ocrx_word' id='word_1_233' title='bbox 266 1934 324 1981; x_wconf 90' lang='lat' dir='ltr'><strong>et</strong></span> <span class='ocrx_word' id='word_1_234' title='bbox 354 1928 709 1980; x_wconf 85' lang='lat' dir='ltr'><strong>reverentiam</strong></span> <span class='ocrx_word' id='word_1_235' title='bbox 741 1925 928 1994; x_wconf 82' lang='lat' dir='ltr'><strong>ipsius,</strong></span> <span class='ocrx_word' id='word_1_236' title='bbox 961 1925 1081 1994; x_wconf 83' lang='lat' dir='ltr'><strong>quia</strong></span> <span class='ocrx_word' id='word_1_237' title='bbox 1113 1923 1196 1978; x_wconf 90' lang='lat' dir='ltr'><strong>vir</strong></span> <span class='ocrx_word' id='word_1_238' title='bbox 1233 1924 1325 1979; x_wconf 88' lang='lat' dir='ltr'><strong>Dei</strong></span> <span class='ocrx_word' id='word_1_239' title='bbox 1360 1937 1480 1979; x_wconf 77' lang='lat' dir='ltr'><strong>eSSe</strong></span> <span class='ocrx_word' id='word_1_240' title='bbox 1507 1924 1739 1981; x_wconf 82' lang='lat' dir='ltr'><strong>dinosci-</strong></span> 
     </span>
    </p>
   </div>
   <div class='ocr_carea' id='block_1_34' title="bbox 133 2000 1739 2086">
    <p class='ocr_par' dir='ltr' id='par_1_34' title="bbox 133 2000 1739 2086">
     <span class='ocr_line' id='line_1_35' title="bbox 133 2000 1739 2086; baseline 0.002 -17"><span class='ocrx_word' id='word_1_241' title='bbox 133 2028 248 2081; x_wconf 86' lang='lat' dir='ltr'><strong>tur,</strong></span> <span class='ocrx_word' id='word_1_242' title='bbox 280 2032 349 2071; x_wconf 75' lang='lat' dir='ltr'><strong>ex</strong></span> <span class='ocrx_word' id='word_1_243' title='bbox 384 2017 545 2072; x_wconf 87' lang='lat' dir='ltr'><strong>corde</strong></span> <span class='ocrx_word' id='word_1_244' title='bbox 586 2031 716 2086; x_wconf 90' lang='lat' dir='ltr'><strong>puro</strong></span> <span class='ocrx_word' id='word_1_245' title='bbox 754 2000 822 2070; x_wconf 25' lang='lat' dir='ltr'><strong>et.</strong></span> <span class='ocrx_word' id='word_1_246' title='bbox 846 2017 1051 2071; x_wconf 89' lang='lat' dir='ltr'><strong>sincera</strong></span> <span class='ocrx_word' id='word_1_247' title='bbox 1088 2015 1391 2082; x_wconf 82' lang='lat' dir='ltr'><strong>voluntate,</strong></span> <span class='ocrx_word' id='word_1_248' title='bbox 1432 2018 1554 2083; x_wconf 86' lang='lat' dir='ltr'><strong>quia</strong></span> <span class='ocrx_word' id='word_1_249' title='bbox 1596 2016 1739 2072; x_wconf 87' lang='lat' dir='ltr'><strong>aliud</strong></span> 
     </span>
    </p>
   </div>
   <div class='ocr_carea' id='block_1_35' title="bbox 132 2107 1741 2176">
    <p class='ocr_par' dir='ltr' id='par_1_35' title="bbox 132 2107 1741 2176">
     <span class='ocr_line' id='line_1_36' title="bbox 132 2107 1741 2176; baseline 0.004 -17"><span class='ocrx_word' id='word_1_250' title='bbox 132 2123 241 2175; x_wconf 91' lang='lat' dir='ltr'><strong>pro</strong></span> <span class='ocrx_word' id='word_1_251' title='bbox 272 2107 421 2161; x_wconf 88' lang='lat' dir='ltr'><strong>a&#39;iud</strong></span> <span class='ocrx_word' id='word_1_252' title='bbox 444 2148 460 2172; x_wconf 90' lang='lat'><strong>,</strong></span> <span class='ocrx_word' id='word_1_253' title='bbox 488 2122 648 2176; x_wconf 86' lang='lat' dir='ltr'><strong>quam</strong></span> <span class='ocrx_word' id='word_1_254' title='bbox 676 2107 756 2161; x_wconf 92' lang='lat' dir='ltr'><strong>vir</strong></span> <span class='ocrx_word' id='word_1_255' title='bbox 783 2107 1118 2175; x_wconf 86' lang='lat' dir='ltr'><strong>simpliciter,</strong></span> <span class='ocrx_word' id='word_1_256' title='bbox 1151 2108 1305 2163; x_wconf 89' lang='lat' dir='ltr'><strong>nobis</strong></span> <span class='ocrx_word' id='word_1_257' title='bbox 1337 2111 1515 2163; x_wconf 85' lang='lat' dir='ltr'><strong>retulit</strong></span> <span class='ocrx_word' id='word_1_258' title='bbox 1547 2118 1601 2164; x_wconf 87' lang='lat' dir='ltr'><strong>et</strong></span> <span class='ocrx_word' id='word_1_259' title='bbox 1629 2110 1741 2165; x_wconf 82' lang='lat' dir='ltr'><strong>cul-</strong></span> 
     </span>
    </p>
   </div>
   <div class='ocr_carea' id='block_1_36' title="bbox 135 2198 1739 2271">
    <p class='ocr_par' dir='ltr' id='par_1_36' title="bbox 135 2198 1739 2271">
     <span class='ocr_line' id='line_1_37' title="bbox 135 2198 1739 2271; baseline 0.004 -23"><span class='ocrx_word' id='word_1_260' title='bbox 135 2198 341 2266; x_wconf 90' lang='lat' dir='ltr'><strong>pabilis</strong></span> <span class='ocrx_word' id='word_1_261' title='bbox 364 2207 525 2268; x_wconf 85' lang='lat' dir='ltr'><strong>atque</strong></span> <span class='ocrx_word' id='word_1_262' title='bbox 542 2198 822 2254; x_wconf 88' lang='lat' dir='ltr'><strong>convictus</strong></span> <span class='ocrx_word' id='word_1_263' title='bbox 842 2200 1107 2268; x_wconf 80' lang='lat' dir='ltr'><strong>apparuit,</strong></span> <span class='ocrx_word' id='word_1_264' title='bbox 1126 2199 1175 2252; x_wconf 93' lang='lat' dir='ltr'><strong>in</strong></span> <span class='ocrx_word' id='word_1_265' title='bbox 1198 2203 1536 2271; x_wconf 81' lang='lat' dir='ltr'><strong>eleemosyna</strong></span> <span class='ocrx_word' id='word_1_266' title='bbox 1560 2211 1739 2256; x_wconf 88' lang='lat' dir='ltr'><strong>nostra</strong></span> 
     </span>
    </p>
   </div>
   <div class='ocr_carea' id='block_1_37' title="bbox 132 2290 1743 2361">
    <p class='ocr_par' dir='ltr' id='par_1_37' title="bbox 132 2290 1743 2361">
     <span class='ocr_line' id='line_1_38' title="bbox 132 2290 1743 2361; baseline 0.002 -16"><span class='ocrx_word' id='word_1_267' title='bbox 132 2291 183 2345; x_wconf 88' lang='lat' dir='ltr'><strong>ei</strong></span> <span class='ocrx_word' id='word_1_268' title='bbox 214 2292 401 2345; x_wconf 90' lang='lat' dir='ltr'><strong>omnia</strong></span> <span class='ocrx_word' id='word_1_269' title='bbox 448 2290 747 2361; x_wconf 70' lang='lat' dir='ltr'><strong>indulgere,</strong></span> <span class='ocrx_word' id='word_1_270' title='bbox 788 2304 845 2347; x_wconf 86' lang='lat' dir='ltr'><strong>et</strong></span> <span class='ocrx_word' id='word_1_271' title='bbox 884 2292 1103 2361; x_wconf 88' lang='lat' dir='ltr'><strong>insuper</strong></span> <span class='ocrx_word' id='word_1_272' title='bbox 1144 2293 1285 2360; x_wconf 90' lang='lat' dir='ltr'><strong>ipsas</strong></span> <span class='ocrx_word' id='word_1_273' title='bbox 1314 2292 1466 2346; x_wconf 88' lang='lat' dir='ltr'><strong>villas</strong></span> <span class='ocrx_word' id='word_1_274' title='bbox 1495 2291 1743 2361; x_wconf 88' lang='lat' dir='ltr'><strong>superius</strong></span> 
     </span>
    </p>
   </div>
   <div class='ocr_carea' id='block_1_38' title="bbox 134 2384 1741 2456">
    <p class='ocr_par' dir='ltr' id='par_1_38' title="bbox 134 2384 1741 2456">
     <span class='ocr_line' id='line_1_39' title="bbox 134 2384 1741 2456; baseline 0.004 -19"><span class='ocrx_word' id='word_1_275' title='bbox 134 2385 452 2439; x_wconf 90' lang='lat' dir='ltr'><strong>nominatas</strong></span> <span class='ocrx_word' id='word_1_276' title='bbox 492 2384 749 2440; x_wconf 86' lang='lat' dir='ltr'><strong>Lauriaco</strong></span> <span class='ocrx_word' id='word_1_277' title='bbox 778 2393 834 2440; x_wconf 89' lang='lat' dir='ltr'><strong>et</strong></span> <span class='ocrx_word' id='word_1_278' title='bbox 857 2384 1096 2441; x_wconf 86' lang='lat' dir='ltr'><strong>Cattiaco</strong></span> <span class='ocrx_word' id='word_1_279' title='bbox 1121 2400 1240 2440; x_wconf 90' lang='lat' dir='ltr'><strong>cum</strong></span> <span class='ocrx_word' id='word_1_280' title='bbox 1272 2387 1383 2441; x_wconf 93' lang='lat' dir='ltr'><strong>suis</strong></span> <span class='ocrx_word' id='word_1_281' title='bbox 1413 2388 1741 2456; x_wconf 87' lang='lat' dir='ltr'><strong>appendiciis</strong></span> 
     </span>
    </p>
   </div>
   <div class='ocr_carea' id='block_1_39' title="bbox 139 2480 1739 2553">
    <p class='ocr_par' dir='ltr' id='par_1_39' title="bbox 139 2480 1739 2553">
     <span class='ocr_line' id='line_1_40' title="bbox 139 2480 1739 2553; baseline 0.005 -20"><span class='ocrx_word' id='word_1_282' title='bbox 139 2494 240 2547; x_wconf 86' lang='lat' dir='ltr'><strong>pro</strong></span> <span class='ocrx_word' id='word_1_283' title='bbox 271 2480 449 2536; x_wconf 86' lang='lat' dir='ltr'><strong>salute</strong></span> <span class='ocrx_word' id='word_1_284' title='bbox 490 2480 789 2536; x_wconf 88' lang='lat' dir='ltr'><strong>animarum</strong></span> <span class='ocrx_word' id='word_1_285' title='bbox 829 2481 1013 2537; x_wconf 88' lang='lat' dir='ltr'><strong>domni</strong></span> <span class='ocrx_word' id='word_1_286' title='bbox 1044 2496 1106 2538; x_wconf 91' lang='lat' dir='ltr'><strong>ac</strong></span> <span class='ocrx_word' id='word_1_287' title='bbox 1148 2483 1402 2553; x_wconf 80' lang='lat' dir='ltr'><strong>genitoris</strong></span> <span class='ocrx_word' id='word_1_288' title='bbox 1444 2486 1608 2539; x_wconf 90' lang='lat' dir='ltr'><strong>nostri</strong></span> <span class='ocrx_word' id='word_1_289' title='bbox 1647 2500 1739 2541; x_wconf 91' lang='lat' dir='ltr'><strong>seu</strong></span> 
     </span>
    </p>
   </div>
   <div class='ocr_carea' id='block_1_40' title="bbox 135 2570 1741 2641">
    <p class='ocr_par' dir='ltr' id='par_1_40' title="bbox 135 2570 1741 2641">
     <span class='ocr_line' id='line_1_41' title="bbox 135 2570 1741 2641; baseline 0.005 -18"><span class='ocrx_word' id='word_1_290' title='bbox 135 2571 448 2639; x_wconf 73' lang='lat' dir='ltr'><strong>genitricis,</strong></span> <span class='ocrx_word' id='word_1_291' title='bbox 480 2570 548 2626; x_wconf 87' lang='lat' dir='ltr'><strong>ad</strong></span> <span class='ocrx_word' id='word_1_292' title='bbox 580 2571 891 2641; x_wconf 64' lang='lat' dir='ltr'><strong>praedictum</strong></span> <span class='ocrx_word' id='word_1_293' title='bbox 921 2573 1302 2628; x_wconf 87' lang='lat' dir='ltr'><strong>monasterium</strong></span> <span class='ocrx_word' id='word_1_294' title='bbox 1330 2589 1393 2629; x_wconf 81' lang='lat' dir='ltr'><strong>ex</strong></span> <span class='ocrx_word' id='word_1_295' title='bbox 1426 2586 1609 2630; x_wconf 84' lang='lat' dir='ltr'><strong>IIOSil&#39;O</strong></span> <span class='ocrx_word' id='word_1_296' title='bbox 1638 2577 1741 2631; x_wconf 87' lang='lat' dir='ltr'><strong>lar-</strong></span> 
     </span>
    </p>
   </div>
   <div class='ocr_carea' id='block_1_41' title="bbox 132 2662 1738 2731">
    <p class='ocr_par' dir='ltr' id='par_1_41' title="bbox 132 2662 1738 2731">
     <span class='ocr_line' id='line_1_42' title="bbox 132 2662 1738 2731; baseline 0.008 -22"><span class='ocrx_word' id='word_1_297' title='bbox 132 2663 325 2731; x_wconf 74' lang='lat' dir='ltr'><strong>gitatis</strong></span> <span class='ocrx_word' id='word_1_298' title='bbox 362 2676 585 2718; x_wconf 87' lang='lat' dir='ltr'><strong>munere</strong></span> <span class='ocrx_word' id='word_1_299' title='bbox 611 2662 917 2731; x_wconf 85' lang='lat' dir='ltr'><strong>plenissima</strong></span> <span class='ocrx_word' id='word_1_300' title='bbox 945 2663 1330 2720; x_wconf 73' lang='lat' dir='ltr'><strong>deliberatione</strong></span> <span class='ocrx_word' id='word_1_301' title='bbox 1366 2666 1562 2722; x_wconf 86' lang='lat' dir='ltr'><strong>cedere</strong></span> <span class='ocrx_word' id='word_1_302' title='bbox 1589 2676 1646 2723; x_wconf 85' lang='lat' dir='ltr'><strong>et</strong></span> <span class='ocrx_word' id='word_1_303' title='bbox 1686 2668 1738 2722; x_wconf 93' lang='lat' dir='ltr'><strong>in</strong></span> 
     </span>
    </p>
   </div>
   <div class='ocr_carea' id='block_1_42' title="bbox 135 2753 1740 2829">
    <p class='ocr_par' dir='ltr' id='par_1_42' title="bbox 135 2753 1740 2829">
     <span class='ocr_line' id='line_1_43' title="bbox 135 2753 1740 2829; baseline 0.006 -23"><span class='ocrx_word' id='word_1_304' title='bbox 135 2754 400 2807; x_wconf 88' lang='lat' dir='ltr'><strong>omnibus</strong></span> <span class='ocrx_word' id='word_1_305' title='bbox 430 2753 769 2811; x_wconf 80' lang='lat' dir='ltr'><strong>continuare.</strong></span> <span class='ocrx_word' id='word_1_306' title='bbox 807 2754 1117 2813; x_wconf 87' lang='lat' dir='ltr'><strong>Statuentes</strong></span> <span class='ocrx_word' id='word_1_307' title='bbox 1142 2771 1270 2828; x_wconf 78' lang='lat' dir='ltr'><strong>ergo</strong></span> <span class='ocrx_word' id='word_1_308' title='bbox 1294 2757 1565 2827; x_wconf 75' lang='lat' dir='ltr'><strong>iubemus,</strong></span> <span class='ocrx_word' id='word_1_309' title='bbox 1599 2758 1740 2829; x_wconf 88' lang='lat' dir='ltr'><strong>quod</strong></span> 
     </span>
    </p>
   </div>
   <div class='ocr_carea' id='block_1_43' title="bbox 136 2849 1741 2917">
    <p class='ocr_par' dir='ltr' id='par_1_43' title="bbox 136 2849 1741 2917">
     <span class='ocr_line' id='line_1_44' title="bbox 136 2849 1741 2917; baseline 0.004 -15"><span class='ocrx_word' id='word_1_310' title='bbox 136 2849 532 2915; x_wconf 79' lang='lat' dir='ltr'><strong>perpetualiter</strong></span> <span class='ocrx_word' id='word_1_311' title='bbox 562 2862 873 2905; x_wconf 87' lang='lat' dir='ltr'><strong>mansurum</strong></span> <span class='ocrx_word' id='word_1_312' title='bbox 901 2865 1024 2907; x_wconf 81' lang='lat' dir='ltr'><strong>esse</strong></span> <span class='ocrx_word' id='word_1_313' title='bbox 1053 2852 1318 2917; x_wconf 84' lang='lat' dir='ltr'><strong>volumus,</strong></span> <span class='ocrx_word' id='word_1_314' title='bbox 1354 2860 1412 2907; x_wconf 89' lang='lat' dir='ltr'><strong>ut</strong></span> <span class='ocrx_word' id='word_1_315' title='bbox 1453 2854 1645 2909; x_wconf 89' lang='lat' dir='ltr'><strong>amodo</strong></span> <span class='ocrx_word' id='word_1_316' title='bbox 1686 2865 1741 2911; x_wconf 91' lang='lat' dir='ltr'><strong>et</strong></span> 
     </span>
    </p>
   </div>
   <div class='ocr_carea' id='block_1_44' title="bbox 138 2940 1739 3012">
    <p class='ocr_par' dir='ltr' id='par_1_44' title="bbox 138 2940 1739 3012">
     <span class='ocr_line' id='line_1_45' title="bbox 138 2940 1739 3012; baseline 0.006 -19"><span class='ocrx_word' id='word_1_317' title='bbox 138 2940 405 3009; x_wconf 89' lang='lat' dir='ltr'><strong>deinceps</strong></span> <span class='ocrx_word' id='word_1_318' title='bbox 449 2955 593 3012; x_wconf 77' lang='lat' dir='ltr'><strong>stepe</strong></span> <span class='ocrx_word' id='word_1_319' title='bbox 631 2952 957 2998; x_wconf 87' lang='lat' dir='ltr'><strong>memoratus</strong></span> <span class='ocrx_word' id='word_1_320' title='bbox 996 2943 1079 2999; x_wconf 89' lang='lat' dir='ltr'><strong>vir</strong></span> <span class='ocrx_word' id='word_1_321' title='bbox 1119 2945 1441 2999; x_wconf 84' lang='lat' dir='ltr'><strong>venerabilis</strong></span> <span class='ocrx_word' id='word_1_322' title='bbox 1481 2945 1739 3003; x_wconf 83' lang='lat' dir='ltr'><strong>Asuarius</strong></span> 
     </span>
    </p>
   </div>
   <div class='ocr_carea' id='block_1_45' title="bbox 138 3032 1739 3107">
    <p class='ocr_par' dir='ltr' id='par_1_45' title="bbox 138 3032 1739 3107">
     <span class='ocr_line' id='line_1_46' title="bbox 138 3032 1739 3107; baseline 0.005 -21"><span class='ocrx_word' id='word_1_323' title='bbox 138 3032 313 3087; x_wconf 64' lang='lat' dir='ltr'><strong>abbis</strong></span> <span class='ocrx_word' id='word_1_324' title='bbox 354 3032 545 3102; x_wconf 87' lang='lat' dir='ltr'><strong>suique</strong></span> <span class='ocrx_word' id='word_1_325' title='bbox 585 3035 637 3088; x_wconf 91' lang='lat' dir='ltr'><strong>in</strong></span> <span class='ocrx_word' id='word_1_326' title='bbox 678 3044 991 3103; x_wconf 87' lang='lat' dir='ltr'><strong>perpetumn</strong></span> <span class='ocrx_word' id='word_1_327' title='bbox 1031 3042 1389 3100; x_wconf 85' lang='lat' dir='ltr'><strong>suecessores,</strong></span> <span class='ocrx_word' id='word_1_328' title='bbox 1422 3039 1510 3107; x_wconf 88' lang='lat' dir='ltr'><strong>qui</strong></span> <span class='ocrx_word' id='word_1_329' title='bbox 1543 3038 1739 3094; x_wconf 78' lang='lat' dir='ltr'><strong>fuerint</strong></span> 
     </span>
    </p>
   </div>
   <div class='ocr_carea' id='block_1_46' title="bbox 142 3127 1736 3199">
    <p class='ocr_par' dir='ltr' id='par_1_46' title="bbox 142 3127 1736 3199">
     <span class='ocr_line' id='line_1_47' title="bbox 142 3127 1736 3199; baseline 0.009 -25"><span class='ocrx_word' id='word_1_330' title='bbox 142 3135 396 3191; x_wconf 81' lang='lat' dir='ltr'><strong>pastores</strong></span> <span class='ocrx_word' id='word_1_331' title='bbox 442 3127 787 3197; x_wconf 82' lang='lat' dir='ltr'><strong>suprascripti</strong></span> <span class='ocrx_word' id='word_1_332' title='bbox 835 3129 1145 3184; x_wconf 87' lang='lat' dir='ltr'><strong>monasterii</strong></span> <span class='ocrx_word' id='word_1_333' title='bbox 1194 3132 1363 3185; x_wconf 90' lang='lat' dir='ltr'><strong>sancti</strong></span> <span class='ocrx_word' id='word_1_334' title='bbox 1406 3132 1736 3199; x_wconf 84' lang='lat' dir='ltr'><strong>Salvatoris,</strong></span> 
     </span>
    </p>
   </div>
   <div class='ocr_carea' id='block_1_47' title="bbox 138 3217 1741 3290">
    <p class='ocr_par' dir='ltr' id='par_1_47' title="bbox 138 3217 1741 3290">
     <span class='ocr_line' id='line_1_48' title="bbox 138 3217 1741 3290; baseline 0.009 -24"><span class='ocrx_word' id='word_1_335' title='bbox 138 3217 249 3285; x_wconf 75' lang='lat' dir='ltr'><strong>jam</strong></span> <span class='ocrx_word' id='word_1_336' title='bbox 282 3218 461 3273; x_wconf 86' lang='lat' dir='ltr'><strong>dictas</strong></span> <span class='ocrx_word' id='word_1_337' title='bbox 489 3219 639 3273; x_wconf 89' lang='lat' dir='ltr'><strong>villas</strong></span> <span class='ocrx_word' id='word_1_338' title='bbox 670 3219 928 3275; x_wconf 84' lang='lat' dir='ltr'><strong>Lauriaco</strong></span> <span class='ocrx_word' id='word_1_339' title='bbox 965 3231 1019 3277; x_wconf 88' lang='lat' dir='ltr'><strong>et</strong></span> <span class='ocrx_word' id='word_1_340' title='bbox 1049 3221 1303 3290; x_wconf 85' lang='lat' dir='ltr'><strong>Cattiaco,</strong></span> <span class='ocrx_word' id='word_1_341' title='bbox 1338 3240 1437 3278; x_wconf 89' lang='lat' dir='ltr'><strong>una</strong></span> <span class='ocrx_word' id='word_1_342' title='bbox 1478 3241 1597 3280; x_wconf 91' lang='lat' dir='ltr'><strong>cum</strong></span> <span class='ocrx_word' id='word_1_343' title='bbox 1636 3234 1741 3280; x_wconf 86' lang='lat' dir='ltr'><strong>ter-</strong></span> 
     </span>
    </p>
   </div>
   <div class='ocr_carea' id='block_1_48' title="bbox 138 3307 1737 3383">
    <p class='ocr_par' dir='ltr' id='par_1_48' title="bbox 138 3307 1737 3383">
     <span class='ocr_line' id='line_1_49' title="bbox 138 3307 1737 3383; baseline 0.008 -22"><span class='ocrx_word' id='word_1_344' title='bbox 138 3310 236 3372; x_wconf 73' lang='lat' dir='ltr'><strong>ris,</strong></span> <span class='ocrx_word' id='word_1_345' title='bbox 270 3307 544 3374; x_wconf 81' lang='lat' dir='ltr'><strong>domibus,</strong></span> <span class='ocrx_word' id='word_1_346' title='bbox 579 3310 841 3379; x_wconf 73' lang='lat' dir='ltr'><strong>mdificiis,</strong></span> <span class='ocrx_word' id='word_1_347' title='bbox 883 3313 1188 3379; x_wconf 88' lang='lat' dir='ltr'><strong>accolabus,</strong></span> <span class='ocrx_word' id='word_1_348' title='bbox 1220 3316 1519 3383; x_wconf 80' lang='lat' dir='ltr'><strong>mancipiis,</strong></span> <span class='ocrx_word' id='word_1_349' title='bbox 1550 3316 1737 3383; x_wconf 87' lang='lat' dir='ltr'><strong>vineis,</strong></span> 
     </span>
    </p>
   </div>
   <div class='ocr_carea' id='block_1_49' title="bbox 141 3401 1744 3479">
    <p class='ocr_par' dir='ltr' id='par_1_49' title="bbox 141 3401 1744 3479">
     <span class='ocr_line' id='line_1_50' title="bbox 141 3401 1744 3479; baseline 0.007 -26"><span class='ocrx_word' id='word_1_350' title='bbox 141 3401 377 3470; x_wconf 81' lang='lat' dir='ltr'><strong>campis,</strong></span> <span class='ocrx_word' id='word_1_351' title='bbox 434 3401 606 3470; x_wconf 86' lang='lat' dir='ltr'><strong>silvis,</strong></span> <span class='ocrx_word' id='word_1_352' title='bbox 661 3404 848 3473; x_wconf 87' lang='lat' dir='ltr'><strong>pratis,</strong></span> <span class='ocrx_word' id='word_1_353' title='bbox 901 3404 1134 3473; x_wconf 73' lang='lat' dir='ltr'><strong>pascuis,</strong></span> <span class='ocrx_word' id='word_1_354' title='bbox 1184 3408 1336 3474; x_wconf 84' lang='lat' dir='ltr'><strong>aquis</strong></span> <span class='ocrx_word' id='word_1_355' title='bbox 1377 3422 1744 3479; x_wconf 89' lang='lat' dir='ltr'><strong>aquarumque</strong></span> 
     </span>
    </p>
   </div>
   <div class='ocr_carea' id='block_1_50' title="bbox 143 3481 1739 3567">
    <p class='ocr_par' dir='ltr' id='par_1_50' title="bbox 143 3481 1739 3567">
     <span class='ocr_line' id='line_1_51' title="bbox 143 3481 1739 3567; baseline 0.004 -21"><span class='ocrx_word' id='word_1_356' title='bbox 143 3481 488 3558; x_wconf 85' lang='lat' dir='ltr'><strong>decursibus,</strong></span> <span class='ocrx_word' id='word_1_357' title='bbox 533 3495 818 3550; x_wconf 90' lang='lat' dir='ltr'><strong>mobilibus</strong></span> <span class='ocrx_word' id='word_1_358' title='bbox 860 3506 914 3549; x_wconf 89' lang='lat' dir='ltr'><strong>et</strong></span> <span class='ocrx_word' id='word_1_359' title='bbox 963 3496 1353 3565; x_wconf 86' lang='lat' dir='ltr'><strong>immobilibus,</strong></span> <span class='ocrx_word' id='word_1_360' title='bbox 1397 3499 1739 3567; x_wconf 87' lang='lat' dir='ltr'><strong>appenditiis,</strong></span> 
     </span>
    </p>
   </div>
   <div class='ocr_carea' id='block_1_51' title="bbox 144 3586 1742 3668">
    <p class='ocr_par' dir='ltr' id='par_1_51' title="bbox 144 3586 1742 3668">
     <span class='ocr_line' id='line_1_52' title="bbox 144 3586 1742 3668; baseline 0.008 -31"><span class='ocrx_word' id='word_1_361' title='bbox 144 3586 490 3655; x_wconf 63' lang='lat' dir='ltr'><strong>ailjaeentiis,</strong></span> <span class='ocrx_word' id='word_1_362' title='bbox 519 3587 701 3641; x_wconf 89' lang='lat' dir='ltr'><strong>omnia</strong></span> <span class='ocrx_word' id='word_1_363' title='bbox 727 3596 782 3643; x_wconf 91' lang='lat' dir='ltr'><strong>et</strong></span> <span class='ocrx_word' id='word_1_364' title='bbox 810 3603 875 3643; x_wconf 81' lang='lat' dir='ltr'><strong>ex</strong></span> <span class='ocrx_word' id='word_1_365' title='bbox 906 3588 1175 3656; x_wconf 79' lang='lat' dir='ltr'><strong>Omnibus,</strong></span> <span class='ocrx_word' id='word_1_366' title='bbox 1202 3590 1342 3646; x_wconf 89' lang='lat' dir='ltr'><strong>sicut</strong></span> <span class='ocrx_word' id='word_1_367' title='bbox 1368 3589 1434 3646; x_wconf 91' lang='lat' dir='ltr'><strong>ad</strong></span> <span class='ocrx_word' id='word_1_368' title='bbox 1468 3590 1583 3668; x_wconf 79' lang='lat' dir='ltr'><strong>ipsa</strong></span> <span class='ocrx_word' id='word_1_369' title='bbox 1624 3591 1742 3649; x_wconf 87' lang='lat' dir='ltr'><strong>loca</strong></span> 
     </span>
    </p>
   </div>
   <div class='ocr_carea' id='block_1_52' title="bbox 142 3678 1739 3756">
    <p class='ocr_par' dir='ltr' id='par_1_52' title="bbox 142 3678 1739 3756">
     <span class='ocr_line' id='line_1_53' title="bbox 142 3678 1739 3756; baseline 0.007 -26"><span class='ocrx_word' id='word_1_370' title='bbox 142 3679 394 3744; x_wconf 80' lang='lat' dir='ltr'><strong>aspicere</strong></span> <span class='ocrx_word' id='word_1_371' title='bbox 443 3678 672 3744; x_wconf 90' lang='lat' dir='ltr'><strong>videtur,</strong></span> <span class='ocrx_word' id='word_1_372' title='bbox 719 3689 774 3735; x_wconf 91' lang='lat' dir='ltr'><strong>et</strong></span> <span class='ocrx_word' id='word_1_373' title='bbox 804 3690 1007 3747; x_wconf 80' lang='lat' dir='ltr'><strong>nostra,</strong></span> <span class='ocrx_word' id='word_1_374' title='bbox 1062 3681 1170 3738; x_wconf 86' lang='lat' dir='ltr'><strong>Deo</strong></span> <span class='ocrx_word' id='word_1_375' title='bbox 1197 3682 1449 3749; x_wconf 89' lang='lat' dir='ltr'><strong>donante,</strong></span> <span class='ocrx_word' id='word_1_376' title='bbox 1504 3684 1739 3756; x_wconf 78' lang='lat' dir='ltr'><strong>legitima</strong></span> 
     </span>
    </p>
   </div>
   <div class='ocr_carea' id='block_1_53' title="bbox 144 3770 1740 3840">
    <p class='ocr_par' dir='ltr' id='par_1_53' title="bbox 144 3770 1740 3840">
     <span class='ocr_line' id='line_1_54' title="bbox 144 3770 1740 3840; baseline 0.006 -19"><span class='ocrx_word' id='word_1_377' title='bbox 144 3770 361 3822; x_wconf 86' lang='lat' dir='ltr'><strong>videtur</strong></span> <span class='ocrx_word' id='word_1_378' title='bbox 387 3783 510 3824; x_wconf 87' lang='lat' dir='ltr'><strong>esse</strong></span> <span class='ocrx_word' id='word_1_379' title='bbox 540 3773 827 3838; x_wconf 76' lang='lat' dir='ltr'><strong>possessio,</strong></span> <span class='ocrx_word' id='word_1_380' title='bbox 867 3787 963 3840; x_wconf 90' lang='lat' dir='ltr'><strong>per</strong></span> <span class='ocrx_word' id='word_1_381' title='bbox 993 3773 1095 3828; x_wconf 90' lang='lat' dir='ltr'><strong>hoc</strong></span> <span class='ocrx_word' id='word_1_382' title='bbox 1133 3783 1373 3829; x_wconf 87' lang='lat' dir='ltr'><strong>nostrum</strong></span> <span class='ocrx_word' id='word_1_383' title='bbox 1406 3776 1740 3830; x_wconf 85' lang='lat' dir='ltr'><strong>auctoritatis</strong></span> 
     </span>
    </p>
   </div>
   <div class='ocr_carea' id='block_1_54' title="bbox 142 3861 1742 3936">
    <p class='ocr_par' dir='ltr' id='par_1_54' title="bbox 142 3861 1742 3936">
     <span class='ocr_line' id='line_1_55' title="bbox 142 3861 1742 3936; baseline 0.004 -21"><span class='ocrx_word' id='word_1_384' title='bbox 142 3875 195 3915; x_wconf 88' lang='lat' dir='ltr'><strong>et</strong></span> <span class='ocrx_word' id='word_1_385' title='bbox 220 3861 508 3930; x_wconf 80' lang='lat' dir='ltr'><strong>cessionis,</strong></span> <span class='ocrx_word' id='word_1_386' title='bbox 536 3874 697 3933; x_wconf 88' lang='lat' dir='ltr'><strong>atque</strong></span> <span class='ocrx_word' id='word_1_387' title='bbox 724 3864 1148 3920; x_wconf 75' lang='lat' dir='ltr'><strong>confirmationis</strong></span> <span class='ocrx_word' id='word_1_388' title='bbox 1179 3877 1501 3936; x_wconf 67' lang='lat' dir='ltr'><strong>praeceptum</strong></span> <span class='ocrx_word' id='word_1_389' title='bbox 1529 3867 1595 3921; x_wconf 89' lang='lat' dir='ltr'><strong>ad</strong></span> <span class='ocrx_word' id='word_1_390' title='bbox 1629 3883 1742 3936; x_wconf 88' lang='lat' dir='ltr'><strong>par-</strong></span> 
     </span>
    </p>
   </div>
   <div class='ocr_carea' id='block_1_55' title="bbox 147 3955 1742 4035">
    <p class='ocr_par' dir='ltr' id='par_1_55' title="bbox 147 3955 1742 4035">
     <span class='ocr_line' id='line_1_56' title="bbox 147 3955 1742 4035; baseline 0.004 -28"><span class='ocrx_word' id='word_1_391' title='bbox 147 3965 250 4008; x_wconf 86' lang='lat' dir='ltr'><strong>tem</strong></span> <span class='ocrx_word' id='word_1_392' title='bbox 301 3955 468 4022; x_wconf 89' lang='lat' dir='ltr'><strong>ipsius</strong></span> <span class='ocrx_word' id='word_1_393' title='bbox 504 3958 673 4011; x_wconf 81' lang='lat' dir='ltr'><strong>sancti</strong></span> <span class='ocrx_word' id='word_1_394' title='bbox 703 3957 800 4011; x_wconf 89' lang='lat' dir='ltr'><strong>loci</strong></span> <span class='ocrx_word' id='word_1_395' title='bbox 833 3956 884 4010; x_wconf 93' lang='lat' dir='ltr'><strong>iu</strong></span> <span class='ocrx_word' id='word_1_396' title='bbox 921 3957 1266 4035; x_wconf 68' lang='lat' dir='ltr'><strong>eleemosyna</strong></span> <span class='ocrx_word' id='word_1_397' title='bbox 1298 3967 1478 4013; x_wconf 87' lang='lat' dir='ltr'><strong>nostra</strong></span> <span class='ocrx_word' id='word_1_398' title='bbox 1515 3966 1742 4032; x_wconf 85' lang='lat' dir='ltr'><strong>teneant</strong></span> 
     </span>
    </p>
   </div>
   <div class='ocr_carea' id='block_1_56' title="bbox 144 4045 1738 4117">
    <p class='ocr_par' dir='ltr' id='par_1_56' title="bbox 144 4045 1738 4117">
     <span class='ocr_line' id='line_1_57' title="bbox 144 4045 1738 4117; baseline 0.003 -18"><span class='ocrx_word' id='word_1_399' title='bbox 144 4055 309 4114; x_wconf 84' lang='lat' dir='ltr'><strong>atque</strong></span> <span class='ocrx_word' id='word_1_400' title='bbox 335 4045 665 4115; x_wconf 86' lang='lat' dir='ltr'><strong>possideant,</strong></span> <span class='ocrx_word' id='word_1_401' title='bbox 702 4055 752 4101; x_wconf 91' lang='lat' dir='ltr'><strong>et</strong></span> <span class='ocrx_word' id='word_1_402' title='bbox 788 4049 853 4101; x_wconf 90' lang='lat' dir='ltr'><strong>ad</strong></span> <span class='ocrx_word' id='word_1_403' title='bbox 884 4048 1056 4117; x_wconf 90' lang='lat' dir='ltr'><strong>ipsam</strong></span> <span class='ocrx_word' id='word_1_404' title='bbox 1085 4061 1265 4105; x_wconf 87' lang='lat' dir='ltr'><strong>casam</strong></span> <span class='ocrx_word' id='word_1_405' title='bbox 1298 4049 1393 4104; x_wconf 87' lang='lat' dir='ltr'><strong>Dei</strong></span> <span class='ocrx_word' id='word_1_406' title='bbox 1424 4053 1621 4106; x_wconf 89' lang='lat' dir='ltr'><strong>nostris</strong></span> <span class='ocrx_word' id='word_1_407' title='bbox 1654 4050 1738 4104; x_wconf 88' lang='lat' dir='ltr'><strong>fu-</strong></span> 
     </span>
    </p>
   </div>
   <div class='ocr_carea' id='block_1_57' title="bbox 150 4136 1739 4212">
    <p class='ocr_par' dir='ltr' id='par_1_57' title="bbox 150 4136 1739 4212">
     <span class='ocr_line' id='line_1_58' title="bbox 150 4136 1739 4212; baseline 0.008 -24"><span class='ocrx_word' id='word_1_408' title='bbox 150 4136 393 4204; x_wconf 85' lang='lat' dir='ltr'><strong>turisque</strong></span> <span class='ocrx_word' id='word_1_409' title='bbox 423 4138 754 4206; x_wconf 88' lang='lat' dir='ltr'><strong>temporibus</strong></span> <span class='ocrx_word' id='word_1_410' title='bbox 801 4139 1083 4207; x_wconf 84' lang='lat' dir='ltr'><strong>proficiant</strong></span> <span class='ocrx_word' id='word_1_411' title='bbox 1110 4140 1163 4194; x_wconf 92' lang='lat' dir='ltr'><strong>in</strong></span> <span class='ocrx_word' id='word_1_412' title='bbox 1194 4142 1526 4212; x_wconf 74' lang='lat' dir='ltr'><strong>augmentis,</strong></span> <span class='ocrx_word' id='word_1_413' title='bbox 1565 4152 1739 4211; x_wconf 74' lang='lat' dir='ltr'><strong>quate-</strong></span> 
     </span>
    </p>
   </div>
   <div class='ocr_carea' id='block_1_58' title="bbox 149 4227 1737 4300">
    <p class='ocr_par' dir='ltr' id='par_1_58' title="bbox 149 4227 1737 4300">
     <span class='ocr_line' id='line_1_59' title="bbox 149 4227 1737 4300; baseline 0.008 -21"><span class='ocrx_word' id='word_1_414' title='bbox 149 4243 248 4281; x_wconf 90' lang='lat' dir='ltr'><strong>nus</strong></span> <span class='ocrx_word' id='word_1_415' title='bbox 280 4227 474 4282; x_wconf 90' lang='lat' dir='ltr'><strong>melius</strong></span> <span class='ocrx_word' id='word_1_416' title='bbox 501 4228 728 4284; x_wconf 77' lang='lat' dir='ltr'><strong>delectet</strong></span> <span class='ocrx_word' id='word_1_417' title='bbox 758 4230 904 4300; x_wconf 80' lang='lat' dir='ltr'><strong>ipsos</strong></span> <span class='ocrx_word' id='word_1_418' title='bbox 934 4245 1124 4287; x_wconf 85' lang='lat' dir='ltr'><strong>servos</strong></span> <span class='ocrx_word' id='word_1_419' title='bbox 1150 4231 1263 4297; x_wconf 90' lang='lat' dir='ltr'><strong>Dei,</strong></span> <span class='ocrx_word' id='word_1_420' title='bbox 1289 4233 1377 4300; x_wconf 81' lang='lat' dir='ltr'><strong>qui</strong></span> <span class='ocrx_word' id='word_1_421' title='bbox 1407 4233 1602 4289; x_wconf 90' lang='lat' dir='ltr'><strong>ibidem</strong></span> <span class='ocrx_word' id='word_1_422' title='bbox 1630 4235 1737 4292; x_wconf 91' lang='lat' dir='ltr'><strong>Deo</strong></span> 
     </span>
    </p>
   </div>
   <div class='ocr_carea' id='block_1_59' title="bbox 151 4318 1740 4397">
    <p class='ocr_par' dir='ltr' id='par_1_59' title="bbox 151 4318 1740 4397">
     <span class='ocr_line' id='line_1_60' title="bbox 151 4318 1740 4397; baseline 0.008 -26"><span class='ocrx_word' id='word_1_423' title='bbox 151 4318 491 4386; x_wconf 74' lang='lat' dir='ltr'><strong>fznnulantur,</strong></span> <span class='ocrx_word' id='word_1_424' title='bbox 540 4335 637 4387; x_wconf 86' lang='lat' dir='ltr'><strong>pro</strong></span> <span class='ocrx_word' id='word_1_425' title='bbox 685 4322 838 4377; x_wconf 84' lang='lat' dir='ltr'><strong>nobis</strong></span> <span class='ocrx_word' id='word_1_426' title='bbox 886 4332 941 4378; x_wconf 90' lang='lat' dir='ltr'><strong>et</strong></span> <span class='ocrx_word' id='word_1_427' title='bbox 994 4324 1176 4380; x_wconf 85' lang='lat' dir='ltr'><strong>liberis</strong></span> <span class='ocrx_word' id='word_1_428' title='bbox 1222 4328 1440 4391; x_wconf 87' lang='lat' dir='ltr'><strong>nostris,</strong></span> <span class='ocrx_word' id='word_1_429' title='bbox 1494 4342 1589 4382; x_wconf 89' lang='lat' dir='ltr'><strong>seu</strong></span> <span class='ocrx_word' id='word_1_430' title='bbox 1645 4345 1740 4397; x_wconf 88' lang='lat' dir='ltr'><strong>pro</strong></span> 
     </span>
    </p>
   </div>
   <div class='ocr_carea' id='block_1_60' title="bbox 148 4412 1738 4490">
    <p class='ocr_par' dir='ltr' id='par_1_60' title="bbox 148 4412 1738 4490">
     <span class='ocr_line' id='line_1_61' title="bbox 148 4412 1738 4490; baseline 0.008 -28"><span class='ocrx_word' id='word_1_431' title='bbox 148 4412 440 4466; x_wconf 73' lang='lat' dir='ltr'><strong>stabilitate</strong></span> <span class='ocrx_word' id='word_1_432' title='bbox 471 4414 619 4483; x_wconf 71' lang='lat' dir='ltr'><strong>regni</strong></span> <span class='ocrx_word' id='word_1_433' title='bbox 652 4415 840 4482; x_wconf 87' lang='lat' dir='ltr'><strong>nostri,</strong></span> <span class='ocrx_word' id='word_1_434' title='bbox 875 4427 929 4468; x_wconf 87' lang='lat' dir='ltr'><strong>et</strong></span> <span class='ocrx_word' id='word_1_435' title='bbox 957 4432 1051 4481; x_wconf 90' lang='lat' dir='ltr'><strong>pro</strong></span> <span class='ocrx_word' id='word_1_436' title='bbox 1081 4418 1359 4472; x_wconf 87' lang='lat' dir='ltr'><strong>animabus</strong></span> <span class='ocrx_word' id='word_1_437' title='bbox 1387 4419 1648 4490; x_wconf 74' lang='lat' dir='ltr'><strong>genitoris</strong></span> <span class='ocrx_word' id='word_1_438' title='bbox 1676 4435 1738 4475; x_wconf 89' lang='lat' dir='ltr'><strong>ac</strong></span> 
     </span>
    </p>
   </div>
   <div class='ocr_carea' id='block_1_61' title="bbox 152 4504 1739 4576">
    <p class='ocr_par' dir='ltr' id='par_1_61' title="bbox 152 4504 1739 4576">
     <span class='ocr_line' id='line_1_62' title="bbox 152 4504 1739 4576; baseline 0.007 -19"><span class='ocrx_word' id='word_1_439' title='bbox 152 4504 427 4572; x_wconf 76' lang='lat' dir='ltr'><strong>genitricis</strong></span> <span class='ocrx_word' id='word_1_440' title='bbox 468 4514 663 4560; x_wconf 74' lang='lat' dir='ltr'><strong>nostra:</strong></span> <span class='ocrx_word' id='word_1_441' title='bbox 704 4507 903 4576; x_wconf 82' lang='lat' dir='ltr'><strong>jugiter</strong></span> <span class='ocrx_word' id='word_1_442' title='bbox 942 4508 1150 4563; x_wconf 86' lang='lat' dir='ltr'><strong>Domini</strong></span> <span class='ocrx_word' id='word_1_443' title='bbox 1193 4510 1610 4568; x_wconf 70' lang='lat' dir='ltr'><strong>misericordiam</strong></span> <span class='ocrx_word' id='word_1_444' title='bbox 1654 4529 1739 4568; x_wconf 78' lang='lat' dir='ltr'><strong>cx-</strong></span> 
     </span>
    </p>
   </div>
   <div class='ocr_carea' id='block_1_62' title="bbox 152 4599 1737 4665">
    <p class='ocr_par' dir='ltr' id='par_1_62' title="bbox 152 4599 1737 4665">
     <span class='ocr_line' id='line_1_63' title="bbox 152 4599 1737 4665; baseline 0.008 -13"><span class='ocrx_word' id='word_1_445' title='bbox 152 4614 327 4653; x_wconf 87' lang='lat' dir='ltr'><strong>orare.</strong></span> <span class='ocrx_word' id='word_1_446' title='bbox 378 4599 443 4653; x_wconf 87' lang='lat' dir='ltr'><strong>Et</strong></span> <span class='ocrx_word' id='word_1_447' title='bbox 489 4610 546 4655; x_wconf 92' lang='lat' dir='ltr'><strong>ut</strong></span> <span class='ocrx_word' id='word_1_448' title='bbox 587 4602 700 4656; x_wconf 61' lang='lat' dir='ltr'><strong>hac</strong></span> <span class='ocrx_word' id='word_1_449' title='bbox 735 4604 1027 4659; x_wconf 83' lang='lat' dir='ltr'><strong>auctoritas</strong></span> <span class='ocrx_word' id='word_1_450' title='bbox 1074 4605 1324 4659; x_wconf 66' lang='lat' dir='ltr'><strong>iutiolata</strong></span> <span class='ocrx_word' id='word_1_451' title='bbox 1377 4607 1484 4661; x_wconf 87' lang='lat' dir='ltr'><strong>Deo</strong></span> <span class='ocrx_word' id='word_1_452' title='bbox 1532 4609 1737 4665; x_wconf 84' lang='lat' dir='ltr'><strong>auctori</strong></span> 
     </span>
    </p>
   </div>
   <div class='ocr_carea' id='block_1_63' title="bbox 222 4737 1735 4821">
    <p class='ocr_par' dir='ltr' id='par_1_63' title="bbox 222 4737 1735 4821">
     <span class='ocr_line' id='line_1_64' title="bbox 222 4737 1735 4821; baseline 0.009 -32"><span class='ocrx_word' id='word_1_453' title='bbox 222 4750 245 4777; x_wconf 80' lang='grc' dir='ltr'>ι</span> <span class='ocrx_word' id='word_1_454' title='bbox 295 4737 608 4821; x_wconf 60' lang='grc' dir='ltr'><strong>ιγρυηιαᾴιω</strong></span> <span class='ocrx_word' id='word_1_455' title='bbox 630 4752 675 4795; x_wconf 81' lang='lat' dir='ltr'><strong>et</strong></span> <span class='ocrx_word' id='word_1_456' title='bbox 696 4742 856 4810; x_wconf 75' lang='lat' dir='ltr'><strong>frater</strong></span> <span class='ocrx_word' id='word_1_457' title='bbox 874 4747 986 4821; x_wconf 80' lang='lat' dir='ltr'><strong>ejus</strong></span> <span class='ocrx_word' id='word_1_458' title='bbox 1004 4744 1241 4821; x_wconf 67' lang='lat' dir='ltr'><strong>Basinus.</strong></span> <span class='ocrx_word' id='word_1_459' title='bbox 1270 4745 1516 4821; x_wconf 53' lang='lat' dir='ltr'><strong>Praesens</strong></span> <span class='ocrx_word' id='word_1_460' title='bbox 1529 4747 1735 4813; x_wconf 89' lang='lat' dir='ltr'><strong>cbarta,</strong></span> 
     </span>
    </p>
   </div>
   <div class='ocr_carea' id='block_1_64' title="bbox 155 4815 1740 4878">
    <p class='ocr_par' dir='ltr' id='par_1_64' title="bbox 155 4815 1740 4878">
     <span class='ocr_line' id='line_1_65' title="bbox 155 4815 1740 4878; baseline 0.008 -19"><span class='ocrx_word' id='word_1_461' title='bbox 155 4815 329 4874; x_wconf 80' lang='lat' dir='ltr'><strong>quoad</strong></span> <span class='ocrx_word' id='word_1_462' title='bbox 370 4825 481 4863; x_wconf 89' lang='lat' dir='ltr'><strong>rem</strong></span> <span class='ocrx_word' id='word_1_463' title='bbox 520 4815 687 4878; x_wconf 85' lang='lat' dir='ltr'><strong>ipsam</strong></span> <span class='ocrx_word' id='word_1_464' title='bbox 726 4822 782 4865; x_wconf 90' lang='lat' dir='ltr'><strong>et</strong></span> <span class='ocrx_word' id='word_1_465' title='bbox 822 4816 1173 4868; x_wconf 75' lang='lat' dir='ltr'><strong>Substantiam</strong></span> <span class='ocrx_word' id='word_1_466' title='bbox 1220 4816 1347 4869; x_wconf 89' lang='lat' dir='ltr'><strong>mihi</strong></span> <span class='ocrx_word' id='word_1_467' title='bbox 1391 4816 1610 4872; x_wconf 90' lang='lat' dir='ltr'><strong>minime</strong></span> <span class='ocrx_word' id='word_1_468' title='bbox 1647 4835 1740 4873; x_wconf 86' lang='lat' dir='ltr'><strong>su-</strong></span> 
     </span>
    </p>
   </div>
   <div class='ocr_carea' id='block_1_65' title="bbox 154 4882 1741 4949">
    <p class='ocr_par' dir='ltr' id='par_1_65' title="bbox 154 4882 1741 4949">
     <span class='ocr_line' id='line_1_66' title="bbox 154 4882 1741 4949; baseline 0.009 -19"><span class='ocrx_word' id='word_1_469' title='bbox 154 4889 360 4944; x_wconf 86' lang='lat' dir='ltr'><strong>specta,</strong></span> <span class='ocrx_word' id='word_1_470' title='bbox 405 4882 579 4949; x_wconf 88' lang='lat' dir='ltr'><strong>quoad</strong></span> <span class='ocrx_word' id='word_1_471' title='bbox 627 4882 848 4935; x_wconf 86' lang='lat' dir='ltr'><strong>formam</strong></span> <span class='ocrx_word' id='word_1_472' title='bbox 888 4896 1036 4939; x_wconf 87' lang='lat' dir='ltr'><strong>certe</strong></span> <span class='ocrx_word' id='word_1_473' title='bbox 1081 4883 1199 4940; x_wconf 87' lang='lat' dir='ltr'><strong>talis</strong></span> <span class='ocrx_word' id='word_1_474' title='bbox 1237 4885 1464 4940; x_wconf 89' lang='lat' dir='ltr'><strong>videtur.</strong></span> <span class='ocrx_word' id='word_1_475' title='bbox 1512 4887 1741 4943; x_wconf 65' lang='lat' dir='ltr'><strong>Praner-</strong></span> 
     </span>
    </p>
   </div>
   <div class='ocr_carea' id='block_1_66' title="bbox 155 4952 1738 5024">
    <p class='ocr_par' dir='ltr' id='par_1_66' title="bbox 155 4952 1738 5024">
     <span class='ocr_line' id='line_1_67' title="bbox 155 4952 1738 5024; baseline 0.01 -26"><span class='ocrx_word' id='word_1_476' title='bbox 155 4952 512 5024; x_wconf 84' lang='lat' dir='ltr'><strong>qua_rn_enim,</strong></span> <span class='ocrx_word' id='word_1_477' title='bbox 546 4953 686 5018; x_wconf 87' lang='lat' dir='ltr'><strong>quod</strong></span> <span class='ocrx_word' id='word_1_478' title='bbox 714 4952 890 5024; x_wconf 57' lang='lat' dir='ltr'><strong>Qaroli</strong></span> <span class='ocrx_word' id='word_1_479' title='bbox 919 4954 1104 5007; x_wconf 76' lang='lat' dir='ltr'><strong>tituius</strong></span> <span class='ocrx_word' id='word_1_480' title='bbox 1130 4956 1452 5009; x_wconf 80' lang='lat' dir='ltr'><strong>Francorum</strong></span> <span class='ocrx_word' id='word_1_481' title='bbox 1486 4958 1738 5024; x_wconf 86' lang='lat' dir='ltr'><strong>patricius</strong></span> 
     </span>
    </p>
   </div>
   <div class='ocr_carea' id='block_1_67' title="bbox 155 5020 1740 5097">
    <p class='ocr_par' dir='ltr' id='par_1_67' title="bbox 155 5020 1740 5097">
     <span class='ocr_line' id='line_1_68' title="bbox 155 5020 1740 5097; baseline 0.006 -24"><span class='ocrx_word' id='word_1_482' title='bbox 155 5021 272 5097; x_wconf 68' lang='lat' dir='ltr'><strong>(qui</strong></span> <span class='ocrx_word' id='word_1_483' title='bbox 299 5020 520 5097; x_wconf 78' lang='lat' dir='ltr'><strong>deberet</strong></span> <span class='ocrx_word' id='word_1_484' title='bbox 554 5037 676 5077; x_wconf 87' lang='lat' dir='ltr'><strong>esse</strong></span> <span class='ocrx_word' id='word_1_485' title='bbox 714 5022 1052 5097; x_wconf 60' lang='lat' dir='ltr'><strong>Francorum</strong></span> <span class='ocrx_word' id='word_1_486' title='bbox 1085 5024 1227 5091; x_wconf 76' lang='lat' dir='ltr'><strong>Rex,</strong></span> <span class='ocrx_word' id='word_1_487' title='bbox 1262 5020 1622 5081; x_wconf 73' lang='lat' dir='ltr'><strong>Romanorum</strong></span> <span class='ocrx_word' id='word_1_488' title='bbox 1654 5045 1740 5097; x_wconf 87' lang='lat' dir='ltr'><strong>pa-</strong></span> 
     </span>
    </p>
   </div>
   <div class='ocr_carea' id='block_1_68' title="bbox 158 5090 1738 5168">
    <p class='ocr_par' dir='ltr' id='par_1_68' title="bbox 158 5090 1738 5168">
     <span class='ocr_line' id='line_1_69' title="bbox 158 5090 1738 5168; baseline 0.008 -27"><span class='ocrx_word' id='word_1_489' title='bbox 158 5090 367 5168; x_wconf 79' lang='lat' dir='ltr'><strong>tricius)</strong></span> <span class='ocrx_word' id='word_1_490' title='bbox 391 5102 662 5168; x_wconf 82' lang='lat' dir='ltr'><strong>truncatus</strong></span> <span class='ocrx_word' id='word_1_491' title='bbox 682 5103 959 5163; x_wconf 82' lang='lat' dir='ltr'><strong>appareat,</strong></span> <span class='ocrx_word' id='word_1_492' title='bbox 986 5093 1261 5168; x_wconf 82' lang='lat' dir='ltr'><strong>Weomadi</strong></span> <span class='ocrx_word' id='word_1_493' title='bbox 1284 5106 1344 5168; x_wconf 63' lang='lat' dir='ltr'><strong>et</strong></span> <span class='ocrx_word' id='word_1_494' title='bbox 1363 5097 1538 5151; x_wconf 89' lang='lat' dir='ltr'><strong>Basiui</strong></span> <span class='ocrx_word' id='word_1_495' title='bbox 1559 5090 1738 5153; x_wconf 60' lang='lat' dir='ltr'><strong>cornva</strong></span> 
     </span>
    </p>
   </div>
   <div class='ocr_carea' id='block_1_69' title="bbox 159 5164 1739 5234">
    <p class='ocr_par' dir='ltr' id='par_1_69' title="bbox 159 5164 1739 5234">
     <span class='ocr_line' id='line_1_70' title="bbox 159 5164 1739 5234; baseline 0.008 -24"><span class='ocrx_word' id='word_1_496' title='bbox 159 5164 261 5234; x_wconf 85' lang='lat' dir='ltr'><strong>vita</strong></span> <span class='ocrx_word' id='word_1_497' title='bbox 293 5176 395 5234; x_wconf 90' lang='lat' dir='ltr'><strong>n_on</strong></span> <span class='ocrx_word' id='word_1_498' title='bbox 423 5164 674 5217; x_wconf 89' lang='lat' dir='ltr'><strong>convenit</strong></span> <span class='ocrx_word' id='word_1_499' title='bbox 701 5180 822 5216; x_wconf 90' lang='lat' dir='ltr'><strong>cum</strong></span> <span class='ocrx_word' id='word_1_500' title='bbox 851 5179 991 5217; x_wconf 90' lang='lat' dir='ltr'><strong>anno</strong></span> <span class='ocrx_word' id='word_1_501' title='bbox 1018 5167 1287 5234; x_wconf 81' lang='lat' dir='ltr'><strong>regiminis</strong></span> <span class='ocrx_word' id='word_1_502' title='bbox 1314 5164 1383 5220; x_wconf 66' lang='grc'><strong>54</strong></span> <span class='ocrx_word' id='word_1_503' title='bbox 1412 5168 1590 5223; x_wconf 84' lang='lat' dir='ltr'><strong>Caroli</strong></span> <span class='ocrx_word' id='word_1_504' title='bbox 1621 5170 1739 5224; x_wconf 83' lang='lat' dir='ltr'><strong>Ma-</strong></span> 
     </span>
    </p>
   </div>
   <div class='ocr_carea' id='block_1_70' title="bbox 158 5232 1739 5302">
    <p class='ocr_par' dir='ltr' id='par_1_70' title="bbox 158 5232 1739 5302">
     <span class='ocr_line' id='line_1_71' title="bbox 158 5232 1739 5302; baseline 0.008 -20"><span class='ocrx_word' id='word_1_505' title='bbox 158 5232 265 5298; x_wconf 74' lang='lat' dir='ltr'><strong>gni.</strong></span> <span class='ocrx_word' id='word_1_506' title='bbox 298 5232 602 5287; x_wconf 79' lang='lat' dir='ltr'><strong>Convixere-</strong></span> <span class='ocrx_word' id='word_1_507' title='bbox 630 5236 813 5302; x_wconf 88' lang='lat' dir='ltr'><strong>utique</strong></span> <span class='ocrx_word' id='word_1_508' title='bbox 854 5232 1162 5289; x_wconf 42' lang='lat' dir='ltr'><strong>Basinusiet</strong></span> <span class='ocrx_word' id='word_1_509' title='bbox 1184 5234 1545 5302; x_wconf 84' lang='lat' dir='ltr'><strong>Weomadus,</strong></span> <span class='ocrx_word' id='word_1_510' title='bbox 1579 5243 1739 5293; x_wconf 84' lang='lat' dir='ltr'><strong>ambo</strong></span> 
     </span>
    </p>
   </div>
   <div class='ocr_carea' id='block_1_71' title="bbox 159 5304 1739 5373">
    <p class='ocr_par' dir='ltr' id='par_1_71' title="bbox 159 5304 1739 5373">
     <span class='ocr_line' id='line_1_72' title="bbox 159 5304 1739 5373; baseline 0.007 -20"><span class='ocrx_word' id='word_1_511' title='bbox 159 5304 460 5365; x_wconf 84' lang='lat' dir='ltr'><strong>successive</strong></span> <span class='ocrx_word' id='word_1_512' title='bbox 484 5307 653 5359; x_wconf 81' lang='lat' dir='ltr'><strong>sancti</strong></span> <span class='ocrx_word' id='word_1_513' title='bbox 685 5307 954 5359; x_wconf 77' lang='lat' dir='ltr'><strong>Maximini</strong></span> <span class='ocrx_word' id='word_1_514' title='bbox 983 5306 1222 5373; x_wconf 89' lang='lat' dir='ltr'><strong>abbatcs,</strong></span> <span class='ocrx_word' id='word_1_515' title='bbox 1254 5318 1308 5360; x_wconf 83' lang='lat' dir='ltr'><strong>et</strong></span> <span class='ocrx_word' id='word_1_516' title='bbox 1336 5308 1529 5363; x_wconf 89' lang='lat' dir='ltr'><strong>deinde</strong></span> <span class='ocrx_word' id='word_1_517' title='bbox 1554 5309 1739 5364; x_wconf 78' lang='lat' dir='ltr'><strong>Trevi-</strong></span> 
     </span>
    </p>
   </div>
   <div class='ocr_carea' id='block_1_72' title="bbox 161 5377 1736 5447">
    <p class='ocr_par' dir='ltr' id='par_1_72' title="bbox 161 5377 1736 5447">
     <span class='ocr_line' id='line_1_73' title="bbox 161 5377 1736 5447; baseline 0.007 -24"><span class='ocrx_word' id='word_1_518' title='bbox 161 5385 338 5427; x_wconf 87' lang='lat' dir='ltr'><strong>rorum</strong></span> <span class='ocrx_word' id='word_1_519' title='bbox 378 5377 679 5447; x_wconf 52' lang='lat' dir='ltr'><strong>prtesules;</strong></span> <span class='ocrx_word' id='word_1_520' title='bbox 712 5384 769 5429; x_wconf 87' lang='lat' dir='ltr'><strong>at</strong></span> <span class='ocrx_word' id='word_1_521' title='bbox 802 5378 960 5430; x_wconf 89' lang='lat' dir='ltr'><strong>citius</strong></span> <span class='ocrx_word' id='word_1_522' title='bbox 994 5394 1009 5429; x_wconf 89' lang='lat'><strong>:</strong></span> <span class='ocrx_word' id='word_1_523' title='bbox 1050 5392 1220 5447; x_wconf 84' lang='lat' dir='ltr'><strong>neque</strong></span> <span class='ocrx_word' id='word_1_524' title='bbox 1248 5380 1389 5431; x_wconf 89' lang='lat' dir='ltr'><strong>enim</strong></span> <span class='ocrx_word' id='word_1_525' title='bbox 1429 5381 1599 5447; x_wconf 91' lang='lat' dir='ltr'><strong>potuit</strong></span> <span class='ocrx_word' id='word_1_526' title='bbox 1630 5390 1736 5434; x_wconf 91' lang='lat' dir='ltr'><strong>tam</strong></span> 
     </span>
    </p>
   </div>
   <div class='ocr_carea' id='block_1_73' title="bbox 160 5444 1737 5516">
    <p class='ocr_par' dir='ltr' id='par_1_73' title="bbox 160 5444 1737 5516">
     <span class='ocr_line' id='line_1_74' title="bbox 160 5444 1737 5516; baseline 0.008 -23"><span class='ocrx_word' id='word_1_527' title='bbox 160 5447 627 5516; x_wconf 78' lang='lat' dir='ltr'><strong>serosuperfuisse</strong></span> <span class='ocrx_word' id='word_1_528' title='bbox 650 5444 892 5511; x_wconf 87' lang='lat' dir='ltr'><strong>Basiuus,</strong></span> <span class='ocrx_word' id='word_1_529' title='bbox 921 5449 1009 5514; x_wconf 91' lang='lat' dir='ltr'><strong>qui</strong></span> <span class='ocrx_word' id='word_1_530' title='bbox 1027 5444 1256 5516; x_wconf 54' lang='lat' dir='ltr'><strong>jarn&#39;sub</strong></span> <span class='ocrx_word' id='word_1_531' title='bbox 1281 5444 1445 5503; x_wconf 72' lang='lat' dir='ltr'><strong>lineni</strong></span> <span class='ocrx_word' id='word_1_532' title='bbox 1459 5453 1642 5505; x_wconf 66' lang='grc' dir='ltr'><strong>διερειιί</strong></span> <span class='ocrx_word' id='word_1_533' title='bbox 1667 5467 1737 5506; x_wconf 84' lang='lat' dir='ltr'><strong>vn</strong></span> 
     </span>
    </p>
   </div>
   <div class='ocr_carea' id='block_1_74' title="bbox 162 5514 1733 5578">
    <p class='ocr_par' dir='ltr' id='par_1_74' title="bbox 162 5514 1733 5578">
     <span class='ocr_line' id='line_1_75' title="bbox 162 5514 1733 5578; baseline 0.004 -10"><span class='ocrx_word' id='word_1_534' title='bbox 162 5514 389 5578; x_wconf 62' lang='lat' dir='ltr'><strong>praefuit.</strong></span> <span class='ocrx_word' id='word_1_535' title='bbox 422 5515 579 5570; x_wconf 80' lang='lat' dir='ltr'><strong>Juvat</strong></span> <span class='ocrx_word' id='word_1_536' title='bbox 621 5517 709 5570; x_wconf 89' lang='lat' dir='ltr'><strong>hic</strong></span> <span class='ocrx_word' id='word_1_537' title='bbox 736 5518 923 5571; x_wconf 84' lang='lat' dir='ltr'><strong>audire</strong></span> <span class='ocrx_word' id='word_1_538' title='bbox 954 5514 1111 5573; x_wconf 73' lang='lat' dir='ltr'><strong>Alex.</strong></span> <span class='ocrx_word' id='word_1_539' title='bbox 1144 5518 1507 5573; x_wconf 83' lang='lat' dir='ltr'><strong>Wiltitentiutn</strong></span> <span class='ocrx_word' id='word_1_540' title='bbox 1542 5524 1733 5575; x_wconf 79' lang='lat' dir='ltr'><strong>Annal.</strong></span> 
     </span>
    </p>
   </div>
   <div class='ocr_carea' id='block_1_75' title="bbox 161 5586 1739 5655">
    <p class='ocr_par' dir='ltr' id='par_1_75' title="bbox 161 5586 1739 5655">
     <span class='ocr_line' id='line_1_76' title="bbox 161 5586 1739 5655; baseline 0.009 -22"><span class='ocrx_word' id='word_1_541' title='bbox 161 5586 327 5655; x_wconf 82' lang='lat' dir='ltr'><strong>sancti</strong></span> <span class='ocrx_word' id='word_1_542' title='bbox 358 5586 574 5641; x_wconf 68' lang='lat' dir='ltr'><strong>Maxim.</strong></span> <span class='ocrx_word' id='word_1_543' title='bbox 615 5603 716 5641; x_wconf 80' lang='lat' dir='ltr'><strong>nis.</strong></span> <span class='ocrx_word' id='word_1_544' title='bbox 752 5588 868 5643; x_wconf 87' lang='lat' dir='ltr'><strong>Lib.</strong></span> <span class='ocrx_word' id='word_1_545' title='bbox 900 5602 937 5641; x_wconf 87' lang='lat' dir='ltr'><strong>tt</strong></span> <span class='ocrx_word' id='word_1_546' title='bbox 978 5590 1028 5643; x_wconf 92' lang='lat' dir='ltr'><strong>iu</strong></span> <span class='ocrx_word' id='word_1_547' title='bbox 1069 5590 1175 5644; x_wconf 85' lang='lat' dir='ltr'><strong>fine</strong></span> <span class='ocrx_word' id='word_1_548' title='bbox 1209 5591 1274 5643; x_wconf 89' lang='lat' dir='ltr'><strong>ad</strong></span> <span class='ocrx_word' id='word_1_549' title='bbox 1311 5604 1437 5643; x_wconf 88' lang='lat' dir='ltr'><strong>ann.</strong></span> <span class='ocrx_word' id='word_1_550' title='bbox 1471 5591 1607 5655; x_wconf 75' lang='lat'><strong>729,</strong></span> <span class='ocrx_word' id='word_1_551' title='bbox 1651 5594 1739 5648; x_wconf 90' lang='lat' dir='ltr'><strong>ubi</strong></span> 
     </span>
    </p>
   </div>
   <div class='ocr_carea' id='block_1_76' title="bbox 163 5652 1736 5728">
    <p class='ocr_par' dir='ltr' id='par_1_76' title="bbox 163 5652 1736 5728">
     <span class='ocr_line' id='line_1_77' title="bbox 163 5652 1736 5728; baseline 0.006 -22"><span class='ocrx_word' id='word_1_552' title='bbox 163 5652 229 5706; x_wconf 81' lang='lat' dir='ltr'><strong>ita</strong></span> <span class='ocrx_word' id='word_1_553' title='bbox 266 5672 279 5710; x_wconf 91' lang='lat'><strong>:</strong></span> <span class='ocrx_word' id='word_1_554' title='bbox 325 5675 344 5707; x_wconf 76' lang='grc' dir='ltr'>ι</span> <span class='ocrx_word' id='word_1_555' title='bbox 385 5656 605 5719; x_wconf 77' lang='lat' dir='ltr'><strong>Basilius</strong></span> <span class='ocrx_word' id='word_1_556' title='bbox 641 5670 818 5712; x_wconf 87' lang='lat' dir='ltr'><strong>autem</strong></span> <span class='ocrx_word' id='word_1_557' title='bbox 858 5674 1134 5728; x_wconf 66' lang='lat' dir='ltr'><strong>quousipte</strong></span> <span class='ocrx_word' id='word_1_558' title='bbox 1175 5662 1516 5727; x_wconf 85' lang='lat' dir='ltr'><strong>imposterum</strong></span> <span class='ocrx_word' id='word_1_559' title='bbox 1557 5652 1736 5717; x_wconf 78' lang='lat' dir='ltr'><strong>munia</strong></span> 
     </span>
    </p>
   </div>
   <div class='ocr_carea' id='block_1_77' title="bbox 163 5728 1735 5796">
    <p class='ocr_par' dir='ltr' id='par_1_77' title="bbox 163 5728 1735 5796">
     <span class='ocr_line' id='line_1_78' title="bbox 163 5728 1735 5796; baseline 0.006 -19"><span class='ocrx_word' id='word_1_560' title='bbox 163 5728 365 5782; x_wconf 75' lang='lat' dir='ltr'><strong>abbatis</strong></span> <span class='ocrx_word' id='word_1_561' title='bbox 393 5731 640 5796; x_wconf 53' lang='lat' dir='ltr'><strong>gesserit,</strong></span> <span class='ocrx_word' id='word_1_562' title='bbox 672 5729 809 5784; x_wconf 85' lang='lat' dir='ltr'><strong>haud</strong></span> <span class='ocrx_word' id='word_1_563' title='bbox 838 5730 991 5785; x_wconf 81' lang='lat' dir='ltr'><strong>facile</strong></span> <span class='ocrx_word' id='word_1_564' title='bbox 1019 5733 1264 5785; x_wconf 72' lang='lat' dir='ltr'><strong>dixerim.</strong></span> <span class='ocrx_word' id='word_1_565' title='bbox 1313 5731 1422 5785; x_wconf 88' lang='lat' dir='ltr'><strong>lluc</strong></span> <span class='ocrx_word' id='word_1_566' title='bbox 1452 5734 1580 5788; x_wconf 76' lang='lat' dir='ltr'><strong>satis</strong></span> <span class='ocrx_word' id='word_1_567' title='bbox 1610 5749 1735 5789; x_wconf 83' lang='lat' dir='ltr'><strong>Cott—</strong></span> 
     </span>
    </p>
   </div>
   <div class='ocr_carea' id='block_1_78' title="bbox 1844 1832 3439 1904">
    <p class='ocr_par' dir='ltr' id='par_1_78' title="bbox 1844 1832 3439 1904">
     <span class='ocr_line' id='line_1_79' title="bbox 1844 1832 3439 1904; baseline -0.001 -19"><span class='ocrx_word' id='word_1_568' title='bbox 1844 1832 1943 1888; x_wconf 90' lang='lat' dir='ltr'><strong>bus</strong></span> <span class='ocrx_word' id='word_1_569' title='bbox 1972 1850 2128 1902; x_wconf 86' lang='lat' dir='ltr'><strong>quam</strong></span> <span class='ocrx_word' id='word_1_570' title='bbox 2162 1836 2372 1889; x_wconf 89' lang='lat' dir='ltr'><strong>futuris.</strong></span> <span class='ocrx_word' id='word_1_571' title='bbox 2407 1835 2460 1889; x_wconf 89' lang='lat' dir='ltr'><strong>ld</strong></span> <span class='ocrx_word' id='word_1_572' title='bbox 2494 1835 2647 1890; x_wconf 91' lang='lat' dir='ltr'><strong>nobis</strong></span> <span class='ocrx_word' id='word_1_573' title='bbox 2674 1835 2737 1888; x_wconf 91' lang='lat' dir='ltr'><strong>ad</strong></span> <span class='ocrx_word' id='word_1_574' title='bbox 2771 1843 3114 1904; x_wconf 82' lang='lat' dir='ltr'><strong>augmentum</strong></span> <span class='ocrx_word' id='word_1_575' title='bbox 3153 1841 3209 1887; x_wconf 90' lang='lat' dir='ltr'><strong>et</strong></span> <span class='ocrx_word' id='word_1_576' title='bbox 3248 1832 3439 1886; x_wconf 86' lang='lat' dir='ltr'><strong>stabili-</strong></span> 
     </span>
    </p>
   </div>
   <div class='ocr_carea' id='block_1_79' title="bbox 1844 1922 3440 1996">
    <p class='ocr_par' dir='ltr' id='par_1_79' title="bbox 1844 1922 3440 1996">
     <span class='ocr_line' id='line_1_80' title="bbox 1844 1922 3440 1996; baseline -0.003 -20"><span class='ocrx_word' id='word_1_577' title='bbox 1844 1934 2008 1979; x_wconf 88' lang='lat' dir='ltr'><strong>tatem</strong></span> <span class='ocrx_word' id='word_1_578' title='bbox 2042 1928 2188 1996; x_wconf 78' lang='lat' dir='ltr'><strong>regni</strong></span> <span class='ocrx_word' id='word_1_579' title='bbox 2223 1928 2389 1980; x_wconf 90' lang='lat' dir='ltr'><strong>nostri</strong></span> <span class='ocrx_word' id='word_1_580' title='bbox 2423 1926 2603 1995; x_wconf 90' lang='lat' dir='ltr'><strong>procul</strong></span> <span class='ocrx_word' id='word_1_581' title='bbox 2635 1925 2797 1981; x_wconf 91' lang='lat' dir='ltr'><strong>dubio</strong></span> <span class='ocrx_word' id='word_1_582' title='bbox 2830 1924 2883 1979; x_wconf 91' lang='lat' dir='ltr'><strong>in</strong></span> <span class='ocrx_word' id='word_1_583' title='bbox 2918 1924 3009 1978; x_wconf 87' lang='lat' dir='ltr'><strong>Dei</strong></span> <span class='ocrx_word' id='word_1_584' title='bbox 3038 1924 3253 1978; x_wconf 86' lang='lat' dir='ltr'><strong>nomine</strong></span> <span class='ocrx_word' id='word_1_585' title='bbox 3279 1922 3440 1974; x_wconf 71' lang='lat' dir='ltr'><strong>credi-</strong></span> 
     </span>
    </p>
   </div>
   <div class='ocr_carea' id='block_1_80' title="bbox 1846 2016 3441 2088">
    <p class='ocr_par' dir='ltr' id='par_1_80' title="bbox 1846 2016 3441 2088">
     <span class='ocr_line' id='line_1_81' title="bbox 1846 2016 3441 2088; baseline -0.004 -17"><span class='ocrx_word' id='word_1_586' title='bbox 1846 2034 1963 2073; x_wconf 90' lang='lat' dir='ltr'><strong>mus</strong></span> <span class='ocrx_word' id='word_1_587' title='bbox 1989 2021 2279 2087; x_wconf 88' lang='lat' dir='ltr'><strong>pertinere,</strong></span> <span class='ocrx_word' id='word_1_588' title='bbox 2302 2019 2346 2074; x_wconf 90' lang='lat' dir='ltr'><strong>si</strong></span> <span class='ocrx_word' id='word_1_589' title='bbox 2372 2019 2716 2088; x_wconf 88' lang='lat' dir='ltr'><strong>petitionibus</strong></span> <span class='ocrx_word' id='word_1_590' title='bbox 2744 2021 3084 2074; x_wconf 85' lang='lat' dir='ltr'><strong>sacerdotum</strong></span> <span class='ocrx_word' id='word_1_591' title='bbox 3110 2025 3167 2073; x_wconf 90' lang='lat' dir='ltr'><strong>et</strong></span> <span class='ocrx_word' id='word_1_592' title='bbox 3189 2016 3441 2073; x_wconf 72' lang='lat' dir='ltr'><strong>ecclesia-</strong></span> 
     </span>
    </p>
   </div>
   <div class='ocr_carea' id='block_1_81' title="bbox 1845 2108 3441 2179">
    <p class='ocr_par' dir='ltr' id='par_1_81' title="bbox 1845 2108 3441 2179">
     <span class='ocr_line' id='line_1_82' title="bbox 1845 2108 3441 2179; baseline -0.001 -17"><span class='ocrx_word' id='word_1_593' title='bbox 1845 2125 1960 2163; x_wconf 81' lang='lat' dir='ltr'><strong>runt</strong></span> <span class='ocrx_word' id='word_1_594' title='bbox 1998 2109 2087 2165; x_wconf 82' lang='lat' dir='ltr'><strong>Dei</strong></span> <span class='ocrx_word' id='word_1_595' title='bbox 2118 2110 2353 2165; x_wconf 89' lang='lat' dir='ltr'><strong>fidelium</strong></span> <span class='ocrx_word' id='word_1_596' title='bbox 2385 2112 2547 2166; x_wconf 89' lang='lat' dir='ltr'><strong>rectis</strong></span> <span class='ocrx_word' id='word_1_597' title='bbox 2573 2109 2917 2179; x_wconf 76' lang='lat' dir='ltr'><strong>petitionibus</strong></span> <span class='ocrx_word' id='word_1_598' title='bbox 2944 2123 3221 2164; x_wconf 87' lang='lat' dir='ltr'><strong>assensum</strong></span> <span class='ocrx_word' id='word_1_599' title='bbox 3252 2108 3441 2175; x_wconf 86' lang='lat' dir='ltr'><strong>prebe-</strong></span> 
     </span>
    </p>
   </div>
   <div class='ocr_carea' id='block_1_82' title="bbox 1844 2198 3440 2274">
    <p class='ocr_par' dir='ltr' id='par_1_82' title="bbox 1844 2198 3440 2274">
     <span class='ocr_line' id='line_1_83' title="bbox 1844 2198 3440 2274; baseline -0.004 -17"><span class='ocrx_word' id='word_1_600' title='bbox 1844 2218 1983 2257; x_wconf 88' lang='lat' dir='ltr'><strong>mus.</strong></span> <span class='ocrx_word' id='word_1_601' title='bbox 2037 2204 2217 2274; x_wconf 86' lang='lat' dir='ltr'><strong>Itaque</strong></span> <span class='ocrx_word' id='word_1_602' title='bbox 2267 2205 2347 2259; x_wconf 91' lang='lat' dir='ltr'><strong>vir</strong></span> <span class='ocrx_word' id='word_1_603' title='bbox 2392 2204 2721 2274; x_wconf 87' lang='lat' dir='ltr'><strong>apostolicus</strong></span> <span class='ocrx_word' id='word_1_604' title='bbox 2752 2214 2777 2242; x_wconf 82' lang='grc' dir='ltr'>ιι</span> <span class='ocrx_word' id='word_1_605' title='bbox 2804 2199 3134 2257; x_wconf 76' lang='lat' dir='ltr'><strong>Weouiadus</strong></span> <span class='ocrx_word' id='word_1_606' title='bbox 3178 2208 3233 2255; x_wconf 89' lang='lat' dir='ltr'><strong>et</strong></span> <span class='ocrx_word' id='word_1_607' title='bbox 3278 2198 3440 2253; x_wconf 76' lang='lat' dir='ltr'><strong>frater</strong></span> 
     </span>
    </p>
   </div>
   <div class='ocr_carea' id='block_1_83' title="bbox 1845 2292 3438 2363">
    <p class='ocr_par' dir='ltr' id='par_1_83' title="bbox 1845 2292 3438 2363">
     <span class='ocr_line' id='line_1_84' title="bbox 1845 2292 3438 2363; baseline -0.003 -15"><span class='ocrx_word' id='word_1_608' title='bbox 1845 2294 1961 2363; x_wconf 80' lang='lat' dir='ltr'><strong>ejus</strong></span> <span class='ocrx_word' id='word_1_609' title='bbox 2016 2296 2239 2350; x_wconf 85' lang='lat' dir='ltr'><strong>Basinus</strong></span> <span class='ocrx_word' id='word_1_610' title='bbox 2295 2304 2351 2350; x_wconf 91' lang='lat' dir='ltr'><strong>et</strong></span> <span class='ocrx_word' id='word_1_611' title='bbox 2399 2295 2599 2350; x_wconf 87' lang='lat' dir='ltr'><strong>missus</strong></span> <span class='ocrx_word' id='word_1_612' title='bbox 2652 2302 2835 2349; x_wconf 87' lang='lat' dir='ltr'><strong>noster</strong></span> <span class='ocrx_word' id='word_1_613' title='bbox 2888 2294 3169 2348; x_wconf 79' lang='lat' dir='ltr'><strong>Aufericus</strong></span> <span class='ocrx_word' id='word_1_614' title='bbox 3220 2292 3287 2346; x_wconf 86' lang='lat' dir='ltr'><strong>ad</strong></span> <span class='ocrx_word' id='word_1_615' title='bbox 3341 2308 3438 2343; x_wconf 77' lang='lat' dir='ltr'><strong>nos</strong></span> 
     </span>
    </p>
   </div>
   <div class='ocr_carea' id='block_1_84' title="bbox 1844 2381 3438 2453">
    <p class='ocr_par' dir='ltr' id='par_1_84' title="bbox 1844 2381 3438 2453">
     <span class='ocr_line' id='line_1_85' title="bbox 1844 2381 3438 2453; baseline -0.003 -15"><span class='ocrx_word' id='word_1_616' title='bbox 1844 2386 2122 2441; x_wconf 84' lang='lat' dir='ltr'><strong>venientes</strong></span> <span class='ocrx_word' id='word_1_617' title='bbox 2145 2386 2447 2442; x_wconf 90' lang='lat' dir='ltr'><strong>retulerunt</strong></span> <span class='ocrx_word' id='word_1_618' title='bbox 2474 2384 2649 2451; x_wconf 91' lang='lat' dir='ltr'><strong>nobis,</strong></span> <span class='ocrx_word' id='word_1_619' title='bbox 2670 2383 2812 2453; x_wconf 88' lang='lat' dir='ltr'><strong>quod</strong></span> <span class='ocrx_word' id='word_1_620' title='bbox 2837 2384 3244 2452; x_wconf 88' lang='lat' dir='ltr'><strong>predecessores</strong></span> <span class='ocrx_word' id='word_1_621' title='bbox 3270 2381 3438 2434; x_wconf 81' lang='lat' dir='ltr'><strong>nostri</strong></span> 
     </span>
    </p>
   </div>
   <div class='ocr_carea' id='block_1_85' title="bbox 1845 2474 3439 2563">
    <p class='ocr_par' dir='ltr' id='par_1_85' title="bbox 1845 2474 3439 2563">
     <span class='ocr_line' id='line_1_86' title="bbox 1845 2474 3439 2563; baseline -0.008 -26"><span class='ocrx_word' id='word_1_622' title='bbox 1845 2497 1999 2552; x_wconf 83' lang='lat' dir='ltr'><strong>reges</strong></span> <span class='ocrx_word' id='word_1_623' title='bbox 2041 2484 2120 2537; x_wconf 91' lang='lat' dir='ltr'><strong>ob.</strong></span> <span class='ocrx_word' id='word_1_624' title='bbox 2151 2480 2546 2536; x_wconf 85' lang='lat' dir='ltr'><strong>edificationem</strong></span> <span class='ocrx_word' id='word_1_625' title='bbox 2588 2484 2804 2534; x_wconf 79' lang='lat' dir='ltr'><strong>suarum</strong></span> <span class='ocrx_word' id='word_1_626' title='bbox 2844 2474 3439 2563; x_wconf 49' lang='lat' dir='ltr'><strong>animarum‘qttasdant</strong></span> 
     </span>
    </p>
   </div>
   <div class='ocr_carea' id='block_1_86' title="bbox 1846 2570 3439 2645">
    <p class='ocr_par' dir='ltr' id='par_1_86' title="bbox 1846 2570 3439 2645">
     <span class='ocr_line' id='line_1_87' title="bbox 1846 2570 3439 2645; baseline -0.011 -13"><span class='ocrx_word' id='word_1_627' title='bbox 1846 2590 1932 2632; x_wconf 89' lang='lat' dir='ltr'><strong>res</strong></span> <span class='ocrx_word' id='word_1_628' title='bbox 1955 2576 2019 2629; x_wconf 92' lang='lat' dir='ltr'><strong>ad</strong></span> <span class='ocrx_word' id='word_1_629' title='bbox 2044 2578 2227 2629; x_wconf 90' lang='lat' dir='ltr'><strong>fiscum</strong></span> <span class='ocrx_word' id='word_1_630' title='bbox 2255 2575 2525 2645; x_wconf 89' lang='lat' dir='ltr'><strong>publicum</strong></span> <span class='ocrx_word' id='word_1_631' title='bbox 2551 2573 2875 2643; x_wconf 87' lang='lat' dir='ltr'><strong>pertinentes</strong></span> <span class='ocrx_word' id='word_1_632' title='bbox 2898 2570 3232 2627; x_wconf 83' lang='lat' dir='ltr'><strong>tradiderunt</strong></span> <span class='ocrx_word' id='word_1_633' title='bbox 3250 2576 3439 2621; x_wconf 83' lang='lat' dir='ltr'><strong>sancto</strong></span> 
     </span>
    </p>
   </div>
   <div class='ocr_carea' id='block_1_87' title="bbox 1847 2660 3436 2730">
    <p class='ocr_par' dir='ltr' id='par_1_87' title="bbox 1847 2660 3436 2730">
     <span class='ocr_line' id='line_1_88' title="bbox 1847 2660 3436 2730; baseline -0.007 -8"><span class='ocrx_word' id='word_1_634' title='bbox 1847 2660 2006 2723; x_wconf 84' lang='lat' dir='ltr'><strong>Petro</strong></span> <span class='ocrx_word' id='word_1_635' title='bbox 2031 2669 2097 2721; x_wconf 90' lang='lat' dir='ltr'><strong>ad</strong></span> <span class='ocrx_word' id='word_1_636' title='bbox 2125 2667 2463 2722; x_wconf 87' lang='lat' dir='ltr'><strong>Trevericam</strong></span> <span class='ocrx_word' id='word_1_637' title='bbox 2492 2666 2799 2730; x_wconf 88' lang='lat' dir='ltr'><strong>ecclesiam,</strong></span> <span class='ocrx_word' id='word_1_638' title='bbox 2822 2663 3066 2719; x_wconf 85' lang='lat' dir='ltr'><strong>videlicet</strong></span> <span class='ocrx_word' id='word_1_639' title='bbox 3090 2660 3436 2715; x_wconf 80' lang='lat' dir='ltr'><strong>Valemacutn</strong></span> 
     </span>
    </p>
   </div>
   <div class='ocr_carea' id='block_1_88' title="bbox 1843 2752 3435 2829">
    <p class='ocr_par' dir='ltr' id='par_1_88' title="bbox 1843 2752 3435 2829">
     <span class='ocr_line' id='line_1_89' title="bbox 1843 2752 3435 2829; baseline -0.006 -15"><span class='ocrx_word' id='word_1_640' title='bbox 1843 2774 1964 2814; x_wconf 91' lang='lat' dir='ltr'><strong>cum</strong></span> <span class='ocrx_word' id='word_1_641' title='bbox 1992 2759 2246 2815; x_wconf 78' lang='lat' dir='ltr'><strong>onitiibus</strong></span> <span class='ocrx_word' id='word_1_642' title='bbox 2271 2757 2603 2829; x_wconf 88' lang='lat' dir='ltr'><strong>appendiciis</strong></span> <span class='ocrx_word' id='word_1_643' title='bbox 2632 2757 2765 2824; x_wconf 90' lang='lat' dir='ltr'><strong>suis,</strong></span> <span class='ocrx_word' id='word_1_644' title='bbox 2796 2764 3023 2824; x_wconf 77' lang='lat' dir='ltr'><strong>excepto</strong></span> <span class='ocrx_word' id='word_1_645' title='bbox 3050 2755 3167 2809; x_wconf 89' lang='lat' dir='ltr'><strong>loco</strong></span> <span class='ocrx_word' id='word_1_646' title='bbox 3194 2752 3435 2808; x_wconf 68' lang='lat' dir='ltr'><strong>(Servium</strong></span> 
     </span>
    </p>
   </div>
   <div class='ocr_carea' id='block_1_89' title="bbox 1843 2845 3434 2925">
    <p class='ocr_par' dir='ltr' id='par_1_89' title="bbox 1843 2845 3434 2925">
     <span class='ocr_line' id='line_1_90' title="bbox 1843 2845 3434 2925; baseline -0.007 -18"><span class='ocrx_word' id='word_1_647' title='bbox 1843 2851 2027 2925; x_wconf 68' lang='lat' dir='ltr'><strong>(Car/1&#39;)</strong></span> <span class='ocrx_word' id='word_1_648' title='bbox 2056 2854 2353 2919; x_wconf 91' lang='lat' dir='ltr'><strong>nominato,</strong></span> <span class='ocrx_word' id='word_1_649' title='bbox 2385 2861 2439 2907; x_wconf 89' lang='lat' dir='ltr'><strong>et</strong></span> <span class='ocrx_word' id='word_1_650' title='bbox 2470 2850 2724 2908; x_wconf 85' lang='lat' dir='ltr'><strong>Serviaco</strong></span> <span class='ocrx_word' id='word_1_651' title='bbox 2750 2864 2871 2905; x_wconf 91' lang='lat' dir='ltr'><strong>cum</strong></span> <span class='ocrx_word' id='word_1_652' title='bbox 2905 2850 3102 2903; x_wconf 87' lang='lat' dir='ltr'><strong>foreste</strong></span> <span class='ocrx_word' id='word_1_653' title='bbox 3133 2845 3297 2916; x_wconf 76' lang='lat' dir='ltr'><strong>regia,</strong></span> <span class='ocrx_word' id='word_1_654' title='bbox 3326 2845 3434 2913; x_wconf 84' lang='lat' dir='ltr'><strong>ipsa</strong></span> 
     </span>
    </p>
   </div>
   <div class='ocr_carea' id='block_1_90' title="bbox 1841 2940 3435 3009">
    <p class='ocr_par' dir='ltr' id='par_1_90' title="bbox 1841 2940 3435 3009">
     <span class='ocr_line' id='line_1_91' title="bbox 1841 2940 3435 3009; baseline -0.006 -11"><span class='ocrx_word' id='word_1_655' title='bbox 1841 2954 2021 2999; x_wconf 87' lang='lat' dir='ltr'><strong>autem</strong></span> <span class='ocrx_word' id='word_1_656' title='bbox 2054 2945 2409 3009; x_wconf 86' lang='lat' dir='ltr'><strong>retinuerunt,</strong></span> <span class='ocrx_word' id='word_1_657' title='bbox 2438 2941 2532 2997; x_wconf 89' lang='lat' dir='ltr'><strong>sed</strong></span> <span class='ocrx_word' id='word_1_658' title='bbox 2561 2956 2724 2996; x_wconf 87' lang='lat' dir='ltr'><strong>causa</strong></span> <span class='ocrx_word' id='word_1_659' title='bbox 2754 2940 3069 2996; x_wconf 83' lang='lat' dir='ltr'><strong>venationis.</strong></span> <span class='ocrx_word' id='word_1_660' title='bbox 3102 2940 3435 3008; x_wconf 78' lang='lat' dir='ltr'><strong>Quapropter</strong></span> 
     </span>
    </p>
   </div>
   <div class='ocr_carea' id='block_1_91' title="bbox 1845 3031 3433 3109">
    <p class='ocr_par' dir='ltr' id='par_1_91' title="bbox 1845 3031 3433 3109">
     <span class='ocr_line' id='line_1_92' title="bbox 1845 3031 3433 3109; baseline -0.009 -14"><span class='ocrx_word' id='word_1_661' title='bbox 1845 3038 2117 3109; x_wconf 68' lang='lat' dir='ltr'><strong>deprrcati</strong></span> <span class='ocrx_word' id='word_1_662' title='bbox 2147 3046 2274 3094; x_wconf 90' lang='lat' dir='ltr'><strong>sunt</strong></span> <span class='ocrx_word' id='word_1_663' title='bbox 2303 3038 2524 3107; x_wconf 89' lang='lat' dir='ltr'><strong>predicti</strong></span> <span class='ocrx_word' id='word_1_664' title='bbox 2558 3037 2742 3092; x_wconf 88' lang='lat' dir='ltr'><strong>fideles</strong></span> <span class='ocrx_word' id='word_1_665' title='bbox 2772 3035 2958 3099; x_wconf 90' lang='lat' dir='ltr'><strong>nostri,</strong></span> <span class='ocrx_word' id='word_1_666' title='bbox 2982 3043 3040 3087; x_wconf 90' lang='lat' dir='ltr'><strong>ut</strong></span> <span class='ocrx_word' id='word_1_667' title='bbox 3061 3033 3295 3103; x_wconf 86' lang='lat' dir='ltr'><strong>predicta</strong></span> <span class='ocrx_word' id='word_1_668' title='bbox 3321 3031 3433 3085; x_wconf 86' lang='lat' dir='ltr'><strong>loca</strong></span> 
     </span>
    </p>
   </div>
   <div class='ocr_carea' id='block_1_92' title="bbox 1845 3126 3434 3200">
    <p class='ocr_par' dir='ltr' id='par_1_92' title="bbox 1845 3126 3434 3200">
     <span class='ocr_line' id='line_1_93' title="bbox 1845 3126 3434 3200; baseline -0.008 -8"><span class='ocrx_word' id='word_1_669' title='bbox 1845 3137 2088 3192; x_wconf 85' lang='lat' dir='ltr'><strong>Cerviam</strong></span> <span class='ocrx_word' id='word_1_670' title='bbox 2128 3145 2183 3192; x_wconf 90' lang='lat' dir='ltr'><strong>et</strong></span> <span class='ocrx_word' id='word_1_671' title='bbox 2218 3134 2533 3192; x_wconf 89' lang='lat' dir='ltr'><strong>Serviacum</strong></span> <span class='ocrx_word' id='word_1_672' title='bbox 2576 3132 2772 3200; x_wconf 82' lang='lat' dir='ltr'><strong>pariter</strong></span> <span class='ocrx_word' id='word_1_673' title='bbox 2805 3146 2925 3187; x_wconf 89' lang='lat' dir='ltr'><strong>cum</strong></span> <span class='ocrx_word' id='word_1_674' title='bbox 2968 3130 3185 3193; x_wconf 87' lang='lat' dir='ltr'><strong>foreste,</strong></span> <span class='ocrx_word' id='word_1_675' title='bbox 3225 3143 3331 3195; x_wconf 89' lang='lat' dir='ltr'><strong>que</strong></span> <span class='ocrx_word' id='word_1_676' title='bbox 3368 3126 3434 3179; x_wconf 87' lang='lat' dir='ltr'><strong>ad</strong></span> 
     </span>
    </p>
   </div>
   <div class='ocr_carea' id='block_1_93' title="bbox 1849 3225 3428 3298">
    <p class='ocr_par' dir='ltr' id='par_1_93' title="bbox 1849 3225 3428 3298">
     <span class='ocr_line' id='line_1_94' title="bbox 1849 3225 3428 3298; baseline -0.007 -13"><span class='ocrx_word' id='word_1_677' title='bbox 1849 3230 2034 3285; x_wconf 86' lang='lat' dir='ltr'><strong>fiscum</strong></span> <span class='ocrx_word' id='word_1_678' title='bbox 2064 3229 2419 3298; x_wconf 85' lang='lat' dir='ltr'><strong>respiciebat,</strong></span> <span class='ocrx_word' id='word_1_679' title='bbox 2449 3227 2783 3285; x_wconf 85' lang='lat' dir='ltr'><strong>traderemus</strong></span> <span class='ocrx_word' id='word_1_680' title='bbox 2809 3227 2873 3280; x_wconf 87' lang='lat' dir='ltr'><strong>ad</strong></span> <span class='ocrx_word' id='word_1_681' title='bbox 2905 3234 3148 3279; x_wconf 90' lang='lat' dir='ltr'><strong>sanctum</strong></span> <span class='ocrx_word' id='word_1_682' title='bbox 3180 3225 3390 3277; x_wconf 79' lang='lat' dir='ltr'><strong>l’etrum</strong></span> <span class='ocrx_word' id='word_1_683' title='bbox 3413 3262 3428 3285; x_wconf 91' lang='lat'><strong>,</strong></span> 
     </span>
    </p>
   </div>
   <div class='ocr_carea' id='block_1_94' title="bbox 1846 3314 3431 3389">
    <p class='ocr_par' dir='ltr' id='par_1_94' title="bbox 1846 3314 3431 3389">
     <span class='ocr_line' id='line_1_95' title="bbox 1846 3314 3431 3389; baseline -0.007 -15"><span class='ocrx_word' id='word_1_684' title='bbox 1846 3336 1914 3376; x_wconf 89' lang='lat' dir='ltr'><strong>ne</strong></span> <span class='ocrx_word' id='word_1_685' title='bbox 1952 3335 2048 3376; x_wconf 89' lang='lat' dir='ltr'><strong>sua</strong></span> <span class='ocrx_word' id='word_1_686' title='bbox 2086 3320 2369 3375; x_wconf 86' lang='lat' dir='ltr'><strong>occasione</strong></span> <span class='ocrx_word' id='word_1_687' title='bbox 2407 3318 2572 3389; x_wconf 73' lang='lat' dir='ltr'><strong>ipsius</strong></span> <span class='ocrx_word' id='word_1_688' title='bbox 2611 3316 2825 3372; x_wconf 86' lang='lat' dir='ltr'><strong>forestis</strong></span> <span class='ocrx_word' id='word_1_689' title='bbox 2865 3314 3306 3384; x_wconf 72' lang='lat' dir='ltr'><strong>circunijcicentes</strong></span> <span class='ocrx_word' id='word_1_690' title='bbox 3346 3327 3431 3364; x_wconf 88' lang='lat' dir='ltr'><strong>res</strong></span> 
     </span>
    </p>
   </div>
   <div class='ocr_carea' id='block_1_95' title="bbox 1844 3406 3428 3482">
    <p class='ocr_par' dir='ltr' id='par_1_95' title="bbox 1844 3406 3428 3482">
     <span class='ocr_line' id='line_1_96' title="bbox 1844 3406 3428 3482; baseline -0.005 -15"><span class='ocrx_word' id='word_1_691' title='bbox 1844 3414 2015 3468; x_wconf 90' lang='lat' dir='ltr'><strong>sancti</strong></span> <span class='ocrx_word' id='word_1_692' title='bbox 2049 3412 2190 3467; x_wconf 78' lang='lat' dir='ltr'><strong>Petri</strong></span> <span class='ocrx_word' id='word_1_693' title='bbox 2222 3421 2579 3467; x_wconf 88' lang='lat' dir='ltr'><strong>vastarentur.</strong></span> <span class='ocrx_word' id='word_1_694' title='bbox 2620 3409 2787 3482; x_wconf 77' lang='lat' dir='ltr'><strong>igitur</strong></span> <span class='ocrx_word' id='word_1_695' title='bbox 2817 3426 2914 3464; x_wconf 91' lang='lat' dir='ltr'><strong>nos</strong></span> <span class='ocrx_word' id='word_1_696' title='bbox 2942 3424 3126 3464; x_wconf 76' lang='lat' dir='ltr'><strong>eorum</strong></span> <span class='ocrx_word' id='word_1_697' title='bbox 3158 3406 3428 3478; x_wconf 59' lang='lat' dir='ltr'><strong>petitioni-</strong></span> 
     </span>
    </p>
   </div>
   <div class='ocr_carea' id='block_1_96' title="bbox 1846 3501 3428 3576">
    <p class='ocr_par' dir='ltr' id='par_1_96' title="bbox 1846 3501 3428 3576">
     <span class='ocr_line' id='line_1_97' title="bbox 1846 3501 3428 3576; baseline -0.006 -14"><span class='ocrx_word' id='word_1_698' title='bbox 1846 3507 1944 3562; x_wconf 87' lang='lat' dir='ltr'><strong>bus</strong></span> <span class='ocrx_word' id='word_1_699' title='bbox 1972 3516 2293 3573; x_wconf 88' lang='lat' dir='ltr'><strong>annuentes,</strong></span> <span class='ocrx_word' id='word_1_700' title='bbox 2325 3506 2477 3576; x_wconf 83' lang='lat' dir='ltr'><strong>legali</strong></span> <span class='ocrx_word' id='word_1_701' title='bbox 2504 3505 2624 3576; x_wconf 85' lang='lat' dir='ltr'><strong>jure</strong></span> <span class='ocrx_word' id='word_1_702' title='bbox 2654 3503 2969 3559; x_wconf 90' lang='lat' dir='ltr'><strong>tradidimus</strong></span> <span class='ocrx_word' id='word_1_703' title='bbox 2998 3503 3061 3555; x_wconf 88' lang='lat' dir='ltr'><strong>ad</strong></span> <span class='ocrx_word' id='word_1_704' title='bbox 3092 3501 3428 3557; x_wconf 76' lang='lat' dir='ltr'><strong>Trevericain</strong></span> 
     </span>
    </p>
   </div>
   <div class='ocr_carea' id='block_1_97' title="bbox 1843 3592 3429 3666">
    <p class='ocr_par' dir='ltr' id='par_1_97' title="bbox 1843 3592 3429 3666">
     <span class='ocr_line' id='line_1_98' title="bbox 1843 3592 3429 3666; baseline -0.008 -12"><span class='ocrx_word' id='word_1_705' title='bbox 1843 3597 2128 3654; x_wconf 88' lang='lat' dir='ltr'><strong>ecclesiam</strong></span> <span class='ocrx_word' id='word_1_706' title='bbox 2179 3595 2351 3652; x_wconf 85' lang='lat' dir='ltr'><strong>sancti</strong></span> <span class='ocrx_word' id='word_1_707' title='bbox 2403 3596 2545 3653; x_wconf 88' lang='lat' dir='ltr'><strong>Petri</strong></span> <span class='ocrx_word' id='word_1_708' title='bbox 2592 3611 2750 3666; x_wconf 90' lang='lat' dir='ltr'><strong>supra</strong></span> <span class='ocrx_word' id='word_1_709' title='bbox 2795 3593 2945 3649; x_wconf 80' lang='lat' dir='ltr'><strong>dicta</strong></span> <span class='ocrx_word' id='word_1_710' title='bbox 2987 3595 3135 3661; x_wconf 87' lang='lat' dir='ltr'><strong>loca,</strong></span> <span class='ocrx_word' id='word_1_711' title='bbox 3184 3592 3429 3646; x_wconf 77' lang='lat' dir='ltr'><strong>Cerviam</strong></span> 
     </span>
    </p>
   </div>
   <div class='ocr_carea' id='block_1_98' title="bbox 1845 3684 3429 3755">
    <p class='ocr_par' dir='ltr' id='par_1_98' title="bbox 1845 3684 3429 3755">
     <span class='ocr_line' id='line_1_99' title="bbox 1845 3684 3429 3755; baseline -0.006 -11"><span class='ocrx_word' id='word_1_712' title='bbox 1845 3690 2090 3745; x_wconf 84' lang='lat' dir='ltr'><strong>videlicet</strong></span> <span class='ocrx_word' id='word_1_713' title='bbox 2133 3696 2189 3745; x_wconf 91' lang='lat' dir='ltr'><strong>et</strong></span> <span class='ocrx_word' id='word_1_714' title='bbox 2227 3688 2559 3755; x_wconf 80' lang='lat' dir='ltr'><strong>Serviarum,</strong></span> <span class='ocrx_word' id='word_1_715' title='bbox 2606 3703 2728 3743; x_wconf 90' lang='lat' dir='ltr'><strong>cum</strong></span> <span class='ocrx_word' id='word_1_716' title='bbox 2772 3685 3019 3741; x_wconf 89' lang='lat' dir='ltr'><strong>omnibus</strong></span> <span class='ocrx_word' id='word_1_717' title='bbox 3058 3685 3122 3739; x_wconf 89' lang='lat' dir='ltr'><strong>ad</strong></span> <span class='ocrx_word' id='word_1_718' title='bbox 3163 3684 3275 3753; x_wconf 82' lang='lat' dir='ltr'><strong>ipsa</strong></span> <span class='ocrx_word' id='word_1_719' title='bbox 3316 3686 3429 3737; x_wconf 83' lang='lat' dir='ltr'><strong>loca</strong></span> 
     </span>
    </p>
   </div>
   <div class='ocr_carea' id='block_1_99' title="bbox 1845 3776 3429 3855">
    <p class='ocr_par' dir='ltr' id='par_1_99' title="bbox 1845 3776 3429 3855">
     <span class='ocr_line' id='line_1_100' title="bbox 1845 3776 3429 3855; baseline -0.008 -15"><span class='ocrx_word' id='word_1_720' title='bbox 1845 3782 2254 3855; x_wconf 85' lang='lat' dir='ltr'><strong>pertinentibus,</strong></span> <span class='ocrx_word' id='word_1_721' title='bbox 2287 3782 2516 3850; x_wconf 79' lang='lat' dir='ltr'><strong>campis,</strong></span> <span class='ocrx_word' id='word_1_722' title='bbox 2555 3781 2751 3848; x_wconf 88' lang='lat' dir='ltr'><strong>pratis,</strong></span> <span class='ocrx_word' id='word_1_723' title='bbox 2790 3778 3033 3849; x_wconf 90' lang='lat' dir='ltr'><strong>pascuis,</strong></span> <span class='ocrx_word' id='word_1_724' title='bbox 3073 3776 3223 3846; x_wconf 87' lang='lat' dir='ltr'><strong>aquis</strong></span> <span class='ocrx_word' id='word_1_725' title='bbox 3260 3791 3429 3845; x_wconf 88' lang='lat' dir='ltr'><strong>aqua-</strong></span> 
     </span>
    </p>
   </div>
   <div class='ocr_carea' id='block_1_100' title="bbox 1845 3858 3429 3945">
    <p class='ocr_par' dir='ltr' id='par_1_100' title="bbox 1845 3858 3429 3945">
     <span class='ocr_line' id='line_1_101' title="bbox 1845 3858 3429 3945; baseline -0.008 -15"><span class='ocrx_word' id='word_1_726' title='bbox 1845 3890 2067 3945; x_wconf 88' lang='lat' dir='ltr'><strong>rumque</strong></span> <span class='ocrx_word' id='word_1_727' title='bbox 2109 3873 2448 3938; x_wconf 87' lang='lat' dir='ltr'><strong>decursibus,</strong></span> <span class='ocrx_word' id='word_1_728' title='bbox 2479 3872 2648 3938; x_wconf 86' lang='lat' dir='ltr'><strong>silvis,</strong></span> <span class='ocrx_word' id='word_1_729' title='bbox 2690 3869 2850 3927; x_wconf 69' lang='lat' dir='ltr'><strong>cultis</strong></span> <span class='ocrx_word' id='word_1_730' title='bbox 2887 3878 2943 3925; x_wconf 90' lang='lat' dir='ltr'><strong>ct</strong></span> <span class='ocrx_word' id='word_1_731' title='bbox 2985 3870 3215 3934; x_wconf 86' lang='lat' dir='ltr'><strong>incultis,</strong></span> <span class='ocrx_word' id='word_1_732' title='bbox 3238 3858 3347 3919; x_wconf 33' lang='lat' dir='ltr'><strong>&#39;viis</strong></span> <span class='ocrx_word' id='word_1_733' title='bbox 3376 3877 3429 3919; x_wconf 89' lang='lat' dir='ltr'><strong>et</strong></span> 
     </span>
    </p>
   </div>
   <div class='ocr_carea' id='block_1_101' title="bbox 1843 3961 3430 4039">
    <p class='ocr_par' dir='ltr' id='par_1_101' title="bbox 1843 3961 3430 4039">
     <span class='ocr_line' id='line_1_102' title="bbox 1843 3961 3430 4039; baseline -0.008 -16"><span class='ocrx_word' id='word_1_734' title='bbox 1843 3968 2023 4032; x_wconf 89' lang='lat' dir='ltr'><strong>inviis,</strong></span> <span class='ocrx_word' id='word_1_735' title='bbox 2048 3968 2281 4023; x_wconf 78' lang='lat' dir='ltr'><strong>exitibus</strong></span> <span class='ocrx_word' id='word_1_736' title='bbox 2308 3977 2363 4022; x_wconf 87' lang='lat' dir='ltr'><strong>et</strong></span> <span class='ocrx_word' id='word_1_737' title='bbox 2390 3965 2667 4030; x_wconf 81' lang='lat' dir='ltr'><strong>reditibus,</strong></span> <span class='ocrx_word' id='word_1_738' title='bbox 2692 3979 2813 4039; x_wconf 88' lang='lat' dir='ltr'><strong>cum</strong></span> <span class='ocrx_word' id='word_1_739' title='bbox 2842 3964 3057 4028; x_wconf 88' lang='lat' dir='ltr'><strong>forcste,</strong></span> <span class='ocrx_word' id='word_1_740' title='bbox 3079 3961 3430 4030; x_wconf 86' lang='lat' dir='ltr'><strong>quemadmo-</strong></span> 
     </span>
    </p>
   </div>
   <div class='ocr_carea' id='block_1_102' title="bbox 1842 4051 3431 4123">
    <p class='ocr_par' dir='ltr' id='par_1_102' title="bbox 1842 4051 3431 4123">
     <span class='ocr_line' id='line_1_103' title="bbox 1842 4051 3431 4123; baseline -0.009 -9"><span class='ocrx_word' id='word_1_741' title='bbox 1842 4059 1971 4113; x_wconf 86' lang='lat' dir='ltr'><strong>dum</strong></span> <span class='ocrx_word' id='word_1_742' title='bbox 1999 4058 2066 4113; x_wconf 79' lang='lat' dir='ltr'><strong>ad</strong></span> <span class='ocrx_word' id='word_1_743' title='bbox 2098 4058 2285 4114; x_wconf 88' lang='lat' dir='ltr'><strong>fiscum</strong></span> <span class='ocrx_word' id='word_1_744' title='bbox 2316 4066 2556 4110; x_wconf 85' lang='lat' dir='ltr'><strong>nostrum</strong></span> <span class='ocrx_word' id='word_1_745' title='bbox 2596 4053 2922 4123; x_wconf 88' lang='lat' dir='ltr'><strong>pertinebat,</strong></span> <span class='ocrx_word' id='word_1_746' title='bbox 2961 4067 3081 4106; x_wconf 91' lang='lat' dir='ltr'><strong>cum</strong></span> <span class='ocrx_word' id='word_1_747' title='bbox 3111 4051 3253 4105; x_wconf 89' lang='lat' dir='ltr'><strong>omni</strong></span> <span class='ocrx_word' id='word_1_748' title='bbox 3296 4052 3431 4103; x_wconf 77' lang='lat' dir='ltr'><strong>inte-</strong></span> 
     </span>
    </p>
   </div>
   <div class='ocr_carea' id='block_1_103' title="bbox 1841 4138 3426 4222">
    <p class='ocr_par' dir='ltr' id='par_1_103' title="bbox 1841 4138 3426 4222">
     <span class='ocr_line' id='line_1_104' title="bbox 1841 4138 3426 4222; baseline -0.008 -19"><span class='ocrx_word' id='word_1_749' title='bbox 1841 4153 2033 4222; x_wconf 81' lang='lat' dir='ltr'><strong>gritate</strong></span> <span class='ocrx_word' id='word_1_750' title='bbox 2063 4150 2377 4205; x_wconf 86' lang='lat' dir='ltr'><strong>tradidimus</strong></span> <span class='ocrx_word' id='word_1_751' title='bbox 2417 4156 2471 4203; x_wconf 90' lang='lat' dir='ltr'><strong>et</strong></span> <span class='ocrx_word' id='word_1_752' title='bbox 2507 4148 2782 4203; x_wconf 74' lang='lat' dir='ltr'><strong>sanximus</strong></span> <span class='ocrx_word' id='word_1_753' title='bbox 2823 4144 2907 4200; x_wconf 87' lang='lat' dir='ltr'><strong>his</strong></span> <span class='ocrx_word' id='word_1_754' title='bbox 2949 4145 3078 4198; x_wconf 89' lang='lat' dir='ltr'><strong>locis</strong></span> <span class='ocrx_word' id='word_1_755' title='bbox 3107 4138 3426 4196; x_wconf 88' lang='lat' dir='ltr'><strong>determina-</strong></span> 
     </span>
    </p>
   </div>
   <div class='ocr_carea' id='block_1_104' title="bbox 1845 4231 3419 4309">
    <p class='ocr_par' dir='ltr' id='par_1_104' title="bbox 1845 4231 3419 4309">
     <span class='ocr_line' id='line_1_105' title="bbox 1845 4231 3419 4309; baseline -0.01 -10"><span class='ocrx_word' id='word_1_756' title='bbox 1845 4256 1951 4299; x_wconf 87' lang='lat' dir='ltr'><strong>tam</strong></span> <span class='ocrx_word' id='word_1_757' title='bbox 1985 4262 1997 4297; x_wconf 92' lang='lat'><strong>:</strong></span> <span class='ocrx_word' id='word_1_758' title='bbox 2029 4259 2094 4299; x_wconf 82' lang='lat' dir='ltr'><strong>ex</strong></span> <span class='ocrx_word' id='word_1_759' title='bbox 2133 4257 2200 4298; x_wconf 90' lang='lat' dir='ltr'><strong>eo</strong></span> <span class='ocrx_word' id='word_1_760' title='bbox 2240 4242 2378 4306; x_wconf 84' lang='lat' dir='ltr'><strong>loco,</strong></span> <span class='ocrx_word' id='word_1_761' title='bbox 2411 4240 2497 4295; x_wconf 83' lang='lat' dir='ltr'><strong>tibi</strong></span> <span class='ocrx_word' id='word_1_762' title='bbox 2538 4238 2839 4295; x_wconf 85' lang='lat' dir='ltr'><strong>l’remautia</strong></span> <span class='ocrx_word' id='word_1_763' title='bbox 2873 4235 3118 4309; x_wconf 72' lang='lat' dir='ltr'><strong>(Brimbs)</strong></span> <span class='ocrx_word' id='word_1_764' title='bbox 3147 4232 3293 4287; x_wconf 86' lang='lat' dir='ltr'><strong>fluvii</strong></span> <span class='ocrx_word' id='word_1_765' title='bbox 3321 4231 3419 4285; x_wconf 90' lang='lat' dir='ltr'><strong>ori-</strong></span> 
     </span>
    </p>
   </div>
   <div class='ocr_carea' id='block_1_105' title="bbox 1845 4325 3431 4405">
    <p class='ocr_par' dir='ltr' id='par_1_105' title="bbox 1845 4325 3431 4405">
     <span class='ocr_line' id='line_1_106' title="bbox 1845 4325 3431 4405; baseline -0.009 -17"><span class='ocrx_word' id='word_1_766' title='bbox 1845 4344 1929 4389; x_wconf 90' lang='lat' dir='ltr'><strong>tur</strong></span> <span class='ocrx_word' id='word_1_767' title='bbox 1957 4349 2123 4405; x_wconf 90' lang='lat' dir='ltr'><strong>usque</strong></span> <span class='ocrx_word' id='word_1_768' title='bbox 2149 4334 2216 4388; x_wconf 87' lang='lat' dir='ltr'><strong>ad</strong></span> <span class='ocrx_word' id='word_1_769' title='bbox 2259 4331 2661 4397; x_wconf 83' lang='lat' dir='ltr'><strong>Bischufl‘svelt,</strong></span> <span class='ocrx_word' id='word_1_770' title='bbox 2707 4340 2761 4386; x_wconf 88' lang='lat' dir='ltr'><strong>et</strong></span> <span class='ocrx_word' id='word_1_771' title='bbox 2800 4330 2879 4385; x_wconf 90' lang='lat' dir='ltr'><strong>sic</strong></span> <span class='ocrx_word' id='word_1_772' title='bbox 2910 4329 2988 4382; x_wconf 80' lang='lat' dir='ltr'><strong>via</strong></span> <span class='ocrx_word' id='word_1_773' title='bbox 3022 4325 3230 4395; x_wconf 82' lang='lat' dir='ltr'><strong>publica</strong></span> <span class='ocrx_word' id='word_1_774' title='bbox 3263 4338 3431 4391; x_wconf 83' lang='lat' dir='ltr'><strong>usque</strong></span> 
     </span>
    </p>
   </div>
   <div class='ocr_carea' id='block_1_106' title="bbox 1846 4418 3430 4496">
    <p class='ocr_par' dir='ltr' id='par_1_106' title="bbox 1846 4418 3430 4496">
     <span class='ocr_line' id='line_1_107' title="bbox 1846 4418 3430 4496; baseline -0.008 -15"><span class='ocrx_word' id='word_1_775' title='bbox 1846 4429 1910 4481; x_wconf 89' lang='lat' dir='ltr'><strong>ad</strong></span> <span class='ocrx_word' id='word_1_776' title='bbox 1941 4427 2255 4481; x_wconf 78' lang='lat' dir='ltr'><strong>Mareiacum</strong></span> <span class='ocrx_word' id='word_1_777' title='bbox 2283 4423 2506 4496; x_wconf 79' lang='lat' dir='ltr'><strong>(Merzig</strong></span> <span class='ocrx_word' id='word_1_778' title='bbox 2531 4423 2600 4477; x_wconf 83' lang='lat' dir='ltr'><strong>ad</strong></span> <span class='ocrx_word' id='word_1_779' title='bbox 2629 4422 2840 4491; x_wconf 76' lang='lat' dir='ltr'><strong>Seram)</strong></span> <span class='ocrx_word' id='word_1_780' title='bbox 2884 4428 2941 4476; x_wconf 88' lang='lat' dir='ltr'><strong>et</strong></span> <span class='ocrx_word' id='word_1_781' title='bbox 2981 4420 3059 4473; x_wconf 91' lang='lat' dir='ltr'><strong>sic</strong></span> <span class='ocrx_word' id='word_1_782' title='bbox 3098 4418 3221 4472; x_wconf 91' lang='lat' dir='ltr'><strong>inde</strong></span> <span class='ocrx_word' id='word_1_783' title='bbox 3262 4430 3430 4484; x_wconf 63' lang='lat' dir='ltr'><strong>usque</strong></span> 
     </span>
    </p>
   </div>
   <div class='ocr_carea' id='block_1_107' title="bbox 1846 4507 3430 4590">
    <p class='ocr_par' dir='ltr' id='par_1_107' title="bbox 1846 4507 3430 4590">
     <span class='ocr_line' id='line_1_108' title="bbox 1846 4507 3430 4590; baseline -0.009 -15"><span class='ocrx_word' id='word_1_784' title='bbox 1846 4522 2044 4575; x_wconf 86' lang='lat' dir='ltr'><strong>Sarova</strong></span> <span class='ocrx_word' id='word_1_785' title='bbox 2075 4518 2233 4590; x_wconf 86' lang='lat' dir='ltr'><strong>(Sara</strong></span> <span class='ocrx_word' id='word_1_786' title='bbox 2253 4533 2341 4571; x_wconf 84' lang='lat' dir='ltr'><strong>seu</strong></span> <span class='ocrx_word' id='word_1_787' title='bbox 2364 4515 2622 4572; x_wconf 72' lang='lat' dir='ltr'><strong>Soranum</strong></span> <span class='ocrx_word' id='word_1_788' title='bbox 2641 4515 2727 4584; x_wconf 79' lang='lat' dir='ltr'><strong>ﬂ.)</strong></span> <span class='ocrx_word' id='word_1_789' title='bbox 2761 4513 2811 4566; x_wconf 93' lang='lat' dir='ltr'><strong>in</strong></span> <span class='ocrx_word' id='word_1_790' title='bbox 2844 4510 3112 4566; x_wconf 83' lang='lat' dir='ltr'><strong>Mosellam</strong></span> <span class='ocrx_word' id='word_1_791' title='bbox 3138 4509 3276 4575; x_wconf 83' lang='lat' dir='ltr'><strong>fluit,</strong></span> <span class='ocrx_word' id='word_1_792' title='bbox 3304 4507 3430 4562; x_wconf 89' lang='lat' dir='ltr'><strong>inde</strong></span> 
     </span>
    </p>
   </div>
   <div class='ocr_carea' id='block_1_108' title="bbox 1841 4604 3429 4681">
    <p class='ocr_par' dir='ltr' id='par_1_108' title="bbox 1841 4604 3429 4681">
     <span class='ocr_line' id='line_1_109' title="bbox 1841 4604 3429 4681; baseline -0.009 -15"><span class='ocrx_word' id='word_1_793' title='bbox 1841 4613 1906 4666; x_wconf 86' lang='lat' dir='ltr'><strong>ad</strong></span> <span class='ocrx_word' id='word_1_794' title='bbox 1936 4612 2109 4666; x_wconf 84' lang='lat' dir='ltr'><strong>locum</strong></span> <span class='ocrx_word' id='word_1_795' title='bbox 2150 4612 2293 4681; x_wconf 83' lang='lat' dir='ltr'><strong>Lyve</strong></span> <span class='ocrx_word' id='word_1_796' title='bbox 2326 4610 2517 4681; x_wconf 74' lang='lat' dir='ltr'><strong>(Leyeu</strong></span> <span class='ocrx_word' id='word_1_797' title='bbox 2556 4609 2625 4660; x_wconf 81' lang='lat' dir='ltr'><strong>ad</strong></span> <span class='ocrx_word' id='word_1_798' title='bbox 2657 4604 2950 4675; x_wconf 79' lang='lat' dir='ltr'><strong>Mosellam)</strong></span> <span class='ocrx_word' id='word_1_799' title='bbox 2992 4604 3356 4667; x_wconf 78' lang='lat' dir='ltr'><strong>nominatum;</strong></span> <span class='ocrx_word' id='word_1_800' title='bbox 3401 4620 3429 4652; x_wconf 88' lang='lat' dir='ltr'><strong>a</strong></span> 
     </span>
    </p>
   </div>
   <div class='ocr_carea' id='block_1_109' title="bbox 1840 4734 3428 4811">
    <p class='ocr_par' dir='ltr' id='par_1_109' title="bbox 1840 4734 3428 4811">
     <span class='ocr_line' id='line_1_110' title="bbox 1840 4734 3428 4811; baseline -0.011 -10"><span class='ocrx_word' id='word_1_801' title='bbox 1840 4755 1964 4809; x_wconf 88' lang='lat' dir='ltr'><strong>stat,</strong></span> <span class='ocrx_word' id='word_1_802' title='bbox 1998 4743 2359 4809; x_wconf 80' lang='lat' dir='ltr'><strong>Wiomadum,</strong></span> <span class='ocrx_word' id='word_1_803' title='bbox 2388 4758 2544 4811; x_wconf 90' lang='lat' dir='ltr'><strong>quem</strong></span> <span class='ocrx_word' id='word_1_804' title='bbox 2587 4734 3299 4811; x_wconf 67' lang='lat' dir='ltr'><strong>Medioiacensibusquoque</strong></span> <span class='ocrx_word' id='word_1_805' title='bbox 3328 4735 3428 4811; x_wconf 79' lang='lat' dir='ltr'><strong>ah-</strong></span> 
     </span>
    </p>
   </div>
   <div class='ocr_carea' id='block_1_110' title="bbox 1843 4807 3429 4873">
    <p class='ocr_par' dir='ltr' id='par_1_110' title="bbox 1843 4807 3429 4873">
     <span class='ocr_line' id='line_1_111' title="bbox 1843 4807 3429 4873; baseline -0.01 0"><span class='ocrx_word' id='word_1_806' title='bbox 1843 4807 2051 4873; x_wconf 85' lang='lat' dir='ltr'><strong>batibus</strong></span> <span class='ocrx_word' id='word_1_807' title='bbox 2092 4824 2211 4870; x_wconf 82' lang='lat' dir='ltr'><strong>acta</strong></span> <span class='ocrx_word' id='word_1_808' title='bbox 2253 4807 2512 4868; x_wconf 77' lang='lat' dir='ltr'><strong>Leutvvini</strong></span> <span class='ocrx_word' id='word_1_809' title='bbox 2561 4814 2871 4871; x_wconf 87' lang='lat' dir='ltr'><strong>inseruere,</strong></span> <span class='ocrx_word' id='word_1_810' title='bbox 2916 4811 3094 4864; x_wconf 85' lang='lat' dir='ltr'><strong>serius</strong></span> <span class='ocrx_word' id='word_1_811' title='bbox 3130 4809 3287 4862; x_wconf 83' lang='lat' dir='ltr'><strong>citius</strong></span> <span class='ocrx_word' id='word_1_812' title='bbox 3330 4807 3429 4857; x_wconf 77' lang='lat' dir='ltr'><strong>ha—</strong></span> 
     </span>
    </p>
   </div>
   <div class='ocr_carea' id='block_1_111' title="bbox 1840 4878 3431 4956">
    <p class='ocr_par' dir='ltr' id='par_1_111' title="bbox 1840 4878 3431 4956">
     <span class='ocr_line' id='line_1_112' title="bbox 1840 4878 3431 4956; baseline -0.009 -14"><span class='ocrx_word' id='word_1_813' title='bbox 1840 4888 2018 4942; x_wconf 85' lang='lat' dir='ltr'><strong>buisse</strong></span> <span class='ocrx_word' id='word_1_814' title='bbox 2049 4899 2437 4941; x_wconf 84' lang='lat' dir='ltr'><strong>successorem.</strong></span> <span class='ocrx_word' id='word_1_815' title='bbox 2479 4883 2577 4938; x_wconf 85' lang='lat' dir='ltr'><strong>Cui</strong></span> <span class='ocrx_word' id='word_1_816' title='bbox 2618 4899 2705 4956; x_wconf 70' lang='lat' dir='ltr'><strong>an</strong></span> <span class='ocrx_word' id='word_1_817' title='bbox 2730 4882 2952 4956; x_wconf 68' lang='lat' dir='ltr'><strong>Basilius</strong></span> <span class='ocrx_word' id='word_1_818' title='bbox 2995 4878 3265 4956; x_wconf 75' lang='lat' dir='ltr'><strong>religionis</strong></span> <span class='ocrx_word' id='word_1_819' title='bbox 3312 4890 3431 4956; x_wconf 69' lang='lat' dir='ltr'><strong>trio-</strong></span> 
     </span>
    </p>
   </div>
   <div class='ocr_carea' id='block_1_112' title="bbox 1840 4948 3428 5028">
    <p class='ocr_par' dir='ltr' id='par_1_112' title="bbox 1840 4948 3428 5028">
     <span class='ocr_line' id='line_1_113' title="bbox 1840 4948 3428 5028; baseline -0.009 -17"><span class='ocrx_word' id='word_1_820' title='bbox 1840 4957 2134 5028; x_wconf 73' lang='lat' dir='ltr'><strong>destimque</strong></span> <span class='ocrx_word' id='word_1_821' title='bbox 2177 4972 2326 5027; x_wconf 80' lang='lat' dir='ltr'><strong>ergo,</strong></span> <span class='ocrx_word' id='word_1_822' title='bbox 2376 4971 2443 5009; x_wconf 89' lang='lat' dir='ltr'><strong>an</strong></span> <span class='ocrx_word' id='word_1_823' title='bbox 2490 4962 2647 5028; x_wconf 70' lang='lat' dir='ltr'><strong>relate</strong></span> <span class='ocrx_word' id='word_1_824' title='bbox 2686 4948 2810 5028; x_wconf 31' lang='lat' dir='ltr'><strong>jam;</strong></span> <span class='ocrx_word' id='word_1_825' title='bbox 2844 4948 3108 5004; x_wconf 87' lang='lat' dir='ltr'><strong>diuturnis</strong></span> <span class='ocrx_word' id='word_1_826' title='bbox 3157 4948 3428 5028; x_wconf 70' lang='lat' dir='ltr'><strong>laboribus</strong></span> 
     </span>
    </p>
   </div>
   <div class='ocr_carea' id='block_1_113' title="bbox 1841 5018 3426 5089">
    <p class='ocr_par' dir='ltr' id='par_1_113' title="bbox 1841 5018 3426 5089">
     <span class='ocr_line' id='line_1_114' title="bbox 1841 5018 3426 5089; baseline -0.008 -8"><span class='ocrx_word' id='word_1_827' title='bbox 1841 5018 2137 5083; x_wconf 64' lang='lat' dir='ltr'><strong>devexa&#39;ad</strong></span> <span class='ocrx_word' id='word_1_828' title='bbox 2166 5018 2332 5082; x_wconf 68' lang='lat' dir='ltr'><strong>otium</strong></span> <span class='ocrx_word' id='word_1_829' title='bbox 2359 5026 2650 5080; x_wconf 88' lang='lat' dir='ltr'><strong>decesserit</strong></span> <span class='ocrx_word' id='word_1_830' title='bbox 2670 5018 2945 5089; x_wconf 41' lang='lat' dir='ltr'><strong>{arduum</strong></span> <span class='ocrx_word' id='word_1_831' title='bbox 2975 5034 3106 5074; x_wconf 88' lang='lat' dir='ltr'><strong>sane</strong></span> <span class='ocrx_word' id='word_1_832' title='bbox 3136 5018 3426 5089; x_wconf 78' lang='lat' dir='ltr'><strong>explicatu.</strong></span> 
     </span>
    </p>
   </div>
   <div class='ocr_carea' id='block_1_114' title="bbox 1842 5088 3431 5168">
    <p class='ocr_par' dir='ltr' id='par_1_114' title="bbox 1842 5088 3431 5168">
     <span class='ocr_line' id='line_1_115' title="bbox 1842 5088 3431 5168; baseline -0.009 -13"><span class='ocrx_word' id='word_1_833' title='bbox 1842 5101 1919 5155; x_wconf 76' lang='lat' dir='ltr'><strong>Es</strong></span> <span class='ocrx_word' id='word_1_834' title='bbox 1950 5098 2118 5168; x_wconf 87' lang='lat' dir='ltr'><strong>Pipiui</strong></span> <span class='ocrx_word' id='word_1_835' title='bbox 2151 5098 2341 5151; x_wconf 84' lang='lat' dir='ltr'><strong>tabulis</strong></span> <span class='ocrx_word' id='word_1_836' title='bbox 2364 5088 3206 5168; x_wconf 70' lang='lat' dir='ltr'><strong>contperitun&#39;habco,Dasinuui</strong></span> <span class='ocrx_word' id='word_1_837' title='bbox 3240 5088 3311 5168; x_wconf 30' lang='lat' dir='ltr'><strong>ad.</strong></span> <span class='ocrx_word' id='word_1_838' title='bbox 3336 5103 3431 5166; x_wconf 86' lang='lat' dir='ltr'><strong>an-</strong></span> 
     </span>
    </p>
   </div>
   <div class='ocr_carea' id='block_1_115' title="bbox 1842 5160 3427 5239">
    <p class='ocr_par' dir='ltr' id='par_1_115' title="bbox 1842 5160 3427 5239">
     <span class='ocr_line' id='line_1_116' title="bbox 1842 5160 3427 5239; baseline -0.009 -17"><span class='ocrx_word' id='word_1_839' title='bbox 1842 5185 1969 5223; x_wconf 90' lang='lat' dir='ltr'><strong>num</strong></span> <span class='ocrx_word' id='word_1_840' title='bbox 1998 5160 2164 5239; x_wconf 77' lang='lat' dir='ltr'><strong>usque</strong></span> <span class='ocrx_word' id='word_1_841' title='bbox 2192 5160 2584 5239; x_wconf 73' lang='lat' dir='ltr'><strong>sexagesimum</strong></span> <span class='ocrx_word' id='word_1_842' title='bbox 2614 5164 2908 5220; x_wconf 86' lang='lat' dir='ltr'><strong>secundum</strong></span> <span class='ocrx_word' id='word_1_843' title='bbox 2941 5160 3427 5239; x_wconf 75' lang='lat' dir='ltr'><strong>hujus_s:nculi_vi-</strong></span> 
     </span>
    </p>
   </div>
   <div class='ocr_carea' id='block_1_116' title="bbox 1840 5229 3427 5311">
    <p class='ocr_par' dir='ltr' id='par_1_116' title="bbox 1840 5229 3427 5311">
     <span class='ocr_line' id='line_1_117' title="bbox 1840 5229 3427 5311; baseline -0.008 -20"><span class='ocrx_word' id='word_1_844' title='bbox 1840 5240 2015 5294; x_wconf 88' lang='lat' dir='ltr'><strong>vendo</strong></span> <span class='ocrx_word' id='word_1_845' title='bbox 2046 5229 2391 5311; x_wconf 57' lang='lat' dir='ltr'><strong>processisse,</strong></span> <span class='ocrx_word' id='word_1_846' title='bbox 2430 5237 2589 5311; x_wconf 21' lang='lat' dir='ltr'><strong>AUndc</strong></span> <span class='ocrx_word' id='word_1_847' title='bbox 2624 5244 2856 5311; x_wconf 68' lang='lat' dir='ltr'><strong>apparet</strong></span> <span class='ocrx_word' id='word_1_848' title='bbox 2884 5244 2975 5287; x_wconf 85' lang='lat' dir='ltr'><strong>aut</strong></span> <span class='ocrx_word' id='word_1_849' title='bbox 3005 5229 3069 5286; x_wconf 84' lang='lat' dir='ltr'><strong>ad</strong></span> <span class='ocrx_word' id='word_1_850' title='bbox 3105 5229 3427 5311; x_wconf 73' lang='lat' dir='ltr'><strong>fungendum</strong></span> 
     </span>
    </p>
   </div>
   <div class='ocr_carea' id='block_1_117' title="bbox 1841 5305 3430 5373">
    <p class='ocr_par' dir='ltr' id='par_1_117' title="bbox 1841 5305 3430 5373">
     <span class='ocr_line' id='line_1_118' title="bbox 1841 5305 3430 5373; baseline -0.009 -10"><span class='ocrx_word' id='word_1_851' title='bbox 1841 5305 2218 5363; x_wconf 41' lang='lat' dir='ltr'><strong>munus—{etate</strong></span> <span class='ocrx_word' id='word_1_852' title='bbox 2243 5308 2554 5373; x_wconf 89' lang='lat' dir='ltr'><strong>inhabilem,</strong></span> <span class='ocrx_word' id='word_1_853' title='bbox 2583 5322 2651 5362; x_wconf 80' lang='lat' dir='ltr'><strong>ex</strong></span> <span class='ocrx_word' id='word_1_854' title='bbox 2678 5305 2916 5359; x_wconf 89' lang='lat' dir='ltr'><strong>antistite</strong></span> <span class='ocrx_word' id='word_1_855' title='bbox 2947 5305 3430 5373; x_wconf 12' lang='lat' dir='ltr'><strong>monasteriiiiuter</strong></span> 
     </span>
    </p>
   </div>
   <div class='ocr_carea' id='block_1_118' title="bbox 1844 5372 3425 5448">
    <p class='ocr_par' dir='ltr' id='par_1_118' title="bbox 1844 5372 3425 5448">
     <span class='ocr_line' id='line_1_119' title="bbox 1844 5372 3425 5448; baseline -0.008 -14"><span class='ocrx_word' id='word_1_856' title='bbox 1844 5381 2080 5447; x_wconf 85' lang='lat' dir='ltr'><strong>privatos</strong></span> <span class='ocrx_word' id='word_1_857' title='bbox 2114 5380 2417 5443; x_wconf 87' lang='lat' dir='ltr'><strong>redactum,</strong></span> <span class='ocrx_word' id='word_1_858' title='bbox 2446 5372 2569 5445; x_wconf 80' lang='lat' dir='ltr'><strong>aut,</strong></span> <span class='ocrx_word' id='word_1_859' title='bbox 2608 5394 2712 5448; x_wconf 86' lang='lat' dir='ltr'><strong>quo</strong></span> <span class='ocrx_word' id='word_1_860' title='bbox 2743 5376 2913 5446; x_wconf 74' lang='lat' dir='ltr'><strong>magis</strong></span> <span class='ocrx_word' id='word_1_861' title='bbox 2941 5373 3166 5448; x_wconf 79' lang='lat' dir='ltr'><strong>inclinat</strong></span> <span class='ocrx_word' id='word_1_862' title='bbox 3197 5372 3425 5448; x_wconf 71' lang='lat' dir='ltr'><strong>animus,</strong></span> 
     </span>
    </p>
   </div>
   <div class='ocr_carea' id='block_1_119' title="bbox 1840 5441 3428 5520">
    <p class='ocr_par' dir='ltr' id='par_1_119' title="bbox 1840 5441 3428 5520">
     <span class='ocr_line' id='line_1_120' title="bbox 1840 5441 3428 5520; baseline -0.009 -14"><span class='ocrx_word' id='word_1_863' title='bbox 1840 5441 2285 5520; x_wconf 75' lang='lat' dir='ltr'><strong>quemadmodum</strong></span> <span class='ocrx_word' id='word_1_864' title='bbox 2314 5441 2483 5517; x_wconf 83' lang='lat' dir='ltr'><strong>nuper</strong></span> <span class='ocrx_word' id='word_1_865' title='bbox 2513 5441 2901 5520; x_wconf 78' lang='lat' dir='ltr'><strong>pontificatum,</strong></span> <span class='ocrx_word' id='word_1_866' title='bbox 2927 5446 3007 5520; x_wconf 76' lang='lat' dir='ltr'><strong>sic</strong></span> <span class='ocrx_word' id='word_1_867' title='bbox 3036 5443 3194 5520; x_wconf 80' lang='lat' dir='ltr'><strong>modo</strong></span> <span class='ocrx_word' id='word_1_868' title='bbox 3217 5441 3428 5495; x_wconf 82' lang='lat' dir='ltr'><strong>abbatis</strong></span> 
     </span>
    </p>
   </div>
   <div class='ocr_carea' id='block_1_120' title="bbox 1841 5514 3429 5590">
    <p class='ocr_par' dir='ltr' id='par_1_120' title="bbox 1841 5514 3429 5590">
     <span class='ocr_line' id='line_1_121' title="bbox 1841 5514 3429 5590; baseline -0.009 -15"><span class='ocrx_word' id='word_1_869' title='bbox 1841 5514 2151 5590; x_wconf 80' lang='lat' dir='ltr'><strong>dignitatem</strong></span> <span class='ocrx_word' id='word_1_870' title='bbox 2183 5528 2373 5587; x_wconf 88' lang='lat' dir='ltr'><strong>suapte</strong></span> <span class='ocrx_word' id='word_1_871' title='bbox 2390 5514 2593 5585; x_wconf 76' lang='lat' dir='ltr'><strong>sponte</strong></span> <span class='ocrx_word' id='word_1_872' title='bbox 2621 5518 2950 5590; x_wconf 84' lang='lat' dir='ltr'><strong>deseruisse.</strong></span> <span class='ocrx_word' id='word_1_873' title='bbox 2979 5515 3151 5590; x_wconf 84' lang='lat' dir='ltr'><strong>Atque</strong></span> <span class='ocrx_word' id='word_1_874' title='bbox 3180 5514 3246 5565; x_wconf 91' lang='lat' dir='ltr'><strong>ita</strong></span> <span class='ocrx_word' id='word_1_875' title='bbox 3279 5525 3429 5590; x_wconf 80' lang='lat' dir='ltr'><strong>more</strong></span> 
     </span>
    </p>
   </div>
   <div class='ocr_carea' id='block_1_121' title="bbox 1842 5583 3423 5659">
    <p class='ocr_par' dir='ltr' id='par_1_121' title="bbox 1842 5583 3423 5659">
     <span class='ocr_line' id='line_1_122' title="bbox 1842 5583 3423 5659; baseline -0.009 -14"><span class='ocrx_word' id='word_1_876' title='bbox 1842 5583 1999 5646; x_wconf 71' lang='lat' dir='ltr'><strong>noctu</strong></span> <span class='ocrx_word' id='word_1_877' title='bbox 2031 5583 2383 5659; x_wconf 79' lang='lat' dir='ltr'><strong>gradientium</strong></span> <span class='ocrx_word' id='word_1_878' title='bbox 2412 5583 2569 5643; x_wconf 85' lang='lat' dir='ltr'><strong>manu</strong></span> <span class='ocrx_word' id='word_1_879' title='bbox 2598 5588 2988 5658; x_wconf 85' lang='lat' dir='ltr'><strong>propemodum</strong></span> <span class='ocrx_word' id='word_1_880' title='bbox 3017 5583 3423 5654; x_wconf 71' lang='lat' dir='ltr'><strong>expioraudum,</strong></span> 
     </span>
    </p>
   </div>
   <div class='ocr_carea' id='block_1_122' title="bbox 1841 5660 3427 5731">
    <p class='ocr_par' dir='ltr' id='par_1_122' title="bbox 1841 5660 3427 5731">
     <span class='ocr_line' id='line_1_123' title="bbox 1841 5660 3427 5731; baseline -0.008 -17"><span class='ocrx_word' id='word_1_881' title='bbox 1841 5680 1941 5729; x_wconf 84' lang='lat' dir='ltr'><strong>qua</strong></span> <span class='ocrx_word' id='word_1_882' title='bbox 1969 5674 2079 5713; x_wconf 79' lang='lat' dir='ltr'><strong>ttttn</strong></span> <span class='ocrx_word' id='word_1_883' title='bbox 2102 5662 2339 5727; x_wconf 86' lang='lat' dir='ltr'><strong>citraque</strong></span> <span class='ocrx_word' id='word_1_884' title='bbox 2361 5661 2585 5731; x_wconf 84' lang='lat' dir='ltr'><strong>lapsum,</strong></span> <span class='ocrx_word' id='word_1_885' title='bbox 2606 5660 2950 5731; x_wconf 76' lang='lat' dir='ltr'><strong>caliginosum</strong></span> <span class='ocrx_word' id='word_1_886' title='bbox 2977 5662 3427 5727; x_wconf 61' lang='lat' dir='ltr'><strong>prmtcrvehzuuur</strong></span> 
     </span>
    </p>
   </div>
   <div class='ocr_carea' id='block_1_123' title="bbox 1840 5736 2741 5803">
    <p class='ocr_par' dir='ltr' id='par_1_123' title="bbox 1840 5736 2741 5803">
     <span class='ocr_line' id='line_1_124' title="bbox 1840 5736 2741 5803; baseline -0.008 -18"><span class='ocrx_word' id='word_1_887' title='bbox 1840 5736 2224 5803; x_wconf 69' lang='lat' dir='ltr'><strong>auliqtttatt&#39;ttt.</strong></span> <span class='ocrx_word' id='word_1_888' title='bbox 2260 5751 2280 5783; x_wconf 76' lang='grc' dir='ltr'><strong><em>ι</em></strong></span> <span class='ocrx_word' id='word_1_889' title='bbox 2740 5770 2741 5773; x_wconf 54' lang='grc' dir='ltr'><strong>η</strong></span> 
     </span>
    </p>
   </div>
  </div>
