3856 6220
326 752 329 754 ’
419 770 515 824 pro
567 752 747 809 liberis
797 752 1021 817 nostris,
1065 765 1158 804 Sctl
1211 765 1306 816 pro
1358 747 1503 801 omni
1559 743 1755 814 populo
1789 740 1945 795 nobis
1977 752 2007 791 a

415 358 554 416 1075
1136 383 1141 390 α
1257 336 1267 341 ”
1308 345 1364 401 Β.
1405 339 1660 417 CAROLI
1702 339 1922 398 MAGNI
1963 335 2341 394 0PP..PARS
2381 336 2422 404 1,
2465 332 2711 392 SECTlU
2755 333 2818 386 ll.
3019 327 3021 329 ’
3569 326 3701 382 ιιιτδ

406 444 982 538 reprineleemosyna
1025 467 1227 526 nostra,
1259 467 1319 513 nt
1349 457 1601 522 diximus,
1635 455 1688 508 in
1719 451 1998 508 luminari-
2030 453 2078 514 Α
2105 449 2434 520 cognoscite.
2481 448 2792 505 Statuentes
2841 457 2971 515 ergo
3011 441 3285 515 iubemus,
3336 441 3480 512 quod
3528 457 3710 511 perpe-

415 533 513 618 bus
541 558 781 616 ecclesia:
835 533 1076 628 proﬁciat
1107 555 1160 610 in
1206 551 1526 624 augmentis,
1580 559 1635 605 ut
1685 549 1878 602 melius
1909 545 2004 598 de-
2109 542 2324 628 molitor
2353 542 2498 596 circa
2535 550 2888 595 memoratum
2935 546 3180 591 sanctum
3223 533 3354 605 jure
3405 535 3710 590 ﬁrmissimo

414 662 572 715 loctet
617 658 787 728 ipsam
819 618 1056 711 sanctam
1103 618 1571 722 congregationem
1629 659 1724 716 pro
1769 643 1922 699 nobis
1951 649 2005 694 et
2107 618 2418 714 mansurum
2461 646 2580 687 esse
2627 630 2889 693 volumus,
2939 638 2994 682 ut
3023 635 3352 682 memoratus
3401 626 3710 684 'l‘aocradus

2108 725 2242 781 abba
2273 723 2459 793 suique
2507 723 2558 776 in
2608 730 2920 789 perpetuum
2969 733 3335 786 successores,
3376 720 3473 794 qui
3509 715 3706 775 iuerint

2111 827 2346 872 rectores
2394 814 2650 872 antedicti
2701 812 3008 868 monasterii
3070 811 3242 866 sancti
3290 809 3615 876 Salvatoris,
3660 823 3711 866 et

2114 906 2364 963 monachi
2424 906 2627 962 ibidem
2690 907 2792 961 sub
2848 915 3032 960 sancta
3090 903 3274 974 regula
3331 904 3709 966 consistentes.

2113 999 2508 1070 suprascriptas
2556 1011 2642 1053 res
2694 1012 2815 1052 cum
2846 996 3007 1051 omni
3057 995 3385 1064 integritate,
3426 996 3561 1049 sicut
3597 1011 3710 1063 par~

2117 1091 2256 1147 tibus
2287 1093 2492 1146 nostris
2543 1088 2748 1160 legibus
2795 1088 3148 1153 devenerunt,
3200 1096 3446 1156 tnspecto
3483 1084 3713 1157 iudicato

2119 1185 2399 1242 memorati
2445 1183 2654 1255 llugoni
2697 1181 2911 1238 comitis
2941 1180 3117 1236 ﬁdelis
3147 1182 3341 1243 nostri,
3371 1179 3714 1244 manibusque

421 847 530 901 lleo
558 838 836 908 conoesso,
870 843 1106 897 divinam
1154 842 1352 908 jugitcr
1379 851 1603 892 exorare
1641 833 2004 888 clementiam.

418 937 483 992 Et
514 945 572 990 ut
602 935 718 990 haec
754 935 1046 988 auctoritas
1089 913 1294 985 ﬁrmior
1339 927 1597 983 habeatur
1641 933 1696 979 et
1741 921 2008 977 diuturnis

418 1015 752 1096 temporibus
779 1023 970 1079 melius
996 1021 1368 1085 conservetur,
1397 1034 1588 1074 manus
1612 1026 1808 1070 nostra:
1836 1014 2014 1084 signa-

421 1121 558 1175 culis
587 1120 772 1175 subter
801 1133 919 1182 eam
970 1117 1251 1184 roborare
1273 1109 1627 1175 decrevimus,
1659 1118 1710 1164 et
1739 1107 1816 1163 de'
1854 1106 2012 1162 anulo

417 1221 604 1268 nnstro
627 1209 857 1280 sigillare
879 1206 1158 1280 iussimus.

486 1303 720 1372 .Signnm
747 1301 924 1357 Caroli
949 1300 1291 1357 serenissir‘ni
1326 1294 1690 1368 imperatoris.
1734 1309 1738 1312 ν

425 1404 436 1406 “
506 1387 857 1451 Amalbertus)
875 1383 942 1448 ad
971 1393 1141 1448 vicem
1172 1388 1510 1446 Ercambaldi
1541 1384 1751 1455 scripsi.

501 1486 638 1540 Data
659 1500 752 1540 χλιιι
783 1482 1046 1540 Kalendas
1086 1480 1384 1544 Februarii,
1416 1495 1555 1533 anno
1584 1485 1768 1540 sexto,
1806 1472 2022 1529 Christo

387 1569 391 1573 ’
427 1578 678 1648 propitio,
712 1576 922 1646 imperii
945 1575 1146 1640 nostri,
1177 1575 1249 1631 58
1279 1573 1426 1643 regni
1459 1571 1627 1628 nostri
1675 1571 1726 1626 in
1769 1568 2039 1649 Francia,_.

429 1683 482 1728 et
510 1671 580 1728 55
606 1671 659 1725 in
683 1667 856 1736 Italia,
891 1665 1184 1724 indictione
1213 1681 1326 1722 XIV.
1751 1713 1756 1717 .

502 1762 692 1817 Actum
712 1757 1002 1817 Theodone
1019 1757 1145 1815 villa
1170 1757 1368 1827 palatio
1390 1767 1595 1820 nostro,
1621 1749 1671 1808 iu
1694 1753 1784 1808 Dei
1803 1749 2020 1806 nomine

433 1851 673 1907 leliciter.
689 1849 886 1918 Amen.
923 1915 928 1919 η
1548 1845 1549 1848 “
1617 1857 1622 1861 ·

800 1953 804 1959 ’
1150 1938 1344 1993 XXIV.

440 2033 613 2092 Caroli
668 2032 849 2104 Magni
899 2030 1230 2104 imperatoris
1260 2030 1518 2104 ‘diploma
1569 2045 1666 2093 quo
1706 2025 2031 2104 monasterio

510 2095 803 2161 Prumien'si
842 2095 1070 2158 concedit
1098 2103 1267 2156 varias
1295 2095 1373 2156 res
1398 2101 1451 2156 in
1497 2116 1629 2170 pago
1684 2095 2033 2168 Andegarensi

512 2173 843 2260 (anno.807).
1057 2229 1062 2240 ,
1324 2201 1329 2206 -

935 2283 1045 2347 .(Ex
1072 2283 1358 2348 Hontheim,
1380 2284 1523 2345 ibid.)
2055 2346 2062 2347 η

514 2389 572 2445 lu
599 2384 814 2444 nomine
843 2386 1036 2453 Patris,
1063 2397 1117 2443 et
1139 2385 1278 2455 Filii,
1311 2396 1366 2442 et
1391 2385 1623 2455 Spiritus
1652 2385 1843 2440 sancti.
1871 2380 2036 2438 Caro-

445 2481 532 2535 lus
585 2480 966 2535 serenissimus
1005 2481 1296 2548 Angustus,
1337 2493 1367 2531 a
1416 2477 1524 2532 Deo
1550 2473 1861 2540 coronatus,
1921 2489 2034 2528 ma-

446 2590 606 2646 gnus,
663 2577 911 2644 paciﬁcus
969 2575 1278 2641 impz-rator,
1311 2572 1669 2627 Romanorum
1728 2569 2037 2638 gubernans

422 2668 755 2739 'imperium,
787 2668 872 2735 qui
901 2677 956 2720 et
986 2682 1080 2735 per
1115 2666 1539 2721 misi-ricordiam
1567 2665 1658 2719 Dei
1688 2679 1779 2718 rex
1814 2663 2040 2717 Franco-

448 2776 568 2817 rum
597 2767 653 2815 et
688 2758 1183 2827 Langobardorum.
1241 2757 1506 2826 Quidquid
1537 2759 1680 2812 enim
1705 2757 1774 2808 ob
1803 2767 2039 2808 amorum

454 2849 663 2905 Domini
691 2849 856 2904 nostri
887 2847 1014 2904 Jesu
1042 2847 1240 2903 Christi
1273 2847 1338 2901 ad
1387 2848 1501 2900 loca
1544 2856 1850 2900 sanctorum
1883 2859 2042 2899 vene-

448 2940 694 2999 rahilium
724 2932 964 3010 cedimus
989 2941 1074 2995 vel
1100 2943 1490 3009 condonamus,
1523 2941 1625 2994 hoc
1670 2939 1822 2994 nobis
1856 2937 2041 3004 procul

449 3033 617 3088 dubio
675 3031 743 3086 ad
799 3042 1053 3086 aeternam
1113 3031 1497 3088 beatitudinem
1551 3045 1648 3087 seu
1700 3031 2044 3086 stabilitatem

451 3124 662 3196 imperii
692 3125 960 3181 nostri....
995 3124 1336 3180 conlidimus.
1379 3125 1541 3192 igitur
1571 3133 1751 3185 notum
1781 3123 1850 3178 sit
1895 3124 2041 3177 omni

455 3218 694 3274 lldelium
725 3224 1033 3272 nostrorum
1066 3187 1436 3286 magnitudini,
1470 3215 1812 3284 praesentium
1842 3213 2044 3270 scilicet
2071 3187 2118 3251 (ἶ

453 3321 508 3367 et
554 3296 880 3374 futurorum,
924 3310 1153 3379 qualiter
1200 3308 1464 3364 donamus
1517 3308 1582 3362 ad
1636 3307 2045 3373 monasterium,

449 3401 592 3472 quod
633 3401 736 3471 piae
781 3399 1058 3456 memoria:
1103 3401 1333 3456 domnus
1361 3416 1424 3458 ac
1462 3403 1673 3471 genitor
1703 3411 1886 3455 noster
1927 3399 2048 3468 Pip-

424 3563 428 3566 η
456 3494 639 3562 pinus,
671 3491 940 3562 quondam
986 3490 1253 3560 gloriosus
1282 3507 1397 3556 rex,
1427 3507 1528 3546 suo
1563 3506 1725 3560 opere
1754 3489 2054 3545 conStruxit

456 3585 510 3636 in
545 3580 751 3638 honore
781 3583 990 3637 Domini
1018 3592 1076 3637 et
1120 3583 1416 3641 Salvatoris
1462 3577 1628 3636 nostri
1674 3582 1804 3638 Jesu
1833 3580 2051 3646 Chrisri,

459 3676 662 3731 inloco
711 3675 803 3744 qui
854 3675 1052 3731 dicitur
1085 3677 1322 3742 Prumia,
1374 3677 1459 3732 ubi
1496 3685 1692 3746 praeest
1735 3675 2056 3732 venerabilis

458 3765 775 3820 Tancradus
828 3766 984 3833 abba,
1040 3765 1404 3836 donatumque
1460 3769 1512 3823 in
1568 3777 1882 3839 perpetuum
1938 3783 2058 3823 esse

462 3857 712 3912 volumus
751 3869 838 3911 res
884 3857 1089 3927 aliquas
1133 3867 1344 3914 nostras
1383 3858 1512 3915 sitas
1558 3859 1612 3914 in
1646 3873 1778 3929 pago
1819 3860 2059 3915 Andeca-

463 3949 610 4013 vino,
652 3949 704 4002 in
750 3948 868 4003 loco
897 3951 982 4018 qui
1027 3949 1225 4004 dicitur
1270 3949 1524 4018 Laniaeo,
1558 3965 1657 4007 nec
1686 3967 1790 4006 non
1824 3951 1876 4007 in
1925 3967 2062 4023 pago

464 4039 764 4103 llodonico,
792 4039 845 4091 in
869 4039 984 4093 loca
1013 4052 1384 4109 nuncnpantes
1411 4042 1635 4109 Stivale,
1660 4040 1770 4097 sive
1798 4039 2060 4108 Cauciua,

466 4134 522 4181 et
549 4127 602 4181 in
650 4125 898 4194 TuriCas,
930 4137 983 4183 et
1013 4129 1066 4182 in
1113 4129 1238 4184 villa
1268 4146 1429 4199 nova,
1477 4141 1532 4187 et
1561 4133 1696 4186 intra
1729 4140 1836 4192 tota
1867 4132 1957 4187 illa
1989 4133 2065 4187 Io-

466 4220 628 4288 cella,
671 4228 951 4276 manentes
992 4236 1084 4276 xix
1115 4236 1219 4276 una
1247 4238 1372 4279 cum
1405 4223 1583 4291 terris,
1631 4223 1898 4294 domibus,
1928 4225 2070 4280 aedi-

471 4309 634 4376 liciis,
682 4309 995 4379 accolabus,
1045 4311 1348 4382 mancipiis,
1397 4312 1588 4382 vineis,
1638 4313 1860 4384 campis,
1895 4315 2068 4381 silvis,

470 4400 662 4471 pratis,
713 4403 868 4489 aquis
907 4415 1276 4475 aquarumque
1319 4405 1659 4474 decursibus,
1710 4414 1876 4464 totum
1922 4416 1978 4464 et
2005 4409 2072 4465 ad

472 4495 766 4562 integrum,
793 4505 1265 4567 quantumcunque
1311 4497 1364 4553 in
1391 4500 1754 4570 suprascripta
1799 4501 2075 4559 Godeber-

2121 1280 2385 1335 honorum
2438 1277 2716 1333 hominum
2773 1274 3114 1342 roboratam,
3167 1275 3311 1329 sicut
3369 1273 3499 1327 inibi
3547 1271 3713 1327 decla-

2124 1378 2292 1436 ratur,
2325 1369 2556 1440 qualiter
2597 1383 2718 1424 cum
2763 1365 2966 1437 justitia
2998 1375 3054 1435 et
3103 1366 3356 1437 :rquitate
3400 1364 3465 1420 ad
3517 1373 3713 1436 partem

2128 1470 2369 1516 nostram
2417 1459 2705 1516 vindicata:
2747 1458 3102 1524 devenerunt,
3155 1472 3252 1526 pcr
3299 1457 3439 1511 hanc
3490 1466 3712 1511 nostrain

2122 1552 2500 1608 auctoritatem
2557 1541 2777 1607 tene'ant
2835 1557 2997 1619 atque
3057 1547 3390 1618 possideant,
3444 1545 3516 1601 ita
3567 1557 3623 1600 ut
3668 1547 3715 1602 in

2124 1641 2480 1698 luminaribus
2530 1642 2698 1712 ipsius
2735 1647 2937 1695 sanctae
2965 1638 3204 1693 ecclesia:
3235 1636 3355 1702 Dei,
3398 1649 3491 1691 seu
3521 1635 3712 1707 stipen-

2123 1734 2209 1789 dia
2235 1746 2516 1808 servorum
2564 1730 2683 1797 Dei,
2727 1745 2826 1801 pro
2871 1730 3065 1784 anima:
3094 1738 3292 1784 nostrae
3339 1727 3596 1792 remedio,
3632 1743 3716 1782 nec

2060 1823 2104 1884 Β
2133 1826 2260 1882 stris
2291 1824 2588 1895 luturisque
2617 1822 2972 1892 temporibus,
3022 1819 3409 1891 perpetualiter
3445 1820 3712 1887 proﬁciant

2132 1921 2188 1975 in
2219 1915 2540 1992 augmentis.
2578 1916 2643 1971 Et
2669 1929 2728 1970 ut
2756 1913 2872 1970 haec
2909 1913 3203 1968 auctoritas
3243 1911 3450 1968 ﬁrmior
3478 1912 3718 1992 habeatqr

2133 2020 2189 2066 et
2214 1990 2480 2066 diuturnis
2527 2007 2856 2076 temporibus
2906 2005 3103 2060 melius
3145 2016 3522 2072 coiiservetur,
3573 1990 3716 2059 manu

2135 2104 2347 2174 propria
2377 2100 2711 2156 ﬁrmavimus
2755 2099 2906 2155 etde
2948 2097 3110 2152 anulo
3153 2108 3343 2152 nostro
3369 2097 3555 2152 subter
3582 2097 3714 2168 sigl-

2137 2178 2247 2249 lare
2267 2193 2566 2262 iussimus;

2207 2285 2432 2356 Signum
2455 2281 2628 2339 Caroli
2674 2280 3031 2352 Imperatoris.
3067 2278 3410 2336 Amalbertus
3457 2277 3522 2333 ad
3568 2280 3716 2333 victm

2141 2378 2521 2434 Erchambaldi
2553 2376 2769 2444 scripsi.

2217 2474 2344 2526 Data
2373 2487 2423 2526 IV
2456 2460 2572 2526 Kal.
2598 2469 2759 2545 Illiij,
2790 2483 2934 2525 anno
2967 2483 3061 2534 vn,
3105 2467 3345 2534 Christo,
3381 2467 3606 2536 propitio
3633 2467 3718 2519 iui-

2142 2565 2273 2635 pcrii
2304 2565 2494 2629 nostri,
2527 2573 2685 2633 atque
2731 2577 2875 2618 anno
2904 2559 2972 2617 59
3004 2559 3153 2631 regni
3182 2560 3354 2616 nostri
3397 2561 3450 2612 in
3492 2556 3717 2622 Francia,

2142 2669 2197 2716 et
2221 2661 2291 2716 54
2323 2662 2374 2716 in
2405 2659 2578 2728 Italia,
2607 2657 2894 2714 indictione
2922 2672 3013 2713 xv.
3693 2725 3696 2728 ἢ

2216 2756 2406 2806 Actum
2450 2750 2619 2820 Aquis
2671 2747 2868 2817 palatio
2914 2755 3101 2802 nostro
3151 2742 3383 2815 publico,
3433 2743 3485 2797 in
3533 2741 3721 2797 Deiuo-

2143 2843 2289 2900 mine
2313 2840 2563 2899 feliciter.
2595 2844 2788 2899 Amen.

2853 2907 3024 2965 XXV.

2147 3005 2322 3061 Caroli
2351 3004 2537 3077 Magni
2566 3001 2942 3077 regis_donatio
2963 2999 3098 3077 υῇιιω
3135 2997 3456 3077 V‘argolalio,
3483 3009 3720 3051 monaste-

2572 3071 2651 3129 rio
2681 3071 2938 3128 Fuldensi
2984 3073 3146 3138 (anno
3175 3072 3328 3140 809).

2417 3188 2517 3253 (Ex
2540 3188 2824 3244 Sebannat..
2850 3185 2982 3238 Hist.
3009 3186 3168 3249 epise.
3194 3183 3447 3249 Fuldeus)

2219 3276 2448 3334 Carolus
2478 3277 2572 3333 Dei
2603 3277 2772 3348 gratia
2803 3275 3136 3331 Francorum
3161 3283 3215 3328 et
3267 3271 3718 3343 Langobardorum

2150 3387 2250 3428 rex
2281 3380 2337 3426 et
2362 3369 2619 3441 patricius
2649 3369 3034 3423 Romanorum.
3062 3365 3324 3421 Noverint
3362 3379 3552 3420 omnes
3575 3365 3718 3417 nostri

2151 3465 2462 3535 Christique
2508 3461 2695 3518 ﬁdeles
2719 3461 2950 3533 qualiter
2975 3462 3045 3516 ob
3074 3469 3330 3515 atternam
3355 3458 3521 3514 nostri
3551 3472 3727 3513 metuo-

2157 3559 2291 3614 riam
2320 3567 2375 3612 et
2429 3566 2714 3628 parentum
2766 3567 3075 3610 nostrorum
3125 3551 3265 3624 pian’t
3322 3552 3722 3609 recordationem

2157 3652 2423 3708 donamus
2469 3659 2526 3705 et
2573 3647 2940 3704 eontradimus
2993 3647 3222 3701 Domino
3266 3655 3450 3700 nostro
3479 3644 3721 3702 Salvatori

2159 3741 2287 3797 Jesu
2329 3739 2548 3796 Christo
2601 3749 2898 3809 sanctoque
2957 3738 3233 3793 Bonil'acio
3280 3736 3630 3806 martyri,qui
3679 3736 3718 3786 in

2162 3832 2417 3888 Fuldensi
2456 3829 2750 3901 requiescit
2795 3829 3148 3896 monasterio,
3199 3836 3401 3883 terram
3442 3817 3719 3894 conceptio-

2168 3926 2254 3980 nis
2302 3934 2528 3989 nostrze,
2587 3924 2689 3978 hoc
2739 3933 2841 3990 est,
2903 3929 3070 3976 totam
3124 3921 3573 3991 comprovinciam
3615 3921 3728 3973 circa

2166 4016 2368 4071 ﬁumen
2405 4014 2652 4080 Unstrut,
2703 4015 2983 4086 ipsamque
3024 4021 3232 4068 curtent
3279 4013 3519 4068 nostram
3546 4011 3593 4066 in
3625 4011 3730 4064 \‘aro

2166 4107 2389 4179 galaha,
2420 4121 2542 4163 cum
2571 4106 2821 4162 omnibus
2862 4103 3327 4175 compertinentiis
3361 4101 3508 4170 suis,
3545 4111 3598 4156 et
3629 4115 3729 4156 cum

2178 4201 2430 4257 omnibus
2460 4199 2625 4265 villis,
2659 4199 2817 4270 longe
2848 4199 2932 4253 vel
2961 4211 3128 4268 prope
3159 4195 3370 4267 positis,
3401 4212 3520 4267 qua:
3547 4193 3606 4249 ad
3636 4206 3730 4248 eam

2172 4293 2508 4361 respiciunt,
2556 4306 2679 4347 cum
2709 4292 2853 4345 omni
2887 4291 3251 4361 proprietate,
3293 4290 3434 4345 sicut
3465 4303 3557 4343 nos
3583 4300 3683 4342 eam
3707 4298 3734 4338 a

2141 4458 2146 4461 ἢ
2177 4384 2488 4456 parentibus
2518 4385 2717 4439 nostris
2748 4385 2800 4438 in
2832 4381 3212 4452 proprietatem
3260 4381 3600 4450 accepimus:
3626 4391 3734 4446 pra:-

2177 4479 2407 4549 cipimus
2435 4478 2598 4534 etiam
2629 4493 2791 4548 super
2816 4479 2918 4534 hoc
2949 4491 3018 4533 ne
3044 4476 3236 4546 aliquis
3274 4475 3546 4532 hominum
3578 4476 3733 4529 eadem

474 4599 561 4644 tus
588 4590 853 4660 quondam
896 4592 1086 4659 tenuit.
1118 4554 1236 4649 et.ti
1279 4609 1376 4663 pro
1423 4554 1728 4651 ilicestuosa
1760 4554 2076 4654 velvaliail-
2105 4556 2156 4617 Ι)
2181 4572 2321 4627 bona
2365 4586 2396 4626 ³
2444 4570 2698 4627 Ῡυωθηθί
2745 4570 3075 4626 ωοηθδιθτίο
3127 4569 3379 4637 autem“
3432 4554 3535 4624 sed.
3566 4567 3658 4623 ⁸ί¹¹¹
3691 4563 3735 4663 ίίξ

475 4680 620 4737 licita
650 4695 812 4750 opera
841 4681 1048 4753 legibus
1091 4683 1350 4754 perdidit,
1399 4688 1482 4742 vel
1526 4688 1592 4743 ad
1622 4686 1806 4750 ﬁscum
1837 4698 2078 4746 nostrum

478 4771 682 4842 legibus
711 4771 1068 4842 devenerunt,
1117 4785 1170 4831 et
1216 4776 1366 4847 Hugo
1412 4793 1596 4835 comes
1645 4795 1747 4834 una
1778 4795 1900 4835 cum
1945 4795 2084 4852 prie.

479 4861 627 4918 dicto
673 4863 957 4920 Tancrado
1008 4869 1306 4924 venerabili
1363 4869 1578 4936 abbate,
1629 4872 1708 4927 vel
1756 4871 1874 4927 aliis
1921 4888 2082 4944 quam
2143 4897 2158 4936 ι

482 4953 652 5026 pluris
700 4954 946 5012 ﬁdelibus
999 4961 1202 5015 nostris
1229 4958 1254 4996 ι)
1288 4962 1583 5018 secundum
1628 4962 1910 5033 judicium,
1955 4965 2084 5036 legi-

485 5047 617 5101 timo
643 5045 855 5112 ordine,
904 5063 970 5104 ac
1010 5049 1156 5119 juste
1196 5060 1252 5105 et
1289 5053 1678 5108 rationabiliter
1722 5055 1958 5123 partibus
1986 5071 2083 5111 no-

485 5139 618 5194 stris
645 5138 928 5208 acquisivit
960 5142 1041 5196 vel
1075 5142 1424 5211 evindicavit,
1457 5160 1552 5214 pro
1601 5146 1862 5201 mercedis
1891 5157 2086 5203 nostra:

487 5241 833 5300 augmentum
863 5232 928 5286 ad
978 5233 1345 5303 supradictum
1393 5246 1637 5292 sanctum
1687 5237 1858 5293 locum
1894 5239 2089 5308 plenis-

491 5322 631 5379 sima
681 5321 1068 5380 deliberatione
1129 5325 1466 5384 concessisse
1521 5336 1679 5399 atque
1741 5331 2090 5388 continuasse

540 5497 1049 5582 _Pr_o.in'cestuosa
1085 5502 1297 5582 υθέ-αὕη
1340 5504 1526 5582 illicito
1551 5522 1708 5574 Opera
1753 5509 1945 5579 legibus
1976 5529 2093 5582 per-

497 5569 651 5624 didit.
684 5569 943 5625 Nimirum
969 5573 1113 5639 leges
1143 5572 1476 5630 Francorum
1499 5569 1820 5635 incestuosis
1846 5596 1902 5634 ex
1916 5569 2089 5637 silium

907 5645 1325 5713 publicationem
1379 5650 1636 5720 irrogant.
1689 5650 1816 5721 Leg.
1872 5651 2089 5722 Bipuar.

574 5752 604 5766 ..
641 5752 727 5777 νυ,
823 5752 872 5766 ...

574 5781 601 5820 δ
635 5752 930 5839 δεειιῗιιιωη
971 5787 1250 5856 judicium,
1299 5791 1526 5860 legitimo
1574 5793 1773 5848 ordine.
1831 5794 1908 5848 Eo
1956 5798 2094 5862 quod

508 5853 656 5926 llugo
684 5854 868 5915 omnes
913 5853 1035 5914 cum
1066 5862 1255 5918 abbate
1294 5853 1571 5923 Taucrado
1616 5866 1925 5936 pra'scdcrit
1954 5853 2095 5937 judi-

2182 4671 2389 4718 mterua
2426 4661 2668 4718 subsidia
2697 4661 2951 4718 fratribus
2979 4661 3108 4721 inibi
3139 4660 3253 4720 Deo
3283 4661 3654 4727 militantibus,
3681 4652 3736 4710 ad

2183 4755 2508 4811 memoriam
2540 4762 2739 4810 nostra:
2769 4754 3176 4811 recordationis.

2879 4859 3071 4926 XXVI.

2186 4979 2431 5049 Diploma
2461 4981 2638 5037 Caroli
2667 4980 2870 5054 Magni,
2895 4999 2999 5052 quo
3047 4985 3187 5052 piam
3215 4982 3290 5036 vir
3317 4981 3534 5034 illustris
3557 4974 3738 5054 disposi-

2260 5047 2447 5106 tionem
2467 5055 2518 5106 in
2550 5047 2782 5124 grutiamv
2800 5047 3083 5108 Fulilensis
3120 5054 3350 5108 ecclesia:
3373 5055 3562 5122 [actam
3584 5047 3736 5114 conﬁr-

2261 5136 2364 5178 mat
2395 5126 2552 5195 (anno
2591 5125 2623 5179 8
2637 5124 2740 5194 ιθ).

2405 5222 2510 5279 LEX
2534 5225 2820 5290 Scbanuat.,
2845 5227 3060 5280 Historia
3085 5230 3397 5292 episc0patus
3415 5213 3571 5288 F'uid.)

2265 5331 2489 5391 Carolus
2517 5334 2895 5392 serenissimus
2925 5337 3216 5407 Augustus,
3245 5350 3276 5391 a
3318 5334 3430 5392 Deo
3471 5337 3738 5394 coronatus,

2196 5511 2306 5593 cio,
2347 5526 2452 5593 quo
2482 5512 2817 5593 Godebertus
2838 5514 2998 5593 bonis
3036 5518 3150 5571 suis
3175 5526 3367 5593 exntu_s
3402 5526 3508 5593 est,
3550 5514 3741 5593 Tancra‘

2197 5586 2323 5666 dum
2357 5586 2577 5666 missum
2603 5586 2803 5656 regium
2832 5589 3272 5666 luisse_aut-umo.
3320 5588 3541 5666 Reliqua
3575 5586 3635 5639 de
3654 5595 3742 5666 δεῖξ’

2201 5655 2339 5736 binis
2379 5655 2927 5736 intelligo,_’quorum_
2968 5659 3163 5736 electio
3204 5673 3369 5728 penes
3417 5659 3740 5736 missoserat.

2204 5727 2267 5779 Et
2295 5728 2377 5800 sie
2394 5725 2608 5780 demum
2642 5729 2875 5796 legitimo
2907 5729 3112 5800 judicio
3142 5725 3452 5798 processum
3496 5729 3740 5800 dicebatur.

2203 5796 2418 5864 quando
2446 5811 2626 5850 comes
2653 5815 2770 5852 cum
2795 5796 3186 5866 suis'scabinis,
3214 5801 3602 5860 interveniente
3616 5797 3738 5854 etiam

2206 5882 2585 5937 nonnunquam
2615 5870 2799 5941 misso,
2829 5873 2882 5928 in
2918 5873 3075 5929 mullo
3112 5873 3356 5930 sedebat.
