3886 6318
143 377 306 450 ειτ
1313 370 1989 432 CHRONOGRAPHIA.
2017 395 2086 402 —
2127 368 2271 428 LIB.
2303 367 2406 427 XI.
3366 360 3469 420 “8

165 501 409 553 tnta“
440 491 495 540 ἰν
531 486 848 557 Ἀντιοχείᾳ
883 489 948 556 τῇ
987 485 1199 557 μεγάλῃ
1238 482 1543 551 ἀρξάμενος
1573 481 1790 551 πρῶτον

1909 479 2114 531 i‘ortam
2147 479 2376 532 Mediam
2411 476 2616 530 dictam
2654 475 2705 530 in
2737 473 2932 544 primis
2967 471 3263 532 exstruxit,
3299 485 3470 541 prolie

185 586 410 652 κτίσμα
461 582 562 650 τὴν
609 579 919 648 λεγομένην
971 576 1160 644 Μέσην
1223 575 1398 644 πύλην
1442 573 1672 643 πλησίον
1695 571 1788 625 τοῦ

1909 569 2085 625 llartis
2110 570 2306 634 tndem,
2337 568 2403 626 ad
2431 567 2782 622 Parmenioni
2807 565 3099 627 fluentum,
3128 579 3239 617 non
3279 561 3470 632 procul

195 674 363 747 ῑιροῦ
407 670 498 724 τοῦ
563 672 808 741 Ἀρεως,
843 669 981 722 ὅπου
1025 670 1053 721 ὁ
1083 667 1391 737 Παρμένιος
1423 668 1450 719 ὁ
1492 666 1793 735 χείμαρρος

203 768 554 838 κατέρχεται,
587 763 824 831 ἔγγιστα
849 760 943 814 τοῦ
981 761 1108 814 -νυνὶ
1156 757 1310 831 [560]
1347 759 1646 828 λεγομένου
1675 758 1793 810 Μα-

209 852 679 922 τιέλλου,γλύψας
750 853 864 907 ἄνω
914 851 1142 919 ἄγαλμα
1191 849 1455 918 λυκαίνης
1485 847 1795 920 τρεφούσης

227 951 334 1004 στὶν
357 947 542 1016 Ῥῶμον
570 945 665 997 καὶ
692 942 788 996 τὸν
825 941 1050 1012 Ῥἧμον,
1077 941 1169 994 διὰ
1189 941 1250 993 τὸ
1283 939 1650 1009 γινώσκεσθαι
1704 941 1786 992 ὅτι

273 1039 503 1108 Ῥωμαῖόν
555 1038 673 1088 ἐστι
701 1034 764 1089 τὺ
795 1033 1026 1103 κτίσμα,
1083 1033 1351 1094 θυσιάσας
1379 1033 1500 1084 ἐκεῖ
1526 1031 1796 1101 παρθένον

271 1133 408 1200 κόρην
457 1125 697 1198 εὐπρεπῆ
767 1124 1014 1177 πολίτιδα
1047 1123 1275 1195 ὀνόματι
1310 1121 1625 1191 Καλλιόπην
1656 1122 1798 1192 ὑπὲρ

265 1223 426 1291 λύτρον
471 1221 563 1272 καὶ
609 1214 1076 1286 ἀποκαθαρισμοῦ
1111 1217 1210 1284 τῆς
1236 1215 1468 1277 πόλεως,
1497 1231 1799 1283 νυμφαγω-

261 1314 364 1379 risv
397 1313 522 1381 αὑτῇ
548 1311 781 1380 ποιήσας
811 1309 946 1378 (89).
981 1308 1092 1360 Καὶ
1144 1305 1349 1370 εὐθέως
1387 1307 1644 1376 ἀνήγειρε
1673 1305 1800 1367 τοὺς

258 1403 336 1458 δύο
380 1401 632 1472 ἐμϐόλους
690 1401 819 1463 τοὺς
870 1398 1168 1468 μεγάλους,
1229 1397 1323 1450 καὶ
1375 1396 1512 1451 ἄλλα
1543 1397 1599 1449 δὲ
1627 1396 1801 1450 πολλὰ

259 1495 440 1547 ἔκτισεν
467 1494 520 1544 ἐν
551 1492 618 1559 τῇ
645 1490 782 1560 αὐτῇ
836 1488 1118 1555 Ἀντιόχου
1178 1486 1334 1540 πόλει
1399 1487 1495 1538 καὶ
1539 1485 1801 1554 δημόσιον

259 1587 331 1638 καὶ
371 1582 602 1651 ἀγωγὸν,
661 1579 1015 1649 ἀποστρέψας
1046 1579 1105 1632 τὸ
1137 1578 1281 1648 ὕδωρ
1317 1577 1378 1630 τὸ
1407 1577 1518 1632 ἀπο
1557 1576 1666 1630 τῶν
1699 1592 1804 1646 πη-

256 1675 347 1742 τῶν
368 1674 572 1742 Δάφνης
603 1671 932 1741 ἐκχεόμενον
972 1672 1054 1733 εἰς
1084 1669 1182 1732 τὰς
1215 1667 1518 1738 λεγομένας
1545 1668 1800 1738 Ἀγρίοις,

255 1764 487 1833 ἐπιϐήσας
537 1762 632 1815 καὶ
688 1761 766 1830 τῷ
804 1761 1049 1830 δημοσίῳ
1103 1759 1198 1812 καὶ
1247 1759 1326 1829 τῷ
1387 1759 1592 1828 ἀγωγῷ
1639 1761 1720 1820 εἰς
1743 1757 1804 1810 τὺ

1893 681 1923 720 a
1954 665 2181 720 Macello
2213 664 2374 720 hodie
2405 664 2701 735 appellato.
2749 663 3025 732 Superius
3057 671 3236 714 autem
3264 658 3474 713 inscul-

1895 757 2002 824 psit
2032 757 2260 826 elligiem
2296 755 2480 825 Lupae,
2516 753 2734 807 Romuli
2776 761 2830 807 et
2865 752 3022 806 Remi
3057 750 3296 805 nutricis
3335 769 3347 805 :
3391 753 3472 806 uti

1897 846 2106 901 scirent
2138 847 2373 916 posteri,
2403 845 2780 900 [tertianorum
2815 843 2919 899 hoc
2953 858 3076 898 esse
3104 857 3264 912 opus.
3297 841 3476 911 Virgi-

1897 954 2022 992 nem
2071 939 2240 992 etiam
2271 939 2688 1002 Antiochenam,
2723 937 3053 1000 formosam,
3094 936 3320 990 nomine
3351 935 3477 988 Cal-

1900 1029 2124 1099 liopem,
2157 1031 2489 1098 immolavit,
2517 1031 2570 1084 in
2599 1030 2976 1098 expiationem
3009 1036 3062 1082 et
3085 1028 3474 1082 lustrationem

1901 1122 2097 1187 urbis;
2121 1122 2283 1190 cujus
2308 1123 2472 1176 etiam
2498 1123 2551 1175 in
2573 1123 2836 1175 honorem
2867 1119 3225 1191 Nymplueum
3254 1128 3476 1174 exstru-

1901 1211 2001 1264 xit.
2041 1209 2296 1264 Porticus
2346 1211 2512 1264 etiam
2550 1210 2690 1264 duas
2725 1211 2980 1278 ingentes
3015 1208 3219 1262 deinde
3267 1207 3477 1263 excita-

1902 1301 1981 1353 vit
2018 1319 2030 1354 :
2075 1301 2218 1354 inter
2243 1301 2408 1371 276
2439 1302 2543 1353 alia
2573 1315 2706 1354 vero
2737 1299 2995 1369 plurima,
3019 1315 3141 1368 qua:
3170 1299 3479 1353 Antiochia:

1901 1392 2212 1455 exstruxit,
2261 1392 2516 1445 balneum
2575 1391 2742 1444 etiam
2781 1391 3062 1458 publicum
3111 1400 3170 1444 et
3222 1389 3506 1460 aquaedu-'

1904 1493 2052 1538 ctum
2103 1483 2377 1547 condidit,
2411 1499 2607 1554 aquam
2637 1499 2668 1538 e
2711 1482 2960 1536 fontibus
2991 1480 3292 1552 Daphnicis
3329 1496 3480 1535 ema-

1907 1586 2152 1640 nautcm,
2191 1576 2247 1629 in
2305 1577 2503 1646 Agrias
2539 1575 2813 1630 diducens
2847 1593 2859 1628 :
2914 1575 3069 1644 operi
3101 1588 3231 1628 vero
3261 1574 3483 1643 utrique

1906 1681 2108 1721 nomen
2147 1681 2307 1720 suum
2353 1665 2639 1735 imposuit.
2677 1664 2978 1718 Theatrum
3025 1676 3250 1732 quoque
3281 1662 3480 1714 Antio~

1909 1757 2134 1820 chense,
2169 1754 2552 1825 imperfectum
2594 1763 2778 1817 antea,
2814 1755 2882 1807 ad
2911 1753 3118 1807 exitum
3183 1751 3479 1822 perduxit:

257 1855 366 1906 (διον
398 1853 582 1920 ὕνομα.
645 1851 758 1903 Καὶ
787 1850 849 1902 τὸ
875 1848 1104 1919 θέατρον
1134 1849 1192 1901 δὲ
1210 1850 1310 1919 τῆς
1365 1847 1540 1916 αὐτῆς
1593 1845 1798 1900 Ἀντιο-

1909 1848 2068 1916 cujus
2098 1849 2264 1902 etiam
2297 1846 2584 1902 Proscenii
2634 1847 2688 1900 in
2721 1845 2922 1909 medio,
2973 1845 3128 1900 urbis
3181 1845 3394 1899 scilicet
3429 1844 3482 1896 in

255 1946 382 2014 χείας
403 1942 784 2012 ἀνεπλήρωσεν
836 1941 1028 2003 ἀτελὲς
1049 1938 1109 1992 ὃν
1140 1936 1276 2008 (90),
1333 1939 1542 2008 στήσας
1570 1939 1628 1990 ὲν
1653 1937 1804 2007 αὐτῷ

251 2035 482 2104 ὑπεράνω
523 2033 812 2101 τεσσάρων
873 2031 1071 2084 κιόνων
1101 2033 1158 2084 έν
1191 2031 1344 2100 μέσῳ
1378 2028 1474 2082 τοῦ
1529 2031 1803 2100 νυμφαίου

247 2125 331 2178 τοῦ
366 2124 690 2196 προσκηνίου
720 2123 832 2195 (9|)
861 2124 960 2194 τῆς
1008 2122 1450 2193 σφαγιασθείσης
1505 2123 1598 2176 ὑπ’
1637 2123 1802 2175 αὑτοῦ

246 2219 398 2286 κόρης
451 2217 651 2288 στήλην
704 2216 915 2286 χαλκῆν
965 2215 1430 2286 κεχρυσωμένην,
1483 2215 1804 2287 καθημένην

246 2309 415 2360 tuti-un
457 2307 830 2377 τοῦὊρόντου
861 2305 1132 2373 ποταμοῦ,
1172 2306 1250 2366 είς
1294 2303 1452 2373 λόγον
1504 2305 1676 2374 τύχης
1704 2305 1806 2374 τῆς

251 2395 404 2464 nisi};
464 2395 711 2458 πόλεως,
781 2393 1125 2462 σπειρομένην
1191 2393 1299 2445 ὑπὸ
1383 2392 1650 2446 Σελεύκου
1712 2397 1806 2446 καὶ

270 2485 511 2555 ’Δντιόχου
537 2485 822 2556 βασιλέων.
855 2486 914 2539 '0
959 2484 1018 2538 δὲ
1043 2484 1207 2547 αὐτὸς
1239 2483 1492 2554 βασιλεὺς
1538 2483 1807 2556 Τραϊανὸς

251 2578 391 2648 hic?)
439 2579 555 2648 αὗτῇ
612 2577 768 2630 πίλει
829 2576 1013 2645 διῆγεν
1064 2577 1151 2628 ὅτε
1221 2575 1803 2647 ήθεομηνίαέγένετο.

248 2671 604 2744 ἐμαρτύρησε
651 2672 708 2724 δὲ
743 2671 841 2723 ἐπὶ
873 2669 1038 2724 αὑτοῦ
1065 2670 1189 2722 τότε
1215 2671 1244 2722 ὁ
1279 2669 1430 2737 ἅγιος
1452 2668 1602 2741 (561]
1631 2670 1806 2737 Ἰγνά-

254 2778 353 2824 τιος
409 2761 528 2832 (92)
573 2763 603 2815 ὁ
649 2761 954 2822 satiatem;
1005 2760 1104 2829 τῆς
1153 2759 1364 2822 πόλεως
1419 2760 1756 2830 Ἀντιοχείας
1789 2777 1803 2790 ·

249 2854 570 2923 ἠγανάκτησε
631 2854 741 2923 γὰρ
767 2852 890 2906 κατ’
948 2851 1139 2917 αὐτοῦ,
1200 2854 1282 2906 ὅτι
1330 2853 1595 2922 ἐλοιδόρει
1622 2853 1804 2910 αὐτόν,

248 2943 460 3014 Συνέσχε
506 2943 562 2998 δὲ
612 2945 735 2996 τότε
797 2945 892 2997 καὶ
948 2945 1104 2996 πέντε
1157 2943 1397 3012 ὀνόματα
1461 2943 1808 3014 Χριστιανῶν

251 3037 506 3100 γυναικῶν
549 3035 938 3106 Ἀντιοχισσῶν
956 3036 1000 3066 ³⁰
1028 3037 1120 3089 καὶ
1157 3036 1418 3104 ἐξήτασεν
1443 3036 1487 3067 ⁸¹
1515 3037 1684 3097 αὑτὰς
1721 3035 1808 3088 λέ-

253 3145 353 3192 γων
383 3144 398 3156 ο
427 3129 517 3191 Τίς
545 3131 692 3181 ἐστιν
719 3131 753 3198 ἡ
801 3128 959 3190 ἐλπὶς
1023 3128 1199 3197 ὑμῶν,
1233 3129 1314 3181 ὅτι
1345 3127 1519 3191 οὕτως
1575 3128 1807 3182 ἐκδίδοτε

255 3218 437 3282 ἑαυτὰς
467 3221 542 3282 είς
593 3219 860 3283 Θανατον;
893 3219 958 3270 Ai
991 3217 1046 3269 δὲ
1087 3218 1468 3288 ἀπεκρίθησαν
1515 3218 1807 3286 λέγουσαι,

258 3307 332 3360 ὅτι
361 3310 716 3381 Φονευομένας
770 3311 919 3382 ἡμᾶς
962 3310 1092 3381 παρ’
1113 3310 1270 3381 ὑμῶν
1302 3311 1627 3365 ἀνίστασθαι
1665 3314 1812 3382 ἡμᾶς

262 3400 412 3454 πάλιν
456 3402 527 3466 ὡς
581 3404 778 3473 ἔχομεν
835 3403 1048 3472 σώματι
1104 3405 1186 3466 είς
1224 3403 1451 3458 αἰωνίαν
1488 3403 1656 3475 ζωήν.
1701 3407 1813 3458 Καὶ

269 3494 519 3547 ὲκέλευσεν
548 3495 718 3556 αὑτὰς
767 3495 1177 3565 πυρικαύστους
1215 3495 1494 3564 γενέσθαι,
1523 3495 1621 3548 καὶ
1655 3496 1748 3550 τὸν
1766 3497 1812 3530 ⁸⁸

271 3582 386 3650 χοῦν
399 3584 492 3637 τῶν
506 3587 708 3638 ὀστέων
729 3585 909 3638 αὐτῶν
937 3584 1191 3656 συνέμιξε
1219 3584 1427 3654 χαλκῷ,
1457 3589 1555 3639 καὶ
1582 3586 1806 3656 ἐποίησε

272 3673 353 3724 τον
389 3674 566 3743 χαλκὸν
593 3676 675 3738 είς
702 3675 732 3728 ὃ
754 3675 978 3746 ἐποίησε
1011 3675 1274 3744 δημόσιον
1317 3675 1518 3745 χαλκία
1547 3675 1644 3729 τοῦ
1679 3675 1806 3747 Θερ-

277 3762 386 3828 μοῦ.
423 3765 518 3817 Καὶ
559 3767 646 3818 ὅτε
697 3765 903 3836 ῆρξατο
959 3764 1222 3835 παρέχειν
1255 3765 1314 3818 τὸ
1337 3765 1617 3836 δημόσιον,
1650 3765 1705 3817 εί
1726 3784 1809 3830 τις

275 3855 359 3906 ἑὰν
407 3855 606 3909 ἐλούετο
632 3858 729 3921 [είς
773 3855 904 3909 αὐτὸ
933 3857 995 3910 τὸ
1017 3856 1277 3926 δημόσιον
1305 3897 1320 3922 ,
1370 3857 1664 3910 ἑσκοτοῦτο
1715 3859 1812 3910 καὶ

273 3946 442 4000 ἔπιπτε
482 3951 571 4002 καὶ
617 3949 880 4020 ἐξήρχετο
911 3948 1216 4019 βασταγμῷ
1243 3949 1380 4019 (95).
1415 3950 1526 4003 Καὶ
1572 3950 1759 4020 μαθὼν
1784 3952 1814 4004 ὁ

271 4035 496 4105 βασιλεὺς
539 4041 806 4112 Τραϊανὸς
853 4040 1011 4094 τοῦτο
1057 4041 1255 4111 ἧλλαξε
1290 4041 1360 4094 τὰ
1404 4041 1546 4095 αὐτὰ
1610 4042 1812 4114 χαλκία

270 4133 355 4184 καὶ
383 4133 628 4204 ἐποίησεν
660 4134 797 4189 ἄλλα
831 4134 938 4188 ἀπὸ
983 4132 1226 4205 καϋαροῢ
1260 4135 1486 4206 χαλκοῦ,
1528 4136 1702 4204 λέγων
1729 4138 1811 4190 ὅτι

270 4223 442 4288 Καλῶς
470 4227 699 4296 ἐποίησα
739 4225 866 4296 χοῦν
889 4225 1160 4295 σωμάτων
1195 4225 1474 4295 συμμίξας
1494 4228 1680 4290 αὐτοῖς
1713 4229 1811 4281 καὶ

267 4316 510 4380 κοινώσας
539 4318 608 4370 τὰ
629 4317 811 4387 Θερμὰ
837 4317 1026 4370 ὕδατα.
1053 4315 1253 4383 Ταῦτα
1277 4317 1334 4369 δὲ
1364 4317 1574 4385 ἔλεγεν,
1623 4318 1812 4389 ἐπειδὴ

267 4406 621 4478 οίΧριστιανοὶ
650 4407 969 4473 ύπέξιξονη
996 4410 1109 4472 τοῖς
1135 4407 1364 4475 Ἕλλησι
1393 4409 1504 4479 (94)
1529 4411 1816 4480 καυχώμε-

265 4514 346 4552 νοι.
382 4499 460 4554 Τὰ
479 4501 535 4554 δὲ
561 4501 760 4572 πρῶτα
803 4497 952 4571 [562]
1004 4499 1206 4569 χαλκίοι
1259 4499 1548 4569 ἀναχώσας
1587 4502 1812 4571 ἐποίησε

1909 1935 2212 2000 fortunam,
2255 1934 2499 2006 Virginis
2524 1951 2554 1989 a
2596 1951 2654 1990 se
2685 1935 2977 1990 immolata:
3012 1942 3248 2007 statuam
3274 1947 3482 1986 aeneam

1907 2027 2254 2092 deauratam,
2281 2025 2480 2081 Oronti
2516 2026 2684 2082 fluvio
2707 2027 3065 2092 insidentem,
3101 2035 3156 2080 et
3184 2040 3214 2076 a
3250 2024 3484 2078 Seleuco

1906 2125 1960 2170 ct
1986 2118 2258 2171 Antiocho
2282 2118 2506 2186 regibus
2531 2131 2738 2172 corona
2768 2116 3108 2179 redimitam,
3128 2123 3366 2184 quatuor
3387 2129 3486 2166 co~

1883 2200 2114 2264 'lumnis
2139 2218 2377 2264 erectam
2403 2209 2718 2263 collocavit.
2744 2206 2866 2273 Quo
2891 2217 3137 2275 tempore
3165 2213 3348 2260 autem
3377 2215 3485 2259 ter-

1909 2316 1984 2356 ra:
2012 2311 2198 2356 motus
2227 2299 2537 2354 Antiochiae
2570 2299 2792 2362 accidit,
2825 2300 3160 2369 imperatore
3202 2297 3275 2351 ibi
3319 2297 3484 2352 etiam

1908 2393 2092 2447 adhuc
2115 2398 2517 2452 commorantc,
2538 2390 2804 2461 martyrio
2820 2398 3120 2444 coronatus
3138 2399 3222 2444 est
3244 2389 3302 2444 S.
3331 2389 3488 2458 lgna-

1909 2485 2041 2547 tius,
2071 2484 2368 2553 episcopus
2390 2481 2780 2535 Antiochensis
2805 2497 2820 2548 ;
2857 2481 2944 2534 cui
2979 2479 3254 2549 Trajanus
3283 2481 3488 2534 irasce-

1909 2575 2075 2630 batur
2106 2575 2176 2628 ab
2200 2590 2267 2628 eo
2299 2576 2639 2642 increpatus.
2671 2571 2874 2627 Eodem
2910 2581 3154 2642 tempore
3184 2573 3488 2642 imperator

1907 2667 2330 2736 comprehensis
2357 2667 2608 2736 quinque
2633 2664 2967 2720 Christianis
3000 2664 3328 2719 mulieribus
3377 2665 3488 2718 An-

1910 2759 2206 2821 tiochenis,
2240 2759 2602 2829 interrogavit
2627 2773 2718 2812 eas
2743 2773 2756 2809 :
2784 2756 2904 2824 Qua
2933 2757 3180 2822 tandem,
3203 2756 3486 2826 inquiens,

1911 2867 2008 2923 spe
2045 2852 2220 2916 fretae,
2257 2852 2336 2906 sic
2366 2861 2582 2906 vosmet
2613 2850 2773 2903 morti
2812 2849 3096 2918 objicitis?
3135 2848 3490 2918 Respondent

1912 2941 2226 2995 mulieres:
2281 2938 2393 2993 Nos
2451 2938 2731 3007 equidem,
2791 2951 2820 2989 a
2874 2935 3034 2991 vobis
3068 2937 3191 2990 neci
3248 2935 3488 2999 traditae,

1913 3030 2132 3092 iterum,
2166 3039 2331 3100 atque
2371 3027 2584 3084 hisdem
2621 3027 2976 3097 corporibus,
3007 3027 3061 3080 in
3098 3036 3358 3081 aeternam
3411 3028 3492 3080 vi-

1917 3135 2022 3177 tam
2059 3139 2436 3195 resurgemus.
2474 3120 2613 3175 Tum
2645 3137 2776 3177 vero
2814 3121 3118 3190 imperator
3147 3136 3242 3176 cas
3272 3121 3492 3192 ignibus

1913 3217 2162 3270 comburi
2201 3217 2396 3284 jussit,
2438 3215 2763 3284 ossiumque
2798 3215 3216 3268 combustorum
3271 3213 3493 3268 cineres

1912 3308 2007 3360 aeri
2034 3307 2385 3361 commisceri
2417 3321 2516 3360 :ex
2545 3306 2647 3359 hoc
2689 3319 2820 3358 vero
2849 3319 2976 3359 vasa
3010 3306 3221 3360 ahenea
3251 3304 3304 3358 in
3332 3320 3491 3359 usum

1912 3400 2122 3451 lavacri
2191 3397 2504 3452 fabricavit.
2569 3396 2991 3464 Quamprimum
3063 3407 3244 3450 autem
3293 3396 3494 3466 popqu

1915 3489 2173 3544 balneum
2218 3490 2493 3553 exhibuit,
2530 3489 2575 3542 si
2613 3489 2739 3558 quis
2795 3489 3035 3542 lavatum
3090 3487 3492 3559 ingrederetur,

1912 3581 2184 3651 vertigine
2214 3582 2399 3634 statim
2427 3588 2721 3650 correptus
2746 3579 2973 3644 cecidit,
3009 3594 3110 3633 nec
3134 3581 3244 3635 nisi
3274 3581 3343 3635 ab
3371 3582 3496 3634 aliis

1915 3682 2263 3728 sustentatus
2295 3675 2445 3728 exire
2484 3673 2610 3727 inde
2661 3675 2859 3742 potuit.
2897 3672 3174 3742 Trajanus
3203 3689 3332 3727 vero
3391 3675 3498 3728 im-

1915 3776 2158 3836 perator,
2196 3767 2264 3820 de
2300 3768 2383 3820 his
2415 3767 2625 3820 certior
2657 3766 2870 3828 factus,
2927 3779 3059 3818 vasa
3126 3764 3218 3816 illa
3286 3765 3496 3818 ahenea

1917 3857 2080 3928 277
2100 3859 2510 3920 transmutavit,
2532 3859 2749 3927 aliaque
2768 3845 2960 3911 ex'aere
2983 3871 3123 3926 puro
3141 3855 3367 3909 conflari
3386 3857 3498 3923 jus-

1920 3951 1994 4006 sit
2025 3949 2218 4004 diccns
2249 3968 2262 4005 :
2299 3949 2438 4004 Male
2457 3951 2711 4019 equidem
2737 3966 2767 4003 a
2796 3966 2883 4003 me
2924 3948 3155 4015 factum,
3188 3949 3279 4020 qui
3308 3965 3498 4020 corpo-

1921 4055 2041 4093 rum
2061 4039 2279 4094 cineres
2293 4041 2443 4094 vasis
2462 4039 2806 4105 immiscens,
2829 4039 3084 4094 balneum
3103 4041 3496 4094 contaminavi.

1919 4131 2034 4187 lloc
2072 4141 2256 4186 autem
2295 4133 2418 4187 ideo
2441 4131 2682 4195 dicebat,
2720 4147 2787 4186 eo
2814 4132 2958 4202 quod
2995 4131 3299 4186 Christiani
3329 4148 3498 4202 super

1921 4225 2025 4278 hoc
2051 4224 2374 4294 gloriantes,
2404 4223 2625 4278 Graecos
2670 4223 2906 4279 subinde
2953 4224 3321 4280 lacesserunt.
3351 4225 3496 4280 Vasa

1921 4326 2104 4370 autem
2127 4315 2316 4384 priora
2341 4317 2551 4370 ahenea
2584 4315 2910 4379 refundens,
2937 4324 3154 4371 statuas
3183 4317 3313 4371 inde
3335 4319 3500 4387 quin-

1923 4427 2029 4480 que
2060 4411 2387 4465 mulieribus
2419 4410 2697 4480 praadictis
2722 4412 2936 4469 erexit.
2967 4411 3162 4466 dicens
3192 4427 3204 4464 :
3234 4411 3374 4466 Ecce
3398 4429 3500 4482 ego

1923 4517 2034 4565 eas,
2089 4518 2199 4556 non
2236 4511 2417 4556 autem
2469 4500 2618 4557 Deus
2649 4517 2843 4557 eorum
2885 4503 2986 4574 (uti
3019 4503 3282 4558 dixerunt
3319 4504 3502 4574 ipsa),

1544 4637 1780 4693 VABLE
1824 4638 2228 4694 LECTIONES.

321 4755 363 4786 ⁸⁸
389 4755 802 4826 ’Δντιοχεισσῶν
824 4753 924 4810 0x.
1001 4755 1040 4786 "
1073 4752 1336 4823 ἐξήτασεν
1362 4749 1486 4816 Ch.,
1529 4749 1812 4816 ὲξαίτασεν
1841 4748 1942 4805 Ox.
2018 4752 2062 4783 δ’
2089 4752 2180 4804 τὸν
2201 4751 2326 4817 Ch.,
2358 4751 2468 4804 τῶν
2497 4749 2598 4805 Ox.
2676 4750 2722 4782 "
2744 4748 3000 4816 ὑπέξιζον
3030 4758 3352 4820 corruptum
3393 4758 3496 4806 cst.

1436 4889 1544 4945 ΕΒ.
1585 4888 1955 4944 CHILMEADI
1997 4889 2230 4944 NOTAE.

322 4987 424 5055 (89)
464 4985 888 5065 Νυμφαγω-γίαν
927 4987 1066 5065 αύτῇ
1104 4985 1820 5065 ποιήσας.ῌξξὲυμφαγωγίαν
1853 4991 1895 5044 ι)
1923 4987 2165 5065 certiora
2210 4986 2410 5065 hujus-
2440 4986 2515 5040 rei
2553 4986 2898 5048 testimonia,
2929 5000 3116 5065 quam
3145 4999 3274 5065 qua;
3323 4985 3503 5065 adhuc

265 5055 361 5120 hic,
387 5057 534 5126 quod
559 5055 713 5109 alibi
752 5055 1063 5126 Νυμφαῖον
1093 5065 1254 5108 vocat
1287 5055 1578 5126 aedilicium
1603 5095 1617 5119 ,
1652 5056 1823 5121 virgi-

267 5142 374 5181 num
407 5124 806 5196 pauperiorum
828 5125 1037 5194 nuptiis
1065 5126 1413 5180 celebrandis
1443 5124 1782 5179 destinatum
1807 5143 1820 5178 :

272 5199 330 5249 uti
359 5194 532 5264 supra
559 5194 904 5264 monuimus.

324 5262 437 5336 (90)
464 5265 690 5326 Ἀτελὲς
719 5263 986 5336 amomis
1031 5262 1136 5336 hoc
1163 5278 1209 5336 _a
1259 5262 1482 5317 Tiberio
1524 5263 1825 5334 inemptum

271 5333 560 5388 aitAurtor
586 5349 782 5402 supra,
821 5334 877 5385 in
905 5333 1131 5386 Tiberio
1161 5333 1292 5402 imp.

327 5352 560 5388 ..νη-ιον
586 5352 650 5389 su
698 5352 782 5396 ra,
821 5352 877 5385 Ill
916 5352 1131 5386 nnerio
1161 5352 1292 5402 imp.

327 5405 568 5475 (9|)7’Ev
603 5352 757 5474 prem
785 5403 881 5456 τοῦ
907 5402 1184 5475 νυμφαίου
1208 5402 1304 5475 τοῦ
1331 5404 1692 5475 προσκηνίου.
1719 5405 1826 5458 Τοῦ

277 5471 520 5542 νυμφαίαν
555 5471 787 5528 omnino
812 5471 1110 5542 παρέλκειν
1136 5471 1413 5526 videntur.

327 5545 431 5615 (ω)
472 5543 867 5614 Ἐμαρτύρησε
885 5542 942 5594 δὲ
971 5543 1065 5595 ἰπὶ
1091 5542 1257 5615 αὐτοῦ
1285 5544 1407 5615 τότε
1431 5545 1459 5596 ὁ
1480 5542 1633 5612 ἅγιος
1660 5545 1829 5610 Ἱγνά-

275 5612 382 5684 stoc.
408 5612 706 5682 lgnatiu’m,
741 5612 1062 5684 episcopum
1103 5612 1533 5684 Antiochenam,
1559 5630 1623 5668 ex
1668 5615 1827 5684 Syria

281 5683 479 5754 [leniam
511 5684 771 5745 missum,
799 5683 988 5754 ibique
1016 5682 1211 5736 bestiis
1245 5684 1482 5754 praedam
1517 5682 1822 5754 projectum

283 5751 425 5807 fuisse
453 5763 728 5808 constans
768 5753 1106 5819 scriptorum
1137 5759 1223 5806 est
1265 5750 1532 5806 traditio.‘
1556 5750 1824 5807 [lectissi-

286 5837 382 5878 mas
408 5834 593 5878 tamen
643 5822 917 5892 Iosephus
949 5821 1200 5892 Scaliger
1244 5822 1298 5877 in
1350 5823 1571 5879 Eusebii
1615 5823 1824 5880 Chron.

1935 5057 2227 5118 habentur,
2256 5056 2539 5111 desiderat
2569 5075 2582 5108 :
2621 5066 2787 5124 atque
2816 5057 3070 5121 equidem
3105 5057 3195 5124 hic
3241 5055 3505 5108 Auctoris

1935 5127 2113 5180 nostri
2153 5128 2494 5179 contrarium
2543 5123 2795 5180 astruere
2836 5128 3070 5179 videtur.
3120 5123 3224 5178 Sed
3285 5139 3384 5177 nec
3439 5125 3506 5175 de

1933 5195 2130 5266 lgnatii
2167 5197 2415 5266 martyrii
2442 5204 2688 5264 tempore
2714 5199 2971 5249 convenit
2998 5195 3422 5266 interpNostrum
3451 5202 3506 5244 et

1935 5265 2236 5319 Eusebium
2271 5282 2284 5319 :
2315 5263 2406 5320 hic
2433 5263 2580 5320 enim
2613 5268 2763 5334 ponit
2791 5268 2857 5318 ad
2888 5281 3092 5318 annum
3119 5263 3341 5330 Trajani
3373 5264 3423 5312 in
3453 5280 3505 5326 ν.

1935 5351 1990 5397 x,
2028 5345 2238 5404 septem
2273 5352 2472 5405 nempe
2498 5340 2684 5397 annis,
2721 5348 2849 5390 ante
2879 5336 3083 5405 dictum
3119 5346 3278 5405 terrae
3299 5340 3506 5384 motum

1934 5402 2537 5474 Antiochense-ntiqua
2559 5418 2807 5475 tempore
2841 5409 3029 5459 noster
3061 5402 3328 5471 lgnatium
3365 5417 3508 5453 mar-

1937 5477 2082 5544 tyrio
2116 5486 2438 5530 coronatum
2468 5477 2697 5544 asserit.

2009 5545 2121 5616 (95)
2170 5535 2816 5617 Ἐξήρχετοᾝασταγμῷ.
2843 5542 3126 5610 Tanquam
3150 5553 3295 5593 onus
3321 5554 3350 5593 a
3382 5555 3512 5608 pur-

1940 5617 2242 5670 latoribus.
2277 5617 2532 5669 sublatus
2571 5617 2729 5668 exiit.

1944 5755 1956 5768 ο
2010 5684 2459 5776 (βξλΊᾎτέξιζον
2512 5685 2914 5767 τοῖςἝλλησι.
2953 5675 3137 5734 Tortc
3191 5679 3509 5750 legendum,

1936 5773 2231 5820 υπωςιςον.
