3886 6318
266 408 366 473 {5)

1282 411 1957 475 CIIRO‘NOGRAPHIA;
1988 442 2045 449 -
2075 416 2222 475 LIB’.
2267 413 2407 477 ΧΠ.

3400 406 3504 467 686

264 521 367 575 τῶν
388 522 629 594 κάστρων
647 520 977 587 καθέζεσθαι
1014 522 1151 592 μετὰ
1180 523 1381 595 πολλῆς
1411 524 1665 596 βοηθείας
1692 528 1825 596 πρὸς

1956 535 2078 581 nata
2114 543 2279 583 manu
2310 526 2620 583 insidentes
2646 566 2660 588 ,
2697 524 2820 578 loca
2856 521 3219 577 custodirent.
3264 518 3505 591 Iliipt‘la-

268 609 673 682 παραφυλακήν.
724 614 838 667 Καὶ
879 614 1186 684 ἀνήνεγκαν
1219 615 1300 687 τῷ
1352 616 1564 686 βασιλεί
1614 619 1708 671 καὶ
1754 620 1829 687 τῷ

272 707 489 776 Καίσαρι
520 704 719 775 στήλας
747 708 807 759 ὲν
834 706 911 777 τῷ
936 707 1133 779 λιμίτῳ
1159 707 1260 777 τῆς
1289 709 1511 780 Συρίας.

350 797 428 851 Ἐν
459 796 605 868 αὐτῷ
647 797 707 851 δὲ
740 798 820 868 τῷ
855 798 1033 870 χρόνῳ
1068 801 1439 871 ἐτυράννησαν
1467 801 1516 854 οἱ
1545 802 1830 870 Αἰγύπτιοι

287 889 373 944 καὶ
390 889 669 958 ἐφόνευσαν
702 890 833 952 τοὺς
871 890 1139 960 ἄρχοντας
1167 893 1367 945 αὐτῶν.
1410 892 1523 945 Καὶ
1570 894 1833 965 ἐπεστρῶ

296 997 423 1034 ratio;
441 978 548 1033 κατ’
580 979 765 1033 αὐτῶν
787 983 817 1033 6
848 982 1011 1044 αὐτὸς
1048 984 1431 1054 Διοκλητιανὸς
1450 1029 1465 1052 ,
1512 988 1609 1040 καὶ
1642 987 1833 1040 ἐπολέ-

309 1088 446 1141 μησεν
462 1073 515 1125 ἐν
550 1070 937 1145 ’Δλεξανδρεέᾳ
963 1076 1030 1145 τῇ
1065 1076 1299 1148 μεγάλῃ,
1329 1077 1705 1148 πολιορκήσας
1738 1081 1835 1133 αὑ-

304 1164 385 1233 τὴν
422 1164 504 1216 καὶ
538 1164 773 1234 ποιήσας
826 1166 1075 1233 (poetica,
1130 1167 1307 1237 κόψας
1345 1168 1439 1222 τὸν
1488 1170 1705 1239 ἀγωγὸν
1740 1173 1836 1225 καὶ

301 1255 502 1326 στρέψας
552 1255 715 1311 αὑτὸν
761 1259 870 1311 ἀπὸ
910 1258 1004 1312 τοῦ
1053 1257 1351 1329 λεγομένου
1409 1260 1684 1315 Κανώπου
1742 1266 1835 1316 καὶ

293 1349 567 1419 παρέχοντα
594 1348 796 1419 χρῆσιν
820 1352 891 1420 τῇ
919 1349 1095 1406 πόλει.
1128 1349 1474 1420 Παραλαϐὼν
1495 1351 1555 1405 δὲ
1583 1351 1835 1417 Ἀλεξάν-

290 1441 456 1509 δρειαν
471 1438 766 1509 ἐνέπρησεν
788 1440 992 1511 αὐτηνο
1017 1440 1235 1511 είσῆλθε
1261 1441 1314 1495 δὲ
1336 1442 1394 1494 ἐν
1415 1442 1555 1512 αὐτῇ
1578 1441 1834 1512 ἔφιππος,

292 1529 379 1583 τοῦ
407 1530 559 1582 ἵππου
588 1530 759 1584 αὐτοῦ
801 1530 1235 1603 περιπατοῦντος
1278 1532 1464 1588 ἐπάνω
1504 1533 1612 1587 τῶν
1645 1534 1837 1605 λειψάο

290 1637 404 1674 νων.
430 1616 529 1675 Ἦν
558 1622 614 1675 δὲ
654 1621 922 1688 κελεύσας
967 1624 1046 1694 τῷ
1096 1624 1361 1694 ἐξπεδίτῳ
1414 1625 1492 1698 μὴ
1542 1626 1837 1696 φείσασθαι

284 1712 379 1766 τοῦ
404 1715 656 1781 φονεύειν,
703 1715 812 1779 ἕως
840 1708 903 1769 οὗ
934 1716 1134 1790 ἀνέλθῃ
1176 1717 1248 1771 τὰ
1276 1718 1483 1789 αἵματα
1530 1718 1639 1773 τῶν
1688 1719 1838 1793 [MO]

289 1806 618 1876 σφαζομένων
644 1806 753 1871 ἓως
778 1808 838 1860 τὸ
863 1808 995 1878 γόνυ
1023 1807 1120 1862 τοῦ
1153 1808 1325 1862 ἵππου
1346 1808 1460 1880 (25)
1486 1803 1548 1862 οὗ
1579 1809 1837 1881 ἐκάθητο.

288 1896 477 1966 Συνέϐη
500 1898 554 1951 δὲ
587 1897 734 1951 κατὰ
765 1899 1019 1955 κέλευσιν
1049 1898 1191 1952 Θεοῦ
1226 1899 1455 1971 πλησίον
1490 1901 1590 1970 τῆς
1635 1900 1842 1972 πόρτας

286 1988 597 2054 εἰσελθόντος
620 1990 666 2022 ιι
699 1989 869 2045 αὑτοῦ
917 1990 1009 2044 τὸν
1044 1992 1213 2045 ἵππον
1246 1992 1307 2045 ἐν
1342 1983 1388 2060 ᾧ
1423 1992 1659 2063 ἐκάθητο
1683 1994 1711 2046 6
1745 1991 1844 2060 βα-

289 2080 455 2147 σιλεὺς
477 2083 715 2153 πατῆσαι
738 2083 997 2153 λείψανον
1037 2082 1332 2154 ἀνθρώπου
1365 2086 1463 2139 καὶ
1501 2084 1845 2156 κονδάψαντα

289 2172 362 2237 είς
386 2175 505 2228 αὐτὸ
531 2174 640 2246 (26)
660 2175 950 2243 γονατίσαι
972 2175 1069 2229 καὶ⁹
1088 2175 1472 2247 αἱμαωθῆναι
1504 2177 1566 2230 τὸ
1596 2178 1726 2247 γόνυ
1746 2178 1842 2232 τοῦ

292 2266 478 2318 {mw
512 2267 607 2321 καὶ
644 2267 1047 2338 προσεσχηκὼς
1097 2267 1300 2322 ἔδωκεν
1343 2266 1746 2338 ίνδουλγεντίας
1773 2269 1842 2335 ⁸³,

294 2359 378 2410 καὶ
405 2358 700 2412 ἐπαύσαντο
719 2360 766 2413 oi
793 2359 1125 2430 στρατιῶται
1153 2358 1448 2424 κόπτοντες
1470 2361 1595 2425 τοὺς
1622 2360 1846 2426 πολίτας

309 2449 705 2524 ’Δλεξανδρείας.
729 2452 843 2505 Καὶ⁵
875 2451 1181 2522 ἀνέστησαν
1202 2454 1249 2506 οἱ
1284 2454 1441 2507 αὐτοὶ
1474 2452 1848 2524 Ἀλεξανδρεῖς

310 2542 475 2611 στήλην
515 2542 726 2614 χαλκῆν
750 2543 830 2614 τῷ
878 2543 1036 2615 ἵππῳ
1088 2544 1231 2617 ὑπὲρ
1281 2545 1667 2617 εὐχαριστίαςι
1699 2546 1848 2609 ὅστις

316 2633 442 2697 τόπος
463 2634 631 2700 οὕτως
662 2636 993 2708 ὀνομάζεται
1024 2632 1128 2701 ἕως
1149 2636 1253 2707 τῆς
1292 2640 1535 2709 σήμερον
1557 2640 1590 2692 ὁ
1627 2637 1848 2702 Ἵππος

312 2728 719 2795 Διοιλητιανοῦ.
743 2729 857 2782 Καὶ
877 2727 1067 2783 ἔκτοτε
1090 2729 1464 2799 ἐχρημάτισεν
1484 2729 1848 2798 ὀνομάζεσθαι

310 2816 488 2887 πρῶτον
523 2820 640 2886 ἔτος
682 2821 1117 2893 Ἀλεξανδρείας.
1155 2822 1342 2875 Ἔστιν
1391 2816 1486 2881 οὖν
1534 2822 1591 2888 ἐξ
1638 2821 1847 2876 ἐκείνου

305 2910 385 2964 τοῦ
432 2913 611 2984 χρόνου
668 2915 697 2968 6
752 2914 1141 2986 χρηματισμὸς
1203 2913 1304 2985 τῆς
1378 2913 1517 2985 πρὸς
1574 2914 1848 2983 Αἴγυπτον

316 3000 709 3076 ⁹Δλεξανδρείας.
1702 3066 1711 3073 ,

377 3094 483 3147 Ἐπὶ
518 3095 572 3151 δὲ
599 3097 698 3165 τῆς
727 3095 1009 3167 βασιλείας
1050 3095 1215 3151 αὕτοῦ
1252 3096 1495 3169 ἀνεφάνη
1545 3115 1631 3163 τις
1672 3100 1849 3154 Μανι-

1936 619 2038 672 tori
2071 619 2254 689 itaque
2275 627 2329 673 et
2360 618 2567 675 CiBSﬂl'i
2604 615 2845 673 stativas
2883 614 3093 684 ubique
3133 626 3232 685 per
3265 614 3505 670 coniinia

1936 709 2108 781 Syriae
2139 721 2463 782 posuerunt.

2007 801 2121 857 Sub
2152 804 2257 858 hoc
2283 812 2502 875 tempus
2548 801 2792 875 Egyptii
2850 801 2908 856 in
2940 800 3230 871 praefectos
3261 816 3395 856 suos
3426 802 3509 853 iu-

1936 905 2245 964 surgcntes,
2271 909 2368 949 eos
2423 893 2846 949 interfecerunt.
2895 891 3205 962 Imperator
3236 892 3422 960 itaque
3455 892 3506 944 in

1934 999 2029 1039 eos
2080 998 2234 1038 arma
2274 983 2479 1050 movit,
2511 982 3020 1052 Alexandriamque
3058 980 3224 1053 309
3257 996 3508 1051 magnam

1933 1075 2221 1133 obsidione
2253 1077 2433 1132 cinxit
2466 1095 2479 1131 :
2512 1084 2568 1131 et
2594 1075 2746 1133 fossa
2774 1083 2983 1147 egesta,
3023 1077 3384 1142 rescissoque
3415 1075 3510 1144 qui

1936 1169 2009 1222 ibi
2042 1169 2197 1224 urbis
2220 1170 2277 1224 in
2305 1184 2463 1225 usum
2491 1176 2650 1235 erat,
2676 1167 3323 1239 aquaeductu,cursuque
3352 1181 3513 1235 aqua-

1936 1276 2058 1315 rum
2097 1276 2194 1332 per
2252 1261 2418 1317 aliam
2458 1276 2488 1316 a
2548 1260 2773 1330 Canopo
2826 1259 2971 1317 viam
3022 1259 3265 1323 diverso,
3320 1260 3512 1315 urbem

1939 1348 2163 1405 tandem
2216 1349 2394 1420 cepit,
2436 1359 2766 1422 captamque
2808 1349 3085 1405 incendiis
3118 1350 3374 1407 vastavit.
3405 1349 3513 1403 lm-

1938 1448 2162 1510 perator
2216 1448 2399 1496 autem
2425 1482 2442 1508 ,
2479 1456 2622 1513 equo
2673 1441 2951 1506 insidens,
3005 1440 3196 1495 urbem
3229 1440 3514 1510 ingressus
3548 1456 3559 1465 ·

1938 1543 2055 1595 est;
2091 1548 2235 1603 equo
2290 1533 2516 1589 interim
2570 1532 2883 1589 occisorum
2929 1534 3200 1587 cadavera
3243 1532 3513 1587 calcante.
3612 1583 3619 1587 _

1940 1624 2219 1680 Exercitui
2248 1640 2381 1681 vero
2417 1627 2475 1681 in
2504 1626 2769 1680 mandata
2823 1623 3050 1681 dederat
3104 1623 3182 1677 uti
3216 1638 3326 1679 non
3366 1625 3517 1692 prius

1942 1730 1973 1769 a
2012 1714 2258 1772 caedibus
2288 1716 2673 1783 abstinerent,
2713 1729 2879 1785 quam
2917 1713 2984 1769 ad
3030 1713 3157 1791 equi
3185 1714 3275 1768 cui
3312 1712 3519 1768 inside-

1942 1807 2038 1862 bat
2069 1822 2247 1878 genua
2287 1807 2517 1880 sanguis
2557 1807 2872 1862 occisorum
2918 1808 3280 1877 pertingeret.
3329 1804 3520 1859 Conti-

1942 1899 2018 1969 git
2070 1910 2253 1955 autem
2295 1899 2445 1972 (Deo
2494 1901 2566 1954 ita
2625 1898 2907 1969 volente),
2964 1899 3298 1970 imperatore
3328 1897 3516 1952 urbem

1943 1988 2315 2059 ingrediente,
2371 2004 2403 2044 a
2450 1989 2641 2045 Portis
2699 1989 2838 2060 ipsis
2895 2004 3006 2043 non
3054 1989 3517 2058 procul,equuni

1941 2081 2099 2151 ejus,
2139 2081 2269 2138 dum
2322 2098 2420 2153 per
2466 2082 2739 2137 cadavera
2772 2081 3019 2147 incedit,
3047 2088 3248 2137 trunco
3278 2080 3521 2135 hominis

1940 2175 2294 2246 impingere;
2355 2174 2635 2246 equique,
2694 2188 2758 2229 ex
2814 2188 2949 2228 casu
3008 2172 3106 2228 illo
3162 2172 3518 2235 lahascentis,

1944 2283 2087 2339 genu
2128 2267 2398 2337 sanguine
2425 2268 2661 2322 tinctum
2695 2281 2837 2321 esse.
2868 2265 2989 2332 Quo
3019 2266 3142 2321 viso
3166 2306 3182 2330 ,
3216 2266 3523 2336 imperator

1945 2361 2173 2415 militem
2226 2359 2538 2431 repressit,
2578 2367 2632 2414 et
2688 2359 2844 2412 venia
2890 2357 3018 2411 data
3060 2373 3171 2413 non
3200 2360 3435 2415 ulterius
3466 2361 3519 2413 in

1945 2451 2352 2507 Alexandrinos
2384 2451 2580 2506 saevire
2610 2448 2885 2521 permisit.
2938 2448 3299 2505 Alexandrini
3339 2451 3524 2519 itaque

1947 2553 2181 2600 Statuam
2234 2558 2431 2600 aeream
2469 2559 2610 2614 equo
2648 2544 2787 2614 grati
2846 2551 3184 2612 posuerunt;
3222 2536 3523 2612 locumque

1948 2652 2075 2691 eum
2098 2676 2114 2699 ,
2146 2635 2470 2691 Diocletiani
2510 2635 2742 2707 Equum,
2800 2652 2976 2706 usque
3011 2636 3191 2693 adhuc
3223 2638 3521 2709 appellant.

1950 2729 2180 2798 Insuper
2204 2729 2368 2784 etiam
2417 2728 2777 2785 Alexandrini
2832 2744 3040 2783 anmnn
3072 2746 3235 2786 suum
3282 2731 3522 2800 primum

1948 2821 2146 2876 exinde
2207 2822 2593 2877 numerabant.
2630 2819 2749 2876 Hoc
2798 2822 2989 2895 itaque
3039 2823 3257 2878 initium
3287 2832 3373 2879 est
3404 2838 3527 2878 aera:

1950 2916 2456 2974 Alexandrinorum
2498 2917 2552 2973 in
2585 2915 2847 2992 Egypto.

2024 3095 2201 3165 Hujus
2249 3097 2354 3151 sub
2401 3094 2663 3168 imperio,
2719 3093 2927 3165 prodiit
2966 3093 3155 3151 Romae
3185 3094 3525 3151 Manichacus

305 3187 439 3252 χαῖος
468 3188 522 3242 ἐν
550 3186 737 3260 Ῥώμῃ
767 3191 834 3259 τῇ
880 3187 1034 3241 πόλει
1096 3172 1327 3260 ὀνόματι
1387 3190 1617 3255 Βοῦνδος
1642 3208 1659 3223 ο
1700 3193 1846 3256 ὅστις

1956 3188 2215 3260 quidam,
2284 3191 2511 3245 nomine
2572 3187 2847 3245 Bundus:
2895 3191 2988 3259 qui
3025 3188 3292 3259 neglectis
3348 3187 3530 3243 Mani-

310 3276 567 3357 ἁπέσχισεν
594 3281 658 3334 ἐκ
680 3278 774 3333 τοῦ
798 3279 1069 3351 δόγματος
1097 3279 1205 3335 τῶν
1235 3281 1575 3353 Μανιχαίων,
1619 3300 1850 3353 παρεισ-

311 3370 507 3439 αγαγὼν
559 3372 688 3427 ἴδιον
735 3371 913 3444 δόγμα
989 3373 1085 3427 καὶ
1133 3372 1402 3428 διδάσκων
1445 3375 1526 3428 ὅτι
1572 3376 1601 3429 6
1651 3376 1853 3445 ἀγαθὸς

308 3460 421 3523 Θεὸς
449 3454 751 3535 ἐπολέμησε
776 3463 856 3534 τῷ
885 3462 1110 3536 πονηρῷ
1143 3464 1236 3517 καὶ
1266 3464 1519 3536 ἐνίκησεν
1542 3466 1725 3534 αὐτὸν,
1758 3467 1853 3521 καὶ

311 3550 377 3605 δεῖ
394 3552 471 3607 τὸν
494 3553 539 3586 ⁸⁸
566 3553 796 3626 νικητὴν
824 3556 1011 3625 τιμᾷν.
1057 3555 1294 3624 Ἀπῆλθε
1328 3555 1385 3609 δὲ
1416 3557 1510 3609 καὶ
1544 3559 1602 3610 ἐν
1632 3558 1854 3629 Περσίδι

311 3640 562 3698 διδάσκων.
595 3644 778 3717 Ὅπερ
808 3645 984 3714 δόγμα
1030 3646 1375 3716 Μανιχαῖκὸν
1422 3649 1577 3720 παρὰ
1616 3649 1857 3719 Πέρσαις

313 3732 524 3789 καλεῖται
549 3735 687 3790 κατὰ
716 3736 815 3807 τὴν
841 3734 1023 3789 αὐτῶν
1051 3735 1306 3803 γλῶσσαν
1347 3738 1409 3790 τὸ
1447 3738 1553 3792 τῶν
1583 3741 1859 3808 Δαρισθευ

315 3821 435 3890 γῶν,
459 3824 486 3880 ὃ
516 3826 875 3899 ἑρμηνεύεται
904 3824 965 3879 τὸ
995 3826 1089 3879 τοῦ
1142 3825 1409 3898 Ἀγαθοῦ.

378 4006 431 4060 Ὀ
454 4007 504 4062 δὲ
535 4006 684 4082 [ili]
712 4008 878 4072 αὐτὸς
922 4009 1304 4079 Διοκλητιανδς
1349 4008 1602 4080 βασιλεὺς
1634 4013 1856 4080 ἐποίησε

312 4095 517 4170 διωγμὸν
588 4101 973 4169 Χριστιανῶνο
1036 4103 1134 4155 καὶ
1192 4102 1619 4174 ὲτιμωρήθησαν
1673 4104 1859 4159 πολλοὶ

318 4194 757 4265 μαρτυρήσαντες,
789 4195 848 4249 ἐν
879 4189 963 4259 οἷς
990 4193 1346 4266 ἐμαρτύρησε
1376 4196 1470 4249 καὶ
1493 4196 1522 4248 6
1552 4195 1705 4264 ἅγιος
1732 4197 1856 4266 Μη-

311 4283 407 4345 vi;
429 4285 531 4339 Kal.
558 4288 614 4340 αι
653 4286 945 4356 ἐκκλησίαι
971 4286 1030 4339 δὲ
1073 4284 1480 4358 καθῃρέθησαν,
1513 4288 1608 4340 καὶ
1636 4287 1857 4342 ἀπειλαὶ

310 4372 353 4426 δὲ
372 4376 456 4429 καὶ
478 4378 637 4446 φόϐος
660 4373 731 4449 ἧν
769 4379 958 4443 πολύς.

376 4468 455 4522 Ἑν
492 4470 549 4524 δὲ
577 4469 659 4542 τῷ
696 4471 875 4543 χρόνῳ
918 4472 1026 4526 τῶν
1069 4472 1383 4543 Ὀλυμπίων
1423 4471 1767 4539 κατέφθασεν
1801 4473 1858 4524 ἐν

1955 3284 2235 3337 οὶιιεοιιυηι
2286 3282 2543 3354 placitis,
2580 3280 2837 3353 dogmata
2884 3297 2998 3347 sua,
3019 3280 3247 3335 invexit.
3291 3279 3528 3337 Docebat

1956 3375 2044 3430 hic
2097 3376 2301 3431 bonum
2364 3376 2530 3429 Deum
2583 3389 2707 3429 cum
2768 3373 2914 3429 malo
2966 3372 3173 3429 bellum
3228 3373 3528 3439 habuisse;

1956 3468 2274 3537 malumque
2304 3482 2333 3521 ιι
2369 3467 2516 3522 bono
2573 3473 2941 3536 superatum;
2994 3466 3262 3520 honorem
3296 3467 3533 3535 proinde

1958 3558 2165 3615 Victori
2218 3559 2597 3615 tribuendum.
2645 3559 2711 3617 ιιι
2757 3557 3039 3613 Persidem
3092 3556 3257 3627 310
3312 3573 3533 3629 quoque

1955 3651 2267 3722 profectus,
2327 3651 2403 3706 ibi
2454 3651 2621 3705 etiam
2677 3648 2937 3720 dogmata
2970 3663 3069 3702 sua
3124 3639 3530 3703 disseminavit.

1958 3736 2388 3793 Manichmorum
2453 3751 2585 3791 vero
2636 3735 2839 3806 dogma
2882 3736 2986 3790 hoc
3027 3735 3225 3799 Persae,
3269 3737 3533 3793 idiontate

1956 3841 2082 3892 suo,
2119 3825 2563 3879 Daristlieuorum
2594 3834 2795 3879 vocant
2831 3841 2843 3876 :
2885 3824 3045 3894 quasi
3076 3824 3250 3889 dicas,
3290 3824 3387 3879 Dei
3412 3829 3535 3881 bom‘

1958 3919 2176 3988 dogma.

2026 4008 2191 4064 idem
2214 4007 2584 4063 Diocletianus
2625 4006 2927 4077 imperator
2963 4005 3311 4063 Christianos
3342 4024 3537 4080 perse-

1957 4109 2120 4158 cutus
2148 4110 2267 4169 est;
2304 4115 2538 4172 quorum
2575 4099 2731 4155 multi
2782 4099 3046 4172 martyrio
3076 4102 3322 4155 coronati
3355 4111 3486 4157 sunt
3516 4120 3531 4157 :

1958 4197 2101 4259 inter
2157 4207 2300 4264 quos
2347 4192 2452 4246 fuit
2501 4197 2731 4247 sanctus
2781 4191 2998 4246 Menas.
3053 4188 3197 4256 Quin
3226 4196 3280 4244 et
3333 4193 3534 4261 templa

1958 4303 2149 4343 eorum
2178 4301 2206 4340 a
2242 4283 2622 4341 fundamentis
2654 4297 2849 4338 eversa
2878 4289 3008 4339 sunt
3036 4300 3049 4337 :
3074 4296 3271 4354 graves
3306 4282 3534 4353 insuper

1963 4379 2143 4443 minae,
2176 4384 2530 4445 terroresque
2559 4372 2899 4431 Christianis
2926 4372 3159 4430 incussi.

2031 4468 2338 4541 Olympicis
2373 4475 2558 4522 autem
2598 4463 3199 4536 appropinquantibus,
3230 4463 3536 4532 imperator

317 4559 589 4636 Ἀντιοχείᾳ
621 4566 651 4618 6
685 4565 845 4629 αὐτὸς
878 4565 1130 4635 βασιλεὺς
1160 4564 1564 4634 Διοκλητιανὸς,
1598 4563 1769 4617 ἐλθὼν
1800 4564 1846 4627 ἐξ

1964 4560 2346 4615 Diocletianus
2418 4574 2485 4613 ex
2545 4556 2780 4629 Egypto
2829 4555 3183 4611 Antiochiam
3216 4555 3408 4609 venit:
3450 4556 3536 4607 lu-

304 4654 576 4724 Αἰγύπτου.
622 4659 735 4713 Καὶ
768 4657 866 4713 τοῦ
921 4657 1257 4730 Ὀλυμπικοῦ
1300 4657 1510 4726 ἀγῶνος
1565 4656 1848 4726 μέλλοντος

305 4747 670 4814 ἐπιτελεῖσθαι,
727 4750 957 4820 ἐφόρεσε
998 4749 1058 4803 τὸ
1091 4750 1279 4819 σχῆμα
1319 4748 1383 4801 τὸ
1421 4747 1515 4801 τοῦ
1549 4748 1850 4818 ἀλυτάρχου

302 4838 327 4888 6
347 4837 587 4908 βασιλεὺς
627 4839 1030 4911 Διοκλητιανός.
1065 4840 1176 4911 Τὴν
1210 4840 1267 4892 δὲ
1309 4838 1504 4908 στολὴν
1550 4839 1578 4891 6
1614 4837 1852 4907 ἀλύταρ-

301 4942 376 4995 χος
417 4929 627 5002 ἅσπρον
669 4929 988 4999 ὁλοσηρικδν
1029 4931 1215 4998 ἐφόρει
1241 4945 1254 4958 ’
1286 4931 1315 4982 6
1358 4928 1415 4982 δὲ
1448 4928 1698 4997 βασιλεὺς
1728 4927 1853 4979 ἀντὶ

298 5017 373 5071 τοῦ
397 5017 607 5090 ᾰσπρου
652 5020 884 5092 ἐφόρεσε
923 5019 1262 5092 πορφυροῦν,
1311 5020 1382 5073 τὰ
1410 5019 1467 5073 δὲ
1514 5018 1648 5074 ἄλλα
1676 5019 1856 5072 πάντα

297 5106 355 5171 ὡς
380 5104 444 5179 ἧν
474 5109 597 5174 ἔθος
622 5109 703 5182 τῷ
736 5109 1015 5182 ἀλυτάρχῃ
1063 5114 1272 5183 φορεῖν,
1313 5111 1533 5181 κρατῶν
1572 5111 1673 5181 τὴν
1703 5111 1856 5182 ίερέιν

300 5199 471 5268 ρἀδον
525 5204 621 5256 καὶ
679 5203 1005 5274 προσκυνῶν
1055 5203 1149 5256 τὸν
1188 5204 1383 5274 δῆμον,
1438 5201 1714 5274 ἐθεώρησε
1765 5201 1857 5255 τὸν

240 5296 251 5309 ⁸
308 5288 628 5362 Ὀλυμπικὸν
658 5291 849 5360 ἀγῶνα
878 5291 979 5357 τὰς
1006 5294 1402 5363 νενομισμένας
1427 5294 1604 5357 πάσας
1624 5292 1862 5363 ἡμέρας.

1962 4652 2167 4723 disque
2207 4650 2529 4715 celebratis,
2569 4648 2689 4717 ipse
2720 4647 3018 4718 alytarchaa
3064 4645 3311 4701 habitum
3341 4662 3533 4702 susce-

1965 4743 2062 4813 pit.
2091 4741 2261 4797 Moris
2291 4748 2476 4796 autem
2528 4746 2649 4793 erat
2699 4745 2757 4792 ut
2786 4736 3065 4808 alytarcha
3100 4737 3299 4791 stolam
3330 4736 3532 4799 albam,

1962 4834 2329 4888 holosericam
2367 4835 2609 4901 gestaret
2657 4828 3006 4898 :imperator
3037 4842 3188 4893 vero,
3230 4843 3331 4898 pro
3372 4827 3491 4883 alba
3520 4869 3534 4887 .

1962 4940 2293 4996 purpuream
2327 4923 2430 4979 sibi
2464 4921 2736 4992 sumpsit;
2783 4921 2839 4975 in
2877 4921 3093 4977 caeteris
3129 4921 3381 4975 habitum
3415 4922 3530 4991 alyv

1964 5013 2170 5068 tarchaa
2227 5028 2323 5082 per
2380 5009 2570 5065 omnia
2621 5008 2930 5076 referebat,
2985 5025 3314 5080 sacramque
3365 5023 3533 5062 manu

1964 5106 2150 5160 ferens
2200 5105 2413 5173 virgam
2441 5143 2456 5167 ,
2503 5110 2559 5157 et
2606 5103 2871 5172 populum
2906 5117 3005 5171 pro
3034 5116 3187 5156 more
3215 5109 3535 5158 veneratus.

1968 5213 2069 5267 per
2110 5196 2228 5250 dies
2275 5194 2616 5248 constitutos
2672 5207 2888 5253 omnes,
2919 5192 3203 5279 Olympica
3231 5191 3538 5247 certamina

1974 5286 2277 5357 spectabat.
2314 5284 2502 5353 Itaque
2532 5299 2597 5336 ex
2642 5282 3001 5352 optimatibus
3039 5282 3205 5335 etiam
3239 5280 3362 5350 ejus
3395 5296 3536 5334 non-

1531 5426 1613 5481 VA
1625 5426 1759 5483 [ἶΙᾸΞ
1803 5422 2206 5481 LECTIONES.

352 5539 391 5572 “
419 5539 721 5604 είσελθότος
758 5540 882 5606 OL,
935 5539 1271 5603 εἰσελθόντος
1311 5537 1411 5593 Ch.
1488 5539 1533 5572 “
1572 5520 1962 5607 ἰνδουλγεντίας
1987 5536 2112 5602 CIL,
2141 5537 2541 5602 ίνδουλπεντίας
2594 5536 2691 5593 0x.
2774 5536 2816 5566 “
2844 5534 2951 5586 τὸν.
3001 5532 3101 5601 τὴν
3135 5528 3238 5585 Ox.

1502 5660 1609 5717 ED.
1654 5636 2028 5715 CHILMEADI
2068 5657 2300 5713 NOTAE.

311 5819 322 5832 .
361 5750 465 5832 αὖ)
495 5753 899 5832 ’Βωςῇτρλγόνυ
940 5750 1037 5804 τοῦ
1083 5751 1276 5832 ἵππου.
1314 5752 1458 5832 Ἕως
1483 5790 1499 5819 ,
1529 5751 1845 5808 accusativo

312 5824 553 5893 iunctum,
582 5825 713 5880 alibi
749 5825 892 5879 haud
928 5834 1129 5879 temere
1162 5824 1432 5879 invenies.

2028 5750 2141 5819 (9.6)
2200 5748 2311 5802 Kal
2369 5747 2711 5814 κονδὰψαντα
2763 5746 2842 5807 εἰς
2878 5742 3051 5819 aii-:6.
3106 5740 3315 5797 Novum
3374 5742 3538 5813 plano

1968 5814 2214 5889 mihique
2251 5818 2555 5872 inauditum
2594 5820 2695 5871 Ιιος
2735 5814 3089 5870 vocabulum.
3199 5850 3206 5858 ς
