3906 6318
487 317 595 382 615

1729 335 2052 397 JOANNIS
2110 338 2432 402 MALAL/E
2685 371 2688 373 ·
3661 357 3738 420 (illi

488 433 815 503 accepisset,
853 443 1046 492 contra
1087 437 1287 495 Persas
1319 441 1669 501 sollicitatus.
1705 445 1840 511 lmo,
1881 449 2048 519 inquil

2158 457 2391 522 τραπεὶς
2421 458 2561 510 κατὰ
2589 458 2846 530 Περσῶνς
2875 460 3004 512 Kal.
3039 452 3212 514 εἶπεν
3241 461 3273 514 6
3303 461 3542 530 Ζιλγιόὶς
3565 468 3620 520 τὸ
3637 470 3739 538 ἀλη-

489 524 740 597 Zilgibis,
765 543 851 582 me
871 531 1156 598 accepisse
1187 533 1381 588 fateor.
1410 535 1490 590 Ad
1523 536 1636 592 hrcc
1669 538 1842 596 iratus
1873 539 2060 595 Persa-

487 633 610 672 rum
651 633 771 681 rex,
810 621 1154 691 credensque
1194 623 1449 680 llunnum
1487 644 1582 698 per
1608 629 1793 684 dolum
1821 635 2056 698 venisse,

486 710 694 764 occidit
723 711 906 779 illum;
933 715 1136 769 multos
1154 718 1320 769 etiam
1345 733 1409 772 ex
1427 721 1673 774 exercitu
1700 723 1822 792 ejus
1849 739 1944 793 per
1961 739 2062 779 uo-

484 815 628 858 ctem
664 806 984 874 interfecit,
1023 810 1187 878 plane
1213 812 1598 870 nescientibus
1635 814 1852 871 Hunnis
1893 818 1997 872 hoc
2027 834 2059 872 a

483 897 774 952 Persarum
839 916 964 971 rege
1025 905 1339 976 provenire,
1373 906 1469 960 sed
1509 915 1769 978 tanquam
1826 910 1898 964 ab
1952 910 2060 964 alia

483 991 742 1060 quapiam
777 993 1010 1061 regione
1047 995 1100 1048 in
1139 1010 1199 1050 se
1242 1011 1536 1066 regemque
1581 1015 1745 1054 suum
1793 1000 2056 1069 impetum

485 1083 687 1138 factum
723 1085 900 1141 fuisse
925 1088 1397 1143 existimantibus.
1430 1088 1532 1154 Qui
1571 1106 1704 1146 vero
1733 1109 1762 1146 a
1797 1092 1946 1148 caede
1971 1109 2060 1148 re—

486 1175 620 1244 liqui
667 1176 892 1232 fuerunt
941 1179 1163 1243 Hunni,
1220 1180 1608 1250 profugerunt.
1655 1182 1794 1237 Tum
1835 1185 2055 1239 demum

483 1268 649 1322 Coadi
689 1270 800 1339 regi
860 1269 1039 1323 visum
1075 1280 1160 1325 est
1202 1269 1270 1325 de
1314 1272 1469 1339 pacis
1501 1273 1912 1332 conditionibus
1944 1284 2058 1330 tra-

482 1367 656 1423 ctare,
690 1360 875 1416 missis
907 1357 1013 1416 hac
1061 1361 1130 1416 de
1181 1377 1238 1417 re
1271 1364 1468 1420 litteris
1496 1382 1589 1431 per
1619 1367 1880 1436 legatum,
1947 1366 2056 1420 La-

483 1447 698 1502 broium
747 1450 989 1516 nomine,
1033 1452 1099 1505 ad
1144 1451 1428 1508 Justinum
1470 1455 1778 1510 Romanum
1813 1457 2055 1527 impera-

483 1547 680 1594 torem.

550 1630 714 1684 Circa
745 1631 851 1686 hoc
892 1640 1106 1702 tempus
1128 1633 1361 1695 Paulus.
1399 1634 1719 1704 patriarcha
1754 1635 2054 1692 Antioche-

481 1735 607 1786 nus,
645 1735 675 1774 e
707 1721 844 1776 vivis
891 1727 1128 1780 excessit
1160 1744 1173 1779 :
1205 1724 1371 1796 416
1403 1725 1565 1793 cujus
1600 1727 1654 1779 in
1696 1725 1882 1780 locum
1941 1726 2051 1780 Eu-

483 1811 745 1880 phrasius
799 1786 1648 1884 Hierosolymitanus'sull'ectus
1685 1825 1771 1871 est
1821 1834 1835 1869 :
1868 1815 1965 1886 qui
1994 1823 2051 1871 et
2083 1786 2126 1845 Β

481 1901 821 1967 orthodoxos,
845 1920 985 1974 quos
1028 1914 1251 1971 vocant,
1292 1906 1534 1975 graviter
1589 1918 1914 1976 persecutus
1941 1915 2050 1971 est,

481 1994 732 2063 plurimis
762 2010 951 2049 eorum
987 1996 1152 2051 etiam
1183 1997 1304 2051 neci
1334 1997 1578 2052 traditis.

554 2085 750 2141 Iisdem
794 2087 1139 2156 temporibus
1181 2087 1388 2144 Veneta
1437 2088 1606 2145 factio
1655 2091 2052 2146 commotiones

488 2176 689 2246 ubique
715 2191 813 2246 per
836 2177 998 2233 urbes
1025 2179 1326 2240 excitabat,
1364 2178 1820 2249 lapidationibus,
1849 2179 2052 2234 tumul-

482 2266 654 2330 tibus,
673 2267 1045 2339 aedibusque,
1067 2269 1252 2323 omnia
1268 2269 1532 2325 miscens.
1552 2269 1695 2335 Quin
1717 2279 1772 2325 et
1788 2269 2052 2326 adversus

479 2355 698 2411 urbium
738 2357 902 2410 etiam
949 2356 1240 2427 praefectos
1284 2359 1491 2428 ubique
1522 2358 1886 2429 insurgebant
1916 2357 2051 2430 [Ve-

477 2446 638 2519 neti,]
675 2448 896 2502 initium
957 2449 1280 2506 rebellionis
1334 2466 1366 2505 a
1415 2451 1894 2522 Constantinopoli
1951 2469 2050 2508 su-

479 2547 717 2594 mentes.
767 2539 880 2595 Nec
925 2540 1209 2595 desierunt
1250 2544 1668 2611 tumultuantes,
1711 2559 1887 2616 usque
1917 2545 2050 2600 dum

477 2631 816 2695 Theodotus,
850 2646 1108 2687 excomes
1137 2632 1404 2696 Orientis.
1437 2635 1561 2690 urbi
1595 2636 1892 2704 praafeetus
1917 2652 2053 2692 con-

477 2723 703 2776 stitutus
736 2719 923 2786 fuerit,
951 2721 1098 2790 quod
1145 2721 1348 2777 factum
1383 2736 1468 2778 est
1520 2725 1821 2780 indictione
1851 2727 2047 2795 prima.

476 2808 785 2882 Hic‘itaque
809 2812 1270 2867 insurrectionem
1299 2814 1482 2883 populi
1516 2813 1802 2886 Byzantini
1827 2830 2050 2885 compe-

475 2905 645 2967 scuit,
691 2905 1085 2961 seditiosorum
1117 2905 1432 2975 permultis,
1474 2905 1829 2977 imperatoris
1871 2907 2049 2976 ipsius

473 3011 538 3050 ex
567 2997 750 3066 jussu.
807 2997 860 3052 in
923 2999 1254 3068 supplicium
1288 2997 1523 3052 adactis.
1559 3000 1708 3052 inter
1749 3013 1890 3068 quos
1921 3013 2048 3053 cum

2161 547 2252 611 θὲς
2281 549 2377 602 καὶ
2391 549 2732 621 ὡμολόγησε.
2756 552 2864 605 Καὶ
2889 552 3182 623 ὠργίσθη
3211 555 3242 606 6
3273 553 3530 622 βασιλεὺς
3559 557 3740 629 Περσῶν

2159 634 2410 721 ξίωάδης.
2447 637 2542 690 καὶ
2575 640 2862 707 ἐφόνευσεν
2905 641 3124 706 αὑτὸν,
3162 642 3488 712 ὑπονοήσας
3521 647 3596 699 ὅτι
3637 651 3742 721 δόλῳ

2157 717 2288 793 ἦλθε
2319 725 2454 795 πρὸς
2469 726 2654 791 αὑτὸν,
2672 729 2767 781 καὶ
2797 729 3050 793 πολλοὺς
3083 728 3190 782 τοῦ
3214 729 3382 799 ὄχλου
3415 733 3571 786 αὑτοῦ
3589 717 3743 804 νυκτὸς

2158 815 2358 880 ἀνεῖλε,
2390 816 2612 887 πέμψας
2631 819 2753 871 κατ’
2771 819 2960 872 αὐτῶν
2995 819 3229 890 πλῆθος
3261 821 3425 887 πολὺ,
3453 823 3741 890 ἀγνοούντων

2157 907 2242 960 ὅτι
2269 908 2377 961 ἀπὸ
2413 907 2508 962 τοῦ
2547 908 2811 978 βασιλέως
2848 911 3103 983 Περσῶν
3132 911 3411 982 ἐπέμφθη
3453 917 3569 967 κατ’
3603 919 3743 971 αὐτῶν

2157 999 2218 1052 τὸ
2250 999 2472 1070 πλῆθος,
2510 999 2644 1053 ἀλλὰ
2671 1000 2747 1064 ὼς
2779 1002 2888 1055 ἀπὸ
2917 1002 3113 1072 ἄλλης
3155 1003 3378 1072 χώρας,
3413 1006 3592 1074 φησὶν,
3617 1009 3742 1062 ἐπεὶ·

2159 1089 2357 1143 θόντων
2392 1092 2504 1153 τοῖς
2529 1090 2753 1155 Οὖννοις
2781 1093 2874 1146 καὶ
2901 1092 2991 1161 τῷ
3015 1093 3168 1162 ῥηγὶ
3201 1094 3394 1146 αὐτῶν
3412 1110 3424 1122 ·
3449 1097 3496 1146 οἱ
3523 1096 3577 1148 δὲ
3601 1099 3742 1151 λοιποὶ

2155 1181 2264 1235 τῶν
2299 1182 2514 1236 Οὖννων
2534 1187 2583 1237 οἱ
2623 1183 3030 1254 περισωθέντες
3071 1183 3318 1252 ἔφυγον.
3359 1185 3470 1238 Kal.
3496 1185 3630 1251 ἔδοξε
3654 1188 3739 1242 λοι-

2158 1273 2258 1326 πὸν
2280 1275 2308 1326 6
2332 1273 2586 1343 βασιλεὺς
2609 1274 2841 1344 Κωάδης
2869 1273 3074 1327 λαλεῖν
3104 1275 3249 1342 περὶ
3277 1275 3506 1328 πάκτων
3533 1278 3736 1347 εἰρήνης,

2155 1363 2400 1432 δηλώσας
2436 1363 2523 1418 διὰ
2562 1365 2830 1433 Λαϐροῖου
2877 1365 2959 1434 (It)
3008 1365 3385 1435 πρεσϐευτοῦ
3423 1366 3532 1436 (95)
3571 1368 3635 1438 τῷ
3660 1369 3735 1438 βα-

2158 1455 2297 1508 σιλεῖ
2330 1453 2615 1525 Ῥωμαίων
2649 1453 2941 1526 Ἰουστίνῳ.

2236 1630 2324 1683 Ἑν
2354 1622 2398 1698 ᾧ
2428 1631 2602 1701 χρόνῳ
2647 1631 2874 1702 τελευτᾷ
2915 1631 3155 1696 Παῦλος
3197 1635 3228 1686 6
3276 1636 3614 1705 πατριάρχης
3640 1638 3730 1690 ’Δνο

2153 1721 2408 1792 τιοχείας,
2437 1723 2532 1776 καὶ⁵
2561 1722 2782 1791 ἐγένετο
2813 1723 2928 1777 ἀντ’
2962 1723 3153 1777 αὐτοῦ
3189 1725 3515 1794 Εὐφράσιος
3546 1729 3573 1780 6
3601 1727 3727 1798 Ἰερο-

2155 1813 2466 1884 σολυμίτης,
2500 1815 2650 1878 ὅστις
2683 1815 2857 1883 μέγαν
2888 1815 3139 1886 ἐποίησε
3191 1816 3446 1886 διωγμὸν
3484 1820 3613 1872 κατὰ
3643 1821 3726 1873 τῶν

2153 1903 2456 1974 λεγομένων
2481 1905 2796 1976 όρθοδόξων,
2824 1907 3071 1972 πολλοὺς
3105 1909 3417 1978 φονεύσας.
3521 1957 3528 1964 .

2237 1995 2324 2047 Ἐν
2370 1995 2427 2048 δὲ
2467 1999 2583 2060 τοῖς
2627 1998 2810 2065 αὐτοῖς
2854 2001 3087 2072 χρόνοις
3136 2000 3205 2054 τὸ
3251 2001 3481 2056 Βένετον
3515 2004 3660 2074 μέρος
3679 2007 3723 2056 ἐν

2154 2087 2357 2150 πάσαις
2387 2089 2509 2150 ταῖς
2537 2088 2758 2143 πόλεσιν
2789 2088 2938 2164 [159]
2977 2093 3233 2164 ὴτάκτει
3256 2132 3273 2159 ,
3319 2095 3420 2148 καὶ
3466 2095 3721 2166 ἐτάρασσον

2151 2176 2250 2239 τὰς
2279 2176 2462 2240 πόλεις
2511 2176 2800 2250 λιθασμοῖς
2832 2183 2928 2235 καὶ
2979 2184 3379 2248 καταϐασίαις
3419 2187 3512 2240 καὶ
3541 2187 3711 2256 φόνοιςι

2151 2265 2450 2336 ἐπήρχοντο
2478 2268 2588 2337 γὰρ
2629 2268 2724 2320 καὶ
2752 2272 2863 2332 τοῖς
2896 2272 3051 2326 κατὰ
3090 2274 3258 2326 πόλιν
3280 2275 3558 2345 ἄρχουσιν,
3582 2276 3707 2345 ἀρξά-

2155 2370 2307 2424 μενοι
2337 2354 2444 2410 ὰπδ
2472 2355 2566 2409 τοῦ
2599 2357 2916 2421 Βυζαντίου.
2946 2362 3154 2417 Ταῦτα
3191 2363 3254 2418 δὲ
3291 2365 3608 2437 ἐπράττοντο
3627 2366 3706 2428 ἓως

2149 2444 2248 2515 τῆς
2275 2445 2574 2516 γενομένης
2603 2451 2931 2521 προαγωγῆς
2951 2451 3062 2523 τῆς
3093 2439 3712 2508 ἐνικωνσταντινουπόὶει

2151 2537 2445 2607 γενομένου
2475 2538 2519 2569 ³⁸
2551 2538 2810 2594 Θεοδότου
2865 2528 3133 2614 ὗπάρχου
3173 2544 3224 2576 ³³
3251 2544 3465 2609 πόλεως
3493 2545 3611 2616 (94),
3637 2543 3709 2596 τοῦ

2151 2627 2258 2680 ἀπὸ
2283 2626 2540 2697 κομητων
2566 2628 2614 2660 ⁸⁸
2637 2629 2736 2698 τῆς
2764 2629 3068 2703 Ἀνατολῆς
3084 2649 3100 2664 ·
3125 2632 3290 2696 ὅστις
3313 2632 3613 2704 προεϐλήθη
3641 2631 3714 2685 ἐπὶ

2148 2719 2247 2788 τῆς
2297 2717 2524 2790 πρώτης
2575 2719 2932 2788 ίνδικτιῶνος,
2976 2723 3086 2776 καὶ
3139 2723 3596 2777 κατεδυνάστευσε
3631 2721 3710 2791 τῆς

2147 2809 2521 2881 δημοκρατίας
2537 2809 2644 2863 τῶν
2667 2811 2998 2878 Βυζαντίων,
3017 2815 3499 2885 τιμωρησάμενος
3520 2813 3710 2874 πολλοὺς

2146 2903 2254 2956 τῶν
2283 2903 2535 2957 ἀτάκτων
2559 2903 2697 2956 κατὰ
2722 2903 2969 2958 κέλευσιν
2983 2905 3089 2958 τοῦ
3124 2906 3405 2977 βασιλέως
3436 2904 3700 2958 ἰουστίνου.

2149 2993 2239 3046 Ἐν
2256 2989 2338 3056 οἷς
2360 2992 2684 3046 συνελάϐετο
2705 2993 2984 3048 Θεοδόσιόν
3005 3012 3162 3062 τινα,
3195 2997 3292 3049 τὸν
3327 2995 3551 3064 ἐπίκλην
3571 2995 3704 3046 Ζτικ-

476 3083 846 3142 Theodosium
876 3089 1192 3158 quemdam,
1217 3090 1545 3160 cognomine
1568 3089 1838 3154 Zticcam,
1865 3091 2044 3145 virum

2154 3083 2273 3150 κὰν,
2301 3084 2450 3148 ὅστις
2475 3085 2534 3136 ἐν
2565 3083 2732 3153 πολλῇ
2761 3085 2993 3156 εὐπορίᾳ
3017 3086 3272 3156 ὑπῆρχε,
3305 3087 3400 3139 καὶ
3423 3088 3483 3155 τῇ
3509 3084 3619 3154 ἀξίᾳ
3642 3082 3702 3136 ὢν

475 3175 972 3246 locupletissimum
1015 3189 1070 3235 et
1097 3180 1360 3250 dignitate
1407 3182 1698 3246 illustrem,
1738 3197 1768 3235 a
1804 3198 1864 3237 se
1891 3197 2046 3236 com-

473 3268 834 3337 prehensum,
866 3284 974 3322 non
1005 3278 1327 3338 exspectato
1373 3271 1727 3339 imperatoris
1765 3271 2045 3334 mandato,

473 3358 594 3427 ipse
623 3358 958 3413 auctoritate
987 3360 1210 3428 pr0pria
1241 3359 1416 3414 fretus
1441 3399 1456 3424 ,
1493 3361 1611 3414 neci
1644 3359 1908 3426 dedisset,
1943 3361 2048 3414 hoc

475 3447 532 3501 in
561 3461 627 3502 eo
656 3462 762 3501 non
799 3447 981 3502 ferens
1011 3447 1337 3516 imperator,
1374 3448 1704 3517 magistratu
1731 3462 1858 3502 eum
1889 3447 2044 3501 abdi-

472 3538 640 3602 cavit,
676 3546 731 3593 et
777 3539 1087 3594 honoribus
1122 3548 1374 3605 exutum,
1407 3539 1463 3593 in
1505 3537 1788 3594 Orientem
1822 3538 2044 3606 ablega-

474 3630 571 3683 vit.
605 3629 728 3696 Quo
759 3645 883 3685 cum
937 3630 1279 3694 advenisset,
1315 3631 1382 3687 de
1409 3617 1592 3688 salute
1651 3645 1752 3686 sua
1809 3633 2043 3688 necdum

473 3723 609 3777 satis
638 3737 891 3786 securus,
931 3723 1116 3793 fugam
1165 3722 1292 3778 inde
1321 3725 1586 3793 capessit,
1623 3723 1930 3778 indictione
1961 3738 2041 3786 nt,

470 3822 526 3868 et
563 3812 996 3884 Hierosolymam
1031 3813 1282 3879 veniens,
1325 3813 1400 3868 ibi
1457 3812 1700 3869 delituit.
1736 3812 1798 3867 In
1857 3813 2042 3868 locum

472 3918 603 3959 vero
637 3904 818 3970 istius,
855 3901 1182 3960 Theodorus
1213 3904 1504 3968 exconsul,
1533 3911 1903 3976 cognomento
1936 3903 2044 3958 Te-

470 3994 735 4066 ganistes,
777 3995 902 4051 urbi
950 3996 1246 4065 praefectus
1297 3995 1637 4052 constitutus
1684 4004 1790 4051 est.
1843 3994 2042 4050 Antio-

469 4081 610 4136 chia:
661 4097 793 4138 vero
823 4081 1118 4153 praefectus
1150 4090 1234 4138 est
1281 4083 1645 4152 Ephrzemius,
1679 4082 1980 4139 Amidenus
2021 4101 2037 4139 :

469 4171 563 4241 qui
594 4168 926 4226 Venetarum
951 4171 1188 4241 partium
1223 4171 1554 4224 tumultibus
1584 4169 1801 4224 obviam
1832 4172 2034 4238 eundo,

469 4270 645 4325 usque
682 4255 819 4311 adeo
843 4259 1088 4312 coercuit
1127 4272 1244 4323 eos,
1277 4266 1335 4311 ut
1363 4257 1777 4327 acquiescentes
1813 4259 2034 4314 demum
2072 4301 2118 4356 Β

467 4346 631 4419 417
666 4346 853 4402 Veneti
885 4348 1355 4403 commotionibus
1385 4348 1612 4404 omnino
1670 4348 2036 4408 abstinerent.

471 4438 579 4495 Sed
618 4446 673 4496 et
697 4450 810 4494 tum
840 4455 1063 4510 quoque
1105 4442 1419 4512 spectacula
1452 4440 1727 4511 prohibita
1783 4440 2041 4511 fuerunt;

471 4537 529 4584 et
558 4530 856 4585 saltatores
881 4546 944 4584 ex
982 4529 1207 4585 Oriente
1251 4539 1388 4596 toto,
1427 4537 1657 4600 excepta
1706 4529 2044 4589 Alexandria

471 4636 668 4694 magna
703 4624 757 4677 in
789 4623 1048 4696 Egypto,
1077 4623 1236 4694 eiecti
1271 4634 1421 4680 sunt.

545 4714 691 4769 Idem
726 4717 1030 4784 imperator
1061 4718 1222 4772 etiam
1257 4718 1558 4773 certamina
1599 4719 1881 4791 Olympica
1911 4735 2040 4790 pro-

467 4804 648 4859 bibuit
697 4821 765 4861 ne
804 4808 1066 4879 deinceps
1119 4812 1447 4879 Antiochiae,
1484 4812 1552 4867 ab
1585 4813 1887 4869 indictione
1917 4829 2031 4879 xlv,

2151 3175 2506 3247 ίλλοὺστριος,
2539 3175 2632 3251 καὶ
2661 3176 2847 3228 τοῦτον
2875 3176 3234 3249 αὐθεντήσας
3301 3178 3496 3240 ἀνεῖλε,
3533 3175 3599 3246 μη
3626 3175 3700 3227 ἁν-

2145 3266 2370 3336 αγαγὼν
2401 3265 2478 3336 τῷ
2499 3264 2729 3336 βασιλεῖ.
2756 3266 2868 3318 Καὶ
2890 3266 3310 3338 ἀγανακτηθεὶς
3336 3265 3441 3319 ὑπὸ
3452 3263 3540 3318 τοῦ
3569 3264 3696 3333 βασι-

2143 3361 2282 3421 λέως
2324 3360 2537 3429 ἐπαύθη
2567 3358 2668 3427 τῆς
2702 3359 2880 3428 ἀρχῆς
2917 3360 3013 3412 καὶ
3065 3359 3373 3430 ἀπεζώσθη
3411 3361 3504 3428 τῆς
3537 3355 3691 3420 ἀξίας,

2144 3451 2453 3514 κελευσθεὶς
2482 3449 2718 3515 ἐξελθεῖν
2742 3451 2835 3504 ἐπὶ
2856 3450 2956 3522 τὴν
2982 3450 3441 3522 ’Λνατολήν(9ὅ).
3459 3449 3556 3501 Καὶ
3580 3444 3694 3516 μετά

2144 3543 2208 3596 τὸ
2237 3539 2564 3596 καταλαϐεῖν
2607 3541 2768 3594 αὑτὸν
2808 3539 2908 3610 τὴν
2933 3541 3236 3610 Ἀνατολὴν
3271 3540 3438 3609 ἔφυγε
3471 3534 3690 3606 φοθηθεὶς

2147 3638 2206 3689 ἐν
2233 3637 2299 3704 τῇ
2325 3635 2485 3706 τρίτῃ
2509 3633 2819 3696 ίνδικτιῶνι,
2852 3633 3198 3704 προσφυγὼν
3219 3636 3277 3686 ἐν
3315 3627 3687 3702 Ἱεροσολύμοις.

2145 3727 2241 3780 καὶ
2270 3724 2556 3796 ἁπεκρύση
2583 3727 2698 3778 ἐκεῖ
2715 3742 2730 3757 ο
2758 3726 2852 3779 καὶ
2871 3726 2985 3779 ἀντ’
3010 3727 3185 3780 αὐτοῦ
3209 3723 3456 3796 προήχθη
3479 3721 3685 3788 ἔπαρχος

2145 3817 2353 3882 πόλεως
2381 3816 2657 3887 Θεόδωρος
2697 3817 2726 3869 6
2762 3817 2872 3871 ἀπὸ
2914 3818 3164 3884 ὑπάτων,
3211 3820 3242 3871 6
3290 3814 3510 3884 ἐπίκλην
3531 3811 3684 3878 Trifa-

2145 3911 2352 3980 νιστής.
2379 3908 2636 3979 Προήχθη
2661 3909 2718 3962 δὲ
2751 3909 2809 3961 ἐν
2825 3908 3132 3981 Ἀντιοχείᾳ
3167 3908 3485 3978 Ἐφραΐμιος
3510 3903 3535 3955 6
3553 3900 3676 3966 Ἀμι-

2147 4002 2337 4072 δηνός’
2369 4001 2520 4064 ὅστις
2568 3999 2874 4068 ἠγωνίσατο
2900 3999 3042 4054 κατὰ
3075 4001 3189 4054 τῶν
3232 3990 3679 4084 δημοκρατοῦντων

2147 4094 2386 4146 Βενέτων
2411 4108 2425 4122 ·
2474 4091 2569 4144 καὶ
2612 4091 2796 4144 λοιπὸν
2844 4090 3120 4161 ἡσύχασεν
3165 4091 3199 4160 η
3239 4080 3561 4159 δημοκρατία
3596 4080 3672 4129 τοῦ

2145 4186 2372 4240 Βενέτου
2404 4183 2602 4254 μέρους
2633 4183 2680 4254 [l
2692 4181 2782 4254 40]
2809 4181 2902 4235 τοῦ
2935 4185 3110 4235 ποιεῖν
3131 4184 3190 4235 ἐν
3219 4182 3342 4243 ταῖς
3369 4176 3544 4230 πόλεσι
3561 4187 3574 4202 ο
3597 4164 3676 4220 καὶ

2145 4277 2465 4348 ἐπήρθησαν
2497 4275 2566 4327 τὰ
2607 4272 2829 4344 θεώρια,
2873 4274 2968 4326 καὶ
3002 4275 3053 4325 οί
3097 4271 3371 4344 ὀρχησταὶ
3410 4266 3464 4357 ⁸⁸-
3489 4267 3547 4316 ἐκ
3591 4258 3672 4357 τῇς

2141 4366 2458 4437 Ἀνατολῆς,
2484 4367 2578 4418 καὶ
2608 4366 2807 4427 πάντες
2831 4363 3227 4434 ἐξωρίσθησαν,
3253 4360 3375 4431 δίχα
3405 4355 3570 4428 μέντοι
3589 4355 3670 4415 τῆς

2143 4461 2391 4532 μεγάλης
2419 4457 2824 4527 Ἀλεξανδρείας
2847 4455 2946 4526 τῆς
2982 4457 3120 4528 πρὸς
3150 4456 3438 4524 Αἴγυπτον.

2230 4724 2288 4777 '0
2333 4724 2389 4776 δὲ
2435 4723 2596 4785 αὐτὸς
2644 4720 2897 4791 βασιλεὺς
2945 4721 3185 4775 ἐκώλυσε
3233 4718 3320 4772 τὸν
3363 4710 3534 4779 ἀγῶνα
3574 4697 3661 4791 τῷν

2144 4814 2458 4886 Ὀλυμπίων
2510 4787 2655 4883 πρὸς.
2695 4811 2758 4865 τὸ
2799 4812 2873 4884 μὴ
2912 4803 3272 4876 ἐπιτελεῖσθαι
3309 4809 3366 4859 ἐν
3401 4787 3659 4861 ’Δντιοχείίι

1748 4944 1982 5002 VARIzE
2022 4947 2431 5010 LECTIONES.

541 5032 586 5064 “
607 5031 902 5103 γενομένου
935 5033 1222 5088 delendum
1260 5035 1497 5092 videtur.
1573 5039 1620 5071 “
1647 5040 1915 5110 ὑπάρχου.
1947 5042 2187 5114 ἐπάρχου
2215 5043 2318 5099 Ch.
2392 5041 2440 5075 "
2470 5044 2748 5114 κομήτων.
2776 5045 3033 5118 κομητῶν
3059 5045 3160 5102 Ox.
3235 5043 3279 5074 ’⁸
3309 5027 3535 5108 όρχισταὶ
3567 5023 3646 5078 οπο

1659 5157 1770 5212 ΕΙ).
1809 5159 2186 5216 ClllLMEADl
2245 5159 2478 5216 NOTAE.

539 5241 652 5311 (95)
684 5243 950 5322 -ᾼηλώσας
1009 5245 1430 5322 διὰ-Λ-αϐροῖουᾲ
1483 5254 1846 5322 πρεσϐευτοῦ.
1904 5257 2037 5312 Chr.

539 5270 652 5311 tam)
693 5270 950 5314 ιιηΛωσας
1009 5270 1096 5300 Ott:
1151 5270 1422 5322 Λαυροιου
1483 5270 1524 5302 π
1564 5270 1846 5312 εσοευτου.
1904 5270 2037 5312 Ulll'.

468 5311 619 5391 ﬂleit.
682 5313 1050 5391 Raderianum
1114 5317 1299 5391 habet,
1359 5320 1446 5391 διὰ
1505 5270 1697 5391 ῐῗρίου·
1756 5327 1901 5380 Scal.
1953 5327 2041 5380 διὰ

470 5381 660 5450 Βροίου
691 5385 839 5466 ἰιιῂὶ
903 5387 1064 5440 etiam
1101 5381 1472 5461 πρεσϐυτέρου
1524 5381 1784 5464 corrupte
1820 5398 2038 5466 legitur,

469 5466 586 5520 pro
601 5469 702 5520 πρε
713 5453 929 5508 σϐύτου.
1039 5481 1044 5484 ·

542 5519 657 5591 (94)
711 5522 965 5578 Θεοδότου
1010 5525 1258 5598 ὑπάρχου
1307 5529 1536 5588 πόλεως.
1592 5531 1803 5590 Mallem
1868 5535 2044 5605 ἐπάρ-

2173 5276 2233 5311 ου
2261 5274 2273 5286 ·
2313 5258 2390 5330 De
2420 5257 2703 5314 Theodoto
2732 5275 2863 5316 vero
2903 5262 3026 5327 hoc,
3068 5264 3219 5318 urhis
3255 5255 3516 5330 praefecto.
3540 5240 3642 5297 νῖάε

2173 5277 2233 5311 ου
2261 5277 2273 5286 ·
2315 5277 2390 5313 ue
2423 5277 2703 5314 incenato
2732 5277 2863 5316 vero
2905 5277 3026 5327 hoc,
3068 5277 3219 5318 urnis

2136 5277 2493 5401 ﬁrocopium,
2525 5330 2734 5401 Arcan.
2759 5330 2966 5401 llistor.
3000 5347 3122 5401 pag.
3159 5332 3244 5387 45.

2212 5383 2334 5474 (θόί
2355 5383 2682 5474 Κελευ-σθεὶς
2725 5383 2964 5474 agerest};
2990 5383 3503 5474 έπῗτὴνἋνατοΞήγο
3529 5383 3638 5474 2;

2141 5451 2335 5546 copius
2358 5482 2483 5522 eum
2522 5451 2954 5539 Hierosolymam
2994 5451 3282 5544 relegatum
3313 5451 3504 5522 scribit.
3545 5451 3640 5504 '°°°

2140 5545 2328 5589 citato.
3227 5565 3237 5578 κ

1808 5627 1997 5682 llUDll
2037 5625 2269 5682 NOTAE.

539 5703 616 5775 (It)
642 5705 926 5776 Λασροίου.
954 5710 1014 5764 C.
1039 5710 1251 5782 Βροίου.
