3906 6318
58 4682 69 4771 i

232 214 376 283 621

264 517 517 571 σθέντων
550 512 818 586 ζήσαντες
863 513 1003 585 μετά
1027 514 1089 569 τὸ
1114 514 1469 587 ἀνενεχθῆναι
1501 517 1697 580 αὐτοὺς
1727 514 1864 582 ζῶν-

267 626 385 673 τες
410 605 693 662 ἀπέθανον.
726 606 886 669 τινὲς
915 605 974 660 δὲ
998 609 1063 659 ἐκ
1093 606 1204 660 τῶν
1232 608 1465 662 πολιτῶν
1499 608 1608 663 τῶν
1660 608 1864 663 σωθένο

278 715 423 761 των.
450 695 499 749 εί
523 712 576 748 τι
604 693 979 766 ἠδυνήθησαν,
1021 695 1316 765 ἀφείλαντο
1343 699 1440 750 καὶ
1474 696 1705 767 ἔφευγον
1723 714 1739 728 υ
1769 699 1865 752 καὶ

294 792 553 860 ύπήντουν
587 787 632 817 ³⁷
660 787 849 852 αὐτοῖς
891 787 1132 859 γεωργοὶ
1163 787 1263 858 (8),
1296 787 1395 842 καὶ
1429 788 1694 843 ἀπέσπων
1732 788 1866 857 παρ’

300 881 474 938 αὑτῶν
495 876 809 949 φονεύοντες
829 879 1050 943 αὐτούς.
1086 876 1337 950 Ὲδείχθη
1360 877 1418 932 δὲ
1437 879 1532 932 καὶ
1556 880 1614 932 ἐν
1632 876 1806 948 τούτῳ
1831 878 1866 949 ἠ

302 971 407 1026 τοῦ
446 966 557 1022 θεοῦ
604 966 1027 1038 φιλανθρωπία·
1059 967 1177 1022 ὅσοι
1222 967 1333 1039 γὰρ
1369 967 1636 1021 ἀπέσπων
1665 968 1731 1033 ³³,
1756 969 1870 1023 ἀπ-

302 1063 543 1131 έθνησκον
574 1058 790 1130 βιαίως,
820 1060 871 1112 oi
904 1060 1006 1130 μὲν
1031 1058 1350 1130 σηπόμενοι,
1386 1060 1436 1113 oi
1472 1059 1531 1114 δὲ
1557 1058 1868 1132 τυφλούμε-

296 1171 409 1215 vos,
425 1155 466 1205 οί
477 1150 911 1222 δὲχειρουργίαις
923 1150 1274 1222 κοπτόμενοι,
1290 1151 1386 1204 καὶ
1395 1149 1785 1233 ὁμολογοῦντες
1799 1149 1870 1205 τά

297 1244 733 1315 πλημμελήματα
758 1242 972 1298 ἑαυτῶν
1001 1241 1323 1314 παρεδίδουν
1344 1241 1446 1305 τὰς
1462 1240 1666 1313 ψυχας.
1682 1242 1771 1296 Ἐν
1786 1236 1870 1305 οἷς

292 1334 374 1409 ἦν
403 1338 455 1390 ἐν
479 1335 622 1407 αὐτῷ
634 1334 714 1407 τῷ
730 1333 911 1407 καιρῷ
937 1335 1163 1406 ἁρπαγῇ
1184 1335 1534 1407 χρησάμενος
1560 1333 1766 1406 Θωμᾶς
1785 1351 1872 1399 τις

291 1428 660 1499 σιλιντιάριος,
686 1427 840 1491 ὅστις
865 1425 1059 1497 ἐξῆλθε
1087 1424 1306 1498 φεύγων
1335 1426 1401 1479 ἐκ
1419 1426 1520 1496 τῆς
1552 1424 1869 1496 θεομηνίας,

290 1520 402 1574 καὶ
418 1519 515 1584 ἔξω
545 1519 642 1589 τῆς
677 1518 886 1582 πόλεως
914 1518 993 1581 ὡς
1035 1517 1144 1572 ἀπὸ
1194 1517 1391 1589 μιλίων
1440 1516 1614 1588 τριῶν
1646 1516 1742 1571 επὶ
1771 1507 1871 1589 τὴν

294 1612 501 1684 scripta»:
530 1610 627 1681 τὴν
651 1610 954 1682 λεγομένην
981 1608 1077 1664 τοῦ
1116 1608 1276 1679 ἁγίου
1313 1608 1603 1664 Ἰουλιανοῦ
1618 1607 1770 1682 [145]
1792 1609 1871 1663 of.

1319 218 1998 280 CHRONUGRAPHIA.
2029 246 2099 254 --
2126 220 2198 279 Ll
2213 221 2276 282 Β.
2311 221 2498 283 XVII.
3440 228 3547 292 622

252 348 385 390 σαν
406 345 423 359 ’
455 329 543 383 ἐπὶ
563 328 620 383 δὲ
645 329 747 400 τῆς
773 329 949 400 αὐτῆς
978 328 1267 402 θεομηνίας
1299 329 1511 403 ἐδείχθη
1558 332 1651 387 καὶ
1672 332 1732 388 τὸ
1752 333 1862 387 τῶν

1977 333 2195 400 tionem,
2247 332 2561 405 frequentia
2616 334 2822 391 ibidem
2875 344 2997 392 erat
3051 336 3390 395 advenarum
3428 357 3545 396 ma-
3652 312 3659 318 ’

258 423 517 480 πολιτῶν
543 421 749 493 πλῆθος
776 420 980 477 ὁπόσον
1005 422 1241 495 ὑπῆρχε.
1290 422 1486 479 Πολλοὶ
1533 424 1592 478 δὲ
1618 425 1726 479 τῶν
1753 444 1862 496 χω-

1964 424 2134 480 xima.
2170 424 2248 480 Ex
2281 425 2385 481 hac
2433 435 2620 483 autem
2665 425 2922 483 Numinis
2952 427 3037 483 ira
3066 429 3351 501 conjicere
3387 432 3542 497 licet,

1964 529 2129 586 quam
2157 532 2495 575 numerosus
2525 525 2650 576 erat
2703 519 2948 590 populus
2984 520 3401 580 Antiochensis.
3437 521 3544 579 Sed

1965 617 2020 662 et
2037 611 2350 680 complures
2368 609 2556 677 etiam,
2585 610 2681 682 qui
2710 610 3007 668 ruderibus
3034 611 3245 681 obruti,
3271 614 3381 670 vivi
3410 613 3548 670 επο-

1965 699 2282 767 diebantur,
2313 701 2619 773 derepente
2649 702 2908 773 spiritum
2962 701 3242 760 efﬂabant.
3291 705 3434 772 Quin
3491 714 3547 763 et

1968 787 2175 844 civium
2207 804 2430 862 quoque
2448 791 2543 862 qui
2589 792 2917 863 eripuerant
2952 808 3099 858 sese,
3138 795 3413 861 nonnulli,
3448 796 3548 852 bo-

1969 897 2168 938 norum
2198 899 2452 949 suorum.
2476 886 2521 942 si
2547 885 2680 954 quid
2705 893 2983 957 poterant,
3005 886 3391 956 corradentes,
3418 886 3547 958 fuga

1966 973 2134 1030 rebus
2166 975 2288 1031 suis
2314 976 2725 1033 consuluerunt
2756 991 2770 1027 :
2810 975 2906 1033 sed
2939 990 2969 1030 a
3002 978 3253 1041 rusticis,
3306 977 3365 1032 in
3404 992 3546 1048 quos

1969 1078 2069 1133 per
2103 1063 2246 1119 viam
2307 1065 2657 1130 inciderant,
2705 1066 2936 1136 expilati
2986 1066 3168 1133 bonis,
3210 1068 3376 1124 etiam
3430 1068 3546 1124 vita

1969 1154 2375 1223 spoliabantur.
2409 1156 2680 1212 Caeterum
2710 1155 2836 1213 inde
2866 1157 2960 1214 Dei
2994 1174 3124 1231 erga
3157 1158 3411 1216 homines
3443 1159 3550 1214 mi-

1969 1241 2278 1297 sericordia
2332 1244 2610 1314 apparuit.
2672 1242 2877 1300 Eorum
2929 1247 3103 1313 enim,
3169 1248 3263 1319 qui
3326 1250 3550 1319 rapinas

1972 1328 2140 1384 hasce
2168 1338 2553 1395 exercuerant,
2587 1332 2843 1388 nonnulli
2876 1333 2931 1388 in
2976 1334 3328 1404 putredinem
3355 1335 3547 1399 soluti,

1971 1423 2228 1476 occaecati
2260 1423 2382 1487 alii,
2438 1423 2543 1479 sub
2587 1424 2979 1496 chirurgorum
3014 1426 3383 1484 incisionibus
3431 1427 3552 1492 alii,

1971 1514 2269 1571 infeliciter
2294 1530 2512 1581 omnes,
2545 1516 2915 1601 interierunt;
2955 1528 3012 1575 ct
3050 1518 3294 1575 facinora
3325 1534 3428 1576 sua
3454 1519 3555 1576 de-

1974 1617 2293 1674 precantes,
2314 1607 2678 1665 reddiderunt
2694 1611 2933 1669 animas.
2952 1610 3032 1667 Ex
3056 1626 3292 1683 quorum
3323 1626 3557 1668 numero

298 1721 394 1758 κει
417 1703 477 1768 ⁸⁸,
506 1703 598 1758 καὶ
626 1703 850 1756 ἀπέσπα
876 1701 1055 1756 πάντα
1079 1703 1145 1755 ἐκ
1178 1700 1290 1755 τῶν
1313 1702 1624 1771 φευγόντων
1650 1700 1740 1756 διά
1764 1700 1874 1755 τῶν

1977 1695 2164 1751 eodem
2196 1706 2443 1768 tempore
2472 1707 2597 1754 erat
2628 1697 2874 1757 Thomas
2899 1701 3149 1773 quidam,
3177 1700 3553 1757 silentiarius.

302 1791 518 1846 οἰκετῶν
540 1789 727 1846 αὐτοῦ.
750 1791 924 1845 Τοῦτο
962 1791 1019 1845 δὲ
1043 1788 1375 1862 διεπράξατο
1406 1791 1503 1844 ἐπὶ
1531 1791 1745 1863 ἡμέρας
1760 1791 1875 1845 τέσ-

308 1898 473 1954 σαρας
488 1901 502 1913 ·
532 1882 623 1934 καὶ
641 1880 717 1946 ὡς
742 1880 1066 1953 λυμαίνεται
1091 1882 1267 1935 πάντα
1287 1922 1302 1947 ,
1332 1878 1596 1952 ἐξαίφνης
1621 1880 1781 1950 ὑγιὴς
1799 1877 1876 1932 ὢν

310 1974 609 2044 ἐτελεύτησε
628 1989 643 2003 ο
705 1973 802 2032 καὶ
856 1970 1060 2036 πάντες
1106 1972 1359 2040 ἐδόξαζον
1400 1972 1493 2027 τὸν
1522 1972 1678 2027 Θεόν.
1722 1971 1787 2025 Ἦ
1819 1972 1876 2026 δὲ

316 2064 470 2118 αὐτοῦ
494 2063 774 2135 περιουσία
794 2064 1110 2135 ἁρπαγεῖσα
1134 2063 1386 2117 ἀπώλετο
1411 2077 1425 2091 ·
1457 2063 1552 2119 καὶ
1573 2066 1630 2116 ὲν
1659 2056 1704 2131 ᾧ
1726 2062 1878 2132 τόπῳ

320 2154 641 2224 ιτελεύτησεν
662 2192 679 2218 ,
705 2154 826 2208 ἐκεῖ
858 2156 955 2209 καὶ
987 2155 1186 2226 ἐτάφη.
1213 2154 1459 2226 Ἐδείχθη
1491 2154 1603 2225 γὰρ
1633 2154 1727 2208 καὶ
1742 2153 1878 2208 ἄλλα

321 2248 436 2302 τινὰ
455 2246 713 2319 μυστήρια
751 2245 846 2299 τοῦ
897 2245 1284 2318 φιλανθρώπου
1334 2245 1508 2299 Θεοῦ’
1547 2244 1735 2316 ἔγκυοι
1769 2244 1880 2316 γὰρ

327 2338 553 2405 γυναῖκες
576 2334 644 2389 δι’
669 2336 877 2390 είκοσιν
899 2336 944 2368 δ’
967 2334 1191 2408 ἡμερῶν
1218 2336 1252 2408 ἢ
1276 2336 1373 2389 καὶ
1396 2335 1691 2408 τριάκοντα
1723 2334 1883 2405 ἀνῆλ-

333 2429 413 2484 θον
431 2430 487 2482 ἔτι
501 2428 603 2482 τῶν
627 2427 951 2499 χωσθέντων
984 2429 1161 2497 ὑγιεῖς
1180 2446 1195 2458 ·
1228 2427 1427 2481 πολλοιὶ¹
1457 2428 1514 2481 δὲ
1542 2429 1880 2497 γεννήσασαι

341 2521 613 2592 είςτὴνγῆν
628 2521 781 2575 κάτω
809 2520 918 2575 ὑπὸ
940 2519 1012 2574 τά
1038 2518 1268 2591 χώματα
1288 2519 1521 2591 ἀνῆλθον
1548 2520 1647 2575 σὺν
1666 2520 1882 2590 νηπίοις

340 2614 548 2678 “latri;
575 2615 670 2669 καὶ
703 2612 908 2685 ἔζησαν
965 2613 1108 2685 μετά
1130 2613 1239 2667 τῶν
1266 2612 1568 2683 τεχθέντων
1600 2609 1661 2677 ἐξ
1678 2611 1880 2668 αὐτῶν.

334 2704 560 2760 hunc
581 2704 639 2759 δὲ
662 2704 854 2758 παιδία
885 2703 1150 2768 ὡσαύτως
1195 2701 1537 2772 διεσώθησαν
1589 2701 1711 2773 μεθ’
1743 2700 1882 2773 ἡμέ-

329 2812 420 2867 ρας
443 2796 512 2850 λ”
542 2797 635 2850 καὶ
683 2795 861 2850 πολλὰ
908 2794 1262 2867 φοσερώτερα
1293 2794 1500 2848 τούτων
1529 2792 1769 2862 εγενετο.
1801 2794 1881 2866 Τῇ

322 2887 378 2943 ἃ
402 2889 542 2961 τρίτῃ
569 2887 757 2961 ἡμέρᾳ
786 2888 925 2960 μετά
953 2888 1053 2956 τὴν
1107 2886 1315 2940 πτῶσιν
1368 2887 1543 2956 ἐφάνη
1593 2886 1651 2938 ὲν
1684 2885 1761 2955 τῷ
1794 2887 1885 2938 οὑσ-

1977 1782 2079 1840 Hic
2110 1801 2141 1839 a
2168 1784 2429 1844 Numinis
2478 1789 2559 1844 ira
2599 1805 2805 1849 cavens
2830 1791 2964 1857 sibi,
3018 1791 3346 1863 aufugerat;
3392 1798 3450 1846 et
3487 1788 3557 1844 ad

1975 1878 2226 1942 tertium,
2265 1881 2347 1935 vel
2398 1897 2467 1937 eo
2496 1883 2744 1950 circiter,
2777 1885 2849 1938 ab
2904 1886 3043 1942 urbe
3091 1885 3351 1954 lapidem,
3395 1884 3559 1953 juxta

1979 1971 2157 2026 sancti
2187 1970 2394 2027 Juliani
2416 1990 2583 2044 quam
2611 1984 2810 2031 vocant
2838 1984 3053 2047 portam
3077 1974 3305 2031 sedibus
3333 1974 3557 2044 positis,

1981 2080 2079 2135 per
2101 2065 2389 2122 ministros
2421 2066 2495 2122 ibi
2536 2082 2695 2131 suos,
2732 2068 2874 2124 bene
2908 2084 3100 2123 eorum
3133 2066 3225 2137 qui
3263 2072 3560 2121 evaserant

1977 2155 2137 2229 42],
2173 2160 2357 2214 omnia
2410 2158 2668 2229 diripuit.
2727 2157 2835 2214 Ubi
2899 2174 3033 2214 vero
3093 2172 3192 2228 per
3235 2155 3358 2210 dies
3413 2168 3559 2225 qua-

1982 2259 2109 2304 tuor
2143 2252 2367 2323 rapinas
2388 2251 2552 2307 hascc
2575 2251 2943 2316 esercuisset,
2992 2249 3177 2305 omnia
3208 2248 3560 2319 deprredans,

1981 2349 2161 2397 morte
2190 2338 2350 2408 obiit,
2382 2341 2538 2397 nullo
2574 2341 2743 2398 etiam
2777 2340 3183 2397 interveniente
3217 2338 3436 2399 morbo.
3471 2351 3564 2392 re-

1983 2433 2227 2502 pentina.
2284 2430 2430 2490 Laus
2463 2433 2590 2489 inde
2638 2432 2751 2489 Deo
2783 2432 2854 2488 ab
2896 2432 3160 2488 omnibus
3195 2430 3406 2485 tributa
3454 2439 3559 2484 est.

1983 2521 2217 2594 Quoque
2250 2522 2304 2579 in
2351 2525 2475 2579 loco
2529 2533 2808 2585 mortuus,
2848 2521 3047 2579 eodem
3070 2530 3126 2577 et
3156 2522 3405 2592 sepultus
3435 2526 3561 2584 cst;

1984 2613 2217 2680 direptis
2248 2614 2441 2679 etiam,
2469 2628 2594 2684 qua:
2636 2621 2974 2677 corraserat,
3027 2611 3192 2667 bonis
3224 2610 3345 2681 ejus
3377 2609 3561 2664 omni-

1986 2703 2112 2757 bus.
2138 2699 2246 2757 Sed
2271 2710 2326 2756 et
2347 2700 2585 2757 verenda
2609 2702 2788 2773 magis
2835 2702 3019 2757 adhuc
3053 2701 3254 2755 divina:
3283 2713 3416 2770 erga
3456 2697 3563 2752 bo-

1986 2791 2163 2846 mines
2203 2790 2600 2847 misericordiae
2642 2793 2978 2846 exstiterunt
3004 2789 3249 2855 indicia;
3299 2789 3562 2844 mulieres

1983 2880 2600 2952 etenimpraegnantes,
2650 2899 2718 2937 xx
2754 2892 2900 2954 post,
2947 2883 3033 2938 vel
3064 2884 3232 2938 etiam
3266 2897 3377 2936 xxx
3421 2881 3562 2946 dies,

327 2979 456 3050 ρανῷ
483 2983 510 3034 ό
531 2981 713 3052 τίμιος
742 2978 980 3051 σταυρὸς
1006 2978 1099 3034 διὰ
1117 2979 1349 3049 νεφέλης
1373 2977 1514 3032 κατά
1543 2976 1603 3030 τὸ
1632 2976 1876 3049 ἀρκτῷον

1988 2968 2172 3030 ἱῐιωεεε
2196 2989 2262 3029 ex
2293 2962 2589 3029 ruderibus
2629 2974 3034 3031 eﬂ‘odiebantur
3066 2991 3082 3029 :
3121 2990 3352 3045 quarum
3386 2973 3564 3044 pluri-

646 3069 819 3140 αὐτῆς
866 3046 1111 3133 πόλεως·
1147 3046 1243 3122 καὶ
1290 3046 1494 3133 πάντες
1548 3046 1876 3139 θεασεμενοι

1983 3084 2083 3122 mae
2106 3082 2346 3138 quoque,
2389 3068 2587 3123 solutis
2633 3069 3019 3124 corruentiutn‘
3048 3067 3406 3123 aedificiorum
3455 3065 3562 3122 sub

324 3163 466 3216 αὐτὸν
514 3163 739 3233 ἔμειναν
795 3162 1076 3226 κλαίοντες
1136 3161 1233 3216 καὶ
1265 3161 1551 3232 εὐχόμενοι
1606 3161 1702 3215 ἐπὶ
1749 3162 1878 3231 μίαν

322 3252 471 3324 ὥραν.
512 3253 790 3323 Ἐγένοντο
813 3252 871 3307 δὲ
899 3254 1039 3326 μετά
1056 3253 1153 3324 τὴν
1185 3253 1390 3307 πτῶσιν
1417 3255 1516 3325 τῆς
1555 3254 1764 3320 πόλεως
1785 3256 1880 3310 καὶ

325 3344 455 3400 ἄλλοι
482 3346 693 3416 σεισμοὶ
718 3346 904 3400 πολλοὶ
939 3346 1013 3410 ῶς
1038 3347 1134 3400 ὲπὶ
1159 3347 1351 3420 χρόνον
1375 3345 1619 3400 ἐνιαυτοῦ
1642 3347 1737 3400 καὶ
1770 3365 1881 3422 μη-

325 3436 414 3489 νῶν
436 3435 509 3503 ἒξ.
540 3437 867 3501 Σελευκείας
897 3437 955 3490 δὲ
987 3435 1082 3491 καὶ
1114 3438 1330 3509 Δάφνης
1361 3437 1440 3498 ὡς
1468 3439 1561 3491 ἐπὶ
1621 3438 1775 3509 μίλια
1801 3437 1884 3490 εί-

326 3545 429 3582 κοσι
454 3528 654 3592 πτῶσις
676 3527 892 3597 ἐγένετο
908 3545 920 3558 ·
958 3527 1128 3581 πολλά
1147 3527 1204 3582 δὲ
1226 3529 1486 3600 χρήματα
1508 3529 1751 3600 παρέσχε
1766 3530 1886 3592 ταῖς

324 3617 600 3682 παθούσαις
629 3618 853 3671 πόλεσιν
872 3619 903 3672 ὁ
929 3617 1092 3682 αὐτὸς
1137 3617 1412 3688 βασιλεύς.
1484 3617 1751 3684 ’Δκούσας
1773 3619 1885 3689 γὰρ

321 3708 410 3778 τὴν
451 3708 751 3779 γενομένην
789 3709 896 3761 ὑπὸ
923 3707 1077 3782 [146]
1110 3709 1207 3763 τοῦ
1262 3709 1399 3764 Θεοῦ
1453 3709 1885 3780 φιλανθρωπίαν,

319 3796 447 3869 λύπῃ
478 3798 765 3869 συσχεθεὶς
797 3798 857 3851 ού
887 3799 1096 3870 μικρᾷ,
1137 3797 1382 3871 θεωριῶν
1410 3798 1487 3871 μὴ
1515 3798 1801 3869 ἀγομένων
1832 3799 1889 3852 ὲν

318 3887 604 3959 Βυζαντίῳ,
655 3891 753 3943 καὶ
809 3890 973 3957 ἁγίας
1030 3889 1413 3960 Πεντηκοστῆς
1455 3888 1888 3961 καταλαϐούσης,

315 3979 425 4051 δίχα
449 3980 786 4052 διαδήματος
811 3979 1058 4050 εἰσῆλθεν
1096 3981 1155 4033 ἑν
1182 3982 1250 4051 τῇ
1283 3979 1551 4051 ἐκκλησίᾳ
1583 3979 1721 4050 μετά
1747 3996 1889 4050 πορ-

316 4070 477 4144 φυροῦ
527 4071 755 4144 μαντίου
781 4071 1007 4133 κλαίων,
1045 4071 1144 4126 σὺν
1179 4070 1329 4141 αύτῷ
1356 4071 1414 4124 δὲ
1459 4072 1552 4125 καὶ
1587 4072 1787 4134 πάντες
1835 4072 1888 4123 οἱ

318 4163 664 4235 συγκλητικοὶ
691 4163 786 4217 καὶ
809 4165 1071 4235 πορφυρᾶ
1094 4164 1324 4233 ἐφόρουν
1349 4162 1448 4233 (9).

331 4255 558 4328 lapidem
640 4257 946 4322 distabant,
1009 4255 1238 4312 aedilicia

1978 3160 2158 3216 ruinis
2173 3160 2457 3230 puerperii
2483 3160 2791 3222 doloribus,
2819 3175 2935 3216 una
2967 3175 3090 3215 cum
3117 3159 3425 3214 infantibus
3449 3158 3567 3215 suis

1980 3252 2165 3307 illaesa:
2215 3259 2583 3322 emergentes,
2634 3250 2890 3309 Numinis
2942 3257 3040 3308 irae
3105 3251 3562 3323 supervixerunt.

1978 3341 2120 3410 Quin
2144 3351 2200 3398 et
2228 3344 2438 3413 pueruli
2469 3359 2691 3414 quoque
2718 3345 2835 3408 alii,
2871 3344 3219 3402 tricesimum
3246 3353 3371 3416 post
3391 3343 3563 3409 (lieni,

1982 3434 2290 3490 incolumes
2309 3435 2731 3504 reperiebantur
2751 3477 2765 3491 .
2787 3437 3067 3507 multaque
3087 3436 3175 3492 bis
3202 3435 3565 3506 stupendiora

1985 3526 2359 3597 contigerunt.
2390 3525 2580 3582 Tertio
2609 3539 2793 3583 autem
2839 3537 2962 3598 post
3011 3528 3224 3583 cladem
3264 3529 3408 3583 banc
3451 3526 3563 3591 die,

1986 3616 2313 3673 veneranda:
2342 3618 2528 3673 crucis
2562 3618 2744 3689 imago
2774 3618 2843 3672 de
2873 3619 3014 3674 «οωιο
3036 3620 3345 3690 comparuit
3374 3620 3429 3673 in
3461 3636 3568 3673 nn-

1984 3704 2168 3772 bibus,
2208 3710 2330 3765 urbi
2354 3709 2425 3764 ad
2456 3711 2864 3780 septentriones
2890 3709 3193 3765 imminens
3233 3728 3245 3763 :
3278 3725 3387 3780 qua
3423 3712 3564 3774 visa,

1991 3799 2048 3854 in
2082 3800 2360 3872 lacrymas
2393 3801 2561 3855 soluti
2605 3816 2821 3864 omnes,
2863 3815 3058 3870 preces
3104 3806 3266 3855 unius
3301 3803 3447 3856 horae
3473 3817 3568 3871 per

1990 3887 2228 3959 spatium
2247 3888 2623 3945 eﬂ‘undebant.
2653 3890 2989 3944 Acciderunt
3010 3896 3220 3955 autem,
3253 3898 3377 3961 post
3409 3890 3566 3946 urbis

1990 3996 2205 4046 casum,
2256 3981 2448 4052 plures
2485 3982 2651 4035 etiam
2698 3980 2793 4034 alii
2840 3988 3002 4035 terra:
3033 3990 3241 4046 motus,
3289 3996 3387 4052 per
3435 3996 3567 4052 spa-

1992 4072 2127 4125 tium
2178 4072 2309 4127 anni
2351 4071 2519 4127 unius
2562 4079 2619 4128 et
2670 4087 2722 4125 νι
2767 4072 3041 4128 mensium
3094 4090 3107 4126 :
3149 4072 3353 4142 quibus
3400 4073 3570 4129 etiam

1991 4163 2262 4218 Seleuciae
2318 4152 2708 4236 Daphnesque,
2750 4180 2981 4237 quasque
3006 4165 3072 4220 ad
3099 4166 3420 4221 vicesimum
3456 4162 3571 4221 fere

1321 4270 1594 4311 concussa
1654 4254 2011 4311 corruebant.
2078 4255 2320 4312 Urbibus
2381 4264 2586 4322 autem,
2631 4258 2972 4314 calamitates
3041 4258 3207 4315 hasce
3256 4257 3564 4328 perpessis,

343 4346 636 4417 imperator
679 4349 898 4403 abunde
960 4348 1315 4417 pecuniarum
1359 4346 1760 4416 suppeditavit.
1806 4344 1898 4401 Dei
1953 4347 2099 4400 enim
2148 4357 2356 4419 quanta
2430 4363 2561 4419 erga
2618 4348 2872 4406 homines
2922 4349 3302 4405 misericordia
3347 4346 3563 4410 fuisset,

344 4436 600 4505 edoctus,
651 4446 707 4493 et
754 4438 871 4507 ipse
931 4438 1116 4491 clades
1169 4437 1268 4492 bas
1334 4436 1693 4492 acerbissime
1762 4434 1930 4503 lulit;
1997 4452 2098 4491 nec
2164 4438 2413 4511 Byzantii
2479 4455 2578 4512 pro
2622 4454 2774 4496 more
2826 4439 2972 4495 edita
3030 4449 3162 4496 sunt
3230 4442 3564 4511 spectacula.

350 4527 695 4589 Pentecostes
741 4532 905 4587 etiam
951 4545 1111 4587 sacro
1146 4529 1290 4585 festo
1319 4539 1434 4584 tum
1456 4530 1782 4594 essistente,
1815 4528 2125 4587 diademate
2156 4534 2358 4603 posito,
2428 4534 2568 4606 ipse,
2626 4544 3026 4607 senatoresque
3060 4549 3277 4602 omnes,
3322 4536 3573 4596 vestibus

349 4623 495 4693 pullis
542 4624 749 4688 induti,
782 4623 1039 4693 templum
1079 4618 1448 4693 lacrymantcs
1477 4622 1753 4691 petebant.

1596 4792 1684 4847 VA
1695 4794 1831 4850 RUE
1874 4795 2283 4853 LECTIONES.

419 4914 459 4949 ⁸⁷
480 4917 784 4987 ὑπήντουν.
821 4914 1097 4985 ήπηντουν
1123 4913 1226 4969 0x.
1305 4913 1351 4944 ³⁸
1380 4912 1643 4967 ἀπέσπων
1672 4914 1803 4979 1111..
1824 4915 2074 4975 ἀπέσπον
2104 4915 2205 4971 Ox.
2284 4916 2327 4949 ³⁸
2356 4916 2519 4973 οίκει.
2555 4916 2691 4988 ᾤκει
2722 4917 2824 4973 Cb.
2904 4920 2949 4952 “
2974 4921 3147 4976 είκοσι
3186 4920 3291 4977 Ox.

410 5122 433 5135 _
1557 5064 1665 5122 ED.
1706 5065 2078 5124 CHILMEADI
2110 5067 2344 5124 NOTIE.

391 5185 465 5257 (8)
497 5183 613 5240 Καὶ
638 5182 920 5254 ἠπήντουν
962 5180 1148 5243 αὐτοῖς
1179 5177 1441 5248 γεωργοί.
1467 5175 1683 5240 Scribo,
1713 5177 1895 5249 ἀπήν-
1993 5190 2049 5234 et
2064 5179 2491 5257 inagistratuum
2521 5178 2738 5252 insigne
2766 5185 3066 5257 est,.etia_m
3090 5194 3144 5257 et
3176 5186 3345 5241 luctui
3372 5200 3567 5257 appro;

335 5273 465 5398 τωῖθ)
497 5324 611 5398 Ιςαὶ
634 5322 841 5398 πάντες
870 5321 919 5375 οί
947 5318 1303 5398 συγκλητικοὶ
1332 5317 1428 5397 καὶ
1473 5318 1734 5398 πορφυρᾷ
1762 5318 1894 5386 ἐφό-

336 5387 468 5469 ρώνζ
495 5392 655 5462 Quod
704 5401 895 5448 noster
948 5387 1208 5462 πορφυρᾶ
1239 5387 1553 5468 φοροῦντες,
1602 5387 1893 5469 ϐεστειιιιε

337 5467 473 5528 dicit,
497 5463 668 5532 φαιὰν
699 5461 902 5532 στολὴν
924 5459 1300 5532 ἐνδυσάμενοι,
1336 5456 1554 5532 pullati,
1582 5458 1699 5512 sive
1730 5469 1894 5512 vesu-

456 5506 473 5528 ν
498 5504 665 5532 ν-,Ϊ
700 5504 728 5516 ν
743 5504 863 5532 "I‘I‘

340 5537 428 5593 bus
457 5525 863 5606 ni'gricantibus'
890 5529 1090 5586 induti.
1130 5525 1381 5601 Purpura
1419 5525 1640 5599 quidem
1679 5540 1891 5597 regum,

1994 5250 2205 5325 priatus
2262 5250 2458 5325 color:
2510 5250 2707 5325 nempe
2756 5252 2901 5325 quod
2953 5255 3020 5325 ad
3075 5256 3290 5325 nigrum
3330 5250 3570 5313 colorem

1993 5317 2218 5388 propius
2249 5317 2529 5395 accedat;
2549 5317 2722 5395 sedet
2754 5317 3082 5395 quibusdam
3121 5317 3451 5395 πορφύρεον,
3485 5329 3574 5381 ηδι-

1989 5386 2144 5470 gum
2163 5398 2268 5470 est.
2298 5386 2636 5470 Hesychius:
2655 5386 2977 5460 Πορφύρεον
2994 5386 3340 5467 πορφυρόῦκὶ,
3373 5386 3566 5470 μέλαν’

1994 5457 2294 5528 Πορφύρει,
2329 5457 2627 5530 μελανίζει.
