3906 6318
467 367 570 430 ιδ’]
1775 372 2095 434 JOANNlS
2125 374 2448 435 MALALIE

466 582 526 622 se
588 566 899 620 habentem.
959 565 1104 620 Inter
1138 566 1253 621 haec
1289 567 1435 621 enim
1489 566 1796 635 Samaritae,
1830 573 2036 642 quibus

464 659 786 724 imperator,
820 658 899 711 uti
929 658 1183 726 superius
1208 657 1418 713 dictum
1448 668 1562 726 est,
1610 661 1864 720 infensus
1889 676 2032 730 erat,

464 749 528 802 ad
565 749 764 803 Persas
790 748 1090 819 transfugae
1125 752 1356 820 (eorum
1384 761 1564 807 autem
1598 756 2033 812 numerabantur

2136 754 2243 808 τῶν
2274 756 2559 824 Ῥωμαίων
2610 754 3162 825 άγανακτηθέντων
3213 752 3332 804 ὑπὸ
3381 750 3478 802 τοῦ
3534 751 3754 819 βασιλέως

463 855 494 893 ι.
528 840 767 909 millia),
818 841 1026 895 auxilia
1089 857 1189 897 sua
1241 843 1508 898 adversus
1543 845 1822 902 [tertianos
1863 847 2035 904 Coadi

463 935 575 1000 regi
629 932 992 1000 obtulerunt;
1038 921 1188 989 in‘se
1240 935 1470 1004 insuper
1502 938 1832 1006 recipientes
1857 938 2037 996 Palat-

462 1019 620 1072 stinaa
649 1020 820 1074 totius
852 1021 1230 1090 proditionem
1261 1023 1646 1096 Locorumque
1702 1028 1774 1082 ibi
1813 1039 2036 1084 sancto-

460 1123 584 1162 rum
619 1109 963 1178 faciendam;
1018 1112 1072 1166 in
1135 1129 1242 1181 qua
1291 1115 1430 1170 urbe
1469 1117 1816 1173 diversorum
1845 1135 2034 1190 regum

462 1199 746 1253 recondita
797 1209 958 1254 erant
1014 1202 1406 1269 anathemata;
1460 1205 1554 1259 ubi
1593 1207 1760 1260 etiam
1804 1210 1926 1263 auri
1981 1217 2054 1281 et

462 1291 672 1358 argenti
723 1289 808 1345 vis
856 1292 1132 1356 maxima,
1186 1293 1612 1365 lapillorumque
1665 1299 2032 1366 pretiosorum

461 1380 678 1432 infinita
712 1389 833 1434 erat
885 1381 1194 1451 congeries.
1249 1381 1375 1437 Haec
1425 1383 1516 1437 ubi
1563 1385 2035 1442 andissetPersa-

461 1486 586 1524 rum
620 1487 716 1525 rex
740 1511 755 1532 .
791 1472 1008 1526 illorum
1035 1473 1204 1528 dictis
1234 1475 1393 1530 fidem
1441 1475 1650 1531 habens
1676 1492 1862 1547 pacem
1897 1494 2036 1534 con-

462 1563 682 1617 firmare
720 1562 1078 1629 detrectavit,
1116 1575 1334 1636 arrepta
1383 1568 1549 1621 etiam
1591 1567 1660 1623 de
1705 1569 2037 1626 aurifodinis

461 1656 887 1720 occasiuncula,
919 1671 1040 1725 quae
1079 1658 1356 1718 Anastasii
1388 1658 1520 1712 olim
1565 1661 1905 1728 temporibus
1951 1663 2039 1716 in-

2133 847 2512 902 Ἱουστινιανοῦ
2542 890 2557 913 ,
2625 847 2701 910 ὡς
2768 848 3296 918 προγέγραπται,
3359 842 3637 910 φυγόντων
3681 858 3754 899 καὶ

2135 936 2478 989 ἀπελθόντων
2512 937 2645 1005 πρὸς
2669 938 2940 1007 Κωάδην,
2972 935 3242 1006 βασιλέα
3275 935 3537 1003 Περσῶν,
3566 935 3662 986 ἀπὸ
3680 937 3756 1004 τῆς

2135 1028 2344 1082 ἐαυτῶν
2383 1029 2566 1100 χώρας
2613 1029 3042 1098 Παλαιστίνης,
3107 1031 3218 1079 καὶ
3287 1025 3750 1094 ἐπαγγειλαμένων

2135 1119 2283 1189 αὐτῷ
2331 1123 2679 1191 συμμαχεῖν·
2718 1122 2779 1173 τὸ
2810 1122 2866 1174 δὲ
2912 1119 3165 1188 πλῆθος
3200 1118 3401 1170 αὐτῶν
3447 1114 3516 1186 ἦν
3559 1118 3754 1186 χιλιάδες

2138 1213 2473 1282 πεντήκοντα
2509 1229 2523 1242 ·
2564 1213 2981 1282 ἐπηγγείλαντο
3025 1212 3095 1265 δὲ
3157 1207 3248 1281 τῷ
3303 1209 3538 1281 Περσῶν
3581 1208 3753 1280 βασιλεῖ

2137 1303 2444 1375 προδιδόναι
2502 1304 2602 1376 τὴν
2657 1305 2866 1358 ἑαυτῶν
2933 1303 3197 1375 χώραν,
3261 1303 3371 1372 τὴν
3421 1303 3750 1375 Παλαιστίνην

2136 1395 2317 1447 πᾶσαν
2347 1396 2442 1447 καὶ
2475 1397 2600 1459 τοὺς
2627 1396 2818 1464 ἁγίους
2846 1397 3106 1459 τόπους,
3145 1393 3324 1446 πόλιν
3353 1393 3584 1463 ἔχουσαν
3607 1394 3749 1461 διαφό-

2141 1503 2250 1555 ρων
2297 1485 2564 1554 βασιλέων
2606 1486 2927 1556 χαρίσματα
2959 1503 2979 1517 ο
3034 1482 3274 1555 χρυσοῦ
3327 1498 3392 1533 τε
3447 1482 3557 1551 γὰρ
3585 1482 3747 1550 πλῆθος

2136 1576 2272 1630 πολὺ
2319 1579 2414 1630 καὶ
2455 1578 2618 1631 λίθων
2661 1579 2858 1648 τιμίων
2891 1577 3332 1648 ἀναρίθμητος
3382 1574 3648 1641 ποσότης·
3674 1575 3744 1625 καὶ

2137 1668 2376 1732 ἀκούσας
2402 1669 2577 1723 ταῦτα
2597 1669 2626 1720 ὁ
2656 1669 2910 1739 βασιλεὺς
2943 1668 3236 1739 Περσῶν,
3267 1667 3373 1718 καὶ
3402 1665 3638 1726 πεισθεὶς
3657 1668 3742 1726 τοῖς

459 1753 672 1811 ventae,
703 1745 902 1802 exinde
947 1747 1201 1802 Romano
1246 1758 1534 1805 cesserant
1584 1751 1855 1822 imperio;
1909 1767 2033 1808 cum

2140 1760 2272 1829 παρ’
2304 1759 2484 1812 αὐτῶν
2506 1759 2844 1829 λεγομένοις,
2882 1758 3112 1828 άνεδὺη
3147 1755 3295 1826 περὶ
3343 1754 3410 1807 τὸ
3453 1756 3661 1824 ποιῆσαι
3689 1755 3739 1805 τὰ

460 1839 616 1908 prius
653 1847 868 1893 montes
923 1839 1012 1894 isti
1055 1840 1202 1909 juris
1263 1841 1473 1898 Persici
1531 1842 1791 1900 fuissent.
1827 1844 2033 1901 Montes

2140 1849 2663 1922 πάκτα..Ἀφορμὴν
2699 1851 2756 1904 δέ
2797 1849 2989 1903 λαϐὼν
3029 1850 3184 1919 περὶ
3240 1847 3358 1900 τῶν
3391 1844 3738 1917 χρυσορῤύτων
3849 1889 3856 1894 .

461 1941 644 1986 autem
679 1931 732 1985 hi
782 1931 1034 1994 auriferi.
1082 1933 1359 1990 Armenia:
1403 1934 1668 1990 Romana:
1714 1935 2038 1992 Persarme-
2075 1988 2082 1995 .

460 2025 676 2093 niaaque
706 2024 759 2078 in
795 2023 961 2096 550
1009 2025 1214 2080 finibus
1262 2025 1356 2081 siti
1391 2034 1520 2081 sunt
1566 2045 1580 2082 :
1621 2028 1704 2080 uti
1739 2027 1965 2082 tradunt
1998 2029 2036 2082 ii

457 2116 663 2186 quibus
697 2115 799 2170 hoc
847 2125 1188 2187 compertum
1237 2127 1341 2173 est.
1391 2117 1492 2184 Qui
1542 2118 1764 2188 quidem
1817 2127 2037 2175 montes

458 2223 712 2279 magnam
771 2207 956 2263 ferunt
1011 2209 1132 2263 auri
1186 2211 1452 2279 copiam:
1512 2225 1580 2264 ex
1633 2211 1838 2280 pluviis
1883 2211 2034 2265 enim

459 2300 842 2370 imbribnsque
889 2301 1220 2355 cadentibus
1254 2310 1399 2355 terra
1439 2301 1507 2357 de
1555 2303 1838 2359 montibus
1870 2303 2034 2357 deor-

457 2407 580 2449 sum
627 2404 787 2459 acta,
841 2395 962 2449 auri
1021 2396 1177 2465 quasi
1224 2396 1448 2451 lamina:
1490 2399 1830 2452 scaturiunt.
1869 2397 2038 2454 Caete-

456 2499 580 2539 rum
618 2497 832 2542 montes
862 2487 1032 2543 hosee
1068 2495 1228 2542 antea
1270 2488 1566 2558 temporis,
1609 2504 1760 2558 aeque
1787 2507 1816 2543 a
1853 2481 2035 2546 Persis

456 2589 521 2628 ac
551 2577 838 2639 Romanis,
880 2577 1102 2648 quidam
1142 2593 1202 2634 cc
1238 2580 1360 2634 auri
1409 2580 1568 2635 libris
1628 2583 2031 2636 conduxerunt.

455 2663 536 2720 Ex
573 2681 684 2735 quo
711 2683 847 2722 vero
878 2669 934 2722 in
965 2677 1294 2739 potestatem
1349 2674 1710 2728 sacratissimi
1752 2674 2032 2728 Anastasii

455 2757 802 2812 devenerunt
849 2759 1159 2814 mercedem
1207 2761 1528 2818 condictam
1557 2763 1760 2819 eximie
1795 2765 2030 2818 Romani

456 2847 559 2903 soli
595 2858 987 2920 perceperunt.
1018 2851 1289 2908 Ceterum
1336 2853 1467 2909 hinc
1497 2855 1676 2924 pactis
1712 2857 2036 2926 rumpendis

454 2939 642 2996 oblata
657 2933 914 2998 occasio.

527 3217 588 3271 In
618 3217 957 3286 proditionis
989 3231 1122 3273 vero
1144 3259 1160 3284 ,
1197 3229 1362 3289 quam
1400 3218 1691 3275 Samaritae
1727 3222 2025 3278 molieban-

455 3315 578 3373 tur,
637 3309 890 3364 notitiam
941 3308 1174 3364 Romani
1230 3311 1334 3366 hoc
1404 3313 1568 3365 modo
1639 3325 2027 3382 pervenerunt.

456 3399 710 3468 Quinque
765 3400 912 3453 enim
968 3415 1035 3455 ex
1083 3401 1299 3456 illorum
1351 3403 1633 3473 primariis
1692 3406 1826 3462 viris
1859 3407 2027 3476 (qui,

458 3487 626 3556 paulo
675 3496 800 3556 post
852 3489 961 3544 iter
1016 3499 1338 3560 susceptum
1380 3494 1716 3562 supradictae
1760 3495 2032 3565 proditio-

458 3579 546 3635 nis
573 3594 696 3633 cum
721 3581 905 3636 Coade
933 3580 1099 3638 Persa
1136 3582 1391 3638 ineundae
1413 3600 1601 3653 causa,
1628 3587 2031 3659 innotuerant),

460 3669 515 3724 in
566 3672 742 3725 reditu
794 3689 898 3728 suo
944 3689 1012 3729 ex
1072 3673 1300 3731 Perside
1353 3678 1792 3746 comprehensi,
1845 3695 2030 3736 coram

461 3762 696 3817 militum
734 3764 787 3820 in
820 3764 1048 3821 Oriente
1102 3767 1372 3838 magistro
1429 3769 1651 3826 adducti
1685 3779 1848 3839 sunt;
1891 3788 2032 3842 quos

461 3853 794 3922 proditionis
841 3858 1060 3927 agitatae
1110 3860 1202 3913 ubi
1278 3863 1641 3930 postulasset.
1707 3863 2033 3922 confitentes

461 3943 651 3998 habuit
700 3948 886 4002 statim
939 3963 1086 4004 reos.
1141 3949 1273 4016 Quae
1321 3967 1453 4008 vero
1506 3954 1575 4010 de
1627 3955 1714 4010 his
1747 3963 1869 4011 acta
1902 3963 2034 4012 sunt

457 4033 782 4094 Iustiniano
810 4040 1127 4110 imperatori
1165 4043 1393 4116 legenda
1427 4047 1814 4103 mittebantur.

531 4311 731 4368 Eodem
761 4323 1005 4383 tempore
1045 4325 1206 4373 terrae
1248 4327 1430 4375 motus
1458 4321 1660 4390 ubique
1696 4327 2034 4395 grassaban-

458 4410 584 4470 tur;
640 4403 961 4460 hominibus
1008 4406 1227 4462 interim
1277 4408 1489 4466 litaniis
1541 4412 1746 4482 ubique
1811 4418 2030 4473 urbium

460 4496 811 4551 vacantibus.

531 4585 735 4643 Eodem
789 4590 933 4645 enim
985 4597 1234 4662 tempore
1282 4592 1575 4649 Persarum
1632 4612 1728 4652 rex
1791 4597 2028 4666 legatum

456 4680 613 4741 misit
647 4681 714 4736 ad
761 4682 1148 4754 imperatorem
1196 4685 1539 4756 Romanum;
1569 4691 1660 4760 qui
1694 4692 1913 4748 traditis
1946 4693 2034 4746 lit-

459 4774 595 4826 teris
623 4781 677 4828 et
715 4777 1041 4833 muneribus
1071 4778 1312 4855 donatus
1339 4778 1607 4836 dimissus
1639 4790 1746 4837 est.

405 4861 412 4868 ’
535 4861 643 4919 Sed
676 4865 894 4921 interim
931 4870 1233 4938 imperator
1263 4871 1331 4926 de
1361 4871 1561 4929 Coadis
1603 4873 1895 4929 Persarum
1937 4892 2029 4929 rc—

461 4954 544 5024 gis
582 4956 1035 5024 praevaricatione
1069 4957 1232 5032 457
1273 4962 1480 5016 certior
1518 4978 1546 5015 a
1576 4962 1776 5016 Rufino
1799 4964 2032 5034 patricio

461 5045 680 5113 factus;
716 5049 1144 5106 Anxulnitarum
1185 5069 1367 5125 regem
1399 5070 1566 5125 super
1598 5056 1683 5112 his
1717 5072 1815 5128 per
1842 5073 2032 5113 sacras

2137 1942 2247 1996 τῶν
2294 1943 2628 2012 εὑρεθέντων
2672 1941 2864 2013 πρώην
2901 1941 3007 1996 ἐπὶ
3047 1939 3452 1992 Ἀναστασίου
3492 1936 3580 1990 τοῦ
3613 1936 3737 2006 βασι-

2137 2033 2298 2097 λέως,
2332 2034 2501 2087 ὄντων
2526 2033 2629 2086 ὑπὸ
2663 2033 2976 2103 Ῥωμαίους
3004 2049 3021 2062 ·
3053 2027 3135 2103 ἦν
3163 2031 3287 2100 γὰρ
3321 2029 3514 2100 πρώην
3544 2029 3603 2080 τὰ
3625 2029 3736 2080 αὐτὰ

2136 2125 2238 2196 ὅρη
2270 2127 2376 2178 ὑπὸ
2403 2124 2502 2195 τὴν
2542 2122 2768 2194 Περσῶν
2804 2123 3108 2176 πολιτείαν
3130 2139 3146 2152 ·
3189 2121 3272 2174 τὰ
3319 2119 3383 2173 δὲ
3432 2119 3732 2189 χρυσόρῤντα

2136 2216 2237 2286 ὅρη
2269 2215 2506 2288 ὑπάρχει
2545 2213 2748 2284 μεταξὺ
2777 2214 2887 2268 τῶν
2913 2215 3077 2285 ὅρων
3112 2212 3449 2283 Ἀρμενίων
3489 2211 3723 2278 Ῥωμαίων

2137 2308 2231 2359 καὶ
2276 2305 2734 2376 Περσαρμενίων,
2791 2305 2867 2368 ὡς
2902 2305 2952 2336 ³⁸
3001 2303 3236 2365 ειδότες
3295 2300 3716 2368 λέγουσιν·ᾶτινα

2134 2397 2234 2468 ὅρη
2288 2399 2514 2468 φέρουσι
2562 2396 2762 2466 χρυσὸν
2806 2395 2978 2449 πολύν
3007 2413 3024 2428 ο
3087 2397 3192 2449 ὅτε
3257 2396 3378 2465 γὰρ
3437 2393 3606 2463 βροχαὶ
3642 2391 3720 2444 καὶ.

2135 2488 2332 2558 ὄμϐροι
2353 2488 2613 2556 γίνονται,
2640 2487 3020 2558 κατασύρεται
3055 2488 3093 2555 ἡ
3119 2487 3200 2557 γῆ
3221 2488 3342 2540 τῶν
3363 2484 3544 2540 αὐτῶν
3567 2483 3722 2552 ὀρέων,

2134 2577 2388 2640 λεπτίδας
2420 2577 2464 2609 ³⁸
2502 2576 2882 2640 ἀναϐλύζουσα
2938 2575 3175 2648 χρυσοῦ
3216 2592 3232 2606 ·
3275 2575 3350 2628 τὰ
3394 2575 3452 2627 δέ
3474 2573 3601 2626 αὐτὰ
3642 2571 3720 2638 ὄρη

2136 2667 2456 2737 ἐμισθοῦντο
2507 2668 2569 2720 τὸ
2618 2667 2884 2738 πρότερόν
2933 2685 3096 2730 τινες
3149 2667 3272 2720 ἀπὸ
3326 2663 3606 2733 Ῥωμαίων
3652 2662 3725 2711 καὶ

2136 2760 2359 2830 Περσῶν
2383 2758 2584 2831 χρυσοῦ
2607 2760 2804 2832 λιτρῶν
2827 2760 3136 2814 διακοσίων
3151 2775 3171 2791 ο
3201 2756 3443 2831 [1951ἐξ
3466 2751 3589 2810 οὗδέ
3606 2768 3718 2822 παρ·

2134 2852 2448 2922 ελήφθησαν
2477 2853 2545 2905 τὰ
2568 2853 2707 2906 αὐτὰ
2735 2853 2836 2923 ὅρη
2873 2853 2981 2905 ὑπὸ
3010 2852 3117 2908 τοῦ
3159 2851 3460 2906 θειοτάτου
3496 2847 3720 2900 ’Δναστα-

2135 2945 2274 3008 σίου,
2311 2945 2576 3014 Ῥωμαῖοι
2604 2943 2758 3014 μόνοι
2778 2941 3114 3011 κομίζονται
3150 2941 3276 3010 (94)
3313 2940 3415 3010 τὴν
3448 2933 3714 2990 θεσπισθεῖ-
3779 3004 3786 3013 ⁸

2136 3047 2236 3085 σαν
2272 3032 2609 3085 συντέλειαν.
2659 3030 2769 3084 Καὶ
2823 3031 2890 3082 ἐκ
2925 3029 3140 3082 τούτου
3185 3028 3418 3096 ἐγένετο
3457 3021 3721 3093 διαστροφὴ

2139 3143 2202 3178 πε
2211 3127 2263 3198 pi
2289 3126 2357 3178 τὰ
2393 3124 2598 3178 πάκτα.

2219 3219 2280 3270 Ἥ
2323 3217 2380 3270 δὲ
2420 3217 2530 3270 τῶν
2575 3216 2932 3286 Σαμαρειτῶν
2971 3213 3264 3283 προδοσία
3318 3206 3562 3277 ἐγνώσθη
3604 3203 3713 3255 Ῥω-

2137 3308 2342 3378 μαίοις,
2371 3305 2446 3368 ὥς
2473 3322 2633 3358 τινων
2669 3302 2728 3368 ἐξ
2759 3303 2939 3356 αὐτῶν
2971 3301 3254 3372 εὐπόρων
3297 3291 3713 3365 συσχεθέντωνὲν

2131 3400 2210 3470 τῷ
2258 3397 2620 3469 ὑποστρέφειν
2673 3396 2871 3458 αὐτοὺς
2941 3395 3056 3447 ἀπὸ
3107 3394 3228 3446 τῶν
3302 3384 3598 3481 Περσικῶν.
3632 3394 3708 3481 με·

2135 3489 2265 3562 ρῶν,
2303 3489 2399 3542 καὶ
2442 3487 2864 3558 γνωρισθέντων
2930 3484 3081 3555 μετὰ
3135 3483 3203 3536 τὸ
3243 3477 3505 3534 ἀπελθεῖν
3547 3473 3710 3562 eam;

2134 3557 2270 3654 πρὸς
2326 3557 2579 3650 Κωάδην,
2633 3577 2857 3650 βασιλέα
2901 3577 3162 3647 Περσῶν,
3223 3571 3323 3626 καὶ
3378 3557 3705 3668 συντάξασθξιι

2134 3678 2285 3748 αὐτῷ
2337 3679 2510 3730 ποιεῖν
2570 3674 2669 3746 τὴν
2722 3673 3009 3744 προδοσίαν
3055 3671 3174 3740 τῆς.
3220 3667 3364 3728 ιδίας
3401 3659 3604 3732 χώρας,
3643 3659 3706 3711 ὡς

2135 3773 2497 3843 προείρηται·
2543 3764 2686 3838 ἦσαν
2727 3765 2784 3820 δέ
2826 3766 2876 3818 οἱ
2931 3761 3350 3850 γνωρισθέντες
3400 3749 3700 3850 ξαμαρεῖτξιι

2134 3863 2380 3933 ὀνόματα
2405 3860 2568 3914 πέντε
2591 3876 2605 3890 ·
2633 3857 2730 3912 καὶ
2776 3855 3140 3926 συσχεθέντες
3170 3847 3565 3933 ἀπηνέχθησαν
3584 3847 3698 3908 πρὸς

2134 3931 2244 4008 τδνή
2271 3951 2646 4024 στρατηλάτην
2687 3949 2787 4018 τῆς
2827 3947 3124 4016 Ἀνατολῆς
3148 3986 3165 4011 ,
3211 3945 3312 3998 καὶ
3355 3931 3693 4024 ἐξητάσθησαν

2135 4045 2266 4116 παρ’
2285 4023 2453 4113 αὐτῷ,
2483 4043 2578 4095 καὶ
2613 4038 2975 4110 ὡμολόγησαν
3003 4039 3110 4108 τὴν
3141 4033 3439 4109 προδοσίαν
3487 4027 3546 4096 ἣν

2134 4108 2326 4190 λέτίων.
2363 4108 2445 4188 Τά
2480 4135 2538 4188 δὲ
2594 4108 2967 4205 πεπραγμένα
3014 4108 3205 4185 αὐτῶν
3255 4118 3558 4193 ἀνεγνώσθη
3589 4108 3680 4182 (9⁵)

2132 4228 2211 4299 τῷ
2239 4227 2448 4297 βασιλεῖ
2483 4224 2870 4294 Ίουστινιανῷ.

2218 4293 2305 4374 Ἓν
2333 4318 2482 4389 αὐτῷ
2529 4319 2585 4372 δέ
2611 4316 2688 4386 τῷ
2718 4293 2895 4387 χρόνῳ
2925 4314 3180 4383 ἐγένοντο
3220 4307 3434 4378 σεισμοὶ
3464 4297 3588 4356 κατὰ
3605 4293 3676 4345 τό·

2137 4429 2257 4476 πον,
2284 4411 2380 4465 καὶ
2406 4411 2582 4472 λιταῖς
2612 4407 2903 4478 ἐσχόλαζον
2922 4408 2980 4459 ἐν
3013 4406 3228 4477 ἑκάστῃ
3257 4401 3428 4454 πόλει.

2065 4498 2114 4558 D
2210 4471 2300 4572 τῷ
2329 4502 2384 4554 δέ
2412 4497 2562 4569 αὑτῷ
2591 4471 2770 4569 καιρῷ
2808 4498 2902 4551 καὶ
2949 4471 3300 4566 πρεσϐευτὴς
3328 4471 3671 4572 ἐτι-ἐιιιινθηῄύπὸ

2137 4595 2230 4648 τοῦ
2269 4570 2530 4663 βασιλέως
2560 4589 2783 4661 Περσῶν
2822 4590 2957 4659 πρὸς
2989 4590 3080 4640 τὸν
3130 4584 3359 4674 βασιλέα
3396 4570 3667 4674 Ῥωμαίων·

2139 4689 2233 4742 καὶ
2259 4686 2474 4748 ἐπιδοὺς
2493 4683 2556 4747 ἃς
2585 4681 2884 4752 ἐπεφέρετο
2908 4682 3115 4750 σάκρας
3142 4673 3384 4752 ἀπελύθη
3409 4672 3665 4734 κομισαμε·

2139 4798 2227 4843 νος
2255 4779 2425 4850 δῶρα.
3526 4843 3546 4853 _

2223 4871 2281 4923 Ὀ
2309 4870 2365 4924 δὲ
2397 4867 2651 4940 βασιλεὺς
2679 4865 2966 4936 Ῥωμαίων
3004 4863 3244 4923 ἀκούσας
3286 4853 3431 4924 παρὰ
3465 4851 3562 4940 τοι)Δ
3583 4851 3659 4888 πω

2139 4961 2350 5034 τρικίου
2381 4931 2662 5027 Ῥουφίνου
2842 4954 2992 5025 παρὰ
3019 4953 3064 4985 ³⁸
3097 4950 3343 5044 Κωάδου,

2137 5054 2278 5116 λέως
2321 5050 2565 5123 Περσῶν,
2595 5047 2932 5119 παράϐασιν,
2975 5047 3209 5116 ποιήσας
3245 5039 3391 5098 θείας
3422 5027 3651 5084 κελευσεις

1720 5187 1954 5244 VARI/ﬁ
2002 5185 2414 5242 LECTIONES.

531 5273 575 5307 ³⁸
617 5278 713 5339 ὡς.
732 5274 884 5332 Adde
914 5277 986 5335 oi.
1059 5277 1105 5310 "
1156 5278 1428 5345 λεπτίδας.
1463 5277 1612 5335 Fort.
1635 5280 1877 5344 λεπίδας.
1956 5281 2001 5312 ³⁸
2040 5280 2193 5351 παρὰ
2227 5277 2461 5331 fortasse
2486 5271 2928 5344 etpungendum.

1692 5439 1797 5490 ΕΓ).
1825 5436 2199 5492 ClilLMEADl
2220 5433 2450 5490 NOT/E.

536 5529 648 5594 (95)
690 5529 951 5598 Ῥωμαῖοι
987 5528 1138 5598 μςενοι
1192 5528 1530 5596 κομίζονται,
1569 5536 1686 5598 etc.
1725 5527 2029 5598 Procopius

464 5617 577 5654 rem
605 5600 762 5652 aliter
787 5597 997 5662 narrat,
1025 5597 1098 5651 De
1130 5600 1233 5652 bel.
1280 5598 1427 5652 l'ers.
1460 5600 1494 5651 l.
1529 5615 1567 5661 ι,
1602 5597 1691 5651 ubi
1723 5597 1934 5651 reditus
1963 5612 2028 5650 ex

464 5669 791 5723 aurifndinis
826 5669 976 5723 hisce
1005 5684 1113 5722 non
1160 5668 1553 5732 Rolnanornm,
1596 5668 1688 5722 St'tl
1736 5671 2027 5722 Persarum

465 5739 638 5794 luisse
662 5741 820 5805 plane
848 5749 1102 5793 testatur.

534 5811 644 5879 (95)
682 5810 763 5862 Τὰ
816 5809 871 5861 δέ
924 5809 1287 5880 πεπραγμένα
1323 5810 1497 5863 αὐτῶν
1543 5807 1879 5878 ἁνίεχηιώσθη,
1922 5818 2025 5859 etr.

3339 5518 3486 5576 sul"?r
3504 5499 3640 5576 “'35?

3372 5569 3429 5630 au
3440 5575 3482 5624 l0
3509 5569 3642 5640 εμρῖξ

3427 5632 3637 5713 βασιλεὺς

2134 5527 2215 5580 Τὰ
2239 5525 2607 5596 πεπραγμένα
2639 5534 2768 5580 sunt
2801 5534 2942 5590 acta,
2979 5525 3063 5579 vel
3095 5525 3306 5596 decreta

2134 5594 2379 5674 qualibet
2410 5594 3297 5674 in_conventu_a_gita_ta;_lta.qm3

2133 5663 2297 5722 etiam
2335 5666 2649 5736 habuimus,
2695 5681 2746 5736 p.
2784 5663 2918 5718 17f:
2963 5664 3154 5716 Λαϐὼν
3182 5663 3208 5714 ὁ
3241 5663 3385 5713 αὐτὸς

2135 5739 2201 5790 τὰ
2234 5736 2598 5807 πεπραγμένα
2625 5735 2858 5803 ἔσχισεν,
2891 5744 2996 5788 etC.

3671 367 3752 431 ωε
3831 227 3850 484 l

465 479 588 531 illas
637 476 984 532 conditiones
1042 474 1278 531 invicem
1342 476 1618 533 ineundas
1666 479 1830 550 longe
1875 483 2034 538 aliter
2061 490 2108 546 Α
2136 487 2426 554 Περσικοῖς
2468 485 2722 554 μέρεσιν,
2765 478 2905 554 εὗρε
2960 480 3070 533 τὸν
3117 478 3366 550 βασιλέα
3406 480 3623 548 Περσῶν
3649 485 3754 534 ἀνα-

2133 573 2326 626 δυέντα
2372 576 2509 644 πρὸς
2555 574 2623 627 τά
2672 573 2913 637 δόξαντα
2964 567 3208 641 μεταξὺ
3263 568 3456 620 αὐτῶν
3483 569 3657 623 ἐνεκεν
3679 576 3752 642 τῆς
3839 635 3842 638 _

2134 657 2379 736 είρήπιηςέ
2404 666 2772 736 Ψημισθέντος
2807 665 2936 735 γὰρ
2971 662 3224 726 τούτου,
3261 660 3346 725 ὡς
3377 659 3490 713 τῶν
3523 663 3756 734 Σαμαρειο

3833 791 3850 1098 ᾖ
