3906 6318
259 379 342 447 θῦε)
1249 380 1926 446 CIIRONOGIIAPIIIA.
1949 386 2182 450 -ΪΙᾸΒ,
2214 389 2433 448 XVIII.

3386 378 3498 446 670

261 489 537 562 adusti.th
568 490 710 561 πρὸς
729 490 824 544 τὸν
852 490 1080 562 βασιλέα
1109 491 1216 545 τῶν
1240 493 1596 564 Αὑξουμιτῶν
1617 511 1630 525 ο
1661 497 1809 560 ὅστις

1919 499 2309 568 interpellavit.
2367 499 2569 571 Regem
2618 500 2709 555 hic
2746 499 3158 557 Homeritarum
3195 500 3492 564 Indorum,

264 579 474 662 βασιλεῦς
509 582 689 636 Ἰνδῶν
739 583 1018 654 ωμῦολὴν
1067 585 1305 655 ποιήσας
1347 586 1486 650 μετὰ
1525 585 1619 639 τοῦ
1652 586 1807 653 βασι-

262 687 366 743 λέως
389 677 493 732 τῶν
518 679 829 748 ’Δμεριτῶν
866 679 1065 742 Ἰνδῶν,
1119 679 1262 733 κατά
1320 681 1521 749 κράτος
1576 682 1808 750 νικήσας

263 773 500 847 παρέλαϐε
538 773 608 826 τά
640 773 894 842 βασίλεια
924 774 1092 828 αὐτοῦ
1134 775 1233 828 καὶ
1271 775 1370 845 τὴν
1412 775 1598 847 χώραν
1643 777 1808 829 αὐτοῦ

264 868 431 926 πᾶσαν,
467 862 557 915 καὶ
589 862 850 932 ἐποίησεν
893 863 1011 916 ἀντ’
1041 863 1207 916 αὑτοῦ
1251 863 1476 934 βασιλέα
1514 864 1623 918 τῶν
1648 865 1810 934 Ἀμε-

261 958 398 1032 ριτῶν
434 955 607 1010 Ἰνδῶν
657 956 724 1008 ἐκ
758 955 854 1008 τοῦ
891 957 1020 1009 ἰδίου
1076 957 1270 1024 γένους
1309 957 1581 1028 Ἀγγάνην
1629 958 1716 1010 διὰ
1748 957 1810 1009 τὸ

257 1047 371 1104 εἶναι
414 1050 504 1100 καὶ
554 1048 617 1100 τὸ
669 1047 781 1100 τῶν
815 1048 1118 1118 Ἀμεριτῶν
1165 1048 1342 1102 Ἰνδῶν
1399 1048 1670 1118 βασίλειον
1719 1047 1808 1100 ὑπ’

253 1141 412 1196 αὐτόν.
454 1141 558 1193 Καὶ
578 1139 936 1204 ἀποπλεύσας
964 1142 992 1193 6
1023 1141 1370 1211 πρεσϐευτὴς
1406 1141 1693 1210 Ῥωμαίων
1718 1141 1811 1193 ἐπὶ

259 1231 650 1300 Ἀλεξάνδρειαν
684 1230 776 1284 διά
805 1231 901 1284 τοῦ
935 1231 1129 1284 Νείλου
1172 1230 1422 1300 ποταμοῦ
1453 1231 1548 1283 καὶ¹
1577 1230 1674 1300 τῆς
1711 1229 1812 1284 Ἰν·-

243 1325 378 1393 εικῆς
421 1322 697 1392 θαλάσσης
747 1322 1058 1391 κατέφθασε
1114 1321 1186 1374 τά
1233 1320 1435 1375 Ἰνδικὰ
1485 1321 1647 1391 μέρη.
1701 1320 1812 1373 Kal.

238 1411 484 1467 εἰσελθὼν
511 1412 662 1483 παρὰ
707 1411 788 1482 τῷ
839 1411 1052 1482 βασιλεῖ
1093 1411 1204 1465 τῶν
1232 1411 1432 1474 Ἰνδῶν,
1470 1410 1608 1482 μετὰ
1639 1411 1813 1480 χαρᾶς

228 1504 433 1574 πολλῆς
473 1502 724 1572 ἐξενίσθη
765 1505 794 1556 6
841 1503 1094 1573 βασιλεὺς
1127 1501 1326 1569 Ἰνδῶν,
1361 1503 1444 1556 ὅτι
1483 1501 1573 1555 διά
1603 1500 1813 1555 πολλῶν

221 1594 434 1665 χρόνων
475 1592 682 1665 ἠξιώθη
703 1594 748 1625 ³⁷
775 1593 887 1662 (96)
932 1593 1070 1663 μετά
1103 1592 1198 1645 τοῦ
1228 1592 1494 1663 βασιλέως
1528 1590 1814 1661 Ῥωμαίων

217 1685 525 1754 κτήσασθαι
549 1684 755 1752 φιλίαν.
795 1685 882 1747 Ὠς
904 1685 958 1737 δὲ
983 1684 1295 1755 ἐξηγήσατο
1317 1687 1344 1738 6
1368 1685 1530 1748 αὐτὸς
1551 1682 1817 1751 πρεσϐευο

215 1778 342 1846 τῆς,
373 1778 463 1831 ὅτε
491 1777 712 1842 ἐδέξατο
746 1777 909 1844 αρτδν
962 1778 993 1829 6
1032 1776 1143 1828 τῶν
1175 1775 1351 1828 Ἰνδῶν
1397 1774 1681 1845 βασιλεὺς,
1713 1774 1816 1842 ὐφ-

211 1871 474 1940 ηγήσατο
503 1869 568 1922 τὸ
597 1869 786 1939 σχῆμα
828 1869 928 1937 τῆς
967 1867 1254 1938 βασιλικῆς
1291 1867 1401 1920 τῶν
1442 1865 1622 1920 Ἰνδῶν
1654 1881 1818 1918 κατα-

213 1963 473 2025 στάσεως
497 1963 579 2015 ὅτι
609 1960 820 2031 γυμνὸς
849 1961 1065 2031 ὑπῆρχε
1100 1960 1197 2013 καὶ
1235 1957 1380 2012 κατά
1407 1957 1500 2010 τοῦ
1528 1957 1815 2027 ζώσματος

211 2057 298 2118 εἰς
339 2056 611 2125 τάςψύας
640 2055 808 2110 αὑτοῦ
841 2055 1136 2126 λινόχρυσα
1159 2055 1206 2087 ³⁸
1229 2053 1445 2124 ίμάτια,
1468 2051 1612 2106 κατὰ
1636 2053 1694 2105 δὲ
1717 2055 1815 2124 τῆς

213 2147 464 2215 γαστρὸς
505 2145 599 2198 καὶ⁵
627 2145 736 2198 τῶν
763 2144 930 2216 ὤμων
969 2144 1151 2212 φορῶν
1182 2143 1447 2214 σχιαστὰς
1473 2143 1518 2174 ³⁹
1553 2143 1642 2196 διά
1675 2160 1816 2214 μαρ-

217 2236 468 2307 γαριτῶν
490 2234 598 2305 (97)
624 2236 717 2287 καὶ
745 2233 945 2288 κλα6ία
969 2233 1015 2265 ⁸⁸
1039 2233 1143 2287 ἀνὰ
1168 2232 1354 2299 πέντε,
1387 2233 1482 2286 καὶ
1501 2233 1682 2302 χρυσᾶ
1699 2231 1810 2304 (98)

222 2328 398 2397 ψέλια
421 2325 566 2400 [I95]
595 2329 680 2390 είς
724 2326 824 2390 τὰς
868 2328 1060 2397 χεῖρας
1089 2325 1278 2389 αὑτοῦ,
1314 2327 1371 2377 ἐν
1401 2324 1457 2378 δὲ
1498 2327 1564 2395 τῇ
1602 2323 1812 2395 κεφαλῇ

235 2421 408 2475 σὺτοῦ
459 2421 773 2490 λινόχρυσον
825 2419 1078 2488 φακιόλιν
1146 2416 1257 2489 (99)
1309 2415 1811 2486 ἐσφενδονισμένον,

251 2511 384 2582 tios
397 2513 447 2578 ἐξ
475 2511 801 2583 ἀμφοτέρων
829 2510 942 2564 τῶν
968 2509 1153 2580 μερῶν
1185 2509 1373 2580 σειράς
1394 2509 1687 2578 τέσσαρας,
1721 2509 1814 2560 καὶ

261 2601 494 2669 μανιάιιν
518 2599 757 2670 χρυσοῦν
790 2602 849 2652 ἐν
877 2599 957 2670 τῷ
989 2598 1246 2669 τραχήλῳ
1279 2596 1470 2660 αὐτοῦ,
1493 2597 1590 2649 καὶ
1629 2596 1814 2648 ἵστατο

257 2691 492 2763 ὑπεράνω
539 2691 824 2762 τεσσάρων
873 2691 1186 2758 ἐλεφάντων
1234 2689 1470 2759 ἐχόντων
1507 2687 1673 2755 ζυγὸν
1717 2687 1814 2740 καὶ

247 2785 463 2852 τροχοὺς
487 2783 547 2848 δ’,
578 2784 674 2836 καὶ
703 2783 910 2845 ἐπάνω,
946 2781 1023 2844 ὡς
1052 2781 1238 2851 δχημα
1267 2779 1470 2850 ὑψηλὸν
1498 2778 1810 2852 ἠμφιεσμέ-

249 2888 342 2924 νον
370 2873 602 2942 χρυσέοις
626 2872 908 2936 πετάλοις,
929 2870 1118 2942 ὥσπερ
1148 2869 1267 2922 ἐστὶ
1292 2869 1363 2922 τὰ
1393 2869 1502 2921 τῶν
1533 2869 1811 2938 ἀρχόντων

252 2961 358 3014 τῶν
407 2964 667 3034 ἐπαρχιῶν
710 2963 969 3034 ὀχήματα
1015 2961 1243 3033 ἀργύρῳ
1286 2961 1663 3030 ἠμφιεσμένα.
1700 2961 1812 3012 Καὶ

256 3055 428 3109 ἵστατο
447 3059 622 3110 ἐπάνω
645 3058 675 3110 6
705 3055 962 3126 βασιλεὺς
993 3055 1104 3108 τῶν
1125 3053 1306 3107 Ἰνδῶν
1337 3051 1625 3123 βαστάζων
1647 3069 1810 3105 σκου-

1911 593 2100 660 ρτκιίο
2147 609 2271 648 cum
2321 607 2387 648 eo
2436 593 2774 658 commisso,
2831 594 3053 663 penitus
3081 593 3490 653 debellaverat;

1909 692 1964 737 et
1999 699 2170 754 regno
2229 684 2351 752 ejus
2406 685 2746 756 regioneque
2791 686 3112 756 occupatis,
3172 700 3352 754 regem
3415 683 3492 736 ibi

1909 791 1974 831 ex
2006 790 2205 845 genere
2229 791 2332 831 suo
2358 777 2640 846 Anganem
2671 777 3075 842 constituerat;
3112 791 3178 830 eo
3207 773 3353 845 quod
3381 775 3495 827 Ho—

1909 867 2232 921 meritarum
2282 868 2544 922 lndormn
2595 869 2762 922 etiam
2809 883 3039 937 regnum
3074 871 3184 936 jam
3231 867 3338 921 sibi
3370 867 3497 919 sub-

1905 956 2113 1027 jectum
2166 957 2414 1012 haberet.
2465 956 2735 1012 Caeterum
2806 959 3020 1029 legatus
3073 958 3483 1016 Romanorum,

1911 1063 2057 1103 nave
2108 1062 2414 1103 conscensa
2435 1089 2449 1113 ,
2501 1049 2893 1104 Alexandriam
2924 1065 3125 1104 versus
3156 1061 3380 1101 cursum
3408 1047 3494 1098 di-

1912 1139 2080 1209 rigit:
2139 1138 2375 1209 Niloque
2436 1139 2663 1195 ﬂumine
2711 1152 2766 1195 et
2803 1140 2940 1194 mari
2975 1140 3162 1194 Indico
3213 1137 3492 1202 traiectis,

1911 1229 2171 1286 Indorum
2226 1231 2294 1286 ad
2356 1234 2611 1302 regiones
2663 1232 2935 1302 pervenit.
2965 1231 3140 1300 Cujus
3173 1231 3238 1284 ad
3281 1231 3498 1300 ingres-

1914 1339 2075 1384 sum,
2132 1338 2228 1377 rex
2278 1321 2573 1392 Indorum,
2625 1339 2847 1380 summo
2885 1340 2952 1378 ex
3006 1323 3244 1394 gaudio,
3297 1322 3493 1376 obstu-

1913 1416 2074 1484 puit:
2133 1413 2234 1469 Diu
2275 1415 2582 1486 (inquiens)
2639 1427 2764 1478 est,
2819 1415 2964 1485 quod
3020 1417 3338 1469 societatem
3369 1427 3494 1467 cum

1915 1507 2184 1564 Romanis
2242 1508 2470 1563 ineundi
2512 1523 2599 1562 me
2630 1508 2807 1562 tenuit
2860 1507 3224 1562 desiderium.
3265 1505 3496 1559 Habitus

1915 1608 2100 1654 autem
2157 1600 2302 1669 regis
2349 1599 2520 1654 Indici
2545 1640 2561 1664 ,
2592 1613 2905 1669 pompaque
2951 1597 3220 1653 solemnis
3247 1635 3262 1658 ,
3293 1595 3497 1665 quibus

1917 1693 2158 1763 legatum
2210 1693 2544 1755 Romanum,
2578 1691 2657 1744 uti
2696 1705 2760 1744 cx
2812 1689 2990 1759 ipsius
3022 1703 3119 1743 ore
3155 1687 3453 1741 didicimus
3481 1725 3496 1747 .

1917 1785 2130 1853 excepit
2165 1791 2321 1837 erant
2351 1781 2694 1852 hujusmodi.
2735 1780 2927 1836 Nudus
2955 1788 3109 1846 erat;
3140 1794 3168 1832 a
3201 1793 3337 1832 zona
3369 1792 3498 1832 vero

1918 1879 2064 1931 circa
2098 1875 2314 1930 lumbos
2347 1875 2519 1929 vestis
2549 1875 2692 1929 linea
2718 1888 2858 1928 auro
2901 1873 3198 1927 intertexta
3237 1870 3498 1925 demitte-

1917 1969 2114 2033 batur;
2168 1967 2236 2022 ab
2273 1967 2520 2022 humeris
2574 1974 2757 2020 autem
2808 1964 2875 2018 ad
2921 1972 3169 2018 ventrem
3219 1962 3497 2032 pendebat

1917 2057 2102 2110 tunica
2132 2057 2312 2109 soluta
2341 2094 2355 2118 ,
2398 2055 2718 2124 margaritis
2760 2061 2814 2108 et
2867 2053 3079 2107 claneis
3101 2091 3115 2113 ,
3147 2066 3246 2120 per
3272 2051 3497 2120 quinio-

1917 2162 2016 2202 nes
2066 2145 2383 2200 distributis
2432 2144 2745 2214 insignita:
2811 2143 3183 2212 manibusque
3247 2139 3498 2194 armillas

1917 2253 2116 2293 aureas
2149 2236 2422 2308 gestabat.
2462 2235 2643 2303 Caput
2688 2234 2832 2303 ejus,
2860 2233 3006 2304 pileo
3035 2233 3213 2298 lineo,
3249 2246 3386 2285 auro
3415 2231 3498 2283 in-

1917 2343 2152 2390 tertexto
2200 2342 2256 2387 et
2286 2330 2787 2401 contortuplicato,
2820 2347 2872 2385 tv
2921 2327 3210 2384 catenulas
3241 2327 3500 2396 utrinque

1915 2427 2267 2489 demittente,
2300 2425 2501 2479 collum
2537 2437 2669 2477 vero
2701 2421 2891 2477 monili
2934 2435 3105 2475 aureo
3133 2420 3495 2474 ornabantur.

1913 2517 2115 2574 Currui
2151 2531 2282 2570 vero
2307 2513 2597 2570 insedebat
2625 2514 2737 2566 alto
2759 2555 2774 2578 ,
2803 2521 3047 2583 quatuor
3079 2510 3493 2573 rotis-sumtlto,

1913 2619 2262 2680 quatuorque
2293 2606 2602 2677 elephantis
2651 2613 2827 2660 tracto
2851 2647 2865 2667 ,
2900 2605 2993 2676 qui
3029 2604 3228 2676 petalis
3263 2614 3502 2672 quatuor

1915 2701 2100 2756 aureis
2134 2699 2424 2770 (qualibus
2478 2697 2757 2768 argenteis
2791 2696 3207 2766 provinciarum
3254 2692 3502 2764 prtel'ecti

1913 2788 2653 2859 utuntur),circumdabatur
2682 2805 2696 2843 :
2725 2786 2892 2860 458
2914 2787 3052 2842 Huic
3077 2784 3321 2840 insidens
3343 2783 3506 2839 Indo-

1913 2902 2034 2942 rum
2092 2900 2210 2947 rex,
2258 2890 2477 2939 scutum
2503 2895 2729 2952 parvum
2753 2880 3099 2940 deauratum,
3124 2877 3508 2944 lanceolasque

1911 2976 2052 3031 duas
2083 2983 2139 3030 et
2172 2974 2324 3046 ipsas
2361 2974 2680 3035 deauratas,
2739 2971 3000 3026 manibus
3053 2969 3324 3040 gestabat.
3388 2966 3502 3022 Sti-

1911 3079 2078 3137 patus
2109 3077 2292 3121 autem
2333 3073 2510 3120 erata
2554 3063 2896 3135 primoribus
2934 3063 3051 3117 suis
3089 3071 3145 3115 et
3175 3060 3316 3129 ipsis
3345 3059 3506 3114 simi-

253 3145 428 3216 rdptm
459 3148 648 3218 μικρὸν
698 3147 1118 3218 κεχρυσωμένον
1160 3145 1255 3200 καὶ
1297 3145 1392 3200 δύο
1433 3145 1686 3213 λαγκίδια
1721 3147 1812 3198 καὶ

1919 3156 2045 3208 liter
2080 3155 2332 3217 armatis,
2388 3156 2671 3225 choroque
2703 3152 2771 3208 ad
2809 3151 2977 3209 tibias
3009 3149 3259 3206 carmina
3294 3148 3504 3202 musica

261 3239 388 3293 αὐτὰ
419 3239 806 3310 κεχρυσωμένα
851 3239 1099 3309 κατέχων
1135 3239 1194 3291 ἐν
1231 3241 1348 3302 ταῖς
1389 3238 1576 3308 χερσὶν
1625 3237 1814 3294 αὑτοῦ.

261 3331 359 3384 Καὶ
407 3331 565 3394 οὓτως
613 3333 803 3384 ἵστατο
860 3332 1077 3401 πᾶσαή
1136 3329 1443 3400 σύγκλητος
1479 3329 1646 3383 αὐτοῦ
1697 3329 1817 3400 μεθ’

265 3421 425 3475 ὅπλων
447 3425 535 3476 καὶ
558 3424 713 3477 αὐλοὶ
734 3423 954 3495 ᾅδοντες
986 3422 1121 3492 μέλη
1153 3423 1407 3492 μουσικά.

324 3515 425 3568 Καὶ
468 3515 800 3585 είσενεχθεὶς
839 3515 868 3567 6
910 3513 1252 3587 πρεσϐευτὴς
1291 3512 1597 3584 Ῥωμαίων,
1631 3512 1819 3576 κλίνας

262 3604 314 3658 τὺ
359 3608 478 3674 γόνυ
531 3606 952 3679 προσεκύνησεο
991 3607 1085 3660 καὶ
1139 3605 1426 3658 ἐκέλευσεν
1479 3607 1508 3658 6
1566 3603 1821 3674 βασιλεὺς

275 3695 432 3750 Ἰνδῶν
459 3697 761 3768 ἀναστῆναι
793 3714 859 3766 με
890 3698 933 3729 "-
971 3697 1046 3763 (l)
1081 3697 1176 3749 καὶ
1207 3695 1511 3766 ἀναχθῆναι
1553 3695 1690 3766 πρὸς
1719 3695 1819 3747 αὺ-

265 3787 358 3840 τόν.
409 3790 509 3842 Καὶ
557 3787 854 3858 δεξάμενος
900 3790 999 3860 τὴν
1051 3788 1146 3840 τοῦ
1215 3786 1478 3857 βασιλέως
1532 3786 1821 3855 Ῥωμαίων

269 3881 452 3951 σάκραν
485 3880 820 3951 κατεφίλησε
853 3879 950 3950 τὴν
982 3880 1274 3952 σφραγῖδα.
1313 3878 1619 3949 Δεξάμενος
1643 3877 1700 3930 δὲ
1726 3877 1821 3930 καὶ

268 3971 325 4024 τά
346 3971 479 4042 δῶρα
498 3972 566 4026 τά
591 3972 916 4042 πεμφθέντα
946 3971 1052 4024 ὑπὸ
1080 3971 1176 4024 τοῦ
1213 3970 1478 4042 βασιλέως
1518 3969 1820 4038 ἐξεπλάγη.

270 4063 423 4127 Δὺσας
447 4063 500 4118 δὲ
527 4066 624 4117 καὶ
658 4065 929 4132 ἀναγνοὺς
968 4063 1038 4116 δι’
1079 4063 1363 4133 ἑρμηνέως
1395 4062 1466 4115 τά
1490 4063 1820 4133 γράμματα,

271 4148 374 4224 εὗρε
409 4156 732 4228 περιέχοντα
764 4155 906 4208 ὥστε
935 4155 1263 4208 ὁπλίσασθαι
1295 4155 1459 4207 αὑτὸν
1492 4155 1632 4208 κατὰ
1666 4153 1826 4207 Κωά-

275 4245 346 4300 δου
366 4249 426 4313 ⁸⁸,
448 4248 714 4318 βασιλέως
739 4247 986 4315 Περσῶν,
1011 4248 1106 4300 καὶ
1121 4247 1220 4316 τὴν
1244 4245 1398 4319 [196]
1420 4245 1826 4315 πλησιάζουσαν

274 4337 394 4406 αὐτῷ
421 4337 602 4408 χώραν
632 4337 899 4391 ἀπολέσαι
923 4336 1019 4389 καὶ¹
1049 4334 1144 4387 τοῦ
1168 4334 1361 4388 λοιποῦ
1394 4334 1592 4404 μηκέτι
1626 4333 1825 4386 συνάλ-

274 4423 426 4496 λαγμα
447 4427 672 4498 ποιῆσαι
696 4427 814 4496 μετ’
830 4425 1014 4490 αὑτοῦ,
1035 4425 1173 4480 ἀλλά
1193 4424 1261 4478 δι’
1280 4418 1347 4495 ἧς
1375 4422 1614 4486 ὑπέταξε
1643 4421 1828 4493 χώρας

1922 3246 2263 3300 modulante.

1991 3521 2351 3576 Introductus
2397 3527 2578 3574 autem
2625 3517 2838 3587 legatus
2874 3516 3162 3570 Romanus
3190 3556 3204 3580 ,
3239 3514 3296 3568 in
3324 3528 3502 3584 genua

1923 3611 2240 3684 procidcns,
2294 3626 2480 3681 regem
2536 3617 2835 3664 veneratus
2893 3618 3012 3675 est;
3069 3607 3165 3662 sed
3219 3605 3511 3678 me[dixit

1922 3703 2178 3774 legatus]
2213 3718 2310 3757 rex
2367 3715 2599 3770 surgere
2637 3699 2810 3768 jussit
2857 3708 2912 3752 et
2960 3698 3188 3767 propius
3219 3697 3506 3751 accedere.

1925 3796 2182 3865 Acceptis
2229 3801 2414 3847 autem
2464 3790 2699 3844 Romani
2767 3789 3122 3858 imperatoris
3158 3788 3378 3850 litteris.
3433 3789 3509 3841 si—

1924 3885 2117 3956 gilium
2169 3883 2526 3938 deosculatus
2557 3890 2644 3934 est
2676 3895 2689 3931 :
2723 3879 2884 3932 donis
2933 3880 3098 3932 etiam
3136 3877 3207 3930 ab
3274 3877 3512 3944 impera-

1928 3985 2045 4032 tore
2095 3976 2282 4030 missis
2335 3972 2614 4043 acceptis;
2657 3970 2870 4026 scilicet
2917 3969 3232 4038 obstupuit.
3287 3969 3508 4036 Apertis

1927 4064 2126 4120 deinde
2180 4062 2380 4118 litteris
2427 4059 2810 4131 imperatoriis
2839 4097 2853 4119 .
2901 4072 3107 4128 perque
3153 4056 3510 4124 interpretem

1925 4158 2118 4220 lectis,
2172 4156 2225 4210 id
2287 4155 2678 4225 imperatorem
2733 4152 3046 4206 Romanum
3108 4166 3138 4204 a
3193 4165 3253 4205 se
3285 4163 3512 4220 poscere

1929 4247 2235 4312 intellexit,
2271 4245 2349 4300 uti
2379 4243 2620 4300 Coadem
2650 4243 2792 4298 bello
2823 4241 3254 4314 aggrederetur;
3294 4239 3510 4310 disper-

1931 4339 2178 4409 ditisque
2205 4335 2504 4394 Persarum
2559 4335 2762 4392 vicinis
2798 4334 3150 4406 regionibus,
3183 4332 3511 4388 commercia

1931 4444 2057 4483 cum
2091 4428 2200 4482 illis
2224 4441 2333 4482 non
2368 4426 2608 4496 amplius
2646 4425 2878 4480 baberet
2899 4467 2912 4489 ,
2945 4426 3038 4478 sed
3074 4438 3170 4491 per
3200 4419 3512 4475 llomerita«

273 4514 359 4568 τῶν
379 4516 675 4587 Ἀμεριτῶν
697 4513 878 4570 Ἰνδῶν
891 4515 981 4569 διὰ
1001 4514 1096 4568 τοῦ
1113 4513 1307 4567 Νείλου
1325 4513 1419 4566 ἐπὶ
1434 4513 1532 4583 τὴν
1554 4513 1815 4580 Αἴγυπτον

1932 4534 2052 4574 rum
2108 4532 2273 4589 quam
2338 4517 2445 4571 sibi
2497 4516 2893 4586 subjugaverat
2944 4514 3251 4582 regionem,
3310 4524 3516 4580 perque

271 4608 315 4658 tv
353 4608 724 4680 Ἀλεξανδρείᾳ
764 4610 863 4680 τὴν
909 4607 1297 4680 πραγματείαν
1351 4606 1651 4662 ποιεῖσθαι.
1713 4605 1826 4659 Καὶ

1936 4605 2116 4661 Nilum
2160 4605 2456 4677 Egyptum
2499 4613 2728 4675 petens,
2765 4602 3112 4658 Alexandriae
3154 4601 3337 4670 potius
3372 4613 3518 4652 mer-

1502 4716 1740 4773 VARIA'I
1767 4713 2176 4772 LECTIONES,

320 4816 358 4848 ⁸⁷
385 4813 630 4884 ἠξιώθην
659 4813 760 4869 0x.

262 4886 472 4955 pbanes.

259 4953 296 4987 δ’
323 4955 570 5010 Κωάδου.
597 4954 860 5016 Κουάδους
886 4953 989 5009 Ox.

864 4813 910 4882 ξ·
941 4812 1238 4882 λινόχρυσα
1265 4810 1389 4874 CIL,
1423 4810 1788 4880 Theophanes
1817 4826 1873 4880 p.
1905 4809 2012 4882 207
2040 4808 2265 4882 A,_lw6
2297 4809 2480 4882 xpusa
2501 4806 2606 4882 03.
2631 4875 2692 4882 ___
2718 4807 2764 4841 ”

575 4875 622 4916 ‘°
645 4883 840 4938 κλανία
863 4881 966 4938 Ox.
994 4875 1202 4953 Scripsi
1223 4882 1444 4949 κλαόἰα,
1477 4875 1626 4953 quod
1667 4875 1847 4952 potest
1878 4881 2043 4935 etiam
2081 4875 2503 4934 x'tauta's‘cribi.
2534 4877 2598 4934 ν.
2631 4875 2996 4948 Theophanes
3028 4878 3063 4932 ι.
3097 4875 3177 4932 ομ
3225 4876 3268 4908 ⁸¹
3297 4892 3387 4945 με.
3414 4876 3520 4932 re?

2796 4805 3076 4876 σχιαστάς.
3113 4805 3306 4876 σχιστὰ
3338 4804 3518 4857 Theo-

1472 5063 1582 5117 ED.
1625 5063 1999 5120 CHILMEADI
2041 5063 2276 5119 NOTA‘J.

331 5165 428 5232 96)
453 5163 799 5236 Διάίπολλῶν
829 5163 1038 5236 χρόνων
1073 5161 1336 5236 ἠξιώθην,
1362 5167 1472 5214 etc.
1503 5157 1630 5236 Haec
1667 5158 1828 5236 [legis

305 5171 428 5293 396)
453 5171 556 5219 Διά
584 5171 799 5218 πολλῶν
829 5171 1038 5236 χρόνων
1073 5171 1336 5232 ἠξιώθην,
1362 5171 1472 5214 etc.
1503 5171 1630 5240 time
1667 5171 1828 5241 {tegis

253 5239 299 5295 lu
343 5239 421 5292 ici
464 5235 636 5290 verba
683 5242 843 5300 sunt;
881 5249 1068 5289 verum
1111 5231 1303 5299 εἰπὼν,
1345 5239 1439 5284 aut
1470 5231 1600 5301 quid
1649 5231 1830 5286 simile

253 5310 440 5364 deesse
460 5306 704 5360 videtur.

313 5378 429 5450 (97)
451 5375 640 5450 Φορῶν
665 5375 924 5450 σχρστάς
942 5372 1030 5426 διὰ
1055 5369 1432 5450 μαργαριτῶν.
1462 5368 1604 5450 Puto
1625 5369 1828 5450 legen-

254 5440 375 5501 dum
412 5440 874 5516 σχιστούςίξΝαιη
923 5440 1332 5516 σχιστὸςχιτὼν
1365 5449 1484 5494 erat
1523 5441 1706 5494 tunica
1743 5457 1830 5494 so-

258 5519 365 5572 luta
405 5512 762 5570 ab‘bumeris
809 5513 875 5566 ad
927 5512 1148 5567 lumbos
1192 5512 1456 5573 demissa,
1513 5525 1676 5578 quam
1732 5524 1830 5564 su-

258 5601 420 5651 perne
480 5585 647 5639 libula
699 5583 1082 5652 connectebat.
1147 5581 1454 5652 Hesychius
1518 5597 1532 5634 :
1592 5580 1824 5652 Σχιτὸς,

261 5653 720 5730 (μεςΟΣΑσχιστδςῙ
766 5651 935 5723 χιτών
972 5669 1058 5730 τις
1099 5651 1647 5730 ποιὸςγγυναιικεῖος-,ι
1684 5651 1828 5703 κατά

263 5719 320 5780 τδ
347 5719 544 5796 στῆθος
575 5719 800 5796 ,πόρπη
829 5723 1210 5796 συνεχόμενος.
1259 5719 1370 5796 Jul.
1416 5719 1554 5773 Poll.
1595 5721 1689 5796 li_b.
1724 5736 1820 5796 vtt,

269 5807 378 5868 cap.
411 5783 480 5849 f3
512 5783 536 5850 ε’
572 5793 631 5847 ὐ
659 5783 715 5854 δέ
754 5783 991 5864 ἓχιστδξ
1017 5783 1185 5862 χιτὼν
1230 5790 1485 5861 περόναις
1517 5789 1658 5844 κατά
1700 5791 1825 5853 τοὺς

1924 5160 2110 5230 ὤμους
2158 5160 2384 5231 διῆρτοσ
2435 5160 2469 5230 ή
2519 5158 2576 5212 δὲ
2626 5157 2815 5229 πόρπη
2875 5156 3017 5210 κατά
3069 5155 3138 5208 τά
3181 5151 3379 5222 στέρνα
3428 5151 3516 5203 ἐν·

1927 5233 2156 5302 ήπτετο.

2001 5299 2114 5370 (98)
2145 5300 2264 5370 Καὶ(
2280 5300 2459 5370 χρυσᾶ
2481 5295 2826 5370 ψέλιαελὸοτ.
2857 5295 3072 5366 ψέλλια.

2001 5304 2090 5367 (98
2145 5304 2255 5353 Καὶ
2280 5304 2459 5370 χρυσᾶ
2481 5304 2667 5368 ψέλια.
2703 5304 2826 5351 Scr.
2857 5304 3072 5366 ψέλλια.

1929 5439 1942 5458 ,
1968 5457 1976 5458 ,
2000 5304 2789 5458 (θθῖέξγέκριξςοᾉ,ιξξξέέινν
2828 5361 3514 5458 -3'19.S?E?‘“3:°;"..‘153.ff

1927 5428 2323 5510 in‘ptl'oxime“
2359 5428 2752 5509 sequentibus,
2826 5428 3084 5505 τίανιάκιν
3156 5445 3254 5500 pro
3311 5428 3515 5496 μανιά⁴

1927 5527 2082 5576 κιον,
2145 5509 2448 5565 secundum
2497 5505 2776 5576 scribendi
2839 5518 3066 5576 morem
3104 5498 3511 5576 recentioribus

1929 5568 2218 5636 usitatum.
2274 5577 2370 5635 Est
2422 5593 2552 5634 vero
2597 5575 2880 5646 φακιόλιον
2944 5573 3070 5643 pilei
3140 5584 3336 5640 genus.
3376 5568 3511 5624 Vide

1931 5650 2136 5705 Meurs.
2163 5647 2411 5704 Glossar.

1971 5717 2447 5844 .(Ili‘mvasrﬁvai
2481 5735 2571 5790 με.
2619 5713 2742 5769 Ηιυο
2773 5713 2931 5785 legati
2970 5712 3146 5782 ipsius
3182 5708 3347 5762 verba
3383 5721 3510 5760 esse

1935 5808 2094 5845 vnen
2127 5807 2208 5845 ttr.
