3862 6318
160 354 280 423 ςτδ

1156 357 1830 420 CHRONOGRAPHIA.
1872 385 1939 395 --
1968 360 2114 419 LIB.
2145 361 2365 421 XVIII.

3315 368 3422 432 67'.

173 463 629 536 ἐπιπεμπομένους
668 464 809 537 πρὸς
841 464 1022 531 αὑτὸν,
1064 468 1203 538 μήτε
1227 466 1284 519 δὲ
1316 464 1414 537 τὴν
1445 464 1739 535 ὀνομασίαν

1848 465 2048 521 missos
2078 468 2304 522 omnino
2336 466 2614 538 exciperet
2638 487 2653 531 ς
2676 470 2779 525 sed
2808 485 2909 526 nec
2946 486 3131 543 regem
3166 486 3325 541 eum,
3362 485 3421 529 ut

174 555 340 613 αὐτοῦ
366 556 447 619 είς
472 556 643 627 ρἧα,
684 557 824 611 διότι
857 559 976 611 ἐστὶ
1005 558 1289 628 τύραννος.
1318 558 1430 611 Kal.
1454 557 1747 627 δεξάμενος

178 648 248 702 τὰ
281 646 672 716 ἐκπεμφθέντα
709 648 1017 718 γράμματα
1056 650 1207 721 παρὰ
1237 649 1333 702 τοῦ
1361 648 1624 719 βασιλέως
1654 649 1748 702 καὶ

183 738 482 806 στοιχήσας,
527 737 633 790 οὐκ
680 737 903 803 ἐδέξατο
949 740 1295 810 πρεσϐευτὰς
1328 740 1480 809 παρὰ
1511 738 1746 811 Γελίμερ

186 828 272 883 τοῦ
292 830 515 896 ’Δφροω

261 920 344 974 Ἐν
365 919 511 989 αὖτῷ
546 920 605 974 δὲ
636 919 718 993 τῷ
748 922 926 994 χρόνῳ
955 924 985 976 ὁ
1006 923 1171 987 αὐτὸς
1195 923 1451 995 βασιλεὺς
1473 923 1748 992 ἀγωνίσα-

190 1013 303 1067 σθαι
336 1011 653 1084 βουλόμενος
692 1015 838 1069 κατὰ
874 1017 1100 1089 Περσῶν
1141 1017 1231 1071 διὰ
1268 1018 1373 1087 γῆς
1413 1036 1475 1071 τε
1511 1019 1607 1072 καὶ
1650 1019 1745 1072 θα-

188 1108 397 1179 λάσσης,
422 1106 704 1177 ἐκπέμπει
728 1109 1046 1180 στράτευμα
1075 1109 1170 1163 τοῦ
1204 1110 1440 1180 φυλάξαι
1469 1112 1745 1184 ἀτάραχον

184 1201 278 1268 τὴν
308 1198 575 1252 πολιτείαν
617 1200 930 1270 Ῥωμαίων.

250 1289 338 1358 Τῷ
362 1290 415 1342 δὲ
445 1288 593 1358 αὐτῷ
621 1292 804 1362 χρόνῳ
825 1292 1010 1363 δέησις
1030 1293 1395 1365 κατεπέμφθη
1434 1294 1744 1368 Ἐφραῖμίῳ

185 1379 479 1451 πατριάρχῃ
515 1381 671 1451 παρὰ
715 1382 825 1435 τῶν
855 1383 1271 1455 άπομεινάντων
1304 1388 1363 1439 ὲν
1394 1374 1745 1461 αἰχμαλωσίᾳ

174 1472 285 1523 ὑπὸ
297 1471 728 1542 ’Δλαμουνδάρου
746 1474 1087 1545 Σαρακηνοῦ,
1113 1477 1190 1540 ὠς
1207 1483 1431 1548 πικραῖς
1451 1480 1744 1550 τιμωρίαις

172 1562 419 1615 δεδέσθαι
476 1562 697 1627 αὐτούς.
735 1564 902 1630 Τινὰς
937 1566 1049 1638 γὰρ
1092 1569 1187 1622 καὶ
1228 1570 1633 1635 ἀπεκεφάλισεν
1683 1573 1745 1637 ἐξ

176 1650 369 1713 αὐτῶν,
402 1652 736 1724 φοϐούμενος
771 1656 973 1726 μήπως
1013 1658 1110 1711 καὶ
1158 1657 1426 1731 προδοσία
1456 1662 1519 1728 ἐξ
1561 1661 1742 1715 αὐτῶν

176 1743 417 1812 γένηται.
448 1742 560 1795 Καί
584 1760 732 1806 τινες
762 1747 1167 1814 προσπεσόντες
1189 1746 1339 1818 αὐτῷ
1355 1747 1741 1819 παρεκάλεσαν

1847 557 1941 627 qui
1975 567 2242 630 tyrannus
2272 568 2421 615 esset
2467 561 2792 630 appellaret.
2824 562 2923 616 Cui
2953 565 3116 616 etiam
3147 563 3421 619 Athalari-

1847 648 2007 711 chus,
2042 652 2286 720 acceptis
2336 651 2459 720 ejus
2511 652 2710 707 litteris
2740 662 2795 707 et
2844 655 3143 723 perlectis,
3207 670 3418 710 morem

1846 740 2054 810 gessit;
2090 756 2192 797 nec
2222 742 2515 798 Gelinieris
2542 743 2661 797 Afri
2708 743 2915 813 legatos
2944 745 3198 813 excipere
3230 745 3421 815 digna-

1847 839 1937 886 tus
1974 841 2081 887 est.

1912 922 2120 977 Iisdem
2178 924 2522 994 temporibus
2576 923 2879 995 imperator
2910 925 3107 982 Persas
3133 934 3279 980 terra
3304 941 3420 980 ma-

1848 1015 2006 1084 rique
2034 1017 2176 1071 bello
2207 1030 2592 1088 aggressurus,
2622 1020 2925 1073 exercitum
2953 1019 3169 1080 amisit,
3202 1019 3296 1088 qui
3326 1034 3417 1074 res

1846 1105 2066 1162 interim
2099 1109 2316 1179 imperii
2345 1110 2548 1182 ubique
2577 1118 2866 1183 praestaret
2887 1111 3154 1181 integras.

1916 1290 2117 1346 Eodem
2151 1300 2427 1362 tempore,
2465 1293 2559 1363 qui
2592 1299 2919 1360 supererant
2949 1292 3004 1346 in
3054 1291 3202 1346 bello
3229 1299 3416 1361 capto-

1844 1400 1965 1438 rum
2030 1384 2100 1438 ab
2156 1384 2530 1439 Alamundaro
2613 1382 2931 1447 Saraceno,
3007 1383 3283 1451 supplices
3345 1384 3413 1437 atl

1844 1477 2217 1548 Ephrzemium
2284 1475 2655 1547 patriarchatu
2715 1474 3061 1539 referebant;
3119 1483 3309 1541 utpote
3358 1474 3416 1527 in

1843 1585 1986 1639 quos
2033 1568 2446 1622 Alamundarus
2490 1566 2731 1637 graviter
2782 1564 3290 1618 anunadverterat:
3323 1579 3418 1617 eo-

1844 1673 1967 1712 rum
2008 1659 2152 1713 enim
2203 1656 2482 1711 nonnullis
2523 1655 2727 1724 capita,
2785 1667 2989 1706 cavens
3020 1653 3125 1705 sibi
3158 1667 3186 1703 a
3230 1651 3416 1721 prodi-

1845 1751 2093 1805 tionibus
2154 1756 2558 1818 amputaverat.
2611 1745 2807 1800 Caneri
2862 1745 3218 1814 procidentes
3246 1745 3297 1798 ci
3346 1743 3417 1798 ad

174 1835 369 1902 ὀλίγων
416 1835 642 1907 ἡμερῶν
693 1835 899 1890 ἔνδοσιν
943 1836 1196 1905 γενέσθαι
1256 1814 1454 1903 αότοῖς
1497 1839 1634 1911 πρὸς
1676 1839 1739 1893 τὸ

1845 1841 2037 1913 pedes,
2068 1814 2372 1911 paucorum
2428 1840 2639 1894 dierum
2685 1836 2940 1891 inducias
2967 1835 3072 1889 sibi
3103 1835 3225 1887 dari
3263 1844 3416 1904 pete-

172 1926 384 1995 πὲμψαι
406 1929 453 1962 ⁸⁵
479 1927 667 1997 δέησιν
690 1930 749 1981 ἐν
775 1932 842 2000 τῇ
905 1929 1199 2000 Ῥωμαίων
1236 1931 1487 2004 πολιτείᾳ
1523 1932 1617 1986 τοῦ
1647 1934 1741 1986 ἐκ·

172 2021 482 2089 πεμφθῆναι
499 2013 763 2093 χρήματα
785 2023 865 2084 είς
891 2022 1192 2094 ἀνάρρυσιν
1208 2022 1407 2077 αὐτῶν.
1431 2024 1541 2076 Καὶ
1569 2022 1742 2078 ταῦτα

174 2110 409 2174 ἀκούσας
438 2111 899 2184 ’Δλαμούνδαρος,
934 2113 1164 2185 χαίρων,
1188 2114 1342 2184 φησὶ,
1379 2114 1700 2187 παρεκλήθη
1721 2132 1736 2146 ·

182 2201 541 2265 καὶβεδωκὼς
586 2202 934 2272 προθεσμίαν
979 2204 1205 2277 ἡμερῶν
1239 2205 1544 2277 ἑξήκοντα,
1583 2207 1738 2265 ἀντι-

185 2278 518 2363 φωνήσαντος
566 2292 712 2365 ὑπὲρ
745 2294 924 2348 αὐτῶν
970 2295 1240 2360 Ταῖζάνου
1287 2297 1383 2350 τοῦ
1422 2299 1737 2368 ,ἀρχιφύλου

190 2382 536 2453 Σαρακηνῶν,
582 2384 683 2437 καὶ
735 2385 837 2455 τῆς
879 2385 1117 2456 δεήσεως
1168 2387 1605 2458 ἐκπεμφθείσης,
1641 2391 1738 2444 ἁν-

194 2471 422 2543 εγνὼσθη
441 2475 495 2526 ἐν
518 2474 851 2546 ’Δντιοχείᾳ,
874 2474 970 2528 καὶ
992 2475 1134 2545 μετὰ
1157 2475 1412 2547 δακρύων
1430 2476 1631 2540 πάντες
1658 2477 1740 2540 είς

206 2562 281 2617 τὰ
295 2563 528 2635 λεγόμενα
562 2564 947 2634 γαζοφυλάκια
970 2569 1028 2620 ὲν
1063 2565 1270 2640 ἑκάστῃ
1296 2566 1446 2639 [1991
1470 2568 1739 2639 ἐκκλησία

218 2655 328 2711 καθ’
350 2656 376 2708 ὃ
395 2657 605 2729 ηὐπόρει
641 2674 727 2720 τις
763 2658 1062 2728 μετεδίδου.
1095 2659 1187 2713 Ἐν
1215 2654 1295 2721 οἷς
1330 2658 1546 2727 πρῶτος
1574 2676 1740 2713 κατα-

216 2746 447 2817 νυχθεὶςό
481 2749 832 2820 πατριάρχης
866 2751 963 2803 σὺν
1013 2753 1127 2813 τοῖς
1172 2750 1454 2821 κληρικοῖς
1505 2749 1598 2804 καὶ
1625 2753 1740 2814 τοῖς

210 2834 434 2905 ἄρχουσιν
471 2838 529 2901 ἐξ
576 2839 786 2901 οἰκείας
834 2839 1213 2910 προαιρέσεως
1258 2839 1590 2907 μετέδωκαν.
1627 2840 1738 2893 Καὶ

207 2928 600 3001 ἀναγνωσθείσης
647 2932 751 3000 τῆς
806 2929 1043 3001 δεήσεως
1093 2931 1195 3000 τῆς
1241 2930 1390 3001 παρὰ
1420 2931 1530 2985 τῶν
1569 2934 1738 3003 αἰχμ-

207 3018 397 3072 αλώτων
415 3020 773 3090 πεμφθείσης,
789 3021 959 3092 ᾔτησε
976 3022 1022 3054 ⁸⁸
1044 3024 1153 3085 πᾶς
1171 3023 1200 3074 ὁ
1214 3023 1386 3092 δῆμος
1396 3022 1490 3075 τοῦ
1506 3022 1736 3093 ἀχθῆναι

208 3111 476 3205 πάνδημον·
506 3113 598 3164 καὶ
628 3111 723 3164 τοῦ
765 3112 1048 3182 πανδήμου
1079 3112 1338 3183 ἀχθέντος
1363 3115 1457 3167 καὶ
1493 3116 1737 3184 τάπητος
1761 3147 1806 3205 c

204 3201 526 3265 ἁπλωθέντος,
557 3204 791 3266 ἕκαστος
821 3203 945 3256 καθ’
976 3202 1005 3258 δ
1025 3204 1254 3273 ηὐπόρει
1279 3204 1539 3275 ἔρριπτεν
1568 3205 1627 3257 ὲν
1658 3203 1736 3270 τῷ

205 3294 394 3365 τάπητι.
413 3297 519 3349 Kal
544 3295 925 3366 συναχθέντων
950 3297 1169 3351 πάντων
1192 3297 1289 3352 καὶ
1307 3297 1737 3369 ἐκπεμφθέντων

205 3386 576 3459 ἁνεῤῥύσθησαν
605 3389 656 3440 oi
687 3388 1052 3459 αἰχμάλωτοι.

260 3662 335 3732 Τῷ
357 3663 409 3717 δὲ
435 3663 585 3735 αὐτῷ
612 3663 794 3735 χρόνῳ
826 3662 1194 3735 κατεπέμφθη
1223 3665 1253 3717 ό
1279 3663 1580 3736 μάγιστρος
1609 3663 1732 3735 Ἐρ-

210 3754 404 3825 μογένης
431 3757 491 3808 ὲν
540 3757 658 3818 τοῖς
701 3755 1068 3818 Ἀνατολικοῖς
1128 3756 1352 3826 μέρεσιν
1398 3756 1581 3809 ἕνεκεν
1634 3752 1731 3808 τοῦ

207 3843 431 3914 Περσικοῦ
475 3846 749 3916 πολέμου·
783 3841 853 3919 ἦν
903 3847 1014 3918 γὰρ
1059 3849 1088 3901 ὁ
1138 3845 1393 3917 βασιλεὺς
1442 3846 1732 3916 Ῥωμαίων

210 3935 357 4002 μαθὼν
390 3939 471 3991 ὅτι
520 3937 902 4008 στρατηλάτης
959 3936 1185 4011 Περσῶν
1228 3936 1459 4009 Ἐξαράθ
1507 3936 1730 4006 ὀνόματι

213 4028 317 4094 μετὰ
343 4029 607 4101 Περσικῆς
637 4028 914 4100 βοηθείας,
950 4027 1089 4100 ἔχων
1117 4028 1234 4100 μεθ’
1256 4028 1453 4083 ἑαυτοῦ
1479 4030 1576 4082 καὶ
1605 4027 1731 4098 βάν-

207 4116 274 4170 δον
298 4118 559 4188 βασιλικὸν
593 4121 696 4191 (9),
741 4120 1003 4192 ὥρμησεν
1032 4120 1129 4174 ἐπὶ
1165 4118 1236 4180 τὰ
1279 4120 1586 4191 Ῥωμαϊκά.
1615 4120 1729 4174 Kal.

216 4209 601 4283 ’Δλαμούνδαρος
650 4212 744 4276 δὲ,
802 4211 1117 4282 βασιλίσκος
1174 4210 1510 4282 Σαρακηνῶν
1534 4250 1549 4275 ,
1589 4209 1730 4281 μετὰ

210 4302 367 4373 πολλῆς
407 4304 631 4358 ἐνόπλου
690 4303 987 4375 βοηθείας,
1042 4301 1131 4356 διὰ
1177 4301 1271 4356 τοῦ
1319 4300 1626 4372 Κιρκησίου
1680 4303 1729 4335 ³⁸

209 4389 338 4444 ἐλθὼν
382 4393 490 4462 (ιο)
553 4391 800 4461 ἀνεφάνη
858 4393 941 4453 είς
988 4389 1355 4457 Καλλίνικον,
1413 4389 1569 4443 πόλιν
1626 4391 1727 4460 τῆς

217 4480 495 4554 Ὸσδροηνῆς
517 4484 587 4537 ⁸⁷.

254 4574 341 4626 Καὶ
392 4576 554 4642 γνοὺς
616 4572 798 4627 ταῦτα
850 4570 1170 4642 Βελισάριος
1232 4573 1262 4624 ό
1328 4570 1727 4641 στρατηλάτης,

206 4661 406 4717 ἀπελθὼν
435 4666 516 4728 εις
546 4664 869 4735 συμμαχίαν
909 4663 1022 4726 (Η)
1051 4662 1160 4717 τῶν
1201 4662 1412 4716 sourcth
1459 4662 1600 4734 μετὰ
1643 4681 1728 4733 χι·-

205 4752 353 4809 λιάδων
379 4757 543 4823 ὀκτὼ,
581 4758 641 4810 ὲν
665 4753 749 4819 οἷς
775 4754 976 4825 εὑρέθη
1012 4754 1107 4807 καὶ
1135 4753 1364 4824 ’Λρέθας
1394 4755 1424 4807 ὁ
1453 4754 1727 4825 φύλαρχος

1843 1934 1998 1997 bant,
2053 1932 2273 1986 interim
2317 1930 2450 1985 dum
2495 1928 2560 1982 ad
2592 1926 2870 2003 Romanos
2918 1940 3053 1979 suos
3084 1925 3302 1978 mittere
3326 1939 3417 1992 po-

1841 2032 2065 2088 terant,
2096 2024 2190 2094 qui
2241 2023 2509 2093 pecunias
2554 2021 2656 2074 sibi
2692 2016 3030 2073 redimendis
3063 2017 3416 2082 impetratum

1840 2113 2008 2169 ir'ent.
2061 2112 2335 2168 Exoratus
2401 2110 2806 2165 Alamundarus
2841 2108 2942 2173 (ut
2995 2107 3084 2160 cui
3126 2106 3229 2159 ista
3278 2107 3414 2161 satis

1841 2203 2231 2276 ariitlercnt),
2289 2204 2567 2259 licentiam
2622 2202 2732 2255 illis
2773 2201 2827 2254 in
2876 2215 2943 2252 ιχ
3002 2197 3122 2251 dies
3189 2212 3417 2253 conces-

1841 2301 1950 2363 sit,
1991 2298 2460 2368 expromissorem
2485 2309 2585 2364 pro
2613 2294 2694 2348 eis
2725 2308 2784 2347 se
2826 2300 3122 2361 praestante
3146 2289 3410 2356 Taizane,

1843 2389 2247 2444 Saracenorum
2298 2386 2646 2457 archiphylo.
2683 2383 2927 2438 Libellus
2955 2383 3144 2451 itaque
3176 2384 3413 2451 supplex

1839 2481 2187 2534 Antiochiam
2222 2479 2437 2534 delatus
2460 2519 2476 2544 ,
2515 2477 2607 2531 ubi
2662 2491 2846 2531 coram
2897 2476 3100 2545 popqu
3133 2475 3413 2544 perlectus

1837 2580 1942 2634 est.
1996 2571 2410 2642 illacrymantes
2465 2584 2659 2623 omnes
2685 2607 2700 2632 ,
2752 2583 2852 2637 pro
2892 2582 2952 2623 re
2997 2567 3234 2636 quisque
3267 2581 3365 2620 sua
3392 2605 3410 2630 ,

1839 2663 2088 2731 singulas
2133 2677 2228 2733 per
2276 2661 2580 2722 ecclesias,
2634 2660 2691 2713 in
2745 2658 3154 2730 Gazophylaeia
3212 2659 3411 2728 stipem

1838 2754 2221 2822 conjeccrunt.
2251 2752 2489 2807 Praeibat
2510 2751 2671 2823 46],
2704 2750 2829 2805 aliis
2852 2789 2866 2814 ,
2904 2750 3410 2816 misertus-corum,

1838 2842 2187 2913 patriarcha;
2217 2842 2310 2912 qui
2352 2856 2476 2896 cum
2505 2843 2659 2895 clero
2688 2854 2812 2901 suo,
2861 2839 3408 2906 magistratibusque,

1838 2934 2102 3004 pecunias
2151 2933 2324 2988 libera
2371 2927 2535 2985 manu
2590 2931 2910 2999 impertivit.
2971 2929 3281 2994 Quinetiam
3315 2928 3412 2982 ubi

1838 3024 2456 3095 captivormnlihellum
2510 3022 2812 3091 supplicem
2860 3020 3061 3075 lectum
3110 3020 3413 3073 audivisset

1840 3116 2079 3187 populus
2126 3114 2530 3176 Antiochenus,
2571 3112 2804 3183 singulis
2845 3113 2897 3164 id
2938 3111 3408 3179 emagitantibus;

1838 3206 2093 3276 publicus
2120 3204 2307 3275 populi
2362 3203 2607 3258 universi
2662 3209 2969 3256 conventus
3001 3202 3244 3256 indictus
3282 3210 3409 3258 est:

1835 3297 1902 3351 ad
1930 3296 2072 3351 diem
2105 3296 2291 3365 itaque
2319 3295 2685 3350 constitutum
2721 3302 2900 3365 tapete
2932 3295 3225 3363 explicato,
3257 3308 3410 3366 sym-

1840 3388 2028 3466 bolum
2081 3402 2243 3442 suum
2295 3387 2534 3456 quisque
2573 3401 2675 3454 pro
2704 3385 3028 3440 facultatum
3066 3400 3291 3440 suarum
3321 3400 3413 3439 ra-

1832 3483 1986 3537 tione
2040 3483 2375 3551 porrigebat.
2432 3480 2698 3536 Collectis
2745 3481 2963 3535 demum
3027 3483 3296 3550 pecuniis,
3353 3488 3410 3536 et

1836 3570 2211 3624 Alamundaro
2242 3570 2617 3634 transmissis,
2648 3570 2849 3638 captivi
2886 3570 3100 3623 liberati
3133 3577 3286 3624 Sunt.

1903 3660 2114 3716 Eodem
2147 3670 2392 3729 tempore
2421 3661 2625 3715 missus
2665 3663 2748 3714 'est
2774 3662 2830 3714 in
2859 3660 3140 3715 Orientem
3178 3658 3408 3716 "etmo—

1832 3766 1999 3822 genes
2037 3753 2321 3822 magister,
2362 3752 2488 3807 belli
2543 3750 2749 3805 Persici
2776 3766 2969 3806 curam
3015 3761 3404 3823 suscepturus.

1831 3844 2047 3914 Quippe
2099 3844 2420 3911 imperatori
2465 3843 2778 3897 nuntiatum
2842 3841 3064 3909 fuerat,
3125 3842 3405 3910 Exarath,

1830 3935 2124 3991 Persarum
2153 3935 2350 3989 ducem
2376 3977 2391 4001 ,
2441 3932 2665 3989 Persica
2707 3948 2872 3987 manu
2906 3934 3071 3988 simul
3105 3942 3162 3989 et
3202 3936 3406 3990 vexillo

1829 4027 1988 4098 regio
2046 4026 2400 4089 instructum,
2456 4023 2735 4081 Romanas
2804 4024 3078 4079 invasisse
3138 4025 3403 4082 ditiones.

1831 4115 1980 4183 Quin
2010 4123 2066 4169 et
2097 4112 2529 4178 Alamundarus,
2581 4112 2983 4167 Saracenorum
3028 4112 3276 4181 regulus,
3310 4128 3407 4167 σοι

1827 4209 1937 4280 piis
1986 4205 2414 4278 quamplurimis
2469 4205 2823 4271 instructus,
2873 4204 3184 4259 Circesium
3264 4218 3404 4274 prae-

1828 4309 2160 4369 tergressus,
2185 4297 2517 4353 Callinicum
2554 4297 2622 4352 ad
2659 4311 2868 4368 usque,
2898 4295 3183 4353 Osdroinae
3206 4298 3403 4354 urbem

1826 4398 2174 4464 pervenerat.

1894 4572 2117 4629 Certior
2172 4580 2354 4627 autem
2409 4570 2478 4627 de
2527 4571 2615 4627 his
2668 4570 2852 4626 factus
2904 4571 3241 4641 Bclisarius,
3275 4582 3403 4632 octo

1825 4681 1954 4721 cum
2012 4665 2255 4720 millibus
2323 4672 2659 4718 armatorum
2714 4664 2949 4720 ducibus
3005 4665 3060 4720 in
3110 4668 3400 4737 suppetias

1827 4758 1944 4813 exit
1972 4774 1985 4811 :
2017 4771 2155 4826 quos
2186 4756 2330 4810 inter
2361 4757 2593 4809 Arethas
2624 4754 2731 4808 fuit
2765 4755 3133 4827 phylarchus;
3158 4757 3317 4827 cujus
3343 4758 3403 4813 in

207 4849 307 4916 μετὰ
326 4851 576 4920 χιλιάδων
606 4849 791 4903 πέντε.
819 4847 973 4920 [εοο]
1017 4846 1396 4918 Ὀρμὴσαντες
1420 4847 1478 4899 δὲ
1498 4848 1548 4900 oi
1582 4848 1728 4918 ῐΙέρ-

1844 4848 2071 4904 :xercitu
2093 4846 2338 4915 quinque
2358 4845 2531 4899 millia
2556 4846 3010 4904 numerabantur.
3034 4845 3251 4917 Egressi
3274 4864 3405 4904 vero

206 4953 269 4992 σαι
294 4941 416 5011 μετὰ
446 4941 558 4997 τῶν
593 4940 744 4993 ἰδίων
776 4938 1111 5010 Σαρακηνῶν
1144 4937 1339 5002 νυκτὸς
1382 4939 1726 5009 κατεσκήνω-

1844 4955 1947 4995 :um
1977 4939 2275 4993 Saracenis
2298 4938 2416 4994 suis
2445 4953 2542 5009 per
2572 4946 2789 4994 noctem
2823 4939 3037 5007 Persae,
3062 4940 3219 5012 juxta
3254 4940 3404 4998 Gab-

1412 5072 1650 5128 V'ARI/E
1677 5073 2089 5132 LECTIONES.

210 5197 539 5285 mufémpml,‘
583 5196 809 5266 πέμψας
859 5195 963 5251 0x.
1055 5196 1101 5227 ⁸⁸
1139 5195 1311 5266 ᾔτησε
1345 5192 1472 5258 Ch.,
1520 5194 1714 5264 αίτησε
1762 5194 1867 5249 0x.

221 5268 469 5339 οσδροῖνης
496 5268 601 5323 Ox.

1974 5196 2023 5228 “
2046 5194 2375 5267 Κιρκησίου.
2429 5194 2722 5267 Κιρκισίου
2755 5194 2856 5251 0x.
2955 5196 3004 5229 ⁵⁷
3045 5195 3397 5266 Ὀσδροηνῆς.

1351 5377 1464 5433 ED.
1500 5376 1879 5443 CHILMEADI
1928 5374 2159 5432 NOTAE.

249 5492 307 5560 (9)
355 5495 525 5562 Ἔχων
580 5491 703 5562 μεθ⁹
754 5488 952 5543 ἑαυτοῦ
1012 5488 1116 5562 καί
1164 5487 1356 5562 βάνδον
1417 5486 1714 5557 βασιλικόν.

201 5560 350 5614 Βάνδον
376 5559 622 5617 unum
657 5570 767 5625 est,
810 5568 869 5614 ut
923 5560 1122 5613 eruditi
1177 5559 1381 5628 ubique
1434 5573 1538 5611 nos
1599 5573 1712 5611 mo-

202 5643 337 5772 ῗείιῗιθ)
372 5704 467 5759 Διὰ
491 5704 587 5757 τοῦ
619 5699 912 5772 Κιρκισίου
943 5695 1135 5772 ἐλθῴν.
1177 5696 1487 5772 Ιςιρκισίον,
1522 5696 1719 5750 scribit

202 5763 480 5842 Procopius:
510 5784 624 5828 erat
652 5763 834 5824 autem
859 5769 1149 5823 castellum
1196 5763 1566 5821 Romanorum
1598 5782 1716 5819 tnu-

1826 5486 2187 5567 nitissimum,
2224 5487 2279 5540 in
2326 5486 2582 5541 extremis
2627 5485 2849 5547 iiuilms,
2886 5483 3056 5537 altera
3100 5480 3399 5550 Euphratis

1826 5564 1981 5626 parte
2011 5564 2201 5610 situm.
2613 5621 2616 5624 .

1840 5696 1845 5697 γ
1898 5627 2011 5697 (li)
2060 5626 2335 5679 Ἀπελθὼν
2371 5630 2449 5690 εἰς
2502 5619 3393 5697 cuppayiav._Forte_legendum,

1824 5695 2072 5765 ἀπῆλθεν
2106 5713 2152 5751 ε.
2208 5714 2257 5751 σ.
2290 5712 2303 5726 °
2338 5712 2535 5752 sensus
2575 5690 2734 5750 "enim
2803 5693 2965 5747 aliter
3038 5690 3399 5764 imperfectus

1821 5777 1929 5821 εει.
