3862 6318
229 432 332 502 681

1189 445 1865 506 (ΞΗΒΟΝΟῦΗΑΡΙΙΙΑ.
1909 471 1977 479 -
2017 446 2174 507 LIB.
2215 447 2445 509 XVIII.

3397 447 3504 511 682

238 548 486 620 Περσῶν.
543 550 651 603 Καὶ
702 551 929 622 πέμψας
966 551 1245 624 Ῥουφῖνον
1293 555 1350 607 ὲν
1405 553 1627 624 Περσίδι
1683 571 1804 624 πρε-

1924 554 2172 616 miserat,
2209 568 2305 622 per
2330 554 2542 607 litteras
2574 551 2861 617 innuebat,
2901 553 3255 608 concordiam
3284 553 3501 610 elIicero

240 641 498 710 σϐευτὴν,
536 643 752 712 γράψας
785 646 936 715 αὐτῷ
971 646 1064 698 τοῦ
1100 647 1385 715 ἀγαπῆσαι
1420 647 1600 716 φιλίαν
1625 663 1637 675 °
1683 647 1818 717 τιμὴ

242 737 350 808 γάρ
387 739 502 790 ἐστι
555 739 651 790 καὶ
697 739 824 802 δόξα
878 742 1101 807 ποιῆσαι
1152 739 1251 801 τὰς
1305 739 1398 792 δύο
1451 738 1728 800 πολιτείας
1762 741 1819 789 ἐν

252 811 436 899 εῖρήνῃ
461 826 668 893 διάγειν
695 843 708 856 ·
746 829 794 878 εί
833 827 891 878 δὲ
944 829 1017 899 μὴ
1068 828 1227 881 τοῦτο
1270 834 1506 899 ποιήσει,
1537 829 1636 899 τὴν
1677 830 1820 899 Περ-

261 919 410 986 σικὴν
441 917 541 985 γῆν
569 915 636 967 δι’
662 917 905 986 ἐμαυτοῦ
930 919 1340 988 καταλήψομαι.

340 1009 420 1062 Ἐν
451 1007 630 1076 ταύτῷ
663 1007 718 1059 δὲ
770 1009 1130 1079 κατεπέμφθη
1162 1011 1257 1062 καὶ
1303 1011 1530 1079 Σέργιος
1567 1011 1818 1075 διάκονος

269 1102 395 1172 πρὸς
415 1100 533 1152 ’Δλα
543 1099 748 1169 μούνδα
757 1117 846 1169 ρον
870 1101 1092 1170 βασιλέα
1117 1103 1255 1170 μετά
1289 1102 1476 1172 δώρων
1501 1102 1814 1172 βασιλικῶν.

273 1195 352 1246 Ἐν
381 1192 518 1263 αύτῷ
551 1193 606 1245 δὲ
642 1193 720 1262 τῷ
760 1194 937 1264 χρόνῳ
968 1196 1441 1267 κατεπέμφθησαν
1480 1195 1630 1266 δῶρα
1665 1197 1816 1268 παρὰ

255 1285 345 1339 τοῦ
380 1285 632 1355 βασιλέως
666 1287 957 1356 Ῥωμαίων
980 1287 1056 1357 τῷ
1089 1287 1302 1357 βασιλεῖ
1323 1289 1549 1357 Περσῶν
1569 1306 1582 1319 ·
1613 1290 1817 1359 ὁμοίως

252 1378 304 1431 δὲ
327 1380 420 1430 καὶ
449 1381 478 1448 ἡ
511 1377 801 1446 Αῧγουστα
828 1381 871 1411 ⁶⁹
899 1380 1218 1450 κατέπεμψε
1245 1385 1308 1452 τῇ
1350 1382 1636 1454 βασιλίσσῃ
1675 1384 1814 1452 Περ-

251 1468 362 1521 σῶν
389 1467 548 1540 [207],
577 1472 643 1539 τῇ
671 1467 805 1539 οὔσῃ
835 1469 1001 1523 αύτοῦ
1030 1471 1255 1542 ἀδελφῇ.
1281 1472 1392 1525 Καὶ
1414 1473 1815 1537 καταλαϐόντες

193 1619 198 1624 ς
258 1559 535 1629 Ῥουφῖνος
587 1562 682 1614 καὶ
748 1562 1085 1630 Στρατὴγιος
1146 1562 1246 1632 τὴν
1310 1563 1611 1633 Ἐδεσηνῶν
1660 1564 1816 1617 πόλιν

193 1641 198 1650 ’
244 1652 515 1720 ἐμήνυσαν
549 1652 775 1724 Κωὰδῃ,
819 1651 1031 1720 βασιλεῖ
1073 1653 1316 1723 Περσῶν.
1357 1655 1468 1707 Καὶ
1520 1654 1815 1709 ἀνεϐάλετο

243 1742 346 1796 τοῦ
385 1743 621 1808 δέξασθαι
652 1746 874 1811 αὐτοὺς,
904 1746 986 1799 ὅτι
1009 1742 1078 1818 ἣν
1104 1746 1328 1816 πέμψας
1355 1747 1498 1801 κατά
1525 1748 1814 1818 Ῥωμαίων

242 1835 515 1908 λαθραίως
539 1838 605 1891 ⁷ο.

1921 643 2169 697 smderct
2207 660 2220 698 :
2257 643 2573 699 Cloriosum
2633 643 2901 713 (dicens)
2969 645 3070 699 hoc
3119 656 3203 701 est
3237 656 3290 702 et
3337 647 3499 702 laude

1920 733 2167 802 dignum,
2211 733 2256 787 si
2301 734 2706 803 rebuspublicis
2756 734 2974 791 duabus
3007 753 3192 805 pacem
3236 748 3500 808 praestare

1921 825 2148 892 poteris.
2211 824 2306 878 Sin
2346 825 2448 878 hoc
2511 826 2862 880 aversaliitur
2908 825 3094 891 Persa,
3159 829 3213 882 in
3247 828 3500 900 regiones

1919 916 2039 985 ejus
2068 916 2186 984 ipse
2209 917 2562 970 descendam.

1991 1008 2164 1062 Porro
2220 1010 2447 1078 Sergius
2475 1011 2640 1063 etiam
2676 1010 2970 1076 diaconus,
3023 1013 3214 1067 eodem
3252 1023 3498 1084 tempore

1918 1101 2294 1156 Alamundaro
2315 1104 2543 1166 missus,
2574 1119 2802 1157 munera
2821 1105 2868 1157 ei
2891 1105 3243 1174 imperatoria
3263 1107 3494 1162 detulit:

1919 1207 2030 1260 quo
2089 1200 2333 1262 tempore
2385 1194 2548 1246 etiam
2604 1193 2900 1262 imperator
2958 1193 3337 1250 Romanorum
3384 1197 3500 1267 regi

1918 1279 2233 1345 Persarum,
2291 1282 2432 1336 sicut
2486 1291 2536 1336 et
2589 1283 2793 1351 regina:
2826 1285 3004 1338 sorori
3058 1285 3182 1352 ejus
3226 1287 3498 1356 Angusta,

1919 1389 2152 1428 munera
2185 1377 2639 1430 transmiserunt.
2671 1377 2942 1430 Caeterum
2987 1377 3220 1434 Ruﬁnus
3249 1391 3299 1433 et
3340 1381 3498 1434 Stra—

1899 1465 2097 1535 'tegins
2151 1464 2415 1522 Edessam
2475 1468 2757 1522 venientes
2811 1469 3102 1523 adventum
3138 1487 3298 1525 suum
3326 1470 3499 1526 Coadi

1918 1555 2214 1612 Persarum
2271 1560 2380 1626 regi
2437 1569 2630 1612 notum
2695 1559 2966 1614 fecerunt.
2998 1563 3100 1616 Hie
3132 1579 3267 1616 vero
3299 1579 3494 1618 eorum

1917 1649 2308 1704 admissionem
2352 1652 2902 1720 comperendinavit:
2933 1655 3136 1724 quippe
3160 1656 3252 1725 qui
3296 1656 3499 1712 adver-

1917 1755 2039 1795 sum
2067 1739 2347 1796 Romanos
2369 1743 2674 1798 exercitum
2695 1744 2948 1799 clanculo
2975 1745 3352 1816 expediverat.

333 1927 416 1978 Ἐν
446 1925 585 1996 αύτῷ
610 1927 666 1980 δὲ
699 1927 776 1998 τῷ
806 1929 982 1999 χρόνῳ
1016 1930 1111 1982 καὶ
1147 1930 1479 2002 ἐμπρησμὸς
1507 1931 1725 2000 ἐγένετο
1753 1933 1804 1988 ὲν

1994 1921 2211 1980 Eisdem
2243 1925 2586 1993 temporibus
2618 1925 2934 1980 incendium
2973 1929 3288 1985 Antiochia:
3317 1933 3500 1988 conti-

259 2017 552 2088 Ἀντιοχείᾳ
573 2037 587 2050 ·
610 2020 757 2082 τινος
781 2021 890 2090 γὰρ
927 2021 1238 2091 ὑφάψαντος
1267 2024 1471 2092 κηροὺς
1498 2025 1554 2076 ἐν
1582 2023 1659 2094 τῷ
1687 2024 1814 2080 θεά-

245 2127 387 2182 τρῳ,
413 2110 617 2164 καὶτοῦ
667 2111 844 2182 κηροῦ
887 2113 1182 2177 στάξαντος
1225 2113 1411 2167 ἐπάνω
1463 2114 1572 2167 τῶν
1612 2115 1808 2182 ξύλων,

249 2203 466 2274 ὑφῆψαν
514 2202 581 2256 τὰ
629 2202 765 2268 ξύλα
811 2202 952 2276 (18)·
1003 2206 1099 2259 καὶ
1145 2205 1450 2277 συνδρομῆς
1506 2208 1811 2279 γενομένης

250 2294 502 2365 ἐσϐέσθη.

345 2387 424 2439 Ἐν
449 2387 584 2458 αὐτῷ
608 2389 663 2442 δὲ
687 2388 765 2460 τῷ
796 2390 976 2462 χρόνῳ
1005 2391 1368 2465 κατεπέμφθη
1398 2395 1478 2458 είς
1499 2395 1565 2447 τὰ
1592 2397 1810 2448 ’Λνατο-

261 2477 392 2530 λικᾶ
435 2479 789 2550 Δημοσθένης,
821 2482 1222 2554 ἐπιφερόμενος
1278 2487 1373 2539 καὶ
1411 2488 1674 2558 χρήματα
1709 2489 1808 2543 οὐκ

282 2567 425 2636 ὀλίγα
444 2573 503 2627 είς
530 2571 581 2623 τὸ
610 2571 935 2642 εὐτρεπίσαι
983 2575 1127 2628 κατὰ
1177 2577 1330 2630 πόλιν
1364 2578 1606 2634 ἀπόθετα
1655 2581 1807 2635 σίτου

285 2657 454 2710 ἕνεκεν
480 2663 554 2730 τῆς
591 2660 731 2730 μετά
756 2662 800 2693 ⁷³
838 2662 1066 2733 Περσῶν
1099 2664 1403 2736 συμϐολῆς·
1438 2668 1533 2720 καὶ
1563 2669 1805 2722 καταλα-

282 2746 448 2811 ϐόντος
469 2749 612 2802 αὑτοῦ
643 2750 986 2824 Ἀντιόχειαν
1019 2753 1246 2824 ἐξῆλθεν
1284 2757 1376 2810 ὲπί
1407 2758 1505 2828 τὴν
1548 2759 1806 2832 Ὁσδροη-

272 2838 446 2907 νήντῐ

331 2933 793 3005 Κατεπέμφθησαν
823 2936 881 2990 δὲ
907 2938 1119 3009 Σάκραι
1147 2942 1206 2993 ὲν
1243 2944 1363 3004 ταῖς
1389 2943 1622 3008 πόλεσιν,
1661 2945 1804 3001 ὥστε

261 3024 378 3086 τοὺς
421 3027 487 3095 μὴ
531 3028 927 3092 κοινωνοῦντας
967 3034 1086 3094 ταῖς
1119 3031 1305 3100 ἁγίαις
1364 3035 1712 3107 Ἐκκλησίαις
1746 3042 1804 3093 ἐν

262 3113 474 3184 ἑξορίαις
508 3120 1004 3189 καταπέμπεσθαι,
1050 3122 1126 3186 ὡς
1171 3127 1675 3198 προφασιζομένους
1707 3131 1802 3185 τοῦ

259 3207 596 3276 ὀνομάζεσθαι
621 3211 721 3282 τὴν
751 3212 970 3277 σύνοδον
992 3213 1336 3285 Χαλκηδόνος
1368 3217 1474 3270 τῶν
1504 3219 1801 3286 ἑξακοσίων

259 3299 543 3366 τριάκοντα.
591 3304 700 3356 Καὶ
748 3306 1048 3376 γενομένης
1098 3309 1345 3378 ταραχῆς
1391 3310 1450 3362 ὲν
1478 3309 1802 3385 Ἀντιοχείᾳ,

259 3389 494 3461 ὥρμησαν
521 3395 568 3447 οἱ
605 3395 773 3466 δῆμοι
821 3398 878 3449 ὲν
928 3398 1006 3468 τῷ
1055 3399 1391 3472 ἐπισκοπείῳ
1436 3402 1549 3472 (I9)
1597 3403 1805 3458 λιθοϐον

181 3483 198 3503 ¹
260 3483 448 3550 λοῦντες
484 3489 575 3540 καὶ
618 3491 802 3558 φωνὰς
835 3490 1156 3560 ὑϐριστικὰς
1195 3496 1658 3568 κατακράζοντες.
1696 3501 1806 3554 Καὶ

260 3577 536 3645 ἐξελθόντες
561 3585 608 3635 οί
636 3585 1048 3654 παραμένοντες
1071 3587 1128 3638 ἐν
1150 3586 1227 3657 τῷ
1250 3585 1402 3660 [208]
1431 3592 1806 3663 πατριαρχείῳ

261 3666 362 3736 ἅμα
403 3670 473 3741 τῷ
517 3673 721 3742 κόμητι
765 3674 868 3740 τῆς
934 3675 1251 3744 Ἀνατολῆς,
1301 3675 1480 3747 βέλεσι
1511 3679 1604 3731 κα)⁸
1634 3680 1806 3743 λίθοις

259 3759 577 3826 ἀντιστάντες
613 3766 657 3796 ⁷³
695 3763 924 3829 πολλοὺς
971 3766 1080 3820 τῶν
1126 3769 1530 3833 στασιαζόντων
1569 3771 1800 3826 ἀνεῖλον.

257 3850 327 3903 Τὰ
343 3853 392 3906 δὲ
419 3856 728 3927 πραχθέντα
752 3858 1022 3932 ἀνηνέχθη
1045 3861 1122 3931 τῷ
1153 3860 1364 3932 βασιλεῖ
1383 3879 1396 3894 ·
1431 3865 1524 3917 καὶ
1549 3864 1802 3918 ἐκέλευσε

261 3947 602 4019 τιμωρηθῆναι
635 3950 889 4015 πολλούς.

325 4127 398 4180 Ἐν
419 4131 560 4202 αὐτῷ
587 4133 646 4185 δὲ
689 4132 769 4204 τῷ
801 4135 979 4206 χρόνῳ
1021 4136 1114 4190 καὶ
1151 4137 1386 4208 μήνυσις
1431 4139 1798 4210 κατεπέμφθη

263 4219 384 4289 παρά
414 4220 774 4298 Ἑρμογένους
798 4227 986 4280 ἕνεκεν
1009 4229 1109 4300 τῆς
1135 4228 1412 4300 συμϐολῆς
1430 4230 1524 4283 τοῦ
1558 4231 1800 4302 πολέμου

267 4309 516 4384 Ῥωμαίων
555 4335 614 4370 τε
662 4320 757 4372 καὶ
801 4319 1050 4389 Περσῶν.
1094 4321 1398 4392 Στρατηγοὶ
1427 4323 1536 4391 γὰρ
1572 4317 1800 4394 Περσῶν

261 4409 664 4480 καταδραμόντες
700 4415 839 4482 μετά
865 4413 1120 4484 βοηθείας
1151 4415 1406 4485 χιλιάδων
1437 4415 1518 4482 ἒξ,
1547 4417 1622 4480 ὡς
1647 4418 1798 4488 ὀφεί-

263 4493 408 4563 λοντες
454 4503 792 4573 παραλαϐεῖν
822 4505 1251 4575 Μαρτυρόπολιν
1276 4521 1290 4535 ⁸
1323 4502 1465 4577 ἦσαν
1513 4507 1621 4577 γὰρ
1663 4526 1799 4580 σκη-

1921 2017 1998 2086 git
2031 2031 2045 2068 :
2079 2015 2132 2068 in
2166 2015 2384 2068 theatro
2413 2017 2558 2069 enim
2577 2018 2753 2072 cereis
2784 2033 2813 2070 a
2844 2018 3082 2088 quodam
3127 2023 3403 2085 accensis,
3441 2031 3498 2079 et

1920 2107 2125 2162 alicubi
2161 2108 2216 2162 in
2248 2108 2392 2178 ligna
2445 2108 2682 2178 desuper
2719 2111 3081 2177 stillantibus,
3115 2112 3261 2183 ligna
3285 2113 3498 2169 conﬂa-

1919 2200 2186 2268 grabant;
2255 2198 2349 2253 sed
2409 2207 2780 2255 concurrente
2831 2202 3019 2256 statim
3088 2204 3290 2273 populo
3352 2206 3496 2276 ignis

1917 2290 2392 2360 exstinguebatur.

1989 2382 2190 2438 Eodem
2252 2391 2502 2454 tempore
2540 2384 2593 2436 in
2631 2382 2914 2440 Orientem
2950 2386 3153 2442 missus
3186 2397 3274 2443 est
3305 2388 3496 2445 Demo-

1915 2475 2163 2538 sthenes,
2208 2476 2317 2529 vim
2359 2475 2479 2529 auri
2516 2491 2764 2546 magnam
2819 2487 3140 2548 apportans,
3181 2481 3328 2535 unde
3377 2483 3496 2537 sin-

1915 2565 2070 2634 gulas
2115 2581 2212 2636 per
2250 2567 2415 2623 urbes
2468 2559 2809 2638 repositoria'
2851 2569 3132 2625 frumento
3190 2573 3246 2627 in
3283 2573 3490 2628 bellum

1915 2654 2199 2711 Persicum
2267 2659 2588 2714 instrueret.
2643 2657 2751 2715 Iter
2800 2661 2987 2731 itaque
3017 2661 3142 2732 ejus
3172 2679 3268 2734 per
3301 2666 3497 2721 Antio-

1918 2749 2099 2804 chiam
2132 2751 2458 2818 instituens,
2486 2750 2829 2808 Osdroenam
2863 2755 3135 2825 pervenit.

1982 2934 2148 3007 468
2169 2932 2342 2990 Porro
2370 2935 2533 2990 etiam
2567 2934 2750 2990 Sacrae
2771 2952 2868 3007 per
2888 2937 3054 2993 urbes
3076 2939 3493 3008 emittebantur,

1913 3026 1966 3080 id
1996 3031 2296 3098 exigentes,
2316 3029 2393 3080 uti
2432 3036 2744 3102 sanctarum
2789 3028 3158 3085 Ecclesiarum
3191 3047 3219 3084 a
3245 3048 3494 3088 commu-

1913 3119 2080 3174 nione
2108 3121 2198 3189 qui
2225 3120 2564 3175 abstinerent
2598 3121 3125 3190 exterminarentur;
3167 3124 3373 3195 quippe
3395 3126 3490 3195 qui

1910 3213 2308 3267 subtrahebant
2327 3228 2468 3275 sese.
2486 3221 2845 3282 praetexentes
2862 3211 2963 3267 sibi
2983 3213 3250 3284 synodum
3267 3216 3493 3271 Chalce-

1908 3305 2206 3360 donensem
2237 3321 2413 3359 ncxxx
2445 3305 2860 3374 episc0porum,
2886 3321 3052 3376 quam
3090 3320 3188 3361 nec
3212 3308 3489 3362 nominari

1906 3397 2220 3450 voluerunt.
2247 3396 2954 3464 Ubortusjnde'Antioehia:
2977 3399 3247 3453 tumultus
3267 3399 3494 3462 ,irrum-

1907 3487 2169 3556 pentibus
2199 3487 2253 3540 in
2272 3487 2613 3556 episcopium
2665 3487 2864 3557 popelli
2910 3489 3105 3564 turbis,
3135 3505 3266 3544 saxa
3317 3493 3487 3546 etiam

1905 3578 2253 3634 vibrantibus
2303 3587 2358 3634 et
2414 3580 2665 3633 convicia
2697 3582 3100 3638 evomentibus.
3153 3581 3269 3637 Una
3299 3593 3484 3637 autem

1907 3675 2325 3733 exeuntes,cum
2342 3667 2582 3724 Orientis
2598 3670 2820 3734 comite,
2838 3672 2929 3739 qui
2950 3671 3004 3724 in
3021 3673 3488 3740 patriarchali'uus

1905 3759 2116 3814 mdibus
2189 3763 2700 3826 connnorabantur,
2732 3762 3062 3834 turbamque
3093 3765 3220 3820 telis
3242 3775 3297 3820 et
3332 3768 3486 3822 saxis

1906 3850 2274 3920 impetentesj,
2315 3852 2708 3907 seditiosorum
2767 3857 3214 3924 quamplurimos
3242 3875 3272 3911 e
3305 3860 3487 3912 medio

1906 3943 2272 3996 sustulerunt.
2315 3940 2448 4008 Quae
2507 3943 2598 3996 ubi
2654 3945 2978 4012 imperatori
3018 3948 3199 4001 delata
3225 3947 3481 4015 fuerant,

1905 4048 1935 4086 a
1954 4033 2228 4103 plurimis
2267 4034 2655 4090 seditiosorum
2681 4052 2872 4107 pinnas
2898 4038 3096 4109 exegit.

1978 4125 2179 4180 Eodem
2217 4135 2463 4196 tempore
2495 4128 2668 4197 praelii
2703 4129 2844 4183 alius
2876 4128 3074 4184 Persas
3107 4129 3249 4182 inter
3277 4129 3486 4185 Roma-

1905 4231 2122 4286 nosque
2153 4217 2434 4272 commissi
2463 4218 2658 4272 relatio
2704 4219 2772 4273 ab
2808 4217 3151 4292 Hermogene
3177 4220 3486 4292 [Constan-

1903 4310 2231 4384 tinopolim]
2266 4313 2436 4367 missa
2486 4320 2594 4368 est.
2647 4312 2945 4369 Persarum
2981 4315 3130 4368 enim
3163 4315 3358 4380 duces,
3387 4332 3485 4372 sex

1903 4412 2243 4459 armatorum
2285 4406 2532 4460 millibus
2582 4407 2861 4472 instructi,
2903 4407 3290 4475 imminebant,
3325 4411 3480 4480 quasi

1909 4494 2330 4566 MartyropOlim
2390 4497 2689 4550 adorturi:
2734 4505 2917 4552 castra
2966 4499 3112 4553 enim
3156 4499 3209 4553 in
3257 4502 3482 4571 regione

263 4584 486 4654 νὼσαντες
510 4595 590 4654 εἰς
636 4593 702 4646 τὰ
750 4595 889 4665 μέρη
945 4596 1172 4668 Ἀμίδης
1203 4599 1355 4668 παρά
1397 4599 1474 4668 τῷ
1513 4600 1794 4672 λεγομένῳ

1916 4587 2208 4648 antidensi.
2256 4587 2413 4656 juxta
2481 4588 2809 4658 Nyinpliium
2864 4589 3113 4656 ﬂuvium,
3149 4601 3476 4660 posuerant,

263 4674 457 4750 Νυμφίῳ
515 4684 766 4754 ποταμῷ.
833 4686 1357 4752 ’Λντικαταστάντες
1411 4689 1468 4742 δὲ
1535 4691 1796 4761 Ῥωμαῖοι

262 4766 458 4838 Πέρσαις
489 4775 589 4829 οὐκ
623 4776 966 4846 ἐδυνήθησαν
990 4778 1189 4848 τρέψαι
1221 4780 1442 4844 αύτούς.
1471 4783 1580 4835 Καὶ
1605 4783 1796 4836 δευτέ-

261 4875 336 4927 ραν
359 4864 678 4937 σύγκρουσιν
725 4853 1118 4940 συμϐαλόντες,
1151 4874 1244 4926 καὶ
1275 4875 1565 4946 τρακτάτῳ
1613 4875 1798 4946 φυγῆς

257 4955 551 5024 χρησάμενοι
589 4958 876 5028 Ῥωμαῖοι,
897 4961 1118 5014 ἐδόκουν
1147 4963 1390 5031 φεύγειν.
1421 4965 1484 5018 Oi
1513 4965 1568 5018 δὲ
1591 4966 1797 5038 Πέρσαι

255 5045 677 5118 καταδραμόντες,
715 5052 1042 5120 νομίσαντες
1071 5056 1270 5118 αὐτοὺς
1313 5055 1631 5120 διώκεσθαι,
1676 5058 1798 5111 ἐλυσ-

255 5147 330 5186 σαν
353 5138 413 5190 τὰ
440 5140 650 5194 ἑαυτῶν
700 5142 962 5213 τάγματα
986 5160 1001 5175 °
1036 5147 1372 5217 στραφέντες
1412 5147 1468 5200 δὲ
1521 5149 1782 5219 Ῥωμαῖοι

1896 4676 2132 4733 Roinani
2171 4680 2357 4748 itaque
2385 4681 2436 4732 in
2459 4695 2554 4735 eos
2590 4692 2898 4743 moventes,
2924 4679 3124 4736 Persas
3154 4683 3332 4752 primo
3367 4683 3478 4738 imo

1894 4780 2023 4840 pctu
2077 4772 2392 4841 propellere
2442 4786 2550 4824 non
2609 4779 2907 4841 potuerunt
2959 4787 2973 4825 :

1891 4878 2222 4934 congressu.
2248 4863 2429 4932 fugam
2455 4863 2558 4934 ipsi
2583 4865 2935 4931 simulantes,
2970 4875 3122 4938 terga
3154 4869 3426 4923 dederunt
3457 4885 3473 4933 ;

1894 4973 2057 5028 quos,
2095 4967 2358 5027 tanquam
2403 4958 2456 5010 in
2515 4960 2696 5029 [ngam
2734 4969 2912 5024 actos,
2961 4960 3256 5016 confertim
3291 4960 3476 5017 Persae

3035 4773 3234 4828 iterato
3291 4786 3474 4830 autem

1899 5052 2162 5116 insecuti,
2223 5052 2447 5107 ordines
2497 5068 2634 5107 suos
2657 5054 2967 5108 solvebant.
2995 5055 3133 5110 Tum
3170 5071 3302 5111 vero
3343 5071 3474 5109 con-

1893 5153 2175 5200 vertentes
2214 5161 2338 5200 sese
2367 5144 2620 5206 Romani.
2662 5147 2772 5203 duo
2800 5147 3095 5205 Persarum
3127 5149 3300 5202 millia
3326 5147 3475 5201 exci-

1473 5284 1712 5340 VARIAE
1748 5285 2166 5342 LPJC'I'IONES.

311 5364 345 5395 ⁸⁸
370 5367 648 5433 Δύγούστα
677 5368 779 5426 0x.

868 5371 915 5403 ’θ
944 5369 1220 5440 λαθραίων
1267 5371 1368 5428 Ox.

255 5434 456 5500 ιστάντες
489 5439 590 5493 Ox.

1453 5376 1495 5406 "
1542 5378 1700 5446 μετὰ.
1738 5379 1880 5431 κατά
1925 5376 2030 5432 Ox.
2065 5376 2214 5432 V.atl
2242 5393 2294 5446 p.
2328 5375 2396 5430 68
2427 5377 2484 5432 Β.

2593 5381 2638 5412 ⁷⁸
2705 5381 3019 5452 Ὀσδροῖνὴν
3060 5381 3162 5436 Ox.
3269 5383 3314 5415 ⁷³
3340 5384 3469 5444 ἀνο-

1432 5559 1542 5615 ΕΟ.
1583 5561 1959 5620 CIIIIMEADI
2012 5564 2238 5622 NOTIE.

259 5645 398 5744 ηιμ)
442 5650 692 5720 ’γφῆιιαν
753 5649 822 5704 τὰ
883 5649 1037 5717 ξύλα.
1107 5650 1228 5706 Ser.
1307 5637 1615 5725 ὑφήψαντο,
1670 5657 1787 5714 sive

254 5729 460 5760 ueruatn

282 5734 480 5782 "we-.0.

282 5745 408 5861 νμυλ
441 5790 523 5842 Ἐν
580 5791 658 5856 τῷ
713 5792 1071 5861 ὲπισκοπείῳ.
1134 5793 1518 5848 Ἑπισκοπεῖον
1573 5795 1784 5854 dictum

252 5864 314 5908 est
341 5859 560 5932 episeopi
617 5863 930 5931 palatium;
969 5859 1116 5934 quod
1156 5865 1209 5918 in
1260 5866 1504 5935 proxime
1544 5881 1783 5939 sequen-

525 5952 799 6018 PATBOL.
847 5955 967 6016 Gn.
1013 5955 1254 6021 XCVII.

1895 5661 2041 5740 tibus
2085 5665 2477 5740 ﬂatptapxsiov
2533 5664 2698 5740 etiam
2743 5672 3012 5740 vocatur;
3061 5665 3296 5740 scilicet
3327 5667 3464 5740 quia

1891 5732 2186 5856 episclopus
2217 5734 2594 5856 Aptiochenus
2627 5735 2792 5791 etiam
2813 5735 3150 5794 Patriarclne
3180 5732 3465 5799 titulo'ino

1892 5818 2032 5859 5mm
2066 5819 2128 5859 us
2163 5818 2254 5858 era
2287 5841 2301 5856 .

1941 5818 2128 5874 gnitus
2163 5818 2301 5858 erat.

3069 5971 3146 6033 22
