3862 6318
230 463 358 540 685

1282 462 2198 528 CHRONOGRAPHIA.—LIB.
2219 465 2444 528 XVIII.

3419 461 3524 532 680

229 572 396 659 βίη
439 570 498 626 δὶ
545 567 740 627 ταῦτα’
772 573 800 626 6
845 572 1101 644 βασιλεὺς
1127 573 1503 638 Ἰουστινιανδς
1537 574 1826 629 διεκώλυσε

1943 586 2252 635 metuentes
2285 578 2390 633 sibi
2428 591 2498 632 ne
2538 575 2607 632 ab
2633 574 2884 633 hostibus
2911 577 3416 633 circutndareutur.
3451 579 3527 637 De

235 668 370 732 τοὺς
418 664 609 720 ἑαυτοῦ
656 663 1005 736 πρεσϐευτὰς
1053 665 1149 721 τοῦ
1203 667 1469 721 εἰσελθεῖν
1512 670 1572 722 ἐν
1613 667 1836 738 Περσίδι

237 769 375 836 ἀχρι
399 760 658 831 δευτέρας
699 759 870 815 αὐτοῦ
921 762 1232 832 μηνύσεως,
1260 761 1376 818 ἀλλ’
1407 761 1630 833 ἔμειναν
1659 764 1740 828 είς
1769 761 1836 817 τὰ

207 3117 234 3144 9

215 3169 230 3184 ν

225 3215 237 3232 I

198 3473 232 3543 l

253 853 536 926 Ῥωμαϊκὰ
563 852 676 925 (22)
703 854 803 909 σὺν
836 856 950 919 τοῖς
979 853 1194 926 δώροις.

329 1109 390 1186 '0
417 1130 471 1185 δὲ
493 1127 659 1194 αὐτὸς
688 1129 950 1201 βασιλεὺς
988 1102 1348 1204 κατέπεμψεν.
1375 1135 1434 1188 ὲν
1466 1133 1674 1198 πάσαις
1709 1135 1834 1200 ταῖς

241 1225 436 1281 πόλεσι
475 1222 676 1294 νόμους
729 1222 922 1277 ἓνεκεν
972 1223 1084 1279 τῶν
1135 1222 1510 1296 δικαζομένων
1545 1227 1679 1298 περὶ
1723 1227 1834 1281 τῶν

248 1316 630 1389 παρεχομένων
676 1316 1096 1387 δαπανημάτων
1146 1318 1206 1372 ἐν
1257 1321 1381 1383 ταῖς
1432 1318 1794 1388 διαγνώσεσιν
1813 1358 1829 1384 ,

253 1410 449 1480 ιμοίως
490 1408 544 1462 δὲ
591 1407 688 1462 καὶ
737 1411 868 1480 περὶ
918 1408 1028 1462 τῶν
1057 1409 1454 1481 παρεχομένων
1474 1411 1519 1443 ⁷⁸
1553 1410 1831 1482 σπαρτού-

253 1509 356 1554 λων
401 1500 527 1571 (25),
576 1498 841 1564 θεσπίσας
890 1501 968 1572 (ιι)
1017 1502 1224 1572 μηδένα
1269 1503 1480 1574 τολμᾷν
1528 1501 1832 1574 λαμϐάνειν

249 1593 555 1664 πραιτέρω
597 1593 700 1664 τῆς
742 1596 877 1664 παρ’
909 1594 1078 1648 αὐτοῦ
1119 1594 1475 1666 τυπωθεισης
1503 1595 1826 1666 ποσότητος.

265 1684 354 1736 Ἐν
383 1683 519 1753 δὲτῇ
542 1683 866 1754 Ἀντιοχέων
911 1684 1068 1738 πόλει
1114 1686 1174 1738 ὲν
1211 1685 1418 1751 τίτλοις
1467 1686 1698 1742 σανίδων
1729 1689 1831 1741 ἑπ-

249 1775 462 1846 εγράφη
489 1773 554 1827 δι’
581 1771 911 1847 Ἑλληνικῶν
934 1777 1309 1848 γραμμάτων.
1326 1778 1416 1831 Ἐν
1448 1777 1634 1851 ταύτῷ
1656 1777 1714 1833 δὲ
1735 1779 1831 1836 καὶ

246 1865 314 1918 τὸ
336 1863 692 1937 θέατροψβᾶ)
716 1865 817 1938 τῆς
843 1866 1054 1931 πόλεως
1082 1867 1450 1940 ἐχρημάτισε.

321 2051 404 2121 τῇ
449 2049 500 2104 δὲ
540 2049 708 2124 ὀγδόῃ
752 2048 854 2104 τοῦ
906 2047 1287 2123 Σεπτεμϐρίου
1319 2050 1489 2123 μηνὸς
1521 2053 1549 2106 6
1576 2049 1832 2122 βασιλεὺς

243 2141 326 2197 ’Πε
335 2142 472 2214 ρσιῖιν
489 2142 738 2213 Κωάδης,
753 2143 1009 2214 ἀκηκοὼς
1025 2142 1096 2197 τὰ
1117 2142 1404 2213 συμϐάντα
1421 2143 1664 2214 Πέρσαις
1683 2145 1831 2200 κακὰ

250 2236 360 2290 ὑπὸ
377 2234 668 2306 Ῥωμαίων,
685 2234 784 2288 καὶ
801 2235 1069 2304 αἰφνίδιον
1092 2233 1358 2307 παρεθεὶς
1385 2233 1453 2288 τὰ
1478 2234 1634 2303 δεξιὰ
1661 2234 1826 2309 μέρη,

247 2327 352 2378 καὶ
381 2324 588 2394 ἀγαγὼν
621 2324 713 2378 τὸν
740 2324 1000 2396 δεύτερον
1029 2324 1197 2379 αὐτοῦ
1237 2325 1355 2379 υἱὸν
1399 2324 1704 2397 Χοσδρόην,
1734 2326 1828 2380 άν-

250 2419 510 2488 ηγόρευσε
537 2416 764 2488 βασιλέα
785 2457 802 2484 ,
838 2416 1053 2480 ἐπιθεὶς
1081 2416 1234 2489 αὐτῷ
1264 2418 1536 2487 στέφανον
1565 2419 1633 2489 τῇ
1660 2434 1826 2490 κορυ-

260 2511 376 2580 φῇ·
418 2507 501 2563 καὶ
539 2509 904 2581 ἀρρωστήσας
952 2509 1168 2582 ἡμέρας
1197 2509 1364 2564 πέντε
1397 2511 1426 2564 6
1456 2509 1568 2565 τῶν
1599 2510 1828 2582 Περσῶν

273 2598 510 2670 βασιλεὺς
528 2601 757 2673 Κωάδης
793 2603 1044 2676 τελευτᾷ,
1075 2602 1152 2659 ὢν
1179 2603 1447 2658 ἐνιαυτῶν
1478 2601 1569 2676 πβ⁹
1595 2603 1691 2658 καὶ
1719 2619 1826 2676 μη-

267 2691 380 2748 νῶν
407 2693 580 2766 τριῶν
608 2694 936 2751 ιϐασίλευσε
965 2695 1022 2750 δὲ
1047 2695 1148 2768 ἐτη
1177 2701 1269 2768 μγ³
1296 2696 1392 2751 καὶ
1431 2695 1610 2769 μῆνας
1634 2696 1753 2754 δύο.

326 2967 452 3024 Ὅτε
477 2969 532 3024 δὲ
561 2967 716 3043 {812]
738 2969 1084 3043 ἀνηγορεύθη
1121 2968 1376 3040 βασιλεὺς
1413 2969 1644 3042 Περσῶν
1685 2969 1826 3024 Χοσ-

249 3057 430 3134 δρὰης,
457 3062 690 3132 ἐδήλωσε
713 3065 828 3127 τοῖς
859 3063 1225 3133 πρεσϐευταῖς
1256 3063 1548 3132 Ῥωμαίων
1573 3061 1660 3116 διὰ
1683 3063 1824 3134 Πέρ-

263 3154 342 3206 σοῦ
393 3153 783 3224 μαγιστριανοῦ
832 3154 1101 3208 εἰσελθεῖν
1142 3156 1202 3209 δν
1246 3157 1360 3219 τοῖς
1401 3155 1695 3225 Περσικοῖς
1728 3154 1824 3208 καὶ

1939 673 2026 730 his
2052 681 2238 728 autem
2266 673 2474 728 certior
2516 669 2695 727 factus
2725 669 3070 728 Justinianus
3103 673 3424 743 imperator,
3448 671 3530 730 le-

1937 766 2080 838 gatis
2107 766 2226 822 suis
2248 764 2442 829 edixit,
2475 777 2541 818 nc
2566 772 2693 818 ante
2735 764 2790 819 in
2805 763 3090 820 Persidem
3113 763 3527 835 proﬁcisceren-

1937 869 2050 924 tur,
2083 874 2248 930 quam
2282 841 2526 916 secundo
2544 860 2647 914 hoc
2678 856 2784 914 illis
2806 857 3061 912 innueret
3091 857 3206 928 ipse
3229 895 3246 922 ,
3277 857 3375 911 sed
3399 871 3524 939 cunt

1937 951 2264 1009 muneribus
2297 953 2415 1010 suis
2449 953 2594 1008 intra
2630 951 2765 1008 fines
2805 950 3087 1007 Itomauos
3127 964 3247 1006 sese
3278 949 3528 1007 contineo

1935 1054 2080 1098 rent.

2006 1137 2156 1193 Idem
2185 1137 2504 1208 imperator,
2537 1135 2592 1188 in
2625 1133 2860 1206 gratiam
2888 1145 3079 1187 eorum
3107 1131 3199 1201 qui
3229 1131 3283 1186 in
3311 1130 3402 1201 jns
3425 1146 3522 1184 vo-

1933 1229 2043 1284 cati
2093 1236 2245 1290 sunt,
2279 1227 2424 1298 leges
2469 1240 2592 1297 quae
2627 1223 2940 1296 sumptibus
2980 1225 3036 1278 in
3085 1222 3525 1293 dijudicationcs

1935 1320 2112 1375 litium
2149 1318 2440 1383 faciendis,
2499 1317 2720 1374 modum
2772 1315 3221 1386 praescriberent,
3278 1316 3522 1387 singulas

1933 1413 2151 1484 imperii
2184 1427 2280 1484 per
2315 1411 2483 1466 urbes
2511 1410 2718 1464 emisit.
2757 1407 3138 1463 Consimiliter
3183 1425 3408 1480 quoque
3455 1411 3524 1465 de

1935 1507 2200 1578 sportulis
2227 1504 2507 1562 solvendis
2524 1503 2706 1560 edicto
2731 1503 2895 1568 cavit,
2915 1519 2984 1558 ne
3001 1505 3128 1573 quis
3151 1502 3290 1556 ultra
3310 1502 3524 1556 dimen-

1934 1616 2053 1657 sum
2072 1616 2253 1668 suum,
2278 1599 2488 1671 legibus
2515 1597 2622 1652 sibi
2644 1597 2972 1667 praeﬁnitum
3005 1611 3224 1652 sumere
3239 1594 3399 1667 47],
3421 1611 3523 1650 au-

1915 1693 2105 1748 deret.
2126 1692 2378 1747 Edictum
2401 1705 2534 1745 vero
2573 1689 2679 1744 hoc
2715 1688 3068 1750 Antiocheni,
3093 1687 3297 1743 Graecis
3323 1687 3523 1743 inscri-

1933 1792 2088 1856 ptum
2115 1783 2336 1848 litteris,
2365 1784 2420 1837 in
2460 1782 2769 1836 tabularum
2801 1782 2990 1836 titulos
3042 1781 3275 1836 relatum
3311 1778 3522 1834 habue-

1932 1883 2082 1931 runt.
2127 1875 2330 1930 Eodem
2378 1873 2546 1930 etiam
2594 1887 2848 1944 tempore
2881 1873 3032 1929 urbis
3065 1873 3279 1929 theatro
3315 1887 3517 1928 nomen

1931 1965 2252 2037 impositum
2281 1974 2385 2020 est.

2001 2056 2208 2113 Mensis
2224 2063 2407 2112 autem
2430 2053 2776 2126 Septembris
2808 2068 2902 2108 rm
2949 2052 3190 2117 Coades,
3222 2052 3514 2109 Persarum

1929 2163 2051 2214 rex,
2084 2163 2206 2220 qua:
2227 2146 2416 2205 Persis
2443 2147 2563 2204 suis
2588 2161 2618 2201 a
2655 2145 2921 2201 Romanis
2947 2146 3309 2208 obvenerant,
3342 2143 3517 2199 eladi-

1929 2240 2035 2298 hus
2061 2241 2289 2305 auditis,
2347 2240 2417 2295 de
2453 2245 2680 2310 repente
2729 2237 2976 2308 paralysi
3035 2235 3226 2292 dextra
3263 2236 3516 2306 corporis

1927 2341 2084 2405 parte
2116 2339 2415 2403 correptus
2454 2339 2560 2387 est.
2621 2329 2937 2386 Convocato
2967 2329 3154 2399 itaque
3181 2329 3248 2382 ad
3285 2345 3343 2384 se
3371 2327 3520 2384 Clin-

1927 2439 2072 2488 sroe,
2107 2424 2219 2480 tilio
2268 2439 2371 2481 suo
2421 2422 2666 2480 secundo
2705 2421 2909 2493 genito,
2965 2419 3388 2490 diademateque
3425 2435 3519 2474 ca-

1927 2517 2030 2589 piti
2063 2517 2188 2588 ejus
2215 2515 2496 2588 imposito,
2531 2529 2713 2586 regem
2745 2529 2872 2569 eum
2902 2513 3263 2568 renuntiarit.
3305 2512 3515 2580 Quinto

1926 2616 2113 2664 autem
2153 2616 2279 2680 post
2314 2609 2404 2663 die
2431 2621 2598 2679 quam
2664 2605 3006 2660 decubuerat
3047 2605 3283 2668 Coades,
3315 2604 3517 2662 Persa-

1927 2715 2050 2756 rum
2082 2716 2200 2766 rex,
2264 2701 2409 2756 diem
2443 2715 2603 2755 suum
2639 2701 2800 2764 obiit,
2857 2715 2984 2755 cum
3041 2700 3275 2755 vixisset
3334 2713 3515 2754 annos

1925 2804 2114 2846 LIX!"
2161 2801 2215 2846 et
2272 2805 2491 2846 menses
2551 2805 2632 2858 Ill,
2667 2798 2954 2862 regnasset
2988 2804 3118 2846 VEI‘O
3167 2804 3343 2845 annos
3377 2805 3509 2844 ιιιιι

1926 2896 2258 2953 mensesque
2293 2898 2356 2937 ιι.
2465 2931 2470 2934 _

1993 2973 2264 3029 Cliosrnes
2299 2988 2428 3029 vero
2461 2972 2752 3030 Persarum
2783 2989 2877 3028 rex
2910 2973 3110 3038 factus,
3140 2971 3516 3028 Romanorum

1925 3064 2133 3135 legatos
2151 3081 2246 3136 per
2269 3065 2686 3137 Magis-triarium
2714 3065 2935 3120 Persam
2960 3074 3168 3132 monet,
3204 3066 3280 3119 uti
3306 3065 3361 3120 in
3382 3063 3516 3120 Pcr-

1926 3154 2098 3210 sitlem
2129 3155 2412 3220 venirent,
2441 3157 2509 3210 de
2537 3171 2671 3222 pace
2695 3155 2974 3210 Rmnanos
3007 3155 3150 3210 inter
3210 3153 3518 3226 Persasque

261 3244 466 3315 ποιῆσαι
505 3245 734 3316 εἰρήνης
783 3245 971 3300 πάκτα
1021 3245 1233 3317 μεταξὺ
1289 3245 1576 3316 Ῥωμαίων
1622 3261 1684 3299 τε
1727 3245 1824 3300 καὶ

1937 3245 2166 3302 ineunda
2206 3247 2399 3316 agendi
2429 3261 2620 3302 causa.
2660 3245 2845 3318 Legati
2889 3262 3018 3303 vero
3072 3246 3331 3312 Romani,
3371 3264 3514 3320 quo-

261 3334 467 3404 Περσῶν
485 3349 500 3364 ⁶
523 3334 636 3391 τῶν
674 3335 735 3389 δὲ
782 3335 1140 3409 πρεσϐευτῶν
1170 3336 1464 3407 Ῥωμαίων
1489 3337 1564 3408 μὴ
1593 3337 1825 3410 ἀνασχε-

265 3422 447 3480 θὲντων
474 3427 742 3482 εἰσελθεῖν
768 3430 850 3493 εἰς
873 3430 944 3485 τὰ
973 3430 1223 3502 Περσικὰ
1256 3430 1380 3500 δίχα
1408 3429 1716 3494 κελεύσεως
1735 3429 1830 3501 βα-

268 3516 479 3590 σιλικῆς,
504 3518 962 3589 ἀπολογούμενοι,
985 3521 1062 3575 οὐ
1091 3519 1386 3592 τολμῶμεν
1411 3519 1480 3575 τὰ
1511 3519 1650 3592 πρὸς
1683 3520 1830 3590 ὑμᾶς

267 3611 612 3682 καταφθάσαι,
646 3614 746 3667 καὶ
791 3614 954 3681 γνοὺς
1000 3613 1175 3668 ταῦτα
1221 3616 1250 3668 6
1287 3613 1517 3687 Περσῶν
1547 3612 1827 3684 βασιλεὺς,

270 3704 460 3775 γράψας
481 3705 778 3778 ἐπιστολὴν
807 3705 1022 3778 ἔπεμψε
1063 3705 1202 3776 πρὸς
1229 3705 1322 3760 τδν
1353 3705 1582 3777 βασιλέα
1607 3707 1830 3760 Ἰουστι-

273 3797 446 3863 mm,
477 3799 641 3854 αἰτῶν
684 3797 1127 3871 ὲπιτραπῆναιδθ
1157 3797 1286 3861 τοὺς
1313 3795 1658 3870 πρεσϐευτὰς
1695 3797 1829 3852 Ῥω·

281 3889 430 3958 μαίων
451 3891 710 3945 εἰσελθεῖν
737 3892 795 3945 ὲν
830 3889 1052 3962 Περσίδι
1083 3889 1181 3944 καὶ
1209 3889 1400 3943 πάκτα
1435 3889 1683 3962 ποιῆσαι.
1716 3889 1828 3943 Καὶ

279 3980 463 4051 γράψας
505 3983 728 4053 φιλικὴν
770 3982 1063 4050 ἐπιστολὴν
1093 3984 1120 4035 6
1159 3981 1413 4052 βασιλεὺς
1443 3980 1691 4054 Περσῶν,
1723 3981 1829 4035 ἁπ-

283 4070 456 4127 ίστειλε
484 4073 566 4130 διὰ
594 4069 960 4147 Ἑρμογένους
991 4074 1296 4148 μαγίστρου
1319 4091 1334 4107 ο
1363 4075 1558 4146 ἥντινα
1593 4073 1827 4145 μήνυσιν

282 4161 528 4236 δεξάμενος
556 4167 586 4220 ὀ
623 4165 883 4237 βασιλεὺς
919 4165 1212 4236 Ῥωμαίων
1256 4163 1620 4236 ἀντέγραψεν,
1637 4164 1827 4235 Ἡμεῖς

281 4256 362 4310 οὐκ
388 4258 742 4330 ἐπιτρέπομεν
786 4261 901 4320 τοῖς
943 4258 1238 4330 ἡμετέροις
1272 4257 1636 4329 πρεσϐευταῖς
1688 4255 1826 4328 πρὸς

283 4347 398 4418 ὑμᾶς
420 4353 740 4410 καταλαϐεῖν
759 4370 775 4386 ’
809 4351 937 4406 οὔτε
961 4351 1073 4424 γὰρ
1097 4343 1447 4422 ἐπιστάμεθᾶ
1493 4366 1554 4404 σε
1599 4348 1826 4421 βασιλέα

281 4439 484 4511 Περσῶν.

329 4535 416 4590 Καὶ
438 4539 585 4610 αὐτῷ
612 4538 690 4610 τῷ
717 4538 898 4611 χρόνῳ
922 4539 951 4592 6
980 4536 1236 4609 βασιλεὺς
1261 4536 1490 4609 Περσῶν
1513 4537 1640 4600 τοὺς
1663 4536 1826 4600 ὄντας

1931 3354 2054 3395 rum
2085 3338 2140 3394 id
2168 3339 2388 3394 arbitrii
2416 3356 2525 3396 non
2557 3349 2702 3406 erat,
2746 3356 2845 3410 pro
2880 3340 3044 3396 libitu
3071 3355 3176 3398 suo
3219 3339 3507 3398 Persidem

1929 3437 2140 3502 petere,
2206 3430 2504 3488 Persarqu
2557 3433 2674 3502 regi
2727 3433 3143 3500 renuntiantes,
3184 3435 3506 3489 mandatum

1930 3521 2285 3594 imperatoris
2315 3526 2528 3580 causati
2565 3534 2716 3582 sunt.
2759 3524 2916 3592 Quod
2947 3525 3245 3582 Persarum
3279 3541 3374 3582 rex
3411 3525 3508 3581 ubi

1929 3612 2218 3678 rescierat,
2269 3613 2661 3684 imperatorem
2709 3613 3087 3671 Justinianum
3143 3629 3239 3686 per
3267 3616 3508 3680 litteras,
3621 3665 3628 3678 ,

1927 3718 2070 3774 quas
2132 3705 2404 3776 magistro
2467 3705 2798 3777 Hermogeni
2861 3705 3191 3762 deferendas
3251 3707 3508 3772 tradidit,

1938 3792 2196 3850 amicitiae
2216 3795 2428 3865 plenas,
2455 3795 2878 3863 adhortabatur,
2915 3797 3108 3868 legatis
3141 3800 3259 3853 suis
3283 3798 3514 3868 impedi-

1928 3895 2112 3940 mento
2127 3895 2378 3954 neesset,
2396 3888 2693 3958 quominus
2723 3887 2778 3942 in
2793 3885 3076 3943 Persidem
3101 3889 3372 3956 venirent,
3401 3904 3508 3960 pa-

1931 3979 2017 4036 cis
2050 3978 2259 4036 fcedera
2289 3979 2630 4050 percussuri.
2657 3978 2871 4046 Quibus
2902 3981 3102 4035 litteris
3123 3981 3385 4053 acceptis,
3411 3983 3515 4038 im-

1927 4079 2148 4143 perator
2162 4071 2456 4130 Persarum
2481 4072 2598 4144 regi
2625 4071 2911 4143 rescripsit
2935 4111 2951 4136 ,
2991 4073 3136 4128 hunc
3161 4073 3217 4128 in
3248 4074 3507 4130 modum:

1925 4165 2093 4239 472
2127 4166 2364 4238 Legatos
2405 4173 2628 4222 nostros
2679 4164 2744 4219 ad
2780 4173 2832 4221 te
2861 4165 3047 4222 venire
3087 4180 3196 4221 non
3241 4166 3512 4237 permitti-

1927 4273 2088 4314 mus:
2125 4275 2224 4316 nec
2253 4259 2398 4315 enim
2427 4259 2722 4317 Persarum
2756 4275 2940 4332 regem
2977 4270 3030 4316 te
3063 4260 3439 4332 agnoscimus.

1995 4537 2106 4595 Per
2165 4538 2218 4594 id
2261 4547 2481 4610 tempus
2531 4537 2828 4596 Persarum
2880 4555 2975 4594 rex
3021 4537 3361 4604 Manichaeis,
3414 4554 3512 4610 per

283 4625 361 4682 ὕπὸ
390 4631 478 4704 τὴν
519 4632 685 4686 αὐτοῦ
721 4631 1003 4686 πολιτείαν
1030 4629 1372 4702 Μονιχαίους
1406 4629 1663 4684 ἐκέλευσε
1692 4630 1826 4702 θρη-

1937 4629 2224 4700 imperium
2276 4629 2400 4698 ejus
2458 4627 2814 4700 degentibus,
2850 4629 3105 4684 haeresim
3133 4642 3291 4684 suam
3324 4627 3513 4683 indul-

279 4727 454 4781 σκεὺειν
475 4728 548 4791 ὡς
579 4727 888 4799 βούλονται.
917 4726 981 4780 0i
1002 4725 1059 4780 δὲ
1091 4725 1259 4796 μάγοι
1277 4723 1322 4757 ⁸⁸
1352 4721 1603 4796 Περσῶν,
1643 4721 1820 4790 λυπηοο

273 4813 418 4884 θέντες
455 4823 551 4875 ἐπὶ
601 4819 684 4891 τῷ
729 4818 1020 4890 συμϐάντι,
1051 4815 1476 4888 βουλευσάμενοι
1526 4811 1666 4885 μετὰ
1713 4810 1824 4865 τῶν

271 4913 614 4988 συγκλητικῶν
649 4911 1032 4985 ἠϐουλήθησαν
1057 4909 1314 4965 ἐκϐαλεῖν
1340 4906 1503 4962 αὑτὸν
1539 4905 1639 4975 τῆς
1668 4903 1822 4975 βασι-

1926 4720 2302 4791 gebat:quod
2361 4735 2470 4775 non
2526 4721 2770 4776 ferentes
2804 4721 2859 4775 in
2897 4735 2964 4776 eo
2991 4721 3160 4790 magi,
3204 4735 3330 4776 cum
3373 4734 3507 4790 pro-

1929 4812 2154 4868 ceribus
2190 4812 2340 4882 regni
2381 4811 2678 4868 consilium
2719 4813 2989 4879 inierunt,
3053 4827 3236 4884 regem
3271 4811 3509 4883 imperio

1931 4920 2034 4960 suo
2081 4904 2434 4970 delurbandi,
2483 4903 2822 4974 fratremque
2884 4903 2940 4960 in
2987 4903 3174 4960 locum
3200 4904 3322 4976 ejus
3355 4903 3510 4962 suillo

1537 5015 1777 5072 VARIE
1814 5011 2218 5070 LECTIONES.

317 5120 353 5154 η
376 5120 755 5192 οπορτούλλων
775 5115 880 5176 0x.
930 5117 978 5150 ⁸⁸
1000 5115 1374 5186 ἑπιτραπῆσαι
1401 5112 1505 5169 Ox.
1579 5109 1624 5142 ⁸³
1651 5109 1760 5165 τῶν
1787 5107 1890 5164 Ox.

1479 5243 1590 5298 EI).
1623 5240 1999 5300 CHILMEADI
2029 5239 2263 5299 NOTE.

317 5345 416 5416 (ἥ)
456 5342 852 5416 Ἇλλξέμε-ιναν
883 5341 963 5404 εἰς
999 5339 1068 5394 τὰ
1105 5337 1414 5410 Ῥωμαϊκά.
1460 5333 1628 5393 Forte
1675 5335 1819 5392 scri-

271 5413 471 5471 bendum
497 5413 634 5468 ἀλλὰ
667 5413 876 5482 μένειν.

327 5485 422 5554 (25)
482 5485 615 5554 Περὶ
661 5474 770 5535 τῶν
820 5479 1216 5552 παρεχομένων
1287 5477 1692 5554 σπορτοὺλλων.
1745 5474 1824 5554 De

327 5501 422 5554 ιω)
482 5501 553 5538 us
598 5501 615 5537 ι
661 5501 770 5535 των
820 5501 1216 5552 παρεχομενων
1287 5501 1692 5550 σπορτουΛΛων.
1746 5501 1821 5532 νυ

281 5555 486 5620 mortalis
540 5501 916 5609 [famanorum
962 5566 1076 5606 non
1112 5557 1198 5607 est
1249 5549 1398 5622 quod
1447 5547 1540 5604 hic
1595 5545 1821 5619 aliquod

1928 5336 2216 5408 dicamus;
2250 5335 2495 5408 auctoris
2532 5336 2722 5408 nostri
2745 5338 3000 5408 sportula:
3032 5345 3189 5393 erant
3223 5337 3513 5407 praemium

1929 5421 1961 5460 θ
1991 5405 2291 5460 clientibus
2320 5405 2604 5461 advocatis
2641 5405 2905 5462 suis'dari
2939 5409 3187 5464 solitum.

2007 5474 2120 5546 (24)
2150 5475 2224 5546 r'I"
2260 5474 2412 5546 αὺτῷ
2451 5476 2513 5530 δὲ
2549 5477 2646 5532 καὶ
2676 5477 2734 5530 τὸ
2777 5475 3023 5546 θέατρον,
3056 5487 3165 5534 etc.
3206 5475 3348 5544 Quid
3396 5477 3514 5534 haec

1917 5545 2026 5604 sibi
2057 5545 2227 5601 velint
2255 5545 2358 5600 hoc
2390 5548 2443 5601 in
2475 5548 2620 5612 loco,
2663 5561 2772 5602 non
2809 5545 2990 5605 video.

1611 5659 1802 5717 HODII
1835 5658 2068 5717 NOTAE.

339 5760 396 5831 (is)
421 5761 706 5828 Θεσπίσας.
742 5761 913 5818 Forte
937 5759 1260 5829 designatur
1293 5753 1646 5831 NoveUa‘S‘Z,
1672 5770 1724 5812 c.
1765 5753 1817 5820 7,

298 5827 510 5902 (lnie'data
544 5846 630 5890 est
649 5827 863 5902 aliquot
890 5827 1226 5902 annis_post_
1231 5835 1453 5897 tempus
1487 5827 1558 5883 ab
1587 5834 1823 5902 auctore

297 5899 605 5974 demiratum,
637 5895 797 5961 videl.
817 5903 1028 5976 Apione
1044 5895 1172 5957 Cos.
1189 5895 1466 5956 (laterum
1486 5906 1541 5954 et
1574 5897 1684 5954 alia
1719 5895 1825 5952 fuit

1931 5763 2063 5808 ante
2099 5765 2269 5822 super
2297 5767 2356 5807 re
2385 5752 2579 5809 eadem
2634 5748 3002 5813 Cnnstitutio,
3053 5765 3176 5822 qua
3203 5749 3328 5806 ibid.
3367 5757 3420 5808 et
3452 5750 3510 5810 in

1927 5823 2178 5880 Institut.
2224 5824 2374 5896 lilii,
2407 5823 2494 5878 tit.
2529 5822 2584 5890 6,
2615 5822 2642 5896 §
2672 5823 2766 5890 24,
2821 5833 3192 5890 memoratur,
3253 5823 3349 5878 sed
3383 5834 3511 5888 qua

1921 5897 2036 5968 jam
2060 5894 2367 5967 deperdita.
