3862 6318
219 438 331 500 ’105

1257 435 1942 498 CHRONOGRAPIIIA;
1981 461 2048 471 -
2070 435 2219 497 LIB.
2250 436 2475 497 XVIII.

3402 426 3509 501 706

223 547 379 617 φόρῳ
429 544 853 597 Κωνσταντίνου
875 584 889 602 .
950 546 1044 600 καὶ
1096 545 1384 616 κατεπάρη
1422 548 1482 598 ὲν
1504 547 1570 616 τῇ
1598 548 1668 616 γῇ
1702 544 1816 616 (55)

1937 545 2236 610 leturbata,
2269 545 2337 600 ad
2385 555 2500 600 tres
2559 543 2776 599 culiitns
2815 544 2868 599 in
2923 552 3126 600 terram
3180 548 3510 615 penetravit.

225 638 322 690 ἐπὶ
382 637 583 703 πήχεις
630 638 807 706 τρεῖς.
842 633 933 687 Ἐν
959 636 1015 687 δὲ
1046 637 1157 696 τοῖς
1198 635 1575 707 συμπτώμασι
1629 633 1818 688 πολλοὶ

230 727 671 800 συνελήφθησαν.
730 729 819 781 Ἐν
872 727 1023 798 αὐτῷ
1068 727 1123 780 δὲ
1161 728 1240 799 τῷ
1294 727 1448 798 φόϐῳ
1500 724 1595 781 καὶ
1659 726 1817 782 ἄλλαι

232 823 417 890 πόλεις
465 824 693 888 ἔπαθον,
721 826 780 876 ὲν
808 818 894 888 οἷς
926 824 1021 878 καί
1048 823 1422 894 Νικομηδείας
1453 823 1621 893 μέρος
1643 840 1817 875 κατα-

236 920 419 972 πεσεῖν
449 916 584 985 (56).
621 916 722 969 Ἐκ
750 914 809 968 δὲ
835 914 947 968 τῶν
976 915 1406 984 συμπτωμάτων
1444 913 1819 984 Νικομηδείας

239 1013 335 1066 καὶ
378 1008 493 1081 μεθ’
546 1007 763 1079 ἡμέρας
811 1006 960 1071 τινὲς
1006 1007 1210 1071 ζῶντες
1237 1005 1643 1076 ἀνηνέχθησαν.
1691 1005 1822 1057 Ἐπ-

240 1104 505 1174 εκράτησε
531 1100 588 1153 δὲ
618 1102 647 1154 ό
674 1099 839 1163 αὐτὸς
870 1099 1093 1170 σεισμὸς
1118 1100 1330 1171 ἡμέρας
1353 1106 1427 1170 μ’.
1626 1084 1631 1090 ’

192 1220 205 1271 ι
308 1194 449 1265 Μηνὶ
502 1194 714 1263 Ἰουλίῳ
753 1191 1092 1257 ίνδικτιῶνος
1118 1192 1160 1246 δ’
1194 1193 1596 1257 στασιάσαντες
1624 1194 1675 1247 οἱ
1715 1178 1821 1247 Σαο

243 1290 492 1360 μαρεῖται
519 1286 614 1339 καὶ
635 1286 687 1338 oi
717 1284 963 1338 Ἰουδαῖοι
984 1286 1042 1336 ὲν
1070 1284 1387 1356 Καισαρείᾳ
1426 1284 1817 1355 Παλαιστίνης,

241 1382 558 1451 ποιήσαντες
594 1379 656 1431 τὸ
677 1376 737 1430 ἓν
767 1378 852 1440 εἰς
901 1376 1172 1447 ἀλλήλους
1221 1375 1375 1449 [252]
1438 1377 1515 1440 ὡς
1565 1379 1625 1430 ὲν
1666 1374 1821 1441 τάξει

243 1472 477 1544 μερικῶν
497 1469 738 1538 ἐπῆλθον
767 1471 884 1532 τοῖς
914 1468 1265 1538 Χριστιανοῖς
1286 1468 1389 1540 τῆς
1421 1467 1592 1538 αὐτῆς
1614 1466 1848 1529 πόλεως.

241 1572 335 1620 καὶ
354 1562 580 1625 πολλοὺς
604 1560 955 1631 κατέσφαξαν
986 1559 1096 1614 τῶν
1139 1560 1183 1613 Χ
1195 1559 1510 1629 ριστιανῶν.
1551 1556 1822 1628 Ἐπῆλθον

240 1656 297 1711 δὲ
327 1656 420 1709 καὶ
450 1655 764 1726 ἐπόρθησαν
800 1654 899 1720 τὰς
961 1652 1278 1724 ἐκκλησίας.
1324 1652 1434 1706 Καὶ
1475 1650 1570 1706 τοῦ
1622 1651 1824 1722 ἄρχον-

242 1747 447 1818 τοςτῆς
505 1748 680 1819 αὐτῆς
740 1747 950 1810 πόλεως
1016 1744 1329 1812 ἐξελθόντος
1377 1743 1517 1815 πρὸς
1566 1741 1823 1815 βοήθειαν

220 1822 346 1894 ’τῶν
373 1840 719 1911 Χριστιανῶν
761 1838 996 1910 ἐπῆλθον
1036 1840 1087 1892 οἱ
1116 1838 1274 1892 αὐτοὶ
1328 1826 1824 1907 Σκμαρεῖταιίκά-

1919 637 2307 692 Corrueutium
2329 646 2510 691 autem
2530 637 2889 691 aediﬁciorum
2924 652 2954 691 a
2988 638 3165 694 ruinis
3193 639 3511 693 mortalium

1920 730 2147 799 plurimi
2181 730 2489 800 perierunt.
2529 728 2792 783 Eamdem
2828 729 3280 785 consternatione
3308 754 3334 779 ιι
3385 745 3519 786 sen-

1921 832 2116 877 serunt
2191 824 2357 877 urbes
2406 824 2633 891 insuper
2682 821 2844 889 aliae;
2887 837 3027 892 quas
3075 824 3218 876 inter
3264 821 3519 880 Nicome-

1920 912 2024 967 dia:
2047 927 2271 981 quoque
2292 927 2421 982 pars
2449 909 2675 981 delapsa
2705 911 3000 981 estzcujus
3026 914 3189 965 etiam
3220 912 3519 969 ruderibus

1921 1003 2104 1058 obruti
2137 1002 2413 1065 nonnulli,
2445 1001 2648 1057 diebus
2679 1001 2913 1071 aliquot,
2951 1002 3057 1057 vivi
3090 1001 3517 1058 eﬂodiebantur.

1924 1098 2158 1153 invaluit
2187 1107 2372 1152 autem
2401 1104 2565 1152 terrae
2597 1108 2782 1151 motus
2810 1096 2914 1152 iste
2945 1112 3041 1167 per
3072 1113 3139 1151 xi.
3172 1098 3314 1154 dies.

1996 1189 2181 1246 Mense
2210 1187 2361 1243 Julio
2384 1228 2400 1251 ,
2451 1187 2778 1243 indictionis
2812 1204 2886 1255 ιν,
2920 1186 3212 1245 Samaritae
3231 1189 3524 1263 .ludaeique

1922 1286 1978 1339 in
2000 1282 2252 1339 Caesarea
2272 1280 2586 1336 Palaestinae
2608 1319 2627 1343 ,
2666 1280 2812 1335 inter
2842 1294 2901 1335 se
2927 1280 3257 1350 conspirati,
3281 1283 3519 1337 seditio-

1923 1389 2048 1429 nem
2081 1372 2255 1427 moliti
2300 1381 2469 1438 sunt;
2515 1378 2571 1427 et
2619 1369 2931 1425 factionum
2971 1371 3271 1427 conﬂictus
3308 1389 3424 1443 prce
3456 1389 3521 1430 se

1925 1467 2192 1531 ferentes,
2227 1466 2583 1523 Christianos
2613 1466 2990 1522 Caesarienses
3022 1483 3127 1521 uua
3161 1467 3517 1534 adortisunt,

1925 1560 2310 1629 plurimosque
2344 1558 2773 1624 interfecerunt,
2816 1558 3080 1615 ecclesiis
3114 1559 3282 1613 etiam
3322 1574 3517 1614 eorum

1925 1652 2183 1723 direptis.
2217 1651 2363 1719 Quin
2404 1650 2754 1722 Stephanum
2822 1667 3067 1722 quoque,
3118 1651 3275 1707 urbis
3323 1650 3520 1721 praaie-

1927 1756 2100 1807 etum,
2125 1741 2220 1811 qui
2253 1740 2589 1796 Christianis
2628 1741 2934 1797 advenerat
2957 1741 3265 1812 suppetias,
3309 1740 3526 1805 adorti,

1928 1835 1984 1890 in
2024 1833 2291 1903 praetorio
2324 1832 2694 1899 occiderunt,
2746 1833 2913 1889 bonis
2947 1835 3114 1890 etiam
3156 1836 3276 1905 ejus
3308 1834 3520 1905 ereptis

237 1934 415 1986 κεῖνον
469 1930 827 2002 κατέσφαξαν
849 1932 909 1986 ὲν
940 1930 1020 2002 τῷ
1043 1928 1390 2002 πραιτωρίῳ,
1420 1927 1516 1982 καὶ
1544 1927 1615 1981 τά
1636 1915 1822 1999 πράγ-

1937 1927 2217 1982 omnibus.
2252 1923 2408 1981 Uxor
2436 1925 2626 1996 itaque
2657 1926 2779 1996 ejus
2811 1926 3368 1998 Constantinopolim
3419 1942 3519 1996 pe-

236 2039 385 2092 ματα
444 2021 616 2077 αὑτοῦ
662 2021 849 2077 πάντα
906 2021 1298 2093 καθήρπασαν.
1336 2021 1403 2073 Ἦ
1431 2019 1489 2074 δὲ
1539 2019 1680 2091 γυνὴ
1728 2017 1824 2072 τοῦ

242 2113 405 2172 αὐτοῦ
449 2116 716 2189 ἄρχοντος
772 2114 1080 2185 Στεφάνου,
1122 2112 1428 2168 ἀνελθοῦσα
1456 2114 1515 2167 ὲν
1530 2113 1829 2166 Κωνστανο

238 2210 566 2275 τινουπόλει,
594 2207 872 2281 προσῆλθε
893 2207 973 2281 τῷ
1003 2206 1154 2279 αὐτῷ
1193 2206 1429 2279 βασιλεῖ.
1457 2205 1567 2261 Καὶ
1584 2201 1827 2268 ἀκούσας

229 2305 261 2358 ὁ
293 2303 550 2374 βασιλεὺς
574 2302 644 2356 τά
670 2302 936 2371 γεγονότα
994 2300 1102 2354 ὑπὸ
1156 2299 1269 2354 τῶν
1325 2298 1712 2371 Σαμαρειτῶν.
1732 2288 1829 2350 καὶ

237 2395 532 2466 θυμωθεὶς,
580 2394 841 2449 ἐκέλευσε
863 2393 941 2465 τῷ
978 2392 1093 2447 δντι
1127 2392 1254 2448 τότε
1285 2392 1508 2462 ἄρχοντι
1536 2392 1641 2468 τῇς
1666 2389 1830 2443 ’Δνα-

248 2490 408 2557 τολῑ,ς
444 2487 720 2558 ’Δμαντίῳ
785 2485 1093 2557 ὲκζητῆσαι
1144 2485 1215 2541 τὰ
1267 2485 1540 2557 γενόμενα
1588 2482 1686 2538 καὶ
1735 2481 1830 2535 τὸν

268 2583 418 2648 φόνον
441 2578 524 2634 τοῦ
578 2578 750 2633 αὑτοῦ
781 2577 1085 2648 Στεφάνου.
1118 2577 1312 2640 Ὅστις
1351 2577 1407 2629 Ἀ
1418 2575 1643 2646 μάντιος
1671 2570 1830 2638 δεξά-

275 2690 423 2742 μενος
461 2672 773 2743 ἀποκρίσεις
825 2669 1114 2741 βασιλικὰς
1140 2669 1237 2725 καὶ
1262 2667 1518 2723 ἀπελθὼν
1535 2667 1593 2721 ἑν
1624 2668 1829 2721 Καισαο

271 2765 402 2838 peis,
424 2766 510 2821 καὶ
530 2764 887 2837 ἀναζητήσας
910 2763 1040 2828 τοὺς
1070 2763 1446 2834 πεποιηκότας
1464 2761 1593 2825 τοὺς
1624 2760 1821 2830 φόνους

264 2860 354 2913 καὶ
398 2856 584 2930 εὑρὼν,
646 2858 779 2924 τοὺς
833 2856 934 2928 μὲν
991 2854 1482 2927 ἑφούρκισενῶᾙ,
1519 2851 1742 2924 ἐτέρους
1763 2850 1822 2904 δὲ

1923 2029 2066 2087 tens,
2100 2017 2249 2090 quod
2273 2034 2303 2074 a
2331 2017 2628 2075 Samaritis
2662 2027 2940 2090 patratum
2975 2019 3177 2086 fuerat,
3198 2020 3517 2090 imperatori

1924 2112 2165 2168 detulit:
2199 2111 2295 2183 qui
2323 2126 2492 2183 super
2522 2112 2611 2169 his
2641 2112 2986 2184 indignatus,
3011 2114 3296 2178 Amantio,
3318 2114 3520 2170 Orien-

1906 2186 2001 2258 'tis
2050 2202 2267 2267 comiti,
2322 2202 2605 2272 negotium
2657 2200 2833 2267 dedit,
2872 2201 2952 2257 uti
2974 2218 3034 2258 re
3072 2203 3282 2260 certius
3323 2204 3519 2274 explo-

1925 2298 2088 2357 rata,
2124 2289 2394 2360 Stephani
2437 2288 2647 2345 caedem
2686 2288 2757 2344 ab
2797 2288 2866 2345 iis
2902 2291 3173 2361 exigeret.
3224 2291 3521 2347 Amantius

1928 2382 2121 2452 itaque
2153 2381 2431 2439 mandatis
2474 2381 2856 2452 imperatoriis
2888 2374 3159 2454 acceptis,
3194 2383 3512 2439 Caesaream

1928 2476 2212 2548 profectus
2265 2484 2387 2540 est;
2435 2482 2491 2529 et
2536 2473 2884 2545 perquisitos
2924 2474 2999 2529 ibi
3048 2474 3218 2530 caedis
3259 2485 3523 2531 auctores

1928 2569 2021 2624 ubi
2053 2573 2384 2636 invenerat,
2430 2566 2532 2623 hos
2578 2567 2633 2622 in
2664 2566 2876 2622 furcam
2909 2566 3042 2639 egit,
3078 2567 3164 2624 his
3196 2567 3406 2638 capita,
3446 2567 3520 2623 il-

1925 2662 1995 2718 lis
2020 2661 2192 2735 m
2228 2660 2459 2717 dextras
2494 2661 2841 2732 amputavit;
2875 2659 3149 2732 quosdam
3195 2662 3365 2716 etiam
3412 2661 3516 2716 bo-

1928 2770 2130 2811 norum
2182 2754 2568 2826 publicatione
2604 2754 2890 2810 multavit.
2930 2753 3111 2810 Metus
3146 2754 3276 2811 inde
3322 2756 3519 2826 ingens

1929 2844 2391 2910 Cazsariensibus,
2418 2846 2634 2914 totique
2664 2845 2805 2899 adeo
2838 2844 3049 2901 Orienti
3099 2846 3363 2902 incussus
3406 2856 3517 2908 est.

266 2948 611 3017 ἁπεκεφάλισε
671 2947 769 3004 καὶ
814 2946 1012 3013 ἄλλους
1075 2946 1463 3018 ὲδεξιοκόπησε
1511 2943 1605 2997 καί
1660 2957 1817 3006 τινας
1892 2938 2170 3011 ἐδήμευσε
2194 2954 2211 2973 ο
2279 2937 2377 2992 καὶ
2422 2937 2648 3006 ἐγένετο
2689 2937 2856 3009 φόϐος
2907 2936 3080 3008 μέγας
3129 2938 3189 2993 ὲν
3232 2939 3300 3009 τῇ
3361 2937 3518 2992 πόλει

268 3042 581 3115 Καισαρείας
613 3043 711 3097 καὶ
737 3044 800 3098 ὲν
821 3045 935 3108 τοῖς
968 3042 1334 3106 Ἀνατολικοῖς
1360 3039 1568 3112 μέρεσι.

331 3138 465 3209 Μηνὶ
511 3137 878 3211 Δεκεμϐρίῳ,
941 3136 1239 3194 ίνδικτιῶνι
1267 3139 1335 3209 τῇ
1394 3137 1559 3209 αὐτῇ,
1608 3135 1828 3205 ἐγένετο

273 3228 438 3302 θνῆσις
479 3230 785 3305 ἀνθρώπων
808 3233 868 3286 ὲν
883 3231 1163 3304 διαφόροις
1191 3232 1404 3287 πόλεσι.

330 3326 463 3396 Μηνὶ
511 3326 674 3399 Μαΐῳ
718 3326 764 3358 ’⁷
813 3325 915 3398 τῆς
963 3326 1138 3397 αὐτῆς
1203 3325 1543 3389 ίνδικτιῶνος
1612 3323 1830 3394 ἐγένετο

275 3418 441 3483 σπάνις
460 3418 626 3491 ἄρτου
655 3420 715 3471 ὲν
738 3418 1336 3481 Κωνσταντινουπόλει,
1362 3418 1461 3472 καὶ
1496 3415 1636 3488 πρὸς
1672 3415 1770 3487 μὲν
1782 3413 1830 3447 ³⁸

273 3509 425 3579 ὀλίγον
450 3511 830 3584 ὲστενώθησαν
863 3512 917 3567 oi.
944 3512 1224 3584 ἄνθρωποι
1245 3510 1420 3585 [255],
1459 3512 1556 3565 καὶ
1589 3507 1831 3582 ἔκραξαν

272 3601 337 3674 τῷ
352 3603 487 3675 αὐτῷ
517 3604 734 3676 βασιλεῖ
757 3607 816 3660 ἐν
838 3603 1107 3675 γενεθλίῳ
1141 3602 1257 3675 (58)
1290 3603 1731 3674 συνθεωροῦντος
1752 3600 1830 3673 τῷ

270 3693 399 3765 αὐτῷ
426 3694 634 3764 βασιλεῖ
659 3694 1005 3766 πρεσϐευτοῦ
1035 3694 1293 3767 Περσῶν
1317 3693 1413 3750 καὶ
1442 3695 1830 3765 ἀγανακτήσας

269 3784 294 3836 ό
312 3784 459 3850 αὐτὸς
485 3785 746 3856 βασιλεὺς
787 3785 1018 3852 κελεύεκ
1057 3787 1365 3859 Μουσωνίῳ
1385 3787 1433 3820 ’⁸
1463 3787 1541 3855 τῷ
1580 3785 1695 3839 ὄντι
1725 3787 1830 3839 ὲπ-

267 3875 402 3948 ἀρχῳ
447 3878 677 3943 πόλεως,
734 3879 833 3934 καὶ
882 3878 1298 3952 κατεσχέθησαν
1347 3880 1413 3933 ἐκ
1454 3877 1550 3933 τοῦ
1601 3878 1829 3932 Βενέτου

269 3967 448 4040 μέρους
476 3972 574 4026 καὶ
609 3970 990 4043 ικολάσθησάν
1017 3951 1165 4036 τινες
1193 3970 1301 4026 τῶν
1332 3969 1562 4036 ἐνδόξων
1593 3969 1826 4040 ἀνδρῶν.

262 4062 498 4137 Κατέσχε
534 4066 594 4121 δὶ
631 4067 667 4138 ή
697 4064 838 4138 αὑτὴ
888 4065 1089 4130 σπάνις
1142 4064 1241 4120 τοῦ
1270 4065 1437 4137 ἄρτου
1493 4063 1590 4118 ἐπὶ
1654 4065 1831 4136 μῆνας

260 4157 414 4226 τρεῖς.
441 4157 555 4213 Καὶ
603 4156 728 4228 μετ’
759 4156 951 4226 ὀλίγας
991 4155 1211 4229 ἡμέρας
1260 4156 1514 4225 ἑγένοντο
1548 4156 1832 4229 ἀστραπαὶ

244 4246 345 4301 ’καὶ
368 4246 592 4321 βρονταὶ
619 4248 858 4321 φοϐεραὶ
885 4250 945 4304 εν
968 4247 1252 4321 διαφόροις
1285 4247 1528 4313 πόλεσιν,
1556 4246 1699 4302 ὥστε
1735 4247 1831 4302 καὶ

260 4341 475 4409 πολλοὺς
505 4342 799 4415 βλαϐῆναι.

2009 3125 2198 3181 Mense
2256 3120 2570 3187 Decembri,
2624 3118 2949 3177 indictionis
3005 3119 3283 3191 ejusdem,
3346 3120 3523 3192 pestis

1856 3206 1900 3266 (ἶ
1933 3219 2186 3276 diversas
2218 3215 2439 3287 imperii
2460 3229 2559 3286 per
2592 3213 2759 3270 urbes
2790 3221 3044 3291 grassata
3077 3223 3184 3269 est.

2004 3310 2196 3367 Mense
2226 3308 2392 3375 Maio,
2436 3306 2768 3364 indictionis
2800 3306 3072 3377 ejusdem,
3100 3305 3523 3377 panispenuria

1933 3403 2209 3461 laboravit
2242 3401 2800 3472 Constantinopolis;
2855 3409 2909 3457 et
2949 3400 3017 3456 ad
3049 3400 3369 3456 dimensum
3404 3415 3524 3455 mo-

1932 3496 2118 3552 dicum
2184 3495 2599 3551 reducebantur
2646 3494 2923 3552 homines.
2992 3492 3278 3549 Natalitiis
3335 3500 3524 3547 autem

1883 3614 1903 3625 α
1932 3586 2178 3658 agitatis,
2219 3584 2443 3640 interim
2486 3583 2618 3639 dum
2665 3583 2946 3639 circensia
2968 3625 2984 3649 ,
3016 3598 3126 3637 una
3159 3598 3286 3637 cum
3322 3580 3525 3636 Persa-

1931 3694 2056 3733 rum
2080 3678 2284 3748 legato,
2317 3684 2596 3747 spectaret
2650 3675 2975 3745 imperator,
3024 3689 3152 3730 eum
3192 3674 3261 3729 de
3301 3674 3388 3729 his
3434 3673 3525 3728 inv

1932 3768 2248 3839 terpellavit
2299 3766 2539 3837 populus
2598 3764 2758 3832 Quod
2823 3764 3050 3834 indigne
3106 3766 3295 3821 ferens
3348 3767 3526 3835 impe-

1931 3869 2089 3915 rator
2188 3857 2510 3915 Musonium
2577 3858 2736 3914 urbis
2802 3858 3123 3928 praefectum
3173 3857 3382 3927 jussit,
3444 3858 3523 3912 uti

1932 3958 2347 4007 murmurantes
2373 3960 2792 4020 compesceret;
2832 3949 2928 4021 qui
2964 3949 3250 4018 primariis
3300 3948 3524 4007 Veneta

1932 4044 2194 4101 factionis
2228 4043 2516 4099 nonnullis
2549 4042 2924 4113 comprensis,
2954 4042 3024 4097 ab
3057 4042 3128 4099 iis
3155 4057 3350 4114 pinnas
3390 4058 3524 4098 exe-
3547 4023 3560 4035 ’

1931 4137 2031 4209 git.
2077 4137 2351 4194 Caeterum
2397 4136 2501 4192 ista
2541 4136 2704 4207 panis
2736 4136 2971 4207 penuria
3010 4150 3111 4206 per
3149 4144 3265 4190 tres
3284 4130 3523 4193 ‘menses

1931 4231 2379 4304 ingravescebat.
2402 4228 2604 4285 Paucis
2633 4244 2765 4285 vero
2798 4238 2927 4299 post
2949 4229 3151 4285 diebus
3182 4227 3407 4300 fulgura
3435 4237 3523 4283 to-

1931 4324 2230 4396 uitruaque
2261 4322 2561 4391 horrenda,
2602 4311 2844 4379 diversis
2875 4323 2928 4377 in
2959 4322 3098 4379 locis
3125 4323 3521 4394 contigerunt;

1932 4434 1963 4471 a
1990 4417 2195 4489 quibus
2226 4415 2391 4471 etiam
2426 4415 2585 4470 multi
2617 4414 2987 4471 lmdebantur.

250 4484 259 4491 δ
322 4517 458 4588 Μηνὶ
485 4517 788 4592 Νοεμϐρίῳ
846 4517 1181 4583 ίνδικτιῶνος
1206 4525 1247 4572 ε’
1278 4519 1453 4590 ἐφάνη
1527 4519 1641 4592 πῦρ
1661 4523 1721 4575 ἐν
1748 4538 1826 4594 τῳ

2003 4509 2191 4567 Mense
2241 4506 2566 4573 Novembri,
2610 4507 2936 4564 indictionis
2977 4525 3031 4573 v,
3077 4508 3227 4581 ignis
3278 4508 3334 4563 in
3378 4506 3524 4562 caelo

267 4609 455 4682 οὐρανῷ
475 4613 553 4675 ὡς
575 4609 718 4677 εἶδος
740 4612 948 4683 λόγχης
968 4611 1079 4667 ἀπὸ
1105 4612 1216 4668 τῶν
1244 4612 1614 4669 ’Δνατολικῶν
1646 4615 1826 4687 μερῶν

1937 4604 2213 4675 apparuit,
2246 4603 2344 4676 qui
2376 4603 2549 4658 hastae
2571 4602 2638 4657 ad
2671 4604 2874 4664 instar,
2909 4602 2980 4657 ab
3014 4601 3235 4657 Oriente
3263 4601 3329 4655 ad
3360 4598 3524 4655 Occi-

269 4702 607 4775 ίκτεταμένον
632 4704 741 4770 ἕως
767 4705 1026 4775 Δυσμῶν.

323 4794 459 4866 Μηνὶ
493 4795 813 4867 ’Δπριλλίῳ,
882 4795 1176 4851 ίνδικτιῶνι
1203 4798 1273 4870 τῇ
1299 4795 1463 4869 αὐτῇ,
1505 4796 1699 4867 γέγονε
1722 4815 1836 4852 σει-

273 4885 386 4955 σμὸς
411 4887 648 4961 φοϐερὸς
670 4888 768 4943 καὶ
795 4886 1070 4962 ἀϐλαϐής.

324 4977 461 5050 Μηνὶ
514 4979 843 5054 Δεκεμϐρίῳ
886 4980 1222 5046 ίνδικτιῶνος
1263 4979 1319 5048 ς’
1361 4982 1589 5052 γέγονεν
1643 4984 1837 5056 ἔτερος

279 5069 470 5139 σεισμὸς
497 5069 558 5127 ὲν
588 5070 938 5142 μεσονυκτίῳ
992 5068 1228 5143 φοϐερός
1268 5069 1435 5139 πάνυ,
1471 5071 1614 5128 ὥστε
1640 5073 1836 5127 παθεῖν

1933 4697 2154 4753 dentem
2185 4703 2499 4768 porrectus,
2528 4697 2922 4767 elongabatur.

2006 4789 2196 4846 Mense
2225 4789 2425 4861 Aprili,
2458 4789 2786 4846 indictionis
2817 4787 3104 4859 ejusdem,
3135 4795 3300 4846 terra:
3338 4796 3526 4844 motus

1935 4880 2273 4943 horrendus,
2313 4880 2410 4937 sed
2448 4882 2713 4939 innoxius
2739 4883 2978 4939 exstitit.
3058 4920 3069 4934 .

2004 4974 2192 5031 Mense
2236 4971 2554 5043 Decembri,
2606 4974 2937 5033 indictionis
2974 4992 3052 5042 νι,
3128 4982 3295 5032 terra
3343 4981 3528 5029 motus

1934 5071 2100 5135 alter,
2135 5067 2299 5138 plane
2347 5067 2693 5137 tremendus,
2746 5079 2915 5127 nocte
2974 5070 3157 5126 media
3191 5067 3524 5141 ingruebat;

819 5248 831 5260 ,
1557 5184 1790 5242 vanus
1821 5182 2230 5242 LECTIONES.

335 5274 375 5306 ⁸⁷
398 5276 573 5331 Μαΐου
615 5275 722 5333 Ox.
799 5276 848 5310 "
893 5274 1023 5334 Dele
1059 5275 1182 5348 μέν.
1214 5276 1443 5348 Conﬁp.
1475 5292 1595 5348 seq.
1630 5293 1684 5333 ν.
1716 5278 1774 5336 8.
1850 5279 1897 5311 ’⁸
1922 5277 2209 5350 Μουσονίῳ
2235 5274 2340 5334 Ox.

1512 5370 1622 5426 EI).
1650 5369 2027 5428 CHILMEADI
2057 5369 2292 5426 NOTAE.

341 5460 439 5536 (55)
464 5463 573 5522 Καὶ
610 5461 925 5536 Δκιιτεπάρη
944 5465 1024 5536 sv
1052 5465 1128 5536 τῇ
1170 5465 1266 5536 γῇ.
1294 5464 1605 5536 Κατεπάρη
1640 5479 1776 5536 εον.
1803 5465 1840 5520 2

286 5533 486 5607 passiva:
505 5533 657 5607 vocis
679 5540 764 5589 est
788 5549 817 5587 a
842 5535 1013 5607 verbo
1039 5533 1257 5607 «229w:
1289 5535 1524 5605 idquue
1540 5533 1687 5607 huic
1713 5535 1839 5590 loco

295 5602 411 5676 nullo
456 5605 614 5676 modo
641 5604 946 5660 convenire
972 5602 1174 5674 potest.
1217 5602 1382 5660 Forte
1419 5602 1610 5676 itaque
1651 5605 1837 5676 legen-

293 5671 409 5737 dum,
442 5675 763 5796 κρτῗπειρε,
796 5671 1093 5744 penetravit
1125 5690 1144 5730 :
1194 5676 1299 5732 hoc
1334 5676 1483 5733 enim
1519 5671 1725 5733 auctor
1745 5675 1834 5731 di-

293 5754 384 5795 cere
409 5758 473 5796 vo
498 5761 547 5796 ut
581 5786 596 5796 .
1076 5754 1083 5765 ‘

291 5754 384 5795 cere
409 5745 596 5800 voluit.
1076 5754 1083 5765 ‘

342 5811 436 5890 φξϐ)
475 5815 867 5890 ’Νικομηδείας-
891 5815 1057 5886 μέρος
1096 5818 1448 5874 καταπεσεῖν.
1482 5815 1713 5890 Συνέϐη.
1741 5826 1830 5872 aut

293 5883 388 5951 quid
419 5885 523 5941 tale
551 5883 753 5943 deesse
780 5883 1024 5943 videtur.

2009 5464 2126 5535 (57)
2171 5464 2312 5527 Τοὺς
2355 5463 2455 5534 μὲν
2480 5463 2800 5535 ὲφούρκισεᾲ.
2824 5460 3063 5535 Cedren.
3090 5456 3276 5520 habet,
3305 5455 3527 5535 ἐφύλκι·

1939 5530 2028 5590 σε.
2070 5533 2210 5590 Vide
2242 5530 2368 5602 ariae.
2399 5537 2468 5591 de
2494 5530 2909 5590 hoc'vocabulo
2966 5545 3136 5602 supra
3175 5530 3525 5595 notavimus,

1936 5607 2005 5661 ad
2046 5622 2172 5677 pag.
2197 5603 2325 5660 427.

2008 5677 2122 5747 (58)
2163 5677 2253 5731 ‘Ev
2285 5674 2575 5747 Γενεθλίῳ.
2629 5672 2703 5747 De
2735 5672 2892 5747 urbis
2928 5669 3211 5747 Natalitiis
3250 5668 3522 5747 loquitur,

1934 5738 2056 5818 quin
2078 5738 2376 5817 q'trntannis
2411 5738 2535 5800 Maii
2568 5764 2643 5809 xi,
2675 5744 2944 5818 jam_olim
2975 5757 3006 5798 a
3053 5738 3411 5818 Constantini
3446 5740 3518 5798 Μ.

1936 5810 2299 5944 ἶξῗιιρόιοίιιυε,
2366 5810 2882 5891 ρειεὺιιτιιὶξεοίίιο.
2937 5822 3093 5872 sunt.
3148 5810 3287 5869 Vide
3350 5825 3524 5882 supra

1958 5907 1970 5943 1
2017 5931 2029 5942 .
2060 5906 2178 5944 XIII.
