3862 6318
166 321 256 384 ἸΠ
1205 315 1568 377 EPISTOLA
1611 312 1815 372 RlClI.
1860 309 2238 368 BENTLEII.

3285 297 3388 361 7l3

159 433 314 485 τέκνα
339 430 436 483 τοῦ
477 430 644 484 αὐτῡῦ
675 429 966 498 Κουζτίνη,
1010 429 1350 492 ἐκδικοῦντες
1377 429 1438 480 τὸ
1474 425 1726 496 πατρῷον

1857 421 2068 475 :utzina:
2105 419 2282 489 ipsius
2314 417 2430 480 lilii,
2466 427 2750 487 paternam
2781 415 2986 470 eadem
3015 411 3206 475 ulturi,
3238 425 3388 464 arma

159 517 306 592 αἷμα.
339 519 452 573 Καὶ
497 520 904 583 ἐπαναστάντες
938 521 1051 583 τοῖς
1081 518 1273 589 μέρεσι
1310 518 1407 586 τῆς
1437 515 1722 584 Ἀφρικῆς,

161 608 456 681 παρέλαϐὁν
498 627 655 673 τινας
692 609 892 673 τόπους
933 608 1292 679 φονεύσαντες
1339 607 1432 660 καὶ
1478 603 1728 676 πραιδεύ-

1828 520 2181 582 suiupserunt
2218 508 2572 578 :Africaaque
2634 507 2887 576 regiones
2938 502 3204 574 quasdam
3230 499 3392 555 ξυνει-

1829 604 2039 669 dentes,
2085 605 2202 658 loca
2229 601 2492 656 nonnulla
2528 607 2888 669 occuparunt,
2924 595 3126 650 incolis
3169 591 3396 648 interfe-

162 717 358 765 σαντες.
393 701 458 759 Ὃ
505 701 566 754 δὲ
613 701 777 764 αὐτὸς
819 699 1071 770 βασιλεὺς
1097 696 1470 760 Ἰουστινιανὸς
1513 692 1725 765 ἔπεμψε

1857 695 1936 750 :tis
1968 693 2354 766 expilatisque.
2387 691 2689 762 Imperator
2711 692 2894 758 itaque
2927 686 3274 743 Justinianus
3307 704 3399 740 nc-

161 793 464 865 Ιίαρκιανὺν
486 793 583 846 τὸν
619 791 754 846 ἴδιον
775 789 942 846 αὑτοῦ
976 787 1198 858 ἀνεψιὸν
1221 789 1371 842 ""‘".

1831 792 2012 852 potem
2044 796 2204 838 suum
2237 779 2572 836 Marcianum
2603 779 3036 849 expedivit“"".

1548 1049 2042 1114 APPENDIX.

171 1185 278 1240 Non
332 1182 734 1238 incommodum
785 1179 886 1234 erit
943 1177 1251 1299 sulﬁungere
1317 1173 1400 1226 hic
1474 1169 1738 1242 Synopsiu
1779 1169 2228 1237 Chronographiw
2289 1164 2606 1218 Malalianm
2644 1164 2706 1216 de
2745 1161 2866 1214 Vita
2928 1171 2980 1215 et
3055 1160 3206 1214 rebus
3245 1161 3400 1230 gestis

228 1253 551 1299 Iustiniani.
604 1251 974 1299 utdiunoscat
1063 1257 1211 1299 ector
1249 1245 1317 1296 ad
1368 1257 1518 1299 quem
1580 1256 1778 1294 annum
1831 1239 1977 1292 illius
2037 1237 2247 1299 imperii
2275 1252 2391 1299 quce
2429 1236 2482 1286 in
2523 1235 2746 1299 singulis
2789 1233 2996 1299 paginis
3061 1233 3400 1284 conscribun-

227 1253 551 1334 Justiniqni,
604 1262 664 1334 ut
693 1251 974 1319 dignoscat

230 1335 311 1378 tur
335 1331 664 1392 pertineant.

227 1416 332 1470 An.
373 1414 397 1466 Ι

1126 1403 1256 1474 Pag.
1291 1403 1380 1460 cd.
1421 1402 1522 1457 Ox.
1564 1400 1662 1474 i5!

230 1513 297 1526 —-
363 1482 401 1536 2
476 1481 685 1536 lndict.
718 1479 752 1536 6
781 1492 960 1533 mens.
991 1473 1113 1532 Oct.

1566 1470 1669 1524 152

231 1583 299 1596 --
364 1583 438 1596 --
513 1581 586 1593 --
655 1578 730 1590 —
798 1547 924 1602 Jan.
1267 1575 1270 1580 -
1567 1539 1670 1593 155

473 1619 808 1675 lndictionis
843 1618 948 1672 sub
978 1615 1128 1671 exitu
1569 1609 1671 1660 174

233 1721 302 1733 -
520 1691 718 1744 lndict.
756 1688 787 1741 7
826 1702 1000 1741 mens.
1035 1683 1165 1739 Jun.
1567 1677 1670 1730 180

235 1791 302 1804 -
372 1762 408 1816 5
593 1787 664 1798 -
770 1787 841 1799 -
947 1753 1058 1808 Jul.
1567 1747 1672 1800 182

240 1861 304 1872 -
527 1829 688 1883 Decio
717 1827 840 1880 Cos.
1569 1817 1673 1869 186

238 1933 305 1944 —-
373 1900 410 1954 ι
485 1897 791 1966 Lampadio
820 1903 875 1950 et
900 1895 1094 1950 Oreste
1121 1892 1280 1950 Coss.

245 2000 309 2010 --
360 1999 405 2010 -
482 1954 642 2022 Mens
676 1965 830 2036 Sept.

247 2071 310 2081 —
363 2070 410 2079 —
497 2068 568 2079 ——
640 2023 771 2104 Αριέῖ
1566 2023 1672 2104 2‘9?

249 2141 316 2153 --
385 2110 420 2163 5
498 2095 705 2162 Mensis
729 2103 881 2173 Sept.
1007 2171 1014 2173 _
1090 2167 1112 2173 _

247 2211 314 2223 -
383 2178 418 2230 6
493 2177 724 2231 lndictio
754 2165 1050 2226 ltimensis
1082 2167 1207 2225 Jan.
1564 2165 1674 2218 213

253 2277 315 2289 —-
385 2249 416 2302 'l
492 2246 700 2300 Justin.
747 2241 936 2296 5Cos.
1562 2233 1670 2288 220

253 2347 320 2360 --
387 2321 418 2373 8
492 2314 692 2369 Indict.
735 2311 824 2366 i2.
1529 2303 1664 2358 ibid.

255 2417 322 2428 —
361 2417 428 2428 —
501 2387 630 2438 Post
662 2380 891 2436 Consul.
927 2377 1177 2433 Belisarii
1560 2373 1661 2425 221

263 2485 327 2496 -
365 2489 429 2498 --
501 2453 587 2508 Jo.
618 2451 942 2520 Cappadoce
981 2448 1109 2520 (ξος.
1531 2442 1666 2520 ibid.

270 2554 332 2566 —
363 2529 422 2581 M
496 2511 760 2578 lndict."5
784 2533 959 2575 mens.
992 2515 1120 2570 Jun.
1564 2511 1674 2564 222

279 2625 424 2637 --
541 2623 612 2635 -
744 2618 815 2631 -
985 2589 1126 2658 Aus-
1525 2581 1670 2658 “1‘9.-

278 2693 342 2704 —
367 2666 424 2720 ιθ
494 2663 612 2718 lnd.
654 2661 710 2716 5.
1075 2649 1103 2658 '
1569 2649 1676 2720 eas

279 2765 340 2775 —
367 2717 425 2789 ἀὲ
497 2717 612 2787 lnd.
658 2731 691 2784 7
729 2743 901 2786 mens.
939 2726 1089 2795 Sept.
1537 2717 1678 2795 __2_2_5

273 2832 336 2845 —
361 2836 427 2847 --
563 2832 637 2842 -
775 2829 847 2840 --
951 2789 1088 2850 Nov.
1536 2789 1675 2844 ibid.

273 2901 338 2917 —
365 2875 429 2929 2|
503 2870 623 2926 Ind.
662 2869 730 2924 10
762 2883 935 2923 mens.
969 2865 1098 2921 Feb.
1569 2857 1676 2912 226

1063 1233 1211 1300 θεῖοι·
1249 1245 1317 1296 ad
1368 1233 1540 1312 quem"
1580 1233 1778 1294 annum
1831 1233 2002 1292 illius
2037 1233 2247 1306 imperii
2275 1252 2391 1306 qua:
2429 1236 2482 1286 in
2523 1235 2746 1302 singulis
2789 1233 2996 1301 pii-ginis
3061 1233 3404 1284 conscribun-

1903 1424 1975 1434 _
2012 1423 2081 1432 _..
2223 1418 2292 1430 τ-
2365 1403 2541 1442 mens.
2575 1385 2705 1440 Jun.
3229 1385 3336 1439 227

1905 1491 2078 1506 ..---
2215 1487 2289 1499 --
2393 1489 2462 1499 -
2566 1457 2672 1510 Jul.
3227 1455 3336 1510 2‘28

1906 1565 1977 1574 —
2007 1531 2080 1584 24
2155 1530 2272 1583 lnd.
2315 1528 2580 1581 lﬁmens.
2617 1528 2753 1594 Apr.
3198 1527 3330 1580 ibid.

1905 1633 1974 1643 _.
2205 1607 2282 1638 —'
2413 1626 2486 1637 —
2627 1591 2755 1648 Jun.
3196 1595 3332 1650 ibid.
3397 1591 3402 1598 ’

1907 1629 2078 1724 ..ἐξ
2146 1667 2265 1721 Ind.
2309 1668 2372 1719 tt
3231 1664 3338 1718 229

1907 1703 1976 1715 -
2005 1667 2077 1724 25
2146 1667 2265 1721 Ind.
2309 1668 2372 1719 14
3231 1667 3338 1718 229

1909 1771 1980 1783 ~—
2011 1741 2082 1794 26
2155 1739 2270 1792 lnd.
2311 1737 2378 1790 15
2417 1751 2588 1790 mens.
2629 1735 2780 1816 Sept.

1911 1843 1980 1854 .._
2012 1839 2081 1848 --
2251 1837 2324 1848 --
2463 1834 2533 1844 -
2641 1804 2780 1874 Aug.
3201 1804 3340 1859 ibid.

1909 1909 1978 1924 ——-
2009 1878 2078 1930 27
2153 1876 2267 1930 Iud.
2308 1876 2332 1928 l
2377 1891 2552 1928 mens.
2589 1874 2747 1928 Mart.
3013 1892 3016 1895 ·
3204 1874 3338 1928 ibid.

1908 1982 1976 1993 -
2013 1948 2084 2002 28
2159 1947 2272 1999 Ind.
2311 1945 2346 1998 2
2386 1959 2560 1998 mens.
2591 1943 2734 2012 Aug.
3235 1945 3333 1995 251

1907 2051 1978 2062 -
2011 2019 2080 2071 50
2149 2015 2266 2070 ind.
2303 2016 2339 2068 4
2373 2031 2545 2068 mens.
2581 2011 2702 2096 Jhulf

1907 2120 1975 2130 —
2012 2117 2082 2127 —
2236 2114 2306 2124 —
2409 2112 2482 2123 -—
2591 2083 2716 2136 Dec.
3233 2083 3346 2136 255

1907 2191 1975 2200 -
2008 2156 2071 2210 51
2152 2153 2274 2208 Ind.
2317 2155 2350 2209 5
2389 2167 2543 2206 mens
2575 2150 2710 2234 Nov.
3063 2168 3066 2170 '

1907 2259 1978 2270 _..
2009 2255 2081 2265 _.
2216 2255 2288 2264 —
2427 2251 2497 2261 —
2641 2223 2770 2289 Apr.
3209 2223 3340 2282 ibid.

1911 2329 1982 2339 -—
2011 2295 2081 2350 52
2177 2295 2296 2348 Iud.
2333 2291 2366 2345 6
2395 2306 2566 2344 meus.
2607 2291 2737 2373 Dec.
3203 2292 3339 2373 ibid.

1912 2398 1984 2410 —-—
2016 2395 2088 2404 —
2225 2392 2299 2403 —
2437 2391 2503 2401 —
2609 2358 2765 2418 Fel)..
3237 2361 3343 2415 254

1914 2468 1985 2477 -
2020 2435 2090 2488 55
2163 2433 2281 2487 Ind.
2327 2431 2357 2484 Ἰ
2396 2446 2570 2484 mens.
2604 2427 2762 2484 Mart.
3237 2430 3343 2484 “.2333

1915 2536 1986 2547 ——
2020 2532 2094 2543 —
2231 2532 2302 2542 —
2441 2531 2512 2542 —-
2616 2499 2742 2554 Mai.
3236 2500 3344 2552 236

1917 2608 1988 2617 _
2023 2604 2094 2616 _
2230 2599 2303 2611 ——
2440 2599 2511 2610 -
2613 2568 2749 2629 Jun.
3237 2569 3344 2622 258

1918 2675 1988 2688 -
2020 2643 2089 2697 56
2163 2641 2283 2694 lnd.
2316 2641 2384 2693 l0
2413 2655 2587 2694 mens.
2621 2641 2763 2710 Aug.
3211 2640 3344 2710 ibid.

1920 2744 1990 2754 —
2019 2714 2085 2769 57
2159 2710 2275 2763 Ind.
2315 2710 2376 2763 ll
2412 2724 2587 2764 mens.
2623 2708 2741 2762 Oct.
3208 2708 3342 2762 ibid.

1924 2813 1991 2824 -—
2023 2811 2096 2824 —
2233 2809 2305 2820 —-
2442 2809 2514 2820 -—
2616 2775 2758 2832 Nov.
3241 2777 3348 2832 259

1923 2882 1995 2895 --
2023 2881 2097 2894 —
2237 2877 2306 2890 --
2443 2877 2514 2888 -—
2618 2846 2746 2902 Jan.
3241 2847 3350 2901 245

224 3014 3404 3075 W

669 3183 1352 3302 RICHABDI
1439 3108 2096 3328 BENTLEII
2207 3169 2944 3282 EPISTOLA.

429 3519 510 3597 [1]
547 3516 668 3581 CL.
715 3511 916 3577 VIRO
954 3508 1268 3573 JOANNI
1306 3503 1608 3570 MILLIO
1655 3504 1724 3566 S.
1789 3503 1860 3564 Τ.
1923 3503 1996 3565 Ρ.
2057 3499 2541 3566 RICHARDUS
2594 3495 3086 3559 BENTLEIUS
3115 3494 3183 3558 S.

279 3645 476 3702 Memini
527 3641 800 3713 equidem,
853 3637 985 3692 Milli
1032 3634 1370 3697 doctissime,
1399 3645 1521 3683 cum
1554 3628 1752 3682 abhinc
1779 3642 1822 3699 ο
1855 3626 1985 3694 quid
2015 3624 2250 3679 faciam?
2279 3623 2404 3677 data
2446 3630 2530 3676 est
2562 3621 2693 3675 lides
2728 3638 2740 3672 :
2784 3620 3056 3688 promissa
3086 3618 3424 3689 ﬂagitantur.

220 3742 318 3796 dies
364 3735 760 3809 complusculos
805 3729 1276 3786 deambularetnus
1322 3737 1470 3784 una,
1505 3729 1754 3776 strenue-

223 3849 308 3901 que
337 3834 397 3887 de
439 3827 695 3885 litterulis
754 3824 956 3880 nostris
1027 3833 1308 3875 sermones
1361 3815 1691 3870 crederemus
1731 3828 1750 3878 ;

224 3921 282 3974 ibi
311 3920 434 3974 forte
455 3920 674 3973 fortuna
711 3916 776 3969 de
795 3912 1006 3968 Joanne
1039 3906 1398 3964 Antiochensi
1421 3905 1751 3959 mentionem

225 4010 367 4064 luisse
403 4010 655 4078 iniectam
688 4023 704 4060 :
740 4017 977 4072 cumque
1012 4015 1100 4054 me
1138 3997 1473 4053 desiderium
1514 3995 1754 4064 cepisset

225 4098 390 4153 librum
420 4099 593 4154 adhuc
624 4105 900 4152 musteum
929 4090 1169 4154 videndi,
1201 4089 1520 4158 priusquam
1569 4087 1623 4138 in
1673 4085 1755 4137 ln-

222 4207 320 4248 cem
350 4195 634 4263 publicam,
686 4200 742 4247 te
771 4197 1024 4252 curante,
1053 4187 1265 4250 exiret;
1309 4197 1373 4236 ea
1403 4195 1489 4236 me
1536 4179 1653 4248 lege
1699 4176 1754 4232 id

225 4282 306 4338 abs
343 4292 390 4338 te
437 4282 940 4354 impetravisse,ut
980 4275 1027 4331 si
1059 4289 1164 4344 qua
1204 4273 1256 4326 in
1307 4282 1416 4326 tam
1459 4267 1755 4337 depravata

227 4377 458 4444 scriptore
488 4372 927 4430 emendationem
953 4375 1200 4423 nostram
1232 4361 1482 4432 accipere
1507 4367 1752 4428 possent,

227 4476 278 4515 ea
305 4463 660 4518 inschedulas
705 4458 958 4527 conjecta
989 4454 1057 4508 ad
1105 4460 1158 4508 te
1209 4451 1504 4507 mitterem.
1555 4447 1754 4501 Duram

230 4553 436 4620 proferto
484 4553 878 4612 conditionem,
921 4559 1198 4616 quamque
1250 4542 1388 4596 adeo
1450 4539 1640 4594 multis
1689 4538 1756 4591 de

227 4646 380 4699 causis
399 4647 590 4699 nollem
623 4649 928 4711 acceptam.
961 4636 1096 4690 Nam
1128 4642 1187 4687 ut
1216 4633 1486 4694 omittam,
1513 4629 1658 4700 quod
1689 4644 1754 4682 ex

229 4733 304 4788 illo
332 4734 434 4790 fere
464 4745 704 4804 tempore
744 4748 774 4784 a
817 4729 1027 4783 meliori
1079 4727 1343 4780 librorum
1380 4730 1433 4776 et
1470 4718 1754 4774 chartula-

227 4837 326 4876 rum
355 4841 586 4879 mearum
633 4832 810 4893 parte,
839 4829 892 4875 et
934 4819 1096 4887 (quod
1132 4815 1386 4869 acerbius
1433 4812 1565 4865 mihi
1619 4809 1757 4864 acci-

227 4916 312 4983 dit)
348 4932 375 4970 a
404 4917 799 4987 jucundissiuta
854 4923 944 4967 tua
995 4908 1394 4965 consuetudine
1428 4905 1588 4974 longe
1638 4905 1752 4958 dis-

1857 3713 2045 3775 Video,
2076 3713 2218 3782 quod
2257 3711 2622 3780 mihiegomet
2653 3709 2864 3773 intrivi,
2896 3708 3241 3761 exedendum
3278 3724 3424 3763 esse.

1853 3803 2036 3858 Liceat
2074 3803 2252 3864 modo,
2294 3803 2340 3856 si
2365 3801 2582 3869 quando
2613 3799 2667 3851 in
2709 3799 2808 3850 hac
2847 3798 3229 3868 ἀναγκοφαγξᾳ
3271 3798 3424 3854 fasti-

1853 3895 2001 3948 dium
2038 3894 2166 3945 mihi
2203 3893 2536 3956 suborietur,
2573 3889 2792 3942 aliunde
2840 3898 3024 3956 petere
3067 3891 3212 3957 quod
3248 3888 3421 3943 ﬂuen-

1851 3993 1959 4040 tem
1995 3999 2252 4052 nauseam
2280 3989 2552 4037 coerceat.
2600 3980 2829 4034 Dabitur
2869 3981 3054 4048 itaque
3094 3989 3340 4051 potestas
3368 3991 3423 4036 et

1857 4077 2013 4132 venia
2062 4075 2324 4145 evagandi
2377 4073 2671 4128 identidem
2707 4071 3088 4146 longiuscule;
3128 4070 3425 4126 dummodo

1855 4185 1923 4224 ne
1957 4169 2117 4241 plane
2149 4167 2253 4232 ἔξω
2273 4165 2382 4221 τῶν
2414 4162 2631 4230 ἐλαιῶν,
2662 4180 2839 4236 neque
2870 4165 3080 4220 levibus
3117 4164 3186 4219 de
3219 4165 3426 4221 causis.

1855 4262 1968 4317 lloc
1997 4272 2177 4316 autem
2207 4258 2352 4314 scias
2396 4258 2560 4314 velim
2596 4257 2650 4312 in
2694 4258 2926 4328 primis,
2980 4271 3086 4310 non
3124 4256 3260 4311 mihi
3290 4269 3426 4312 con-

1856 4355 2038 4409 silium
2065 4365 2190 4408 esse
2217 4351 2284 4408 de
2305 4349 2517 4406 Joanne
2547 4351 2654 4404 isto
2677 4351 2770 4420 qui
2797 4351 3019 4416 cujasve
3040 4348 3230 4414 fuerit,
3252 4361 3430 4420 quan-

1853 4444 1927 4500 do
1959 4445 2176 4510 vixerit,
2211 4451 2306 4498 aut
2333 4457 2362 4496 a
2395 4442 2598 4512 quibus
2627 4441 2885 4497 laudatus
2922 4441 3016 4508 sit,
3045 4442 3275 4496 omnino
3310 4456 3430 4498 ver-

1857 4536 1984 4589 bum
2048 4533 2227 4588 l‘acer-e
2275 4549 2289 4586 :
2345 4547 2470 4588 cum
2527 4532 2618 4587 diu
2674 4533 2748 4586 sit
2801 4530 2947 4600 quod
2993 4545 3209 4586 omnem
3267 4531 3426 4586 istam

1855 4624 2287 4680 controversiam
2327 4622 2570 4692 suscepit
2609 4622 2980 4676 amicissimus
3033 4629 3219 4676 noster
3265 4629 3431 4692 atque

1855 4716 2262 4771 eruditissimus
2280 4713 2508 4768 Hodius.
2530 4713 2742 4783 Quippe
2768 4713 2916 4768 aliud
2933 4721 3038 4776 est,
3073 4714 3318 4784 inquam,
3349 4711 3431 4788 [2]

1859 4809 2174 4878 scriptionis
2223 4808 2385 4877 hujus
2443 4807 2752 4860 institutum
2795 4824 2809 4860 :
2859 4821 2980 4874 qua)
3036 4821 3230 4860 vereor
3280 4808 3432 4876 equi-

1859 4901 1980 4952 dem
2043 4909 2100 4952 tit
2153 4898 2288 4950 satis
2343 4913 2406 4951 ex
2467 4907 2596 4950 voto
2644 4904 2697 4950 et
2761 4896 2992 4951 feliciter
3055 4898 3184 4950 mihi
3237 4907 3429 4952 vertat.

227 5006 419 5074 junctus
450 5011 584 5077 sim;
618 5009 873 5079 quodque
919 5003 1087 5059 semel
1118 5001 1386 5054 duntaxat
1415 4998 1562 5051 hunc
1591 4995 1760 5050 Mala-
1792 4982 1834 5038 Ι)
1865 4990 1939 5043 Ita
1975 5006 2104 5043 sane
2150 4989 2404 5058 praesagit
2453 4988 2691 5049 animus,
2742 4989 2815 5042 ita
2848 4989 2901 5042 in
2945 4991 3066 5058 ipso
3092 4988 3275 5043 limine
3299 5002 3435 5042 con-

230 5097 315 5150 lam
338 5115 621 5170 properans
654 5096 1043 5168 percurrerim,
1075 5107 1173 5148 nec
1209 5099 1266 5144 ut
1296 5090 1593 5146 secundas.
1618 5101 1757 5156 quas

228 5193 547 5256 sapientiores
573 5208 696 5246 esse
720 5191 898 5251 aiunt,
930 5201 1093 5241 curas
1124 5193 1180 5239 et
1205 5182 1573 5252 cogitationes
1601 5177 1758 5231 adhi-

230 5277 401 5350 berem,
431 5285 537 5338 ullo
583 5283 764 5336 adhuc
795 5286 955 5349 pacto
1003 5275 1271 5347 potuerim
1302 5276 1543 5328 animum
1581 5271 1757 5324 indu-

228 5383 330 5426 cere
376 5394 387 5426 :
448 5383 501 5429 ut
549 5376 663 5442 illa,
697 5375 947 5442 inquam.
1002 5379 1168 5440 atque
1216 5369 1324 5422 alia
1393 5374 1753 5436 praeteream;

230 5463 367 5527 pudet
391 5464 590 5529 hercle,
631 5473 691 5518 ut
716 5479 902 5519 verum
934 5459 1126 5526 fatear,
1158 5462 1409 5530 pigetque
1453 5459 1628 5513 bonas
1657 5456 1756 5508 lio-

228 5563 321 5616 ηε,
349 5573 457 5626 qua:
480 5559 621 5614 haud
653 5560 815 5629 paqu
858 5556 1054 5610 melius
1093 5552 1357 5608 collocari
1407 5557 1656 5621 possent,
1700 5547 1754 5600 in

228 5647 320 5698 tatu
375 5648 579 5722 ingrato
631 5660 684 5706 et
741 5648 966 5720 ignobili
1017 5647 1203 5701 labore
1255 5656 1598 5699 consumere.
1651 5638 1756 5694 Sed

1863 5081 2058 5150 spicio,
2119 5079 2265 5148 quod
2317 5078 2483 5132 ctiam
2524 5077 2828 5132 fortissimo
2873 5089 3138 5134 terrorem
3179 5079 3430 5134 incutiat.

1865 5170 2147 5241 Siquidem
2209 5177 2357 5223 recte
2406 5178 2596 5222 narrat
2644 5169 2870 5224 Malalas
2915 5187 3038 5240 pag.
3077 5170 3164 5236 90,
3192 5171 3435 5224 edixisse

1863 5263 2126 5317 nimirum
2181 5272 2347 5330 atque
2404 5261 2821 5315 interminatum
2875 5277 2998 5316 esse
3058 5261 3297 5329 Orphea,
3363 5278 3434 5316 ne

1862 5358 2153 5427 quisquam
2187 5356 2504 5408 mortalium
2548 5355 2724 5425 palam
2776 5355 2967 5410 fecerit
2995 5355 3060 5408 τὰ
3107 5354 3430 5424 Ἐρικεπεώ.

1865 5445 1960 5516 Οἵ),
1987 5452 2087 5512 ait,
2114 5449 2283 5518 ὄνομα
2315 5452 2343 5503 ὁ
2369 5449 2528 5512 αὐτὸς
2568 5450 2803 5518 Ὀρφεὺς
2831 5448 3068 5511 ἀκούσας
3091 5448 3154 5516 εχ
3178 5450 3277 5517 τῆς
3298 5464 3434 5516 μαν-

1864 5545 2016 5606 τείας
2063 5543 2276 5608 ὲξεῖπε,
2331 5543 2549 5614 Μήτινσ.
2601 5542 2770 5610 φάναι
2806 5539 2874 5592 τὰ
2917 5536 3246 5606 Ἐρικεπεὼ,
3296 5539 3434 5611 ὅπερ

1863 5634 2222 5707 ἑρμηνεύεται
2249 5637 2315 5705 τῇ
2347 5636 2497 5706 κοινῇ
2521 5633 2760 5703 γλώσσῃ,
2786 5631 3010 5698 Bauli},
3042 5629 3192 5698 Φῶς,
3215 5629 3438 5685 Ζωεδο-
