3862 6318
305 254 397 339 725'
1384 279 1752 340 EPISTOLA
1794 281 2002 343 RICH.
2038 281 2399 343 BENTLEII
3436 277 3544 342 περ)

364 391 478 441 Sine
536 387 707 443 dubio
758 386 886 443 loco
958 387 1219 442 ’Δστάνου
1295 385 1703 443 emendandum
1765 393 1851 441 est

1957 386 2217 458 ἀληθείας
2249 383 2410 441 εἶναι.
2444 381 2535 451 Εἷς
2570 389 2717 441 ἐστιν
2738 387 2767 439 6
2792 387 2922 451 Θεδς
2945 387 3003 451 ὃς
3028 387 3121 440 τὸν
3148 386 3402 459 οὐρανόν,
3433 398 3538 446 etc.

314 478 563 533 Ὁστάνου.
598 480 837 534 Ostanes
884 496 1078 551 magns
1110 488 1165 534 et
1205 479 1532 537 Zoroastres
1567 482 1736 533 etiam
1773 479 1858 533 in-

311 572 460 627 doctis
516 570 912 640 eognitissimi.
980 571 1274 628 Theodoro
1325 571 1671 628 Meliteniotze
1713 571 1861 626 Prae-

315 666 485 718 latione
545 663 629 716 iu'
666 664 1078 721 Astronomiam
1150 680 1259 719 non
1328 664 1562 720 Ostanes
1624 664 1857 727 dicitur,

313 756 387 809 sei
442 752 659 821 Ὀτάνης
715 751 856 825 [ll],
906 752 1039 820 Quae
1098 753 1333 809 fortasse
1393 770 1523 809 vera
1579 754 1857 823 scriptura

309 857 418 901 est:
469 860 589 898 nam
645 853 702 899 et
733 844 879 916 apud
952 844 1288 901 Herodotum
1362 862 1473 901 non
1550 861 1697 903 unus
1772 853 1859 901 est

305 937 480 991 Otaces
525 934 740 991 Persa:
778 946 836 991 et
900 951 1031 991 vero
1082 952 1278 1008 magus
1337 937 1431 992 ille
1477 937 1701 992 natione
1756 935 1861 990 fuit

301 1026 585 1080 Chaldaeus.
638 1022 923 1080 Theodori
968 1027 1153 1081 locum
1199 1027 1537 1093 describam,
1590 1025 1739 1097 quod
1779 1024 1856 1081 ibi

298 1119 637 1188 plurimorum
691 1133 980 1186 magorum
1020 1119 1247 1173 nomina
1284 1118 1498 1183 videas,
1532 1133 1674 1189 quos
1725 1116 1859 1173 alibi

296 1208 494 1262 frustra
551 1209 863 1276 quaesieris.
940 1207 1030 1263 Ἐν
1074 1205 1157 1273 οἷς
1208 1209 1542 1280 (Χαλδαίοις)
1596 1209 1748 1264 ἄλλοι
1798 1226 1859 1261 τε

289 1294 522 1352 πλεῖστοι
569 1298 863 1368 γεγόνασιν
913 1300 1185 1368 ἀξιόλογοι
1228 1301 1421 1371 ἄνδρες
1481 1301 1576 1355 καλ⁸
1626 1300 1861 1372 μάλιστα

285 1390 635 1459 Ζωροάστρης
670 1394 765 1443 καὶ
809 1390 929 1460 μετ’
984 1392 1192 1444 ἐκεῖνον
1235 1390 1485 1456 Ὀτάνης,
1515 1392 1545 1444 ὃ
1573 1406 1634 1442 τε
1686 1389 1856 1461 Κιδη-

279 1482 398 1546 νίς,
446 1481 534 1535 καὶ
580 1480 991 1552 Ναῦουριανὺς,
1041 1482 1136 1534 καὶ
1160 1482 1257 1535 σὺν
1306 1481 1491 1542 αὐτοῖς
1527 1484 1557 1534 6
1592 1479 1855 1546 Σουδίνος,

278 1570 420 1623 ἀλλὰ
472 1574 558 1623 καὶ
610 1570 879 1634 Σέλευκος
944 1571 1054 1626 ἀπὸ
1097 1571 1422 1636 Σελευκείας
1449 1570 1717 1635 Χαλδαῖος
1762 1570 1860 1625 καὶ

276 1657 440 1723 οὗτός
475 1664 634 1716 ἔστιν.

276 1771 399 1828 XV.
442 1775 647 1843 ϐοῦλις
665 1779 699 1830 ὀ
716 1777 1052 1845 Αἰγυπτίων
1085 1774 1387 1842 βασιλεὺς
1424 1775 1706 1845 ἐπαρθεὶς
1733 1773 1856 1845 τοῖς

350 1843 836 1916 καρτορθὼμασίν
881 1845 1193 1913 ἠρώτησεν
1214 1849 1303 1913 είς
1334 1845 1402 1899 τὸ
1425 1844 1711 1916 μαντεῖον
1749 1843 1856 1898 τοῦ

344 1915 666 1980 εὑριπίδου
694 1916 828 1984 περὶ
861 1916 1051 1970 αὐτοῦ
1079 1916 1290 1983 οὕτως’

326 2026 569 2093 Φράσον
586 2045 687 2097 μοι
721 2026 1108 2096 πορισθενές,
1142 2037 1250 2084 etc.
1284 2038 1344 2084 ut
1368 2027 1590 2084 Malalas
1622 2045 1679 2100 p.
1709 2027 1801 2084 26.

279 2113 564 2169 Hominem
608 2130 743 2171 sane
795 2117 1078 2181 festivum,
1105 2117 1198 2187 qui
1246 2115 1565 2188 Euripidem
1609 2134 1858 2190 χρησμο-
1924 2160 1939 2177 .

276 2206 542 2274 λογοῖιντα
567 2210 726 2265 nobis
770 2210 1047 2265 exhibuit.
1074 2208 1282 2277 Quidni
1333 2210 1564 2267 autem?
1603 2210 1854 2282 inquies,

284 2296 453 2365 cuius
482 2311 543 2351 ex
575 2298 819 2369 μαντείῳ
848 2298 955 2354 hoc
984 2299 1195 2354 editum
1230 2306 1336 2363 est,

442 2388 644 2453 Μάντις
675 2386 730 2440 δ’
775 2388 1023 2456 ἀριστος
1047 2387 1218 2454 ὅστις
1245 2385 1461 2449 εἰκάζει
1490 2384 1713 2456 καλῶς,

312 2476 566 2529 oraculum
595 2476 843 2548 quidem,
872 2492 986 2548 quo
1016 2475 1155 2531 nihil
1188 2479 1374 2532 verius
1405 2490 1470 2531 ac
1498 2476 1853 2547 sapientius;

316 2566 466 2631 quale
488 2582 748 2637 nunquam
781 2578 876 2623 aut
911 2567 1070 2624 Bacis
1114 2565 1282 2634 fudit,
1313 2577 1411 2622 aut
1449 2567 1702 2623 comicus
1751 2565 1856 2622 iste

306 2655 497 2719 cuius,
524 2671 610 2713 aut
1806 2649 1815 2656 ’

298 2743 483 2816 Pythia
511 2764 618 2818 quc
655 2747 866 2818 tripode
900 2764 967 2805 es:
1003 2748 1188 2806 thbi
1219 2750 1475 2820 lauroque
1505 2747 1724 2818 profata
1752 2754 1855 2802 est.

296 2836 404 2892 Sed
426 2850 566 2895 extra
598 2841 790 2911 jocum
829 2860 843 2896 :
882 2841 1004 2898 sine
1045 2841 1428 2898 controversia
1462 2837 1851 2910 corrigendum

288 2940 376 2985 est
410 2931 497 2985 τοῦ
527 2932 865 3005 Σαράπιδοςο
898 2934 988 2988 cui
1017 2932 1226 2990 Canobi
1255 2933 1456 3002 templa
1486 2930 1670 2990 dicata
1690 2938 1852 2997 sunt;

286 3025 451 3077 etiam
483 3027 824 3082 Alexandria:
848 3034 903 3080 et
930 3024 1187 3096 Memphi.
1223 3023 1425 3080 Narrat
1464 3022 1665 3078 Strabo
1694 3023 1853 3079 miris
1878 3065 1926 3128 Ο

287 3115 546 3183 quosdam
565 3117 818 3174 laudibus
837 3117 1037 3175 ell‘erre
1058 3120 1157 3183 τὰς
1186 3118 1390 3190 ἀρετὰς
1405 3117 1516 3171 τῶν
1540 3115 1648 3171 τοῖν
1679 3116 1854 3188 Σαρά’

289 3204 439 3269 mbo;
456 3209 510 3260 ὲν
538 3208 780 3282 Κανώϐῳ
800 3209 1019 3278 λογίων.
1046 3208 1173 3264 Haec
1190 3210 1551 3280 scripseram,
1575 3223 1701 3264 cum
1725 3223 1854 3264 sero

290 3296 641 3355 animadverti
686 3302 829 3371 apud
866 3302 1097 3357 Suidam
1131 3302 1185 3356 in
1235 3317 1369 3357 voce
1416 3300 1612 3364 Θοῦλις
1648 3300 1718 3355 ita
1749 3300 1853 3372 legi

292 3387 577 3456 αἱτολεξεί,
614 3393 692 3461 uti
720 3393 875 3463 prius
899 3408 964 3447 ex
997 3391 1323 3463 conjectura
1360 3391 1804 3446 emendaveram.

362 3476 697 3535 Dubitantem
732 3500 817 3538 me
852 3491 908 3537 et
952 3498 1063 3553 quo
1092 3483 1343 3553 proxime
1372 3498 1459 3536 me
1497 3488 1705 3536 vertam
1745 3482 1854 3535 cir-

295 3584 748 3640 cumspcctantem
791 3574 858 3628 ad
901 3590 960 3629 se
1007 3582 1171 3628 vocat
1220 3571 1562 3643 Sophocles.
1612 3571 1854 3642 indignis

297 3674 426 3713 sane
450 3663 611 3714 molis
632 3680 661 3716 a
681 3661 894 3718 Joanne
931 3672 1210 3734 acceptus,
1244 3678 1299 3733 p.
1324 3662 1392 3717 47
1428 3680 1440 3715 :
1475 3660 1534 3716 ’0
1554 3661 1663 3734 γὰρ
1686 3660 1857 3729 σοφώ·

296 3765 444 3814 τατος
472 3753 734 3826 Σοφοκλῆς
766 3755 951 3827 δρᾶμα
980 3754 1199 3819 ἐξέθετο
1235 3756 1330 3809 καὶ
1368 3753 1669 3824 ποιητικῶς
1700 3749 1853 3807 εἶπεν
1907 3819 1914 3825 .

294 3838 374 3890 ὁτι
416 3842 441 3894 6
472 3842 752 3913 Τειρεσίας
809 3843 908 3915 τὴν
961 3843 1211 3899 Παλλάδα
1267 3841 1372 3898 εἶδε
1417 3844 1715 3916 λουομένην
1761 3846 1855 3897 καὶ

294 3930 425 4002 γυνὴ
452 3935 681 4003 ἐγένετο.
710 3934 821 4008 Ego
846 3952 975 3991 vero
1004 3939 1199 4005 quovis
1219 3938 1449 4008 pignore
1476 3936 1850 3991 contenderim

294 4028 421 4081 nihil
449 4044 668 4100 usquam
704 4030 773 4084 de
815 4028 1014 4085 fabella
1041 4031 1146 4086 ista
1171 4033 1475 4101 profectum
1502 4045 1529 4082 a
1557 4029 1849 4100 Sophocle,

293 4134 586 4191 quanquam
612 4124 679 4175 ah
713 4120 840 4177 aliis
891 4122 1095 4191 passim
1130 4130 1496 4178 memoretur.
1533 4120 1671 4176 Cum
1703 4120 1850 4175 enim

292 4224 470 4265 omnes
497 4209 607 4266 fere
636 4211 826 4266 titulos
854 4210 1289 4283 Sophocleorum
1329 4211 1649 4267 Dramatum
1681 4211 1852 4267 bene-

294 4298 407 4352 licio
448 4300 943 4359 Gratntnaticornm
978 4300 1237 4359 ‘veterum
1286 4303 1613 4367 habeamus.
1638 4304 1850 4363 nullum

1962 478 2007 534 0
2046 479 2291 536 hominis
2324 489 2631 555 stuporem,
2671 488 2726 534 et
2773 479 3043 533 ἰδιωτείαν
3092 480 3337 534 meram!
3380 481 3542 552 Apud

1961 578 2272 636 auctorem,
2320 569 2467 625 unde
2530 570 2645 625 haec
2712 570 2901 625 habuit
2947 568 3366 636 Antiochensis,
3421 569 3559 626 siue'

1959 663 2131 735 688
2155 663 2326 718 dubio
2352 664 2622 734 scriptum
2652 672 2775 718 erat
2802 663 2868 718 ad
2897 663 3004 718 hoc
3042 663 3357 733 exemplum
3390 681 3405 718 :
3430 665 3547 717 Ka-

1962 754 2069 818 θὼς
2103 758 2132 809 6
2178 756 2457 828 Σοφοκλῆς
2485 751 2641 810 εἶπεν
2677 756 2736 810 ὲν
2777 758 2897 820 ταῖς
2928 754 3266 825 ἀληθείαισιν
3306 748 3388 820 εἷς
3426 758 3543 811 ἔστι

1960 846 2113 913 Θεός.
2153 845 2332 902 llomo
2354 847 2591 903 stolidus
2622 847 3073 917 interpunctione
3106 847 3239 902 falsa
3267 847 3543 918 iugulavit

1964 952 2204 1003 versum,
2244 938 2554 1009 misereque
2597 938 2951 1009 disperdidit.
2993 937 3265 992 Nimirum
3310 939 3380 993 ab
3409 938 3542 1009 ἀλη-

1962 1029 2191 1084 θιίαισιν
2238 1031 2654 1087 distinctionem
2716 1032 2936 1101 posuit,
2995 1046 3125 1086 cum
3184 1032 3366 1086 oratio
3415 1039 3547 1101 post

1960 1116 2082 1176 εἷπε
2112 1122 2379 1180 sustineri
2401 1123 2677 1180 debuerit.
2715 1122 2823 1179 Sed
2854 1122 3088 1179 efficiam
3126 1132 3187 1177 ut
3222 1126 3459 1195 posthac
3487 1123 3538 1176 hi

1962 1214 2223 1269 versiculi
2260 1230 2398 1271 sano
2442 1216 2636 1272 saltem
2682 1215 2820 1286 pede
2864 1216 3085 1286 possint
3129 1215 3406 1271 incedere.
3449 1213 3541 1269 Sic

1964 1306 2134 1376 igitur
2165 1308 2399 1364 emendo
2425 1327 2439 1364 :
3108 1304 3119 1309 ’

2099 1421 2206 1477 Ἐν
2237 1423 2365 1489 ταῖς
2386 1422 2770 1490 ἀληθείαισιν
2792 1418 2882 1490 εἷς
2896 1423 3080 1480 ,ἐστιν
3101 1424 3237 1489 θεὸς

2109 1494 2216 1558 ⁸ος
2242 1495 2505 1562 οὐρανόν
2537 1494 2587 1546 τ’
2608 1491 2826 1564 ἔζευξεΔ
2845 1492 2946 1546 καί
2977 1493 3154 1564 γαῖαν
3168 1494 3410 1562 μακρὰν

2104 1560 2337 1617 Πόντου
2363 1578 2428 1616 τε
2451 1560 2719 1631 χαροπόν
2736 1560 2921 1631 οἶδμα
2943 1560 3225 1632 κᾶνέμαιν
3245 1564 3413 1629 βίας.

2103 1633 2413 1701 Θνητοίτε
2431 1632 2670 1687 πολλὸν
2698 1632 2910 1701 καρδίᾳ
2939 1632 3319 1700 πλανώμενοι

2111 1700 2537 1773 Ἰδρυσάμεσθα
2558 1700 2844 1771 πημάτων
2872 1702 3266 1773 παραψυχὴν,

2104 1771 2263 1842 Θεῶν
2283 1770 2574 1842 ἁγάλματ’
2601 1770 2668 1825 ἐκ
2688 1773 2874 1842 λίθων
2896 1772 2933 1839 ἢ
2959 1770 3239 1842 χαλκέων

2101 1833 2176 1895 ’Ἠ
2196 1833 2657 1909 χρυὰοτὲύκτων
2680 1840 2722 1909 ἢ
2755 1833 3143 1910 ’λεφάιέὲἰνων
3179 1843 3430 1908 τύπους.

2102 1913 2329 1976 Θυσίας
2350 1927 2412 1964 τε
2433 1911 2666 1977 τούτοις
2698 1911 2797 1965 καὶ
2828 1911 3004 1978 κενὰς
3031 1913 3416 1978 πανηγύρεις.

2103 1980 2431 2050 Τεύχοιοτες
2456 1980 2646 2047 οὕτως
2683 1981 2960 2035 εὐσεϐεῖν
2985 1983 3321 2052 νομίζομεν.

1958 2098 2035 2154 Ita
2066 2095 2183 2153 fere
2214 2096 2476 2167 leguntur
2502 2092 2647 2164 apud
2683 2091 2989 2158 Iustinum,
3027 2093 3392 2156 Clementem,
3426 2092 3537 2147 En-

1956 2190 2193 2255 sebium,
2242 2185 2668 2251 Theodoritum,
2713 2191 2769 2239 et
2823 2183 3024 2252 partim
3078 2185 3533 2256 Athenagoram;

1955 2282 2093 2338 adeo
2133 2288 2196 2334 ut
2227 2277 2474 2335 demirer
2506 2276 2862 2346 interpretem
2902 2274 3323 2341 Chilmeadnm,
3358 2276 3537 2333 homi-

1954 2389 2085 2430 nem
2119 2385 2254 2428 sane
2299 2368 2710 2442 pereruditum,
2751 2367 2808 2422 in
2848 2367 2973 2427 luce
3013 2375 3124 2423 tam
3167 2368 3315 2425 clara
3350 2370 3537 2424 minus

1956 2464 2123 2521 solito
2158 2461 2528 2533 perspexisse.
2574 2459 2682 2516 Sed
2718 2474 2829 2515 non
2871 2467 2927 2515 te
2962 2460 3176 2526 celabo,
3205 2460 3355 2532 quod
3392 2475 3534 2532 pace

1955 2564 2277 2614 sanctorum
2306 2554 2550 2610 virorum
2577 2553 2786 2609 dictum
2820 2554 2987 2608 velim
3014 2592 3031 2618 ,
3061 2555 3421 2611 vehementer
3450 2570 3536 2610 me

1957 2647 2230 2719 suspicari
2260 2661 2369 2702 non
2395 2660 2527 2702 esse
2550 2646 2667 2701 haec
2697 2661 2728 2699 ιι
2761 2645 3056 2716 Sophocle.
3094 2645 3148 2700 Id
3172 2646 3311 2702 adeo
3342 2661 3445 2702 cur
3478 2646 3535 2702 in

1956 2742 2202 2795 animum
2235 2736 2517 2802 inducam,
2552 2737 2598 2795 si
2624 2753 2715 2794 me
2746 2739 3088 2811 interroges,
3120 2737 3288 2795 dico:
3322 2739 3534 2810 permi-
3600 2730 3611 2739 ’

1956 2847 2079 2887 rum
2102 2829 2238 2886 mihi
2263 2839 2464 2901 praeter
2500 2831 2607 2886 alia
2642 2829 2843 2898 videri,
2879 2841 2990 2887 tam
3029 2830 3302 2887 illustrem
3354 2831 3533 2886 locum

1957 2923 2369 2981 Ecclesiasticis
2412 2923 2551 2979 solis
2600 2922 2912 2979 incurrisse
2951 2923 3004 2977 in
3045 2921 3258 2986 oculos,
3297 2920 3532 2976 aliorum

1956 3017 2205 3073 omnium
2236 3017 2412 3071 aciem
2438 3014 2699 3087 effugisse
2730 3014 2868 3089 [l3].
2900 3014 3006 3082 Qui
3037 3014 3269 3079 factum,
3291 3014 3372 3069 uti
3403 3013 3535 3070 der-

1958 3108 2171 3163 mitaret
2208 3107 2298 3162 hic
2345 3106 2629 3163 Plutarchi
2667 3107 2996 3176 diligentia?
3023 3107 3128 3174 Qui
3171 3104 3534 3178 Porphyrium

1956 3201 2240 3271 praeterire
2263 3199 2441 3271 potuit
2470 3201 2599 3271 περὶ
2639 3200 2854 3272 ἀποχῆς
2880 3199 3145 3272 ἐμψύχων
3167 3207 3278 3255 tam
3316 3199 3537 3269 insigne

1955 3292 2332 3347 testimonium
2368 3292 2638 3350 adversus
2668 3292 2781 3347 τῶν
2811 3292 3014 3347 θυσιῶν
3048 3293 3151 3357 τὰς
3181 3292 3536 3365 παρανόμους

1956 3386 2194 3457 σφαγάς,
2220 3392 2281 3441 ιιι
2309 3386 2375 3441 ad
2397 3386 2546 3442 hunc
2570 3386 2753 3441 locum
2782 3387 2859 3441 ait
2882 3384 3298 3442 Theodoritus!
3320 3383 3423 3441 Uhi
3451 3391 3533 3449 tu,

1958 3477 2207 3548 Stobae,
2256 3480 2516 3545 cessasti,
2563 3479 2872 3536 litterarum
2905 3478 3152 3535 oblivio?
3194 3486 3277 3542 tu,
3325 3477 3421 3549 qui
3454 3485 3539 3532 tot

1957 3572 2169 3628 forulos
2188 3571 2655 3629 bibliothecarum
2680 3571 3004 3636 excussisti,
3032 3570 3327 3641 Sophoclis
3351 3578 3534 3626 autem

1955 3669 2011 3715 et
2064 3660 2346 3732 Euripidis
2390 3673 2746 3718 monumenta
2787 3661 3034 3717 studiose
3086 3669 3289 3732 praeter
3337 3670 3535 3716 caetera

1957 3751 2240 3808 leetltasti.
2273 3752 2498 3808 Adeone
2518 3767 2722 3824 paucos
2770 3766 2800 3806 e
2833 3751 3124 3815 Patribus,
3161 3750 3295 3822 quid
3340 3750 3539 3807 Patres

1955 3853 2136 3899 autem
2178 3843 2342 3899 dico?
2387 3859 2634 3900 unumne
2690 3844 2930 3914 aliquem
2990 3844 3397 3907 tenebrioncm,
3442 3843 3533 3912 qui

1955 3939 2238 4008 supposita
2283 3954 2521 4009 persona
2586 3938 2786 3992 librum
2834 3936 3073 3993 ediderit
3111 3935 3196 4008 (ut
3235 3944 3293 3989 et
3328 3935 3460 3989 olim
3483 3943 3537 3988 et

1957 4031 2117 4087 hodie
2149 4031 2541 4086 nonnullorum
2569 4029 2758 4100 opinio
2784 4038 2891 4092 est,
2934 4043 3111 4099 neque
3139 4027 3278 4082 adeo
3304 4026 3534 4094 iniuria)

1954 4121 2172 4178 caeteris
2214 4123 2476 4178 omnibus
2516 4120 2988 4193 perspicaciorem
3027 4128 3083 4176 et
3126 4117 3534 4189 diligentiorem

1956 4212 2167 4270 fuisse?
2201 4213 2458 4269 Clemens
2501 4213 2647 4270 enim
2697 4221 2887 4284 aperte
2935 4219 2990 4267 et
3048 4210 3290 4282 ingenue
3334 4206 3538 4263 fatetur

1953 4305 2192 4361 iiecatzei
2222 4320 2280 4361 se
2307 4305 2467 4360 lldem
2494 4311 2777 4368 secutum,
2814 4304 2958 4375 apud
2990 4305 3174 4375 ipsum
3204 4300 3535 4373 Sephoclem

291 4399 371 4441 est
399 4393 483 4445 ubi
514 4391 742 4453 Tiresiae
766 4409 1005 4464 persona
1038 4395 1222 4451 locum
1256 4395 1463 4451 habere
1489 4395 1685 4466 possit,
1711 4410 1851 4467 price
1884 4400 1928 4455 D
1956 4396 2182 4451 omnino
2209 4410 2317 4449 non
2348 4396 2565 4466 legisse.
2601 4393 2662 4448 '0
2685 4394 2783 4465 μὲν
2809 4394 3105 4471 Σοφοκλῆς,
3128 4394 3204 4448 ait
3236 4392 3439 4448 Strom.
3473 4390 3534 4454 V,

292 4487 522 4550 terqnam
552 4499 662 4539 una
718 4482 982 4556 TriIOgia,
1022 4485 1272 4556 (Edipus
1316 4485 1635 4558 Tyrannus,
1688 4488 1851 4543 Anti-

291 4584 440 4638 gone,
483 4584 540 4631 et
562 4575 808 4647 (Edipus
856 4576 913 4635 in
967 4576 1183 4635 Colono
1226 4596 1242 4633 :
1288 4579 1371 4635 sic
1414 4581 1566 4635 enim
1614 4581 1799 4637 sentio
1835 4596 1850 4635 :

289 4665 394 4720 sive
415 4667 764 4739 tetralogiam
794 4670 979 4736 malis,
1026 4671 1266 4740 accedo;
1298 4678 1359 4725 ut
1390 4670 1576 4728 fabula
1608 4671 1731 4746 [12]
1758 4689 1854 4730 sa-

289 4756 469 4825 tyrica,
496 4760 646 4815 sient
667 4774 864 4817 omnes
890 4760 1141 4816 omnium
1182 4771 1387 4832 praeter
1418 4762 1713 4835 Cyclopem
1742 4764 1853 4820 Eu-

287 4845 488 4914 ripidis,
513 4851 745 4920 periisse
766 4849 1042 4907 videatur.
1076 4852 1405 4923 Quanquam
1432 4853 1583 4908 enim
1614 4853 1855 4910 affirmet

290 4935 476 4998 Suidns
495 4982 510 5006 ,
548 4942 629 4999 ὅτι
650 4943 682 4997 6
718 4943 1000 5014 Σοφοκλῆς
1026 4939 1163 5015 ἦρξε
1181 4943 1276 4999 τοῦ
1300 4944 1487 5017 δρᾶμα
1506 4942 1643 5016 πρὸς
1667 4945 1855 5018 δρᾶμα

286 5032 637 5103 ἀγωνίζεσθαι
656 5076 673 5103 ,
700 5036 839 5093 ἀλλὰ
877 5038 953 5108 μὴ
986 5037 1345 5110 τετραλογίαν
1365 5055 1383 5072 ⁸
1428 5038 1638 5097 scimus
1667 5047 1855 5097 tamen

287 5139 343 5180 ex
370 5125 698 5185 Didascaliis
722 5144 835 5184 non
867 5144 934 5185 ex
958 5130 1109 5189 omni
1144 5140 1301 5200 parte
1332 5145 1525 5188 verum
1560 5131 1664 5187 hoc
1703 5148 1850 5189 esse.

288 5211 410 5274 Vide
450 5208 626 5275 modo
651 5221 1081 5291 Aristophanem
1121 5221 1556 5279 Grammaticum
1580 5225 1636 5279 iu
1677 5225 1855 5296 Argu-

293 5308 688 5365 mentolledete
741 5309 1040 5382 Euripidis.
1095 5314 1260 5383 Atqui
1308 5313 1451 5368 haud
1502 5317 1852 5371 commemini

293 5397 527 5457 tabellam
568 5402 734 5459 istam
765 5405 832 5458 de
885 5403 1098 5459 Tiresia
1135 5405 1191 5461 iu
1237 5405 1400 5461 trinis
1450 5406 1560 5461 illis
1608 5409 1850 5474 narrari,

293 5507 453 5564 neque
492 5493 569 5549 ibi
610 5494 839 5561 reperiri
881 5511 1044 5566 posse
1085 5499 1343 5556 arbitror.
1395 5496 1578 5557 Prima
1624 5499 1739 5556 haec
1769 5512 1855 5557 est

294 5598 402 5651 erga
424 5582 754 5654 Sophoclem
777 5588 1139 5647 contumelia.
1185 5588 1460 5662 Deinceps
1485 5630 1501 5655 .
1537 5589 1722 5656 Ὅθεν,
1752 5592 1851 5654 ait,

296 5670 485 5736 ἐξέθετο
508 5672 785 5744 Σοφοκλῆς
820 5677 876 5729 ὲν
905 5679 1016 5741 τοῖς
1060 5678 1226 5733 αὑτοῦ
1260 5681 1656 5751 συγγράμμασι
1680 5679 1854 5736 ταῦτα

1954 4486 2031 4552 ὣς
2064 4503 2229 4560 φησιν
2273 4487 2555 4550 Ἑκαταῖος
2580 4490 2609 4541 6
2633 4488 2733 4549 τὰς
2772 4486 3014 4559 ἱστορίας
3048 4486 3452 4557 συνταξάμενος
3477 4487 3538 4540 ὲν

1955 4578 2032 4650 τῷ
2060 4579 2181 4633 κατ’
2200 4578 2484 4650 Ἅϐραμον
2513 4578 2609 4632 καὶ
2642 4579 2771 4642 τοὺς
2791 4577 3147 4645 Αἰγυπτίους.
3184 4574 3320 4631 Illud
3352 4586 3536 4631 autem

1955 4670 2301 4740 exploratum
2331 4668 2507 4722 habeo
2552 4676 2665 4721 tam
2705 4682 2735 4721 a
2764 4666 2986 4723 Justino
3019 4678 3075 4722 et
3108 4668 3396 4724 Clemente
3429 4664 3535 4721 Pa-

1957 4769 2069 4816 tres
2102 4742 2242 4814 alios
2272 4759 2576 4827 accepisse,
2606 4773 2770 4829 quam
2800 4756 3083 4813 Iustinum
3111 4766 3165 4814 et
3192 4756 3534 4814 Clementem

1955 4851 2322 4908 commentitii
2381 4851 2502 4920 ejus
2553 4849 2786 4906 Hecataei
2837 4852 3169 4908 auctoritate
3210 4851 3531 4908 tradidisse.

1954 4946 2126 5014 Quem
2156 4945 2222 4998 ad
2256 4943 2532 4998 hominem
2558 4944 2804 5010 demum,
2830 4954 2884 5000 et
2917 4961 3082 5017 quant
3119 4945 3278 5001 nulla
3315 4945 3419 5001 fide
3446 4961 3538 5002 res

1956 5030 2429 5100 redicritfvides.
2462 5033 2625 5090 illene
2679 5045 2739 5089 ut
2787 5034 3052 5104 Sophocli
3090 5035 3405 5092 versiculos
3437 5035 3538 5088 ali-

1954 5138 2081 5197 quoi
2115 5137 2401 5182 vereretur
2432 5127 2720 5198 aflingere,
2752 5128 2846 5198 qui
2874 5128 3031 5182 illum
3060 5127 3265 5196 ipsum,
3298 5139 3413 5195 quo
3439 5140 3537 5181 θος

1955 5219 2203 5283 adduxit,
2245 5218 2443 5274 librum
2487 5218 2724 5274 ediderit
2773 5219 3031 5274 simulata
3078 5232 3317 5288 persona
3354 5214 3536 5272 Heca-

1955 5311 2218 5382 tmi?lpsa
2239 5320 2505 5381 praeterea
2524 5313 2706 5367 oratio
2744 5311 2813 5367 de
2850 5327 2910 5367 se
2934 5310 3064 5365 facit
3092 5309 3380 5364 indicium.
3414 5305 3533 5365 Non

1956 5419 2194 5475 agnosco
2212 5404 2342 5459 illud
2358 5403 2628 5475 χαλκέων,
2648 5413 2702 5458 et
2718 5402 2915 5456 πολλὸν
2933 5411 3243 5470 sumptum,
3272 5407 3334 5455 ut
3355 5400 3532 5465 aiunt,

1955 5497 2365 5561 adverbialiter,
2398 5513 2524 5556 esse
2576 5496 2818 5553 hominis
2846 5495 3047 5562 Attici,
3080 5503 3176 5551 aut
3226 5499 3280 5550 in
3333 5505 3536 5567 tragte-

1956 5590 2043 5644 dia
2108 5589 2239 5645 ferri
2306 5604 2490 5660 posse.
2544 5588 2736 5657 Qualis
2787 5589 2934 5644 enim
2988 5588 3106 5644 haec
3166 5588 3307 5645 foret
3345 5588 3536 5646 confu-

1957 5682 2038 5737 sio
2079 5682 2463 5747 dialectorum,
2504 5690 2560 5738 et
2593 5690 2651 5736 ut
2685 5681 2761 5736 ait
2811 5682 2927 5738 ille.
2986 5692 3204 5749 saltago
3238 5682 3539 5754 loquendi?
