3862 6318
27 393 191 460 ἾΞ]

23 517 226 558 ntinc
254 515 590 575 supersunt.
635 504 767 560 Illud
795 518 974 563 autem
1018 510 1277 563 mentitur
1306 508 1550 570 Malalas.
1585 511 1660 573 ὡς

21 592 184 648 ἀπὸ
214 596 498 660 Πενθέως.
557 597 673 651 Non
701 597 979 654 Pentheus
1015 601 1183 662 enim,
1211 617 1398 655 verum
1435 601 1662 656 Semelae

17 700 298 743 sorores
327 688 452 742 Ἰνὼ
490 690 541 742 κ’
573 691 839 756 Αὑτονόα,
867 689 919 760 χ’
964 692 1000 744 ἁ
1054 692 1408 763 μαλοπάρῃος
1455 695 1662 760 Ἀγαὺα

9 781 450 834 contumelias
481 781 581 834 has
616 781 667 835 ei
695 781 972 836 dixerunt.
1016 782 1264 836 Bacchus
1297 785 1351 836 in
1386 785 1610 855 prologo
1645 803 1658 836 :

147 873 330 926 Ἐπεί
351 873 417 940 μ’
445 872 698 939 ἀδελφαί
743 874 967 943 μητρὸρ
1001 872 1073 939 ἅς
1106 874 1305 939 ἥκιστ’
1332 873 1522 943 ἐχρῆν

129 943 450 995 Διόνυσον
480 945 593 995 οὐκ
615 943 886 1010 ἔφασκον
917 941 1066 997 εἶναι
1099 943 1205 996 τοῦ
1228 946 1352 1008 Διὸς

130 1011 429 1082 Σεμέλῃ-»ξ
457 1011 526 1062 δὲ
555 1011 1008 1082 νυμφευθεῖσαν
1035 1013 1102 1064 ἐκ
1135 1014 1356 1078 θνητοῦ
1391 1032 1554 1082 τινος

123 1084 247 1146 Είς
280 1079 432 1146 Ζῆν’
459 1081 785 1149 ἀναφέρειν
815 1081 922 1148 τὴν
951 1082 1244 1150 ἁμαρτίαν
1275 1082 1516 1151 λέχους.

123 1172 274 1242 Pag.
314 1172 406 1227 58.
456 1173 514 1224 '0
539 1172 648 1243 γὰρ
684 1173 993 1240 σοφώτατος
1026 1173 1325 1244 Εὐριπίδης
1353 1175 1664 1244 ,ποιητικῶς

11 1264 290 1329 ἐξέθετο
314 1265 527 1336 δρᾶμα,
588 1265 664 1328 ὼς
708 1265 790 1318 ὅτι
824 1267 852 1318 ὁ
881 1267 1016 1328 Ζεὺς
1043 1267 1126 1334 εἰς
1179 1266 1414 1334 σάτυρον
1443 1268 1662 1340 ἔφθειρε

13 1358 154 1426 τὴν
189 1358 532 1426 Ἀντιόπην,
563 1357 772 1412 Censeo
800 1357 1164 1426 supplendum
1206 1375 1350 1423 esse,
1391 1362 1472 1423 εἰς
1503 1362 1664 1414 σάτυ-

27 1462 152 1514 ρον
183 1446 467 1516 τρεφθεὶς
510 1445 752 1515 ἔφθειρε.
795 1447 1030 1515 Pr0pter
1081 1447 1498 1502 similitudinem
1527 1455 1663 1504 duo-

27 1553 182 1590 rum
247 1539 555 1591 verborum
589 1537 812 1601 accidit,
862 1547 920 1591 ut
952 1537 1066 1592 fieri
1102 1540 1262 1603 solet,
1304 1550 1362 1594 ut
1402 1542 1663 1596 librarius

29 1645 232 1680 unum
266 1629 584 1682 omitteret.
635 1627 808 1683 Porro
840 1629 1020 1684 fabula
1063 1631 1297 1699 Antiopa
1331 1641 1664 1688 memoratur

31 1722 122 1773 ab
153 1719 484 1790 llesycliio,
530 1721 766 1784 Stobato,
799 1721 944 1775 aliis.
997 1719 1228 1776 Pliotius
1257 1723 1566 1790 patriarcha
1607 1724 1661 1778 in
1744 1752 1746 1754 -

37 1811 266 1866 [serico
297 1828 418 1866 ms.
449 1811 670 1881 Εὕκρας
703 1811 968 1882 εὔκρατος
998 1813 1424 1883 εὐρυὸροτοῖσιν.
1445 1813 1663 1887 Εὕκρας

39 1903 115 1953 se}
146 1902 364 1970 γένοιτ’
401 1903 472 1954 ἂν
508 1903 699 1972 ἡδέως,
728 1903 786 1954 ἐν
817 1903 1096 1974 Ἀντιόπῃ.
1127 1903 1290 1972 Lege,
1323 1904 1540 1974 Εὕκρας
1569 1905 1660 1958 εὕ-

43 2009 286 2061 ῖιιρατος.
337 1993 552 2062 Εὖριπ.
606 1995 663 2045 ὲν
705 1993 994 2063 Ἀντιόπῃ·
1028 1994 1312 2064 Βροτοῖσιν
1345 1993 1551 2065 εὔκρας
1597 1997 1658 2050 οὐ

45 2084 251 2147 γένοιτ’
281 2082 361 2136 ἂν
390 2083 592 2151 ἡδέως.
624 2082 824 2136 Suidas
853 2099 867 2136 :
901 2083 1165 2154 εὐκραὴς,
1194 2084 1317 2136 ἀντὶ
1339 2084 1434 2137 τοῦ
1463 2084 1662 2157 εὔκρα-

47 2188 165 2233 τος.
211 2172 436 2227 Scribe
489 2174 727 2244 Εὑκράς,
760 2175 840 2228 ιιιί
875 2184 1026 2229 recte
1081 2175 1222 2243 apud
1252 2174 1657 2248 Etymologicon

0 2259 10 2268 '
61 2277 363 2331 magnum.
417 2263 711 2332 Antiopam
766 2262 960 2318 Latine
1017 2263 1205 2318 docuit
1247 2265 1540 2333 Pacuvius,
1596 2269 1663 2324 de

61 2351 252 2409 Graeco
280 2354 581 2424 Euripidis
616 2371 940 2409 conversam
981 2354 1094 2428 [l7]
1129 2357 1426 2414 citantibus
1471 2359 1664 2414 Chari-

63 2445 160 2506 sio,
189 2443 503 2508 Diomede,
539 2443 734 2497 Servio
765 2453 816 2496 et
849 2444 1126 2499 Marcello.
1161 2447 1216 2500 ln
1241 2462 1349 2515 quo
1397 2449 1661 2514 admiror,

67 2536 142 2586 ait
160 2534 388 2588 Cicero
417 2537 485 2587 De
512 2535 734 2604 ﬁnibus,
755 2550 872 2588 -cur
897 2537 948 2588 in
981 2537 1330 2603 gravissimis
1359 2540 1520 2592 rebus
1555 2555 1661 2594 non

75 2625 334 2680 delectet
358 2640 448 2680 eos
475 2627 680 2694 patrius
709 2641 913 2692 sermo,
951 2642 1075 2680 cum
1114 2628 1274 2683 iidem
1304 2630 1531 2684 fabellas
1559 2629 1664 2684 La-

77 2715 224 2770 tinas
287 2717 361 2770 ad
400 2719 611 2771 verbum
666 2718 735 2772 de
794 2713 1000 2773 Graécis
1029 2736 1325 2789 expressas
1357 2738 1463 2775 non
1506 2724 1659 2778 inviti

77 2803 282 2874 legant.
314 2805 449 2870 Quis
476 2808 620 2859 enim
656 2816 766 2861 tam
817 2809 1079 2882 inimicus
1127 2826 1265 2878 pene
1309 2813 1514 2866 nomini
1543 2815 1661 2868 Ro-

93 2909 238 2948 mano
278 2905 386 2956 est,
415 2896 508 2965 qui
546 2896 702 2950 Ennii
742 2897 1010 2958 Medeam.
1043 2907 1137 2952 aut
1161 2901 1453 2970 Antiopam
1492 2903 1664 2958 Pacu-

101 2985 150 3035 vii
196 2996 430 3052 spernat
465 2994 560 3039 aut
623 2988 876 3056 rejiciat?
918 2989 1013 3058 qui
1062 3005 1121 3044 se
1157 2990 1349 3044 iisdem
1385 2991 1661 3061 Euripidis

109 3075 282 3130 tabulis
315 3077 573 3132 delectari
613 3078 783 3146 dicat,
821 3079 1050 3138 Latinas
1094 3082 1316 3138 oderit?
1346 3082 1501 3140 Nosti
1529 3085 1661 3141 illud

111 3161 276 3228 Persii,

162 3255 292 3330 sunt
319 3276 450 3326 quos
481 3259 850 3330 Pacuviusque
882 3272 932 3316 et
972 3280 1255 3319 verrucosa
1283 3276 1520 3321 moretur

163 3327 402 3394 Antiopa,
427 3332 682 3384 (erumnis
721 3327 814 3385 cor
841 3333 1190 3402 luctiﬁcabile
1211 3335 1376 3404 fulta.
1619 3388 1632 3401 ,

7 3493 14 3496 ν
167 3414 288 3487 Pag.
327 3419 394 3473 63
417 3438 432 3474 :
459 3420 521 3472 '0
551 3420 662 3491 γὰρ
685 3421 1000 3490 σοφώτατος
1029 3424 1330 3496 Εὐριπίδης
1358 3427 1658 3497 ποιητικῶς

0 3556 34 3586 τ
128 3507 300 3572 litbus
327 3511 514 3581 δρᾶμα
543 3514 670 3581 περὶ
693 3512 787 3566 τοῦ
811 3514 1097 3579 Οἰδίποδος
1127 3519 1342 3590 καὶτῆς
1379 3519 1655 3589 Ἰοκάστης

7 3659 22 3664 η
131 3598 308 3670 καὶτῆς
337 3602 593 3672 Σφιγγός.
630 3603 874 3674 (Ειιίρυε
923 3613 978 3660 et
1009 3605 1228 3669 locasta
1275 3609 1328 3662 in
1357 3607 1658 3664 Phoenissis

129 3687 175 3740 ad
209 3700 378 3760 partes
427 3703 740 3749 vocantur:
789 3697 920 3765 qui'n
953 3705 1008 3750 et
1047 3696 1247 3752 ibidem
1289 3699 1356 3752 de
1415 3698 1658 3769 Sphinge

126 3779 292 3830 mentio
325 3779 383 3833 lit
411 3795 520 3834 non
546 3783 733 3837 semel.
766 3781 953 3837 Potuit
981 3785 1146 3854 igitur
1168 3785 1556 3842 Antiochensis
1587 3789 1654 3841 ad

18 3925 22 3929 ,
121 3859 398 3922 Phtenissas
432 3871 727 3939 respicere,
773 3874 955 3940 potuit
989 3875 1054 3928 ad
1087 3873 1326 3929 fabulam
1362 3876 1652 3946 (Edipum,

111 3967 216 4021 oua
237 3961 483 4016 laudatur
509 3965 580 4019 ab
607 3962 903 4035 Hesychio,
927 3980 957 4020 a
992 3966 1208 4023 Stoban
1242 3968 1557 4038 aliquoties,
1587 3969 1656 4025 ab

105 4042 364 4106 Erotiano.

170 4140 278 4211 Pag.
307 4144 411 4198 88:
448 4145 566 4200 Καὶ
602 4146 740 4215 μετὰ
776 4147 1042 4216 Αἰσχύλον
1098 4147 1441 4203 ἐϐασίλευσεν
1473 4151 1653 4205 αὐτῶν

99 4228 222 4288 (τῶν
257 4234 574 4307 Ἀθηναίων)
615 4237 893 4306 Ἀκμαίων
920 4238 1014 4308 ἔτη
1041 4239 1154 4301 δύο.
1186 4243 1314 4312 περὶ
1333 4235 1393 4294 οὗ
1430 4243 1655 4315 Εὐριπί-

99 4319 195 4391 δης
214 4327 239 4378 ὁ
262 4329 571 4396 σοφώτατος
595 4329 782 4398 δρᾶμα
806 4327 1018 4394 ἐξέθετο
1037 4346 1050 4360 ⁸
1076 4333 1170 4385 καλ⁵
1197 4332 1335 4400 μετὰ
1362 4333 1653 4403 Ἀκμαίον-

109 4428 174 4465 τι
201 4417 547 4472 ἐϐασίλευσαν
569 4421 752 4474 αὐτῶν
779 4421 929 4474 ἄλλοι
955 4428 1044 4492 ιη’.
1077 4423 1284 4478 Amabo
1313 4434 1383 4488 te,
1409 4424 1649 4496 Syrisce,

123 4507 298 4561 serione
355 4510 468 4564 haec
517 4525 587 4564 an
632 4511 757 4580 joco
800 4512 967 4581 iquaa
997 4523 1046 4567 te
1097 4514 1242 4567 enim
1284 4513 1447 4570 larva:
1495 4525 1659 4586 atque

123 4592 417 4666 intemperiae
476 4600 795 4669 agitabant,
842 4616 967 4655 cum
1021 4602 1135 4655 haec
1193 4603 1506 4659 scriberes?
1547 4605 1651 4658 ποῦ

126 4699 188 4735 τοι
237 4689 421 4758 φρένες
444 4691 886 4755 ὲκπεπότανταις
917 4690 1196 4761 Ἀκμαίων
1240 4700 1294 4744 et
1323 4692 1652 4762 Ἀκμαίοντα

131 4786 205 4840 pro
257 4779 558 4849 Ἀλκμαίων
603 4791 656 4836 et
724 4780 1069 4852 Ἀλκμαίωνα
1109 4782 1132 4835 ?
1166 4781 1292 4836 Muli
1345 4794 1474 4837 sunt
1525 4784 1648 4845 illa,

135 4875 217 4916 non
259 4866 504 4925 hominis.
557 4870 748 4926 Simile
801 4879 1086 4941 peccatum
1122 4881 1226 4936 est,
1257 4873 1403 4942 quod
1460 4872 1527 4927 de
1559 4874 1654 4926 Al-

141 4966 325 5012 rmaone
364 4961 676 5016 Atheniensi
729 4963 1052 5032 tragmdiam
1100 4962 1299 5016 factam
1346 4963 1648 5020 existimes.

147 5038 368 5112 Siquidem
390 5051 475 5105 ille
501 5061 588 5107 est
614 5053 854 5106 Alcmaeo
875 5052 1131 5122 Argivus,
1149 5051 1458 5120 Amphiarai
1487 5052 1650 5115 filius,

152 5134 232 5198 (ιυὶ,
251 5140 371 5206 quod
403 5140 694 5212 Eriphylen
723 5151 952 5198 matrem
989 5133 1305 5205 occidisset,
1349 5142 1508 5197 furiis
1535 5143 1652 5212 agi-

155 5226 258 5279 tatus
288 5239 377 5284 est.
414 5232 544 5287 Inde
569 5248 749 5288 scena:
773 5241 1153 5305 argumentum
1184 5243 1267 5288 est
1296 5235 1674 5294 accersitum._

155 5309 359 5375 Tiinocles
378 5321 635 5380 Comicus
671 5343 685 5378 :

203 5406 429 5490 ζςὺς-γὰρ
453 5417 790 5490 τρατῳδρὺς
811 5416 1064 5490 πρῶτον,
1083 5421 1132 5471 εὶ
1149 5418 1384 5490 βοιξλει,
1411 5417 1647 5490 σκόπει,

213 5478 276 5556 PC
297 5478 579 5556 ὠέξὲλοῦσξ
611 5478 872 5554 ξττάντὶιςἱ
891 5491 940 5541 ’ό
962 5478 1079 5554 μὲν
1110 5478 1219 5556 Top
1243 5487 1329 5539 ὢν
1361 5478 1551 5553 acerne

199 5547 531 5626 ρτωκότερον
559 5557 748 5611 αὑτοῦ
790 5547 1144 5626 nataliade
1171 5547 1278 5610 ἱὸν
1313 5547 1580 5626 Τήλεφον

199 5616 505 5696 δενδίιεῖὖν,
542 5627 658 5694 ἤδη
687 5627 804 5694 τὴν
842 5616 1058 5681 nentur
1078 5625 1233 5694 ῥᾷον
1257 5616 1418 5695 ερέρὲι
1437 5645 1450 5658 ·

217 5689 440 5766 ρξ⁴οσὼν
469 5696 535 5749 δὲ
557 5689 824 5766 μανικῶς
854 5689 1194 5766 Ἀλκμαίων
1218 5689 1540 5765 concp-aro.

143 5741 419 5824 Αἠδιιιιξιιιρς
461 5798 509 5820 ο..
625 5807 637 5819 .
672 5741 1172 5836 Μακῖῦριόνὲστιν
1203 5769 1238 5834 ἡ
1263 5741 1547 5837 genitum/ci

1193 403 1551 462 EPISTULA
1590 404 1798 464 RICII.
1843 381 2225 467 BENTLEII.

1691 515 1735 569 A
1833 513 2062 582 Ποίημα
2094 516 2243 569 κατὰ
2269 515 2443 569 πάντ’
2479 556 2492 569 .
2533 556 2545 570 .
2575 557 2588 570 .
2634 519 2710 570 ἂν
2739 519 2927 573 πάλιν

1833 585 1991 652 Ellam
2013 601 2104 648 τις
2142 585 2520 652 Ἀλκμαίωνα,
2555 587 2652 638 καὶ
2683 588 2750 639 τὰ
2786 587 2988 641 παιδία

1831 651 2014 724 Πᾴντ’
2041 655 2220 718 εὐθὺς
2243 651 2432 722 εἴρηχ’
2462 655 2552 708 ὅτι
2569 660 2782 724 μανεὶς
2803 657 3096 712 ἀπέκτονε

1839 720 1959 789 Τὴν
1982 724 2227 790 μητέρα.

1761 853 1954 911 Cicero
1994 855 2110 928 [l8]
2144 858 2402 913 Academ.
2438 859 2493 912 2.
2529 859 2715 925 Quid?
2766 862 2884 931 ipse
2922 864 3159 918 Alcmaeo
3191 873 3339 925 tuus,

1761 948 1852 1016 qui
1886 957 2048 1018 negat
2076 965 2172 1003 cor
2211 950 2314 1004 sibi
2367 967 2492 1004 cum
2537 953 2712 1006 oculis
2765 948 3100 1017 consentire,
3158 971 3340 1009 nonne

1763 1038 1962 1093 ibidem
1993 1039 2221 1094 incitato
2253 1039 2442 1096 furore
2469 1057 2482 1094 :
2519 1040 2670 1096 Unde
2721 1043 2833 1096 Iure
2877 1045 3098 1112 ﬂamma
3129 1048 3340 1102 oritur?

1761 1137 1814 1184 et
1837 1130 1926 1183 illa
1949 1129 2228 1200 deinceps,
2251 1129 2460 1195 lncede,
2488 1132 2701 1196 incede;
2732 1134 2948 1198 adsunt,
2976 1138 3208 1201 adsunt;
3237 1155 3338 1201 me,

1761 1235 1843 1274 me
1899 1231 2166 1286 expetunt.
2200 1222 2376 1288 Quid,
2431 1239 2554 1277 cum
2591 1225 2819 1291 virginis
2859 1225 3016 1280 (idem
3049 1219 3342 1296 implorat?

1763 1309 1871 1364 Fer
1903 1312 1976 1363 mi
2003 1311 2304 1374 auxilium;
2332 1323 2529 1376 pestem
2557 1315 2704 1383 abige
2748 1333 2778 1368 a
2827 1332 2940 1379 me;
2962 1318 3341 1385 ﬂammiferam

1762 1400 1896 1454 hanc
1925 1404 2027 1455 vim
2052 1419 2169 1472 qua:
2195 1419 2275 1456 me
2297 1407 2590 1458 excruciat.
2620 1404 2857 1460 eruleo
2901 1408 3143 1461 incincta:
3178 1412 3340 1479 angui
3424 1479 3433 1488 _

1767 1492 2051 1555 incedunt;
2097 1493 2446 1546 circumstant
2484 1511 2602 1547 cum
2656 1496 2966 1551 ardentibus
3016 1498 3189 1552 twdis.
3232 1499 3338 1553 Sed

1767 1583 1914 1652 piget
1962 1581 2206 1651 profecto
2253 1585 2307 1638 in
2335 1600 2395 1638 re
2426 1585 2735 1640 certissima
2769 1587 3000 1641 testibus
3031 1604 3188 1641 usum
3217 1605 3342 1644 esse

1765 1689 1874 1726 non
1912 1675 2261 1730 necessariis.
2306 1675 2445 1730 lllud
2503 1678 2700 1744 opinor
2739 1677 2966 1733 auribus
3012 1679 3147 1739 tuis,
3182 1678 3336 1742 Milli,

1766 1779 1962 1817 novum
2010 1767 2267 1828 accedet,
2329 1769 2598 1837 integram
2632 1768 2795 1836 liujus
2845 1768 3111 1823 dramatis
3141 1757 3342 1822 inscri-

1699 1837 1739 1890 Β
1769 1855 2007 1922 ptionem
2041 1871 2161 1911 esse
2192 1856 2653 1927 Ἀλκμαίωνὸδιὰ
2671 1857 2932 1926 ψωφίδος.
2956 1857 3070 1912 Nisi
3106 1857 3340 1914 fortasse

1764 1948 2043 2016 geminum
2099 1947 2461 2002 Alcuneonem
2504 1949 2796 2018 Euripides
2818 1948 3073 2013 ediderit,
3115 1958 3210 2004 aut
3243 1952 3340 2004 ite-

1765 2052 1884 2090 rum
1918 2038 2192 2102 eumdem,
2219 2047 2523 2092 correctum
2549 2040 2758 2094 scilicet
2786 2048 2838 2094 et
2863 2039 3335 2108 διεσκευασμένον.

1770 2125 2044 2196 Quidquid
2081 2137 2163 2180 est
2213 2127 2398 2195 hujus,
2430 2128 2579 2182 solus
2617 2127 2755 2183 adeo
2805 2143 2891 2182 me
2947 2129 3134 2182 docuit
3165 2127 3336 2198 Hesy-

1764 2216 1925 2269 chius
1953 2225 2164 2282 noster,
2201 2224 2254 2270 et
2289 2215 2522 2270 fortasse
2561 2217 2737 2270 solum
2780 2233 2794 2268 :
2827 2216 2987 2278 alios,
3021 2217 3112 2285 qui
3147 2217 3340 2285 depra-

1761 2317 1886 2359 vata
1921 2308 2039 2375 ejus
2064 2307 2230 2361 verba
2255 2321 2364 2361 non
2397 2315 2652 2376 poterant
2696 2306 3022 2376 intelligere,
3054 2322 3158 2360 non
3186 2309 3332 2363 item.

1775 2396 2101 2466 Ἀργαίνειν,
2137 2397 2463 2450 λευκαίνεινι
2517 2398 2818 2469 Εὐριπίδης
2858 2398 3210 2469 Ἀλκμαίωνι,
3250 2399 3337 2452 διὰ

1761 2487 1992 2558 ψηφῖδος
2027 2489 2382 2558 ἀργαίνουσα,
2423 2487 2799 2554 λεὺκαίνουσα,
2833 2489 3094 2558 φοιτῶσα.
3127 2490 3337 2546 Censeo

1763 2581 2149 2650 corrigendum
2202 2597 2326 2636 esse
2358 2599 2371 2635 :
2427 2581 2730 2653 Εὐριπίδης
2763 2582 3102 2653 Ἀλκμαίωνι
3148 2583 3226 2654 τῷ
3249 2583 3338 2636 διὰ

1763 2671 2049 2740 Ψωφῖδος’
2110 2680 2222 2725 tum
2269 2683 2454 2726 notam
2507 2673 2886 2728 distinctionis
2945 2673 3250 2744 ponendam
3297 2674 3337 2742 -ξη

1776 2760 2154 2830 Ἀργαίνουσα,
2181 2762 2559 2828 λευκαίνουσα,
2587 2763 2854 2832 φοιϐὦσα.
2883 2763 3042 2833 Παρὰ
3066 2763 3124 2816 δὲ
3147 2765 3206 2816 τὸ
3237 2765 3338 2834 ἀρ-

1762 2852 1879 2919 γὸν,
1921 2853 1996 2906 ait
2023 2853 2342 2908 Eustathius
2374 2854 2440 2908 ad
2468 2854 2726 2925 Odyssea:
2751 2855 3074 2916 secundum,
3097 2855 3196 2907 καὶ
3235 2855 3337 2924 ἀρ-

1762 2945 1959 3010 γάντες
1983 2943 2175 3014 ταῦροι
2207 2943 2361 3015 παρὰ
2387 2945 2660 3016 Πινδάρῳ,
2684 2945 2780 2999 καὶ
2801 2945 3084 3016 ἀργαίνειν
3121 2946 3182 2998 τὸ
3213 2945 3335 2999 λευ-

1762 3033 1971 3087 καίνειν
2011 3033 2144 3105 παρ’
2190 3035 2456 3106 Εὐριπίδῃ
2512 3037 2573 3089 ὲν
2626 3035 2982 3106 Ἀλκμαίωνι.
3045 3034 3170 3090 Sive
3224 3035 3336 3092 haec

1687 3161 1729 3219 c
1765 3122 2084 3180 Eustathius
2118 3125 2186 3180 ab
2217 3123 2511 3196 Hesycliio,
2539 3127 2654 3181 sive
2679 3127 2746 3181 ab
2769 3127 2876 3182 alio
2899 3126 3162 3219 quopiam
3189 3133 3334 3219 uter-

1765 3229 1872 3284 que
1905 3216 2207 3283 transtulit,
2255 3227 2482 3287 apparet
2531 3217 2678 3271 hunc
2729 3221 2909 3272 locum
2953 3233 2983 3271 a
3017 3217 3336 3287 multisjam

1766 3307 1985 3363 saeculis
2037 3307 2210 3363 fuisse
2243 3309 2620 3378 depravatum.
2677 3307 2779 3374 Qui
2829 3309 3032 3362 factum
3071 3309 3335 3376 alioquin,

1767 3407 1826 3453 ut
1847 3399 2172 3456 Eustathius
2197 3400 2477 3468 tragmdiaa
2511 3415 2708 3454 nomen
2745 3399 2994 3453 mutilum
3029 3399 3335 3469 protulerit,

1765 3487 1874 3543 nisi
1919 3489 2064 3559 quod
2115 3491 2171 3544 in
2217 3489 2402 3544 verbis
2451 3489 2810 3560 sequentibus
2880 3495 3133 3543 cerneret
3185 3487 3338 3540 οὐδὲν

1766 3579 1937 3646 ὑγιές.
1988 3579 2130 3634 Idem
2182 3579 2491 3651 Hesychius
2527 3598 2540 3634 :
2575 3581 2818 3649 Ἀτενής.
2853 3580 3010 3643 Ἥκω
3058 3579 3104 3630 δ’
3142 3578 3336 3647 ἀτενὴς

1763 3669 1859 3722 ἀπ’
1891 3669 2075 3724 οἴκων.
2128 3671 2424 3742 Εὐριπίδης
2495 3670 2826 3739 Ἀλκμαίωνι
2859 3669 2935 3738 τῷ
2984 3668 3070 3721 διὰ
3114 3669 3336 3735 ψοφίδος

1763 3759 2104 3814 συντείνασα.
2136 3760 2361 3831 Corrige
2400 3759 2562 3815 sodes
2603 3761 2654 3812 in
2690 3760 2834 3812 hunc
2870 3758 3086 3812 modum
3125 3775 3137 3810 :
3170 3759 3332 3827 Εὐρι-

1763 3849 1921 3919 πίδης
1991 3850 2320 3921 Ἀλκμαίωνι
2373 3851 2450 3920 τῷ
2511 3849 2599 3902 διὰ
2655 3847 2928 3915 Ψωφῖδος,
2990 3847 3330 3900 συντείνασα.

1773 3940 2012 4012 ’Δτενὴς,
2037 3941 2132 4004 ait,
2170 3951 2254 3996 est
2276 3941 2618 4000 συντείνασα,
2662 3939 2926 3994 festinans
2963 3952 3173 3992 summa
3209 3952 3331 3991 cum

1761 4036 1961 4090 virium
2013 4039 2384 4092 contentione.
2436 4036 2608 4104 Cujus
2639 4034 3060 4105 significationis
3083 4035 3330 4103 exempla

1759 4127 1906 4197 quod
1940 4127 2083 4181 haud
2107 4135 2310 4182 temere
2345 4127 2713 4196 reperiantur,
2739 4133 3022 4194 propterea
3052 4123 3206 4177 verbi
3243 4139 3327 4178 se-

1759 4219 1855 4274 des
1888 4233 1918 4271 a
1958 4219 2330 4288 grammaticis
2385 4218 2625 4272 indicata
2687 4226 2772 4274 est
2829 4217 3141 4288 Ἀλκμαίων
3187 4219 3214 4269 ὁ
3245 4216 3332 4268 διὰ

1759 4309 2036 4378 Ψωφῖδος.
2083 4299 2365 4365 Rationem
2403 4324 2568 4381 porro
2605 4311 2771 4379 hujus
2819 4308 3195 4380 inscriptionis
3225 4325 3329 4362 non

1759 4401 1848 4455 diu
1912 4416 2086 4470 neque
2142 4399 2346 4454 frustra
2419 4400 2894 4470 quaesiverit,qui
2953 4399 3004 4451 in
3069 4402 3329 4453 memoria

1693 4492 2012 4560 Dliabuerit
2071 4493 2456 4555 Alcmaaonem,
2518 4507 2680 4560 quem
2745 4503 2900 4545 antea
2955 4500 3328 4545 contortorum

1759 4586 2016 4656 anguium
2048 4593 2102 4640 et
2125 4586 2434 4639 ardentium
2476 4585 2740 4638 taedaruin
2786 4583 3012 4636 verbera
3059 4597 3328 4650 nusquam

1758 4673 2062 4726 consistere
2093 4680 2432 4742 paterentur,
2462 4671 2758 4740 aliquando
2802 4670 3021 4724 tandem
3053 4671 3118 4724 ad
3143 4685 3329 4724 sanam

1757 4771 1992 4818 mentem
2024 4765 2080 4818 in
2111 4763 2384 4833 Psophide
2407 4761 2658 4816 Arcadia:
2694 4761 2948 4816 rediisse.
2981 4759 3247 4816 Videatur
3278 4762 3330 4816 in

1753 4853 2036 4910 Arcadicis
2083 4854 2410 4910 Pausanias.
2470 4852 2581 4926 [l9]
2624 4853 3032 4922 Apollodorus,
3091 4855 3187 4909 lib.
3251 4871 3330 4908 ιιι.

1765 4943 2113 5014 Ἀλκμαίωνα
2145 4945 2201 4997 δὲ
2235 4945 2498 5014 μετῆλθεν
2531 4943 2788 5014 Ἐριννὺς
2815 4944 2911 4998 τοῦ
2951 4945 3206 5017 μητρῴου
3242 4948 3334 5014 φό-

1753 5051 1864 5098 νου,
1915 5035 2008 5087 καῖ
2061 5032 2322 5104 μεμηνὼς
2371 5033 2589 5102 πρῶτον
2629 5035 2728 5108 μὲν
2758 5037 2839 5098 είς
2876 5037 3166 5104 Ἀρκαδίαν
3198 5037 3334 5106 πρὸς

1753 5127 1955 5180 Οἰκλέα
1991 5129 2374 5199 παραγίνεται,
2408 5127 2616 5180 ἐκεῖθεν
2663 5127 2720 5180 δὲ
2756 5128 2894 5197 πρὸς
2930 5129 3161 5197 Ψωφίδα
3197 5130 3334 5199 πρὸς

1749 5219 1968 5288 Φηγέα·
2019 5219 2315 5290 καθαρθεὶς
2371 5218 2432 5272 δὲ
2484 5219 2576 5271 ὑπ’
2613 5219 2778 5272 αὐτοῦ
2838 5221 3122 5289 Ἀρσινόην
3163 5221 3332 5288 γαμεῖ

1750 5311 1848 5380 τὴν
1877 5311 2064 5364 τούτου
2090 5311 2387 5381 Θυγατέρα.
2409 5310 2527 5364 .lain
2555 5312 2739 5366 monui
2767 5310 3174 5366 emendandum
3199 5326 3322 5366 esse

1751 5401 1980 5470 Ψωφῖδα
2015 5402 2221 5473 syllaba
2258 5403 2499 5456 secunda
2534 5401 2822 5472 producta.
2860 5399 3086 5454 Ovidius
3122 5416 3134 5451 :

1756 5491 1929 5564 Usque
1959 5493 2054 5548 sub
2092 5493 2481 5558 Orchomenon,
2523 5493 2921 5563 Psophidaque,
2951 5490 3328 5562 Cyllenenque.

1751 5583 2140 5641 Percommode
2169 5596 2348 5640 autem
2381 5586 2471 5641 hic
2502 5586 2659 5640 locus
2704 5583 3016 5653 Apollodori
3053 5583 3105 5636 in
3130 5599 3333 5638 memo-

1754 5677 1888 5730 riam
1928 5678 2058 5732 milii
2097 5679 2264 5732 alium
2301 5679 2517 5749 redigit,
2544 5679 2599 5732 in
2627 5677 2769 5731 libro
2805 5676 3014 5746 primo:
3055 5676 3329 5744 qui.virns

1753 5768 1945 5822 ductus
1981 5771 2033 5823 in
2063 5785 2306 5824 errorem
2343 5771 2606 5824 hactenus
2654 5768 2866 5825 induxit
2903 5787 2914 5824 :
2955 5768 3216 5834 deinceps
3248 5776 3327 5824 ta-
