3862 6318
1219 373 1577 434 EPISTULA
1611 377 1820 446 RICII.
1851 377 2234 436 BENTLEII.
3279 377 3384 441 73i-

149 474 316 544 Pag.
363 473 495 528 £06.
523 475 665 544 Περὶ
711 473 770 528 δὲ
819 477 920 547 τῆς
955 478 1244 552 Πασιφάης
1283 482 1496 548 ἐξέθετο
1519 483 1676 555 δρᾶμε

1800 485 2102 552 ducuntur,
2160 499 2343 540 scenae
2393 490 2680 555 ponuntur
2715 485 2769 538 in
2819 484 2963 539 locus
3001 485 3362 555 disjunctissr

41 566 150 616 Ι·Σύ
165 562 422 633 ριπίδης
453 565 483 618 ὁ
516 565 770 636 ποιητής.
794 565 1045 633 lnanem,
1087 569 1220 624 Inibi
1251 571 1435 634 tretle,
1477 587 1676 641 operan

1805 558 2350 645 simismaximeque
2403 574 2663 629 diversis.
2715 575 2831 628 Illic
2873 575 3084 628 Icarum
3112 577 3298 632 cernis
3327 587 3381 631 et

49 657 470 726 sumpserit,
517 658 614 727 qui
663 656 950 728 Euripidis
1005 660 1334 731 Pasiphaen
1399 665 1702 718 instituerit
1801 667 2107 737 Pasiphaen
2143 684 2156 719 :
2192 667 2244 720 in
2271 665 2489 722 Cressis
2524 667 2799 734 Aeropen.
2831 669 3026 731 Atrea,
3057 667 3379 737 Thyestem.

43 762 390 816 quaerere.
411 745 530 801 Non
554 757 766 802 temere
787 748 914 803 dico
939 758 1102 819 atque
1123 751 1376 821 equidem
1402 761 1554 808 certe
1572 755 1698 810 scio
1803 759 1902 815 Hic
1933 762 2094 830 Argis
2156 759 2549 830 Peloponnesi,
2611 757 2729 812 illic
2771 758 2823 812 in
2877 757 3038 812 Creta
3068 758 3250 814 insula
3289 777 3380 814 res

57 838 393 892 neminem
428 853 495 891 ex
527 839 900 908 scriptoribus
917 841 1152 896 vetustis
1181 841 1341 896 hodie
1375 857 1696 910 superesse,
1801 861 2061 923 aguntur.
2095 853 2502 922 Aristophanes
2526 851 2727 922 Vespis
2763 867 2776 901 :

61 929 184 996 qui
211 928 342 980 tale
361 927 666 996 quidquam
705 928 988 984 memoriae
1020 929 1336 988 tradiderit.
1370 930 1676 1002 Hesychius

1908 940 2964 997 .............Τοῦτοδὲ

67 1033 322 1082 tamen,
351 1017 562 1088 5395(1),
595 1019 692 1081 ait,
711 1020 772 1072 ἐν
791 1021 1050 1094 Πασιφάῃ
1081 1023 1139 1074 τὸ
1169 1022 1494 1093 σαρδόνιονὴ
1524 1039 1676 1094 σφραι

1907 1013 2094 1083 ’ᾍδης
2116 1012 2410 1080 διακρινεῖ
2436 1013 2727 1080 πρότερον
2761 1011 2798 1077 ’ἢ
2845 1009 2944 1080 ’γὼ
2970 1009 3276 1078 πείσομαι.

71 1109 179 1174 ft;
209 1109 470 1179 εἴρηται,
529 1125 690 1177 quem
727 1110 773 1163 si
813 1111 882 1164 ad
922 1110 1280 1182 Euripideam
1311 1113 1554 1170 fabulam
1601 1129 1676 1169 rei

1800 1099 1900 1155 Ubi
1957 1101 2314 1164 scholiastes,
2362 1102 2449 1153 Ἐν
2485 1101 2793 1170 Κρήσσαις,
2851 1099 2949 1161 ait,
2997 1098 3310 1168 Εὐριπίδου,
3346 1100 3374 1150 ὁ

81 1201 361 1269 spuisse
417 1201 695 1270 quispiam
725 1202 1044 1266 existimet,
1125 1213 1318 1260 caveat
1377 1219 1595 1270 moneo,
1640 1211 1698 1260 et

83 1293 514 1346 existimationi
581 1309 696 1346 sine
731 1294 960 1349 insidias
1011 1296 1194 1364 parari
1237 1295 1460 1365 cogitet.
1519 1297 1691 1350 Alcaei

89 1385 328 1452 quidem
363 1384 638 1437 commdia
677 1383 956 1453 Pasiphae
1017 1386 1289 1455 inscripta
1323 1395 1446 1451 est,
1497 1395 1554 1439 ut
1585 1386 1695 1440 sci-

91 1489 220 1527 mus
242 1488 315 1525 ex
355 1473 679 1526 Didascalia
710 1471 858 1527 Pluti
907 1474 1312 1544 Aristophanis
1354 1494 1366 1529 :
1409 1477 1690 1547 Ἐδιδὰχθη

95 1567 182 1618 ἐπὶ
209 1567 488 1635 ἄρχοντος
533 1565 927 1634 Ἀντιπάτρου.
986 1565 1493 1637 ἀνταγωνιζομένου
1541 1568 1692 1639 αὐτῷ

95 1657 452 1726 Νικοχάρους
473 1656 866 1725 μὲνΛάκωσιν.
905 1656 1328 1728 ’Δριστομένους
1343 1659 1400 1712 δὲ
1417 1661 1686 1732 Ἀδμήτῳ,

101 1748 455 1813 Νικοφῶντος
509 1747 566 1800 δὲ
627 1748 889 1806 Ἀδώνιδι.
971 1748 1221 1802 Ἀλκαίου
1283 1751 1342 1804 δὲ
1410 1752 1684 1823 Πασιφάῃ.

104 1835 202 1890 Sed
228 1835 526 1905 Euripidis
557 1835 872 1904 Pasiphaen
945 1853 1222 1906 nusquam
1261 1838 1520 1909 cuiquam
1566 1842 1688 1898 lau-
1721 1824 1764 1880 Β

108 1927 212 1980 dari
241 1929 522 1994 reperies.
554 1927 699 1992 Quid
747 1927 915 1996 igitur
965 1929 1103 1983 ﬁet?
1134 1929 1275 1984 Num
1313 1946 1438 1986 nam
1488 1933 1688 1988 Antio-

110 2018 346 2077 chensis,
383 2032 520 2070 cum
552 2017 667 2071 haec
721 2019 1014 2084 scriberet,
1064 2020 1388 2076 memoriola
1413 2023 1690 2078 vacillavit

112 2107 454 2176 γεροντικῶς.
479 2123 549 2161 an
578 2107 869 2162 mendacio
887 2117 1118 2164 conatus
1135 2117 1220 2166 est
1239 2109 1452 2166 fallere?
1468 2109 1693 2166 Utrum-

112 2197 220 2250 libet
282 2212 425 2252 sane
493 2198 718 2263 fecerit,
783 2199 935 2254 haud
997 2201 1300 2258 arbitrario
1357 2203 1684 2273 vapulabit:

114 2295 252 2354 atque
283 2287 432 2341 adeo
485 2287 701 2342 dudum
750 2297 860 2355 est,
908 2290 1058 2359 quod
1100 2291 1502 2350 homunculum
1526 2295 1686 2349 video

115 2377 274 2445 σκύτη
301 2377 549 2446 βλέπειν.
591 2377 793 2434 Verum
820 2381 1008 2437 hercle
1042 2368 1364 2453 quanquam
1390 2384 1683 2440 admodum

118 2483 321 2538 nupera
344 2479 428 2523 est
459 2470 604 2525 inter
630 2485 737 2525 nos
780 2473 979 2526 notitia
1005 2489 1021 2538 ;
1054 2488 1144 2528 me
1195 2481 1374 2530 tamen
1405 2482 1460 2532 et
1491 2487 1684 2544 preca-

116 2565 279 2611 torem
323 2558 545 2612 babebit
603 2568 658 2614 et
720 2561 1070 2616 defensorem
1113 2570 1413 2632 paratum:
1453 2579 1576 2620 cum
1629 2572 1684 2619 et

110 2648 232 2724 alias
259 2650 473 2703 soleam
520 2665 648 2706 esse
686 2652 744 2706 in
798 2653 1062 2710 amicitiis
1105 2655 1308 2712 lidelis.
1351 2656 1489 2714 Dico
1515 2659 1683 2729 igitur

109 2737 413 2810 Euripidem
443 2742 770 2812 tragoediam
803 2745 1026 2813 quidem
1085 2747 1150 2802 de
1182 2745 1453 2818 Pasiphae
1503 2751 1682 2818 publi.-

107 2845 270 2893 casse,
305 2833 548 2887 minime
569 2843 753 2888 tamen
792 2835 1100 2902 Pasiphaen
1172 2838 1564 2908 inscripsisse,
1582 2841 1680 2896 sed

109 2920 397 2976 Cretenses.
435 2922 551 2977 Nec
617 2932 673 2976 tu
727 2925 863 2978 mihi
925 2926 995 2981 de
1030 2928 1317 2997 Κρήσσαις
1351 2930 1453 2984 hoc
1489 2945 1682 3000 perpe-

110 3027 204 3064 ram
237 3013 540 3083 intelligas,
571 3029 694 3082 qua:
722 3030 788 3069 ex
823 3016 1104 3078 Athenaeo,
1125 3017 1340 3073 Stowa
1368 3029 1422 3074 et
1463 3023 1680 3078 aliunde

113 3103 228 3155 satis
289 3103 342 3154 in
404 3103 653 3165 notitiam
685 3114 956 3159 venerunt
987 3123 1001 3159 :
1038 3105 1133 3160 sed
1172 3109 1240 3162 de
1269 3107 1490 3177 'quibus
1521 3110 1680 3166 hodie

117 3189 329 3246 lortasse
361 3194 596 3260 primum
623 3193 957 3261 inaudivisti,
993 3197 1207 3266 Κρησί·
1239 3197 1678 3268 quandoquidem

121 3291 160 3333 et
209 3279 433 3337 Joannis
487 3282 734 3346 Meursii,
768 3286 862 3353 qui
905 3285 974 3340 de
1017 3287 1181 3348 trium
1236 3291 1568 3359 tragicoruin
1602 3291 1683 3345 fa-

123 3371 245 3426 bulis
293 3382 550 3428 accurate
611 3375 966 3445 studioseque
1023 3378 1282 3447 scripsit,
1348 3381 1678 3450 diligentiam

131 3461 420 3530 cllugerunt.
450 3463 508 3518 In
562 3465 946 3534 Aristophanis
1002 3466 1174 3524 Ranis
1202 3469 1286 3524 his
1312 3471 1494 3526 verbis
1517 3487 1676 3527 com-

137 3557 271 3623 pellat
299 3555 610 3627 Euripidem
631 3557 926 3629 Aischylus
948 3575 962 3611 :

217 3661 598 3742 'PKp-nrtgrdg
611 3671 728 3742 μὲν
757 3670 1079 3740 συλλέγων
1098 3673 1400 3742 μονῳδίας
1421 3716 1437 3741 ,

222 3736 446 3804 Γάμους
473 3737 526 3790 δ’
545 3736 838 3800 ἀνοσίους
870 3736 1169 3811 εὶσβέρών
1193 3736 1281 3810 εὶς
1305 3736 1676 3813 τὴῖτέχνην.

146 3823 238 3889 Quo
259 3828 306 3880 in
349 3829 472 3882 loco
519 3829 636 3885 haec
718 3830 951 3887 adnotat
1005 3833 1384 3890 scholiastes:
1436 3835 1524 3889 Ἐν
1570 3837 1678 3904 γὰρ

147 3920 228 3979 τοῖς
253 3921 471 3987 Κρησίν
519 3922 741 3993 Ἴκαρον
807 3923 1153 3994 μονῳδοῦντα
1205 3926 1452 3998 ἐποίησε,
1503 3928 1598 3980 καὶ
1629 3929 1676 3980 οἱ

151 4006 223 4073 μὲν
245 4011 311 4070 εἰς
333 4011 430 4081 τὴν
465 4011 679 4084 Ἰκάρου
748 4015 1016 4086 μονῳδίαν
1067 4015 1181 4089 [9-5]
1221 4019 1279 4071 ὲν
1305 4021 1420 4079 τοῖς
1459 4020 1672 4087 Κρησίο

150 4095 431 4170 θρασύτερον
450 4103 558 4175 γὰρ
594 4105 744 4158 δοκεῖ
772 4106 835 4158 τὸ
864 4107 1181 4184 πρόσωπον.
1239 4107 1596 4171 Ἀπολλώνιος
1618 4110 1676 4162 δὲ

149 4187 208 4239 ὅτι
222 4190 417 4246 δύναται
449 4194 547 4247 καὶ
572 4195 654 4256 εἰς
684 4195 783 4264 τὴν
820 4196 1090 4267 Ἀερόπην
1118 4198 1218 4268 τὴν
1269 4200 1326 4251 ἐν
1372 4203 1482 4263 τοῖς
1517 4201 1672 4272 Κρή-

150 4291 239 4340 ταις
273 4280 531 4351 εἰρῆσθαι,
579 4285 646 4354 ἥν
684 4285 947 4356 εἰσήγαγε
991 4287 1382 4356 πορνεύουσαν.
1425 4287 1592 4360 Οἶμαι
1619 4291 1674 4342 δὲ

149 4362 280 4419 aries
305 4369 358 4421 έν
385 4370 461 4440 τῷ
487 4372 684 4444 Αἰόλῳ.
744 4375 1050 4445 ’Τιμαχίδας
1111 4378 1169 4432 δὲ
1223 4379 1313 4434 διὰ
1345 4380 1444 4452 τὴν
1481 4383 1538 4433 ὲν
1561 4383 1674 4444 τοῖς

1810 1189 2033 1257 Ἀτρεὺς
2075 1189 2212 1260 πρὸς
2264 1189 2365 1260 τὴν
2433 1189 2700 1258 Ἀερόπην
2761 1190 2940 1260 κρινεῖ
2967 1187 3160 1241 ταῦτα.
3215 1188 3372 1243 Unde

1797 1278 2145 1348 perspicuum
2209 1287 2316 1343 est,
2379 1279 2434 1332 in
2492 1280 2779 1347 superiore
2810 1279 2934 1332 loco
2981 1278 3364 1348 corrigendum

1795 1384 1938 1433 esse,
1983 1369 2254 1440 Ἀερόπην
2277 1353 2376 1440 τὴν
2423 1371 2480 1422 ὲν
2503 1371 2624 1431 ταῖς
2676 1369 2982 1438 Κρήσσαις.
3032 1367 3371 1437 Porphyrius

1797 1460 1890 1512 lib.
1931 1476 2003 1524 tv,
2042 1460 2116 1514 De
2151 1461 2488 1515 absﬁnentia
2521 1479 2534 1515 :
2568 1459 2784 1528 Μικροῦ
2813 1477 2880 1528 με
2911 1459 3156 1528 παρῆλθε
3185 1460 3280 1511 καὶ
3310 1461 3372 1511 τὸ

1793 1551 2134 1621 Εὐριπίδειον
2174 1552 2540 1623 παραθέσθαι,
2569 1553 2626 1616 ὃς
2651 1554 2775 1615 τοὺς
2818 1554 2875 1604 ἐν
2910 1551 3108 1623 Κρήτῃ
3128 1550 3221 1603 τοῦ
3247 1552 3372 1614 Διὸς

1791 1644 2076 1713 προφήτας
2102 1643 2407 1714 ἀπέχεσθαί
2453 1660 2586 1713 φησι
2635 1643 2724 1696 διὰ
2767 1641 2997 1696 τούτων.
3033 1641 3267 1710 Λέγουσι
3311 1641 3370 1692 δι.

1789 1734 1840 1786 οί
1870 1733 2012 1786 κατὰ
2049 1735 2140 1787 τὸν
2167 1735 2325 1804 χορὸν
2350 1735 2488 1804 πρὸς
2519 1733 2608 1786 τὸν
2641 1735 2799 1786 Μίνω
2823 1749 2836 1762 ·
3233 1726 3244 1737 ’

2042 1824 2495 1893 Φοινικογενοῦς
2522 1823 2634 1876 πιιῖ
2657 1823 2767 1890 τῆς
2802 1823 3013 1893 Τυρίας

2048 1895 2271 1947 Τέκνον
2293 1891 2588 1962 Εὐρώπης
2619 1894 2717 1945 καὶ
2745 1892 2850 1945 τοῦ
2873 1891 3142 1960 μεγάλου

2033 1963 2250 2030 Ζηνὸς,
2290 1964 2582 2018 ἀνάσσων

2033 2032 2271 2100 Κρήτης
2305 2030 2882 2101 ἐκατομπτολιέθρου
2908 2047 2921 2060 ·

2038 2099 2192 2157 Ἦκω
2222 2101 2466 2162 ζαθέους
2482 2099 2689 2165 ’ναοὺς
2711 2099 3044 2166 προλιπὼν,

2045 2171 2162 2236 Οὓς
2182 2171 2503 2237 αὐθιγενὴς
2535 2171 2824 2238 τμηθεῖσα
2846 2168 2994 2235 δρῦς

2033 2235 2368 2309 Στέγανοῦς
2403 2235 2644 2308 παρέχει
2685 2240 2928 2306 laxast.)
2959 2235 3220 2302 πελέκει,

2037 2311 2146 2364 Καὶ
2169 2309 2532 2377 ταυροδέτρφ
2557 2309 2763 2378 κραθεῖ

2029 2382 2090 2432 Σ“
2131 2376 2418 2446 ἀτρεὸιοῦς
2457 2376 2682 2446 ἀρμοὺς
2726 2376 3146 2447 κυπαρίσσου,

1785 2481 1976 2538 etquae
1999 2483 2319 2542 sequuntur.
2343 2469 2417 2522 Ita
2440 2471 2614 2524 locum
2639 2469 2784 2524 hunc
2799 2468 3094 2523 einendare
3125 2477 3360 2522 conatus

1781 2572 1864 2617 est
1893 2560 2116 2618 Grotius
2162 2564 2217 2618 in
2249 2560 2364 2634 [Ἡ]
2396 2560 2681 2630 Excerptis
2709 2577 2774 2615 ex
2827 2559 3118 2614 comoediis
3154 2567 3207 2613 et
3245 2569 3356 2612 tra-

1781 2654 1974 2720 gtediis
2001 2653 2229 2708 Graecis.
2258 2653 2430 2722 Cujus
2463 2654 2844 2707 auctoritatem
2879 2649 3360 2720 Cantabrigienses

1781 2744 1835 2798 in
1867 2745 2164 2800 novissima
2191 2743 2480 2814 Porphyrii
2521 2742 2764 2797 editione
2791 2744 2967 2797 secuti
2996 2749 3147 2795 sunt.
3183 2758 3202 2790 ι
3244 2739 3359 2794 Hoc

1781 2833 2146 2903 fragmentum
2179 2834 2458 2904 Euripidis
2490 2833 2677 2903 (verba
2705 2843 2833 2886 sunt
2858 2832 3058 2898 Grotii)
3088 2835 3144 2884 ὲν
3169 2831 3361 2884 mem

1780 2935 1999 2979 exstare
2033 2925 2168 2980 dicit
2193 2925 2448 2986 Erotion,
2483 2933 2542 2976 ut
2576 2923 2798 2992 quidem
2832 2938 2981 2977 nunc
3023 2923 3248 2992 legitur.
3291 2923 3362 2973 At

1780 3033 1847 3071 ex
1879 3015 2085 3070 Cressis
2123 3031 2246 3070 esse
2283 3017 2446 3068 lacile
2478 3013 2827 3084 intelligitur,
2854 3013 3001 3084 quod
3033 3013 3198 3067 verba
3229 3023 3360 3066 sunt

1785 3105 1938 3159 chori
1963 3105 2030 3159 ad
2058 3104 2258 3159 Minoa.
2301 3123 2319 3156 ι
2365 3104 2473 3158 Sed
2503 3104 2709 3158 erravit
2769 3105 2826 3158 in
2865 3119 2924 3158 re
2954 3104 3060 3158 levi
3090 3105 3359 3170 graviori-

1783 3193 1911 3258 bus,
1941 3194 2165 3263 Opinor,
2231 3193 2433 3248 studiis
2465 3194 2710 3247 intentus
2760 3193 2848 3248 vir
2880 3205 3048 3262 supra
3073 3207 3358 3263 compara-

1786 3286 1987 3339 tionem
2029 3295 2198 3354 atque
2261 3285 2674 3340 aemulationem
2739 3295 2985 3340 nostram
3039 3285 3361 3354 longissime

1783 3379 2018 3446 positus.
2080 3377 2218 3430 Cum
2287 3367 2434 3432 enim
2489 3378 2544 3431 in
2604 3375 2845 3440 Cressis,
2895 3384 2955 3431 ut
2999 3376 3116 3445 jam
3167 3376 3357 3440 docui,

1781 3471 1982 3525 Atreus
2023 3477 2078 3525 et
2108 3469 2321 3540 Aerope
2387 3470 2726 3540 loquantur;
2790 3485 2957 3524 scena
2995 3478 3178 3523 autem
3237 3468 3358 3524 sine

1779 3563 2164 3615 controversia
2190 3561 2263 3616 sit
2303 3563 2524 3633 Argos:
2562 3562 2653 3616 vix
2709 3571 2806 3616 aut
2853 3563 3010 3616 nullo
3039 3561 3206 3617 modo
3250 3571 3358 3624 est,

1781 3661 1839 3706 ut
1864 3653 1978 3706 haec
2006 3653 2387 3724 Porphyriana
2414 3669 2481 3706 ex
2529 3654 2723 3710 eodem
2767 3655 3020 3708 dramate
3073 3654 3240 3724 petita
3275 3652 3361 3707 vi-

1781 3743 2043 3797 deantur.
2101 3743 2256 3806 Quod
2291 3742 2336 3797 si
2369 3741 2515 3806 sint,
2567 3741 2813 3796 demiror
2865 3743 3118 3812 equidem
3159 3757 3262 3798 cur
3301 3742 3356 3796 in

1779 3834 1944 3888 Creta
1976 3832 2157 3888 Minos
2194 3848 2320 3886 cum
2358 3833 2444 3886 his
2488 3832 2873 3887 sacerdotibus
2917 3849 3226 3890 sermonem
3269 3833 3358 3889 in-

1779 3928 1990 3982 stituat.
2023 3924 2157 3991 Quae
2185 3926 2331 3979 enim
2369 3924 2453 3978 ha:
2480 3923 2811 3993 praestigiaa‘!
2864 3926 3196 3993 quibusnam
3241 3941 3358 3980 ma-

1779 4017 1962 4070 chinis
1993 4015 2109 4070 haec
2143 4014 2254 4068 ἄνω
2288 3997 2382 4068 καῖ
2417 4013 2607 4066 κόιτωῖ
2635 4011 2912 4067 Eademne
2943 4013 2999 4066 in
3033 4013 3216 4067 fabula
3243 4023 3352 4067 tam

1779 4107 1972 4161 aliena;
2005 4106 2289 4161 historiae?
2339 4105 2615 4176 duplexne
2647 4119 2834 4168 scena,
2864 4113 2918 4159 et
2949 4105 3201 4175 geminus
3229 4105 3356 4160 cho-

1777 4198 1910 4253 rus?
1934 4197 2092 4252 Modo
2123 4197 2341 4252 Cretam
2383 4203 2722 4266 spectemus,
2743 4195 2906 4249 modo
2935 4194 3140 4262 regiam
3158 4193 3356 4250 Atrei?

1777 4291 1941 4346 modo
1974 4291 2182 4345 chorus
2221 4289 2425 4356 virilis,
2473 4288 2680 4361 Mysten,
2721 4289 2970 4358 inquam,
3024 4285 3148 4342 Idaei
3177 4285 3352 4351 Jovis,

1775 4383 1942 4436 modo
1969 4397 2096 4451 grex
2133 4381 2462 4435 feminarum
2495 4379 2561 4434 ad
2581 4388 2766 4450 partes
2783 4379 3002 4435 veniat?
3045 4377 3178 4432 lude
3207 4379 3354 4434 enim

151 4457 293 4524 Κρησὶ
318 4461 458 4530 μίξιν
482 4465 802 4534 Πασιφάης
829 4469 969 4539 πρὸς
1013 4470 1104 4524 τὸν
1151 4470 1372 4542 ταῦρον.
1421 4474 1674 4528 Absolvi-

1779 4471 1963 4528 fabula
1992 4472 2244 4542 Κρῆσσαι
2274 4486 2476 4540 nomen
2511 4471 2744 4539 accepit,
2775 4469 2923 4540 quod
2966 4470 3020 4522 in
3055 4485 3117 4534 ea
3148 4469 3357 4522 chorus

153 4563 256 4616 llllis,
286 4555 496 4621 opinor,
563 4556 834 4613 Joannem
880 4561 950 4614 ab
1002 4563 1152 4616 omni
1184 4564 1507 4633 suspicione
1543 4581 1670 4635 pec-

151 4639 230 4728 cati
256 4657 426 4699 :nunc
456 4654 512 4701 et
541 4646 674 4702 huic
723 4651 1016 4705 scholiasti
1050 4655 1384 4722 patrocinari
1429 4665 1666 4728 oportet.

152 4726 234 4784 Non
253 4734 374 4790 enim
397 4735 636 4792 deerunt
663 4741 781 4808 qui,
805 4743 1125 4814 pervulgata
1165 4745 1250 4800 via
1282 4726 1665 4816 quorumdam,

149 4821 216 4886 qui
234 4839 505 4893 germanos
529 4843 590 4882 se
615 4838 816 4898 putant
841 4846 968 4887 esse
987 4833 1368 4897 Aristarchus,
1397 4839 1668 4905 extemplo

153 4925 224 4976 pro
267 4919 421 4975 verbo
470 4922 660 4992 Κρησὶ
714 4926 1064 4981 contendent
1105 4943 1230 4983 esse
1290 4930 1664 4998 reponendum

159 5001 400 5077 Κρήσσαις.
444 5009 792 5067 Peletentim
854 5022 1062 5078 tamen,
1111 5025 1166 5069 et
1231 5017 1662 5088 aliquantisper,

160 5108 242 5163 oro,
270 5117 466 5157 manum
492 5105 844 5172 abstineant;
869 5108 999 5162 dum
1043 5109 1302 5165 tribunos
1343 5110 1530 5166 adeam
1567 5112 1664 5180 qui

163 5182 435 5248 intercedant
486 5203 657 5250 tanta:
686 5199 1001 5253 temeritati.
1061 5198 1207 5254 Ecce
1253 5201 1452 5258 iterum
1499 5202 1662 5257 scho-

166 5274 296 5337 llastes
321 5285 380 5338 ad
414 5287 530 5342 haec
557 5289 729 5344 verba
759 5289 1158 5360 Aristophanis
1185 5309 1199 5344 :

349 5395 525 5456 Ἀλλ’.
563 5394 611 5452 ὦ
647 5398 899 5466 Κρῆτες,
937 5403 1096 5468 Ἴδης
1128 5401 1312 5456 τέκνα

342 5469 410 5540 η
438 5468 585 5532 τόξα
612 5471 905 5537 λαϐόντες
930 5472 1292 5540 ἐπαμύνατε.

167 5537 412 5619 Ταῦτα,ἆὶῑ,
452 5559 601 5628 παρὰ
649 5559 716 5611 τὰ
765 5561 829 5612 ὲκ
873 5537 1121 5628 Eprith
1155 5561 1467 5632 Εὐριπίδου.
1526 5564 1657 5618 Bina

169 5639 342 5704 profecto
365 5658 489 5701 sunt
510 5649 760 5703 drainata
829 5651 1048 5721 Κρῆτες
1081 5659 1136 5707 et
1167 5653 1455 5724 Κρῆσσαι,
1489 5671 1658 5727 argu-

179 5742 300 5786 nerito
325 5739 468 5810 longe
497 5741 780 5796 dissimili.
817 5743 1073 5822 Persona:
1122 5745 1351 5801 omnino
1406 5746 1527 5802 alite
1575 5748 1656 5801 in-

1777 4564 1849 4619 sit
1879 4564 2168 4618 mulierum
2199 4563 2576 4624 Cretensium.
2611 4561 2866 4614 videlicet
2917 4575 3040 4628 qua:
3076 4559 3349 4625 Aeropem

1774 4671 1806 4711 e
1833 4655 1997 4710 Creta
2030 4657 2304 4711 comitata:
2336 4662 2486 4708 sunt.
2543 4651 2790 4706 Similem
2844 4652 2914 4704 ob
2956 4664 3183 4704 causam
3229 4648 3350 4700 Φοί-

1773 4764 1974 4810 νισσαι,
2007 4747 2280 4818 Τρωάδες,
2318 4743 2628 4815 Τραχίνιαι,
2685 4742 2804 4796 aliae
2829 4741 2966 4794 bene
3003 4739 3189 4792 multa:
3233 4739 3351 4794 suis

1772 4835 2060 4894 vocabulis
2114 4835 2496 4889 nominantur.
2554 4831 2666 4888 Nec
2723 4843 2926 4896 tamen,
2957 4827 3102 4900 quod
3143 4827 3349 4882 chorus

1773 4929 1845 4983 sit
1903 4927 2274 4988 Cretensium,
2307 4925 2515 4980 idcirco
2561 4936 2789 4979 necesse
2847 4931 2951 4985 est,
2995 4930 3054 4976 ut
3100 4920 3152 4974 iu
3187 4917 3350 4975 Creta

1771 5034 1937 5074 scena
1964 5018 2038 5070 sit
2074 5017 2253 5086 posita
2282 5034 2296 5070 :
2334 5014 2554 5085 quando
2578 5025 2632 5070 et
2657 5016 2712 5069 in
2739 5013 3045 5068 Phtenissis
3087 5027 3174 5066 res
3204 5009 3340 5062 The.

1772 5109 1854 5164 bis
1883 5115 2120 5177 aguntur
2147 5125 2162 5173 ;
2199 5107 2428 5160 chorum
2461 5115 2642 5160 tamen
2709 5107 3054 5160 constituunt
3086 5101 3345 5153 mulieres

1771 5198 1946 5269 Tyriae
1971 5215 1984 5250 :
2013 5195 2211 5267 Τύριον
2241 5191 2403 5264 οἶδμα
2427 5195 2642 5248 λιποῦσ⁹
2673 5195 2802 5248 ἔϐαν
2843 5189 3150 5262 Ἀκροοίνια
3181 5187 3345 5256 Λοξίᾳ

1765 5289 2054 5350 Φοινίσσας
2117 5286 2226 5338 ἀπὸ
2289 5286 2472 5340 νάσου.
2539 5287 2646 5342 Sed
2702 5284 2832 5355 quid
2881 5277 3348 5348 tergiversantur?

1767 5381 1984 5434 Scimus
2000 5378 2252 5446 Aeropen
2265 5377 2447 5432 Catrei
2467 5375 2640 5432 fuisse
2657 5377 2844 5438 tiliam,
2871 5371 3070 5426 Minois
3090 5374 3303 5434 neptem
3325 5384 3341 5427 ξ

1768 5482 1822 5524 et
1854 5484 1963 5540 quo
1992 5478 2234 5537 tempore
2265 5483 2354 5522 res
2377 5468 2458 5523 hae
2480 5476 2776 5522 transacta:
2813 5473 2966 5534 sunt,
2989 5461 3110 5529 jam.
3145 5455 3236 5509 diu
3270 5458 3339 5509 li-

1767 5565 1927 5617 heros
1950 5560 2280 5626 suscepisse.
2329 5558 2612 5630 Siquidem
2651 5561 3115 5626 Agamemnonem
3148 5561 3202 5605 et
3225 5549 3336 5604 ble-

1769 5655 1985 5708 nclaum
2016 5652 2158 5721 patri
2217 5651 2388 5706 fuisse
2420 5651 2671 5706 conscios
2700 5653 3156 5704 commemorant,
3211 5659 3336 5696 ruru

1766 5759 1976 5800 cumam
2033 5743 2176 5796 illam
2235 5739 2454 5798 feralem
2525 5740 2776 5814 Thyesta
2834 5744 3149 5812 apponeret.
3214 5734 3331 5796 Non
