3862 6318
550 432 658 495 735

554 645 784 688 numero
809 631 1056 684 vivorum
1091 629 1302 698 pridem
1335 639 1462 684 ante
1500 629 1824 686 excesserit.
1855 628 1968 684 imo
2003 644 2134 684 vero

553 741 582 776 a
627 722 846 776 ﬁliabus
881 720 1067 776 Cocali
1107 721 1419 777 trucidatus
1451 731 1559 787 est,
1611 723 1657 777 si
1715 720 1950 776 Eusebio
1978 722 2134 789 ﬁdes,

552 816 705 884 prius
732 814 957 869 circiter
1011 813 1288 880 triennio;
1333 814 1456 874 sed,
1493 813 1801 869 secundum
1841 813 2135 868 exactissi-

553 921 696 959 mam
752 906 1026 962 rationem
1097 905 1358 962 Gulielmi
1433 905 1633 960 Lloidii
1703 905 1950 976 episcopi
1994 908 2134 961 Asa-

553 996 805 1065 phensis,

555 1084 671 1158 [25]
718 1085 978 1154 Ἀνδρὸς,
1017 1086 1089 1140 ὃν
1121 1087 1247 1140 οὔτ’
1278 1087 1473 1139 αἰνεῖν
1497 1087 1656 1140 τοῖσι
1691 1088 1929 1142 κακοῖσι
1947 1087 2132 1156 θέμις,

552 1188 683 1234 ante
705 1180 867 1234 annis
891 1178 1091 1233 solidis
1126 1189 1362 1248 quatuor
1396 1187 1449 1234 et
1485 1179 1706 1249 viginti,
1737 1196 1903 1250 quam
1934 1181 2136 1235 Atreus

552 1287 782 1342 regnum
818 1277 1156 1340 capesseret.
1185 1270 1362 1336 Quam
1406 1270 1479 1324 ob
1529 1286 1642 1324 rem
1674 1271 1818 1324 haud
1854 1272 2014 1326 facile
2042 1287 2136 1340 pa-

554 1361 683 1423 tior,
715 1367 774 1413 ut
809 1367 1072 1428 corrupta
1124 1360 1214 1412 illa
1250 1361 1416 1414 verba
1454 1360 1701 1414 Erotiani
1745 1361 2044 1432 Εὐριπίδης
2078 1364 2136 1414 ὲν

550 1449 745 1502 Κλεισὶ
807 1449 985 1518 magis
1044 1449 1330 1515 magisque
1375 1462 1404 1501 a
1465 1447 1661 1501 Grotio
1719 1448 2132 1516 depraventur:

552 1539 674 1603 sed,
705 1537 855 1607 quod
910 1537 979 1591 ad
1013 1539 1288 1608 vulgatam
1331 1539 1624 1594 lectionem
1682 1540 1934 1609 proxime
1973 1553 2135 1593 aere-

550 1628 654 1689 dit,
690 1638 884 1681 auctor
910 1643 1031 1682 esse
1056 1629 1254 1690 ausim,
1293 1637 1350 1681 ut
1377 1631 1602 1698 posthac
1647 1631 1704 1682 ὲν
1731 1631 1924 1698 Κρησὶ
1961 1629 2136 1684 corri-

551 1709 833 1788 gatur.lta
871 1726 1046 1772 totum
1087 1720 1190 1772 erit
1220 1720 1450 1790 simplex
1489 1727 1542 1774 et
1583 1736 1775 1786 unum,
1807 1721 1993 1774 omnia
2029 1719 2135 1775 sibi

550 1809 911 1872 constabunt,
949 1809 1198 1876 belleque
1251 1811 1586 1866 convenient
1617 1827 1630 1864 :
1665 1809 1865 1875 Minos,
1929 1811 2135 1865 chorus

551 1909 888 1968 mystarum,
915 1899 1212 1970 Pasiphae,
1261 1901 1470 1958 Icarus.
1511 1901 1631 1957 Non
1679 1917 1822 1973 opus
1854 1903 1957 1958 erit
1987 1903 2128 1957 κλώ-
2165 1879 2206 1932 Β

551 1989 667 2044 θειν
691 1990 758 2043 τὰ
781 1991 1166 2059 ἁσύγκλωστα.
1216 1992 1432 2056 Restat,
1467 2003 1526 2047 ut
1574 1993 1642 2048 de
1666 1995 1770 2048 loci
1809 1993 1975 2064 hujus
2006 1993 2134 2049 Por-

552 2079 803 2149 phyriani
837 2080 994 2135 miris
1033 2080 1253 2150 quidem
1290 2081 1466 2136 modis
1497 2081 1746 2138 mendosi
1775 2082 2012 2137 lectione
2034 2097 2126 2138 acv

551 2177 764 2233 curate,
799 2179 1066 2238 quantum
1105 2173 1158 2225 in
1217 2173 1374 2228 nobis
1400 2181 1504 2238 est,
1547 2182 1603 2229 et
1639 2174 1912 2243 exquisite
1940 2173 2130 2244 dispu-

548 2268 730 2316 temus
765 2280 778 2316 :

727 2352 1140 2427 :[lxmqaeéouc
1172 2355 1334 2427 ναοὺς
1370 2355 1672 2427 πρρλιςπὼν,

723 2421 829 2496 ρῦς
848 2422 1140 2496 αὐθιγενὴς
1165 2421 1433 2496 τμηθεῖσᾴ
1453 2425 1590 2496 γδρῦς
1615 2427 1693 2496 (α)

729 2492 1288 2565 ξτᾷγανσὺς-παρέχέι
1319 2492 1551 2565 Χαλὺγὸῳ
1573 2492 1816 2562 πὲλέκει,

723 2561 834 2634 Esi
864 2561 1319 2634 ταυρῴἑτρῳμ)
1345 2561 1570 2634 κραθεῖ-

722 2626 778 2679 Σ’
809 2626 1074 2700 ἀτρεέοῦς
1098 2626 1406 2702 (ὲ)’ἁρμοὺξ
1438 2637 1803 2706 κυπαρίσσου.

545 2735 681 2802 Qua:
713 2736 789 2792 ita
812 2741 978 2794 vertit
1001 2740 1087 2795 Cl.
1120 2739 1343 2796 Grotius
1374 2758 1387 2794 :

723 2849 894 2925 Sacra
923 2854 1366 2925 adveniortempla
1392 2856 1688 2925 relinquens
1721 2874 1740 2914 :

723 2922 873 2996 Quas
917 2925 1096 2996 prisca
1118 2924 1315 2996 Adomos
1351 2925 1495 2978 dedit
1526 2922 1774 2996 indigena

723 2994 966 3057 Quercus
992 2992 1232 3064 Chalyba
1264 3005 1408 3048 secta
1441 2992 1680 3061 bipenni,

738 3065 1002 3136 Taurique
1031 3064 1132 3118 sibi
1155 3065 1354 3133 glutine
1376 3065 1608 3136 jungens

725 3132 798 3187 De
838 3150 958 3187 uera
986 3136 1131 3204 tigna
1159 3132 1433 3203 cupressu.

548 3199 702 3283 ll’aud
741 3227 818 3281 ita
856 3199 1046 3282 facere
1070 3199 1237 3282 debet
1257 3229 1349 3295 qui
1385 3229 1704 3297 interpretis
1746 3247 1970 3285 munere
2012 3232 2127 3286 fun-
2156 3224 2197 3281 C

544 3321 712 3388 gitur.
745 3317 926 3372 Nolim
967 3333 1093 3371 eum
1128 3317 1182 3370 in
1217 3319 1439 3372 caeteris
1499 3321 1725 3388 scriptis
1748 3322 1938 3375 eodem
1967 3326 2125 3377 modo

547 3407 948 3476 iudiligentem.
983 3404 1138 3461 Unde
1180 3407 1326 3460 enim
1400 3408 1569 3476 appet
1609 3418 1739 3464 sunt
1780 3411 2123 3482 tigna?quid

545 3499 654 3554 ista
681 3499 785 3553 sibi
818 3498 936 3552 vult
960 3514 1081 3552 uera
1109 3499 1442 3567 cupressus?
1467 3501 1577 3554 Cur
1592 3513 1776 3570 spreta
1802 3513 1887 3558 est
1909 3505 2124 3574 vulgata

544 3587 842 3658 Porphyrii
880 3589 1047 3642 lectio
1081 3589 1332 3658 ἀτρεκεῖς
1352 3588 1374 3640 ?
1398 3587 1510 3643 Cur
1551 3589 1798 3645 Erotiani
1825 3594 2124 3648 auctoritas

543 3680 855 3749 repudiata,
887 3680 978 3749 qui
1033 3680 1214 3733 locntn
1253 3681 1401 3735 hunc
1433 3682 1554 3736 ideo
1603 3684 1815 3746 citavit,
1852 3691 1912 3737 ut
1938 3692 2125 3738 osten-

513 3805 516 3808 -
545 3772 700 3826 deret
725 3771 979 3841 ἀτρεκεϊς
1020 3771 1204 3841 άρμὰς
1225 3788 1336 3826 non
1357 3773 1671 3844 signiﬁcare
1699 3774 1918 3845 ἀληθεῖς
1953 3793 2119 3840 ueras,

545 3861 640 3916 sed
674 3862 950 3932 ἀκριϐεῖς,
988 3873 1169 3916 arctas
1228 3879 1424 3933 nempe
1459 3875 1508 3918 et
1563 3874 1780 3920 exactas
1822 3883 2119 3936 compages.

546 3954 680 4022 Ejus
747 3955 912 4008 verba
969 3963 1100 4010 sunt
1161 3948 1320 4010 ha'e:
1357 3956 1470 4008 Καὶ
1512 3956 1811 4027 Εὐριπιδης
1848 3960 1906 4011 ὲν
1934 3958 2122 4012 Κλεισί

545 4043 674 4112 (leg.
697 4042 900 4112 Κρησί)
921 4058 1107 4112 φησιν,
1133 4043 1293 4095 ’Ἠκω
1323 4041 1568 4110 ζαθέους
1585 4083 1599 4106 ,
1646 4054 1780 4110 etc.,
1803 4047 2122 4112 κολληθεὶς

540 4133 809 4200 ἀτρεκεῖς
835 4131 1030 4201 ἀρμὰς
1056 4151 1069 4164 ·
1102 4134 1205 4186 οὐκ
1229 4129 1384 4187 εἶπεν
1423 4133 1699 4203 Ἀληθεῒς
1745 4137 1960 4206 ἀρμὰς,
2006 4139 2121 4194 ἀλλ’

539 4224 820 4291 ἀκριϐεῖς.
860 4225 953 4278 Sic
983 4225 1380 4294 corrigendum
1414 4241 1537 4281 esse
1570 4226 1730 4283 facile
1774 4229 1998 4296 videbit,
2031 4230 2120 4285 cui

541 4315 607 4366 ad
635 4331 856 4368 manum
881 4323 966 4368 est
1021 4316 1321 4371 Erotianus
1363 4317 1570 4388 :vulgo
1621 4319 1767 4373 enim
1809 4335 2117 4390 perperam,

539 4407 960 4475 ἀλλ’ἀτρεκεῖς.
1000 4410 1265 4478 Apagesis
1325 4417 1505 4465 autem
1569 4411 1861 4469 barbarum
1904 4415 2034 4471 illud
2065 4426 2121 4472 et

539 4496 806 4551 solmcum
843 4497 958 4570 [‘26]
988 4501 1358 4572 ταυροδέτρῳ,
1407 4518 1518 4572 quo
1571 4504 1740 4560 verbo
1786 4507 1974 4562 nullus
2021 4525 2120 4562 un-

539 4607 703 4659 quam
752 4592 988 4661 scriptor
1055 4603 1142 4649 est
1192 4611 1350 4660 usus,
1397 4607 1493 4650 aut
1543 4612 1642 4667 per
1674 4599 1980 4670 analogiam
2042 4602 2120 4655 uti

495 4684 764 4754 ερυιετίι.
795 4684 937 4751 Quin
995 4687 1162 4742 etiam
1213 4697 1270 4742 et
1327 4689 1509 4745 versui
1581 4691 1894 4746 consultum
1958 4706 2125 4762 opor-

538 4775 661 4828 tuit.
700 4775 834 4840 Quis
872 4779 1042 4839 enim,
1073 4779 1198 4849 qui'
1235 4796 1344 4834 non
1396 4781 1738 4852 negligenter
1783 4782 1837 4835 in
1896 4783 1981 4838 his
2027 4783 2120 4836 lit-

541 4866 676 4918 teris
729 4876 984 4922 versatus
1031 4879 1135 4930 est,
1178 4870 1311 4924 illud
1367 4873 1593 4928 omnino
1646 4873 1886 4943 probare
1946 4874 2121 4942 possit

1422 427 1521 486 DE
1558 424 1879 487 JOANNIS
1907 425 2227 485 MALALIE
2274 426 2923 487 CHRONOGRAPIIIA
3697 430 3778 494 73!

551 555 683 611 ergo
720 538 788 593 de
815 538 998 592 Minoe
1049 551 1258 606 proavo
1297 537 1460 607 longa
1495 537 1776 592 dubitatio
1814 545 1920 600 est,
1948 536 2081 608 quin
2111 551 2142 591 e
2173 548 2214 599 Α
2245 537 2462 594 Latinis
2488 539 2710 608 quidem
2745 535 2972 608 legitimi
3009 544 3137 590 sunt
3169 536 3434 592 numeri?
3487 536 3544 590 in
3581 544 3774 596 secundo

2239 644 2399 684 versu
2425 629 2770 698 quasprisca
2806 629 2992 683 domos
3035 628 3181 682 dedit
3221 627 3480 698 indigena
3513 629 3772 704 tribrachys

2235 727 2320 774 est
2354 720 2477 774 loco
2520 721 2780 789 anapaesti
2813 721 2897 776 vel
2956 721 3342 791 cujuscunque
3395 721 3556 790 pedis
3589 737 3772 792 quatuor

2240 815 2573 877 temporum.
2607 808 2763 874 Quod
2792 809 2987 864 vitium
3027 825 3323 864 commune
3353 808 3555 864 Grotio
3583 820 3656 866 est
3685 830 3772 868 CIIII

2233 899 2348 955 Jos.
2388 900 2689 972 Scaligero,
2722 900 2872 958 Flor.
2937 901 3278 967 Christiano,
3311 904 3772 974 aliisque,opinor,

2235 992 2495 1047 omnibus
2526 993 2618 1062 qui
2650 995 2857 1049 saeculo
2882 993 2989 1049 hoc
3025 1003 3081 1050 et
3141 995 3444 1066 superiore
3491 996 3574 1048 vel
3621 1006 3778 1066 ιηεεες

2235 1081 2357 1136 dias
2382 1082 2603 1138 Graecas
2633 1081 2828 1139 Latine
2875 1091 3186 1148 verterunt,
3216 1084 3301 1138 vel
3335 1084 3454 1154 ipsi
3485 1085 3772 1155 scripserunt
3805 1081 3807 1124 ε

2237 1188 2406 1228 novas
2430 1193 2444 1227 :
2467 1175 2672 1244 quibus
2697 1176 2944 1231 solemne
2972 1185 3059 1231 est
3077 1186 3391 1246 anapaestos
3430 1192 3567 1232 suos
3596 1181 3768 1246 passim,

2237 1218 2406 1228 ..-...-
2431 1218 2442 1227 .
2467 1218 2671 1244 .,.........
2697 1218 2944 1231 -............
2973 1218 3391 1246 c-.......,.....,.....
3430 1218 3567 1232 ...μω
3596 1218 3768 1246 ,,....,....,

2236 1264 2329 1318 uhi
2367 1266 2520 1318 nulla
2547 1267 2799 1322 clausula
2832 1278 2917 1324 est
2942 1284 3119 1338 neque
3143 1269 3596 1338 interpunctum,
3623 1271 3772 1325 tribra-
3807 1218 3809 1350 |

2236 1355 2324 1409 ehi
2358 1357 2440 1409 vel
2497 1357 2740 1412 trochaeo
2776 1359 2862 1413 vel
2917 1360 3119 1414 cretico
3145 1361 3498 1424 terminare;
3538 1361 3614 1413 vel
3646 1365 3772 1416 etiam

2235 1446 2437 1510 vocali,
2477 1456 2570 1500 aut
2601 1448 2784 1502 littera
2821 1449 2868 1502 Μ
2901 1450 3080 1514 linire,
3115 1466 3272 1506 versu
3308 1451 3574 1521 proximo
3601 1453 3659 1505 ab
3692 1457 3766 1508 alia

2236 1537 2416 1589 vocali
2459 1539 2544 1591 vel
2589 1537 2629 1590 ll
2677 1539 2993 1608 incipiente.
3024 1541 3240 1597 Scilicet
3268 1543 3446 1596 etiam
3494 1543 3581 1596 hic
3607 1549 3768 1597 utalitui

2237 1636 2572 1696 postremam
2632 1629 2687 1684 in
2742 1647 2902 1686 versu
2963 1635 3226 1702 syllabam
3283 1650 3636 1690 communem
3681 1654 3766 1692 esse

2237 1718 2670 1775 arbitrabantur.
2703 1720 2796 1775 Nae
2831 1723 2944 1789 isti,
2975 1723 3020 1777 si
3045 1725 3176 1778 olim
3203 1735 3386 1780 stante
3426 1742 3488 1778 re
3516 1725 3680 1780 Greca
3708 1731 3766 1782 rel

2238 1809 2484 1865 Ruinana
2525 1826 2656 1868 suas
2723 1812 2934 1869 fabulas
2984 1815 3311 1880 edidissent,
3356 1817 3556 1873 sibilis
3591 1819 3764 1872 ctrin-

2235 1903 2396 1970 γμοϊς
2435 1917 2652 1967 escena
2685 1904 2897 1970 explosi
2940 1905 3194 1960 fuissent.
3237 1905 3357 1961 Non
3405 1907 3560 1962 enim
3609 1906 3767 1962 Gracia

2235 2002 2300 2044 ea
2331 1988 2548 2042 licentia
2576 1993 2870 2058 permissa,

2310 2077 2423 2132 Nec
2483 2078 2612 2132 data
2665 2079 2916 2135 Romanis
2985 2083 3132 2135 venia
3206 2093 3281 2136 est
3346 2083 3565 2154 indigna
3616 2090 3766 2150 pectis.

2235 2169 2342 2224 Fas
2377 2177 2495 2224 erat
2524 2159 2792 2226 duntaxat
2834 2187 3054 2228 versum
3110 2174 3282 2236 illum,
3326 2176 3424 2243 qui
3453 2176 3769 2242 parandam:-

2234 2259 2466 2326 dicitur,
2514 2260 2758 2316 trochaeo
2821 2262 3104 2318 claudere.
3155 2262 3231 2317 Eo
3297 2280 3472 2333 usque
3504 2280 3600 2318 non
3622 2266 3766 2317 aliter

2233 2353 2550 2407 continuari
2578 2353 2852 2409 debebant
2893 2356 3152 2423 anaparsti
3204 2357 3292 2410 vei
3327 2372 3489 2425 pares
3522 2366 3764 2424 anapaesto

2232 2443 2421 2512 pedes,
2477 2459 2542 2498 ac
2568 2445 2613 2499 si
2641 2445 2840 2500 unicus
2874 2455 3028 2500 esset
3061 2462 3278 2501 versus.
3313 2446 3462 2512 Quin
3511 2459 3561 2501 et
3589 2446 3764 2500 Seneca

2233 2533 2504 2604 tragicus,
2551 2543 2610 2588 ut
2664 2535 2811 2591 scias
2835 2551 2958 2590 eum
2980 2535 3048 2589 de
3086 2537 3359 2591 industria
3389 2538 3764 2607 lemperavisse,

3795 446 3805 780 Ι

2232 2624 2403 2678 semel
2450 2632 2662 2678 tantum
2721 2632 2888 2694 atque
2946 2626 3147 2680 iterum
3206 2627 3454 2680 trochaeo
3503 2637 3763 2695 anapestus

2231 2713 2454 2779 clausit,
2491 2730 2592 2768 nec
2615 2715 2720 2769 nisi
2749 2715 2902 2769 finita
2943 2717 3358 2785 sententiazqui
3382 2717 3599 2770 scilicet
3623 2730 3762 2785 parm-

2231 2804 2396 2858 miaci
2446 2805 2602 2860 locus
2637 2813 2810 2870 esset,
2841 2806 2946 2860 nisi
2984 2806 3029 2860 is
3060 2807 3302 2871 scriptor
3333 2807 3530 2861 nescio
3559 2821 3649 2859 cur
3673 2791 3765 2858 ver-

2231 2911 2352 2949 sum
2402 2895 2553 2950 illum
2623 2897 2992 2966 repudiasset.
3058 2898 3277 2952 Veteres
3332 2906 3520 2952 tamen
3583 2895 3764 2949 Latinos

2230 2987 2455 3041 minime
2515 2995 2842 3057 aspernatos
2893 3003 3014 3042 esse
3055 2986 3477 3054 Parmmiacum,
3507 2986 3601 3042 sed
3629 2995 3674 3041 et
3703 2988 3764 3038 hic

2229 3076 2544 3131 Granrorum
2577 3079 2822 3150 vestigiis
2864 3079 3132 3132 institisse
3159 3078 3303 3133 scire
3333 3077 3560 3133 dabitur
3585 3094 3645 3134 ex
3674 3078 3762 3130 istis

2232 3173 2482 3240 reliquis,
2521 3171 2722 3239 iisque,
2752 3172 2804 3225 ni
2839 3169 3021 3238 fallor,
3063 3170 3220 3225 solis.

2234 3263 2418 3318 Attius
2449 3262 2699 3318 Phinidis
2736 3281 2752 3317 :

2441 3352 2613 3408 Simul
2646 3363 2694 3408 et
2728 3355 2929 3407 circum
2959 3369 3153 3422 magna
3184 3352 3496 3422 sonantibus

2454 3422 2572 3496 [27]
2618 3423 2810 3496 Eccita
2833 3425 2982 3478 saxis
3014 3421 3156 3496 sicca
3189 3421 3431 3476 sonando

2445 3494 2659 3562 Crepitu
2681 3494 2956 3563 clangente
2988 3494 3333 3546 cachinnant.

2233 3591 2413 3645 Locus
2442 3598 2528 3645 est
2554 3588 2699 3658 apud
2721 3587 2964 3642 Nonium
2995 3587 3051 3641 in
3106 3587 3452 3641 cachinnare.
3491 3583 3592 3639 Sed
3636 3600 3762 3637 neum

2231 3698 2262 3736 a
2294 3679 2381 3738 me
2437 3680 2780 3750 impetrabit,
2819 3687 2879 3733 ut
2927 3681 3094 3734 verba
3126 3678 3262 3732 Attii
3295 3694 3428 3732 sana
3453 3693 3572 3733 esse
3596 3690 3762 3729 concc-

2229 3772 2376 3827 dam.
2427 3772 2700 3837 Quorsum
2755 3771 2902 3826 enim
2957 3771 3241 3840 pertinent
3306 3787 3501 3840 magna
3556 3773 3763 3830 sai-inet

2228 3862 2538 3916 sonantibus
2609 3860 2890 3916 sonando?
2936 3862 3275 3916 Peccaturus
3326 3875 3472 3920 sum,
3504 3859 3575 3912 uti
3608 3870 3760 3926 spero.
3799 3929 3814 3946 .

2229 3953 2372 4007 intra
2401 3951 2637 4015 veniam,
2671 3951 2716 4006 si
2751 3966 2946 4020 parum
2972 3966 3236 4022 prospere
3279 3950 3601 4004 medicinam
3627 3963 3758 4016 etpe-

2228 4045 2361 4099 rior.
2390 4044 2468 4098 Ex
2516 4043 2638 4112 ipso
2687 4041 2885 4096 fabula:
2935 4043 3160 4097 nomine
3204 4056 3402 4110 magna
3449 4039 3674 4109 suspicio
3698 4047 3762 4088 est

2227 4137 2294 4192 de
2333 4134 2592 4206 Harpyiis
2621 4132 2788 4188 verba
2817 4133 2960 4189 ﬁeri.
2995 4132 3177 4188 Fallor
3207 4133 3396 4201 itaque
3420 4149 3490 4185 an
3516 4135 3588 4186 sic
3611 4132 3760 4199 legen-

2228 4227 2358 4282 dqu
2379 4233 2466 4280 est

2444 4314 2616 4369 Simul
2643 4325 2691 4369 et
2732 4315 2934 4368 circum
2968 4326 3155 4384 stagna
3186 4314 3502 4367 sonantibus

2441 4384 2634 4438 Excila
2664 4388 2811 4438 saxis
2845 4403 2983 4438 steva
3022 4385 3228 4439 Cela'no

2439 4455 2656 4524 Crepitu
2685 4455 2960 4524 clangente
2991 4456 3305 4510 cachinnat.

2155 4572 2196 4627 ι)
2225 4551 2364 4605 illud
2395 4549 2667 4618 clangente
2704 4548 2926 4617 proprie
2955 4558 3008 4603 et
3047 4557 3171 4618 apte
3212 4547 3423 4602 dictum
3451 4555 3533 4602 est
3561 4545 3619 4598 dc
3645 4541 3736 4594 llar

2223 4658 2385 4714 pyus.

2226 4735 2716 4889 νπκῲἳιιειώὶιω
2733 4823 2987 4892 horriﬁco
3023 4822 3177 4887 lapsu
3202 4821 3267 4874 de
3297 4817 3558 4892 mcum“!
3593 4813 3754 4892 an...”

2435 4897 2713 4967 Harpgim,
2740 4906 2788 4948 et
2809 4884 3013 4964 magnis
3027 4884 3276 4962 quatiunt
3300 4888 3618 4959 clangoribus
3637 4884 3750 4935 alas.

537 4955 646 5057 Kf‘"
674 4956 1018 5057 "“”_?°3é‘9‘i’
1045 4960 1241 5028 κραθεῖ
1273 4961 1668 5057 -δίηωιηηη
1717 4963 1934 5018 “mea
1995 4965 2116 5019 b'a‘
2187 4989 2363 5054 ,Quin
2417 4997 2472 5044 et
2537 4955 2728 5057 stagna
2753 4955 3164 5053 bene'repo'sui,
3218 4955 3558 5052 approbante
3587 4974 3750 5031 ibidem

537 5045 974 5114 ehyeatalertum
1011 5089 1024 5109 ,
1091 5059 1150 5102 ut
1199 5051 1447 5119 proxime
1516 5062 1642 5109 ante
1719 5057 2110 5123 partemiacum

537 5137 741 5187 veniat.
792 5135 1016 5190 Aﬁirmo
1092 5140 1189 5193 tibi
1258 5143 1532 5198 neminem
1619 5160 1790 5197 unutn
1843 5147 2112 5216 tragicum

537 5224 883 5296 romicumve
933 5227 985 5306 in
1051 5244 1116 5282 eo
1174 5229 1297 5285 loco
1357 5231 1460 5285 hoc
1523 5240 1758 5286 metrum
1811 5234 2116 5300 adhibere;

537 5316 712 5369 multo
739 5315 903 5369 etiam
940 5317 1146 5384 minus,
1180 5321 1324 5390 quod
1380 5320 1627 5376 Erotiani
1664 5324 1942 5394 scriptura
1982 5342 2118 5381 con-

535 5407 718 5461 stituit
747 5410 857 5462 Καὶ
886 5412 1198 5483 ταυροὸέτῳ
1255 5413 1558 5484 κολληθείς.
1600 5414 1741 5481 Quid
1774 5417 1920 5486 quod
1955 5433 2024 5473 ne
2063 5418 2118 5471 in

2214 5078 2452 5151 Virgilio
2494 5096 2505 5130 :

2425 5171 2690 5226 Obscenos
2740 5167 2916 5238 pelagi
2947 5166 3089 5236 ferro
3120 5163 3582 5234 fwdarcurmcres.

2217 5259 2400 5314 Attius
2431 5259 2672 5328 Telepho
2705 5275 2718 5312 :

2434 5349 2675 5419 Jamjam
2709 5348 2924 5418 stupido
2956 5345 3215 5400 Thessala
3243 5362 3423 5397 somno

2442 5420 2663 5475 Pectora
2705 5421 3055 5489 languentque
3078 5426 3386 5484 scirentque.

2065 5594 2296 5651 NOTAE.

707 5743 999 5824 Erotianus
1025 5747 1230 5824 δοκῇς,
1265 5758 1419 5807 vetus
1449 5752 1615 5824 editio
1642 5753 1924 5824 Porphyrii
1951 5753 2125 5824 δορός.

607 5813 676 5880 (b)
707 5813 902 5882 Porph.
960 5819 1261 5888 ταυρθδέτ‹;›
1336 5821 1598 5892 κρηθεῖσ’.
1653 5813 2126 5894 Ι·]ι·οἰ.’τορο)ἶέτὲν

2240 5755 2537 5824 κολληθείς.

2310 5814 2606 5893 (τίνυψιμ
2655 5824 2945 5893 ’Λτρεκεῖς,
2975 5820 3119 5875 Erot.
3158 5821 3405 5891 ἁτρεκεῖς
3435 5814 3616 5886 619;!ch-
