3862 6318
335 312 417 400 125
1414 335 1783 396 EPISTOLA
1823 338 2033 400 men.
2068 338 2429 399 BENTLEII

3466 335 3574 400 ’125

390 449 513 500 Smc
570 442 739 499 dubio
788 442 916 499 loco
989 443 1250 498 Ἀστὰνου
1325 441 1734 499 emendandum
1795 450 1881 497 est

1987 442 2247 515 ἀληθείας
2280 440 2441 498 εἶναι.
2474 439 2565 508 Εἷς
2600 447 2747 498 ἐστιν
2768 444 2797 496 ὁ
2821 445 2952 508 Θε>.ς
2976 445 3033 508 ὃς
3058 445 3151 497 τὸν
3178 444 3432 516 οὐρανόν,
3463 456 3568 503 etc.

346 537 596 591 Ὀστάνου.
631 536 867 590 Ostanes
913 552 1108 607 magus
1140 544 1196 590 et
1235 536 1562 593 Zoroastres
1597 538 1766 589 etiam
1803 536 1888 589 in-

336 628 491 682 doctis
551 627 942 696 cognitissimi.
1010 627 1304 685 Theodoro
1355 628 1701 684 Meliteuiotze
1743 627 1891 683 Prae-

338 721 518 775 latioue
578 719 663 773 iu'
698 720 1108 776 Astronomiant
1181 737 1289 775 non
1358 720 1591 776 Ostanes
1654 721 1888 784 dicitur,

335 812 415 865 διε-1
474 808 691 877 Ὀτάνης
746 807 886 881 [11],
936 808 1070 877 Qum
1130 809 1364 866 fortasse
1424 827 1552 865 vera
1610 811 1887 880 scriptura

332 912 449 956 est:
501 915 621 954 nam
676 910 733 955 et
765 900 909 972 apud
982 900 1318 957 Herodotum
1392 918 1502 957 non
1580 917 1727 959 unus
1802 908 1889 958 est

332 992 512 1046 Otaces
556 991 770 1047 Persa:
809 1003 866 1047 et
929 1008 1060 1047 vero
1112 1008 1308 1065 magus
1367 994 1460 1048 ille
1506 994 1731 1048 natione
1787 991 1891 1046 fuit

331 1082 616 1136 Chald.eus.
669 1079 955 1136 Theodori
998 1083 1184 1137 locum
1230 1083 1567 1150 describam,
1621 1081 1769 1153 quod
1808 1081 1885 1139 ibi

333 1174 668 1241 plurimorum
722 1189 1010 1242 magorum
1051 1175 1276 1233 nomina
1314 1174 1529 1239 videas,
1562 1190 1704 1245 quos
1754 1173 1888 1230 alibi

334 1261 525 1317 frustra
582 1264 893 1332 quaesieris.
970 1264 1060 1319 ’Ev
1106 1261 1187 1330 οἷς
1238 1265 1571 1337 (Χαλδαίοις)
1626 1266 1777 1320 ἄλλοι
1827 1282 1889 1318 τε

330 1348 551 1408 πλεῖστοι
600 1355 894 1425 γεγόνασιν
943 1356 1214 1424 ἀξιόλογοι
1259 1358 1450 1427 ἄνδρες
1510 1357 1605 1411 καὶ
1656 1357 1890 1428 μάλιστα

331 1443 664 1515 ῑωροάστρης
701 1450 797 1499 καὶ
840 1446 959 1516 μετ’
1014 1448 1222 1500 ἐκεῖνον
1265 1447 1515 1513 Ὀτάνης,
1545 1448 1575 1500 ὅ
1603 1462 1664 1499 τε
1715 1445 1885 1518 Κιδη-

326 1536 430 1599 νίς,
476 1537 563 1590 καὶ
608 1536 1021 1608 Νασουριανὸς,
1071 1538 1166 1591 καὶ
1190 1538 1287 1591 σὺν
1336 1538 1521 1598 αὐτοῖς
1557 1540 1587 1591 ὁ
1621 1536 1885 1603 Σουδῖνος,

323 1624 447 1679 ἀλλὰ
496 1631 587 1679 καὶ
642 1627 909 1690 Σέλευκος
974 1628 1083 1682 ἀπὸ
1127 1628 1451 1692 Σελευκείας
1479 1627 1747 1692 Χαλδαῖος
1793 1626 1890 1682 καὶ

308 1709 460 1779 οὗτός
494 1719 666 1773 ἐστιν.

294 1822 412 1882 KV.
451 1830 1082 1902 ΘοῦλιςόΑὶγυπτίων
1115 1831 1417 1898 βασιλεὺς
1453 1831 1735 1902 ἐπαρθείς
1762 1830 1885 1902 τοῖς

351 1900 866 1972 ξςορτορθώμασίν
913 1902 1224 1969 ἠρώτησεν
1244 1906 1332 1969 εις
1363 1902 1431 1955 τὸ
1454 1901 1740 1972 μαντεῖον
1778 1900 1885 1955 τοῦ

340 1968 698 2036 εὐριπίδοὸ
726 1972 859 2040 περὶ
892 1968 1319 2039 αὐτοῦοῦτωςδ

310 2081 596 2149 Φράσον
615 2101 719 2153 μοι
753 2082 1138 2152 πυρισθενές,
1171 2093 1280 2141 etc.
1314 2095 1374 2141 ut
1398 2083 1619 2141 Malalas
1651 2101 1708 2156 p.
1739 2084 1830 2141 26.

244 2157 591 2225 Hominem
641 2186 773 2228 sane
825 2172 1107 2238 festivum,
1135 2173 1227 2243 qui
1275 2171 1594 2244 Euripidem
1639 2190 1888 2246 χρησμο·
1953 2216 1969 2233 .

241 2249 565 2330 ’διηγοῦνται
594 2266 757 2321 nobis
800 2267 1075 2321 exhibuit.
1104 2265 1311 2333 Quidni
1362 2267 1593 2323 autem?
1632 2266 1883 2338 inquies,

286 2351 447 2422 cujus
492 2368 565 2407 ex
605 2354 848 2426 μαντείῳ
879 2355 985 2410 hoc
1014 2356 1224 2409 editum
1259 2362 1366 2419 est,

428 2443 676 2509 Μάντις
707 2443 761 2496 δ’
805 2443 1053 2513 ἄριστος
1076 2443 1248 2511 ὅστις
1275 2441 1491 2505 εἰκάζει
1519 2441 1742 2513 καλῶς,

290 2533 593 2585 oraculum
626 2533 873 2603 quidem,
902 2548 1015 2604 quo
1045 2531 1185 2587 nihil
1216 2534 1403 2589 verius
1435 2547 1500 2588 ac
1527 2533 1883 2603 sapientius;

286 2623 461 2689 quale
494 2638 778 2693 nunquam
810 2634 905 2679 aut
939 2623 1099 2680 Bacis
1143 2622 1311 2691 fudit,
1343 2633 1440 2678 aut.
1478 2624 1731 2679 comicus
1781 2622 1885 2679 iste

283 2712 508 2777 Clanis,
544 2726 641 2769 aut
1835 2706 1844 2713 δ

283 2801 495 2875 Pythia
528 2821 649 2874 qua:
686 2803 895 2874 tripode
930 2820 996 2861 ea:
1032 2804 1217 2862 Phoebi
1249 2807 1505 2877 lauroque
1535 2804 1753 2875 profata
1781 2810 1883 2858 est.

289 2895 401 2950 Sed
430 2907 595 2952 extra
628 2897 819 2967 jocum
858 2916 872 2952 :
911 2898 1033 2955 sine
1073 2899 1458 2954 controversia
1492 2894 1881 2967 corrigendum

297 2998 377 3044 est
413 2988 517 3067 frmi
550 2989 894 3061 Σαράπιδοςο
928 2991 1017 3045 cui
1046 2989 1256 3046 Canobi
1284 2990 1485 3058 tetnpla
1516 2987 1699 3046 dicata
1720 2994 1881 3054 sunt;

257 3092 261 3096 ‘
300 3083 468 3134 etiam
503 3083 852 3138 Alexandriae
877 3091 933 3137 et
959 3081 1217 3153 Memphi.
1252 3080 1455 3137 Narrat
1493 3079 1694 3135 Strabo
1723 3079 1882 3135 miris
1908 3122 1955 3185 c

312 3172 573 3241 quosdam
593 3174 847 3230 laudibus
866 3174 1066 3231 efferre
1086 3176 1186 3240 ei;
1215 3175 1419 3247 ἀρετὰς
1435 3174 1546 3228 τῶν
1570 3172 1678 3228 τοῦ
1709 3172 1884 3245 Σαρά·

323 3263 459 3327 suos;
472 3266 535 3317 ὲν
563 3265 809 3338 Κανὼὁῳ
829 3266 1048 3334 λογίων.
1074 3265 1203 3321 Haec
1220 3267 1581 3336 scripseram,
1605 3279 1731 3320 cum
1754 3280 1884 3320 sero

326 3354 669 3411 animadverti
715 3358 858 3427 apud
896 3357 1126 3413 Suidam
1160 3359 1215 3412 in
1263 3373 1399 3413 voce
1446 3356 1641 3421 Θοῦλις
1676 3357 1748 3411 ita
1779 3357 1882 3428 legi

326 3443 603 3512 aitolsgst,
642 3449 721 3519 uti
747 3448 904 3518 prius
928 3464 994 3503 ex
1026 3447 1353 3519 conjectura
1389 3448 1834 3503 emendaveram.

386 3534 726 3592 Dubitautem
761 3555 846 3593 me
882 3547 937 3593 et
982 3554 1092 3609 quo
1122 3539 1372 3610 proxime
1402 3554 1488 3592 me
1528 3545 1735 3593 vertam
1774 3538 1885 3592 cir-

325 3641 777 3697 rumspectantem
821 3630 888 3685 ad
930 3647 990 3686 se
1036 3637 1200 3685 vocat
1250 3628 1591 3700 Sophocles,
1642 3628 1884 3699 indignis

325 3732 442 3770 sane
469 3719 638 3771 molis
660 3736 690 3772 a
711 3717 923 3774 Joanne
960 3729 1240 3790 acceptus.
1274 3734 1328 3790 p.
1354 3718 1422 3773 47
1457 3736 1469 3772 :
1504 3717 1564 3772 Ὀ
1584 3718 1693 3790 γὰρ
1715 3717 1887 3786 σοφώ.

323 3823 462 3872 τατος
492 3810 763 3882 Σοφοκλῆς
795 3811 981 3883 δρᾶμα
1009 3810 1228 3876 ἐξέθετο
1264 3813 1359 3866 καὶ
1398 3811 1699 3881 ποιητικῶς
1729 3806 1883 3864 εἶπεν

322 3896 396 3947 ότι
434 3899 461 3951 ὁ
494 3899 782 3969 Τειρεσίας
838 3900 937 3971 τὴν
991 3900 1240 3956 Παλλάδα
1296 3898 1401 3955 εἶδε
1447 3901 1744 3972 λουομένην
1791 3903 1885 3954 καὶ

321 3987 445 4059 γυνὴ
473 3992 711 4059 ἐγένετο.
739 3990 850 4063 Ego
876 4007 1004 4047 vero
1033 3995 1229 4062 quovis
1248 3994 1478 4065 pignore
1506 3994 1880 4048 contenderim

321 4085 441 4138 nihil
471 4100 698 4156 usquam
734 4086 803 4139 de
845 4083 1043 4140 fabella
1070 4088 1176 4143 ista
1200 4089 1504 4156 profectum
1530 4102 1558 4139 a
1585 4086 1878 4156 Sephocle,

318 4191 614 4247 quanquam
640 4179 709 4230 ah
742 4176 869 4233 aliis
921 4179 1125 4247 passim
1159 4186 1524 4233 memoretur.
1562 4177 1700 4232 Cum
1733 4176 1879 4232 enim

315 4282 494 4322 omnes
521 4266 635 4322 fere
665 4268 855 4323 titulos
884 4267 1319 4338 Sophocleorum
1359 4267 1678 4323 Dramatum
1710 4267 1881 4324 bene-

318 4355 430 4409 ﬁcio
471 4357 971 4415 Grammaticorum
1006 4356 1266 4415 ‘veterutn
1316 4359 1643 4423 habeamus.
1667 4361 1879 4419 nullum

1992 534 2036 591 0
2076 536 2321 593 hominis
2354 546 2661 613 stuporem,
2702 544 2756 591 et
2803 536 3072 590 ἰδιωτείαν
3122 538 3366 591 meram!
3410 539 3572 609 Apud

1991 634 2301 693 auctorem,
2350 627 2496 682 unde
2560 627 2675 682 hate
2742 627 2931 682 habuit
2978 625 3395 693 Antiochensis,
3452 627 3589 684 sinc‘

1990 720 2161 793 688
2185 720 2356 775 dubio
2382 721 2652 792 scriptum
2682 728 2805 776 erat.
2831 720 2899 775 ad
2928 721 3034 775 hoc
3072 720 3387 791 exemplum
3420 738 3435 775 :
3459 722 3577 775 Ka-

1993 811 2098 875 θὼς
2133 816 2162 866 ὁ
2208 813 2487 885 Σοφοκλῆς
2515 808 2671 867 εἶπεν
2707 814 2765 867 ὲν
2807 816 2928 877 ταῖς
2958 811 3295 882 ἀληθείαισιν
3336 805 3418 877 εἷς
3456 815 3573 868 ἔστι

1991 903 2143 971 Θεός.
2183 902 2361 959 llomo
2385 904 2620 960 stolidus
2652 904 3102 975 interpunctione
3136 905 3269 959 falsa
3297 905 3573 975 jugulavit

1994 1008 2234 1060 versum,
2274 995 2584 1066 misereque
2627 996 2981 1066 disperdidit.
3023 994 3295 1050 Nimirum
3340 997 3410 1051 ab
3439 996 3572 1067 ἀλη-

1991 1085 2221 1140 θείαισιν
2268 1088 2684 1144 distinctionem
2746 1089 2966 1158 posuit,
3025 1103 3155 1144 cum
3214 1089 3395 1144 oratio
3445 1097 3575 1158 post

1989 1173 2112 1232 εἶπε
2142 1179 2409 1236 sustineri
2431 1180 2706 1237 debuerit.
2745 1179 2852 1237 Sed
2885 1180 3119 1236 efficiam
3155 1189 3217 1235 ut
3252 1183 3488 1253 posthac
3517 1181 3568 1234 hi

1992 1271 2253 1326 versiculi
2290 1287 2427 1328 sano
2471 1273 2666 1329 saltem
2711 1272 2850 1343 pede
2894 1273 3115 1343 possint
3158 1273 3436 1329 incedere.
3478 1271 3571 1326 Sic

1993 1362 2164 1433 igitur
2194 1365 2429 1420 emendo
2455 1384 2469 1420 :
3138 1362 3149 1367 ’

2129 1479 2235 1534 Ἕν
2265 1480 2394 1546 ταῖς
2415 1479 2799 1547 ἁληθείαισιν
2821 1476 2912 1546 εἵς
2926 1481 3110 1537 ἐστιν
3131 1481 3266 1546 θεὸς

2138 1551 2246 1615 ⁸ος
2272 1553 2535 1619 σι’φανόν
2567 1550 2617 1604 τ’
2638 1548 2856 1621 ἔζευξε
2874 1550 2975 1603 καί
3006 1550 3184 1621 γαῖαν
3198 1551 3440 1621 μακρὰν

2132 1616 2366 1673 Πόνοτού
2393 1634 2457 1673 τε
2480 1618 2749 1688 χαροπόν
2765 1616 2950 1688 οἶδμα
2972 1616 3254 1689 κᾶνέμών
3274 1620 3442 1686 βίας.

2132 1690 2351 1757 Θνητοί
2378 1705 2442 1742 τε
2461 1689 2699 1743 πολλὸν
2728 1689 2938 1757 καρδίᾳ
2968 1689 3349 1757 πλανώμενοι

2140 1757 2567 1830 Ἰδρυσάμεσθα
2588 1757 2874 1828 πημάτων
2901 1758 3295 1830 παραψυχὴν,

2133 1828 2293 1899 Oed»-
2312 1828 2603 1898 ἀγάλματ’
2630 1830 2697 1882 ἐκ
2718 1829 2904 1899 λίθων
2924 1829 2963 1896 ἣ
2989 1828 3268 1899 χαλκέων

2129 1890 2206 1952 Ἦ
2224 1890 2687 1966 χρυὰνοτὲύκτων
2709 1898 2751 1966 ἢ
2784 1890 3173 1967 ’.ιεεράνίὶίνων
3208 1900 3459 1965 τύπους.

2132 1970 2359 2032 Θυσίας
2379 1985 2441 2022 τε
2462 1969 2695 2034 τούτοις
2728 1968 2827 2022 καὶ
2857 1969 3034 2035 κενὰς
3061 1970 3445 2036 πανηγύρεις.

2132 2037 2460 2107 ΐεύχοντες
2485 2038 2675 2104 οὕτως
2713 2038 2989 2092 εὐσεϐεῖν
3015 2040 3349 2109 νομίζομεν.

1987 2155 2064 2211 Ita
2095 2152 2212 2211 fere
2243 2153 2505 2224 leguntur
2531 2149 2675 2221 apud
2713 2148 3018 2216 Iustinum,
3056 2150 3421 2214 Clementem,
3455 2151 3565 2204 Eu-

1985 2247 2223 2311 sebium,
2271 2242 2697 2311 Theodoritum,
2742 2248 2799 2296 et
2852 2240 3053 2310 partim
3107 2242 3562 2313 Athenagoram;

1985 2338 2122 2395 adeo
2163 2345 2225 2391 ut
2256 2334 2503 2393 detnirer
2536 2333 2891 2403 interpretem
2931 2331 3352 2399 Chilmeadum,
3388 2334 3566 2389 horni-

1983 2446 2115 2487 nem
2149 2442 2283 2485 sane
2327 2426 2739 2499 pereruditum,
2781 2424 2836 2479 in
2876 2425 3002 2481 luce
3043 2432 3153 2481 tam
3197 2426 3343 2481 clara
3379 2427 3566 2481 minus

1986 2521 2153 2578 solito
2187 2518 2557 2590 perspexisse.
2603 2517 2712 2574 Sed
2747 2532 2859 2572 non
2901 2525 2955 2572 te
2992 2518 3205 2583 celabo,
3234 2518 3385 2590 quod
3422 2533 3563 2589 pace

1985 2621 2305 2671 sanctorum
2336 2611 2579 2667 virorum
2607 2611 2815 2667 dictum
2850 2612 3017 2665 velim
3043 2649 3060 2675 ,
3090 2612 3450 2668 vehementer
3479 2628 3566 2667 me

1986 2703 2260 2776 suspicari
2290 2718 2399 2759 non
2424 2717 2555 2759 esse
2579 2703 2695 2759 haec
2726 2718 2757 2757 ιι
2790 2702 3085 2774 Sophocle.
3122 2703 3177 2758 Id
3200 2703 3340 2759 adeo
3371 2719 3473 2760 cur
3508 2704 3564 2760 in

1985 2799 2231 2853 animum
2264 2793 2546 2859 inducam.
2581 2795 2628 2852 si
2654 2811 2744 2852 me
2775 2796 3116 2869 interroges,
3150 2795 3317 2852 dico:
3351 2797 3563 2868 permi-
3630 2786 3641 2797 ’

1985 2904 2109 2944 rum
2132 2886 2266 2943 mihi
2293 2897 2493 2958 prater
2530 2888 2637 2944 alia
2672 2887 2872 2956 videri,
2908 2899 3019 2944 tam
3058 2888 3331 2944 illustrem
3382 2889 3563 2944 locum

1986 2980 2398 3038 Ecclesiasticis
2441 2980 2580 3036 solis
2629 2980 2941 3036 incurrisse
2980 2980 3034 3034 in
3074 2978 3287 3044 oculos,
3326 2979 3561 3034 aliormn

1985 3074 2234 3129 omnium
2265 3074 2440 3129 aciem
2467 3071 2728 3144 eﬂ‘ugisse
2760 3071 2897 3146 [l3].
2929 3072 3035 3140 Qui
3065 3071 3298 3136 factum,
3320 3071 3401 3126 uti
3432 3071 3564 3127 dor-

1987 3165 2201 3220 mitaret
2237 3164 2327 3219 hic
2374 3163 2659 3220 Plutarchi
2696 3164 3025 3233 diligentia?
3052 3164 3156 3231 Qui
3199 3161 3563 3235 Porphyrium

1985 3259 2269 3327 praeterire
2292 3256 2470 3328 potuit
2500 3258 2629 3328 περὶ
2668 3258 2883 3329 ἀποχῆς
2909 3256 3174 3329 ἐμψύχων
3196 3265 3306 3312 tam
3345 3256 3566 3326 insigne
3629 3247 3634 3251 ’

1984 3349 2361 3405 testimonium
2397 3350 2667 3407 adversus
2698 3349 2810 3404 τῶν
2841 3350 3043 3404 θυσιῶν
3077 3350 3180 3414 τὰς
3211 3349 3565 3423 παρανόμους

1986 3443 2223 3514 σφαγάς,
2249 3450 2310 3498 ιιι
2338 3443 2404 3498 ad
2427 3443 2576 3499 hunc
2599 3443 2783 3498 locum
2811 3444 2889 3499 ait
2911 3441 3326 3499 Theodoritus?
3349 3440 3451 3498 Ubi
3479 3448 3561 3506 tu,

1987 3534 2236 3604 Stobaee,
2286 3537 2544 3603 cessasti,
2591 3536 2900 3593 litterarum
2935 3536 3181 3592 oblivio?
3223 3543 3306 3599 tu,
3354 3534 3449 3606 qui
3482 3543 3567 3590 tot

1987 3628 2198 3685 forulos
2218 3629 2684 3686 bibliothecarum
2710 3628 3032 3693 excussisti,
3061 3627 3356 3699 Sophoclis
3380 3636 3562 3683 autem

1984 3727 2040 3772 et
2092 3717 2375 3789 Euripidis
2419 3730 2775 3775 monumenta
2816 3718 3063 3775 studiose
3114 3727 3317 3789 praeter
3366 3728 3564 3774 uetera

1938 3876 1943 3883 ,
1986 3808 2269 3866 lectitasti.
2301 3809 2526 3865 Adeone
2546 3825 2751 3880 paucos
2798 3824 2829 3864 e
2862 3808 3153 3872 Patribus,
3190 3808 3324 3879 quid
3368 3809 3567 3865 Patres

1984 3910 2165 3955 autem
2207 3901 2371 3957 dico?
2415 3917 2663 3957 unumne
2720 3902 2959 3972 aliquem
3019 3901 3426 3965 tenebrioncm,
3471 3901 3562 3971 qui

1984 3997 2267 4066 supposita
2311 4011 2550 4066 persona
2614 3996 2814 4050 librum
2863 3994 3101 4049 ediderit
3140 3993 3224 4065 (ut
3264 4002 3322 4047 et
3357 3993 3488 4047 olim
3511 4002 3565 4046 et

1986 4088 2146 4143 hodie
2178 4088 2570 4143 nonnullorum
2598 4087 2786 4157 opinio
2813 4095 2919 4149 est.
2962 4100 3139 4156 neque
3168 4084 3307 4139 adeo
3332 4085 3562 4153 iniuria)

1982 4179 2200 4235 ceteris
2242 4180 2504 4235 omnibus
2545 4177 3016 4251 perspicaciorem
3055 4184 3111 4233 et
3155 4175 3563 4247 diligentiorem

1984 4270 2196 4327 fuisse?
2230 4270 2486 4326 Clemens
2529 4271 2676 4327 enim
2726 4279 2916 4341 aperte
2964 4276 3019 4325 et
3076 4268 3318 4338 ingenue
3363 4263 3566 4320 fatetur

1982 4362 2220 4418 Hecataei
2250 4377 2309 4418 se
2336 4362 2496 4417 fidem
2523 4369 2805 4426 secutum,
2842 4362 2987 4432 apud
3019 4362 3202 4433 ipsum
3232 4358 3564 4431 Sophoclem

312 4456 393 4500 est
421 4450 508 4501 ubi
540 4448 771 4507 Tiresiae
795 4466 1034 4520 persona
1065 4452 1252 4509 locum
1286 4451 1491 4509 habere
1518 4452 1714 4523 possit,
1741 4467 1880 4523 prte-

1985 4453 2211 4508 omnino
2238 4468 2346 4506 non
2376 4453 2594 4523 legisse.
2630 4451 2691 4505 Ὀ
2714 4451 2812 4527 μὲν
2837 4451 3134 4529 Σοφοκλῆς,
3156 4451 3233 4505 ait
3264 4450 3467 4506 Strom.
3500 4447 3561 4510 ν,

312 4545 549 4608 tet-quam
578 4555 692 4595 una
747 4539 1011 4612 TrilOgia,
1050 4542 1301 4612 (Edipus
1345 4542 1664 4614 Tyrannus,
1716 4545 1880 4600 Anti-

308 4643 464 4697 gone,
509 4640 567 4689 et
590 4631 837 4703 (Edipus
884 4633 941 4689 in
996 4633 1212 4691 Colono
1256 4652 1272 4689 :
1318 4635 1400 4691 sic
1443 4637 1595 4692 enim
1643 4638 1828 4694 sentio
1863 4654 1915 4691 εΔ

305 4722 416 4777 sive
438 4724 792 4795 tetralogiam
824 4726 1008 4793 malis,
1054 4727 1296 4796 accedo;
1328 4734 1388 4782 ut
1420 4726 1604 4785 fabula
1636 4728 1759 4803 [12]
1787 4746 1882 4786 sa-

303 4813 496 4883 tyrica,
524 4816 676 4871 sicut
697 4830 893 4873 omnes
918 4817 1169 4873 omnium
1212 4828 1415 4889 praeter
1446 4819 1741 4892 Cyclopem
1770 4821 1882 4877 Eu-

298 4904 517 4973 ripidis,
542 4906 774 4975 periisse
794 4906 1071 4963 videatur.
1104 4909 1433 4979 Quanquam
1460 4910 1611 4965 enim
1643 4910 1885 4967 affirmet

300 4994 505 5054 Suidas
525 5038 539 5062 ,
577 4998 659 5055 ὅτι
679 4999 710 5053 ὁ
747 4999 1029 5071 Σοφοκλῆς
1054 4995 1191 5071 ἦρξε
1210 5000 1306 5055 τοῦ
1329 5001 1516 5074 δρᾶμα
1535 4996 1671 5072 πρὸς
1696 5001 1884 5074 δρᾶμα

297 5090 666 5160 ἀγωνίζεσθαι
686 5132 702 5159 ,
729 5092 868 5148 ἀλλὰ
907 5094 982 5165 μὴ
1008 5094 1373 5167 ’τετραλογίαν
1395 5112 1410 5128 ·
1456 5094 1666 5155 scimus
1696 5103 1885 5153 tamen

302 5196 366 5236 ex
396 5181 727 5240 Didascaliis
750 5200 864 5240 non
896 5200 963 5241 ex
986 5187 1139 5243 omni
1174 5197 1330 5256 parte
1360 5202 1554 5244 verum
1588 5188 1693 5243 hoc
1731 5204 1878 5245 esse.

306 5268 439 5330 Vide
480 5265 655 5331 modo.
680 5277 1109 5347 Aristophanem
1150 5277 1584 5335 Grammaticqu
1610 5281 1664 5335 in
1706 5280 1883 5352 Argu-

314 5363 716 5422 mentoliedeae
770 5366 1069 5438 Euripidis.
1124 5370 1289 5439 Atqui
1335 5369 1479 5424 haud
1531 5373 1880 5428 commemini

318 5452 557 5513 Sabellam
596 5457 762 5517 istam
794 5461 861 5513 de
913 5459 1127 5516 Tiresia
1164 5461 1219 5517 in
1265 5462 1428 5518 trinis
1479 5462 1589 5517 illis
1636 5465 1879 5528 narrari,

319 5562 484 5619 neque
522 5550 598 5605 ibi
637 5551 867 5617 reperiri
910 5567 1072 5622 posse
1114 5555 1372 5611 arbitror.
1423 5552 1606 5613 Prima
1652 5555 1769 5611 haec
1798 5567 1883 5612 est

321 5652 432 5707 erga
456 5638 782 5710 Sophoclem
805 5644 1168 5703 contumelia.
1214 5644 1488 5717 Deinceps
1513 5685 1529 5710 .
1566 5645 1751 5711 Ὄυεν,
1780 5648 1879 5709 ait.

324 5725 515 5790 ιξέοετο
539 5728 813 5800 Σοφοκλῆς
848 5732 905 5786 ὲν
933 5734 1045 5796 τοῖς
1088 5734 1255 5791 αὑτοῦ
1288 5736 1684 5807 συγγράμμασι
1709 5735 1882 5792 ταῦτα

1982 4542 2060 4609 ὣς
2093 4560 2258 4617 φησιν
2302 4544 2584 4607 Ἑκαταῖος
2609 4546 2638 4598 ὁ
2662 4545 2762 4606 τὰς
2800 4544 3042 4616 ἱστορίας
3077 4543 3480 4614 συνταξάμενος
3505 4544 3565 4597 ὲν

1983 4635 2060 4707 τῷ
2089 4635 2513 4707 κατ”Αόραμον
2542 4635 2637 4689 καὶ
2671 4636 2799 4699 τοὺς
2820 4634 3175 4703 Αἰγυπτίους.
3212 4632 3349 4688 Illud
3380 4643 3563 4688 autern

1983 4727 2330 4797 exploratum
2359 4726 2536 4779 habeo
2580 4733 2693 4778 tam
2733 4740 2764 4777 a
2793 4722 3014 4780 Justino
3047 4735 3103 4779 et
3136 4725 3423 4780 Clemente
3456 4722 3563 4778 Pa-

1986 4827 2097 4873 tres
2130 4800 2271 4871 alios
2301 4816 2605 4883 accepisse,
2634 4830 2798 4885 quam
2829 4813 3110 4870 Justinum
3140 4823 3193 4871 et
3216 4813 3562 4871 Clementem

1983 4908 2351 4964 commentitii
2409 4908 2530 4976 ejus
2581 4905 2814 4963 Hecataei
2864 4908 3197 4964 auctoritate
3238 4908 3558 4964 tradidisse.

1983 5002 2154 5070 Quem
2185 5002 2250 5054 ad
2285 4999 2561 5054 hominem
2587 5000 2832 5066 demum,
2859 5011 2912 5056 et
2945 5017 3109 5072 quam
3146 5001 3305 5056 nulla
3342 5000 3446 5056 fide
3472 5016 3564 5057 res

1984 5086 2267 5156 redierit,‘
2283 5089 2457 5145 vides.
2490 5088 2653 5145 lllene
2707 5100 2767 5144 ut
2815 5088 3079 5159 Sophocli
3118 5089 3432 5147 versiculos
3463 5090 3564 5144 ali-

1983 5192 2109 5253 quot
2143 5191 2429 5237 vereretur
2460 5182 2747 5252 attingere,
2780 5184 2873 5253 qui
2902 5183 3058 5237 illum
3087 5183 3292 5251 ipsum,
3325 5195 3440 5250 quo
3465 5196 3564 5236 eos

1983 5274 2230 5337 adduxit,
2273 5272 2471 5327 librum
2515 5272 2752 5328 ediderit
2800 5273 3059 5329 simulata
3107 5286 3343 5342 persona
3381 5270 3563 5328 Heca-

1983 5365 2245 5436 tazi?lpsa
2268 5374 2533 5435 praeterea
2552 5367 2734 5421 oratio
2772 5365 2841 5421 de
2877 5382 2937 5421 se
2962 5364 3091 5420 facit
3118 5363 3406 5419 iudicium.
3440 5361 3560 5421 Non

1983 5473 2222 5530 agnosco
2240 5458 2369 5513 illud
2387 5457 2656 5529 χαλκέων,
2675 5467 2729 5512 et
2745 5457 2942 5510 πολλὸν
2961 5465 3270 5526 sumptum,
3300 5462 3360 5510 ut
3380 5456 3559 5519 aiunt,

1983 5552 2392 5615 adverbialiter.
2426 5567 2552 5609 esse
2604 5550 2844 5608 hominis
2874 5550 3074 5617 Attici,
3107 5558 3202 5605 aut
3253 5554 3307 5605 in
3359 5559 3562 5622 tragm-

1984 5645 2070 5700 dia
2136 5643 2267 5699 ferri
2332 5658 2517 5713 posse.
2571 5642 2763 5710 Qualis
2814 5643 2961 5699 enim
3014 5643 3132 5699 haec
3192 5642 3332 5699 foret
3371 5642 3562 5698 confu-

1985 5737 2066 5791 sio
2107 5736 2490 5799 dialcctorum,
2531 5743 2587 5791 et
2620 5744 2678 5790 ut
2712 5735 2787 5790 ait
2838 5737 2964 5793 ille.~
3013 5747 3230 5804 saltago
3264 5735 3565 5806 loquendi!
