3862 6318
35 410 120 472 723

35 605 132 660 ἀπὸ
166 604 459 668 Πενθέως.
518 605 633 659 Non
661 604 940 661 Pentheus
977 609 1143 671 enim,
1171 625 1358 662 verum
1396 609 1622 663 Semelae

33 712 261 753 sorores
289 696 414 750 Ἰνὼ
451 698 502 750 κ’
533 698 800 764 Αὐτονόα,
828 697 880 768 χ’
925 700 961 752 ἀ
1015 700 1368 770 μαλοπάρηος
1415 701 1622 767 Ἀγαύα

29 789 411 843 contumelias
441 789 540 842 has
577 789 627 842 ei
655 789 933 843 dixerunt.
977 789 1224 844 Bacchus
1257 793 1310 844 in
1347 792 1571 862 prologo
1606 810 1618 844 :

111 882 291 934 Ἐπεί
313 881 380 948 μ’
406 879 660 947 ἀδελφαί
704 881 928 950 μητρὸξζ
962 880 1034 946 ἂς
1067 881 1265 947 ἥκιστ’
1291 880 1482 950 ἐχρῆν

99 953 411 1004 Διόνυσον
441 952 553 1002 οὐκ
575 951 846 1018 ἔφασκον·
877 949 1028 1004 εἶναι
1060 951 1166 1003 τοῦ
1188 953 1312 1015 Διὸς

102 1019 390 1089 Σεμέλην
417 1018 486 1070 δὲ
515 1019 969 1089 νυμφευθεῖσαν
996 1021 1063 1072 ἐκ
1097 1021 1316 1085 θνητοῦ
1350 1039 1516 1089 τινος

101 1093 212 1155 Εἰς
244 1087 393 1154 Ζῆν’
420 1089 746 1156 ἀναφέρειν
776 1088 883 1156 τὴν
912 1089 1205 1157 ἁμαρτίαν
1236 1089 1477 1158 λέχους.

101 1181 238 1250 Pag.
275 1180 368 1235 58.
417 1180 474 1232 Ὁ
499 1179 610 1251 γὰρ
646 1181 954 1248 σοφώτατος
989 1181 1286 1251 Εὐριπίδης
1313 1182 1624 1252 ,ποιητικῶς

33 1273 252 1337 ἐξέθετο
275 1272 488 1344 δρᾶμα,
549 1273 626 1336 ὼς
671 1273 751 1325 ὅτι
785 1275 812 1326 ὀ
841 1274 976 1335 Ζεὺς
1006 1275 1086 1342 εἰς
1139 1273 1374 1342 σάτυρον
1403 1275 1622 1347 ἔφθειρε

35 1367 132 1434 τὴν
163 1366 492 1434 Ἀντιόπην.
524 1365 734 1419 Censeo
761 1364 1126 1434 supplendum
1166 1383 1310 1431 esse,
1351 1369 1432 1430 εἰς
1463 1369 1625 1421 σάτυ-

41 1471 129 1524 ρον
159 1454 428 1522 τρεφθεὶς
471 1453 714 1522 ἔφθειρε.
755 1455 991 1522 Pr0pter
1041 1454 1458 1510 similitudinem
1487 1462 1624 1510 duo-

40 1561 154 1600 rum
214 1547 516 1598 verborqu
550 1544 774 1608 accidit,
823 1554 881 1598 ut
914 1545 1027 1600 fteri
1063 1547 1223 1610 solet,
1264 1557 1323 1601 ut
1362 1549 1623 1603 librarius

44 1653 202 1690 unum
234 1636 546 1690 omitteret.
598 1635 768 1690 Porro
801 1637 982 1690 fahula
1024 1637 1259 1706 Antiopa
1291 1649 1626 1694 memoratur

45 1730 104 1781 ab
130 1727 444 1798 llesychio,
489 1729 727 1791 Stobaao,
761 1729 906 1782 aliis.
959 1727 1189 1783 Photius
1219 1730 1526 1798 patriarcha
1567 1731 1623 1785 itt

48 1820 236 1874 Lexico
265 1835 379 1874 ms.
411 1818 632 1888 Εὗκρας
665 1818 930 1888 εὔκρατος
959 1820 1384 1890 εὐρυϐροτοῖσιν.
1406 1821 1624 1894 Εὕκρας
1660 1843 1701 1897 Β

50 1912 98 1961 οὐ
125 1909 328 1978 γένοιτ’
362 1911 433 1962 ἂν
468 1911 660 1980 ἡδέως,
689 1911 746 1962 ὲν
779 1910 1058 1981 Ἀντιόπῃ.
1089 1910 1251 1980 Lege,
1285 1911 1502 1981 Εὕκρας
1530 1912 1621 1966 εὖ·

54 2017 256 2068 κριτος.
305 2001 514 2070 Εὐριπ.
568 2002 626 2053 ὲν
667 2001 956 2070 Ἀντιόπῃ·
989 2001 1272 2071 Βροτοῖσιν
1306 2000 1512 2072 εὔκρας
1558 2005 1619 2057 οὐ

55 2091 224 2154 γένοιτ’
250 2090 325 2143 ἂν
353 2090 554 2159 ἡδέως.
586 2090 786 2144 Suidas
814 2106 828 2143 :
863 2091 1127 2162 εὐκραὴς,
1156 2091 1278 2143 ἀντὶ
1300 2091 1396 2144 τοῦ
1425 2092 1623 2164 εὔκρα-

57 2195 145 2242 τος.
189 2181 398 2235 Scribe
449 2182 689 2252 Εὑκράς,
723 2183 802 2235 ιιιί
837 2192 988 2236 recte
1043 2182 1184 2250 apud
1212 2181 1619 2255 Etymologicon

34 2267 325 2338 'magnum.
379 2270 674 2340 Antiopant
728 2270 922 2326 Latine
979 2271 1166 2326 docuit
1208 2271 1502 2340 Pacuvius,
1558 2277 1624 2331 de

63 2359 224 2416 Greco
249 2362 542 2431 Euripidis
578 2378 902 2416 conversam
943 2362 1056 2435 [17]
1091 2364 1388 2420 citantibns
1433 2366 1626 2422 Chari-

65 2453 140 2513 sio,
170 2451 463 2515 Diomede,
500 2451 696 2504 Servio
727 2460 778 2503 et
812 2451 1087 2506 Marcello.
1123 2455 1178 2506 In
1203 2469 1311 2522 quo
1359 2456 1622 2521 admiror,

65 2543 123 2593 ait
139 2541 346 2596 Cicero
375 2543 445 2596 De
474 2543 696 2610 ﬁnibus,
717 2558 834 2594 .cnr
860 2543 910 2595 in
944 2545 1293 2610 gravissimis
1321 2547 1482 2599 rebus
1517 2562 1624 2601 non

67 2632 292 2687 delectet
316 2647 406 2686 eos
433 2634 642 2702 patrius
671 2649 876 2698 sermo,
913 2649 1038 2687 cum
1075 2635 1236 2690 iidem
1267 2637 1493 2691 fabellas
1521 2636 1626 2692 La-

6 2763 20 2769 .ν
67 2723 192 2778 tinas
247 2725 318 2778 ad
357 2726 573 2778 verbum
628 2725 697 2779 de
756 2721 962 2780 Graecis
991 2743 1287 2796 expressas
1319 2745 1425 2782 non
1469 2731 1621 2786 inviti

69 2811 244 2881 legant.
273 2812 411 2878 Quis
438 2815 582 2867 enim
618 2823 728 2868 tant
780 2817 1041 2889 inimicus
1089 2833 1228 2886 pene
1271 2820 1476 2873 nomini
1507 2822 1624 2876 Ro-

11 2926 28 2930 ·ν
76 2917 204 2956 mmo
241 2912 348 2966 est,
377 2904 471 2973 qui
509 2903 664 2958 Ennii
703 2905 972 2966 Medeam.
1005 2915 1099 2961 aut
1123 2908 1416 2978 Antiopam
1455 2909 1627 2966 Pacu-

79 2992 122 3043 vii
166 3003 392 3061 spernat
426 3002 522 3047 aut
583 2995 840 3064 rejiciat?
881 2997 975 3067 qui
1025 3013 1084 3052 se
1120 2997 1311 3052 iisdem
1347 2998 1624 3068 Euripidis

9 3094 13 3141 ς
85 3082 245 3138 tabulis
275 3085 535 3139 delectari
576 3086 746 3153 dicat,
784 3086 1012 3145 Latinas
1056 3090 1278 3146 oderit?
1309 3089 1464 3146 Nosti
1491 3092 1623 3148 illud

15 3226 18 3227 ν
85 3169 240 3236 Persii,

20 3293 26 3298 -
129 3263 254 3338 Sunt
281 3283 412 3335 quos
443 3267 813 3338 Pacuviusque
846 3280 896 3325 et
935 3288 1218 3327 verrucosa
1246 3283 1482 3328 moretur

131 3337 365 3402 Antiopa,
390 3339 646 3392 aerumnis
685 3337 777 3392 cor
805 3341 1152 3410 luctiﬁcabile
1174 3343 1338 3411 fulta.
1582 3395 1594 3408 ,

134 3423 249 3496 Pag.
288 3427 356 3481 63
380 3446 395 3481 :
422 3428 484 3480 '0
514 3427 625 3499 γὰρ
649 3429 963 3498 σοφώτατος
993 3431 1292 3504 Εὐριπίδης
1321 3435 1622 3504 ποιητικῶς

18 3567 38 3595 ,1,
95 3514 261 3580 tum:
288 3519 476 3589 δρᾶμα
505 3523 634 3589 περὶ
656 3520 751 3574 τοῦ
775 3522 1060 3587 Οἰδίποδος
1090 3525 1304 3597 καὶτῆς
1342 3526 1618 3596 Ἰοκάστης

24 3671 28 3674 ,
95 3608 159 3658 κιὶ
181 3612 270 3678 τῆς
299 3611 558 3680 Σφιγγός.
594 3611 838 3682 (Edipus
886 3622 941 3669 et
973 3613 1192 3676 locasta
1238 3617 1292 3669 in
1321 3614 1620 3672 Phoenissis

20 3764 22 3766 _
97 3697 142 3748 ad
175 3709 342 3768 partes
389 3711 704 3756 vocantur:
753 3705 883 3773 quin
916 3713 970 3757 et
1009 3703 1210 3759 ibidem
1252 3706 1320 3760 de
1378 3705 1621 3776 Sphinge

94 3788 256 3839 mentio
288 3787 346 3840 llt
375 3803 485 3842 non
511 3790 697 3844 semel.
730 3789 916 3844 Potuit
944 3792 1109 3862 igitur
1131 3793 1519 3849 Antiochensis
1551 3795 1618 3848 ad

92 3868 361 3931 thnissas
395 3879 690 3947 respicere,
737 3881 918 3948 potuit
953 3883 1017 3936 ad
1051 3881 1289 3936 fabulam
1325 3883 1616 3953 (Edipum,

81 3975 184 4030 quae
204 3969 447 4024 laudatur
473 3972 545 4026 ab
571 3970 867 4043 Hesychio,
890 3987 920 4026 a
955 3973 1171 4030 Stobaeo
1205 3975 1520 4045 aliquoties,
1551 3977 1620 4032 ab

73 4050 327 4114 Erotiano.

139 4149 243 4220 Pag.
273 4153 376 4206 88:
413 4153 531 4207 Καὶ
567 4153 705 4223 μετά
740 4155 1005 4224 Αἰσχύλον
1061 4155 1405 4210 ἐϐασίλευσεν
1437 4157 1617 4213 αὐτῶν

63 4237 189 4298 (τῶν
222 4241 538 4315 Ἀθηναίων)
579 4245 857 4314 Ἀκμαίων
884 4245 978 4316 ἔτη
1005 4246 1117 4308 δύο,
1149 4250 1278 4319 περὶ
1297 4241 1357 4301 οὗ
1393 4250 1620 4322 Εὐριπί-

51 4325 163 4398 in;
184 4335 206 4386 ὁ
229 4336 536 4404 σοφώτατος
560 4337 745 4406 δρᾶμα
770 4335 982 4401 ἐξέθετο
1001 4353 1015 4366 ·
1040 4340 1134 4392 καὶ
1160 4340 1299 4407 μετὰ
1326 4341 1617 4410 Ἀκμαίον-

85 4437 144 4473 τι
170 4424 511 4480 ἐϐασίλευσαν
534 4427 716 4480 αὐτῶν
744 4428 894 4492 ἄλλοι
919 4435 1009 4499 ιη’.
1040 4430 1249 4486 Amabo
1277 4441 1348 4495 te,
1373 4431 1613 4504 Syrisce,

1155 411 1510 469 EPISTULA
1550 411 1758 470 RICII.
1802 387 2185 474 BENTLEII.

35 529 173 568 nunc
208 523 550 583 supersunt.
595 512 727 568 Illud
756 527 936 571 autem
980 517 1238 571 mentitur
1267 515 1510 578 Malalas,
1545 518 1616 580 ὡς

1794 520 2023 589 Ποίημα
2054 523 2203 576 κατὰ
2230 521 2403 576 πάντ’
2439 562 2453 576 .
2493 562 2505 576 .

3192 419 3298 483 730

2535 564 2548 577 .
2594 525 2669 577 ἂν
2697 525 2887 579 πάλιν

1793 592 1951 656 Εῖπῃ
1973 608 2064 654 τις
2101 593 2480 658 Ἀλκμαίωνα,
2515 594 2611 645 καὶ
2642 595 2711 645 τὰ
2745 593 2948 647 παιδία

1792 658 1974 731 Πᾴντ⁹
2001 661 2181 724 εὐθὺς
2203 661 2392 729 εἴρηχ’
2423 662 2512 714 ὅτι
2529 666 2742 731 μανεὶς
2762 662 3055 718 ἀπέκτονε

1799 728 1918 796 Τὴν
1942 731 2186 797 μητέρα.

1722 860 1914 918 Cicero
1955 861 2070 935 [l8]
2105 865 2362 919 Academ.
2398 865 2454 919 2.
2489 865 2674 931 Quid?
2726 868 2844 938 ipse
2881 870 3118 924 Alcmaeo
3151 880 3299 931 tuus.

1721 955 1812 1023 qui
1847 963 2008 1025 negat
2036 971 2132 1010 cor
2171 957 2275 1010 sibi
2327 973 2452 1010 cum
2497 959 2672 1012 oculis
2725 962 3060 1022 consentire,
3117 977 3300 1015 nonne

1723 1045 1922 1100 ibidem
1955 1046 2182 1100 incitato
2213 1046 2442 1102 furore:
2479 1045 2630 1102 Unde
2681 1049 2792 1102 [nec
2837 1051 3058 1118 ﬂamma
3089 1053 3300 1108 oritur?

1721 1144 1775 1191 et
1797 1137 1886 1190 illa
1911 1136 2188 1206 deinceps,
2212 1135 2421 1201 Incede,
2449 1138 2661 1202 incede;
2692 1141 2907 1202 adsunt,
2936 1143 3168 1207 adsunt;
3197 1161 3298 1206 me,

1722 1242 1804 1280 me
1859 1237 2126 1293 expetunt.
2161 1228 2338 1294 Quid,
2391 1245 2514 1283 cum
2552 1231 2779 1296 virginis
2818 1231 2976 1285 fidem
3009 1223 3302 1301 implorat?

1725 1315 1832 1370 Fer
1863 1319 1937 1370 mi
1964 1319 2265 1380 auxilium;
2294 1329 2489 1383 pestem
2517 1320 2664 1389 abige
2709 1339 2739 1373 ο
2787 1337 2900 1384 me;
2922 1324 3302 1391 ﬂammiferam

1722 1407 1857 1462 hanc
1887 1410 1988 1462 vim
2013 1425 2130 1478 qute
2156 1425 2235 1464 me
2257 1413 2550 1464 excruciat.
2581 1411 2818 1466 eruleo
2862 1414 3104 1467 incincta:
3139 1418 3300 1484 angui

1727 1498 2012 1562 incedunt;
2057 1499 2406 1553 circumstant
2445 1517 2564 1553 cum
2617 1503 2926 1557 ardentibus
2977 1504 3150 1558 ttedis.
3193 1504 3299 1558 Sed
3385 1485 3393 1494 ’

1728 1589 1876 1659 piget
1923 1588 2167 1657 profecto
2215 1591 2268 1644 in
2298 1606 2356 1644 re
2387 1592 2696 1646 certissima
2729 1593 2960 1646 testibus
2991 1610 3148 1647 usum
3177 1611 3302 1650 esse

1725 1696 1834 1733 non
1873 1682 2222 1736 necessariis.
2267 1681 2406 1736 Illud
2465 1684 2661 1751 opinor
2699 1683 2927 1738 auribus
2973 1685 3108 1745 tuis,
3143 1684 3298 1748 Milli,

1727 1786 1923 1824 novum
1971 1773 2229 1834 accedet,
2290 1775 2560 1843 integram
2593 1774 2756 1843 hujus
2805 1774 3072 1829 dramatis
3103 1764 3304 1829 iuScri-

1729 1862 1968 1930 ptionetn
2001 1878 2122 1918 esse
2153 1862 2468 1933 Ἀλκμαίων
2485 1866 2512 1916 ὁ
2528 1863 2614 1916 διὰ
2633 1863 2893 1932 ψωφῖδος.
2917 1863 3031 1917 Nisi
3068 1862 3302 1920 fortasse

1725 1955 2004 2023 geminum
2061 1954 2422 2009 Aletnteonem
2467 1954 2757 2024 Euripides
2779 1953 3034 2019 ediderit,
3077 1963 3172 2010 aut
3203 1958 3301 2010 ite-

1725 2059 1845 2097 rum
1879 2045 2154 2109 eumdem,
2181 2053 2485 2098 correctum
2511 2045 2720 2100 scilicet
2747 2054 2799 2099 et
2825 2045 3298 2114 διεσκευασμένον.

1732 2131 2005 2203 Quidquid
2043 2144 2124 2188 est
2175 2133 2360 2202 hujus,
2392 2133 2540 2188 solus
2579 2132 2717 2188 adeo
2766 2149 2853 2188 me
2909 2134 3095 2187 docuit
3127 2132 3298 2203 Hesy-

1726 2223 1886 2276 chius
1915 2232 2124 2288 noster,
2162 2231 2216 2277 et
2249 2221 2484 2276 fortasse
2523 2223 2698 2276 solum
2741 2239 2756 2274 :
2789 2222 2948 2282 alios,
2983 2223 3073 2290 qui
3109 2223 3302 2290 depra-

1723 2323 1849 2366 vata
1882 2315 2001 2382 ejus
2027 2314 2192 2368 verba
2216 2329 2326 2367 non
2359 2321 2614 2382 poterant
2658 2311 2982 2382 intelligere,
3015 2327 3120 2366 non
3148 2314 3294 2368 item.

1737 2403 2063 2473 Ἀργαίνειν,
2099 2403 2424 2457 λευκαίνεινι
2479 2403 2780 2474 Εὐριπίδης
2819 2404 3171 2474 Ἀλκμαίωνι,
3212 2403 3299 2458 διὰ

1724 2495 1954 2565 ψηφῖδος
1989 2496 2344 2565 ἀργαίνουσα,
2385 2494 2762 2559 λεὺκαίνουσα,
2794 2495 3055 2564 φοιτῶσα.
3089 2495 3299 2552 Censeo

1726 2589 2110 2657 corrigendum
2164 2604 2288 2643 esse
2320 2606 2334 2642 :
2390 2587 2692 2660 Εὐριπίδης
2725 2587 3064 2659 Ἀλκμαίωνι
3110 2588 3188 2659 τῷ
3211 2589 3299 2641 διὰ

1724 2678 2011 2747 Ψωφῖδος·
2072 2687 2183 2732 tum
2231 2690 2417 2732 notam
2469 2679 2848 2734 distinctionis
2907 2679 3212 2749 ponendam
3259 2679 3299 2748 οξ·

1739 2767 2115 2838 Ἀργαίνουσα,
2142 2769 2520 2833 λευκαίνουσα,
2549 2769 2816 2838 φοιϐὦσα.
2846 2769 3004 2839 Παρὰ
3029 2769 3085 2822 δὲ
3109 2769 3168 2822 τὸ
3199 2770 3300 2840 ἀρ-

1725 2859 1842 2926 γὸν,
1884 2859 1959 2914 ait
1987 2860 2304 2915 Eustathius
2336 2861 2402 2914 ad
2431 2859 2688 2931 Odyssea:
2713 2861 3036 2922 secundum,
3059 2861 3158 2913 καὶ
3197 2861 3299 2930 ἀρ-

1724 2951 1922 3017 γάντες
1945 2950 2137 3020 ταῦροι
2170 2949 2323 3022 παρὰ
2349 2951 2622 3022 Πινδάρῳ,
2647 2951 2743 3005 καὶ
2764 2951 3046 3022 ἀργαίνειν
3082 2951 3144 3003 τὸ
3175 2950 3298 3004 λευ-

1725 3040 1933 3094 καίνειν
1974 3040 2106 3111 παρ’
2153 3041 2419 3112 Εὐριπίδῃ
2475 3043 2535 3095 ὲν
2589 3041 2944 3111 Ἀλκμαίωνι.
3007 3039 3133 3095 Sive
3187 3041 3298 3096 haec

1650 3168 1692 3226 ο
1728 3129 2048 3186 Eustathius
2081 3132 2148 3185 ab
2179 3130 2474 3203 Hesychio,
2502 3133 2616 3186 sive
2641 3133 2709 3187 ab
2731 3133 2839 3188 alio
2862 3131 3118 3202 quopiam
3151 3138 3297 3185 uter-

1729 3236 1835 3291 que
1867 3222 2170 3288 transtulit,
2218 3232 2444 3292 apparet
2493 3223 2640 3277 hunc
2691 3226 2871 3278 locum
2915 3238 2946 3276 a
2979 3222 3298 3292 multisjam

1729 3314 1948 3369 sarculis
1999 3314 2173 3369 fuisse
2205 3315 2582 3384 depravatum.
2639 3313 2742 3380 Qui
2791 3315 2995 3368 factum
3033 3314 3298 3381 alioquin,

1729 3413 1788 3459 ut
1811 3405 2134 3462 Eustathius
2159 3406 2440 3474 tragoediae
2473 3421 2670 3460 nomen
2707 3405 2957 3458 mutilum
2992 3404 3298 3474 protulerit,

1728 3494 1837 3549 nisi
1883 3495 2027 3565 quod
2079 3484 2365 3551 in'verbis
2414 3495 2773 3565 sequentibus
2842 3501 3095 3548 cerneret
3147 3492 3300 3545 οὐδὲν

1729 3585 1900 3654 ὑγιές.
1951 3585 2094 3641 Idem
2145 3585 2454 3656 Hesychius
2490 3603 2503 3639 :
2537 3586 2780 3655 Ἀτενής.
2816 3585 2973 3649 Ἥκω
3021 3583 3066 3636 δ’
3105 3583 3299 3652 ἀτενὴς

1726 3675 1822 3728 ἀπ’
1855 3674 2038 3730 οἴκων.
2091 3677 2388 3747 Εὐριπίδης
2458 3675 2790 3744 Ἀλκμαίωνι
2822 3674 2898 3743 τῷ
2947 3673 3033 3726 διὰ
3077 3675 3299 3741 ψοφίδος

1727 3765 2068 3820 συντείνασα.
2099 3765 2324 3836 Corrige
2363 3765 2526 3820 sodes
2565 3766 2617 3818 in
2653 3766 2797 3818 hunc
2833 3764 3049 3818 modum
3089 3781 3100 3816 :
3134 3765 3295 3832 Εὐρι-

1727 3855 1884 3926 πίδης
1954 3856 2284 3926 Ἀλκμαίωνι
2337 3857 2413 3926 τῷ
2475 3855 2562 3908 διὰ
2620 3853 2892 3921 Ψωφῖδος,
2953 3853 3292 3906 συντείνασα.

1736 3947 1976 4019 Ἀτενὴς.
2001 3947 2096 4009 ait,
2133 3957 2218 4002 est
2240 3947 2582 4007 συντείνασα,
2626 3945 2890 3999 festinans
2926 3958 3136 3997 summa
3172 3958 3294 3997 cum

1723 4043 1924 4098 virium
1976 4046 2348 4098 contentione.
2399 4042 2571 4110 Cujus
2603 4039 3023 4111 significationis
3047 4041 3292 4108 exempla

1723 4134 1871 4204 quod
1904 4134 2047 4188 haud
2071 4141 2274 4188 temere
2309 4133 2677 4202 reperiantur,
2702 4139 2986 4200 propterea
3017 4129 3168 4183 verbi
3206 4144 3289 4182 se-

1723 4225 1819 4282 des
1851 4239 1882 4278 a
1922 4225 2294 4294 grammaticis
2348 4224 2588 4278 indicata
2651 4231 2736 4279 est
2793 4222 3105 4293 Ἀλκμαίων
3150 4225 3177 4273 ὁ
3208 4221 3296 4273 διὰ

1723 4316 2000 4384 Ψωφῖδος.
2047 4305 2329 4371 Rationem
2367 4330 2533 4386 porro
2569 4315 2734 4384 hujus
2783 4313 3158 4384 inscriptionis
3188 4330 3293 4366 non

1723 4407 1813 4461 diu
1877 4422 2050 4477 neque
2107 4405 2310 4460 frustra
2383 4405 2859 4475 quaesiverit,qui
2917 4404 2968 4456 in
3034 4419 3293 4458 mentorta

96 4515 264 4569 mione
318 4517 432 4573 hac
481 4533 551 4571 an
597 4518 722 4587 joco
765 4519 931 4589 liqua,
961 4498 1011 4573 te
1061 4521 1206 4574 enim
1249 4498 1430 4576 μηκας
1459 4498 1623 4592 Mqu'e
1658 4514 1697 4567 ι)
1727 4498 1977 4553 habuerit
2035 4499 2420 4560 Alcmeonem,
2481 4512 2644 4566 quem
2709 4507 2864 4550 antea
2919 4505 3292 4550 contortorum

97 4599 380 4674 intemperiae
440 4607 759 4676 agitabant,
807 4623 932 4662 cum
985 4609 1099 4662 haec
1157 4610 1470 4665 scriberes!
1511 4611 1615 4664 ποῦ

103 4701 161 4737 τοι
205 4697 384 4765 φρένες
407 4697 850 4761 ἐκπεπότανται;
881 4696 1160 4768 Ἀκμαίων
1205 4706 1259 4751 et
1288 4699 1617 4768 ’Δκμαίοντα

112 4785 172 4838 ΡΙὌ
223 4786 523 4857 Ἀλκμαίων
567 4797 622 4842 et
689 4787 1034 4858 Ἀλκμαίωνα
1073 4788 1097 4842 ?
1131 4787 1257 4842 Muli
1309 4799 1438 4844 sunt
1489 4790 1613 4852 illa,

6 4901 10 4928 ;
111 4873 182 4924 non
223 4874 469 4932 hominis.
523 4878 713 4933 Simile
765 4886 1051 4948 peccatum
1087 4888 1191 4942 est,
1222 4879 1368 4948 quod
1425 4877 1492 4933 de
1523 4880 1618 4932 Al-

31 4995 35 5001 ι
113 4967 288 5020 “meone
326 4967 641 5022 Atheniensi
693 4969 1016 5038 tragoediam
1065 4969 1264 5023 factam
1311 4969 1614 5026 existimes.

18 5084 34 5133 γε
117 5040 332 5119 Siquidem
354 5059 440 5112 ille
466 5068 554 5114 est
580 5059 819 5113 Alcmaeo
840 5059 1096 5129 Argivus,
1114 5058 1423 5126 Amphiarai
1451 5058 1615 5121 filius,

6 5169 33 5215 ita.

122 5141 198 5206 νιῑ,
216 5148 335 5215 quod
366 5147 660 5220 Eriphylen
688 5158 918 5204 matrem
954 5139 1270 5211 occidisset,
1313 5148 1473 5203 furiis
1501 5149 1617 5218 agi-

123 5229 225 5316 ljtus
254 5247 340 5292 est.
378 5239 510 5294 Inde
535 5255 714 5296 scena:
738 5249 1118 5311 argumentum
1150 5249 1232 5295 est
1261 5240 1638 5300 accersitum“

7 5355 32 5394 ᾔ.

123 5309 324 5382 Timocles
343 5330 601 5387 Comicus
637 5351 650 5385 :

171 5415 398 5501 ἰοὺς-γὰρ
418 5423 755 5501 τραγῳδρὺς
776 5423 1029 5501 πρῷτοκ,
1049 5427 1098 5477 εί
1115 5424 1351 5501 βοιζῑει,
1377 5424 1612 5501 σκόπει,

184 5487 244 5563 Pe
263 5487 545 5558 ὠέεέλοῧσὶ
577 5487 837 5560 ἓτὰντὶιςί
855 5498 904 5548 ’ό
927 5495 1045 5561 μὲν
1075 5487 1185 5563 γὰρ
1209 5493 1295 5545 ὢν
1327 5494 1516 5559 πένης

169 5557 496 5633 ρτωχότερον
525 5565 714 5618 αὑτοῦ
755 5557 1111 5633 κἀταμαθὼίῆ
1137 5557 1244 5616 ἱὸν
1279 5557 1545 5632 Τήλεφον

171 5625 625 5706 ίθδμεῖὂνρλῆδη
654 5634 770 5706 τὴν
807 5625 1024 5706 arantur
1043 5632 1202 5706 ρᾷονῖ
1224 5625 1384 5702 φέρει
1404 5652 1416 5663 ·

188 5697 405 5772 Ογοσῶν
435 5703 502 5756 δὲ
524 5697 789 5771 μανικῶς
819 5697 1160 5772 Ἀλκμαίων
1185 5697 1505 5770 ἐσκέψατο.

97 5745 383 5832 Αιιιψίιιιιιες
426 5805 476 5825 ο..
497 5745 561 5825 ,1.
593 5813 605 5825 .
640 5745 1138 5843 Μακῖἱριόνιὲστιν
1169 5775 1205 5841 ἡ
1229 5745 1513 5842 τραξιιλρδίη

1724 4591 1980 4661 anguium
2013 4599 2066 4646 et
2089 4591 2398 4645 ardentium
2441 4591 2705 4644 taedarum
2751 4589 2976 4642 verbera
3023 4602 3292 4655 nusquam

1723 4677 2027 4732 consistere
2058 4685 2396 4748 paterentur,
2426 4677 2722 4746 aliquando
2767 4675 2985 4730 tandem
3017 4677 3083 4730 ad
3107 4692 3293 4731 sanam

1721 4777 1957 4824 mentem
1989 4771 2045 4823 in
2075 4769 2348 4839 Psophide
2371 4769 2624 4823 Arcadiae
2659 4768 2913 4824 rediisse.
2947 4766 3212 4822 Videntur
3241 4768 3294 4821 in

1718 4860 2001 4915 Arcadicis
2048 4860 2376 4916 Pausanias.
2435 4859 2546 4933 [19]
2589 4861 2996 4929 Apollodorus,
3055 4861 3152 4915 lib.
3215 4876 3294 4913 ιιι.

1730 4949 2078 5020 Ἀλκμαίωνα
2110 4951 2165 5003 δὲ
2199 4950 2462 5020 μετῆλθεν
2496 4950 2753 5021 Ἐριννὺς
2780 4951 2876 5004 τοῦ
2916 4951 3170 5022 μητρῴου
3207 4953 3298 5019 φό-

1719 5057 1829 5104 νου,
1880 5041 1974 5093 καὶ
2026 5039 2288 5110 μεμηνὼς
2336 5039 2554 5108 πρῶτον
2593 5040 2693 5110 μὲν
2723 5043 2804 5104 εἰς
2841 5043 3132 5108 Ἀρκαδίαν
3163 5041 3298 5110 πρὸς

1717 5133 1920 5186 Οἰκλέα
1956 5134 2340 5204 παραγίνεται,
2373 5132 2581 5184 ἐκεῖθεν
2629 5133 2685 5184 δὲ
2721 5133 2858 5201 πρὸς
2895 5133 3126 5200 Ψωφίδα
3161 5133 3298 5202 πρὸς

1715 5225 1934 5294 Φηγὲαο
1984 5224 2280 5294 καθαρθεὶς
2337 5223 2397 5276 δὲ
2450 5223 2541 5276 ὑπ’
2579 5223 2742 5276 αὐτοῦ
2803 5224 3087 5292 Ἀρσινόην
3127 5225 3296 5292 γαμεῖ

1715 5317 1814 5385 τὴν
1842 5316 2030 5369 τούτου
2055 5316 2352 5385 θυγατέρα.
2374 5315 2492 5368 Jam
2519 5316 2704 5370 monui
2731 5313 3139 5369 emendandum
3165 5329 3287 5370 esse

1716 5406 1945 5475 Ψωφῖδα
1981 5407 2187 5478 syllaba
2224 5407 2465 5461 secunda
2499 5405 2787 5476 producta.
2825 5403 3051 5458 Ovidius
3087 5420 3099 5455 :

1722 5495 1894 5568 Usque
1925 5498 2020 5553 sub
2058 5497 2446 5563 Orchomenon,
2489 5498 2886 5567 Psophidaque,
2915 5495 3293 5566 Cyllenenque.

1717 5587 2314 5646 Percommodeautcm
2348 5591 2436 5645 hic
2467 5590 2624 5644 locus
2669 5587 2980 5658 Apollodori
3017 5588 3070 5641 in
3096 5603 3298 5642 memo-

1720 5682 1854 5736 riam
1893 5683 2024 5737 mihi
2062 5683 2230 5737 alium
2267 5683 2482 5753 redigit,
2509 5683 2564 5736 itt
2591 5681 2734 5736 libro
2770 5681 2980 5751 primo:
3020 5680 3294 5749 qui.viros

1718 5773 1910 5828 doctos
1947 5776 1999 5827 in
2029 5790 2272 5830 errorem
2307 5775 2571 5828 hactenus
2619 5773 2832 5830 induxit
2868 5793 2880 5829 :
2920 5773 3180 5839 deinceps
3213 5780 3292 5828 ta-
