3862 6318
40 363 182 429 79B
1211 371 1565 431 EPISTOLA

1851 375 2228 435 BENTLEII.
3273 376 3376 440 73ι

147 471 488 563 Pag._106.
517 472 659 542 Περὶ
705 472 763 526 δὲ
813 475 914 545 τῆς
948 476 1238 550 Πασιφάης
1277 479 1491 545 ἐξέθετο
1513 481 1672 552 δρᾶμι

1836 493 2096 563 ttcuntur,
2154 497 2338 540 scenae
2388 489 2675 554 ponuntur
2709 484 2763 537 in
2814 482 2956 538 locis
2995 484 3353 554 disjnnctissr

55 561 415 631 Εὐριπίδης
448 564 477 615 ὁ
509 563 763 634 ποιητής.
787 563 1039 631 lnanetn,
1081 567 1215 622 tnihi
1245 569 1429 631 tretle,
1471 585 1574 639 ope

1853 561 2344 643 misimaximeqne
2397 573 2658 627 diversis.
2709 573 2825 627 Illic
2867 573 3077 628 Icarum
3106 576 3291 631 cernis
3320 586 3373 630 et

61 654 420 724 sumpserit
447 693 462 719 ,
511 656 608 725 qui
657 655 944 727 Euripidis
1000 657 1328 728 Pasiphaen
1393 663 1696 716 instituerit
1795 664 2100 735 Pasiphaen
2137 682 2150 718 :
2186 665 2239 719 in
2265 664 2482 720 Cressis
2518 665 2792 733 Aeropen.
2825 668 3020 729 Atrea,
3051 665 3372 736 Thyestem.

57 760 383 815 quaerere.
404 743 524 798 Non
548 756 758 800 temere
781 746 907 801 dico
934 756 1096 817 atque
1116 749 1370 819 equidem
1395 759 1547 806 certe
1565 753 1690 808 scio
1797 757 1896 813 Hic
1927 759 2088 828 Argis
2149 757 2543 827 Peloponnesi,
2605 756 2723 810 illic
2765 757 2818 811 in
2871 755 3032 812 Creta
3062 757 3243 812 insula
3282 775 3373 813 res

67 837 386 891 neminem
422 851 488 890 ex
520 836 894 905 scriptoribus
910 839 1146 894 vetustis
1175 839 1335 894 hodie
1369 855 1689 908 superesse,
1795 859 2055 921 aguntur.
2089 851 2496 920 Aristophanes
2519 849 2720 920 Vespis
2757 865 2769 900 ε

69 927 184 994 qui
209 927 333 978 tale
353 925 658 993 quidquam
699 927 982 982 memoria:
1015 927 1330 984 tradiderit.
1363 928 1594 999 ilesychl

1432 929 1686 999 :sychius
1901 939 2957 996 .............Τοῦτοὸὲ

77 1030 315 1080 tamen,
343 1015 556 1086 Σαρδὼ,
589 1016 686 1078 ait,
705 1017 766 1070 ὲν
787 1019 1044 1092 Πασιφάῃ
1075 1020 1133 1071 τὸ
1163 1020 1487 1090 σαρδόνιονὴ
1517 1037 1689 1092 σφρα-
1901 1011 2087 1081 ’ᾍδης
2109 1009 2405 1078 διακρινεῖ
2429 1011 2721 1078 πρότερον
2755 1009 2793 1075 ἢ
2839 1008 2937 1078 ’τὼ
2964 1007 3270 1076 πείσομᾳι.

77 1108 178 1172 τὶς
207 1106 462 1177 εἴρηται,
523 1122 684 1175 quem
721 1108 767 1162 si
807 1109 876 1162 ad
915 1108 1273 1179 Euripideam
1297 1111 1548 1166 fabulam
1593 1128 1602 1164 ι

1845 1100 1894 1153 bi
1950 1099 2308 1162 scholiastes,
2355 1100 2442 1151 Ἐν
2479 1100 2786 1169 Κρήσσαις,
2845 1098 2943 1159 ait,
2991 1096 3304 1166 Εὐριπίδου,
3339 1099 3367 1148 ὁ

87 1200 354 1267 spuisse
411 1199 689 1267 quispiam
719 1200 1038 1263 existimet,
1119 1210 1310 1256 caveat
1369 1216 1588 1267 moneo,

1840 1187 2026 1254 irpebg
2068 1187 2206 1257 πρὸς
2257 1187 2359 1258 τὴν
2426 1185 2693 1256 Ἀερόπην
2754 1189 2934 1258 κρινεῖ
2960 1185 3153 1239 ταῦτα.
3209 1187 3365 1242 Unde

89 1291 508 1344 existimationi
575 1307 690 1344 sua:
725 1291 954 1346 insidias
1005 1294 1187 1361 parari
1230 1293 1454 1362 cogitet.
1512 1293 1614 1347 Alc

1831 1275 2138 1344 erspicuum
2201 1285 2310 1340 est,
2372 1277 2427 1330 in
2485 1279 2772 1345 superiore
2804 1277 2928 1330 loco
2974 1276 3356 1346 corrigendum

91 1382 321 1450 quidem
357 1381 633 1434 couimdia
671 1380 950 1450 Pasiphae
1011 1383 1282 1452 inscripta
1317 1392 1439 1449 est,
1490 1391 1547 1436 ut
1579 1398 1616 1438 Si

1838 1381 1930 1430 ise,
1977 1367 2246 1437 ’Λερόπην
2270 1366 2368 1438 τὴν
2415 1369 2473 1420 ὲν
2497 1369 2618 1429 ταῖς
2669 1367 2976 1437 Κρήσσαις.
3024 1365 3363 1436 Porphyrius

89 1487 216 1525 mus
237 1486 308 1523 ex
349 1470 673 1524 Didascalia
703 1468 851 1524 Pluti
901 1471 1306 1541 Aristophanis
1347 1490 1360 1526 :
1402 1475 1613 1544 Ἐδιδὰχ

1839 1457 1883 1510 Ι).
1924 1473 1996 1521 tv,
2035 1457 2109 1512 De
2145 1459 2481 1513 abstinentia
2514 1477 2527 1512 :
2562 1457 2777 1526 Μικροῦ
2807 1475 2873 1526 με
2905 1457 3149 1526 παρῆλθε
3177 1458 3272 1509 καὶ
3303 1459 3364 1508 τὸ

95 1564 180 1616 ἐπὶ
205 1563 482 1632 ἄρχοντος
527 1562 920 1632 Ἀντιπάτρου.
979 1562 1486 1634 ἀνταγωνιζομένου
1534 1565 1685 1636 αὑτῷ
1785 1548 2126 1618 Εὐριπίδειον
2167 1550 2533 1620 παραθέσθαιν
2562 1551 2619 1613 ὃς
2645 1551 2769 1613 τοὺς
2811 1553 2868 1602 έν
2903 1550 3101 1622 Κρήτῃ
3121 1548 3214 1601 τοῦ
3239 1550 3364 1611 Διὸς

99 1655 447 1723 Νικοχάρους
467 1653 860 1722 μὲνΛάκωσιν.
899 1653 1392 1725 Ἀριστομένουςδὲ
1410 1657 1679 1729 Ἀδμήτῳ,
1784 1641 2400 1734 προφήῖαςλάπέχεᾲσθάί
2427 1659 2580 1734 νφητξι
2627 1640 2717 1734 ξιᾲ
2761 1639 2990 1694 τούτων·
3026 1639 3260 1734 Λέγουιῖι
3303 1639 3362 1691 δδ·

101 1745 448 1811 Νικοφῶντος
505 1745 561 1798 δὲ
621 1745 882 1803 namss.
964 1745 1214 1799 Ἀλκαίου
1275 1747 1334 1802 δὲ
1403 1749 1677 1821 Πασιφάῃ.
1782 1730 1832 1782 οἱ
1863 1730 2004 1783 κατά
2041 1731 2134 1784 τδν
2160 1732 2318 1802 Χορδν
2343 1733 2480 1802 πρδε
2511 1731 2601 1784 τὸν
2634 1732 2792 1821 Μίνω
2817 1748 2830 1760 ”

104 1833 196 1888 Sed
223 1832 521 1902 Euripidis
551 1832 864 1902 Pasiphaen
938 1849 1214 1903 nusquam
1254 1835 1513 1906 cuiquam
1559 1839 1629 1894 lat

1485 1854 1513 1888 ιι
1559 1820 1682 1894 1³η-
1715 1821 1757 1878 Β
2035 1822 2488 1906 (formator-fragm
2515 1821 2627 1873 παῖ
2650 1820 2760 1906 τῆς
2794 1821 3005 1900 Ἰξυρίας

108 1925 207 1978 dari
236 1889 516 1992 reperies.
549 1889 701 1990 Quid.
740 1925 908 1993 igitur
958 1889 1096 1980 fleti?
1127 1889 1459 1982 Numnam“

1621 1889 1650 1894 ”
2041 1892 2263 1944 Τέκνον
2285 1889 2582 1958 Εὐρώπης
2612 1891 2711 1943 καὶ
2738 1890 2844 1943 τοῦ
2866 1889 3134 1958 μεγάλου

1617 1946 1682 2026 °_'
2024 1961 2242 2026 Ζηνὸς,
2283 1961 2574 2016 ἀνάσσων
2697 1995 2699 1997 ι

109 2015 340 2075 οιιειιείε,
377 2030 514 2068 cum
545 2014 661 2068 hare
714 2016 1006 2082 scriberet,
1056 2017 1381 2074 memoriola
1406 2019 1634 2074 vacillav

1406 2019 1683 2074 vacillavit
2027 2014 2264 2096 Κρήτὴξ-
2297 2014 2875 2098 ἑκατομπτολιέθρου
2901 2043 2913 2057 ·

111 2105 448 2174 γεροντικῶς,
474 2120 544 2158 an
573 2103 862 2160 mendacio
880 2115 1110 2160 conatus
1127 2114 1213 2164 est
1232 2106 1444 2164 fallere?
1462 2107 1634 2164 Utrun

1512 2119 1686 2164 trum.
2030 2101 2184 2186 Ἦμω
2215 2099 2458 2186 ζιξὶθέους
2475 2096 2682 2186 ναοὺς.-
2705 2096 3037 2186 ξρολέπέῦν,

111 2166 216 2248 libet
276 2210 420 2306 sine
487 2195 711 2306 fecerit,
777 2195 928 2251 haud
990 2198 1293 2306 arbitrario
1351 2200 1677 2270 vapulabit:
2026 2166 3028 2306 338%.:33373’Ziagzig0:21:52???“
3031 2232 3192 2290 λέχει

113 2292 249 2352 atque
279 2284 427 2339 adeo
481 2285 694 2340 dudum
743 2294 852 2352 est,
901 2287 1494 2367 quodhomunculum
1519 2292 1638 2350 vide

2026 2271 2238 2306 μημυ
2255 2271 2352 2302 υυσ,
2395 2271 2638 2304 “up”...
2678 2271 2921 2303 μωνυγ
2953 2271 3213 2299 "suum...

2030 2309 2138 2361 Kal
2161 2306 2524 2373 ταυροδέτρῳ
2549 2305 2756 2374 κραθεῐ
2935 2373 2942 2374 7

115 2375 268 2443 σκύτη
296 2374 543 2444 βλέπειν.
584 2374 786 2431 Verum
813 2379 1001 2434 hercle
1033 2394 1357 2450 quanquam
1382 2381 1640 2436 admodm

1613 2397 1675 2437 um
2021 2379 2082 2430 27‘
2123 2376 2410 2444 ἀτρεκοῦς
2449 2373 2675 2442 cippo-be
2719 2373 3138 2443 κυπαρίσσου,

117 2480 316 2536 nupera
338 2476 421 2520 est
451 2467 598 2522 inter
623 2482 730 2522 nos
773 2469 972 2523 notitia
999 2486 1014 2534 ;
1047 2485 1136 2525 me
1187 2479 1366 2526 tamen
1398 2480 1452 2528 et
1484 2485 1676 2541 preca-
1777 2477 1968 2536 etquae
1991 2480 2312 2539 sequuntur.
2334 2466 2409 2520 Ita
2433 2467 2608 2520 locum
2632 2465 2776 2520 hunc
2793 2465 3087 2520 emendare
3117 2473 3352 2520 conatus

116 2563 278 2609 torem
321 2557 538 2610 habebit
597 2565 652 2611 et
714 2557 1063 2614 defensorem
1105 2568 1405 2629 paratum:
1445 2576 1568 2622 cum
1621 2569 1676 2617 et
1773 2569 1856 2614 est
1886 2557 2109 2614 Grotius
2154 2561 2209 2614 in
2241 2557 2356 2631 [24]
2389 2557 2674 2626 Excerptis
2702 2573 2766 2611 ex
2819 2555 3112 2610 comoediis
3147 2563 3200 2610 et
3237 2565 3348 2608 tra-

109 2646 233 2699 alias
259 2648 466 2701 soleant
513 2663 641 2703 esse
678 2649 737 2702 in
791 2650 1055 2706 amicitiis
1099 2652 1302 2710 fidelis.
1343 2653 1482 2710 Dico
1507 2656 1675 2726 igitur
1773 2651 1966 2717 gmdiis
1993 2651 2221 2705 Graecis.
2250 2649 2422 2718 Cujus
2456 2650 2836 2703 auctoritatem
2873 2646 3352 2716 Cantabrigienses

108 2735 408 2807 Euripidem
437 2740 764 2809 tragtediam
796 2741 1019 2811 quidem
1078 2744 1143 2798 de
1174 2743 1446 2815 Pasiphae
1495 2747 1674 2816 publi.-
1775 2741 1827 2795 in
1860 2742 2157 2798 novissima
2184 2739 2472 2810 Porphyrii
2515 2738 2756 2793 editione
2784 2739 2959 2793 secuti
2989 2745 3140 2791 sunt.
3176 2755 3194 2787 ι
3236 2735 3352 2791 Hoc

107 2843 266 2891 casse,
300 2831 540 2884 minime
561 2840 746 2884 tamen
785 2833 1094 2900 Pasiphaen
1165 2835 1547 2906 inscripsisse,
1575 2838 1672 2893 sed
1773 2831 2138 2901 fragmentum
2173 2830 2451 2900 Euripidis
2483 2830 2669 2900 (verba
2698 2840 2825 2884 sunt
2851 2828 3050 2895 Grotii)
3080 2831 3137 2881 ὲν
3161 2828 3354 2882 Κλεισὶ

108 2918 390 2974 Cretenses.
428 2920 543 2975 Nec
609 2930 666 2974 tu
720 2923 856 2976 mihi
919 2923 988 2978 de
1024 2925 1309 2994 Κρήσσαις
1343 2927 1446 2982 hoc
1481 2943 1674 2997 perpe-
1773 2933 1991 2978 exstare
2025 2922 2161 2976 dicit
2185 2922 2440 2984 Erotion,
2475 2929 2536 2974 ut
2568 2921 2790 2990 quidem
2827 2935 2974 2976 nunc
3016 2921 3240 2989 legitur.
3284 2921 3354 2970 At

109 3024 201 3062 ram
233 3011 532 3080 intelligas,
564 3027 688 3081 quae
715 3027 781 3067 ex
817 3013 1097 3076 Athenaeo,
1117 3015 1333 3070 Stobam
1361 3027 1415 3071 et
1457 3019 1672 3074 aliunde
1773 3030 1840 3068 ex
1872 3012 2077 3068 Cressis
2116 3029 2239 3068 esse
2275 3014 2438 3066 iacile
2471 3012 2819 3082 intelligitur,
2847 3011 2993 3081 quod
3025 3011 3189 3065 verba
3221 3021 3352 3064 sunt

112 3100 225 3152 satis
285 3100 336 3152 in
398 3100 646 3154 notitiam
679 3111 950 3156 venerunt
981 3120 995 3156 :
1031 3102 1125 3157 sed
1165 3107 1232 3159 de
1262 3105 1482 3174 'quibus
1513 3107 1672 3163 hodie
1699 3147 1744 3205 ϐ
1777 3103 1930 3156 chori
1955 3103 2022 3156 ad
2051 3102 2250 3156 Minoa.
2293 3121 2311 3154 ι
2357 3102 2465 3156 Sed
2495 3102 2702 3156 erravit
2761 3103 2818 3156 in
2859 3117 2917 3155 re
2946 3101 3052 3157 levi
3083 3103 3352 3169 graviori-

115 3187 323 3244 fortasse
354 3192 588 3258 primum
616 3190 950 3258 inandivisti,
986 3194 1200 3264 Κρησί·
1231 3195 1670 3266 quandoquidem
1701 3187 1744 3205 “
1777 3190 1903 3256 bus.
1933 3192 2157 3261 opinor.
2223 3191 2426 3246 studiis
2457 3192 2702 3246 intentus
2753 3191 2841 3246 vir
2873 3201 3040 3260 supra
3065 3205 3351 3262 compara-

118 3287 157 3332 et
205 3277 426 3334 Joannis
482 3279 728 3344 Meursii,
761 3283 854 3351 qui
899 3283 967 3338 de
1011 3285 1174 3339 trium
1229 3287 1560 3356 tragicorum
1595 3289 1675 3342 fa-
1779 3283 1979 3336 tionem
2021 3292 2190 3351 atque
2253 3283 2667 3338 tetnulationem
2730 3294 2978 3339 nostram
3031 3283 3354 3353 longissime

121 3368 240 3424 bulis
288 3379 544 3425 accurate
605 3373 959 3443 studioseque
1015 3376 1274 3444 scripsit,
1341 3379 1670 3448 diligentiam
1775 3376 2010 3444 positus.
2072 3374 2210 3428 Cum
2279 3365 2426 3429 enim
2480 3375 2537 3428 in
2597 3373 2838 3439 Cressis,
2888 3381 2948 3430 ut
2991 3375 3108 3444 jam
3159 3375 3349 3438 docui,

127 3458 414 3528 eilugerunt.
444 3461 502 3516 In
555 3463 940 3532 Aristophanis
995 3464 1166 3522 Ranis
1195 3466 1279 3522 his
1305 3469 1487 3524 verbis
1509 3485 1668 3525 com-
1772 3468 1975 3522 Atreus
2015 3474 2071 3522 et
2100 3467 2313 3537 Aerope
2379 3468 2718 3537 loquantur;
2783 3483 2949 3522 scena
2987 3476 3169 3521 autem
3229 3466 3350 3522 sine

133 3554 266 3621 pellat
292 3553 603 3624 Euripidem
625 3554 956 3626 Eschylus:
1771 3560 2156 3612 controversia
2182 3559 2255 3613 sit
2295 3561 2516 3630 Argos:
2555 3559 2646 3614 vix
2701 3569 2798 3613 aut
2846 3560 3002 3613 nullo
3031 3560 3198 3614 modo
3242 3569 3350 3622 est,

211 3659 592 3740 'gﬂ'pnttgrdg
604 3667 723 3740 per
751 3667 1071 3740 συλλέγων
1091 3670 1392 3740 μονῳδίας
1413 3713 1429 3738 ,

1827 3651 1970 3703 .haec
1997 3650 2379 3720 Porphyriana
2407 3666 2474 3704 ex
2521 3651 2715 3706 eodem
2759 3651 3012 3704 dramate
3065 3651 3232 3719 petita
3267 3649 3352 3704 vi-

215 3734 440 3800 Γὰμους
467 3735 519 3788 δ’
539 3737 832 3798 ἀνοσίους
863 3734 1162 3808 εὶοίφέρών
1186 3734 1274 3807 είς
1297 3734 1667 3811 τὴν-τέχνην.

1822 3748 2034 3794 cantur.
2092 3739 2248 3803 Quod
2283 3739 2328 3794 si
2361 3738 2507 3802 sint,
2558 3738 2804 3792 demiror
2857 3739 3110 3808 equidem
3151 3752 3253 3792 cur
3293 3739 3347 3792 in

89 3859 92 3866 .
139 3821 231 3887 Quo
253 3825 299 3877 in
341 3827 466 3881 loco
513 3827 630 3883 haec
712 3827 944 3884 adnotat
998 3831 1377 3888 scholiastes:
1427 3833 1516 3886 Ἐν
1562 3835 1670 3902 γὰρ
1771 3831 1935 3886 Creta
1967 3829 2148 3884 Minos
2185 3844 2312 3883 cum
2351 3829 2436 3884 his
2480 3828 2864 3882 sacerdotibus
2908 3843 3217 3885 sermonem
3261 3828 3350 3884 in-

139 3917 221 3977 τοίς
246 3919 466 3984 Κρησὶν
514 3921 734 3990 Ἴκαρον
801 3921 1146 3991 μονῳδοῧντα
1197 3924 1445 3996 ἐποίησε,
1495 3925 1589 3979 καὶ
1620 3927 1664 3978 oi

1826 3925 1982 3978 ituat.
2015 3921 2148 3988 Quae
2177 3922 2322 3976 enim
2355 3920 2446 3996 ha:
2471 3919 2802 3989 praestigiae?
2856 3920 3188 3988 quibusnam
3232 3936 3349 3973 ma-

145 4004 217 4071 μὲν
239 4009 305 4069 εἰς
327 4008 424 4079 τὴν
459 4009 674 4081 Ἰκάρου
742 4013 1009 4083 μονῳδίαν
1059 4013 1173 4086 [25]
1213 4017 1271 4069 ὲν
1297 3994 1413 4077 τοῖς
1452 4017 1664 4084 Κρησὺ

1825 4014 1954 4068 linis
1984 4013 2102 4068 haec
2135 4011 2247 4065 ἄνω
2280 3994 2374 4064 καῖ
2408 4008 2598 4063 κάτωῗ
2627 4007 2904 4062 Eademne
2933 4009 2989 4061 in
3024 4007 3207 4061 fabula
3234 4016 3343 4061 tam

143 4094 424 4168 Θρασύτερον
443 4099 552 4172 γὰρ
588 4102 739 4155 δοκεῖ
765 4103 828 4156 τὸ
858 4104 1173 4174 πρόσωπον.
1231 4105 1588 4168 Ἀπολλώνιος
1609 4107 1667 4160 δὲ

1827 4105 1964 4158 ienaz
1997 4103 2280 4158 historiae?
2331 4101 2607 4173 duplexne
2637 4114 2825 4163 scena,
2855 4107 2909 4155 et
2939 4099 3192 4171 geminus
3220 4099 3346 4154 cho-

140 4187 200 4238 ὃτι
214 4188 411 4244 δύναται
444 4192 541 4244 καὶ
566 4193 648 4255 εἰς
677 4193 776 4262 τὴν
813 4175 1082 4264 Ἀερόπην
1111 4195 1211 4266 τὴν
1261 4197 1318 4249 ὲν
1363 4200 1474 4260 τοῖς
1511 4199 1663 4270 Κρή-

1822 4195 1902 4250 is?
1926 4194 2084 4249 Modo
2115 4194 2334 4248 Cretam
2375 4199 2714 4262 spectemus,
2733 4190 2898 4244 modo
2925 4189 3132 4257 regiam
3149 4188 3347 4244 Atrei?

141 4290 230 4338 ταις
265 4279 525 4348 είρῆσθαι,
573 4282 639 4351 ἣν
677 4283 940 4354 εἰσήγαγε
984 4285 1374 4354 πορνεὺουσαν.
1417 4284 1584 4358 Οἶμαι
1610 4289 1666 4340 δὲ

1827 4289 1933 4343 odo
1966 4288 2174 4342 chorus
2214 4285 2417 4352 virilis,
2464 4284 2672 4356 Mystae,
2713 4285 2962 4353 inquam,
3015 4279 3139 4336 Idaei
3169 4279 3344 4346 Jovis,

140 4361 273 4417 διὰ-ιὰ
297 4367 352 4418 ὲν
379 4368 455 4438 τῷ
480 4369 678 4441 Αἰόλῳ.
737 4373 1042 4443 Τιμαχίδας
1104 4376 1161 4430 δὲ
1215 4377 1305 4431 διὰ
1337 4378 1437 4450 τὴν
1473 4381 1530 4431 ὲν
1553 4381 1665 4442 τοῖς

1829 4380 1934 4434 odo
1960 4394 2088 4448 grex
2125 4378 2455 4432 feminarum
2488 4375 2553 4429 ad
2573 4383 2758 4446 partes
2776 4375 2995 4430 veniat?
3037 4373 3170 4428 lude
3199 4374 3345 4430 enim

142 4455 285 4522 Κρησὶ
311 4459 452 4528 μίξιν
476 4463 796 4532 Πασιφάης
823 4467 961 4537 πρὸς
1005 4469 1097 4521 τὸν
1142 4469 1364 4540 ταῦρον.
1413 4473 1666 4527 Absolvi-

1829 4469 1956 4524 bula
1984 4469 2237 4539 Κρῆσσαι
2266 4482 2468 4536 nomen
2503 4467 2736 4536 accepit,
2767 4466 2916 4537 quod
2957 4466 3013 4519 in
3047 4481 3109 4520 ea
3141 4465 3348 4519 chorus

144 4561 248 4613 unus,
279 4553 491 4619 opinor.
557 4553 826 4610 Joannem
872 4559 942 4612 ab
994 4561 1144 4614 omni
1176 4563 1499 4632 suspicione
1534 4579 1661 4633 pec-
1769 4562 1840 4617 sit
1870 4561 2160 4616 mulierum
2191 4560 2568 4621 Cretensium,
2603 4558 2859 4613 videlicet
2909 4572 3032 4626 quae
3067 4555 3342 4624 Aeropem

143 4637 420 4726 ratiznunc
449 4652 506 4698 et
535 4644 666 4700 huic
716 4648 1008 4703 scholiasti
1042 4654 1376 4720 patrocinari
1420 4663 1656 4726 oportet.
1767 4669 1798 4709 e
1826 4654 1988 4708 Creta
2022 4655 2296 4710 comitata:
2329 4661 2478 4707 sunt.
2535 4649 2783 4706 Similem
2837 4652 2907 4704 ob
2948 4663 3176 4703 causam
3221 4647 3342 4699 Φοί-

145 4724 226 4782 Non
245 4732 368 4788 enim
389 4733 629 4790 deerunt
655 4737 774 4805 qui,
797 4741 1118 4811 pervulgata
1156 4742 1242 4798 via
1274 4724 1657 4814 quorumdam,

1820 4761 1966 4807 σσαι,
1999 4746 2272 4816 Τρωάδες,
2311 4743 2620 4814 Τραχίνιαι,
2678 4742 2798 4796 alia:
2820 4741 2959 4795 bene
2996 4739 3181 4793 multm
3226 4739 3343 4792 suis

150 4819 208 4882 (Illi
227 4836 498 4891 germanos
522 4840 583 4880 se
608 4836 809 4896 putant
834 4843 961 4884 esse
980 4831 1359 4896 Aristarchus,
1389 4837 1660 4904 extemplo
1764 4834 2052 4892 vocabulis
2106 4834 2488 4887 nominantur.
2547 4830 2660 4887 Nec
2716 4843 2918 4897 tamen,
2949 4827 3095 4900 quod
3135 4827 3342 4882 chorus

150 4921 216 4974 Pro
260 4918 414 4973 verbo
463 4920 653 4990 Κρησὶ
707 4923 1056 4979 contendent
1098 4941 1222 4981 esse
1282 4929 1656 4996 reponendum
1765 4927 1837 4982 sit
1894 4925 2266 4987 Cretensium,
2299 4923 2508 4978 idcirco
2553 4936 2782 4978 necesse
2839 4931 2944 4986 est,
2987 4931 3046 4976 ut
3092 4920 3145 4974 iu
3179 4918 3343 4974 Creta

151 4997 393 5075 Κρήσσαις.
437 5007 784 5064 Ρθιεοιεηιίιη
847 5020 1054 5076 tamen,
1103 5023 1158 5067 et
1223 5016 1653 5088 aliquantisper,
1763 5033 1928 5074 scena
1957 5017 2030 5070 sit
2065 5016 2288 5086 posita:
2327 5013 2546 5085 quando
2570 5025 2625 5070 et
2649 5015 2704 5069 in
2732 5013 3038 5068 Phoenissis
3079 5027 3168 5067 res
3197 5010 3334 5064 The~

152 5105 234 5161 οτο,
263 5115 460 5155 manum
486 5103 837 5170 abstineant;
863 5106 992 5160 dum
1035 5107 1294 5164 tribunos
1334 5109 1521 5172 adeam
1559 5111 1655 5179 qui
1762 5109 1846 5163 bis
1875 5116 2154 5177 aguntur;
2190 5107 2420 5160 chorum
2454 5116 2634 5160 tamen
2701 5108 3046 5161 constituunt
3079 5103 3339 5155 mulieres

155 5179 429 5247 intercedant
479 5201 650 5249 tantae
679 5195 994 5250 temeritati.
1054 5196 1200 5254 Ecce
1245 5199 1444 5258 iterum
1490 5201 1654 5256 scho-

1813 5199 1937 5269 yritP
1963 5216 1976 5251 :
2005 5196 2203 5269 Τύριον
2232 5191 2395 5266 οἶδμα
2419 5195 2634 5249 λιποῦσ⁹
2665 5196 2795 5250 ἔϐαν
2836 5191 3144 5264 Ἀκροοίνια
3174 5191 3338 5260 Λοξίᾳ

157 5273 290 5335 liastes
315 5283 373 5338 ad
408 5285 524 5340 haec
551 5288 721 5343 verba
751 5288 1150 5359 Aristophanis
1178 5307 1191 5342 :

1816 5289 2046 5351 miscet;
2109 5287 2217 5340 ἀπὸ
2280 5288 2463 5342 νάσου.
2531 5287 2638 5344 Sed
2694 5287 2825 5358 quiti
2873 5282 3341 5351 tergiversatnur?

341 5394 519 5455 ’A—u‘v
556 5392 604 5450 ὦ
641 5398 892 5465 Κρῆτες,
931 5401 1089 5467 Ἴδης
1120 5401 1303 5456 τέκνα
1759 5381 1866 5435 SC“

1808 5381 1974 5434 cimus
1992 5381 2244 5449 Aeropen
2257 5379 2438 5435 Catrei
2459 5377 2632 5435 fuisse
2649 5380 2836 5442 tiliam,
2863 5375 3064 5430 Minois
3083 5379 3297 5439 neptem
3318 5389 3333 5432 :_

335 5467 404 5542 Τά
431 5467 578 5530 τόξα
606 5461 898 5536 λαέὀντὲξ
923 5461 1283 5540 ἐπαμύνατε.
1759 5483 1813 5525 et
1845 5489 1860 5525 (

1806 5489 1813 5525 μ
1845 5486 1955 5542 quo
1983 5481 2226 5540 tempore
2256 5485 2346 5526 res
2368 5471 2450 5526 ha:
2473 5481 2768 5527 transacta:
2805 5479 2959 5540 sunt,
2981 5466 3102 5534 jam.
3139 5461 3230 5516 ditt
3265 5464 3331 5516 li-

157 5535 406 5619 Ταῦτα,ἑῑι,
445 5557 594 5626 παρά
640 5557 707 5610 τὰ
757 5559 822 5611 ὲκ
866 5535 1113 5628 Κρητῶν
1147 5560 1458 5632 Εὐριπίδου.
1515 5564 1648 5618 Bina

1805 5579 1918 5618 eros
1941 5563 2272 5631 suscepisse.
2321 5561 2604 5634 Siquidem
2645 5565 3108 5632 Agamemnonem
3142 5569 3195 5614 et
3219 5555 3330 5612 Me-

161 5638 336 5702 proiecto
360 5648 753 5702 suntdramata
823 5651 1040 5720 Κρῆτες
1073 5659 1128 5707 et
1159 5653 1446 5724 Κρῆσσαι,
1480 5671 1648 5727 argtt-
1759 5657 1976 5712 uelaum
2008 5656 2148 5726 patri
2208 5657 2380 5712 fuisse
2412 5657 2664 5712 conscios
2693 5661 3150 5714 commemorant,
3205 5668 3331 5705 rum

173 5741 296 5786 nento
321 5740 462 5810 longe
490 5739 772 5796 dissimili.
810 5741 1064 5822 Persona:
1113 5745 1342 5802 omnino
1397 5746 1519 5802 alite
1567 5748 1646 5803 in-
1757 5763 1968 5803 uenam
2025 5747 2167 5801 illaut
2227 5744 2446 5804 feralem
2517 5746 2769 5822 Thyesta:
2827 5754 3143 5821 apponeret.
3209 5743 3324 5806 Non
