3862 6318
573 423 681 487 735

1446 424 1545 484 DE
1581 423 1902 485 JOANNIS
1931 425 2250 486 MALAL/E
2297 429 2946 493 Cl‘IRONOGRAPHIA

3709 443 3784 504 73

573 548 705 604 ergo
742 531 810 586 de
837 531 1021 586 Minoe
1072 545 1281 601 proavo
1320 534 1483 604 longa
1519 535 1798 590 dubitatio
1836 545 1942 600 est,
1971 537 2104 608 quin
2134 553 2164 592 e
2195 550 2236 600 Α
2267 538 2484 597 Latinis
2510 543 2733 612 quidem
2767 542 2994 614 legitimi
3030 551 3159 598 sunt
3191 545 3457 601 numeri?
3508 546 3560 600 in
3595 557 3780 608 secanto

575 638 806 680 numero
831 624 1078 678 vivorum
1114 624 1324 693 pridem
1357 637 1484 682 ante
1522 628 1846 684 escesserit.
1877 628 1990 684 lmo
2027 645 2156 685 vero

575 733 604 769 a
649 714 866 769 filiabus
902 715 1088 769 Cocali
1129 717 1440 774 trucidatus
1472 728 1580 785 est,
1633 721 1679 776 si
1737 720 1971 776 Eusebio
1999 721 2155 790 ﬁdes,

574 807 726 876 prius
753 807 979 863 circiter
1032 807 1309 876 triennio;
1354 811 1476 872 sed,
1514 812 1820 866 secundum
1862 814 2156 869 exactissi-

574 913 716 951 mam
773 899 1047 956 rationem
1118 900 1378 959 Gulielmi
1453 903 1653 959 Lloidii
1723 905 1970 976 episcopi
2015 908 2154 962 Asa-

572 989 825 1057 phensis,

575 1077 690 1151 [25]
738 1079 998 1148 Ἀνδρὸς,
1036 1081 1109 1135 ὃν
1141 1083 1266 1135 οὔτ’
1297 1084 1492 1137 αἰνεῖν
1516 1085 1674 1139 τοῖσι
1711 1087 1949 1142 κακοῖσι
1967 1087 2152 1157 θέμις,

571 1180 702 1227 ante
724 1174 886 1227 annis
910 1173 1110 1228 solidis
1145 1184 1381 1244 quatuor
1415 1185 1468 1231 et
1505 1178 1725 1247 viginti,
1755 1196 1922 1250 quam
1953 1181 2154 1236 Atreus

571 1279 801 1334 regnum
837 1271 1174 1333 capesseret.
1204 1266 1381 1332 Quam
1424 1268 1498 1321 ob
1547 1284 1660 1322 rem
1692 1269 1835 1324 haud
1871 1273 2033 1326 facile
2060 1288 2154 1341 pa-

572 1353 701 1416 tior,
733 1361 793 1406 ut
827 1362 1090 1423 corrupta
1141 1355 1232 1408 illa
1269 1357 1434 1410 verba
1471 1357 1718 1413 Erotiani
1762 1361 2062 1431 Εὐριπίδης
2096 1366 2154 1415 ὲν

568 1441 762 1494 Κλεισὶ
824 1442 1002 1512 magis
1061 1444 1346 1511 magisque
1392 1459 1422 1498 a
1481 1444 1678 1500 Grotio
1736 1447 2149 1515 depraventur:

569 1531 690 1594 sed,
722 1531 872 1599 quod
927 1531 996 1585 ad
1031 1533 1305 1603 vulgatam
1349 1536 1640 1591 lectionem
1699 1540 1950 1607 proxime
1989 1554 2152 1594 acre~

566 1620 670 1680 dit,
706 1630 900 1674 auctor
926 1637 1048 1676 esse
1072 1625 1270 1687 ausim,
1309 1634 1366 1677 ut
1393 1629 1617 1694 posthac
1662 1629 1720 1680 ὲν
1746 1631 1940 1697 Κρησὶ
1977 1631 2151 1684 corri-

566 1701 848 1780 gatur.lta
887 1719 1062 1765 totum
1103 1715 1207 1767 erit
1236 1717 1466 1786 simplex
1505 1726 1558 1772 et
1598 1734 1790 1785 unum,
1822 1721 2008 1774 omnia
2044 1721 2150 1776 sibi

565 1801 926 1866 constabunt,
963 1803 1213 1872 belleque
1265 1808 1600 1863 convenient
1631 1824 1644 1862 :
1679 1808 1880 1875 Minos,
1944 1811 2150 1866 chorus

2260 646 2421 686 versu
2447 634 2792 700 quas.prisca
2827 635 3014 690 domos
3057 635 3202 689 dedit
3243 636 3498 707 indigena
3531 640 3778 716 tribrachys

2256 729 2341 777 est
2375 722 2498 777 loco
2541 726 2801 794 anapaesti
2834 727 2918 782 vel
2977 728 3365 799 cujuscunque
3419 731 3572 799 pedis
3603 749 3778 803 quatuor
3810 739 3811 754 ‘

2261 817 2594 880 temporum.
2627 813 2783 879 Quod
2811 815 3008 871 vitium
3048 832 3346 873 commune
3377 817 3571 874 Grotio
3597 832 3665 876 est
3694 842 3776 879 cum

2253 901 2370 957 Jos.
2409 903 2708 976 Scaligero,
2742 905 2892 963 Flor.
2957 908 3298 976 Christiano,
3334 912 3776 986 aliisque,opinor.

2255 995 2515 1050 omnibus
2546 997 2638 1066 qui
2669 999 2876 1054 saeculo
2901 998 3009 1055 hoc
3044 1010 3100 1056 et
3160 1003 3464 1074 superiore
3508 1007 3587 1058 vel
3633 1017 3778 1078 tragic-

2254 1083 2376 1138 dias
2402 1084 2622 1142 Graecas
2652 1085 2848 1144 Latine
2893 1098 3206 1155 verterunt,
3235 1093 3324 1146 vel
3359 1092 3472 1162 ipsi
3503 1095 3776 1166 scripserunt

2256 1190 2425 1231 novas
2449 1196 2463 1229 :
2485 1179 2690 1247 quibus
2715 1181 2962 1236 solemne
2990 1191 3077 1237 est
3095 1193 3414 1253 anapaestos
3449 1201 3580 1242 suos
3608 1193 3772 1256 passim,

2255 1267 2348 1320 ubi
2385 1269 2538 1322 nulla
2565 1271 2817 1326 clausula
2849 1283 2936 1328 est
2959 1289 3137 1344 neque
3162 1276 3608 1346 interpunctum,
3634 1281 3774 1336 tribn~

2254 1358 2341 1411 chi
2375 1361 2457 1412 vel
2515 1360 2756 1417 trochaeo
2793 1363 2878 1418 vel
2933 1367 3136 1420 cretico
3163 1369 3514 1434 terminare;
3552 1371 3624 1423 vel
3655 1376 3772 1426 etiam

2252 1449 2454 1512 vocali,
2493 1460 2588 1504 aut
2618 1452 2801 1507 littera
2837 1453 2884 1506 M
2918 1455 3097 1522 linire,
3131 1474 3292 1514 versu
3331 1460 3586 1529 proximo
3611 1463 3668 1516 ab
3699 1469 3769 1519 alia

2253 1540 2432 1592 vocali
2475 1542 2560 1594 vel
2604 1541 2645 1594 ll
2692 1544 3009 1613 incipiente.
3041 1547 3257 1604 Scilicet
3286 1551 3464 1603 etiam
3509 1552 3594 1606 hic
3617 1565 3664 1606 ut
3682 1559 3770 1608 aliti

2253 1639 2587 1699 postremam
2647 1635 2702 1688 in
2757 1652 2917 1692 versu
2979 1641 3242 1709 syllabam
3301 1659 3646 1699 communem
3689 1665 3770 1703 ρει(

2252 1720 2685 1779 arbitrabantur.
2717 1725 2811 1780 Nae
2845 1728 2959 1796 isti,
2989 1730 3035 1784 si
3060 1732 3191 1785 olim
3218 1743 3411 1788 stante
3446 1750 3505 1787 re
3532 1735 3689 1790 Graeca
3714 1743 3770 1792 vel

2253 1811 2498 1869 Romana
2539 1830 2670 1872 suas
2737 1817 2948 1876 fabulas
2998 1822 3327 1889 edidissent,
3371 1826 3569 1882 sibilis
3603 1837 3649 1881 et
3669 1830 3768 1882 κλω-

565 1901 903 1961 mystarum,
930 1893 1226 1965 Pasiphae,
1274 1897 1483 1954 Icarus.
1526 1899 1644 1954 Non
1693 1916 1836 1972 opus
1868 1903 1971 1958 erit
2001 1904 2142 1958 κλὼ-
2180 1881 2220 1934 Β
2249 1905 2410 1972 γμοϊς
2449 1920 2666 1971 escena
2699 1909 2910 1976 explosi
2953 1911 3207 1968 fuissent.
3249 1881 3370 1969 Non
3427 1881 3572 1970 enim

565 1981 682 2036 θειν
705 1983 772 2036 τὰ
795 1984 1180 2065 ἀσύγκλωσταε
1230 1987 1446 2052 Restat,
1481 2001 1539 2044 ut
1589 1991 1656 2047 de
1680 1992 1784 2046 loci
1823 1993 1989 2063 hujus
2018 1993 2148 2050 Por-

565 2072 817 2141 phyriani
851 2074 1007 2128 miris
1047 2075 1266 2144 quidem
1303 2077 1480 2133 modis
1510 2079 1759 2136 mendosi
1787 2081 2024 2138 lectione
2047 2098 2140 2138 ac-

564 2171 778 2226 curate,
812 2173 1079 2232 quantum
1117 2167 1170 2220 in
1229 2169 1386 2223 nobis
1413 2178 1517 2236 est,
1560 2179 1616 2226 et
1652 2173 1924 2242 exquisite
1952 2173 2142 2245 dispu-

561 2260 742 2309 temus
778 2273 791 2309 :

739 2345 1150 2423 :l‘lxmfaﬂéou;
1183 2351 1346 2423 ναοὺς
1381 2352 1683 2423 προλιπὼν.

734 2413 840 2494 ρῦς
859 2415 1150 2494 αὐθιγενὴς
1175 2413 1444 2494 “cunei-gica
1462 2423 1602 2494 Δδρῦς
1626 2413 1704 2494 (a)

740 2484 1298 2562 Evsyavobgﬁapékst
1314 2484 1562 2562 Χαλύόῳ
1584 2484 1826 2561 λπέλέκει,

734 2554 845 2631 Eat
875 2554 1329 2631 ταυρρδέτρῳξ“(ὺ)
1355 2554 1580 2631 κραθεῖ-

732 2619 788 2672 Σ’
819 2619 1084 2694 ἀτρειίοῦς
1108 2619 1416 2699 (ὲ)’ἁρμοὺξ
1447 2635 1813 2704 κυπαρίσσου.

555 2727 690 2795 Quae
723 2729 798 2785 ita
820 2735 987 2790 vertit
1010 2735 1096 2790 Cl.
1129 2735 1352 2793 Grotius
1383 2755 1396 2790 :

731 2843 902 2924 §ncra
931 2848 1697 2924 ad_venio_templarelinquens
1729 2873 1750 2912 :

732 2915 881 2994 Quas
925 2915 1323 2994 priscaaomos
1359 2923 1503 2994 dedit
1535 2915 1782 2994 indigena

732 2988 974 3051 Quercus
1000 2987 1240 3059 Chalyba
1272 3001 1416 3045 secta
1448 2987 1688 3058 bipenni,

746 3059 1140 3132 Tauriquesibi
1162 3060 1362 3128 glutine
1383 3062 1616 3132 jungens

732 3125 806 3180 De
845 3125 966 3181 vera
993 3129 1138 3198 tigna
1163 3125 1440 3198 cupressu.

554 3191 709 3276 ll’aud
748 3221 824 3274 ita
863 3221 1046 3276 facere
1077 3222 1240 3277 debet
1263 3224 1356 3291 qui
1392 3225 1711 3295 interpretis
1752 3245 1976 3285 munere
2018 3232 2133 3287 fun-
2162 3225 2203 3282 C

550 3315 719 3381 gitur.
750 3310 932 3366 Nolim
973 3327 1099 3366 eum
1135 3313 1188 3366 in
1223 3316 1445 3369 caeteris
1505 3319 1731 3386 scriptis
1754 3321 1943 3375 eodem
1973 3327 2130 3378 modo

552 3400 953 3469 indiligentem.
989 3399 1143 3457 Unde
1185 3404 1331 3457 enim
1405 3405 1574 3474 ἀρμοὶ
1615 3417 1744 3462 sunt
1785 3411 2128 3482 tigna?qnid

550 3491 658 3546 ista
685 3493 789 3546 sibi
824 3492 940 3546 vult
965 3509 1086 3547 vera
1113 3497 1447 3564 cupressus?
1471 3499 1781 3568 Curspreta
1807 3512 1892 3556 est
1913 3507 2129 3575 vulgata

549 3581 846 3652 Porphyrii
885 3583 1052 3636 lectio
1085 3585 1514 3654 ἁτρεκεῖςῖϐιιι·
1555 3587 1803 3644 Erotiani
1829 3595 2128 3649 auctoritas

547 3674 858 3742 repudiata,
891 3675 982 3743 qui
1037 3675 1218 3729 locmn
1257 3677 1405 3732 hunc
1437 3679 1558 3734 ideo
1607 3683 1818 3746 citavit,
1855 3690 1916 3737 ut
1942 3693 2128 3739 osten-

511 3797 522 3800 -
548 3765 703 3818 deret
729 3765 983 3834 ἀτρεκετς
1023 3767 1207 3837 ἁρμὰς
1229 3784 1340 3823 non
1361 3770 1675 3841 signiﬁcare
1702 3773 1922 3844 ἀληθεῖς
1956 3793 2122 3840 uerus,

547 3853 642 3909 sed
677 3856 952 3925 ἀκριϐεῖς,
991 3868 1172 3912 arcta;
1231 3875 1426 3930 nempe
1463 3873 1511 3915 et
1565 3873 1783 3918 exactas
1825 3882 2121 3936 compages.

546 3946 682 4015 Ejus
749 3949 914 4002 verba
971 3958 1103 4004 sunt
1163 3945 1322 4006 ha-e:
1360 3953 1472 4005 Kal.
1515 3954 1814 4026 Εὐριπίδης
1851 3959 1908 4010 ὲν
1936 3958 2124 4012 Κλεισί

547 4035 676 4104 (leg.
699 4036 901 4106 Κρησί)
923 4053 1108 4107 φησιν.
1135 4039 1295 4092 ’Ἥκω
1325 4038 1600 4106 ζαθέους,
1648 4052 1782 4109 etc.,
1804 4047 2124 4113 κολληθεὶς

541 4126 810 4193 ἀτρεκεῒς
837 4127 1032 4196 ἀρμάς
1057 4145 1070 4159 ·
1103 4129 1206 4181 οὐκ
1231 4125 1386 4183 εἶπεν
1425 4130 1701 4200 Ἀληθεῖς
1746 4135 1962 4204 ἀρμὰς.
2007 4139 2122 4194 ἀλλ’

540 4216 821 4284 ἀκριϐεῖς.
861 4219 954 4273 Sic
984 4221 1380 4289 corrigendum
1415 4237 1538 4278 esse
1571 4223 1731 4280 facile
1775 4227 2000 4296 videbit,
2031 4230 2120 4286 cui

541 4307 607 4359 ad
635 4324 856 4361 inannm
881 4317 966 4362 est
1021 4311 1322 4367 Erotianus
1363 4315 1571 4385 :vulgo
1621 4317 1768 4370 enim
1809 4333 2118 4389 perperam,

538 4400 960 4469 ἀλλ’ἀτρεκεῖς.
999 4405 1264 4474 Apagesis
1324 4414 1505 4461 autem
1569 4409 1861 4468 barbarum
1905 4415 2034 4471 illud
2065 4427 2120 4472 et

539 4489 806 4544 solcecum
843 4491 958 4565 [26]
988 4496 1357 4568 ταυροδέτρῳ,
1405 4514 1517 4569 quo
1571 4501 1739 4558 verbo
1785 4505 1972 4562 nullus
2021 4525 2120 4562 un-

537 4599 702 4652 quam
751 4586 987 4655 scriptor
1053 4598 1140 4643 est
1191 4606 1348 4656 usus,
1395 4603 1491 4647 aut
1541 4609 1641 4664 per
1673 4597 1978 4669 analogiam
2041 4602 2120 4656 uti

491 4677 761 4746 ~pnterit.
793 4678 936 4745 Quin
993 4682 1159 4736 etiam
1211 4692 1269 4738 et
1324 4686 1507 4741 versui
1579 4690 1892 4744 consultum
1957 4706 2124 4762 opor-

536 4767 658 4820 tuit.
697 4769 832 4833 Quis
870 4774 1039 4834 enim,
1071 4774 1200 4843 qui'
1231 4791 1342 4830 non
1393 4778 1736 4849 negligenter
1780 4781 1835 4834 in
1895 4782 1979 4838 bis
2026 4783 2119 4837 lit-

537 4858 672 4911 teris
726 4870 981 4916 versatus
1027 4874 1132 4925 est,
1174 4865 1308 4920 illud
1364 4870 1590 4924 omnino
1645 4871 1884 4940 probare
1944 4875 2118 4943 possit

533 4946 642 4998 Καὶ
670 4949 1014 5022 saepsit-Erga)
1041 4955 1238 5023 xp’aOsi
1269 4986 1336 4996 -—-
1367 4957 1666 5014 dimetrum
1713 4962 1930 5018 scilicet
1992 4965 2113 5019 bra-

533 5037 1020 5106 chyeataleetmn,
1087 5054 1145 5098 ut
1195 5048 1443 5114 proxime
1511 5060 1639 5106 ante
1717 5057 2106 5121 parmmiacnm

532 5129 736 5180 veniat.
788 5128 1012 5184 Aliirmo
1088 5135 1184 5189 tibi
1252 5139 1527 5195 neminem
1616 5158 1786 5196 unum
1840 5146 2107 5216 tragicqu

531 5217 878 5288 cornicumvc
927 5221 980 5301 in
1045 5238 1111 5278 eo
1168 5225 1292 5281 loco
1351 5227 1454 5282 hoc
1519 5238 1754 5284 tnetrutn
1807 5233 2112 5302 adhibere;

532 5309 707 5362 multo
733 5309 897 5363 etiam
935 5313 1140 5379 minus,
1174 5317 1319 5384 quod
1375 5316 1621 5374 Erotiani
1659 5322 1937 5392 scriptura
1977 5342 2114 5381 con-
2157 5395 2160 5397 _

529 5400 712 5454 stituit
741 5403 852 5456 Καὶ
880 5407 1192 5478 ταυροόἐτῳ
1249 5410 1552 5482 κολληθείς.
1595 5411 1735 5478 Quid
1769 5417 1914 5485 quod
1950 5432 2020 5473 ne
2058 5418 2112 5472 in

2249 2005 2313 2046 ea
2344 1991 2561 2046 licentia
2589 1997 2883 2062 permissa,

2323 2080 2435 2135 Nec
2496 2082 2625 2137 data
2677 2085 2928 2141 Romanis
2998 2090 3144 2143 venia
3218 2101 3293 2144 est
3360 2091 3577 2163 indigna
3625 2101 3768 2158 pectis.

2247 2171 2354 2227 Fas
2389 2181 2507 2227 erat
2536 2163 2804 2231 duntaxat
2846 2193 3065 2234 versum
3122 2182 3294 2246 illum,
3339 2185 3440 2252 qui
3471 2187 3769 2252 parcentiacns

2245 2261 2477 2328 dicitur,
2525 2265 2770 2321 trochaeo
2833 2269 3115 2325 claudere.
3165 2270 3242 2325 Eo
3309 2289 3488 2342 usque
3518 2276 3766 2328 nonaliter

2244 2356 2561 2410 continuari
2589 2359 2863 2414 debebant
2903 2365 3163 2430 anapazsti
3214 2366 3300 2418 vel
3337 2381 3503 2434 pares
3535 2376 3762 2434 anapesti)

2242 2445 2432 2514 pedes,
2487 2462 2552 2502 ac
2579 2449 2623 2502 si
2651 2450 2850 2506 unicus
2885 2461 3038 2506 esset
3071 2471 3288 2510 versus.
3323 2455 3476 2520 Quin
3523 2467 3571 2511 et
3599 2455 3763 2511 Seneca

2243 2535 2513 2606 tragicus,
2560 2546 2619 2592 ut
2673 2540 2820 2596 scias
2845 2556 2967 2596 eum
2990 2541 3058 2596 de
3095 2540 3368 2612 industria
3401 2549 3762 2616 temper-uisse,

2241 2627 2412 2680 semel
2459 2635 2671 2682 tantum
2729 2638 2898 2700 atque
2955 2631 3155 2686 iterum
3215 2635 3465 2690 trochaeo
3512 2647 3762 2705 anapestns

2239 2715 2464 2782 clausit,
2499 2734 2600 2773 nec
2623 2719 2728 2774 nisi
2758 2720 2912 2775 finita
2951 2724 3367 2794 sententiazqui
3391 2726 3605 2780 scilicet
3628 2741 3760 2802 partr-

2239 2806 2404 2860 miaci
2455 2809 2610 2864 locus
2645 2818 2818 2876 esset,
2849 2812 2954 2866 nisi
2993 2813 3036 2867 is
3067 2815 3311 2878 scriptor
3341 2815 3536 2870 nescio
3565 2831 3651 2869 cur
3675 2831 3762 2868 ver-

2239 2913 2359 2951 sum
2410 2899 2561 2953 illum
2629 2903 2998 2970 repudiasset.
3065 2905 3285 2960 Veteres
3339 2914 3530 2962 tamen
3586 2905 3761 2959 Latino,

2237 2988 2462 3044 minime
2522 3000 2849 3060 aspernatos
2900 3009 3022 3048 esse
3063 2993 3487 3064 Parmmiacum,
3516 2996 3604 3052 sed
3631 3005 3675 3050 et
3703 2998 3761 3047 hic

2236 3077 2551 3134 Grairorum
2583 3084 2828 3154 vestigiis
2871 3084 3138 3140 institisse
3165 3086 3309 3140 scire
3340 3086 3564 3143 dabitur
3588 3103 3647 3142 ex
3673 3088 3758 3140 istis

2239 3174 2488 3242 reliquis,
2527 3175 2728 3242 iisque,
2758 3177 2811 3229 ni
2844 3174 3026 3243 fallor,
3069 3177 3226 3232 solis.

2239 3264 2424 3320 Attius
2455 3265 2705 3322 Phiuidis
2741 3285 2758 3321 :

2447 3355 2699 3429 Simulat
2733 3359 2934 3412 circum
2964 3375 3160 3429 magna
3189 3359 3503 3414 sonantibus

2459 3424 2576 3498 [27]
2622 3427 2814 3482 Excita
2838 3431 2986 3483 saxis
3019 3424 3160 3482 saeva
3193 3431 3436 3484 sonando

2448 3496 2663 3566 Crepitu
2685 3499 2961 3568 clangente
2992 3501 3338 3553 cachinnant.

2236 3592 2416 3647 Locus
2445 3602 2531 3648 est
2558 3592 2702 3662 apud
2725 3592 2967 3647 Nonium
2998 3593 3055 3647 in
3110 3594 3456 3650 cachinnarc.
3495 3593 3593 3649 Sed
3636 3609 3757 3647 nemo

2235 3699 2265 3738 a
2297 3681 2384 3739 me
2440 3685 2783 3754 impetrabit,
2823 3691 2882 3739 ut
2929 3687 3098 3741 verba
3129 3686 3265 3740 Attii
3298 3701 3432 3741 sana
3456 3702 3573 3742 esse
3597 3699 3756 3739 concc-

2232 3773 2378 3829 dam.
2429 3775 2703 3840 Quorsum
2758 3775 2905 3830 enim
2961 3777 3244 3846 pertinent
3310 3795 3503 3848 magna
3558 3794 3695 3838 rara,
3718 3783 3757 3828 et

2231 3864 2540 3918 sonantibus
2611 3865 2892 3920 sonando?
2938 3867 3279 3922 Peccaturns
3329 3883 3475 3930 sum,
3505 3868 3575 3922 uti
3607 3879 3753 3935 spero,
3791 3939 3804 3956 ‘

2230 3954 2374 4009 intra
2403 3955 2639 4020 veniam,
2673 3955 2718 4010 si
2754 3971 2948 4024 parum
2974 3972 3240 4028 prospere
3282 3959 3600 4013 medicinam
3625 3972 3751 4025 expe-

2229 4047 2362 4100 rior.
2391 4047 2470 4100 Ex
2517 4047 2640 4116 ipso
2688 4045 2886 4102 fabulae
2937 4049 3162 4104 nomine
3207 4064 3404 4118 magna
3449 4048 3670 4118 suspicio
3693 4057 3755 4098 cst

2228 4139 2296 4194 de
2335 4137 2592 4208 Harpyiis
2622 4137 2789 4193 verba
2817 4139 2960 4194 ﬁeri.
2996 4137 3178 4194 Fallor
3209 4140 3398 4209 itaque
3422 4157 3491 4194 an
3517 4143 3586 4196 sic
3609 4140 3752 4208 legen—

2229 4229 2358 4283 dum
2380 4235 2468 4282 est

2444 4317 2616 4407 §imul
2643 4329 2691 4373 et
2732 4321 2934 4403 circum
2967 4332 3155 4407 stagna
3186 4323 3502 4376 sonantibus

2439 4387 2632 4441 Excila
2663 4392 2810 4442 saxis
2845 4408 2982 4444 scena
3021 4387 3229 4445 Ueln'no

2439 4458 2654 4527 Crepitu
2684 4459 2959 4529 clangente
2990 4463 3304 4518 cachinnat.

2155 4573 2196 4628 ι)
2225 4552 2363 4607 lllud
2395 4551 2666 4621 clangente
2703 4553 2924 4622 proprie
2953 4564 3008 4609 et
3045 4565 3170 4624 apte
3211 4555 3422 4610 dictum
3451 4565 3530 4610 est
3558 4555 3616 4607 de
3641 4551 3728 4604 Har

2222 4660 2384 4715 pyns.

2225 4736 2482 4809 Virgilius
2510 4758 2526 4794 :

2385 4886 2391 4892 ,
2425 4832 2496 4884 At
2524 4830 2714 4884 subitw
2731 4828 2984 4897 horriﬁco
3021 4828 3174 4894 lapsu
3200 4829 3264 4882 dc
3295 4826 3554 4897 montibus
3589 4823 3742 4897 adsunt

2431 4899 2710 4970 Harpyinz,
2737 4909 2784 4952 et
2805 4892 3010 4968 magnis
3024 4892 3274 4968 quatiunt
3297 4895 3612 4967 clangoribus
3630 4892 3740 4943 alas.

2185 4990 2359 5056 .Qttin
2413 5000 2469 5046 et
2534 5001 2725 5060 stagna
2749 4991 2889 5045 bene
2915 4990 3160 5058 reposui,
3214 4991 3552 5059 approbante
3579 4983 3740 5040 ibidem

2210 5080 2447 5153 Virgilio
2490 5099 2501 5132 :

2421 5173 2684 5229 Obscenae
2735 5171 2911 5243 pelagi
2942 5171 3085 5242 ferro
3115 5168 3577 5240 findat-centiens.

2212 5261 2394 5317 Attius
2425 5262 2667 5330 Telephe
2699 5279 2713 5315 :

2429 5351 2669 5422 Jamjam
2703 5352 2918 5422 stupido
2950 5351 3209 5405 Thessala
3237 5369 3418 5404 sonmo

2435 5423 2656 5477 Pectora
2699 5425 3048 5493 languentque
3071 5433 3380 5491 scirentque.

2058 5595 2290 5653 ΝΟΤΛΕ.

598 5732 674 5821 ζει)
700 5733 991 5821 Γ[ένυιξειιιιιε
1018 5741 1223 5821 δοκῗιξς,
1257 5753 1412 5802 vetus
1441 5748 1607 5821 editio
1634 5749 1917 5821 Porphyrii
1944 5751 2117 5821 δορός.

601 5803 670 5869 (ὁ)
700 5803 895 5873 Porph.
953 5803 1253 5882 ταυροδέἐέρ
1329 5816 1591 5887 κρηθεῖς“.
1645 5803 2117 5890 [invitissumis-rip

2233 5735 2528 5824 xo).).q05ic.

2302 5821 2598 5894 (Pl-Porph.
2646 5827 2936 5896 ‘Azpszsig,
2966 5825 3109 5879 Erot.
3148 5826 3396 5896 ἁτρεκεῐς
3426 5821 3605 5892 ἁρμάςρ
