3862 6318
637 297 743 358 Ἶ3υ

1501 299 1599 358 DE
1653 295 1975 357 JOANNIS
2015 292 2336 354 MALALE
2367 292 3026 356 CHRONOGRAPHIA
3707 316 3763 378 πω

641 411 990 477 ﬁrmissimas
1045 408 1230 464 trabes
1292 409 1516 479 templis
1573 410 1909 480 praebuisse;
1951 409 2130 463 ﬁrmat
2162 408 2204 466 .it

2324 405 2652 476 Hippolytus
2687 408 2971 464 secundus
2994 407 3099 476 qui
3131 407 3290 462 hodie
3317 417 3766 488 superest,)‘.:r,-s~.-;g

639 500 777 554 adeo
832 498 1272 554 emendationem
1337 508 1582 554 nostram
1625 517 1639 553 :
1695 515 1821 554 cum
1889 512 2210 569 cupressum

561 611 570 623 ι
633 605 832 645 omnes
865 604 975 642 uno
1023 603 1118 643 ore
1163 596 1438 650 testentur
1469 591 1840 660 χρονιωτάτην
1877 606 2002 647 esse
2050 599 2214 661 atque

637 681 1065 751 ἁσαπεστάτην·
1118 687 1174 736 et
1207 681 1356 750 quod
1393 689 1556 752 caput
1604 695 1710 747 est,
1759 683 1974 754 egregie
2018 692 2215 754 prater

639 785 868 828 caeteras
904 773 959 828 in
983 773 1214 829 deorum
1239 775 1450 829 aedibus
1476 775 1656 829 locum
1691 786 1745 830 et
1775 776 2040 831 honorem
2069 775 2216 830 inve-

638 864 811 918 nisse.
841 861 1168 933 Hermippus
1195 863 1341 934 apud
1365 863 1684 918 Athenaeum
1710 878 1724 916 :

712 1014 726 1028 .
763 1012 778 1027 .
809 1011 824 1026 .
861 1015 874 1028 .
911 1015 925 1028 .
961 1015 975 1028 .
1000 974 1068 1027 ἐκ
1098 973 1152 1026 δ’
1186 975 1488 1042 Αἰγύπτου
1509 973 1918 1042 τὰμκρεμαστὰ

719 1045 898 1097 Ἰστία
915 1047 1010 1097 καὶ
1025 1039 1320 1108 ,βύϐλουῄ
1338 1043 1454 1096 ἀπὸ
1471 1043 1521 1094 δ’
1535 1039 1612 1097 αὖ
1632 1039 1848 1110 Συρίας
1861 1041 2212 1110 λιϐἁνωτον.

721 1113 791 1167 Ἣ
825 1113 892 1165 δὲ
923 1113 1079 1180 καλὴ
1113 1111 1310 1180 Κρήτη
1336 1109 1723 1180 κυπάρισσον
1744 1112 1899 1166 τοῖσι
1929 1109 2138 1166 θεοῖσι.

639 1226 1078 1296 Theophrastus,
1138 1224 1284 1279 Hist.
1328 1241 1381 1288 v,
1416 1225 1449 1278 5
1487 1242 1500 1277 :
1536 1225 1755 1278 Τούτων
1793 1225 1849 1278 δὲ
1877 1224 2214 1296 χρονιώτατα

633 1317 781 1370 δοκεῖ
823 1317 891 1368 τὰ
938 1315 1298 1384 κυπαρίττινα
1359 1309 1518 1369 εἶναι.
1555 1314 1628 1366 Τὸ
1682 1312 1812 1381 γοῦν
1871 1315 1928 1365 ὲν
1957 1313 2169 1382 Ἐφέσῳ
2195 1353 2210 1379 ,

634 1405 695 1469 ἐξ
729 1398 802 1457 ὧν
837 1404 894 1457 αἱ
949 1402 1114 1472 Θύραι
1171 1401 1263 1454 τοῦ
1325 1399 1429 1453 νεὼ
1460 1398 1957 1469 τεθησαυρισμέναι
1983 1436 1998 1461 ,
2027 1397 2216 1450 τέσσαυ

634 1513 735 1565 ρας
769 1495 946 1546 ἔκειτο
978 1492 1194 1560 γενεάς.
1225 1491 1380 1544 Μόνα
1409 1491 1466 1542 δὲ
1498 1491 1593 1542 καὶ
1627 1487 1948 1556 στιλϐηδόνα
1975 1487 2209 1555 δέχεταν

635 1585 838 1647 Fallor,
885 1599 956 1636 an
991 1583 1170 1635 oratio
1204 1582 1318 1634 haec
1379 1579 1708 1643 σολοικίζειῖ
1743 1578 1863 1644 Quo
1893 1577 2038 1630 enim
2080 1577 2213 1631 illud

631 1676 693 1727 τὸ
728 1674 918 1728 referri
967 1673 1180 1742 possit?
1230 1673 1348 1739 lego
1382 1689 1396 1724 :
1432 1671 1499 1723 τὰ
1530 1670 1660 1738 γοῦν
1683 1671 1742 1721 ἐν
1775 1668 2010 1736 Ἐφέσῳ,
2053 1665 2110 1731 ἐξ
2133 1663 2208 1720 ὧν

2325 497 2442 551 sive
2474 498 2890 569 Στεφανηφόρος
2951 497 3285 552 inscribitur
3311 515 3324 550 :
3367 501 3499 569 prior
3521 504 3766 569 Καὶνπτέμε.

2319 605 2427 650 νος.
2457 585 2680 650 Pollux,
2904 588 2942 642 5
2984 603 2998 639 :
3039 588 3342 657 Εὐριπιδης
3368 567 3426 640 ἓν
3468 591 3696 666 Ἱππολύτῳ

2317 677 2640 749 λυπτομένῳ
2661 695 2674 708 ·
2717 718 2729 732 .
2767 718 2781 732 .
2819 716 2834 731 .
2872 716 2886 730 .
2917 679 3068 748 πρὸς
3101 678 3288 730 ἵππων
3317 679 3465 743 εὐθὺς
3491 685 3679 755 ὁρμήσας
3701 695 3769 744 ετξ.

2321 788 2424 823 σιν.
2485 768 2593 824 Nec
2657 778 2840 824 tamen
2892 772 3137 824 omnino
3205 770 3429 825 diversae
3469 785 3598 828 erant
3638 779 3766 846 tabula,

2319 862 2462 915 sicut
2513 860 2791 932 lphigenia
2855 863 2909 915 in
2963 861 3175 914 Aulide
3239 869 3294 913 et
3329 861 3380 913 in
3417 861 3602 928 Tauris,
3625 867 3766 938 (Πίναξ

2320 949 2612 1023 Tyrannus
2657 960 2712 1007 et
2779 953 2832 1006 in
2903 952 3127 1006 Colono
3155 991 3171 1013 .
3209 951 3540 1008 Prometheus
3589 959 3769 1031 Asper;

2317 1053 2372 1098 et
2406 1044 2700 1113 Λυόμενος.
2748 1043 2847 1097 Vix
2885 1081 2901 1108 ,
2933 1043 3051 1096 imo
3117 1059 3190 1096 ne
3231 1045 3318 1095 vix
3376 1043 3564 1112 quidem
3608 1049 3678 1102 hoc
3706 1054 3769 1106 tiri

2318 1142 2518 1205 potest,
2543 1150 2667 1187 cum
2707 1134 2894 1188 drama
2932 1133 3223 1203 posterius
3255 1150 3364 1187 rem
3397 1151 3600 1200 omnem,
3616 1141 3670 1191 uti
3687 1157 3769 1211 gest:

2317 1235 2422 1287 est,
2465 1227 2892 1296 complectatur;
2954 1225 3029 1278 ab
3070 1239 3140 1277 eo
3210 1234 3446 1297 tempore
3497 1241 3587 1294 quo
3631 1233 3765 1296 primum

2319 1317 2583 1388 θεήλατον
2638 1317 2874 1386 privigni
2933 1330 3193 1369 amorem
3255 1313 3472 1369 Phaedra
3530 1332 3766 1388 concepera.

2320 1422 2495 1477 usque
2543 1407 2612 1462 ad
2656 1406 2928 1476 Hippolyti
2985 1414 3232 1460 mortem
3267 1421 3282 1456 :
3324 1405 3548 1474 quaedam
3592 1411 3700 1462 etiam
3731 1431 3765 1467 ex

2319 1499 2501 1569 priore
2551 1499 2810 1562 citentur,
2873 1511 2998 1566 quae
3053 1506 3112 1550 et
3163 1496 3218 1549 in
3253 1497 3420 1550 altero
3472 1498 3764 1566 reperias.Quin

2320 1587 2453 1642 mihi
2483 1587 2975 1658 persuasissimum
3005 1595 3097 1641 est
3131 1601 3254 1640 eam
3282 1588 3351 1639 ob
3371 1602 3567 1640 causam
3585 1589 3769 1642 Ralm-5.

2324 1695 2482 1748 μενον
2509 1693 2633 1735 esse
2669 1679 3000 1748 inscriptum
3031 1716 3047 1741 ,
3083 1678 3231 1746 quod
3264 1678 3318 1731 in
3347 1690 3563 1733 extrema
3591 1679 3764 1736 fabulasit

628 1767 685 1817 αἱ
723 1765 885 1835 θύραι
931 1764 1025 1816 τοῦ
1055 1762 1180 1828 νεὼ,
1210 1761 1689 1833 τεθησαυρισμένα
1733 1761 2007 1832 τέσσαρας
2038 1759 2204 1813 ἕκειτε

2317 1772 2574 1840 loquatur
2609 1770 2941 1841 Hippolytus
2973 1769 3402 1824 moribundus:

628 1858 840 1925 γενεάς.
901 1857 1042 1910 Dicit
1095 1857 1378 1910 materiem
1441 1855 1603 1909 istam
1636 1852 2021 1921 cupressinam
2055 1866 2151 1920 per
2178 1851 2212 1906 4

629 1950 826 2004 saecula
865 1949 982 2002 sive
1009 1961 1136 2001 cccc
1188 1961 1387 2010 annos,
1429 1959 1494 1998 ex
1518 1959 1628 2014 quo
1657 1944 1894 2012 primum
1922 1959 2059 1998 caesa
2107 1952 2209 2006 est,

629 2041 969 2096 reconditam
1033 2037 1207 2092 fuisse
1282 2038 1602 2106 priusquam
1635 2037 1702 2088 ad
1737 2034 1922 2088 valvas
1958 2032 2212 2102 Ephesini

629 2132 818 2200 templi
855 2129 1208 2183 adhiberetur
1244 2146 1258 2181 :
1301 2134 1356 2182 et
1407 2135 1586 2181 tamen
1641 2125 2020 2194 incorruptam
2051 2124 2215 2175 dura-

624 2226 794 2279 visse.
827 2221 903 2276 Ea
943 2219 1312 2290 TheOpbrasti
1346 2218 1619 2272 sententia
1647 2227 1752 2271 est.
1794 2215 2052 2269 Profecto
2078 2214 2212 2269 nihil

627 2315 733 2369 hac
753 2311 1141 2369 emendatione
1164 2309 1374 2363 certius
1391 2316 1444 2362 et
1469 2307 1807 2362 evidentius.
1835 2306 2026 2359 Ausim
2053 2303 2211 2372 equi-

625 2407 748 2458 dem
798 2403 1048 2472 deierare
1088 2415 1198 2454 non
1231 2400 1389 2452 aliter
1420 2399 1619 2467 legisse
1645 2395 1910 2458 Plinium,
1939 2393 2208 2462 siquidem

627 2495 692 2548 ad
727 2497 839 2548 haec
874 2492 1288 2561 Theophrastea
1325 2488 1584 2558 respexit,
1628 2502 1752 2540 cum
1784 2485 2034 2555 Ephesiae
2067 2483 2212 2537 dicat

627 2586 813 2641 Dianae
850 2586 1113 2654 templum
1146 2593 1258 2637 tota
1287 2582 1417 2634 Asia
1463 2588 1766 2634 exstruente
1807 2577 2210 2649 quadringentis

628 2680 785 2732 anatis
818 2686 1090 2745 peractum
1136 2691 1269 2739 esse,
1321 2684 1398 2739 et,
1431 2673 1608 2727 valvas
1642 2689 1754 2732 esse
1785 2688 1812 2725 e
1845 2685 2092 2740 cupresso
2117 2710 2132 2736 ,
2160 2678 2210 2723 et

617 2768 731 2836 jam
761 2766 1163 2837 quadringentis
1185 2779 1344 2834 prope
1375 2764 1530 2817 annis
1569 2761 1766 2815 durare
1791 2761 2065 2814 materiem
2095 2775 2208 2810 om-

625 2875 738 2912 nem
769 2873 916 2912 novae
945 2857 1194 2911 similem.
1225 2854 1452 2910 Scilicet
1479 2864 1612 2908 tunc
1660 2853 1773 2907 fere
1818 2851 2043 2905 materia
2075 2847 2208 2904 caedi

625 2952 786 3013 solet,
848 2965 972 3004 cum
1006 2948 1224 3004 aedilicii
1280 2948 1632 3001 fundamenta
1680 2943 2001 3014 iaciuntur:
2042 2943 2209 2996 valvae
2271 2989 2274 2992 .

624 3052 806 3096 autem
847 3048 964 3094 tum
993 3041 1215 3094 demum
1251 3038 1390 3105 ﬁeri,
1421 3053 1546 3091 cum
1577 3043 1774 3089 caetera
1812 3033 1996 3087 omnia
2028 3031 2202 3102 perfe-

623 3137 709 3183 cta
745 3137 874 3181 sunt
912 3137 1078 3197 atque
1117 3128 1393 3182 absoluta.
1425 3127 1538 3180 Hac
1581 3125 1804 3194 quidem
1847 3128 2202 3192 argumenta-

624 3216 772 3268 tione
803 3214 1018 3267 Plinius
1063 3216 1280 3268 videtur
1308 3229 1444 3268 usus
1478 3231 1491 3266 :
1533 3221 1754 3268 rectene
1787 3227 1856 3264 an
1894 3224 2199 3280 perperam,

623 3307 772 3360 lltllia
831 3305 966 3357 mihi
1008 3307 1242 3374 quaestio
1293 3312 1378 3359 est
1427 3305 1481 3357 in
1541 3303 1860 3372 praesentia.
1896 3301 2032 3356 Illud
2067 3302 2202 3357 adeo

623 3397 894 3461 admiror,
942 3396 1178 3450 eruditis
1207 3395 1364 3456 viris,
1400 3395 1494 3464 qui
1527 3402 1812 3463 tantopere
1837 3394 2020 3446 locum
2052 3391 2202 3446 hunc

622 3489 1062 3553 exagitaverunt,
1101 3485 1234 3537 nihil
1266 3485 1428 3554 hujus
1460 3485 1688 3538 omnino
1717 3483 2049 3537 suboluisse.
2093 3479 2201 3534 Sed

622 3569 704 3636 εἷς
754 3573 892 3644 ἀνὴρ
941 3575 1002 3626 οὐ
1039 3574 1198 3627 πάνθ’
1227 3576 1352 3645 ὁρᾷ.
1397 3573 1571 3628 Porro
1622 3571 1745 3644 151]
1802 3575 1968 3626 etiam
2009 3579 2198 3626 nostra

622 3673 804 3730 aetate,
843 3674 901 3718 ut
932 3665 1198 3730 referunt,
1227 3666 1319 3734 qui
1368 3680 1432 3720 ea
1468 3665 1591 3720 loca
1618 3665 1891 3728 viserunt,
1924 3671 2074 3717 tanta
2103 3677 2200 3716 cu-

622 3771 941 3826 pressorum
975 3757 1059 3810 vis
1099 3765 1185 3810 est
1217 3757 1271 3809 in
1306 3756 1490 3820 Creta,
1518 3764 1580 3809 ut
1612 3754 1900 3810 domorum
1954 3753 2198 3808 omnium

622 3849 810 3902 trahes
849 3847 1404 3917 contignationesque
1429 3858 1597 3918 atque
1623 3848 1762 3903 adeo
1797 3847 2013 3918 navigia
2045 3860 2110 3900 ex
2133 3859 2198 3900 ea

621 3933 849 3987 materia
883 3941 1300 3988 construantur.

691 4023 820 4092 Ρη.
855 4025 979 4079 109.
1022 4025 1156 4096 Περὶ
1189 4020 1257 4099 ἧς
1289 4024 1524 4095 Φαίδρας
1566 4027 1595 4080 ὁ
1635 4025 1939 4096 σοφώτατος
1969 4023 2200 4093 Εὐριπι-

617 4113 714 4183 δης
771 4113 912 4183 μετὰ
969 4114 1142 4166 ταῦτα
1205 4115 1584 4184 συνεγράψατο
1641 4116 1825 4186 δρᾶμα
1874 4114 2195 4186 ποιητικῶς.

621 4202 752 4258 Sine
790 4207 1170 4260 controversia
1219 4208 1465 4274 respexit
1514 4205 1743 4262 Malalas
1793 4206 1861 4260 ad
1919 4207 2197 4278 Euripidis

619 4297 967 4368 Hippolytum
1001 4311 1016 4350 a
1055 4298 1367 4366 prioremne
1405 4314 1475 4350 an
1521 4302 1877 4367 posteriorem
1933 4315 2034 4354 nec
2067 4315 2196 4368 pos-

619 4401 812 4441 sumus
855 4387 1173 4448 resciscere,
1207 4400 1308 4440 nec
1338 4400 1471 4440 sane
1501 4387 1733 4440 multum
1758 4387 1944 4442 refert.
1981 4388 2196 4445 Scimus

621 4489 916 4546 utrumque
954 4479 1168 4532 salvum
1229 4477 1515 4532 exstitisse
1575 4493 1673 4547 per
1708 4477 1920 4531 diversa
1948 4487 2194 4549 tempora

616 4571 892 4632 Erotiani.
925 4569 1163 4626 Pollucis
1183 4582 1236 4626 et
1268 4571 1492 4626 Stobaei.
1525 4571 1657 4636 Quae
1691 4570 1944 4626 Stobaeus
1982 4589 2047 4626 ex
2071 4573 2197 4644 Ilip-

616 4668 800 4737 polyto
836 4667 992 4731 citat,
1047 4680 1237 4720 eorum
1291 4681 1360 4719 ne
1410 4665 1694 4718 dimidiam
1729 4665 1950 4734 quidem
1988 4675 2195 4734 partem

619 4757 783 4811 hodie
841 4758 1107 4812 invenias.
1142 4755 1373 4812 Frustra
1407 4755 1597 4810 itidem
1655 4771 1870 4826 quaeras
1907 4771 2028 4825 quae
2066 4753 2200 4810 Ero-

620 4847 808 4900 tianus
838 4847 994 4901 all‘ert
1027 4857 1081 4901 et
1119 4847 1334 4902 Pollux.
1366 4848 1765 4918 Aristophanes
1802 4849 1976 4904 lianis
2011 4867 2024 4901 :

694 4958 792 5022 Τίς
813 4953 976 5028 οἶδεν
993 4960 1058 5028 εἰ
1082 4958 1146 5028 rd
1177 4958 1284 5026 ζῇν
1303 4959 1419 5028 μέν
1441 4961 1574 5013 ἐστι
1603 4959 1944 5023 κατθανεῖν,

694 5029 766 5080 Τὸ
788 5027 963 5080 πνεῖν
979 5027 1047 5078 δὲ
1079 5026 1348 5081 δειπνεῖν
1367 5029 1467 5081 καὶ
1497 5030 1564 5083 τὸ
1593 5030 1910 5083 καθεύδειν
1939 5027 2196 5094 amator;

618 5140 827 5201 Ταῦτα,
883 5140 960 5193 ait
1019 5141 1364 5205 scholiaSIes,
1422 5142 1481 5206 ἐξ
1538 5144 1856 5197 Ἱππολύτου
1903 5143 2194 5214 δράματος.

621 5237 735 5302 Age
761 5241 968 5298 quaerat
999 5232 1124 5298 hoc,
1157 5233 1249 5302 qui
1287 5234 1417 5288 velit
1449 5235 1502 5288 iu
1551 5235 1936 5306 investigando
1972 5249 2197 5304 operam

621 5324 870 5394 perdere.
905 5322 1106 5380 Verum
1139 5334 1233 5379 aut
1267 5326 1474 5379 librarii
1509 5336 1794 5395 peccatum
1827 5339 1933 5392 est,
1964 5337 2058 5394 a_ut
2100 5342 2200 5379 au-

621 5416 790 5471 ctoris
825 5415 1130 5488 ἁμάρτημα
1163 5416 1515 5486 μνημονικόν.
1550 5417 1784 5472 Aliunde
1824 5419 1972 5472 enim
2000 5433 2200 5489 cogno-

621 5509 828 5563 scimus
855 5509 1053 5562 tralata
1083 5523 1207 5563 esse
1240 5513 1304 5561 ἐκ
1336 5507 1590 5562 Πολυΐδου
1616 5508 1914 5580 δράματος.

697 5619 787 5687 Τιμς
810 5616 862 5667 δ’
887 5612 1052 5670 οἶδεν
1081 5621 1134 5671 ει
1167 5621 1230 5671 τὸ
1260 5617 1364 5685 ζῇν
1386 5619 1502 5687 μέν
1531 5620 1660 5674 ἐστι
1702 5607 2043 5686 natam-air,

703 5685 771 5738 Td
804 5687 1120 5741 κατθανεῖν
1139 5687 1206 5740 δὲ
1229 5687 1354 5755 ζῇν.

2383 1881 2817 1950 Κεκαρτέρηται
2844 1880 2979 1949 τᾶμ’
3002 1898 3016 1932 τ
3054 1881 3269 1935 ὄλωλα
3291 1881 3418 1949 γὰρ,
3444 1879 3613 1950 πάτερ,

2383 1949 2726 2020 Κρύψονίδέ
2741 1969 2862 2021 μου
2896 1951 3261 2019 πρόσωπον,
3293 1949 3372 2013 ὡς
3401 1949 3571 2016 τάχος,
3597 1949 3762 2012 πέπλος.

2313 2063 2551 2121 Proinde
2581 2065 2696 2138 ['52]
2738 2067 2794 2120 in
2835 2075 3081 2138 utraque
3125 2067 3313 2123 fabula
3346 2065 3764 2135 comperiebanturlii

2312 2161 2590 2216 versiculi.
2633 2158 2898 2215 Similiter
2926 2172 2982 2216 et
3038 2161 3208 2216 alteri
3261 2159 3764 2227 Στέφανηφόρουηοηιριι

2312 2263 2398 2308 est
2428 2252 2686 2319 inditum,
2714 2262 2940 2323 propter
2963 2253 3087 2308 haec:
3115 2252 3286 2308 verba
3312 2249 3554 2322 Hippolyti
3573 2265 3644 2302 non
3662 2249 3765 2314 longe

2313 2359 2344 2398 a
2377 2343 2651 2414 principio
2683 2362 2698 2398 :

2266 2472 2286 2488 ο
2382 2452 2484 2505 Σοὶ
2513 2451 2688 2522 τρνδε
2716 2453 2981 2522 σελεκτὸν
3007 2452 3330 2522 στέφανον
3358 2450 3432 2522 ίέξ
3464 2445 3683 2522 ἀκηράτου

2381 2519 2700 2590 Λειμῶνος,
2729 2518 2777 2577 ὦ
2806 2517 3145 2588 δέσποιναξ
3168 2521 3480 2591 κοσμήσας
3503 2517 3637 2585 φέρω.

2309 2627 2426 2684 Νοη
2449 2630 2616 2699 igitur
2637 2630 2822 2701 δρᾶμα
2841 2646 3053 2685 novum
3080 2641 3208 2686 erat
3227 2629 3530 2700 Hippolytus
3551 2621 3758 2690 Στεφανίις.

2311 2720 2403 2774 sed
2427 2725 2739 2773 correctum
2788 2720 3087 2784 duntaxat,
3127 2706 3305 2789 atque
3344 2714 3676 2784 interpolatum,
3695 2709 3759 2760 iu-

2312 2810 2478 2880 σκευὴ
2501 2809 2596 2862 τοῦ
2620 2811 2910 2880 προτέρου.
2936 2809 3115 2867 Vetus
3155 2808 3529 2882 grammaticus
3555 2807 3757 2873 argumento

2310 2899 2584 2971 Hippolyti
2612 2917 2626 2954 ε
2655 2901 2811 2954 Ἔστι
2850 2902 2907 2954 δὲ
2929 2894 3092 2966 οὗτος
3116 2905 3146 2956 ὁ
3187 2900 3493 2960 Ἱππόλυτος
3515 2895 3695 2961 δεύτερος
3711 2891 3759 2940 καὶ

2310 2990 2613 3058 Στεφανίας
2651 2992 3226 3064 προσαγορευόμενος.
3271 2989 3586 3060 Ἐμφαινεται
3608 2983 3647 3034 δὲ

2231 3089 2273 3144 c
2308 3102 2398 3154 ρος
2424 3083 2813 3153 γεγραμμένος
2838 3099 2851 3111 ³
2883 3083 2946 3136 τὸ
3002 3084 3121 3155 γὰρ
3147 3083 3393 3153 ἀπρεπὲς
3433 3079 3516 3132 καὶ
3543 3068 3759 3141 κατηγορὲας

2307 3171 2452 3238 ἄξιον
2485 3173 2543 3224 ὲν
2577 3171 2752 3242 τούτῳ
2777 3171 3089 3243 διώρθωται
3143 3173 3224 3243 τῷ
3265 3171 3508 3242 δράματι.
3552 3163 3628 3228 Qui
3655 3157 3758 3213 nescit

2307 3263 2439 3332 quid
2468 3263 2539 3318 sit
2571 3262 2830 3334 διασκευὴ
2850 3275 2905 3318 et
2933 3263 3399 3334 διεσκευασμένον
3445 3259 3612 3327 δρᾶμα,
3633 3263 3758 3304 consu-

2307 3351 2420 3406 lere
2459 3354 2661 3420 poterit
2692 3353 3082 3408 Casaubonum
3117 3354 3187 3408 ad
3225 3353 3538 3408 Athenaeum.
3566 3342 3662 3410 Ejus
3703 3349 3757 3401 θέο

2307 3442 2513 3496 scrinia
2547 3457 2654 3497 non
2691 3445 2970 3514 compilo;
3010 3447 3110 3500 sed
3143 3442 3399 3515 llesychii
3422 3440 3574 3493 locum
3599 3426 3759 3486 emenda-

2306 3543 2419 3586 tum
2451 3535 2682 3596 curabo,
2725 3550 2885 3603 quem
2921 3550 3024 3590 nec
3058 3537 3157 3590 ille
3185 3549 3289 3588 nec
3327 3533 3461 3585 alius
3483 3528 3696 3597 quisquam
3712 3517 3758 3566 in-

2305 3621 2582 3676 tellexisse
2636 3621 2872 3676 videtur.
2913 3625 3188 3687 Λυδῐζων,
3239 3619 3471 3693 χορεύων
3495 3615 3566 3668 διὰ
3586 3605 3755 3693 τοὺς

2281 3708 2449 3772 νδθὺςν
2490 3708 2540 3762 οἳ
2574 3707 2836 3772 σώζονται
2889 3713 3009 3782 μὲν,
3041 3692 3479 3779 διεσκεύασμένοι
3507 3705 3547 3757 δ’
3571 3698 3682 3754 εἰσιν.
3715 3692 3754 3742 ll:

2307 3796 2425 3868 lege
2454 3797 2657 3860 locum.
2680 3798 2838 3865 cujus
2868 3801 2984 3856 hanc
3012 3813 3100 3857 est
3131 3801 3401 3858 sententia
3433 3815 3446 3850 :
3483 3793 3653 3858 Magnes
3670 3789 3754 3833 tele-

2304 3889 2384 3944 ris
2436 3889 2723 3944 commdiae
2778 3891 3018 3959 scriptor
3068 3892 3263 3946 drama
3294 3888 3472 3946 docuit
3513 3877 3678 3938 Λυδούς.
3701 3871 3752 3937 il"

2305 3987 2440 4034 tunc
2467 3978 2880 4049 superfuerunt,
2923 3997 3034 4052 quo
3065 3991 3318 4054 tempore
3365 3961 3750 4054 grammaticustltli

2305 4071 2517 4140 primus
2553 4070 2667 4124 haec
2706 4070 2866 4137 dixit,
2901 4072 2956 4126 in
3007 4075 3151 4130 vivis
3187 4052 3338 4139 Viuit;
3371 4069 3457 4126 sed
3482 4065 3566 4121 sub
3588 4052 3750 4113 incudem

2304 4163 2568 4226 revocati,
2601 4179 2850 4234 novaque
2881 4165 3010 4219 lima
3049 4166 3324 4236 perpoliti.
3365 4159 3565 4216 Photius
3601 4147 3747 4236 patriar-

2304 4253 2406 4308 cha
2442 4269 2457 4305 ε
2498 4231 2798 4318 Λυδιάζων,
2836 4256 2997 4310 Λυδοὶ
3027 4231 3320 4327 “dy-unm;
3357 4251 3444 4304 τοῦ
3477 4231 3748 4327 κωμικοῦλδι·

2308 4343 2746 4414 εσκευάσθησαν,
2789 4347 2907 4416 lege
2953 4356 3015 4402 ut
3057 4324 3544 4418 apudillesychimn,
3571 4324 3740 4418 Λυδίζίξδνς

2227 4432 2272 4487 D
2301 4412 2668 4504 Castigandus
2715 4412 2879 4491 etiam
2937 4412 3160 4506 Sttidais,
3221 4412 3608 4508 ιιιιίήΛυδιάζων
3643 4412 3744 4508 ἥξω

2297 4529 2507 4599 absque
2543 4529 3019 4597 interpretatione.
3045 4503 3191 4585 idem
3226 4503 3534 4593 Hesychius:
3557 4503 3738 4600 Ψηνίξωςίν

2295 4620 2422 4683 τοὺς
2465 4618 2645 4689 ψῆνας
2697 4619 2845 4687 λέγει
2885 4621 3010 4682 τοὺς
3038 4620 3132 4672 τοῦ
3170 4621 3466 4686 Μάγνητος,
3511 4601 3644 4689 scribe
3667 4600 3740 4689 am:

2295 4680 2492 4780 Ψῆθαῖ.
2513 4680 2604 4762 ⁸έοῦ
2630 4680 2946 4781 Μάγνητος.
2993 4680 3285 4779 Siquidem
3305 4680 3390 4760 ille
3416 4699 3552 4754 etiam
3585 4680 3735 4740 tabum"

2295 4802 2488 4869 Ψῆνας
2517 4805 2834 4873 publicavit.
2874 4803 3279 4872 Aristophanes
3306 4790 3563 4864 Equitibus
3587 4797 3598 4832 :

2305 4911 2491 4964 Ταῦτα
2505 4912 2620 4980 μὲν
2644 4912 2812 4978 εἰδὼς
2839 4913 3058 4970 ᾰ’παθε
3080 4914 3319 4983 Μάγνης
3337 4907 3444 4983 ἄρα
3464 4873 3736 4983 “afﬁni

3416 4961 3695 5023 κατιούσαίςν

2505 4973 2521 4980 ⁷
2790 4973 2804 4978 ⁷
3183 4973 3193 4983 ”
3271 4973 3280 4979 “
3300 4973 3310 4976 ⁷
3373 4973 3376 4974 ν
3416 4973 3695 5023 κατιούσαις,

2305 5049 2407 5114 Ὃς
2432 5049 2692 5103 πλεῖστα
2721 5049 2918 5118 χορῶν
2938 5052 3057 5106 τῶν
3083 4973 3414 5108 ἀντιπάλωὲ
3433 5023 3736 5150 νίῐκὲἓξιηη

3498 5123 3519 5150 Τ
3578 5135 3589 5147 Ι
3681 5124 3690 5140 ³

3476 5104 3690 5178 [τρόπαια.

3461 5191 3529 5227 ων
3557 5163 3628 5218 καί
3652 5163 3734 5207 πῖθ’

3474 5230 3689 5314 iam???

2301 5328 2406 5383 Kal
2433 5329 2700 5392 Λυδίζων
2719 5332 2816 5385 καὶ
2845 5331 3110 5399 Ψηνίζων
3126 5332 3220 5386 καὶ
3239 5301 3728 5399 sanata-3333‘"

2297 5189 2506 5253 Πάσας
2531 5187 2584 5240 δ’
2617 5188 2760 5258 ὑμῖν
2786 5189 2987 5259 φωνὰς
3025 5192 3153 5258 ἱεὶς,
3190 5189 3282 5246 καὶ
3306 5183 3456 5255 grtia”

3528 5371 3686 5446 [χειοις.

2299 5507 2396 5561 llis
2435 5509 2619 5562 verbis
2650 5508 2917 5578 Magnetis
2952 5510 3147 5564 fabulae
3180 5499 3460 5576 Βαρὸιτίδες
3483 5489 3572 5543 είνθ

2298 5600 2501 5664 τισταὶ,
2538 5552 2790 5668 '0pr;
2816 5640 2829 5662 ,
2865 5602 3046 5662 Λυδοὶ,
3095 5552 3290 5670 Ψῆνεὲν
3314 5601 3362 5648 ει
3395 5552 3727 5670 tu???”

2299 5650 2522 5744 cuntur.
2578 5650 2786 5759 C'ogita'
2817 5650 3046 5754 autem;
3083 5650 3185 5759 qui.
3209 5703 3299 5759 pas
3343 5683 3464 5734 inter
3489 5650 3720 5726 llesyrhﬂi'"
