3862 6318
25 327 160 392 1'31

1181 328 1543 388 EPISTULA
1587 327 1796 387 Μαι-ι.
1843 328 2226 388 BENTLEII.

3251 325 3357 391 742

26 436 443 507 Pbotiumque
499 445 556 492 et
587 452 921 510 anonymum
962 439 1090 508 περὶ
1151 437 1438 508 κωμῳδῖας
1481 437 1668 491 conci-

1777 417 1978 506 τρίπον,
2012 437 2254 504 κάλυψον
2279 477 2292 503 ,
2328 443 2385 489 ut
2425 435 2540 505 ipse
2581 436 2888 514 litterarum
2930 435 3069 491 ordo
3102 437 3356 492 testimo-

26 531 182 583 liari
217 530 452 599 possit:
489 529 580 582 hic
624 529 765 582 enim
814 529 1001 583 omnia
1045 529 1310 598 Magnetis
1340 531 1542 596 scripta
1571 529 1666 580 de.

33 623 308 690 petiisse
364 619 523 684 dicit,
573 620 734 682 ,οὐδὲν
775 619 1068 684 σώζεσθαι.
1104 621 1335 690 Μάγνης
1389 621 1671 691 Ἀθηναῖος

31 709 498 778 ἀγωνισάμενος
534 707 798 779 Ἀθήνῃσι
828 709 981 771 νίκας
1014 709 1170 779 ἔσχεν
1201 715 1291 773 ια’,
1324 709 1430 762 τῶν
1457 708 1513 760 δὲ
1545 709 1673 777 δρα-

1777 529 1867 580 nio
1921 537 2028 582 est.
2067 527 2243 582 Media
2279 529 2424 583 enim
2482 527 2744 581 incedunt
2795 527 2938 581 inter
2995 527 3261 591 Ἐκλυτος
3301 537 3358 582 rt

1786 619 2128 683 Ἑκλωπεζει.
2193 619 2308 675 Hoc
2346 635 2451 673 non
2511 618 2826 688 intelligens
2880 617 3354 686 pusillusqnidam

1772 711 2001 765 criticus
2046 712 2158 780 (qui
2195 712 2340 765 enim
2397 711 2453 764 id
2492 710 2841 772 intellexerit,
2893 709 3039 777 quod
3094 724 3162 762 ne
3189 709 3354 762 laudo

39 804 274 869 μάτων
325 799 498 852 αὑτοῦ
555 799 709 852 οὐδὲν
768 799 1032 864 σώζεται·
1092 800 1162 853 τὰ
1199 800 1256 854 δὲ
1304 800 1672 870 ἐπιφερόμενα

1777 801 1993 870 quidem
2028 817 2271 870 unquam
2307 802 2554 855 auditum
2598 797 2771 870 esti),
2801 799 3096 853 emendare
3123 806 3356 854 conatus

39 895 76 941 ἐ
95 909 228 944 στιν
264 890 445 944 ἐννέα.

151 982 280 1036 Non
330 992 579 1035 nostrum
621 983 760 1035 inter
788 997 874 1036 eos
906 992 1086 1038 tantas
1119 1001 1424 1053 componere
1462 986 1602 1042 lites.

150 1073 286 1143 Pag.
325 1070 452 1124 HS.
487 1069 604 1142 155]
661 1072 720 1124 ὐ
757 1073 870 1143 γὰρ
925 1074 1090 1142 σοφὸς
1143 1075 1446 1146 Εὐριπίδης
1492 1077 1675 1146 δρᾶμα

61 1164 300 1227 ἐξέθετο
345 1163 475 1234 περὶ
505 1163 598 1214 τοῦ
631 1163 953 1231 Κύκλωπος,
981 1167 1062 1218 ὅτι
1119 1169 1268 1236 τρεῖς
1298 1164 1440 1238 εἶχεν
1473 1168 1674 1237 ὀφθαλ-

75 1255 244 1322 μοὺς,
277 1251 568 1322 σημαίνων
618 1255 745 1315 τοὺς
804 1258 954 1324 τρεῖς
1014 1255 1294 1324 ἀδελφούς,
1327 1265 1380 1310 et
1417 1274 1537 1326 qua:
1585 1257 1678 1313 de-

73 1345 271 1412 inceps
340 1350 670 1410 sequuntur.
697 1340 773 1397 Os
805 1341 1080 1397 hominis!
1117 1343 1354 1398 lloccine
1402 1353 1463 1399 ut
1518 1342 1680 1398 Euri-

79 1436 240 1503 [uides
269 1434 361 1486 vel
395 1435 449 1486 in
477 1435 710 1487 somniis
771 1433 1014 1488 dixerit?
1060 1435 1203 1490 Bene
1257 1435 1484 1500 factum,
1531 1438 1677 1507 quod

79 1527 252 1578 etiam
317 1538 474 1577 nunc
522 1522 758 1594 Cyclops
790 1525 1053 1594 supersit.
1102 1525 1257 1591 Quod
1312 1526 1356 1581 si
1416 1528 1492 1582 ita
1537 1543 1675 1593 rem,

87 1628 246 1689 prout
306 1627 502 1671 narrat
536 1615 797 1680 Joannes,
836 1635 895 1674 se
929 1620 1128 1674 habere
1166 1622 1476 1691 comperias
1510 1637 1525 1672 :
1569 1637 1675 1676 non

93 1729 284 1769 recuso
314 1713 482 1783 quin,
517 1712 667 1783 quod
696 1715 1039 1784 gravissimae
1071 1729 1245 1783 paenae
1276 1714 1396 1768 loco
1430 1714 1548 1769 fore
1577 1731 1678 1785 pu-

1773 900 1856 947 est
1915 891 2240 964 ἑκλύρισον,
2288 908 2316 946 a
2373 893 2541 947 verbo
2589 889 2813 962 λυρίξω.
2850 892 3006 953 Ὄνος
3047 889 3357 944 mehercule

1780 984 1920 1055 πρὸς
1973 984 2162 1055 λύραν.
2222 984 2453 1038 Tantum
2529 984 2674 1038 enim
2727 982 2787 1034 τὸ
2833 981 3134 1051 ὲκλυρίζειν
3191 988 3245 1034 et
3296 979 3358 1033 τὸ

1777 1075 2072 1129 καλύπτειν
2101 1077 2501 1147 signiﬁcatione
2536 1073 2822 1140 differunt,

1883 1167 2155 1232 Quantum
2187 1169 2428 1237 Hypanis
2463 1165 2658 1220 Veneto
2688 1165 2858 1218 distat
2892 1163 2957 1217 ab
2985 1162 3248 1217 Eridano.

1777 1256 1899 1312 Alte
1951 1259 2200 1329 profecto
2250 1261 2380 1313 latet
2416 1259 2577 1313 ulcus
2632 1267 2836 1312 tetrum
2877 1267 2932 1311 et
2975 1255 3356 1324 κακοηθέστα-

1777 1370 1901 1407 τον·
1940 1351 2087 1422 quod
2123 1352 2229 1406 nisi
2274 1351 2548 1405 lancinata
2581 1351 2735 1420 prius
2775 1348 3034 1419 Hesychii
3068 1347 3356 1402 existima-

1779 1446 1952 1509 tione,
1985 1451 2149 1513 negat
2179 1443 2244 1497 ad
2276 1443 2566 1498 sanitatem
2605 1441 2828 1512 perduci
2858 1456 3040 1511 posse.
3075 1439 3355 1508 Siquidem

1777 1537 2160 1592 erubescendo
2190 1551 2425 1606 prorsus
2462 1549 2652 1590 errore
2675 1534 2861 1604 posuit
2885 1531 3236 1602 Ἐκλύτρισον
3257 1543 3358 1600 pro

1791 1630 2161 1699 Ἐλύτρωσονο
2193 1628 2340 1699 quod
2365 1627 2676 1684 rectissime
2719 1626 2942 1697 quidem
2969 1625 3358 1692 interpreteris

1781 1720 2039 1788 κάλυψον.
2077 1719 2198 1789 lpse
2253 1720 2601 1791 Hesychius:
2657 1718 2934 1789 Ἐλύτροις
2985 1716 3355 1784 καλύμμασι,

93 1815 188 1869 tes,
213 1819 314 1874 per
335 1819 504 1858 omne
541 1804 666 1857 vita:
690 1810 908 1874 tempus
942 1813 1129 1858 noctes
1159 1803 1388 1873 diesque
1419 1807 1672 1861 versandi

1779 1814 2185 1883 σκεπάσμασιν.
2241 1813 2481 1884 Ἐλυτρα
2552 1811 2756 1882 κυρίως
2809 1811 2878 1864 τὰ
2937 1807 3266 1878 ὲνειλήματα
3321 1805 3356 1876 ἥ

95 1897 217 1949 mihi
277 1896 398 1950 sint
429 1902 486 1948 et
517 1894 799 1949 ediscendi
833 1895 970 1949 adeo
1004 1895 1248 1950 Annales
1277 1896 1330 1949 hi
1365 1893 1672 1965 Volusiani,

103 1988 344 2042 ΜηΙείαηί
381 1987 533 2041 volui
558 1985 766 2042 dicere.

157 2081 262 2152 Pag
296 2099 312 2134 :
341 2081 478 2135 210.
505 2080 596 2142 Ὠς
623 2082 653 2133 ὁ
687 2079 848 2149 σοφὸς
877 2080 1175 2152 Εὐριπίδης
1207 2083 1389 2155 δρᾶμα
1426 2085 1553 2156 περὶ
1579 2082 1674 2137 τοῦ

109 2176 246 2229 αὐτοῦ
277 2174 611 2244 Μελεάγρου
643 2172 879 2238 ἐξέθετο.
918 2174 1173 2246 Meleagri
1217 2178 1414 2233 fabulae
1445 2178 1677 2232 mentio-

109 2280 204 2320 nem
228 2265 450 2319 l’aciunt
481 2263 819 2330 Macrobius,
864 2263 1140 2330 Stobaeus,
1189 2268 1516 2321 scholiastes
1550 2266 1675 2320 Pin-

107 2359 204 2413 dari
274 2375 405 2413 cum
461 2357 609 2411 aliis.
657 2355 852 2410 Latine
910 2359 1184 2412 convertit
1243 2359 1451 2414 Attius.
1510 2355 1677 2430 Hesy-

105 2449 698 2511 εἰιῑυειΚαθωσξωσε,
753 2447 1042 2511 κατέλυσε,
1097 2449 1447 2523 κατευϐυσεν.
1512 2450 1676 2520 Εὐρι-

106 2542 259 2610 πίδης
287 2541 602 2610 Μελεάγρῳ.
651 2538 818 2609 Lego,
859 2539 1205 2603 καθωσίωσε,
1241 2540 1528 2597 κατέθυσε.
1561 2539 1676 2595 Vox

103 2631 270 2683 altera
304 2644 410 2683 non
435 2629 600 2683 aliter
655 2644 821 2698 quam
859 2630 1022 2682 litura
1049 2635 1294 2684 sanamla
1329 2639 1432 2684 est.
1475 2630 1678 2699 Nempe

101 2722 268 2789 prii-io
292 2719 556 2774 mendose
596 2719 866 2788 scriptum
901 2727 991 2774 est
1037 2719 1334 2772 κατέλυσεο
1386 2728 1571 2790 postea
1607 2721 1674 2773 li-

103 2813 307 2866 brarius
344 2811 549 2880 aliquis
605 2810 769 2880 paulo
827 2810 1047 2864 doetior
1093 2811 1174 2864 vel
1203 2811 1374 2864 lector
1402 2812 1674 2881 quispiam

103 2905 402 2968 studiosus,
435 2904 491 2956 in
524 2903 649 2956 libri
684 2902 932 2971 margine
960 2903 1048 2957 vel
1087 2902 1267 2957 medio
1299 2902 1554 2959 fortassis
1604 2903 1679 2956 in-

105 3007 174 3050 ter
198 2995 512 3050 versiculos
542 2994 724 3064 spatio
761 3007 949 3046 veram
988 2993 1429 3048 emendationem
1451 2993 1678 3048 dederat

108 3088 382 3140 κατέθυσε.
427 3085 675 3140 Tandem
697 3083 903 3150 evenit,
936 3092 996 3138 ut
1031 3094 1328 3154 utrumque
1351 3085 1675 3140 vocabulum

113 3181 394 3249 coniuncte
445 3179 502 3232 in
549 3191 710 3232 versu
761 3181 1131 3244 contexteque
1161 3177 1518 3232 scriberetur.
1561 3175 1675 3230 Hac

118 3285 233 3325 sane
256 3271 466 3323 ratione
495 3283 622 3322 cum
651 3268 707 3322 in
735 3268 860 3322 aliis
884 3268 1270 3337 scriptoribus,
1297 3275 1410 3321 tum
1437 3269 1491 3322 in
1515 3267 1677 3323 Lexi-

123 3362 390 3430 cugraphis
433 3360 716 3430 praecipue
765 3373 878 3412 non
913 3373 1040 3413 raro
1070 3370 1357 3428 peccatum
1407 3368 1512 3415 est.
1545 3359 1676 3428 Quae

128 3452 320 3519 quidem
377 3460 601 3519 peccata
634 3464 760 3520 cum
794 3449 939 3504 haud
999 3449 1250 3519 cujusvis
1295 3449 1369 3504 sit
1414 3450 1672 3518 odorari;

135 3542 360 3628 proiecto.
398 3556 536 3612 opus
571 3548 680 3603 est,
723 3548 784 3594 ut
818 3541 1084 3610 exemplis
1129 3541 1342 3611 aliquot
1381 3543 1676 3596 conﬁrme-

137 3647 233 3688 mus
254 3632 572 3687 sententiam
608 3638 879 3695 nostram,
909 3645 976 3686 ne
1010 3641 1218 3686 temere
1272 3631 1574 3703 quidquam
1621 3643 1675 3688 et

142 3724 410 3776 inconsulte
439 3723 562 3776 loco
581 3721 826 3776 movisse
849 3721 1157 3776 videamur.
1181 3722 1426 3788 Ἔζελεν,
1459 3723 1672 3792 team,

146 3813 316 3868 ἱλαϐεν.
350 3812 692 3882 Ejiciendum
723 3822 806 3866 est
841 3811 1066 3866 verbum
1105 3813 1426 3882 posterius:
1467 3813 1674 3877 ζὲλλειν

145 3908 257 3958 enim
280 3905 441 3960 eidem
478 3903 754 3975 Hesychia
784 3914 869 3959 est
902 3903 1138 3974 βάλλειν.
1176 3905 1520 3977 Εὑηρότατον
1544 3948 1559 3972 ,
1591 3905 1676 3960 εὔ-

142 3996 242 4060 διον,
266 3996 391 4068 καλὴ
423 3996 518 4065 γῆ,
551 3996 835 4066 εὐήροτον,
876 3993 1110 4064 εὔγειον.
1140 3995 1425 4053 Postrema
1470 3998 1575 4054 ista
1605 4001 1674 4055 ab

143 4089 440 4143 emendatore
467 4087 706 4156 quodam
731 4086 980 4156 profecta
1004 4097 1166 4153 sunt;
1191 4091 1284 4159 qui
1316 4091 1490 4158 prima
1513 4093 1674 4148 vitio-

143 4194 186 4231 sa
221 4195 311 4234 non
365 4183 548 4250 inepte
600 4179 822 4248 quidem
875 4191 1213 4234 correxerat.
1261 4165 1438 4237 Totus
1487 4183 1672 4252 itaque

1777 1905 2155 1974 καλύμματα.
2184 1903 2466 1975 Ἔλυτρον,
2501 1902 2698 1973 δέρμα,
2733 1901 2895 1972 Θήκη,
2924 1901 3180 1970 λέπυρον,
3215 1896 3358 1948 ἐνεί-

1777 1995 1948 2066 λημα,
1980 1997 2282 2065 κάλυμμα,
2311 1996 2624 2065 σκέπασμα.
2669 1994 2800 2048 Inde
2842 1991 3180 2062 ὲλυτρῶσθαι
3211 1988 3358 2059 apud

1779 2085 2208 2157 Hippocratem,
2263 2097 2316 2141 et
2363 2084 2766 2156 προσελυτροῦν
2817 2083 2960 2153 apud
3010 2084 3354 2144 Athenaeum,

1779 2178 2070 2233 involucro
2113 2188 2344 2248 tegere:
2389 2179 2649 2232 similiter
2689 2174 3082 2246 ὲξελυτρῶσαι,
3119 2172 3354 2232 nudare,

1778 2285 1842 2323 ex
1895 2268 2290 2338 integumentis
2338 2271 2572 2325 solvere.
2629 2256 2867 2338 Hesych.
2926 2264 3354 2334 Ἐξελύτρωσας.

1780 2360 2137 2428 ὲγύμνωσας.
2175 2358 2348 2413 Satin’
2395 2361 2497 2414 hoc
2523 2367 2737 2415 eertum
2777 2367 2833 2412 et
2861 2358 3206 2427 exploratum
3248 2362 3354 2416 est,

1777 2444 1822 2503 ὦ
1851 2450 1978 2519 φίλη
2031 2450 2242 2519 κεφαλὴ
2279 2449 2414 2504 Milli
2467 2449 2929 2520 jucundissime?
2957 2448 3025 2501 At
3074 2447 3359 2502 enimvero

1778 2543 2046 2597 exclamet
2077 2542 2169 2596 hic
2216 2543 2463 2612 aliquis:
2524 2541 2568 2596 Ο
2607 2542 2866 2611 juvenem
2909 2539 3272 2594 conﬁdentem
3305 2548 3360 2591 et

1778 2631 2172 2684 temerarium!
2211 2637 2343 2683 tune
2380 2629 2537 2684 illum
2585 2629 2942 2700 Hesychium,
2973 2627 3358 2683 doctissimum

1779 2722 2270 2791 grammaticorum
2316 2721 2650 2793 Hesychium
2686 2729 2853 2776 tantae
2883 2723 3115 2776 inscitiae
3143 2719 3356 2776 afﬁnem

1778 2828 1901 2867 esse
1927 2813 2200 2881 suspicari
2231 2816 2403 2879 ausis,
2433 2823 2492 2868 ut
2532 2813 2884 2885 Ἐκλύτρισον
2913 2815 3216 2878 scriberet;
3250 2815 3358 2870 nisi

1779 2902 2002 2956 verbum
2034 2901 2172 2956 illud
2203 2903 2404 2957 alicubi
2445 2903 2691 2973 legisset,
2724 2903 2868 2972 apud
2922 2913 3178 2958 auctores
3210 2903 3358 2957 forte

1779 3009 1919 3067 quos
1970 2996 2134 3064 longa
2188 2994 2308 3049 dies
2361 3005 2416 3049 et
2458 2996 2627 3049 niruia
2665 3005 2913 3050 vetustas
2959 2996 3358 3050 subtraxerunt

1779 3088 1990 3141 notitia:
2033 3087 2323 3141 nostrae“
2363 3087 2473 3154 jam
2506 3096 2558 3142 et
2606 3087 2842 3142 frontem
2881 3103 3017 3157 nega
3072 3089 3140 3142 de
3191 3088 3357 3143 rebus

1779 3176 2034 3246 periisse.
2072 3174 2296 3229 Placide
2331 3185 2514 3230 tamen
2559 3177 2778 3239 amabo,
2811 3191 2844 3231 ο
2886 3177 3142 3246 quisquis
3177 3191 3274 3231 es:
3304 3188 3359 3231 et

1779 3268 2025 3336 reprime
2069 3276 2121 3322 te
2152 3267 2446 3336 tantisper,
2489 3266 2618 3320 dum
2660 3267 2765 3320 alia
2809 3267 3072 3321 nonnulla
3107 3265 3354 3336 profero,

1776 3374 1898 3427 qua:
1946 3367 2000 3413 te
2045 3373 2265 3428 quoque
2313 3359 2496 3428 ipsum
2537 3359 2676 3413 velis
2721 3359 2866 3414 nolis
2925 3359 2980 3413 in
3023 3361 3390 3419 sententiam.

1777 3459 2025 3504 nostram
2060 3458 2257 3518 cogent
2304 3449 2561 3503 transire.
2607 3448 2742 3503 Dum
2790 3451 2934 3504 enim
2987 3465 3051 3505 cx
3113 3451 3355 3521 antiquis

1777 3541 2117 3606 sclioliastis,
2151 3541 2564 3610 grammaticis,
2607 3541 2834 3606 lexicis,
2870 3555 2992 3610 qua:
3019 3557 3128 3595 non
3160 3549 3354 3596 conte-

1775 3631 2044 3683 xebantur
2076 3629 2218 3682 κατὰ
2250 3632 2511 3699 στοιχεῖον
2537 3629 2678 3701 [55],
2707 3632 2856 3684 omni
2898 3647 2964 3684 ex
3001 3632 3156 3701 parte
3190 3647 3354 3687 voca-

1776 3721 1904 3776 bula
1929 3721 2192 3786 corradit,
2225 3721 2429 3789 quibus
2469 3721 2610 3774 hanc
2641 3735 2797 3774 suam
2842 3722 3164 3792 συναγωγὴν
3199 3723 3354 3778 locu-

1777 3812 1946 3884 pletet
1974 3819 2028 3865 et
2069 3811 2330 3866 referciat
2360 3830 2372 3865 :
2409 3827 2552 3880 sape
2579 3827 2684 3867 usu
2715 3812 2864 3867 venit
2889 3824 2960 3883 ut.
2987 3815 3055 3868 ab
3082 3815 3352 3884 imperitis

1773 3903 2040 3965 librariis,
2077 3901 2172 3971 qui
2231 3916 2424 3971 parum
2479 3910 2739 3958 accurate
2787 3903 3142 3969 scripserant,
3185 3905 3268 3959 vel
3319 3921 3352 3960 a

1773 3997 1859 4050 sui
1901 3994 2178 4050 similibus
2225 3993 2661 4064 ὀνοματοθήραις
2695 3994 2748 4048 in
2788 4009 3031 4049 errorem
3094 3997 3351 4053 inductus

1773 4089 1848 4145 sit
1880 4107 1894 4142 :
1928 4101 2161 4158 qumque
2195 4101 2466 4156 nusquam
2501 4086 2744 4156 gentium
2773 4086 2855 4140 vel
2888 4087 3026 4142 lecta
3054 4089 3134 4142 vel
3163 4088 3350 4142 audita

1775 4188 1938 4241 sunt,
1992 4179 2298 4233 lectoribus
2365 4177 2482 4232 suis
2542 4177 2823 4232 obtrudat.
2877 4177 3018 4232 lllud
3075 4180 3153 4234 sis
3202 4180 3347 4234 vide.

144 4274 259 4327 locus
282 4274 355 4327 sic
370 4271 791 4328 constituendus
813 4278 896 4326 est
919 4289 932 4325 :
964 4271 1252 4342 Εὑήροτον,
1270 4271 1504 4343 εὔγειον,
1533 4275 1671 4348 καλὴ

1777 4273 1812 4345 -ζι
1844 4271 2143 4342 Δελεδώνη,
2193 4273 2222 4324 ὁ
2263 4270 2488 4341 μυλαῖος
2527 4270 2696 4341 ἰχθύς.
2745 4270 2858 4325 Suo
2909 4273 3030 4327 loco
3068 4273 3174 4328 hoc
3204 4274 3351 4344 leges

140 4363 552 4434 τῆ.·ξ·⁶1>υρτοῖσιν
581 4403 596 4425 ,
637 4362 888 4426 εἰκαίοις,
928 4363 1474 4434 συμπεφυραμένοις·
1517 4365 1568 4417 οἱ
1615 4365 1670 4418 δὲ

1774 4367 1829 4420 in
1864 4366 2042 4420 littera
2081 4367 2140 4417 Δ.
2181 4363 2294 4433 Ego
2337 4381 2467 4418 vero
2516 4379 2692 4434 nugas
2737 4365 2836 4418 has
2870 4380 2992 4419 esse
3044 4381 3222 4420 meras
3252 4367 3351 4421 tibi

139 4456 298 4525 ἄλφιτα
341 4456 467 4527 οἴνῳ
497 4454 796 4524 δεδευμένα
851 4453 1357 4522 συμπεφυρμένοις.
1387 4453 1520 4508 Tam
1555 4458 1671 4512 scio

1777 4458 2082 4513 denuntio:
2122 4456 2391 4524 scriptum
2415 4456 2564 4509 enim
2590 4457 2835 4524 Oportuit
2872 4455 3158 4526 Ἐλεδώνη,
3189 4458 3352 4528 ὀσμύ-

142 4548 320 4599 verbum
352 4547 603 4600 ultimum
649 4558 680 4597 a
709 4550 1026 4596 correctore
1051 4542 1289 4610 quodatn
1328 4559 1472 4605 esse,
1507 4561 1670 4612 quam

151 4652 206 4692 me
238 4638 424 4693 vivere.
458 4636 617 4690 Nulla
643 4634 915 4689 dubitatio
966 4644 1074 4699 est,
1104 4633 1238 4705 quin
1278 4639 1352 4689 ita
1384 4638 1673 4707 scripserit

149 4725 400 4800 Hesychius
434 4747 448 4781 :
485 4729 792 4798 Φυρτοῖσιν,
841 4726 1090 4794 εἰκαῐοις,
1145 4731 1632 4799 συμπεφυρμένοις
1656 4749 1668 4762 ο

145 4824 238 4876 ne
261 4824 450 4893 ἄλφιτα
475 4822 602 4890 οἴνῳ
650 4819 968 4890 δεδευμένα.
1003 4819 1043 4890 ἰ-
1076 4820 1293 4874 Ἀντιδι.
1337 4822 1402 4876 ἄν
1429 4839 1536 4875 τινι
1569 4825 1674 4876 ἐνέ-

145 4915 301 4982 γμεθα,
329 4914 721 4985 ἐναντιώμεϐα.
742 4913 871 4989 [Si]
902 4913 1038 4968 Cum
1073 4914 1404 4968 vocabulum
1447 4915 1547 4969 huc
1580 4933 1674 4970 ve-

148 5007 232 5059 niat
253 5023 377 5076 pone
421 5005 867 5075 Ἀντιμίσθωτος,
920 5005 1065 5059 scire
1105 5003 1230 5058 licet
1259 5020 1326 5058 ex
1366 5006 1670 5062 litterarum

151 5097 255 5150 serie
300 5100 370 5152 sic
423 5108 704 5152 auctorem
781 5095 1096 5165 scripsisse.
1158 5097 1669 5166 ’Λντινιενὲγμεθα,

152 5186 485 5260 ἐναντιώμεοα.
523 5188 719 5243 Postea
745 5187 991 5256 quidam,
1018 5187 1110 5256 qui
1139 5185 1500 5258 deprehendit
1523 5205 1670 5244 erra-

155 5281 587 5347 tum,emendavil,
619 5279 1018 5348 ἀντιδι-ευρτξι
1069 5279 1518 5348 ἀντινιενέγμεοα
1571 5281 1673 5336 im-

158 5373 303 5436 posito.
323 5372 536 5429 Scimus
561 5387 752 5427 omnes
772 5371 845 5426 ita
876 5371 992 5424 ﬁeri
1012 5372 1206 5424 solere.
1230 5372 1468 5425 Tandem
1488 5380 1670 5426 autem

162 5461 316 5531 ineptus
333 5465 599 5534 quispiam
627 5463 887 5516 librarius
908 5477 1024 5515 eam
1054 5462 1340 5530 utriuSque
1363 5461 1514 5514 vocis
1542 5475 1672 5514 con-

163 5537 451 5609 tinuationem
486 5554 656 5616 ~l'ccit,
699 5567 864 5622 quam
897 5550 1062 5605 hodie
1088 5551 1358 5605 videmus.
1391 5550 1674 5622 Ἐκλύτρι-

169 5646 540 5716 αιν,ἑκλύρισον,
589 5645 850 5714 κάλυψον.
902 5645 1040 5698 Illud
1074 5644 1358 5716 ἐκλύρισον
1384 5660 1450 5699 ex
1482 5645 1670 5699 eadem

169 5735 409 5794 estoliicina
429 5744 834 5794 correctorum.
873 5736 1108 5808 Scripsit
1136 5735 1442 5807 llcsychius
1487 5737 1671 5790 Ἐκλύ-

1776 4548 1865 4609 lo;
1899 4547 2070 4616 ἰχθύς.
2109 4545 2286 4600 Piscis
2315 4553 2402 4600 est
2449 4546 2516 4599 de
2558 4546 2887 4615 polypodum
2921 4563 3154 4615 genere;
3186 4564 3349 4616 quem

1779 4645 2090 4691 memorant
2113 4635 2460 4698 Aristotcles,
2491 4635 2804 4700 Athenazus,
2841 4637 2956 4688 alii.
2995 4637 3140 4690 idem
3178 4637 3350 4708 llcsy-

1777 4727 1936 4783 chius
1973 4745 1986 4778 :
2029 4726 2296 4796 ὐσμύλια
2330 4723 2440 4776 τῶν
2495 4723 2814 4777 πολυπόδων
2847 4727 2900 4776 αἱ
2945 4723 3154 4788 agam“
3197 4725 3352 4793 λεγό-

1780 4837 1959 4890 μεναι,
1988 4819 2085 4871 καὶ
2124 4815 2336 4888 ἰχθύδια
2365 4815 2495 4868 ποιὰ
2521 4816 2656 4869 ἄττα
2686 4815 2899 4887 εὐτελῆ.
2941 4816 3202 4886 Ὀσμύλαι
3235 4819 3354 4888 βολ-

1777 4914 1976 4964 ὅιτῖναι
2036 4909 2337 4964 θαλάσσιοι.
2395 4907 2488 4964 Sic
2547 4911 2878 4964 emendandi
2933 4920 3061 4966 sunt
3114 4911 3167 4966 hi
3223 4913 3352 4970 loci.

1777 5004 1983 5058 Videor
2015 5012 2196 5057 autem
2236 5002 2369 5055 mihi
2409 5002 2617 5069 videre,
2661 5005 2792 5073 quid
2828 5005 3124 5058 errationis
3160 5020 3350 5059 ansam

1779 5096 2053 5168 llesychio
2077 5093 2310 5147 dederit.
2328 5091 2598 5147 Nimirum
2636 5094 2689 5147 in
2714 5102 2938 5148 auctore
2961 5109 3063 5149 suo
3085 5097 3350 5163 scriptum

1777 5195 1898 5239 erat
1931 5187 1963 5255 ἡ
2004 5185 2050 5236 δ’
2100 5182 2334 5253 ἑλεδώνη
2364 5184 2446 5238 vel
2483 5184 2656 5255 μιαρὰ
2703 5185 2747 5238 δ’
2783 5185 3013 5254 ἑλεδώνη
3045 5185 3128 5238 vel
3173 5184 3354 5237 simile

1777 5275 2058 5346 quippiam
2091 5291 2104 5327 :
2135 5273 2224 5326 ille
2251 5273 2440 5334 miser,
2471 5289 2594 5327 cum
2625 5289 2726 5327 sua
2759 5283 2918 5328 aetate
2947 5274 3068 5326 libri
3099 5280 3349 5325 carerent

1783 5367 1959 5438 signis
1986 5373 2272 5428 accentus,
2309 5365 2607 5435 δελεδώνην
2640 5366 2844 5433 piscem
2880 5362 3106 5427 ellinxit,
3132 5361 3349 5430 qualem

1781 5475 1961 5528 neque
2012 5456 2245 5520 Nereus,
2297 5473 2474 5526 neque
2533 5458 2845 5525 Neptunus,
2905 5469 3005 5507 nec
3049 5453 3167 5520 ipse
3197 5459 3352 5524 paler

1775 5551 2025 5606 Oceanus
2072 5551 2375 5620 agnoverit.
2406 5549 2546 5604 Ecce
2596 5545 2741 5600 aliud
2783 5545 2910 5599 huic
2965 5544 3261 5614 genuinum
3294 5550 3352 5598 et

1777 5659 2118 5714 germanum.
2152 5641 2192 5712 -ι-
2218 5641 2485 5705 Θολκάζει
2516 5639 2900 5710 χαλιναγωγεῖ.
2929 5637 3119 5700 Nemo,
3152 5643 3210 5688 ut
3231 5633 3351 5703 opi-

1779 5750 1903 5798 nor,
1927 5732 2145 5787 iulicias
2177 5731 2512 5801 iverit,quin
2543 5733 2613 5782 ita
2648 5729 2908 5800 scripturn
2935 5725 3118 5791 fuerit,
3143 5725 3351 5794 absque
