3862 6318
565 279 669 342 743

1374 273 1472 336 DE
1523 275 1842 336 JOANNIS
1874 275 2196 336 MALAL/E
2231 275 2887 336 CHRONOGRAPHIA
3697 291 3759 353 πμ

567 400 750 443 tamen
781 385 932 442 nutis
965 389 1234 439 accentus
1261 401 1271 437 :
1311 384 1544 446 Ἵππους
1567 383 1616 435 θ’
1641 383 1882 447 ὁλκάζει,
1904 383 1985 438 vel
2010 383 2156 452 Νῆάς

2265 381 2307 451 1-
2347 382 2608 452 ’Δτρεμῆ,
2641 381 2813 449 ὑγεία.
2849 378 3013 432 Pace
3041 376 3199 447 quod
3243 386 3334 430 tua
3356 377 3566 446 dicatur,
3589 384 3760 462 Hesychi,

569 483 617 534 θ’
649 480 890 544 ὁλκάζει.
921 479 1039 547 Ipse
1075 475 1381 546 Ilesychius
1409 491 1422 528 :
1471 475 1746 539 Ὀλκάζει,
1768 477 1940 542 ἕλκει,
1973 476 2156 547 χαλιν-

571 568 801 640 αγωγέῖ.
863 567 1002 621 Illud
1061 575 1247 620 autem
1327 566 1581 631 θολκάζει
1637 567 1775 623 cedo
1824 583 2156 638 queinquam

569 662 883 716 mortalium
921 658 1013 728 qui
1069 658 1278 727 legerit.
1314 657 1354 728 1-
1381 659 1796 726 Ἐνδεκάτευσα,
1834 659 1994 730 τήνδε
2043 659 2154 712 κώ-

569 767 680 818 πην
727 747 1268 818 'anapEaipqulc-‘cta
1315 748 1620 803 serie.boc
1673 748 1940 816 scriptum
1981 748 2156 803 oﬂ'en-

569 841 688 906 des,
720 848 780 894 ut
822 847 875 894 et
919 840 1024 892 alia
1081 853 1201 908 qua:
1239 837 1505 908 deinceps
1557 856 1586 891 a
1624 854 1710 893 me
1751 839 2152 908 proferentur:

571 931 722 1001 quod
758 937 909 984 certo
944 929 1152 983 indicio
1178 936 1256 983 est
1291 944 1404 982 non
1435 945 1462 981 a
1499 929 1744 991 librario,
1773 929 1867 984 sed
1892 931 1962 985 ab
1988 929 2157 1002 Hesy-

572 1023 698 1078 chio
729 1022 850 1091 ipso
881 1028 1168 1090 peccatum
1227 1034 1376 1074 esse.
1427 1021 1592 1088 Atqui
1623 1020 1690 1072 ad
1728 1020 1875 1074 hunc
1932 1021 2154 1075 modum

571 1113 815 1168 edidisse
851 1111 1080 1165 debuit:
1129 1111 1516 1175 Ἐδεκάτευσα,
1551 1109 1650 1180 τὴν
1699 1109 1936 1181 δεκάτην
1979 1114 2156 1180 ἐπρα-

573 1202 773 1276 ξάμην.
803 1203 845 1273 1-
890 1201 1261 1263 Διατεύονται,
1312 1199 1664 1271 μερίζονται,
1701 1208 1756 1254 et
1813 1201 2152 1266 Διατεύοντο,

573 1295 912 1366 ἐμερίζοντο.
942 1291 1016 1345 Ea
1067 1292 1378 1345 similitudo
1408 1301 1492 1344 est
1545 1290 1573 1342 δ
1601 1299 1655 1344 et
1685 1291 1734 1344 δι
1775 1291 1829 1344 in
1875 1292 2031 1346 libris
2060 1306 2154 1346 ca-

575 1389 722 1441 lamo
773 1387 997 1448 notatis,
1041 1392 1100 1437 ut
1139 1383 1280 1437 haud
1329 1382 1488 1436 facile
1529 1385 1600 1437 sit
1650 1384 1994 1453 dignoscere.
2024 1383 2156 1438 Inde

574 1487 660 1532 est
705 1477 850 1546 quod
907 1475 1171 1529 mendosa
1227 1489 1290 1528 ea
1328 1473 1578 1542 posuerit
1627 1490 1731 1544 pro
1771 1473 2059 1528 Δατέονται
2102 1484 2155 1529 et

575 1566 860 1619 Δατέοντο.
898 1581 1020 1633 qua:
1068 1564 1218 1634 legas
1258 1563 1402 1633 apud
1434 1563 1750 1618 Homerum.
1779 1565 1820 1636 1-
1846 1564 2152 1636 Σικυλλιᾷν,

574 1659 637 1711 τὸ
659 1658 784 1720 τοὺς
807 1657 1074 1727 κροσσοὺς
1100 1655 1472 1709 ἀποσείεσθαι.
1506 1653 1742 1708 Verbum
1778 1655 1882 1709 hoc
1911 1656 2154 1726 reperies

2260 475 2315 528 in
2359 475 2445 530 his
2481 475 2660 530 verbis
2690 475 2846 528 οὐδὲν
2873 467 3072 541 ὑγιές.
3113 470 3388 540 Imposuit
3415 473 3502 528 tibi
3527 477 3762 548 depravata;

2257 566 2460 636 aliquis
2516 567 2687 620 codex
2723 563 3032 635 :oportuit
3091 562 3248 614 enim
3296 562 3677 636 Ἀρτεμῆ.ὐγιῑ,
3699 576 3762 634 Te.

2258 657 2438 726 ipsum
2495 659 2760 710 arbitrum
2814 656 3032 725 capio,
3073 653 3172 722 qui
3231 652 3346 705 haec
3405 655 3556 711 alibi:
3591 662 3764 738 Ἀρτεμῆ,

2258 748 2418 812 σῶον,
2451 748 2604 814 ὑγιᾶ,
2635 747 2919 816 σώφρονα.
2970 742 3290 815 Ἀρτεμὲα,
3322 743 3476 810 ὑγεία
3521 747 3634 820 (lege
3655 756 3762 824 ὑγιᾶ),

2257 837 2411 909 ὑγιῆ.
2445 837 2696 908 Ἀρτελὲς
2727 836 2986 908 (corrige
3025 832 3358 904 Ἀρτεμὲς),
3385 833 3546 903 ὑγιές.
3577 839 3664 914 (37]
3685 848 3764 903 δερ.

2257 929 2387 983 dum
2415 929 2678 998 peccandi
2717 929 2841 983 linis
2877 948 2893 982 :
2933 942 3080 983 ecce
3105 928 3263 981 enim
3295 928 3364 982 de
3393 928 3615 998 integro:
3645 936 3766 1009 11p.

2255 1022 2614 1092 τηνεστέραν,
2648 1022 3012 1091 ὑγιεστέραν,
3055 1018 3448 1091 ἐντιμοτέραν.
3482 1020 3651 1094 Duplex
3672 1046 3766 1086 ein.

2257 1119 2374 1166 tum
2405 1124 2510 1176 est,
2544 1112 2650 1168 hoc
2681 1113 2921 1177 librarii,
2961 1110 3111 1165 illud
3149 1113 3426 1167 auctoris.
3456 1114 3656 1184 Apparet
3675 1125 3762 1177 cui

2256 1217 2383 1257 cum
2410 1218 2477 1258 ex
2505 1202 2720 1268 ordine,
2761 1211 2876 1256 tum
2908 1217 2988 1258 ex
3030 1201 3524 1270 interpretatione,
3555 1221 3640 1261 non
3665 1213 3762 1267 aliter

2257 1291 2549 1361 scripsisse
2582 1289 2920 1362 Hesychium
2955 1305 3144 1361 quam
3186 1289 3620 1362 Ἀρτιμεστέραν’
3642 1313 3763 1368 nempe

2256 1381 2342 1435 vel
2395 1381 2686 1450 scripturae
2732 1381 3006 1436 mendum
3036 1424 3053 1447 ,
3098 1379 3194 1434 vel
3255 1380 3482 1436 minutae
3525 1382 3761 1456 fugientem

2258 1468 2474 1535 litterae,
2506 1469 2592 1524 vel
2625 1470 2792 1524 nimia
2826 1469 3138 1526 festinatio
3194 1469 3254 1522 in
3292 1482 3456 1524 causa
3483 1469 3574 1525 fuit
3596 1489 3666 1527 cur
3681 1478 3761 1532 illud

2256 1559 2541 1614 exhiberet
2595 1575 2695 1629 pro
2747 1560 3250 1634 ’Δρτεμεστέραν.
3303 1560 3438 1614 Cum
3485 1572 3630 1618 autem
3665 1570 3760 1637 ἀρτι.

2260 1650 2532 1722 μεστέραν
2571 1666 2681 1706 non
2726 1653 2970 1706 multum
3013 1653 3288 1708 absimile
3339 1652 3411 1708 sit
3454 1654 3523 1722 τῷ
3565 1655 3762 1725 Time-.3:

576 1747 720 1801 inter
749 1745 935 1798 Σίόολε
965 1754 1020 1800 et
1053 1744 1276 1811 Σιϐύνη.
1321 1743 1444 1813 Ipse
1488 1745 1798 1798 litterarum
1839 1744 1976 1798 ordo
2017 1744 2156 1798 satis

2261 1758 2390 1811 ραν,
2423 1743 2514 1798 ille
2552 1743 2853 1799 secundam
2893 1745 3442 1813 interpretationem
3487 1744 3760 1804 liberalissime

577 1846 902 1907 argumento
926 1847 1011 1890 est
1034 1837 1102 1888 ab
1134 1833 1408 1906 Ilesychio
1432 1836 1670 1904 positum
1697 1849 1820 1889 esse
1847 1833 2152 1905 Σιϐυλλιᾷν,

574 1929 744 1998 idque
776 1943 966 2005 errore
1021 1926 1317 1980 manifesto
1353 1941 1452 1994 pro
1497 1925 1810 1996 Σιλλυὸιᾷν.
1845 1925 2156 1996 Hesychius

573 2018 832 2082 Σίλλυϐα,
860 2018 1099 2088 κροσσοί·
1133 2019 1186 2068 oi
1216 2017 1271 2069 δὲ
1301 2017 1370 2068 τὰ
1401 2015 1636 2086 ἀνθέμια
1666 2019 1761 2069 καὶ
1793 2017 2152 2087 κοροκόσμια.

575 2111 768 2166 Pollux
801 2126 900 2176 vu,
941 2125 1064 2179 cap.
1093 2110 1159 2162 16
1189 2127 1203 2163 :
1246 2110 1386 2171 Τοὺς
1421 2109 1478 2160 δὲ
1515 2109 1779 2172 θυσάνους
1808 2110 1904 2162 καὶ
1931 2109 2156 2171 σίλλυβα

576 2205 624 2256 ot
670 2203 890 2255 παλαιοὶ
951 2201 1180 2255 καλοῦσι’
1241 2201 1465 2271 ποιηταί
1516 2200 1654 2271 [56].
1717 2199 1808 2254 Sic
1859 2203 2012 2256 locus
2053 2203 2158 2257 iste

579 2293 840 2364 tegendus
877 2303 960 2348 est
992 2309 1057 2348 ex
1097 2293 1290 2347 codice
1317 2309 1424 2346 ms.
1451 2294 1543 2360 qui
1581 2291 1686 2346 fuit
1713 2291 1790 2347 Is.’
1814 2291 2020 2346 Vossii.
2053 2292 2158 2346 Θύ-

579 2402 730 2439 σανοι
789 2394 970 2445 autem
1045 2400 1169 2440 cum
1239 2383 1450 2439 Polluci
1507 2391 1621 2436 tum
1694 2382 1967 2455 Hesychio
2027 2392 2160 2439 sunt

577 2479 824 2548 κροσσοί.
853 2477 893 2548 1-
931 2477 1242 2547 Ἐρεθέντα,
1276 2478 1334 2527 ὲν
1361 2455 1524 2528 ’ὕδατι
1563 2476 1953 2543 ἀποπνιγέντα.
1995 2475 2159 2546 Ἐρα-

493 2624 500 2631 ,
578 2570 744 2636 θέντι,
781 2569 1060 2637 ληφθέντι.
1105 2567 1419 2622 Purtentosi
1471 2581 1712 2621 errores.
1755 2565 1965 2633 Primo,
1996 2581 2159 2636 opor-

579 2662 684 2714 tuit
717 2660 986 2728 scriptum
1008 2657 1331 2728 Ἐρχθέντα.
1364 2657 1486 2726 Ipse
1523 2658 1672 2710 enim
1706 2658 1830 2709 alibi
1858 2676 1870 2710 :
1907 2657 2160 2727 Ἐρχθέν-

576 2767 668 2815 τα,
707 2751 764 2802 ὲν
818 2748 974 2802 ὕδατι
1023 2749 1307 2818 πνιγέντα.
1351 2748 1429 2802 Ita
1472 2747 1700 2803 Photius
1747 2750 2057 2817 patriarcha
2102 2751 2156 2804 in

577 2839 780 2896 Lexico
814 2856 915 2894 ms.
955 2839 1032 2894 Ita
1056 2839 1278 2894 Suidas.
1304 2838 1488 2893 Locus
1511 2848 1594 2894 cst
1629 2839 1685 2892 in
1709 2839 1752 2890 Φ
1783 2838 1966 2892 Iliadis
1999 2857 2013 2892 :

577 2955 709 3009 Νῦν
733 2953 801 3008 δέ
829 2970 905 3021 με
933 2951 1244 3021 λευγαλέῳ
1277 2953 1480 3016 πότμῳ
1511 2953 1756 3019 εἵμαρτο
1786 2950 2014 3005 ἁλῶναι

593 3023 981 3118 ςξρξθςένξκὲν
993 3022 1235 3118 μεγάλέυ
1252 3022 1514 3118 nempe},
1531 3023 1610 3086 ὡς
1630 3021 1810 3100 {rorida
1829 3021 2155 3098 σρφορϐὸν,
2185 3059 2227 3118 C

581 3095 688 3146 "0r
704 3092 786 3162 ,ὀά
808 3093 860 3146 τ’
887 3093 1147 3157 ἔναυλος
1170 3092 1459 3160 ἀποέρσει
1483 3092 1728 3160 χειμῶνι
1755 3092 2048 3158 περῶντα.

581 3195 808 3270 Iterum,
857 3206 990 3259 illud
1035 3203 1318 3275 Ἐραθέντι
1358 3203 1566 3256 librarii
1609 3212 1892 3271 peccatum
1938 3213 2022 3257 est
2061 3217 2160 3272 pro

595 3295 888 3366 Ἐρεθέντι.
913 3295 1143 3350 Constat
1173 3295 1275 3348 hoc
1303 3311 1366 3348 ex
1395 3295 1792 3348 elementorum
1815 3295 2028 3350 ordine.
2055 3296 2158 3362 Qui

517 3371 536 3388 ⁸
582 3371 816 3452 quidem
841 3393 927 3438 est
967 3399 1126 3438 error
1151 3383 1417 3444 auctoris,
1457 3398 1555 3452 pro
1599 3383 1903 3454 Αἱρεθέντι.
1938 3387 2005 3440 Αἰ
2042 3395 2094 3440 et
2120 3387 2160 3438 E

584 3475 729 3544 apud
771 3473 994 3528 Graecus
1042 3490 1150 3528 non
1202 3474 1470 3528 differunt
1546 3475 2033 3543 pronuntiatione;
2094 3477 2162 3532 de

583 3582 691 3635 qua
725 3581 784 3619 re
825 3574 1010 3634 postea
1067 3565 1227 3634 plura
1260 3564 1524 3618 dicemus.
1557 3564 1696 3620 Ecce
1743 3566 1846 3618 alia
1878 3576 2157 3621 monstra:

583 3657 626 3728 1-
641 3657 970 3725 Ἐπαλογῆς,
993 3655 1254 3725 σπουδῆς,
1276 3655 1710 3720 ἁνταποδόσεως.
1733 3657 1904 3722 Quam
1930 3658 2163 3728 turpiter

585 3758 770 3802 autem
820 3749 908 3803 hic
944 3765 1004 3803 se
1031 3749 1184 3822 dedit
1223 3750 1234 3799 ι
1275 3747 1412 3803 adeo
1441 3749 1660 3816 quidem
1702 3759 1763 3804 ut
1807 3750 2046 3807 hominis
2078 3767 2163 3806 me

585 3839 788 3910 pudeat
870 3839 1183 3909 pigeatque.
1244 3839 1531 3909 Siquidem
1591 3838 2028 3905 Ἀνταποδόσεως
2079 3849 2164 3896 est

585 3929 925 3998 ἐπαλλαγῆς,
981 3937 1035 3982 et
1083 3928 1331 3997 Σπουδῆς
1371 3937 1456 3983 est
1510 3929 1851 4000 ὲπειγωλῆς·
1911 3930 2160 3999 putidum

585 4031 767 4074 autem
795 4035 970 4088 (suum
1006 4021 1281 4090 ὲπαλογῆς
1311 4021 1421 4087 ipse
1466 4019 1656 4072 habeat
1693 4036 1870 4074 secum
1900 4031 2164 4092 servetque

585 4115 842 4180 sepulcro.
874 4111 915 4182 1-
949 4112 1238 4182 Ἀχινάων,
1267 4111 1377 4168 τῶν
1409 4111 1668 4181 ἀχιδάων.
1705 4111 1990 4175 Hercules,
2015 4122 2162 4167 tuam

587 4205 780 4257 Iidem!
807 4184 1086 4257 enimvero
1107 4217 1214 4254 non
1238 4201 1310 4255 ab
1332 4202 1590 4256 omnibus
1615 4203 1882 4270 portentis
1896 4201 2164 4256 Graeciam

589 4295 854 4348 liberasti.
889 4292 1017 4345 Erat
1070 4293 1312 4345 hominis
1360 4292 1561 4345 eruditi
1592 4294 1670 4346 sic
1705 4292 1984 4348 edidisse:
2024 4295 2166 4364 Ἐχι-

588 4387 770 4450 νάων,
823 4386 932 4437 τῶν
988 4385 1304 4454 Ἐχινάδων.
1370 4381 1535 4438 Verbi
1608 4385 1768 4440 sedes
1825 4386 1879 4439 in
1943 4384 2162 4441 Homeri
2195 4387 2239 4442 D

589 4479 798 4535 Bmotia
832 4486 916 4532 est
937 4493 951 4530 :

696 4573 761 4624 Οἱ
787 4570 841 4623 δ’
874 4569 944 4622 ἐκ
972 4569 1312 4637 Δουλιχίοιο
1351 4566 1640 4636 Ἐχινάων
1669 4569 1722 4622 θ’
1752 4568 1984 4637 ἱεράων.

585 4665 625 4736 1-
654 4664 896 4728 Ἦθέσει,
927 4663 1100 4726 ἀνθεῖ,
1131 4661 1337 4730 ἀγνοεῖ,
1375 4662 1612 4732 παρορᾷ.
1637 4661 1835 4716 Adeste
1865 4664 1993 4730 huc,
2032 4663 2164 4718 con-

583 4755 827 4822 jectores
849 4764 902 4807 et
925 4753 1255 4821 interpretes
1279 4752 1906 4823 portentorum.Negant
1933 4768 2160 4824 usquam

588 4845 888 4913 quidquam
921 4842 1297 4896 monstrosius
1336 4841 1565 4898 vidisse.
1619 4841 1841 4898 Scilicet
1886 4844 2002 4899 haec
2036 4860 2160 4902 vera

589 4934 867 5002 scriptura
914 4940 1018 4991 est.
1060 4930 1371 5000 Ἀηθέσσει,
1403 4932 1564 5002 ἀηθεϊ
1594 4931 2012 5005 Etymologicon
2045 4950 2164 4988 rna-

587 5040 780 5094 gnum.
824 5021 1164 5092 Ἀηθέσσειν,
1192 5022 1430 5088 ἀγνοεῖν,
1454 5023 1698 5093 ἀπείρως
1721 5022 1884 5094 ἔχειν.
1927 5025 2162 5093 Ἀηθεῖν,

537 5107 542 5160 l
586 5099 893 5175 λανθάνειν,
915 5113 1389 5180 ἁνεπιστημονεῖν.
1413 5110 1717 5183 Hesychius
1741 5116 1891 5184 ipse:
1929 5115 2162 5188 Ἀήθειν,

592 5207 668 5278 μὴ
703 5206 976 5276 ὴθεῖσθαι,
1021 5205 1097 5277 μὴ
1146 5207 1319 5260 νοεῖψ
1369 5205 1512 5275 lege,
1544 5206 1752 5276 ἀηθεϊν,
1798 5210 1872 5280 μὴ
1909 5210 2162 5266 εἰθίσθαι.

602 5299 895 5370 ’Λήθεσκον
926 5300 1067 5370 (lege
1088 5297 1406 5370 ἀήθεσσον),
1427 5299 1716 5369 ἀσυνήθεις
1736 5297 1895 5371 ἦσαν.
1923 5301 1964 5372 1-
1992 5303 2168 5356 Ἐλεν-

587 5394 709 5462 τὴν,
738 5392 935 5444 ἔλαιον.
957 5390 1090 5445 Mira
1117 5407 1248 5446 vero
1271 5391 1616 5462 grammatici
1651 5394 1918 5448 eruditio!
1939 5395 2167 5452 Poteras

588 5485 734 5537 haud
770 5485 930 5553 paulo
953 5485 1174 5549 melius,
1209 5481 1488 5553 Ἐλεητὺν,
1519 5481 1669 5538 ἔλεον
1693 5501 1708 5518 ο
1733 5485 1779 5540 si
1803 5486 2022 5556 quidem
2058 5484 2167 5540 llo-

592 5578 782 5629 merici
815 5577 963 5630 illius
997 5577 1388 5631 meminisses:

594 5671 712 5720 om
757 5669 932 5721 Mn?"
973 5669 1336 5737 φρονέοντες
1364 5667 1456 5721 ἐπεὶ
1494 5668 1713 5738 φρεσὶν
1735 5669 1860 5722 οὐδ’
1885 5670 2162 5739 ἐλεητύν.

2257 1832 2486 1888 donavit
2515 1835 2583 1890 de
2615 1850 2718 1889 suo
2743 1851 2757 1900 ;
2791 1847 2960 1906 prout
2991 1850 3170 1890 error
3199 1849 3451 1890 errorem
3485 1851 3762 1905 generaren-

2259 1923 2356 1978 let.
2388 1923 2430 1994 1-
2459 1925 2826 1990 Ἀτισιλινοῖς,
2870 1925 3015 1998 περὶ
3063 1925 3140 1978 τὰ
3187 1924 3318 1978 λινὰ
3353 1925 3638 1994 ὲξαμμάτων
3665 1928 3759 1981 iise-

2258 2033 2362 2071 σιν.
2397 2016 2495 2073 Dic
2521 2017 2708 2085 sodes,
2749 2033 2937 2073 annon
2972 2017 3231 2088 aenigma
3272 2017 3373 2072 tibi
3433 2017 3641 2072 videntur
3664 2021 3762 2072 hac!

2257 2104 2521 2175 Equidem
2544 2122 2656 2162 non
2678 2122 2800 2162 sum
2826 2107 3135 2177 (Edipus:
3171 2106 3362 2162 ausim
3393 2115 3550 2160 tamen
3567 2123 3645 2176 pro
3660 2122 3763 2163 certo

2257 2197 2542 2266 polliceri,
2597 2207 2807 2254 rectam
2865 2199 3236 2270 scripturam
3293 2212 3419 2252 esse
3469 2196 3598 2265 Ἀψῐσι
3635 2199 3759 2252 λίνου.

2261 2285 2574 2358 Hesychius
2623 2289 2797 2342 alibi:
2845 2289 3042 2359 Ἀψῖσι
3081 2289 3264 2351 λίνου,
3322 2289 3540 2358 eam“
3571 2288 3648 2340 ani.
3685 2289 3757 2357 τῆς

2261 2377 2530 2448 συναφῆς.
2576 2379 2848 2434 Homerus
2885 2381 3106 2448 quinto
3145 2378 3380 2434 Iliadis:

2259 2491 2486 2558 Μήπως
2507 2492 2588 2558 ὡς
2614 2492 2793 2560 ἀψῖσι
2827 2494 3012 2547 λίνου
3051 2493 3290 2548 ἁλόντε
3316 2491 3594 2560 πανάγρου

2272 2561 2548 2629 Ἀνδράσι
2578 2559 3042 2630 δυσμενέεσσιν
3069 2563 3239 2630 ἕλωρ
3256 2563 3357 2616 καὶ
3378 2563 3551 2631 κύρμα
3563 2559 3752 2628 γένησθε.

2259 2671 2403 2738 Quid
2425 2687 2529 2741 ego
2558 2673 2626 2728 de
2656 2675 2781 2728 istis
2812 2674 3182 2744 dicam,qua.-
3212 2675 3426 2745 pagella
3454 2673 3652 2743 proxima
3672 2671 3752 2724 mihi

2259 2765 2314 2819 in
2369 2765 2560 2820 oculos
2609 2765 2942 2819 incurrunt?
2983 2766 3031 2836 1-
3089 2767 3437 2836 Ἀριστῆραι,
3485 2761 3647 2815 δοῦλαι.
3687 2760 3752 2815 De-

2260 2864 2455 2926 ceptus
2479 2863 2566 2910 est
2593 2855 2957 2910 similitudine
2994 2858 3324 2911 litterarum
3353 2855 3398 2906 Α
3422 2862 3472 2922 et
3493 2855 3544 2904 Δ.
3561 2850 3753 2919 Siquidem

2261 2945 2506 3013 oportuit
2535 2943 2860 3014 Δριστῆραι.
2885 2945 3008 3013 Ipse
3044 2945 3163 2998 alio
3190 2944 3314 2998 loco
3339 2961 3353 2996 :
3384 2939 3749 3012 Δρηστῆναι,διά·

2261 3051 2429 3098 κονοι,
2453 3034 2804 3106 θεράπαιναι,
2837 3035 2958 3105 lege
2997 3036 3358 3106 Δρηστῆραι.
3405 3032 3567 3088 Verbo
3599 3044 3753 3083 monen-

2261 3125 2389 3179 dum
2421 3135 2506 3180 est
2535 3143 2575 3186 t,
2607 3142 2657 3178 ει
2686 3133 2740 3178 et
2768 3143 2801 3197 η
2839 3127 2893 3180 in
2920 3125 3178 3194 Lexicis,
3205 3124 3500 3196 prasertim
3527 3120 3639 3191 apud
3659 3121 3750 3172 hunc

2259 3214 2855 3284 Nostrum,promiscue
2876 3218 3144 3288 usurpari
3164 3233 3180 3270 :
3201 3230 3334 3272 vera
3351 3215 3484 3270 enim
3501 3212 3690 3278 analogia
3703 3224 3752 3260 re-

2260 3306 2428 3376 quirit
2446 3317 2504 3360 ut
2535 3307 3222 3378 Spqaeetpaiscribamus.
3242 3307 3421 3362 Locus
3447 3313 3521 3359 est
3537 3301 3686 3370 Odyss.
3709 3299 3746 3350 T.

2374 3417 2537 3472 Τάων
2561 3418 2624 3471 αἳ
2651 3434 2742 3471 τοι
2766 3415 2933 3487 δῶμα
2951 3419 3112 3474 κάτα
3141 3419 3486 3489 δρήστειραι
3509 3415 3666 3468 ἔασιν.

2261 3531 2402 3587 Vide
2437 3541 2638 3596 tamen,
2674 3543 2731 3586 ut
2758 3533 3053 3604 magniﬁce
3084 3535 3157 3590 de
3204 3550 3266 3589 se
3296 3533 3535 3602 loquatur
3568 3526 3620 3578 ad
3645 3519 3746 3574 lami-

2262 3623 2453 3678 Iiarem
2487 3638 2644 3677 suum
2678 3621 2990 3694 Eulogium.
3023 3626 3102 3680 Οὐ
3137 3625 3272 3697 γὰρ,
3318 3623 3413 3685 ait,
3440 3620 3624 3687 ὀκνήσω
3659 3613 3747 3680 μετὰ

2262 3715 2578 3785 παρρησίας
2607 3715 2801 3780 είπεϊν,
2827 3718 2910 3769 ὅτι
2941 3717 3054 3771 τῶν
3086 3715 3448 3788 Ἀριστάρχου
3469 3704 3745 3764 καὶἊπίωῊς

2263 3809 2359 3860 καὶ
2392 3807 2717 3878 Ἡλιοδώρου
2776 3807 2977 3872 λέξεων
3021 3810 3366 3880 εὐπορήσας,
3417 3806 3503 3858 καὶ
3544 3799 3596 3852 τὰ
3628 3791 3747 3867 βιωλι

2264 3899 2520 3968 προσθεὶς
2545 3899 2914 3964 Διογενιανοῦ,
2945 3901 2974 3953 ὃ
3001 3901 3228 3973 πρῶτον
3263 3899 3355 3953 καὶ
3386 3897 3607 3966 μέγιστον
3629 3885 3744 3952 ὒπάῒ

2264 4008 2350 4061 χει
2388 3992 2795 4061 πλεονέκτημα,
2821 3991 2998 4046 ταῦτα
3023 3993 3071 4046 δ’
3105 3992 3272 4053 αὐτὸς
3310 3988 3415 4059 ίδίᾳ
3450 3984 3573 4056 χειρὶ
3591 3977 3745 4047 γράἓων

2267 4078 2377 4146 ἐγὼ
2412 4080 2551 4148 μετὰ
2587 4080 2771 4151 πάσης
2803 4079 3099 4151 ὀρθότητος
3136 4081 3236 4134 καὶ
3280 4073 3634 4148 ἀκριϐεστάτης
3656 4079 3742 4130 γρα-

2266 4170 2374 4238 φῆς
2403 4169 2546 4222 κατὰ
2591 4170 2684 4223 τὸν
2713 4173 3104 4242 γραμματικὸν
3151 4166 3492 4241 Ἥρωδιανόν.
3521 4163 3618 4228 Ego
3641 4166 3740 4248 vero.

2267 4261 2360 4328 qui
2387 4259 2686 4316 Theodosii
2719 4278 2822 4317 ms.
2851 4264 3123 4335 ἐπιτομὴν
3146 4264 3250 4332 τῆς
3274 4258 3504 4314 Καθόλου
3529 4247 3736 4335 llerodiain

2268 4351 2532 4414 Iectitavi,
2570 4352 2840 4407 testiﬁcor
2867 4331 3230 4423 parum'huie
3263 4348 3522 4422 promisso
3550 4339 3614 4394 vel
3637 4331 3738 4388 nullo

2270 4442 2433 4497 modo
2479 4443 2827 4498 satisfactum
2877 4459 3024 4500 esse.
3055 4445 3098 4516 1-
3141 4442 3484 4516 ’Δρήσθορεν,
3526 4430 3732 4516 ἐπήδησεν.

2269 4529 2535 4590 Vitiosius
2560 4533 2662 4589 hoc
2690 4535 2934 4605 quidem,
2963 4510 3128 4606 quam
3155 4510 3288 4590 illud
3321 4510 3532 4586 alterum
3557 4510 3733 4586 Ἀρὲσθι-

2272 4638 2383 4692 ρεν,
2411 4622 2705 4694 ἐπήδησεν.
2739 4622 2845 4678 Sed
2877 4639 2945 4679 ex
2976 4631 3209 4692 utraque
3240 4630 3388 4694 parte
3424 4607 3638 4673 ostendit,
3663 4609 3730 4650 non

2269 4713 2636 4769 lautissimam
2655 4715 2919 4771 doctrinae
2935 4717 3326 4786 supellectilem
3349 4710 3444 4767 sibi
3465 4700 3588 4760 domi
3603 4696 3727 4748 luisse.

2270 4801 2403 4869 Quaa
2435 4805 2582 4859 enim
2622 4805 2738 4861 haec
2778 4806 3182 4877 cunglutinatio
3210 4802 3324 4879 [58]
3367 4799 3632 4855 verborum,
3653 4789 3731 4879 illi?

2271 4867 2498 4952 dissolvi
2541 4895 2724 4953 denuo
2776 4867 3072 4968 divellique
3121 4867 3462 4954 desiderant?
3500 4867 3728 4938 nomina.

2271 4987 2358 5044 dis
2385 4987 2461 5042 M.

2415 5159 2432 5176 .
2459 5161 2473 5176 .
2501 5160 2517 5176 .
2542 5161 2556 5175 .
2587 5125 2619 5194 ο
2648 5122 2701 5176 δ’
2717 5122 2822 5194 Δἄρ’
2857 5124 3072 5194 ἔσθορε
3109 5123 3376 5194 φαίδιμος
3399 5114 3586 5173 Ἕκτωρ

2414 5193 2607 5246 Νυκτὶ
2630 5191 2740 5262 θοῇ
2773 5191 3380 5261 ἀτάλαθίτοςῖὺπώπια.

2286 5305 2692 5378 Ἀρενοὸοσκδς,
2726 5305 3190 5377 προὸατοὸοσκός.
3236 5299 3442 5359 Mirifice
3472 5285 3658 5361 quidem

2274 5375 2408 5452 nihil
2439 5414 2632 5468 supra.
2664 5375 2833 5469 Atqui
2864 5398 3004 5468 ἀρὴν
3029 5399 3246 5470 ἀρῆνος,
3275 5399 3415 5464 pulo,
3443 5375 3719 5470 diciturqttfl"

2273 5455 2681 5556 dpévog'lunde
2718 5455 3080 5559 πολύρρτίνεςξ
3121 5455 3175 5545 et
3320 5475 3592 5559 Oﬁéf’mmf
3627 5455 3714 5559 ψ’]

2275 5546 2406 5648 quin
2450 5546 2656 5636 iambei
2705 5546 3431 5651 principiumnfueritﬁaplﬂl
3481 5546 3716 5651 δορ¹¹ξ³ξίῖ¹¹³

2289 5636 2745 5741 ίΑρηνονοσκδςῘ.
2783 5713 2795 5725 .
2838 5715 2850 5727 .
2963 5687 3034 5728 ne
3065 5636 3399 5728 dubitandum
3437 5636 3707 5718 estquidem.
