3862 6318
157 318 251 395 ξ’ιὸ

1236 320 1597 382 EPISTOLA
1643 319 1853 380 RICII.
1894 315 2277 380 BENTLEII.

2348 284 2379 299 α

3304 313 3408 379 746

154 442 343 500 Melius
393 441 518 511 ipse
559 437 732 495 alibi:
773 435 1191 509 Ἀρηνιϐοςκδς,
1258 435 1722 506 προϐατοϐοσκδς,

1839 434 2097 502 Κάλυξινο
2127 434 2159 498 ζ
2185 447 2283 504 pro
2313 431 2372 496 ξ·
2407 444 2570 501 quem
2601 443 2851 486 errorem
2900 428 3105 487 millies
3132 433 3402 489 erravisse

149 532 427 605 Σοφοκλῆς
493 532 685 605 Τυροῖ.
729 529 841 585 Καὶ
896 530 1169 600 γράφεται
1224 527 1281 582 δὲ
1329 527 1729 600 ὲρῤηνοϐοσκδς

144 628 229 681 διὰ
264 642 326 679 τι
364 623 468 689 τοῦ
495 626 515 644 ’
544 624 624 677 ῑω
659 622 758 676 καὶ
797 621 905 675 τῶν
951 619 1149 690 βόρων.
1196 618 1397 675 Verum
1449 619 1542 674 hic
1601 619 1730 688 qui-

142 718 259 774 dem
314 714 485 795 locus
542 728 577 768 a
623 711 848 767 librario
898 711 1137 780 pessime
1171 720 1434 780 acceptus
1470 710 1733 779 est:ipse

150 815 337 864 auctor
366 805 578 876 procul
630 803 789 858 abest
831 817 862 856 a
914 817 1079 856 noxa.
1132 800 1274 872 Lege
1316 800 1593 872 Σοφοκλῆς
1626 802 1728 853 To.

141 903 220 973 ροῐ
254 895 322 968 β’,
355 896 652 969 γράφεται
694 894 751 949 δὲ
790 893 887 948 καὶ
935 892 1330 966 ὲρῤηνοϐοσκδς
1358 890 1450 945 διά
1485 907 1548 944 τε
1578 889 1672 943 τοῦ
1706 906 1731 943 ε

141 988 367 1044 καὶτῶν
398 988 450 1058 β’
488 988 636 1059 ρὦ.
696 985 995 1048 Scribitur,
1047 984 1146 1051 ait,
1181 981 1585 1055 ὲρῤηνοϐοσκδς
1636 995 1733 1051 per

140 1085 369 1139 litteram
406 1096 459 1144 ε,
495 1087 559 1136 et
581 1079 861 1150 duplicem
890 1094 944 1148 ρ.
977 1075 1405 1147 Etymologieum
1427 1088 1730 1145 magnum:

148 1170 616 1245 Ἐρῤηνοϐοσκδς,
646 1171 676 1222 ὀ
712 1166 1158 1239 προϐατοϐοσκὸς
1189 1167 1247 1218 ὲν
1288 1165 1457 1236 Τυροῖ
1485 1163 1531 1235 β’
1569 1164 1735 1231 Σοφο-

137 1264 284 1333 κλῆς.
316 1260 361 1332 1·
389 1261 733 1330 Ἐμπήρους
756 1267 810 1314 et
837 1257 1126 1328 Ἐμπηροι
1169 1255 1370 1310 vitium
1401 1255 1734 1325 exemplaris

135 1366 208 1411 est
261 1369 362 1423 pro
403 1352 747 1424 Ἐμμήρους
792 1359 847 1404 et
878 1350 1185 1420 Ἐμμηροι.
1225 1347 1348 1417 Ipse
1382 1347 1512 1401 alibi
1541 1362 1736 1402 einen-

138 1445 304 1499 date:
353 1443 721 1513 Ἑμμήρους,
769 1443 828 1493 ὲν
880 1438 1122 1510 ὁμηρείᾳ
1174 1437 1357 1502 ὄντας,
1413 1437 1565 1508 παρὰ
1607 1438 1734 1501 τοὺς

135 1535 376 1605 ὁμήρους
404 1535 545 1597 τοὺς
572 1534 669 1586 ἐπὶ
717 1532 988 1602 συμϐάπι
1047 1529 1381 1601 διδομένους.
1435 1529 1607 1586 Totus
1632 1544 1734 1584 au-

136 1633 240 1679 tem
289 1626 454 1679 locus
494 1624 570 1677 ad
600 1623 749 1679 hunc
785 1620 1007 1676 modum
1051 1619 1473 1676 constituendus
1507 1629 1634 1675 est:

248 1753 636 1823 ‘Emniocvc.
664 1740 995 1823 Δημήτριός
1016 1751 1086 1823 ἐν
1119 1751 1381 1823 Σικελία-

234 1820 715 1892 Αὰκὲδᾱιμόνιοὶ
732 1824 784 1877 θ’
802 1821 971 1890 ἡμῶν
992 1820 1065 1874 τὰ
1082 1822 1252 1892 τείχη
1273 1820 1625 1892 κατέϐαλον,

234 1894 347 1948 Kal
377 1894 503 1957 τὰς
516 1889 780 1961 *τριήρεις
803 1889 1026 1961 ἔλαϐον
1048 1891 1405 1958 Ἑμμήρους,
1433 1889 1595 1961 ὄντως

236 1963 471 2031 Μηκέτι
512 1959 1085 2028 θαλαττοκρατοῦὴο
1113 1960 1625 2027 Πελοποννήσιοι.

143 2074 456 2132 Demetrius
525 2074 631 2129 iste
685 2072 932 2129 comicus
988 2070 1128 2137 fuit;
1175 2078 1227 2125 ct
1265 2070 1357 2126 illa
1410 2069 1594 2124 fabula
1646 2069 1735 2125 in-

146 2169 351 2239 scripta
376 2175 475 2222 est.
519 2166 733 2222 Sicilia.
763 2162 946 2230 Quare
972 2169 1258 2234 perperam
1297 2163 1562 2216 hactenus
1589 2160 1739 2229 judio

152 2268 338 2316 rarunt
365 2260 489 2315 viri
522 2257 711 2322 docti;
747 2257 844 2326 qui
875 2254 1202 2322 scriptorem
1233 2268 1357 2308 eum
1386 2252 1732 2315 historicum,

154 2352 459 2406 orationem
491 2356 676 2403 autem
703 2347 1013 2417 prosaicaiu
1037 2359 1161 2400 esse
1185 2350 1543 2399 censuerunt.
1568 2341 1737 2396 Athe-

160 2454 325 2504 netis,
350 2440 455 2494 lib.
495 2453 555 2492 ιιι
583 2454 598 2492 :
633 2436 946 2507 Δημήτριος
974 2436 1004 2488 ὁ
1025 2433 1410 2505 κωμῳδοποιὸς
1432 2433 1489 2485 ὲν
1510 2430 1588 2501 τῷ
1618 2434 1738 2482 ἐπι-

169 2532 493 2602 γραιξομένῳ
543 2529 788 2601 δράματι
833 2526 1073 2598 Σικελίᾳ.
1137 2522 1499 2596 Etymologici
1542 2530 1738 2575 auctor

176 2620 406 2686 Σικελοὺς
436 2620 723 2683 inscribit,
748 2632 860 2673 non
889 2614 1143 2671 Σικελίαν
1163 2631 1179 2646 ο
1205 2629 1331 2669 eum
1361 2612 1484 2669 vide
1516 2612 1570 2667 in
1601 2610 1739 2681 Ἐριο

179 2711 389 2783 μήρους.
416 2711 465 2782 σξ-
486 2711 860 2782 Χωρονομεῐν,
889 2705 1228 2779 ὀργίζεσθαι.
1260 2703 1489 2776 Oportet
1516 2708 1576 2756 ut
1601 2714 1739 2757 con-

174 2803 482 2858 uirentibus
510 2803 687 2858 oculis
718 2802 834 2855 haec
874 2799 1069 2870 legerit
1105 2796 1432 2869 Hesychius.
1472 2796 1588 2867 Ego
1617 2796 1739 2868 qui-

176 2892 282 2945 dem
306 2896 447 2950 meis
476 2894 565 2948 vix
599 2892 757 2947 fidem
795 2891 996 2953 habeo,
1031 2900 1157 2946 eum
1195 2888 1300 2942 ista
1360 2887 1502 2957 lego.
1536 2884 1741 2941 Procul

174 2981 328 3036 dubio
346 2988 433 3039 sic
465 2983 733 3053 scriptum
764 2990 848 3035 est
869 2994 899 3033 a
928 2979 1102 3050 prima
1135 2992 1303 3032 manu
1331 2995 1346 3031 :
1373 2978 1734 3048 χειρονομεῖν,

177 3074 465 3143 ὀρχεῖσθαι.
507 3074 626 3145 Ipse
673 3071 845 3127 alibi:
880 3070 1225 3142 χειρονόμος,
1280 3069 1577 3140 ὀρχηστής.
1628 3066 1739 3121 Ma-

178 3174 330 3219 nuum
372 3167 485 3222 iste
516 3174 729 3221 motum
763 3178 889 3217 cum
930 3169 1078 3217 certa
1119 3162 1239 3232 lege
1274 3168 1330 3215 et
1362 3175 1593 3217 numero
1636 3158 1735 3213 bo-

181 3267 288 3309 nam
336 3264 554 3327 partem
605 3251 921 3310 saltationis
967 3251 1100 3305 ollm
1140 3249 1534 3305 constituebat.
1571 3246 1738 3303 Plena

179 3354 293 3399 sunt
319 3345 703 3416 exemplorum
735 3343 943 3398 omnia.
974 3339 1269 3397 Lucretius
1299 3354 1312 3393 :

179 3451 279 3576 L39]
310 3456 473 3522 Quod
494 3462 751 3523 superest,
770 3469 872 3506 non
893 3461 972 3507 est
1004 3451 1200 3506 mirum
1225 3450 1519 3506 simulacra
1545 3452 1739 3505 moveri

221 3529 500 3576 radaiaaue
534 3527 587 3576 in
618 3539 891 3576 numerum
924 3522 1126 3576 iactare
1151 3532 1202 3576 et
1233 3531 1423 3576 uetera
1446 3522 1699 3576 membra.

221 3522 500 3598 riclsiaque
534 3522 587 3580 in
618 3539 891 3578 numerum
914 3522 1126 3592 jactare
1151 3532 1202 3577 et
1233 3531 1423 3577 caetera
1446 3522 1699 3576 membra.

184 3633 238 3687 Et
265 3644 451 3703 postea
475 3653 490 3690 :

187 3746 313 3817 Quid
345 3764 515 3815 porro,
545 3750 601 3803 in
623 3762 901 3804 numerum
924 3747 1204 3817 procedere
1231 3764 1351 3802 cum
1378 3748 1668 3803 simulacra

186 3815 448 3873 Cernimus
480 3820 780 3882 insomnis,
811 3829 858 3873 et
892 3815 1081 3875 mollia
1108 3822 1343 3874 membra
1370 3834 1594 3882 movere,

189 3883 366 3943 Mollia
394 3889 656 3943 mobiliter
689 3905 808 3943 cum
840 3888 1061 3943 alternis
1097 3888 1315 3942 brachia
1340 3888 1577 3974 mittunt.

187 3998 222 4069 ’ζ’
245 4001 502 4072 Κάλυψιν,
525 3980 747 4079 κάλυκα
785 3999 1185 4074 ἀντιστρόφως.
1215 3999 1452 4057 Medium
1483 4001 1589 4057 hoc
1618 4016 1742 4055 ver-

188 4088 303 4147 bum
338 4103 417 4150 est
464 4094 613 4150 inter
660 4091 1009 4149 Καλυδώνιον
1048 4102 1103 4148 et
1162 4093 1444 4157 Κάλυκας.
1486 4092 1740 4163 Agnosco

192 4200 391 4240 manum
437 4195 491 4242 et
548 4187 831 4257 ingenium
872 4186 1209 4242 correctoris
1259 4185 1401 4257 :qui
1461 4185 1737 4249 videlicet,

192 4288 301 4330 cum
351 4280 401 4332 iu
458 4278 731 4349 llesyebio
784 4293 891 4334 suo
938 4277 1146 4349 legerat
1198 4276 1448 4345 Κάλυψιν
1505 4276 1738 4343 κάλυκα,

192 4365 338 4438 idque
381 4371 844 4426 animadverterat
889 4376 1048 4424 extra
1081 4368 1283 4425 seriem
1309 4379 1364 4425 et
1410 4378 1741 4440 praepostere

1832 542 1979 591 eum,
2003 528 2049 581 si
2093 526 2184 581 hic
2231 525 2389 579 locus
2427 532 2593 590 esset,
2623 537 2775 577 nunc
2825 536 3043 592 possem
3091 525 3404 582 ostendere.

1832 619 2006 685 Quam
2053 627 2203 672 recte
2236 623 2421 670 autem
2463 614 2704 681 Κὰλυξιν
2743 614 3141 685 interpretetur
3165 617 3407 685 κάλυκα,
3500 660 3509 669 .

1835 711 2032 764 melius
2060 717 2225 765 estut
2251 708 2429 779 ipsum
2457 707 2525 762 ad
2550 705 2931 761 testimonium
2964 721 3226 763 vocemus
3260 726 3276 764 :
3301 710 3411 764 Καο

1832 801 2035 865 Nam,
2065 801 2234 871 ῥόδων
2262 797 2520 854 καλύκια.
2559 798 2820 864 Κάλυξις,
2859 798 3062 869 κόσμος
3106 816 3188 863 τις
3224 801 3289 854 ὲκ
3320 802 3411 872 ῥό-

1833 893 1957 947 δων.
1998 891 2183 947 llaheo
2212 892 2319 946 alia
2355 901 2634 950 sexcenta.
2671 906 2793 961 quae
2826 891 2929 945 hac
2973 894 3089 947 vice
3135 893 3412 948 condona-

1836 986 2008 1040 bitur.
2030 984 2231 1039 Verum
2259 984 2443 1040 hercle
2467 984 2513 1040 si
2538 999 2779 1053 unquam
2808 998 2941 1038 usus
2969 982 3156 1047 fuerit,
3186 993 3241 1038 ut
3270 1000 3411 1038 nova

1837 1073 2098 1144 llesychii
2141 1073 2310 1127 editio
2371 1081 2733 1143 procuretur;
2781 1071 2897 1141 qui.
2930 1079 2991 1125 ut
3022 1071 3077 1126 in
3127 1073 3411 1142 pudendos

1835 1180 2059 1220 errores
2106 1164 2303 1219 crebro
2352 1161 2635 1228 inciderit,
2678 1161 3009 1217 utilissimus
3048 1162 3410 1220 nihilominus

1835 1267 1890 1311 et
1946 1271 2082 1327 pene
2121 1255 2466 1311 necessarius
2518 1264 2604 1310 est
2651 1253 2930 1319 oumibus,
2961 1253 3055 1324 qui
3106 1255 3177 1309 ad
3225 1270 3410 1311 veram

1837 1348 2206 1403 eruditionem
2231 1346 2374 1400 viam
2405 1343 2665 1402 aﬂectant
2690 1364 2704 1399 :

1946 1438 2014 1492 Id
2045 1440 2143 1493 tibi
2168 1437 2233 1492 de
2256 1437 2417 1506 plano
2440 1451 2654 1506 possum
2681 1428 3010 1503 promittere,
3040 1435 3203 1501 Milli,

1837 1527 2083 1598 quinque
2117 1527 2240 1597 plus
2274 1526 2458 1582 minus
2490 1526 2665 1580 millia
2712 1525 3037 1579 tuendorum
3100 1543 3187 1582 me
3223 1542 3413 1584 corre-

1837 1630 2060 1673 cturum
2093 1633 2236 1681 esse,
2265 1617 2310 1674 si
2338 1616 2591 1684 libuerit;
2625 1631 2748 1686 quae
2788 1617 3021 1677 aliorum
3052 1617 3339 1689 εὐστοχίαν
3361 1632 3416 1676 et

1841 1711 2169 1767 laboriosam
2234 1709 2573 1779 diligentiam
2625 1709 2894 1762 hactenus
2947 1707 3258 1763 eluserunt.
3322 1707 3412 1774 Ut,

1763 1772 1807 1831 Β
1838 1805 1969 1859 illuc
1997 1804 2142 1860 unde
2168 1803 2299 1868 abii,
2327 1802 2543 1857 redeam
2581 1819 2594 1854 :
2625 1801 2828 1856 multos
2865 1801 3067 1871 ubique
3089 1799 3414 1856 Lexicorum

1838 1897 1990 1952 locos
2037 1894 2551 1951 containinaveruut
2581 1893 2954 1947 correctiones
2981 1892 3162 1947 illaiin
3198 1892 3313 1967 [40]
3350 1894 3417 1949 li-

1840 1987 2071 2041 brorum
2098 1982 2438 2054 marginibus
2478 1999 2490 2035 :
2516 1980 2664 2052 quod
2682 1995 2747 2036 ex
2781 1980 2877 2034 illo
2902 1989 3149 2050 tempore
3163 1997 3273 2051 quo
3296 1998 3418 2037 ver-

1840 2078 1968 2137 bum
2000 2076 2325 2131 mcndosuin
2359 2089 2485 2128 cum
2522 2072 2700 2127 altero
2726 2071 2959 2141 junctim
2992 2071 3416 2128 continuaretur

1835 2169 1891 2224 iu
1923 2183 2108 2234 versu,
2136 2182 2245 2221 non
2282 2165 2357 2220 uti
2407 2163 2611 2219 factum
2632 2162 2898 2232 oportuit,
2920 2161 3083 2216 litura
3112 2163 3414 2219 tolleretur.

1841 2259 2201 2315 Luculentum
2226 2256 2391 2325 hujus
2416 2255 2492 2309 rei
2522 2253 2830 2323 exemplum
2852 2260 3033 2307 exstat
3057 2255 3196 2323 apud
3212 2252 3414 2310 Julium

1838 2351 2119 2405 Pollucem
2150 2349 2244 2403 lib.
2274 2362 2372 2410 vn,
2404 2360 2526 2415 cap.
2546 2345 2638 2408 '53,
2669 2345 2761 2400 ubi
2792 2344 2936 2399 inter
2981 2345 3131 2399 varia
3191 2348 3416 2402 nomina

1834 2440 2083 2510 iactuum
2110 2438 2162 2490 in
2192 2436 2319 2491 ludo
2355 2435 2552 2489 talario
2584 2433 2941 2489 nominantur
2970 2434 3132 2504 ἄρτια
3160 2442 3213 2490 et
3239 2436 3419 2507 ἁρμα-

1837 2530 1973 2596 τίαι,
2032 2527 2342 2597 ἀντίτευχος
2396 2534 2451 2580 et
2504 2525 2819 2588 ἀντίτυπος,
2867 2524 3142 2594 ὲπιςρένων
3173 2534 3228 2580 et
3290 2528 3414 2581 ἐπι-

1842 2623 2045 2694 φέρων.
2089 2618 2195 2676 Sed
2235 2635 2301 2676 ex
2346 2619 2496 2675 hisce
2528 2617 2914 2674 hinisnuunisi
2938 2617 3154 2687 singula
3184 2633 3416 2688 quaeque

1839 2729 1871 2768 ιι
1906 2712 2126 2768 Polluce
2184 2708 2429 2780 proiecta
2461 2717 2614 2776 sunt,
2640 2716 2839 2762 cattera
2865 2722 2975 2776 qua
3007 2707 3121 2762 dixi
3155 2708 3241 2761 via
3278 2708 3417 2763 iusi-

1841 2811 2081 2861 nuarunt
2109 2817 2168 2857 se
2195 2803 2249 2854 in
2294 2801 2624 2855 orationem.
2674 2798 2773 2854 Cui
2842 2797 3063 2867 quidem
3129 2798 3417 2853 sententiae

1840 2912 1948 2951 non
1976 2895 2180 2950 invitus
2217 2891 2459 2954 accedet,
2501 2891 2591 2961 qui
2623 2887 2735 2958 jam
2774 2890 3011 2959 primum
3035 2901 3168 2944 ame
3204 2889 3415 2944 didice~

1842 2993 1914 3046 rit
1950 2989 2219 3044 iambicos
2251 3003 2375 3043 esse
2407 2988 2687 3041 trimetros
2721 3000 2785 3040 ex
2813 2984 3013 3039 Eubuli
3054 2984 3238 3038 fabula
3259 2984 3418 3038 Alea-

1843 3083 2075 3136 torihus.
2132 3079 2311 3133 Locus
2377 3077 2479 3131 hoc
2543 3076 2798 3146 exemplo
2827 3075 3250 3130 constituendus
3306 3087 3413 3130 est.

1850 3176 1908 3229 '0
1929 3178 2112 3246 μέντοι
2172 3178 2349 3243 Μίδας
2397 3180 2492 3232 καὶ
2553 3176 2663 3230 τῶν
2719 3175 2903 3247 μέσων
2956 3173 3128 3245 βόλων
3164 3169 3255 3245 ἦν.
3306 3175 3418 3228 Καὶ

1838 3268 2057 3323 ἄλλοιδὲ
2088 3270 2272 3324 πολλοὶ
2317 3271 2473 3337 εἰσιν,
2501 3269 2594 3334 οὓς
2628 3267 2885 3340 ὀνομάζει
2919 3266 3186 3332 Εὔϐουλος
3218 3269 3277 3322 ὲν
3305 3271 3418 3333 τοῖς

1838 3359 2146 3425 Κυϐευταῖς
2170 3377 2184 3392 ο

1838 3477 2194 3542 Κεντρωτός,
2221 3476 2398 3542 ἱερὸς,
2421 3474 2554 3544 ἄρμ’
2583 3473 2965 3543 ὑπερϐάλλον
2989 3472 3201 3539 πόδας,

1839 3545 2135 3611 Κήρυνος,
2157 3544 2475 3613 εὐδαίμων,
2510 3544 2797 3610 κυισώτος,
2818 3544 3008 3613 ἄρτια,

1840 3615 2140 3687 Λάκωνες,
2172 3615 2544 3687 ἀντιτειξχος,
2572 3613 2826 3687 ἀργεῖος.
2854 3616 3116 3679 δάκνων,

1845 3683 2211 3751 Ἡμόκριτος.
2242 3685 2561 3747 ἐλλείπων,
2592 3686 2916 3751 aluta/time,
2947 3687 3240 3751 ἐπιθετος.

1841 3749 2169 3821 rauim».
2222 3753 2505 3822 ἀγύρτης-δ
2552 3749 2816 3821 οἶστρος,
2848 3749 3276 3825 ἀνακάμπτων,
3316 3755 3418 3809 δο-

1842 3892 2124 3963 Λὰμπων,
2176 3895 2512 3959 κύκλωπες,
2570 3891 2888 3961 ἐπιφέρων,
2939 3824 3413 3964 σόλωνμέξῇιςων.

1844 4003 2047 4060 llorum
2084 4012 2265 4061 autem
2297 4019 2557 4060 versuum
2585 4004 2930 4076 ignoratione
2958 4012 3072 4059 tota
3095 4006 3179 4060 via
3208 4009 3417 4062 erravit

1840 4099 2080 4155 Joannes
2110 4098 2403 4164 Meursius,
2438 4099 2530 4169 qui
2560 4114 2656 4154 eos
2685 4112 2879 4153 omnes
2907 4098 3052 4153 inter
3071 4098 3256 4167 jactus
3301 4114 3444 4154 οπο-ο

1843 4195 1966 4249 dios
2017 4199 2286 4248 recenset.
2340 4191 2546 4262 Nempe
2610 4206 2719 4245 non
2771 4188 2971 4245 Eubuli
3019 4205 3144 4246 esse
3199 4192 3362 4245 verba
3394 4234 3409 4255 .

1843 4286 1935 4340 SCll
1968 4282 2205 4339 Pollucis
2252 4300 2266 4337 :
2317 4290 2371 4338 et
2431 4281 2561 4352 quia
2625 4279 2798 4334 Midas
2857 4289 3005 4335 esset
3063 4280 3174 4333 τῶν
3234 4280 3417 4351 μέσων

1846 4374 2036 4444 scim,
2064 4373 2249 4429 itidem
2282 4383 2339 4428 et
2367 4383 2661 4443 sequentes
2688 4386 2811 4428 esse
2839 4372 3141 4427 aibitratus
3168 4380 3272 4427 est.
3308 4370 3348 4427 S
3366 4373 3415 4427 nl

193 4460 321 4525 poni,
352 4464 686 4531 ascripserat
729 4460 785 4514 in
827 4459 1075 4529 margine
1098 4474 1129 4514 e
1154 4460 1377 4530 regione
1405 4459 1534 4525 loci,
1563 4459 1737 4513 Ἀντι-
1766 4459 1811 4515 Ι)
1842 4481 2032 4536 parum
2073 4474 2158 4522 est
2187 4465 2567 4531 dubitatiouiS,
2599 4464 2734 4533 quin
2783 4464 2911 4518 boni
2966 4463 3171 4518 fuerint
3219 4464 3415 4518 Εὐδαί-

193 4551 432 4622 στρόφως,
463 4569 660 4622 nempe
692 4552 799 4607 vice
843 4567 995 4606 versa
1026 4551 1133 4621 legi
1179 4558 1436 4620 oportere
1479 4549 1731 4616 Κάλυκα,

192 4638 413 4709 κὰλυψιν.
459 4640 660 4697 Postea
709 4641 845 4697 illud
891 4640 1269 4711 ἀντιστρόφως
1309 4656 1407 4712 per
1456 4641 1732 4695 inscitiam

193 4726 512 4788 librariorum
569 4733 875 4788 insinuavit
910 4747 971 4788 se
1012 4731 1066 4786 in
1117 4747 1359 4786 versum.
1387 4730 1525 4798 Quis
1565 4731 1734 4800 hujus

192 4821 253 4874 rei
281 4830 398 4880 ante
449 4840 553 4880 nos
606 4825 982 4894 suspicionem
1020 4822 1255 4878 habuit?
1293 4820 1439 4890 Quin
1491 4834 1546 4878 et
1598 4825 1734 4880 alihi

190 4922 293 4979 post
321 4932 502 4970 vocem
534 4915 995 4987 Προαϐἁλλοιντο,
1025 4930 1150 4984 quae
1178 4922 1229 4968 et
1255 4915 1371 4985 ipsa
1406 4915 1599 4971 vitiosa
1627 4924 1733 4977 est.

191 5003 285 5063 hac
326 5010 466 5081 leges
504 5029 517 5065 :
572 5009 916 5081 Προσελθὼν.
966 5010 1294 5082 προσϐαλὼν
1348 5010 1407 5075 ἐξ
1444 5012 1733 5081 ἀντιστρό-

192 5109 301 5161 φως.
352 5098 475 5153 Dele
530 5100 633 5153 hoc
686 5099 1094 5165 novissimum,
1136 5100 1283 5170 quod
1344 5100 1603 5154 nimirum
1665 5100 1736 5154 ab

191 5190 512 5247 enenclatore
554 5201 662 5255 est,
711 5191 805 5260 qui
860 5201 1221 5247 annotaverat
1264 5193 1554 5263 legendum
1606 5207 1734 5248 esse

193 5293 216 5329 ι
237 5296 455 5337 conversa
483 5282 816 5355 Προσϐαλὼν
851 5283 1185 5355 προσελθών.
1220 5283 1341 5352 Quo
1376 5285 1511 5340 nihil
1548 5287 1734 5342 verius

194 5367 282 5424 dici
328 5376 565 5446 potuisse
611 5391 814 5432 censeo
851 5395 866 5431 :
921 5377 1016 5432 sed
1068 5377 1123 5432 in
1164 5378 1364 5443 altero,
1409 5378 1732 5450 quicunque

195 5456 296 5523 luit,
326 5462 635 5535 longissime
669 5480 699 5518 a
738 5480 872 5521 vero
901 5466 1100 5521 ahl‘uit.
1154 5465 1411 5522 Profecto
1445 5468 1569 5538 plus
1613 5476 1729 5522 toto

194 5544 308 5602 cmlo
358 5553 562 5609 distant
614 5554 805 5620 Κάλυξ
859 5563 913 5611 et
971 5555 1237 5626 Κάλυψις.
1294 5556 1404 5628 Ego
1448 5572 1581 5611 vero
1627 5574 1727 5624 pm

191 5641 438 5706 explorato
465 5661 692 5714 prorsus
726 5647 847 5701 Ιδεὼι
868 5663 901 5699 o
933 5648 1012 5700 sic
1054 5651 1320 5718 scriptum
1360 5663 1485 5704 esse
1517 5648 1588 5704 ab
1618 5649 1724 5705 He-

192 5728 386 5797 tycliio;
419 5734 676 5799 Κάλυζιν,
724 5736 965 5790 κάλυκα·
1020 5753 1216 5805 nempe
1262 5738 1555 5813 depravate
1601 5741 1721 5795 loco

474 5824 747 5887 ΡΑτιιοι..
794 5828 909 5888 Gn.
957 5827 1184 5888 XCVII.

1843 4573 1960 4628 μων
1991 4564 2046 4613 et
2069 4556 2199 4627 ἃρμ’
2235 4556 2571 4628 ὑπερϐάλλον
2600 4556 2788 4621 πόδας,
2834 4555 2925 4627 qui
2976 4554 3236 4608 nimirum
3290 4557 3417 4611 aliis
3481 4622 3489 4629 _

1832 4650 2075 4719 iactibus
2134 4656 2287 4703 tanto
2351 4649 2605 4711 anteiret,
2659 4657 2870 4717 quanto
2901 4646 2996 4718 qui
3029 4646 3263 4717 pedibus
3310 4649 3419 4703 iter

1837 4740 2069 4805 laceret,
2098 4755 2128 4794 a
2154 4754 2319 4794 curru
2339 4740 2687 4807 vinceretur;
2714 4736 2898 4804 πεζὸς,
2921 4749 2981 4792 ut
3012 4738 3191 4805 aiunt,
3214 4738 3416 4794 ὁδεύων
3483 4752 3493 4763 ·

1800 4896 1814 4912 ν
1839 4831 1991 4902 παρὰ
2033 4829 2223 4884 Λύδιον
2282 4830 2455 4901 ἅρμα.
2505 4812 2727 4884 Δᾶκνων
2780 4840 2958 4886 autem
2993 4839 3051 4887 et
3081 4831 3336 4902 σφάλλων
3362 4841 3417 4890 et

1838 4923 2106 4975 ἐκλείπων
2135 4922 2335 4977 merito
2381 4922 2579 4992 opinor
2606 4937 2708 4980 suo
2748 4939 2850 4995 pro
2873 4923 3189 4983 infelicibus
3222 4926 3412 4984 haberi

1840 5023 2092 5085 possunt.
2144 5012 2253 5069 Sed
2279 5013 2348 5069 ad
2387 5015 2814 5073 Antiochensem
2864 5018 3028 5074 redeo
3063 5036 3077 5073 :
3115 5035 3241 5075 nam
3289 5035 3415 5077 sero

1838 5108 1984 5162 sensi
2011 5107 2170 5178 longe
2206 5107 2475 5179 longeque
2499 5108 2810 5167 declinasse
2840 5125 2927 5166 me
2947 5127 2976 5166 a
3008 5112 3319 5182 proposito.

1909 5197 2133 5268 Singula
2160 5199 2286 5252 dum
2320 5200 2462 5268 capti
2492 5200 2963 5256 circumvectamur
2986 5218 3188 5257 amore.

1912 5290 2041 5361 Pag.
2096 5291 2200 5345 ΗΞ
2247 5290 2449 5356 Καθὼς
2497 5293 2526 5345 ὁ
2564 5291 2875 5361 σοφώτατος
2939 5293 3241 5364 Εὐριπίδης
3296 5293 3414 5360 ἐξέ-

1834 5381 1958 5435 θετο
2012 5382 2199 5454 δρᾶμα
2257 5385 2590 5452 ποιητικῶς,
2647 5378 2724 5438 ὧν
2791 5385 2958 5457 μέρος
3039 5384 3221 5453 ὀλίγον
3293 5386 3413 5440 ἐστὶ

1833 5472 2026 5527 ταῦτα.
2062 5473 2232 5528 Multa
2258 5474 2479 5539 quidem
2520 5474 2875 5545 transcripsit
2917 5473 3226 5529 Malalasex
3258 5471 3410 5542 lphi-
3472 5458 3475 5459 ί

1832 5564 1985 5632 genia
2013 5564 2067 5618 in
2096 5561 2326 5628 Tauris;
2376 5580 2497 5634 quae
2523 5581 2587 5620 ex
2625 5580 2729 5624 usu
2786 5564 2950 5619 fuerit
2978 5563 3044 5619 ad
3113 5564 3408 5636 Euripiden

1831 5653 2067 5723 exigere,
2099 5668 2208 5722 quo
2239 5654 2305 5707 ile
2334 5655 2456 5724 eius
2483 5655 2733 5711 doctrina
2757 5668 2807 5711 et
2834 5656 2935 5709 {ille
2963 5670 3366 5727 cognoscamus
3389 5677 3405 5716 :

1829 5742 1873 5796 si
1906 5742 2031 5813 quis
2064 5741 2305 5814 [ll]_ilia
2348 5753 2457 5799 tam
2502 5744 2638 5799 dura
2696 5745 2912 5807 haheat,
2940 5752 2998 5798 ut
3051 5763 3171 5801 eum
3233 5747 3408 5807 muli.

2994 5834 3069 5900 24
