3862 6318
166 449 249 518 753

168 667 311 733 istpa
327 661 386 715 δι
407 662 639 717 πλεῖστα
656 665 886 718 τοιαῦτα
912 666 1001 719 διὰ
1021 665 1131 719 τῶν
1150 667 1228 720 κδ’
1248 659 1529 736 στοιχείων
1553 666 1732 737 ἀπαρ-

168 755 363 818 τίζοντα
392 752 522 807 ἴδιον
556 755 759 808 σκοπὴν
792 750 1206 826 εὖρομεν,οἷον·
1229 756 1383 820 Βέδυ,
1426 756 1560 827 ζὰψ,
1590 755 1730 826 χθὼ,

170 842 449 911 πλῆκτρον,
486 844 675 911 σφὶγξ,
716 845 746 898 ὃ
774 847 921 898 ἐστιν
950 846 1146 910 οὕτως’
1183 847 1317 900 Βέδυ
1340 849 1490 900 ἐστὶν
1518 848 1553 916 ἡ
1589 845 1734 915 ὑγρὰ

171 932 329 996 οὐσία,
354 931 461 1001 cae
480 935 514 1002 ὴ
545 933 807 1004 πυρώδης
835 935 1014 998 οὐσία,
1044 935 1160 1006 χθὼ
1183 938 1216 1006 ἡ
1247 939 1341 1007 γῆ,
1373 936 1651 1005 πλῆκτρον
1677 934 1734 988 δὲ

169 1025 342 1095 tam,
376 1023 540 1093 σφὶγξ
575 1027 608 1093 ή
642 1025 846 1079 τούτων
872 1027 1025 1095 φιλία
1066 1028 1157 1081 διὰ
1199 1029 1262 1080 τὸ
1318 1026 1733 1096 συνεσφζγχθαι.

170 1115 401 1178 Κλώδιος
423 1115 481 1168 δὲ
512 1119 542 1168 ὁ
569 1116 914 1187 Νεαπολίτης
943 1117 1120 1183 οὕτως
1164 1119 1481 1191 ἡρμήνευσε
1507 1118 1567 1170 τὸ
1599 1131 1738 1186 προ·

169 1206 425 1275 κείμενονο
456 1207 587 1277 ἀὴρ,
621 1206 890 1272 Θάλασσα,
919 1210 1016 1279 γῆ,
1047 1209 1221 1280 ἥλιος.
1261 1209 1371 1263 Kal.
1398 1208 1573 1277 ἕτεροί
1593 1223 1739 1269 τινες

167 1298 445 1368 φιλόσοφοί
470 1314 531 1350 τε
571 1298 670 1353 καὶ
702 1302 923 1361 ποιηταὶ
950 1299 1147 1354 τοῦτον
1182 1300 1275 1354 τὸν
1309 1300 1510 1355 σκοπὸν
1556 1298 1741 1369 ἡρμήο

166 1403 379 1440 γευσαν.

223 1477 359 1531 Non
396 1478 561 1546 longe
608 1493 643 1533 α
675 1479 945 1549 principio
975 1480 1057 1536 sic
1098 1480 1281 1536 scribe
1313 1498 1327 1533 :
1359 1480 1593 1534 Κνάκων
1632 1478 1740 1551 γὰρ

160 1571 426 1632 καλεῖται,
473 1570 549 1632 ὡς
589 1573 619 1624 ὁ
649 1570 939 1642 Θεόκριτος
966 1572 1025 1627 ὲν
1051 1573 1399 1635 Βουκολικοκ
1436 1571 1606 1639 λέγει.
1636 1568 1743 1623 Lo-

154 1680 255 1720 cus
284 1673 373 1719 est
404 1662 608 1736 ldyllio
641 1666 806 1721 tertio
840 1681 857 1717 :

225 1818 247 1833 .
329 1817 345 1831 .
425 1819 440 1834 .
519 1818 538 1833 .
619 1817 694 1834 ..
775 1823 789 1837 .
868 1818 884 1834 .
962 1819 978 1836 .
1056 1819 1070 1834 .
1154 1819 1169 1834 .
1245 1777 1747 1846 καιτύνένόρχαν

156 1851 274 1901 τὸν
294 1849 564 1903 Λιϐυκὸν
586 1849 866 1904 aes-dxtera
886 1849 1230 1919 φυλάσσεο,
1256 1847 1341 1919 μὴ
1374 1848 1447 1902 τὺ
1483 1849 1742 1917 κορύψῃζ

1231 454 1597 517 EPISTOLA
1625 456 1830 517 RICH.
1860 458 2246 522 BENTLEiI.

166 577 209 629 δι
226 568 530 640 ἅνθρωπος·
548 564 766 643 δρῶπεῖς
790 573 901 645 γὰρ
928 575 978 627 οἱ
1008 574 1289 645 ἄνθρωποι
1316 576 1590 645 λέγονται.
1614 574 1724 629 Καὶ
1755 625 1761 635 ,

1865 577 1893 631 ii
1927 586 1982 633 et
2025 578 2261 648 Menagii

3304 453 3411 539 7.5:

2302 597 2319 634 :
2373 593 2497 649 quae
2555 578 2601 634 sl
2648 592 2775 633 vera
2825 585 2912 632 est
2965 575 3260 635 sententia,
3299 590 3410 628 non

1832 684 1971 738 Opus
2020 680 2105 727 est
2135 680 2193 726 ut
2217 648 2692 726 multadicamus.
2725 668 2925 723 Statim
2959 668 3104 723 enim
3132 648 3450 720 constabit."

1834 746 2018 816 Ionem
2060 760 2327 834 [Eschylo
2367 760 2541 816 fuisse
2573 767 2706 813 natu
2725 761 3016 812 minorem.
3060 757 3275 825 Quippe
3309 754 3412 809 So-

1834 862 2017 907 crates
2056 859 2218 908 natus
2261 851 2477 923 Olymp.
2506 860 2685 905 uxvn
2743 865 2890 903 anno
2924 863 2999 913 tv,
3031 845 3423 901 tantummodo-

1836 959 1937 997 xnt
1966 944 2146 998 aetatis
2193 959 2397 997 annum
2446 942 2664 1013 agebat,
2709 955 2837 995 cum
2874 938 3176 1008 Eschylus
3206 950 3269 991 ex
3303 938 3414 989 vita

1836 1035 2094 1099 excessit,
2120 1034 2372 1090 videlicet
2402 1033 2617 1105 Oiymp.
2646 1047 2810 1087 Lxsxt
2863 1046 2955 1084 an.
2980 1045 3020 1094 ι,
3053 1030 3225 1084 Callia
3248 1028 3417 1083 Athe-

1838 1127 1926 1181 nis
1946 1126 2230 1181 archonte.
2275 1126 2384 1182 Sed
2420 1128 2484 1180 de
2524 1124 2768 1195 Ephesio
2796 1124 2903 1178 isto
2938 1128 3183 1191 pugnant
3218 1118 3420 1172 mirer--

1839 1231 1937 1272 sus
1971 1216 2273 1287 Gyraidum
2313 1228 2365 1272 et
2398 1215 2740 1285 Scaligerum
2769 1212 3131 1268 eruditissimi
3192 1210 3417 1279 quidem
3466 1242 3471 1249 -

1841 1308 2093 1363 homines
2126 1307 2234 1361 Leo
2259 1307 2494 1362 Allatius
2522 1314 2575 1361 et
2596 1304 2836 1360 Joannes
2867 1303 3131 1360 Jousius:
3170 1303 3261 1356 ille.
3292 1316 3425 1355 cou-

1842 1401 2085 1455 tumeliis
2122 1400 2315 1463 fretus,
2350 1408 2404 1455 et
2451 1415 2518 1454 eo
2568 1397 2716 1467 quod
2758 1398 2911 1452 nullo
2943 1405 3172 1450 auctore
3212 1393 3423 1463 primus
3493 1414 3499 1421 ·

1842 1491 1894 1544 id
1925 1488 2127 1543 dixerit
2159 1486 2454 1558 Gya-aldus,
2496 1487 2753 1557 quodque
2792 1485 3067 1553 Ephesius
3107 1481 3423 1552 rhapsodus
3496 1540 3503 1549 ,

1845 1580 2028 1643 fuerit,
2068 1594 2178 1634 non
2210 1578 2491 1648 tragicus;
2536 1578 2622 1636 hic
2653 1588 2834 1631 autem
2886 1574 3162 1630 acerrimo
3195 1574 3301 1627 telo
3332 1589 3426 1625 ar-

1845 1681 2048 1733 matus,
2106 1671 2235 1740 quia
2293 1670 2437 1724 ratio
2477 1677 2792 1738 temporum
2840 1667 3108 1721 reclamat
3161 1665 3426 1719 :st-iliret

1844 1762 2026 1814 lonem
2057 1760 2254 1825 Chium
2288 1757 2499 1830 Olymp.
2532 1773 2682 1812 Lxxtt
2716 1756 3015 1827 tragoedias
3043 1756 3297 1827 docuisse.
3320 1770 3427 1807 non

1846 1855 2031 1906 minus
2077 1856 2253 1905 annos
2290 1849 2482 1918 viginti
2521 1849 2842 1918 priusquam
2870 1847 3135 1902 Socrates
3167 1861 3430 1900 nascere.

152 1938 293 1992 illud
346 1946 535 1992 autem
575 1939 741 1994 nimis
783 1913 1041 1995 festivum
1091 1948 1202 2007 est,
1247 1913 1397 2010 quod
1456 1913 1746 2006 aliquanto
1778 1913 1819 1970 Β
1849 1953 1959 2005 tur,
1994 1938 2209 2011 Olymp.
2248 1913 2470 2006 demum
2514 1913 2719 2003 Lxxrtt,
2752 1953 2828 1991 tv.
2862 1935 2992 1989 Mihi
3027 1934 3251 2004 quidem
3282 1934 3429 1986 idem

148 2037 285 2098 post
334 2030 645 2099 sequitur:
685 2027 895 2100 Capras
946 2031 1185 2096 scilicet,
1229 2032 1275 2087 si
1311 2031 1438 2102 quis
1484 2031 1553 2086 iis
1585 2045 1748 2086 nares

152 2121 406 2184 obturet,
438 2122 710 2176 cornibus
733 2122 973 2192 spirare.
1000 2121 1108 2178 Sed
1143 2137 1240 2193 pro
1268 2122 1521 2193 κεράτων
1553 2121 1749 2177 certis-

160 2211 306 2264 sime
336 2209 747 2265 emendandum
779 2221 866 2267 est
895 2212 1104 2266 οὒάτων
1128 2212 1212 2267 vel
1250 2209 1424 2265 ὢτων.
1459 2208 1652 2273 Varro,
1680 2210 1753 2265 De

168 2319 229 2357 re
252 2303 495 2357 rustica:
524 2301 603 2357 Dc
631 2303 821 2373 quibus
843 2302 1223 2357 admirandum
1242 2302 1400 2365 illud,
1431 2304 1572 2373 quod
1591 2303 1753 2355 etiam

180 2391 471 2446 Archelaus
502 2392 725 2457 scribit;
759 2407 949 2461 capras
983 2410 1109 2459 non,
1142 2403 1200 2448 ut
1232 2394 1439 2463 reliqua
1469 2392 1753 2457 animalia,

188 2482 423 2544 naribus,
450 2482 542 2537 sed
595 2483 820 2538 auribus
850 2483 1099 2551 spiritum
1135 2483 1326 2538 ducere
1355 2485 1545 2537 solere.
1612 2482 1754 2536 idem

202 2584 418 2625 narrant
440 2572 653 2629 Plinius
687 2581 744 2629 et
786 2572 1060 2629 Elianns.
1090 2572 1319 2630 Clodius
1352 2575 1459 2630 iste
1497 2574 1757 2643 Neapoli»

208 2668 361 2716 unus
389 2662 575 2718 librum
627 2667 937 2733 composuit
976 2666 1242 2720 adversus
1283 2680 1380 2721 eos
1436 2667 1532 2735 qui
1593 2681 1760 2721 carne

209 2751 555 2819 abstinerent;
610 2764 674 2810 ut
720 2756 882 2811 testis
939 2763 1026 2812 est
1077 2757 1199 2827 ipse
1252 2756 1591 2827 Porphyrius
1625 2758 1762 2829 Περὶ

213 2844 400 2915 ἀποχῆς
424 2846 713 2918 ὲμψύχωνς
752 2863 934 2915 neque
955 2849 1101 2905 alius
1136 2850 1431 2920 quisquam
1464 2850 1613 2905 illius
1646 2866 1762 2904 me-

217 2937 378 3000 minit,
409 2938 551 3007 quod
582 2939 783 2996 sciam.
818 2939 1006 2996 Fidem
1040 2941 1092 2995 id
1125 2941 1279 3007 facit,
1314 2942 1540 2997 minime
1569 2941 1764 3012 ψευδε-

220 3027 445 3097 πίγριφα
488 3031 603 3085 haec
654 3045 804 3098 esse,
862 3031 960 3087 sed
1005 3047 1071 3088 ex
1115 3033 1422 3104 Porphyrio
1456 3033 1600 3089 bona
1660 3032 1767 3088 tide

220 3129 468 3188 excerpta.

1848 2041 1933 2088 est
1963 2033 2202 2097 animus,
2236 2047 2344 2084 non
2376 2045 2546 2084 unum
2580 2038 2632 2083 et
2662 2028 2914 2102 eumdem
2941 2026 3113 2082 fuisse
3147 2024 3344 2079 Chium
3378 2031 3432 2077 rt

1850 2124 2174 2195 Ephesium;
2226 2122 2397 2178 Chius
2436 2121 2580 2176 enim
2629 2128 2683 2174 et
2721 2134 2920 2190 genere
2969 2124 3024 2173 et
3070 2116 3268 2186 opibus
3326 2114 3432 2168 fuit

1852 2221 2069 2270 clarus:
2107 2216 2202 2286 qui
2238 2229 2363 2268 cum
2402 2212 2628 2267 Athenis
2678 2208 2792 2283 [5i]
2838 2209 3115 2279 quondam
3159 2206 3431 2278 tragmdia

1852 2307 2015 2362 simul
2040 2314 2094 2362 et
2124 2305 2469 2377 dithyrambo
2502 2304 2747 2370 vicisset,
2777 2301 2901 2357 Chii
2937 2301 3045 2355 vini
3076 2300 3270 2355 cadum
3304 2299 3432 2353 viri-

1856 2399 1949 2453 tim
1982 2398 2181 2463 cuique
2215 2397 2414 2451 civium
2451 2396 2635 2462 dedit;
2677 2405 2739 2449 ut
2790 2400 3099 2450 memorant
3135 2391 3429 2446 Athenmas

1855 2496 1903 2541 et
1926 2484 2136 2541 Comici
2164 2495 2452 2539 enarrator
2484 2482 2551 2537 ad
2579 2484 2802 2538 Pacem.
2835 2480 3154 2536 Luculentae
3187 2493 3316 2532 vero
3344 2476 3431 2529 di-

1857 2577 2024 2640 vitiae,
2054 2591 2177 2647 quas
2207 2584 2315 2630 tam
2352 2575 2568 2630 eximiae
2610 2573 2931 2628 liberalitati
2961 2572 3209 2629 sullicere
3237 2579 3435 2640 patue-

1858 2677 2007 2722 runt.
2040 2666 2314 2737 Ephesius
2342 2667 2504 2720 homo
2552 2664 2837 2720 mendicus
2865 2672 2921 2719 et
2964 2658 3441 2717 circumforauens

1860 2756 2181 2814 cantitando
2230 2768 2286 2812 et
2335 2755 2718 2827 gesticulaudo
2748 2755 2952 2810 victum
2983 2753 3197 2823 inopem
3241 2751 3442 2822 quaeri-

1861 2856 2008 2910 tans.
2040 2855 2101 2901 ut
2132 2863 2252 2903 tuos
2281 2853 2398 2902 erat
2442 2844 2767 2915 rhapsodis;
2816 2858 2958 2913 quos
2989 2842 3262 2898 Homerus
3304 2854 3442 2894 suus

1862 2939 2074 2994 misella
2109 2939 2250 3008 stipe
2278 2946 2332 2992 et
2363 2938 2663 2992 esuritione
2698 2936 2978 3005 pascebat.
3008 2933 3133 3004 ipse
3171 2933 3238 2986 de
3265 2946 3325 2985 se
3359 2930 3442 2983 lo-

1864 3031 2048 3100 quitur
2085 3028 2228 3099 apud
2266 3027 2543 3084 Platonem
2584 3046 2598 3081 :
2630 3030 2721 3080 Δεῖ
2764 3027 2875 3099 γάρ
2902 3043 2970 3097 με
3002 3026 3098 3080 καὶ
3126 3023 3315 3096 σφόδρ’
3346 3022 3446 3077 ati-

1864 3124 1977 3184 τοῖς
2004 3122 2137 3191 (τοῖς
2167 3119 2407 3188 Θεαταῖς)
2458 3119 2549 3172 τὸν
2584 3117 2707 3171 νοῦν
2745 3117 3060 3187 προσέχειν,
3099 3116 3175 3179 ὡς
3215 3114 3311 3167 ἐὰν
3345 3113 3449 3183 μὲν

281 3205 333 3259 P.
362 3208 476 3262 181.
505 3211 615 3264 Καὶ
647 3212 789 3282 μετὰ
813 3211 973 3266 τοῦτο
1002 3214 1210 3277 Μίνως,
1251 3215 1348 3269 καὶ
1397 3216 1534 3286 μετὰ
1569 3215 1763 3270 Μίνωα
1788 3247 1839 3304 6
1867 3211 2150 3274 κλαίοντας
2184 3208 2385 3273 αὐτοὺς
2425 3207 2658 3295 καθίζω,
2703 3207 2868 3271 αὐτὸς
2911 3207 3218 3276 γελάσομαι
3257 3201 3444 3304 ams-

225 3299 420 3363 Δῦλέας.
450 3300 567 3356 Dixi
597 3319 773 3357 meam
806 3306 1133 3359 sententiam
1166 3324 1180 3361 :
1212 3307 1471 3361 nimirum
1500 3316 1596 3361 aut
1630 3308 1765 3362 vitio

228 3391 412 3446 codicis
440 3401 533 3446 aut
555 3395 837 3449 memoria:
864 3396 1059 3450 falsum
1083 3412 1207 3452 esse
1239 3395 1545 3464 Joannem;
1595 3404 1649 3452 et
1697 3399 1766 3452 ad

232 3480 351 3537 hunc
381 3486 592 3539 modum
630 3502 658 3538 a
692 3488 868 3556 prima
915 3504 1077 3542 mamt
1111 3490 1376 3558 scriptum
1408 3490 1601 3552 videri,
1656 3491 1768 3544 Καὶ

238 3573 349 3639 μετὰ
371 3573 548 3629 τοῦτον
585 3577 733 3643 Ἴων,
767 3580 862 3632 καὶ
904 3578 1042 3647 μετὰ
1074 3580 1241 3633 Ἴωνα
1271 3579 1552 3650 Αἰσχύλος.
1596 3579 1767 3635 Porro

239 3663 324 3716 iste
345 3664 451 3737 [50]
484 3669 576 3721 lon
605 3678 765 3738 poeta
798 3668 902 3723 fuit
929 3670 1440 3739 tragicus,natiune
1457 3670 1632 3727 Chius
1664 3672 1768 3727 :de

238 3770 327 3820 quo
355 3757 469 3812 ideo
486 3760 640 3828 plura
677 3758 951 3825 dicemus,
984 3761 1112 3830 quia
1145 3762 1421 3826 Thespitle
1449 3770 1503 3816 et
1532 3761 1769 3835 Eschy-

242 3847 283 3898 lu
319 3848 597 3919 aliquanto
632 3860 719 3907 est
757 3855 1044 3923 ignotior;
1084 3863 1201 3908 tum
1259 3865 1439 3909 autem
1490 3864 1549 3909 ut
1605 3857 1767 3925 quasi

238 3939 688 4003 sperimendemus
723 3942 889 3997 istius
920 3941 1128 4012 operis,
1152 3943 1314 4012 cujus
1348 3951 1506 3999 antea
1535 3943 1770 4000 fecimus

238 4029 550 4095 intentionem,
583 4045 693 4099 quo
720 4029 988 4103 Reliquias
1041 4033 1214 4086 omnis
1269 4032 1468 4089 GHBCCB
1525 4050 1766 4103 pocscos,

238 4117 612 4188 philosophicas,
644 4122 832 4191 epicte.
875 4124 1152 4187 elegiaczn,
1186 4123 1529 4191 dramaticze,
1566 4127 1773 4198 lyrica:-

236 4224 323 4276 que
358 4212 607 4281 rolligere
661 4212 960 4268 voluimus.
1003 4211 1111 4267 Sed
1161 4211 1276 4267 haec
1318 4213 1559 4270 fuerunt.
1616 4216 1768 4271 Prin-

239 4299 356 4367 ripio
400 4310 577 4357 autem
633 4317 743 4357 non
774 4302 990 4373 .injuria
1043 4302 1219 4359 Chius
1255 4313 1447 4361 noster
1494 4322 1604 4361 una
1646 4321 1772 4364 cum

240 4387 463 4463 Eschylo
494 4402 858 4459 memoratur,
897 4395 987 4449 cui
1019 4393 1151 4449 olim
1177 4396 1421 4451 amicitia
1456 4408 1508 4453 et
1534 4396 1773 4454 familia-

242 4480 373 4539 ritate
396 4486 724 4556 conjunctus
758 4484 893 4543 fuit;
931 4470 991 4540 u't
1032 4502 1099 4541 ex
1131 4487 1430 4544 Plutarcho
1472 4498 1690 4551 constat
1716 4492 1773 4546 in

1867 3322 1983 3376 ριον
2024 3302 2339 3375 λαμϐάνω-ν
2381 3289 2564 3356 tav'ss
2594 3300 2896 3370 γελῶντας,
2941 3299 3103 3362 αὐτὸς
3136 3296 3447 3366 κλαύσομαι

1866 3394 2130 3467 ἀργύριον
2152 3393 2411 3457 ἁπολλύς.
2433 3394 2608 3449 Chius
2640 3395 2694 3446 in
2735 3393 2884 3447 omni
2921 3388 3227 3445 litterarum
3252 3403 3448 3459 genere

1866 3503 2124 3558 magnum
2158 3503 2354 3541 nomen
2394 3497 2477 3541 est
2524 3497 2857 3540 consecutus
2890 3503 2903 3538 :
2934 3483 3205 3554 Ephesius
3250 3492 3450 3551 praeter

1868 3578 2162 3633 llomerum
2214 3577 2593 3632 nihil'doctus
2626 3587 2854 3631 cantare
2887 3593 2901 3629 :
2940 3578 3085 3629 sicut
3116 3573 3182 3626 de
3217 3588 3275 3627 se
3311 3571 3449 3624 ﬁte-

1869 3677 1993 3735 tur;
2025 3684 2151 3724 cum
2184 3684 2213 3722 a
2252 3668 2484 3722 Socrate
2519 3668 2890 3736 interrogatus
2936 3675 3119 3719 utrum
3151 3662 3450 3716 Homerum

1868 3761 2049 3819 solum
2081 3762 2327 3824 calleret,
2352 3776 2422 3815 an
2448 3760 2611 3816 etiam
2634 3755 2927 3813 Hesiodum
2950 3755 3449 3816 etArt'ltilochunt;

1868 3854 2173 3925 r‘cSpondit,
2200 3853 2422 3907 minime
2444 3849 2664 3920 quidem
2692 3850 2853 3907 istos.
2887 3848 2981 3902 sed
3019 3846 3315 3901 llomerum
3355 3862 3449 3900 sn-

1871 3948 1982 4001 lum
2005 3965 2018 4000 :
2038 3955 2202 4016 atque
2233 3945 2337 3999 hoc
2370 3944 2506 3999 satis
2536 3958 2680 3998 esse.
2703 3941 2766 3995 Et
2793 3942 3076 4009 aliquanto
3096 3934 3259 4009 post:
3281 3939 3452 3991 Ὅταν

1875 4038 1975 4110 μέν
1995 4055 2099 4101 τις,
2134 4036 2229 4100 ait,
2255 4036 2383 4106 περὶ
2404 4034 2500 4088 τοῦ
2533 4033 2694 4088 ἄλλον
2715 4029 2943 4102 ποιητοῦ
2972 4029 3310 4097 διαλέγηται,
3328 4028 3452 4080 οὑδὲ

1864 4129 2128 4202 προσέχω
2159 4125 2307 4191 νοῦν,
2351 4125 2598 4180 ἀδυνατῶ
2625 4136 2695 4178 τε
2730 4125 2826 4178 καὶ
2855 4122 3036 4178 ὁτιοῦν
3077 4120 3451 4192 συμϐαλέσθαι

1872 4218 2030 4289 λόγου
2061 4217 2232 4285 ἄξιον,
2259 4215 2374 4271 ἀλλ’
2421 4215 2663 4287 ἀτεχνῶς
2704 4214 2973 4282 vus-tacto,
3008 4222 3063 4271 et
3111 4214 3219 4268 alia
3273 4212 3448 4282 pluria

1873 4311 1929 4366 in
1993 4310 2139 4365 hanc
2199 4306 2547 4366 sententiam.
2596 4310 2690 4364 Sic
2752 4309 2919 4379 igitur
2968 4322 3288 4379 persuasum
3351 4304 3451 4359 bn-

1873 4404 1998 4471 beo,
2022 4404 2158 4459 Chio
2191 4402 2268 4458 illi
2295 4409 2351 4458 et
2382 4401 2626 4473 Ephesio
2656 4402 2915 4473 patriam,
2947 4417 3142 4471 genus,
3176 4399 3447 4457 fortunas.

1875 4496 2176 4566 ingenium,
2225 4496 2433 4559 studia,
2465 4511 2666 4561 mores,
2724 4495 2909 4551 omnia
2957 4493 3195 4563 denique
3254 4500 3452 4561 praeter

241 4568 353 4623 libro
387 4574 477 4641 qui
532 4573 863 4629 inscribitur
895 4572 1021 4636 Πῶς
1075 4574 1141 4629 ἄν
1176 4592 1262 4637 τις
1306 4574 1546 4629 αἴσθοιτο
1577 4576 1761 4630 ἑαυτοῦ

1877 4603 2072 4643 nomen
2089 4595 2144 4641 et
2164 4596 2380 4642 aetatem
2408 4587 2649 4657 disparia
2682 4587 2871 4641 fuisse.
2892 4586 2949 4638 Et
2989 4594 3203 4639 atatem
3226 4583 3453 4653 quidem

239 4664 597 4737 agendarum;
622 4664 712 4718 ἐπ’
744 4666 939 4736 ἀρετῇ.
970 4664 1256 4735 Αἰσχύλος,
1290 4667 1389 4731 ait,
1415 4666 1623 4738 Ἰσθμοῖ
1643 4668 1778 4722 θεώ·-

239 4769 366 4820 μενος
390 4755 576 4822 ἀγῶνα
606 4755 850 4820 πυκτῶν,
880 4756 1006 4809 ἐπεὶ
1029 4757 1328 4827 πληγέντος
1352 4758 1542 4828 ἑτέρου
1561 4761 1620 4814 τὸ
1650 4761 1778 4816 θέα-

235 4857 338 4931 τρον
380 4844 667 4916 ἐξέκραγε,
700 4842 866 4910 νύξας
893 4847 1056 4900 Ἴωνα
1094 4847 1187 4900 τὸν
1230 4849 1380 4912 Χῖον,
1415 4850 1775 4931 Ὀρᾷς..ἐφη,

237 4928 322 4984 οἷον
349 4936 379 5005 ή
403 4936 637 5006 ἄσκησίς
662 4937 831 4989 ἐστιν’
868 4939 901 4990 ὁ
934 4937 1229 5007 πεπληγὼς
1253 4941 1453 5011 σιωπᾷ,
1485 4942 1532 4993 οἱ
1552 4928 1781 4997 5502m-

243 5039 336 5091 μενι
362 5026 541 5096 βοῶσι.
573 5025 806 5083 Juvenis
836 5021 1023 5083 tamen
1057 5045 1182 5084 cum
1209 5045 1343 5085 sene
1371 5042 1620 5088 versatus
1655 5043 1776 5103 est;

242 5117 347 5171 ctiu
374 5134 438 5174 eo
465 5120 689 5190 quidem
722 5136 832 5175 non
879 5121 1081 5177 leviter
1115 5137 1399 5192 peccatum
1427 5133 1512 5180 est
1546 5141 1574 5178 a
1604 5125 1778 5181 Joan-

245 5219 312 5268 ne.
329 5211 458 5278 quod
478 5211 665 5265 Ionem
686 5208 955 5281 JEschylo
976 5213 1335 5267 vetustiorcm
1354 5214 1538 5270 faciat.
1560 5215 1777 5272 Utinam

248 5308 344 5350 vero
386 5307 704 5369 superesset
734 5301 894 5355 hodie
946 5300 1173 5357 Batonis
1209 5302 1541 5372 Sinopensis
1600 5307 1777 5362 liber!

247 5380 370 5441 Piura
407 5388 477 5443 de
526 5376 678 5444 Ionis
733 5398 897 5445 aetate
925 5402 981 5447 et
1007 5392 1352 5449 evhierntiora
1383 5394 1495 5450 dici
1528 5409 1776 5466 possent,

250 5490 359 5533 nunc
403 5481 509 5535 soli
558 5481 615 5535 in
678 5481 924 5537 obscuro
970 5482 1299 5553 lubricoque
1330 5487 1552 5543 tramite
1605 5491 1781 5560 magis

249 5578 509 5635 reptantus,
538 5585 703 5639 quam
750 5573 1083 5641 pedetentim
1124 5574 1485 5646 ingredimur.
1530 5580 1779 5638 Platonis

249 5661 311 5707 cst
327 5655 597 5728 Dialogus.
614 5678 727 5731 quo
754 5662 1014 5719 Socrates
1037 5681 1348 5722 sermonem
1381 5670 1619 5725 instituit
1651 5689 1775 5727 cum

254 5738 344 5799 lone
368 5749 609 5815 quodam
651 5750 922 5821 Ephesio;
954 5772 1116 5826 quem
1143 5774 1172 5809 a
1207 5758 1343 5813 Chio
1376 5776 1487 5814 non
1520 5780 1645 5817 esse
1701 5766 1780 5817 cli-

254 5849 432 5890 versnm
467 5840 651 5907 opinio
673 5852 753 5899 est
778 5845 895 5925 Lilii
920 5848 1165 5918 Cyralzii.
1189 5848 1315 5903 Jniii
1350 5851 1636 5920 Scaligeri,
1659 5855 1778 5911 Del-

1879 4694 2003 4733 cum
2050 4678 2196 4742 dico,
2240 4693 2371 4732 cave
2396 4693 2521 4732 cum
2563 4676 2754 4733 Jonsio
2792 4689 2844 4732 et
2891 4674 3135 4731 Gerardo
3170 4674 3364 4729 Vnssio
3399 4683 3456 4729 ct

1878 4769 2127 4842 Menagio
2157 4770 2225 4825 ad
2263 4768 2483 4842 Olymp.
2535 4785 2682 4824 usu
2729 4770 2914 4824 Ionem
2948 4769 3151 4823 Chium
3205 4768 3454 4838 rejicias,

1878 4861 1970 4931 qui
2004 4862 2059 4938 in
2084 4859 2787 4916 erubescendumerrorem
2818 4860 3130 4915 inciderunt
3165 4860 3353 4923 inscii,

1985 4952 2052 5006 Et
2083 4954 2316 5022 graviter
2338 4953 2518 5022 magni
2552 4969 2742 5022 magno
2771 4953 3009 5008 cecidere
3037 4955 3106 5008 ibi
3139 4971 3269 5009 casu
3303 4969 3323 5008 :
3444 5010 3461 5019 _

1880 5045 1949 5099 ab
1986 5045 2270 5098 hominum
2305 5043 2623 5100 [utilissimo
2648 5044 2875 5099 IEmilio
2906 5022 3082 5102 Porto!
3102 5047 3336 5125 decepti,
3360 5047 3456 5115 qui

1882 5135 2064 5191 Suidm
2092 5135 2281 5200 verba,
2309 5130 2554 5205 Ἤρξατο
2595 5136 2696 5200 τὰς
2720 5136 3029 5208 τρπγῳδὶας
3057 5137 3332 5190 διδάσκειν
3360 5136 3454 5187 ἐπὶ

1877 5224 1977 5293 τῆς
2001 5223 2089 5295 πβ⁸
2134 5224 2522 5297 Ὀλυμπιάδος,
2571 5227 2644 5280 ita
2688 5227 2881 5281 Latina
2919 5227 3067 5289 fecit,
3108 5235 3371 5299 tauquam
3404 5226 3451 5279 si

1880 5312 1972 5367 Ion
2006 5313 2221 5385 Olymp.
2254 5331 2399 5370 usu
2424 5316 2669 5371 scribere
2695 5318 2976 5386 coepisset.
3010 5316 3198 5384 Atqui,
3225 5331 3258 5369 ο
3287 5314 3452 5376 bone,

1880 5402 1970 5472 πβ’
2001 5413 2129 5457 sunt
2155 5419 2345 5459 uult
2382 5423 2394 5458 :
2438 5418 2489 5461 et
2521 5406 2856 5461 scholiastes
2887 5405 3085 5459 comici
3119 5421 3226 5458 nou
3259 5420 3454 5481 nume-

1880 5510 2065 5548 rorum
2120 5506 2303 5560 notas,
2334 5512 2521 5553 verum
2578 5499 2787 5567 integra
2844 5499 3009 5550 verba
3068 5494 3307 5562 exhibet,
3361 5496 3455 5550 ἐπὶ

1878 5586 2243 5658 ὀγδοηκοστῆς
2273 5589 2367 5641 καὶ
2390 5587 3048 5659 δευτέραςὊλυμπιάδος.
3077 5586 3259 5643 Facile
3288 5588 3456 5659 igitur

1881 5693 1979 5747 per
2008 5687 2223 5733 aetatem
2260 5679 2469 5734 licitmn
2527 5688 2633 5745 est,
2683 5695 2843 5734 usum
2897 5688 2952 5733 et
2995 5680 3454 5736 consuetudinem

1882 5767 1996 5822 Ioni
2032 5770 2172 5823 Chio
2200 5785 2325 5824 cum
2380 5770 2609 5826 Socrate
2651 5770 2844 5826 fuisse.
2875 5768 3018 5837 Quin
3063 5774 3183 5841 ipse
3214 5771 3269 5825 in
3336 5771 3457 5826 suis

1881 5862 2105 5930 scriptis
2140 5861 2388 5917 Socratis
2422 5862 2755 5917 mentionem
2796 5864 2943 5918 fecit.
2973 5861 3244 5934 Diogenes
3268 5862 3454 5918 Laert.
