3862 6318
509 419 614 482 767

1414 419 1512 481 DE
1546 420 1870 483 JOANNIS
1906 422 2238 483 MALAL/B-
2259 420 2947 484 CHRONOGRAPHIA.
3646 430 3713 492 ῗία

512 535 652 593 velis
675 576 693 604 ,
735 533 1049 607 Χαιρεφῶν,
1071 531 1372 604 Κυρηϐίων
1393 575 1408 600 ,
1443 535 1559 604 jam
1590 552 1698 592 non
1725 535 2069 608 Chaerephon

2205 544 2295 592 tur
2320 534 2532 600 Αὺλέας
2589 539 2619 592 ό
2664 536 2992 607 σοφώτατος
3028 531 3105 590 de
3158 531 3504 607 Endymione.
3534 554 3659 608 quem
3680 550 3715 601 in

513 630 584 684 tis
641 627 808 683 verba
861 625 1064 689 forent,
1092 639 1216 696 quae
1253 625 1503 687 Athenaei
1535 629 1808 683 sententia
1832 638 1955 695 est;
1995 628 2094 685 sed

509 717 857 791 Cyrebionis.
894 717 1030 772 Illud
1063 724 1248 772 autem
1297 718 1593 773 exordium
1638 718 2091 793 Τριαγμοῦιιοη-

509 812 639 863 dum
664 824 693 863 a
720 809 859 864 viris
885 809 1067 864 doctis
1099 807 1455 864 emendatum
1508 824 1632 865 esse
1663 811 1937 876 demiror;
1970 811 2087 881 qui,

507 898 611 953 etsi
643 897 996 953 dissimulant
1041 904 1097 951 et
1152 904 1426 961 mussant,
1469 898 1627 967 juxta
1657 897 1712 951 id
1752 898 2088 970 intelligunt,

507 1006 573 1045 ac
604 991 652 1047 si
681 991 735 1045 in
765 989 945 1046 Ovidii
1008 987 1197 1045 Getica
1247 989 1594 1045 incidissent.
1625 989 1710 1045 Me
1749 1001 1978 1046 auctore
2005 990 2089 1044 sic

509 1084 628 1153 lege
665 1100 679 1136 :
707 1080 880 1155 Ἀρχὴ
907 1082 964 1136 δέ
994 1098 1086 1152 μοι
1117 1079 1214 1136 τοῦ
1243 1080 1405 1150 λόγου
1449 1082 1635 1136 Πάντα
1656 1086 1807 1152 τρία,
1844 1084 1934 1137 καὶ
1964 1081 2087 1137 οὔτε

507 1176 670 1230 πλέον
695 1173 819 1229 οὔτε
883 1174 1111 1229 ἔλασσον
1178 1174 1387 1229 τούτων
1435 1175 1603 1246 τριῶν
1658 1175 1806 1240 Ἐνὺς
1855 1177 2085 1230 ἑκάστου

503 1267 695 1340 ἀρετὴ,
724 1267 919 1339 τριάς·
965 1266 1202 1332 σύνεσις,
1237 1266 1464 1337 κράτος,
1512 1267 1610 1320 καὶ
1646 1265 1808 1338 τύχη.
1845 1265 1946 1322 Ubi
1973 1269 2088 1322 sin-

503 1361 631 1432 gula
669 1359 891 1430 quidem
923 1358 1088 1415 verba
1135 1359 1600 1414 snntcommunia
1631 1375 1646 1411 :
1675 1358 1769 1428 qui
1802 1367 1986 1415 tamen
2017 1375 2085 1415 ex

502 1454 624 1522 ipso
669 1451 992 1507 charactere
1024 1459 1079 1505 et
1120 1448 1296 1504 forma
1337 1434 1704 1505 dicendi‘non
1742 1451 1909 1505 sentit
1935 1450 2080 1505 loni-

500 1556 702 1603 smum,
735 1540 1085 1601 nithsentit.
1142 1537 1219 1594 De
1238 1538 1474 1610 Epigene
1514 1554 1666 1604 vero,
1698 1554 1808 1609 quo
1838 1555 1925 1595 me
1961 1555 2083 1595 ver-

500 1642 611 1688 tam
644 1631 857 1699 nescio,
887 1632 959 1686 ita
995 1646 1085 1686 res
1109 1638 1164 1686 et
1204 1631 1335 1687 hinc
1360 1639 1414 1686 et
1445 1632 1572 1687 inde
1605 1647 1860 1702 magnam
1919 1633 2082 1688 habet

498 1724 895 1782 difﬁcultatem.
922 1721 1057 1777 Nam
1088 1737 1219 1778 ecce
1253 1721 1352 1776 tibi
1392 1721 1596 1777 Suidas
1634 1740 1649 1776 :
1687 1722 1778 1793 qui
1809 1738 1917 1777 non
1949 1724 2079 1794 Epi-

495 1832 716 1889 genem,
749 1815 844 1872 sed
871 1813 1151 1885 Orpheum
1211 1820 1491 1868 auctorem
1546 1812 1715 1869 faciat
1755 1814 2078 1886 Τριαγμῶν.

496 1902 756 1980 Ὀρφεὺς,
790 1906 993 1976 inquit,
1013 1904 1219 1984 ἔγραψε
1250 1906 1593 1976 Τριαγμοὺς,
1616 1905 1837 1975 λέγεται
1857 1906 1912 1960 δὲ
1939 1903 2078 1962 εἶναι

500 2001 688 2064 Ἴωνος
735 1999 830 2053 τοῦ
884 1996 1188 2071 Τραγικοῦ.
1261 1996 1512 2066 Cumque
1564 1995 1861 2069 Epigenem
1918 1998 2081 2054 video

495 2090 905 2146 enarrationem
939 2088 1142 2159 Orphei
1184 2087 1404 2152 fecisse,
1426 2088 2078 2144 Clementimemoratam

496 2184 714 2254 Στρωμ.
777 2199 818 2239 t.
882 2171 1178 2253 Ἐπιγένης
1216 2183 1274 2234 ὲν
1327 2183 1445 2244 τοῖς
1473 2180 1603 2251 περὶ
1634 2180 1734 2250 τῆς
1765 2182 1847 2244 είς
1874 2180 2078 2250 Ὀρφέα

496 2276 771 2346 ποιήσεως
792 2273 1103 2347 Κέρκωπος
1129 2268 1267 2327 εἶναι
1282 2272 1432 2342 λέγει
1459 2272 1554 2326 τοῦ
1578 2271 1946 2343 Πυθαγορείου
1976 2271 2078 2341 τὴν

491 2367 573 2429 εἰς
599 2364 765 2438 ’ᾼδου
800 2363 1124 2419 Κατάσασιν
1150 2365 1244 2419 καὶ
1275 2365 1369 2417 τὸν
1409 2363 1576 2436 Ἱερὸν
1620 2363 1798 2433 λόγον.
1826 2362 2076 2430 (Proclus

493 2465 675 2510 tamen
701 2456 756 2511 in
792 2454 1047 2510 Timarum
1081 2455 1176 2510 lib.
1206 2471 1261 2520 v,
1293 2454 1473 2526 ipsum
1514 2454 1878 2526 Pythagoram
1910 2454 2075 2525 hujus

493 2554 774 2602 auctorem
805 2548 1013 2603 laudat.
1059 2549 1129 2601 Ἀ
1155 2547 1288 2619 γὰρ,
1323 2547 1423 2610 ait,
1466 2546 1700 2619 Ὀρφεὺς
1733 2546 1802 2599 δι’
1834 2547 2075 2619 ἀττορρή-

491 2654 600 2692 mw
617 2638 795 2707 λόγων
830 2637 1111 2709 μυστικῶς
1139 2637 1514 2709 παραδέδωκε,
1543 2637 1715 2692 ταῦτα
1750 2637 2074 2710 Πυθαγόρας

490 2727 778 2800 ἐξέμαθεν.
835 2728 1150 2800 όργιασθεὶς
1212 2731 1270 2782 ὲν
1313 2729 1637 2800 Δειὸήθροις
1663 2732 1775 2793 τοῖς
1813 2710 2072 2801 Ops-aiat;

489 2822 859 2894 Ἀγλαοφάμω
924 2821 1154 2877 τελεστά
1213 2821 1609 2893 μεταδιδόντος,
1657 2820 1725 2892 ἥν
1764 2822 1892 2890 περὶ
1920 2821 2071 2875 Θεῶν

490 2913 724 2984 Ὀρφεὺς
757 2912 952 2982 σοφίαν
983 2911 1137 2983 παρὰ
1164 2910 1483 2982 Καλλιόπης
1502 2910 1602 2981 τῆς
1630 2910 1866 2983 μητέρος
1886 2910 2072 2969 ὲπινΰς

489 3000 624 3071 σθη·
656 2999 843 3054 Ταῦτα
884 3000 994 3070 γάρ
1051 3016 1219 3071 φησιν
1248 3002 1276 3054 ό
1317 2999 1646 3073 Πυθαγόρας
1688 3003 1746 3054 ἐν
1783 2998 1860 3071 τῷ
1902 2999 2067 3072 λόγῳ.

490 3089 647 3147 Unde
672 3101 889 3147 constat
962 3092 1152 3164 Ἱερὸν,
1185 3101 1246 3147 ut
1300 3092 1406 3148 alia
1441 3094 1645 3163 scripta
1682 3091 2065 3165 Pythagorica,

488 3182 725 3239 dialecto
750 3183 947 3239 Dorica
985 3184 1158 3240 fuisse
1196 3185 1590 3253 compositum)
1614 3193 1742 3241 etv.
1776 3185 2068 3258 Ἐπιγένης
2090 3216 2138 3276 c

488 3277 547 3327 ἔν
583 3273 662 3344 τῷ
696 3275 941 3345 περὶτῆς
961 3274 1206 3343 Ὀρφέως
1229 3276 1501 3345 ποιήσεως
1541 3274 1610 3327 τὰ
1634 3274 1910 3340 ἲδιὰζοντα
1937 3277 2068 3346 παρ’

487 3363 682 3433 Ὀρφεῖ
728 3362 1080 3434 ὲκτιθέμενός
1128 3380 1284 3433 φησι,
1330 3364 1567 3436 Κερκισι
1612 3364 2064 3436 καμπυλόχρωσι,

487 3457 603 3519 τοῖς
663 3455 916 3525 ἀρότροις
962 3454 1287 3526 μηνύεσθαι,
1317 3465 1424 3511 etc.
1461 3456 1596 3512 Cum
1642 3455 1776 3521 haec,
1819 3456 2062 3527 inquam,

491 3547 629 3618 lego,
662 3545 1059 3617 propemodum
1110 3546 1356 3603 adducor
1401 3546 1454 3602 in
1485 3562 1604 3618 eam
1641 3548 1973 3617 opinionem,
2006 3556 2067 3601 ut

490 3636 888 3708 liarpocration
922 3639 1026 3692 hoc
1046 3638 1296 3707 exemplo
1343 3638 1630 3708 scripserit
1665 3639 1835 3711 τδπερ
1862 3638 2068 3693 Καλλί-

492 3749 663 3803 μαχος
686 3730 1061 3799 ἀντιλέγεσθαί
1085 3746 1272 3802 φησιν,
1299 3730 1376 3794 ὡς
1415 3736 1510 3785 καὶ
1541 3731 1850 3803 Ἐπιγένης.
1879 3729 1991 3804 [69]
2024 3731 2065 3786 Ε

487 3824 712 3879 diverso
762 3823 854 3879 ubi
908 3822 1042 3878 illud
1078 3823 1227 3877 venit
1270 3822 1324 3877 in
1375 3831 1636 3887 mentem,
1666 3821 1869 3893 Orphei
1892 3823 2065 3894 ipsius

487 3924 541 3970 ιιι
578 3914 899 3986 Pythagorae
950 3929 1170 3987 quoque
1233 3914 1569 3969 mentionem
1619 3911 1818 3968 factam
1850 3929 1975 3969 esse
2007 3914 2062 3968 in

489 4007 599 4064 illis
618 4006 944 4078 Τριαγμοῖς,
976 4006 1237 4062 continuo
1259 4004 1587 4060 sententiam
1612 3994 1732 4059 eam
1757 4004 1980 4074 abjicio,
2008 4012 2064 4059 et

490 4098 763 4153 manifesti
816 4099 1024 4155 erroris
1088 4098 1315 4153 Suidam
1348 4111 1540 4168 arguo.
1578 4097 1828 4153 Clemens
1858 4097 1986 4168 Στρ.
2021 4113 2061 4151 ι.

493 4188 618 4242 Ἴων
647 4187 703 4241 δὲ
722 4189 752 4241 ό
782 4190 915 4252 Χῖος
947 4191 1005 4243 ὲν
1033 4191 1148 4252 τοῖς
1182 4189 1490 4258 Τριαγμοῖς
1512 4189 1608 4242 καὶ
1635 4189 1957 4261 Πυθαγόραν
1978 4191 2063 4254 είς

485 4279 690 4351 Ὀρφέα
711 4280 1025 4346 ἀνενεγκεῖν
1051 4296 1173 4331 τινα
1236 4278 1459 4349 ἱστορεῖ.
1492 4287 1546 4334 et
1577 4279 1843 4350 Diogenes
1878 4279 2059 4336 Laert.

492 4371 618 4424 Ἴων
640 4370 698 4424 δὲ
721 4372 749 4424 ὁ
764 4371 892 4435 Χῖος
917 4373 973 4424 ὲν
1001 4372 1113 4435 τοῖς
1129 4371 1431 4442 Τριαγμοῖς
1448 4388 1613 4442 φησιν
1639 4372 1802 4427 αὑτὸν
1823 4373 1936 4443 (τὸν
1954 4375 2067 4429 Hoc

488 4458 748 4531 θαγόραν)
769 4459 886 4514 ἔνια
920 4460 1222 4533 ποιήσαντα
1248 4462 1559 4532 ἀνενεγκεῖν
1598 4463 1677 4526 είς
1707 4462 1931 4535 Ὀρφέα.
1964 4465 2064 4519 Ita-

2195 635 2384 683 monte
2407 627 2588 683 Caria:
2635 628 2761 683 luna
2798 625 3158 698 consopivit,
3192 635 3253 680 ut
3280 642 3404 681 eum
3439 627 3717 691 dormientem

2194 718 2563 775 oscularetur.
2622 716 2889 790 Suspicor
2947 727 3010 774 et
3075 710 3173 772 hic
3229 732 3444 789 quoque
3494 722 3717 792 signiﬁcari

2193 806 2540 881 Eschylum,
2589 809 2683 879 qui
2738 809 2796 864 in
2844 800 3047 864 fabula
3116 806 3352 863 Curibus
3404 809 3509 864 sive
3568 812 3718 886 Europa

2193 914 2301 954 non
2326 900 2504 970 potuit
2528 916 2636 956 non
2655 916 2775 956 eam
2804 899 3112 957 historiam
3149 898 3440 970 attingere.
3458 899 3576 958 Illud
3592 918 3717 965 ante.

2194 1009 2362 1065 quam
2392 995 2554 1065 longe
2584 994 2741 1050 abest
2772 1008 2803 1047 a
2851 1008 3019 1058 vero,
3051 989 3209 1061 quod
3249 989 3553 1062 Eschylum
3585 1011 3718 1055 narrat

2191 1088 2430 1156 primum
2459 1073 2467 1082 ’
2500 1086 2814 1141 instituisse
2869 1084 3096 1139 choros
3146 1083 3435 1153 tragicos?
3485 1083 3522 1138 Ε
3561 1087 3715 1147 diverso

2189 1187 2377 1249 partes
2409 1177 2588 1240 chori,
2622 1184 2785 1232 antea
2826 1190 3003 1247 quam
3034 1173 3349 1245 IEschylus
3392 1177 3716 1245 tragoadiash-

2187 1278 2360 1333 ceret,
2403 1277 2564 1323 erant
2612 1268 2788 1323 altero
2840 1274 3007 1321 tanto
3073 1265 3389 1335 longiores,
3435 1280 3578 1342 quam
3611 1280 3707 1338 post

2188 1358 2295 1413 Sed
2330 1374 2392 1415 ea
2414 1373 2502 1415 res
2528 1359 2634 1414 nisi
2665 1358 2918 1428 pluribus
2943 1355 3148 1412 verbis
3170 1355 3435 1425 explicari
3466 1366 3705 1426 nonpotest:

2187 1459 2299 1508 tota
2335 1451 2449 1508 fere
2501 1466 2682 1508 scenae
2711 1451 2854 1506 ratio
2907 1458 2967 1505 et
3018 1448 3267 1504 historia
3301 1458 3386 1502 est
3415 1448 3705 1507 illusmnda:

2183 1543 2498 1613 complures
2535 1551 2829 1597 auctorum
2862 1540 2968 1596 loci
3004 1554 3125 1609 qua
3158 1537 3491 1607 corrigendi,
3511 1554 3599 1607 qua
3615 1555 3706 1593 noro

2184 1631 2347 1688 modo
2386 1632 2783 1703 interpretandi
2813 1649 2828 1686 :
2864 1630 3031 1687 multi
3088 1642 3321 1683 errores
3350 1628 3703 1698 amovendi,jan

2181 1725 2301 1795 ipsa
2336 1732 2613 1779 vetustate
2643 1724 2833 1780 caniet
2854 1722 3245 1779 venerabiles.
3275 1718 3441 1776 Nemo
3467 1720 3587 1774 enim
3609 1736 3707 1775 unus

2180 1828 2244 1868 ex
2279 1812 2508 1869 cohorte
2535 1814 2905 1881 eruditorum,
2939 1811 3047 1882 qui
3096 1810 3156 1865 in
3195 1825 3269 1866 eo
3302 1816 3595 1880 argumento
3620 1819 3703 1863 tan.

2182 1914 2368 1975 topere
2399 1905 2738 1970 laborarunt,
2763 1905 2909 1961 scire
2925 1904 3125 1959 adhuc
3151 1902 3359 1973 patuit,
3377 1901 3497 1972 quid
3517 1898 3703 1970 Thespis,

2179 1997 2310 2067 quid
2353 1996 2653 2070 )Eschylus
2684 2005 2740 2052 et
2773 1996 3094 2066 Sophocles
3150 1993 3401 2049 inventis
3433 1990 3700 2046 addiderunt.

2178 2088 2373 2159 Itaque
2399 2098 2505 2144 tam
2561 2088 2752 2144 odiosa
2805 2086 3235 2159 disceptatione
3284 2085 3536 2156 patienter
3565 2098 3701 2138 carere

2177 2179 2363 2250 possis
2389 2179 2445 2234 in
2470 2179 2762 2250 praesentia
2798 2194 2814 2232 :
2846 2179 2965 2233 imo
2998 2192 3218 2234 vereor
3248 2183 3310 2229 ut
3335 2175 3469 2229 citra
3493 2173 3696 2229 fastidia
3774 2173 3775 2250 ξ

2176 2269 2464 2338 epistolam
2498 2266 2771 2342 perlegas,
2795 2267 2917 2342 [70]
2959 2269 3144 2325 etiam
3178 2267 3393 2336 absque
3420 2266 3505 2320 ista
3519 2278 3683 2319 concer-
3774 2260 3775 2305 ἒ

2175 2361 2386 2416 tatione
2407 2340 2637 2417 nimium
2662 2340 2978 2430 loquacem.
3005 2359 3101 2417 Me
3132 2360 3365 2432 quidem
3389 2365 3442 2414 et
3464 2371 3589 2412 mora
3601 2370 3689 2425 ρει-ο

2176 2457 2367 2505 tzesum
2401 2459 2487 2507 est
2506 2459 2562 2507 et
2591 2452 2943 2522 ineptiarum.
3419 2451 3432 2464 ‘

2243 2542 2375 2614 Pag.
2411 2543 2538 2598 2M.
2570 2544 2904 2615 Στησίχορος
2927 2542 3030 2597 καὶ
3064 2541 3431 2614 Βακχυλίδης,
3449 2540 3494 2593 οῖ
3508 2534 3696 2610 ﬁuvia-

2175 2637 2388 2707 χήσεως
2416 2637 2641 2706 εὑρεταὶ
2674 2637 2768 2690 καὶ
2793 2636 3045 2709 ποιηταί.
3080 2636 3230 2704 Quid
3248 2632 3475 2689 narras?
3498 2631 3690 2686 nimirum

2174 2735 2366 2783 nostra
2400 2741 2499 2782 nos
2530 2726 2719 2798 opinio
2753 2727 2967 2792 fefellit,
2988 2727 3093 2799 qui
3119 2724 3455 2783 credidimus
3484 2729 3529 2776 te
3555 2719 3694 2778 Antio-

2173 2816 2312 2872 chia:
2362 2831 2487 2872 esse
2535 2823 2750 2871 natum.
2789 2815 3082 2888 Siquidem
3129 2824 3329 2871 auctor
3367 2820 3445 2869 est
3482 2807 3689 2863 Lucianus

2172 2908 2573 2978 Antiochenses
2598 2906 2668 2963 de
2696 2906 3061 2966 saltatoribus
3091 2907 3305 2978 optime
3347 2905 3564 2961 omnium
3582 2896 3691 2969 judi-

2172 3011 2300 3054 care
2322 2997 2606 3069 potnisse:
2642 3007 2695 3054 te
2722 3006 2901 3054 autem
2930 3013 3061 3054 cum
3091 2998 3329 3052 aliarum
3357 2992 3588 3055 omnium,
3606 2994 3687 3042 tam

2171 3089 2339 3159 hujus
2366 3089 2501 3146 artis
2519 3088 2992 3160 imperitissimum
3020 3089 3311 3145 videmus.
3327 3083 3470 3153 Rogo
3486 3091 3549 3146 te,
3569 3080 3688 3133 homo

2170 3178 2452 3233 hominum
2482 3162 2858 3249 ig'navissime,
2894 3191 3264 3249 nunquamne
3287 3188 3467 3230 sacras
3496 3167 3687 3237 Seriphi-

2174 3269 2597 3325 rasdectitasti?
2630 3284 2817 3325 nonne
2851 3268 2925 3324 ibi
2954 3268 3230 3341 frequens
3260 3260 3548 3324 saltationis
3575 3269 3685 3341 menf
3774 3266 3775 3319 ξ

2176 3361 2251 3415 ιίο
2276 3360 2369 3415 diu
2393 3360 2622 3430 diuque,
2661 3366 2967 3430 antequam
3003 3340 3368 3415 Stesichorus
3400 3340 3687 3407 nasceretur?

2172 3450 2351 3521 quid?
2384 3465 2453 3506 ne
2484 3448 2781 3506 llomerum
2804 3449 3026 3520 quidem
3062 3465 3166 3521 per
3198 3453 3532 3504 transennam
3565 3446 3685 3502 θῦμ’
3774 3446 3775 3521 ξ

2173 3542 2303 3596 xisli
2324 3540 2476 3611 fjam
2498 3554 2631 3611 ergo
2656 3555 2779 3595 eum
2813 3539 3007 3596 audias
3038 3540 3212 3596 licet:

2184 3588 2548 3702 ῖόῥῇεᾶιὲὧξζ
2563 3588 2779 3703 Ξιᾎᾶἔιξέ
2798 3588 3214 3703 {aI—2513;};
3250 3613 3683 3761 ἀνωήμαῖςόςδςιι·

2175 3773 2379 3837 ’Ἄλλῳ
2399 3771 2518 3839 μὲν
2539 3770 2650 3840 γὰρ
2670 3770 2855 3825 ἔδωκε
2883 3772 3015 3840 θεὸς
3038 3767 3345 3840 πολεμήϊα

2174 3826 2378 3906 Ἀλλῴ
2398 3826 2452 3895 δ’
2475 3826 2801 3911 ὀρξίῆστὺν,
2817 3826 3008 3919 erepo;
3025 3826 3276 3910 κιθαρηέ
3296 3826 3607 3893 καῖὰοιδήν.

2172 3932 2298 3989 Scio
2327 3939 2508 3988 tamen
2547 3931 2680 4003 quid
2736 3932 2794 3987 in
2852 3931 3099 3988 fraudem
3146 3940 3203 3988 te
3262 3924 3488 3997 impulit,
3531 3926 3684 3983 nempe
3774 3952 3775 4003 ξ

2168 4038 2369 4080 nomen
2418 4021 2746 4089 Stesichori,
2790 4030 3053 4094 tanquam
3100 4026 3151 4080 si
3213 4019 3420 4092 primus
3469 4009 3676 4079 ἐστήσατθ

2169 4111 2401 4184 χοροΰς’
2444 4119 2500 4166 et
2560 4123 2812 4181 poemata
2866 4113 3120 4184 quaedam
3174 4103 3533 4179 Bacchylidis,
3585 4106 3673 4165 αυτ
3774 4148 3775 4183 ι

2184 4202 2580 4274 Ὑπορχήματα
2605 4201 2870 4273 inscripta
2893 4212 3046 4267 sunt,
3086 4211 3145 4259 et
3175 4219 3206 4258 a
3236 4199 3442 4256 Stobaeo
3464 4192 3667 4247 citantur.

2167 4300 2223 4350 et
2274 4292 2538 4348 Athenaeo
2586 4291 2682 4348 lib.
2724 4309 2835 4347 xw.
2881 4292 2944 4346 Ἦ
2982 4293 3040 4346 δὲ
3090 4281 3498 4364 ὑπορχηματική
3544 4279 3668 4332 ἔστιν.

2167 4385 2226 4437 ὲν
2272 4376 2307 4458 ᾗ
2364 4382 2505 4455 ᾅδων
2545 4382 2574 4434 ὁ
2635 4380 3102 4453 χορὸς.ὀρχεῖται·
3138 4374 3417 4452 φησιγοδν
3451 4371 3477 4423 δ
3506 4368 3665 4458 “mf.”

2166 4448 2347 4544 λίδτίξ.
2373 4448 2488 4542 ὸῠκ
2516 4448 2670 4544 ἕδροξ
2702 4448 2930 4542 timor"
2953 4471 3063 4525 οὐδ’
3104 4448 3368 4542 ἀέλδολᾶς.
3412 4460 3565 4514 Locus
3595 4448 3667 4502 ali-

390 4536 401 4545 ’
485 4567 593 4620 que
626 4560 838 4608 constat
858 4552 1084 4608 Suidam
1114 4553 1433 4609 alterutrius
1468 4553 1632 4610 verba
1653 4569 1934 4626 perperam
1964 4573 2057 4614 ce-
2093 4572 2138 4627 ι)
2166 4536 2375 4634 quanto
2404 4536 2671 4633 integrior
2700 4536 2785 4618 est
2805 4536 2962 4632 apud
3018 4536 3337 4633 Dionysium
3375 4548 3659 4607 Halicarnas-

487 4645 636 4713 pisse
666 4661 681 4700 :
717 4652 771 4699 et
798 4645 1169 4716 praestabilius
1198 4655 1282 4702 est
1311 4653 1585 4717 receptam
1610 4644 2063 4718 Harpocrationis

487 4735 775 4794 lectionem
804 4744 1010 4791 sartam
1038 4744 1092 4792 et
1126 4744 1324 4793 tectam
1348 4737 1514 4792 tueri.
1557 4735 1762 4809 Nempe
1790 4751 1847 4793 ut
1885 4743 2066 4810 suspi-

486 4838 585 4876 cor
607 4824 729 4879 libri
777 4823 1037 4896 Epigenis
1067 4842 1192 4882 cum
1224 4827 1371 4884 Ionis
1414 4829 1640 4899 scriptis
1665 4830 1946 4899 conjuncti
1987 4831 2064 4888 fe-

493 4915 756 4971 rebantur
786 4916 875 4972 :is
907 4918 1051 4971 enim
1097 4920 1552 4975 commentarium
1587 4920 1790 4977 fecerat
1818 4924 1872 4978 in
1913 4923 2064 4981 Ionis

492 4998 842 5073 Tragmdias;
873 5006 1015 5076 quod
1048 5008 1196 5064 scias
1228 5010 1282 5063 in
1340 5012 1599 5067 Athenaeo
1639 5014 1733 5067 lib.
1758 5030 1833 5079 xi,
1860 5016 2060 5084 cap.«5,

487 5103 549 5151 ut
568 5096 702 5152 nihil
744 5097 864 5152 miri
896 5099 991 5163 sit,
1012 5099 1057 5155 si
1087 5097 1461 5167 librariorum,
1493 5103 1588 5172 qni
1619 5106 1803 5159 omnia
1843 5117 2063 5175 pertur-

490 5190 706 5244 bant~et
727 5190 987 5258 miscent,
1019 5191 1112 5246 alii
1139 5198 1402 5264 tanquam
1434 5192 1589 5251 Ionis
1636 5196 1952 5268 Τριαγμοίις
1987 5198 2066 5254 in-

488 5281 840 5355 scripserint,
878 5283 972 5338 alii
1004 5291 1064 5340 ut
1092 5282 1376 5356 Epigenis.

558 5376 687 5448 Pag.
729 5376 850 5432 181.
918 5378 1031 5432 Καὶ
1070 5377 1211 5445 μετά
1272 5379 1468 5436 Μίνωα
1519 5383 1728 5449 Λῦλέας
1762 5388 2064 5457 τραγικοὺς

487 5468 687 5538 χοροὺς
716 5468 1013 5540 δραμάτων
1049 5470 1447 5543 συνεγράψατο.
1488 5472 1795 5531 Permirum
1829 5477 2064 5534 fortasse

486 5556 760 5625 videatur,
793 5557 925 5614 Milli
972 5558 1315 5626 doctissime,
1348 5564 1721 5621 tenebrionem
1755 5567 1907 5623 illum
1949 5569 2065 5622 An.

489 5647 627 5701 leam
666 5664 767 5716 pro
794 5650 1063 5724 Eschylo
1089 5669 1118 5707 a
1141 5651 1358 5710 Joanne
1391 5656 1521 5711 dici.
1558 5658 1699 5724 Quid
1742 5666 1924 5713 autem
1965 5659 2062 5712 ad-

489 5736 815 5795 niirationis‘
843 5742 1026 5807 habet,
1057 5758 1181 5797 cum
1218 5745 1273 5799 in
1318 5748 1577 5801 memoria
1620 5749 1744 5818 quis
1776 5757 1959 5802 teneat
1984 5758 2063 5802 tot

495 5823 632 5883 alias
667 5824 1125 5888 hallucinationcs
1174 5832 1454 5890 hominis?
1486 5834 1663 5890 Etiam
1720 5851 1773 5907 ι).
1803 5836 1890 5901 75,
1929 5839 2064 5890 cita-

2165 4670 2381 4711 sensem
2407 4671 2421 4709 :
2449 4655 2559 4726 Οὐχ
2586 4652 2748 4728 ἕδρας
2771 4655 2952 4726 ἔργον,
2983 4655 3094 4710 οὐδ’
3116 4650 3377 4726 ἀμϐολᾶς,
3396 4639 3516 4699 ἀλλὰ
3533 4644 3660 4728 χρυσ⁹

2163 4747 2372 4817 αίγιδος
2432 4726 2668 4812 Ἰτωνίας
2711 4748 2817 4820 χρὴ
2850 4749 2982 4821 παρ’
3001 4746 3312 4803 εὐδαίδαλον
3330 4738 3444 4793 ναὸν
3464 4726 3659 4821 ἐλθόντας

2164 4812 2333 4910 ἁϐρόν
2363 4855 2417 4892 τι
2444 4837 2633 4903 δεῖξαι.
2660 4812 2868 4894 Οςιίίηοε
2895 4812 3098 4893 Cretici
3119 4843 3309 4908 praeter
3335 4837 3489 4885 unum
3515 4812 3657 4910 pede?

2164 4905 2258 4999 qui
2317 4928 2372 4983 in
2427 4943 2669 5000 peronem
2729 4930 2949 4985 solutus
2976 4905 3265 4994 est;—adeo
3305 4927 3380 4981 ut,
3409 4925 3517 4970 cum
3547 4905 3654 4957 hunc

2165 5022 2348 5076 locum
2388 5022 2529 5093 lego,
2565 5036 2753 5077 coram
2784 5022 2964 5078 oculis
2994 5021 3179 5077 videre
3218 5015 3395 5073 videar
3444 5005 3632 5093 ὐπορκξυ

2167 5114 2362 5186 μένους
2388 5122 2445 5169 et
2481 5115 2879 5171 subsultantes.
2929 5114 3043 5169 Nec
3082 5123 3261 5168 tamen
3286 5104 3513 5178 princeps
3536 5094 3653 5182 et"?

2163 5214 2359 5261 ventor
2383 5205 2874 5277 lryporchematum
2939 5204 3324 5276 Bacchylides;
3360 5190 3466 5251 sed.
3495 5190 3548 5277 αξ
3563 5188 3651 5245 ‘l'"'

2163 5297 2394 5354 busdam
2423 5272 2699 5362 'i‘idetur,
2741 5297 3049 5363 Pindarus;
3083 5272 3145 5352 ut
3189 5293 3277 5352 alii
3307 5287 3490 5343 volunt,
3514 5272 3648 5363 Xenn‘

2163 5389 2381 5445 damus.
2401 5389 2539 5444 Vide
2568 5390 2925 5455 Clementem,
2948 5388 3280 5450 Athenaeum,
3300 5388 3349 5438 et
3364 5362 3645 5433 Plutarchum

2163 5496 2231 5533 πε
2242 5479 2294 5546 pi
2323 5479 2627 5552 Μουσικῆς.
3554 5537 3565 5555 ,

2235 5569 2364 5639 Pag.
2424 5547 2576 5623 εδδ(
2614 5568 2875 5634 Γλαῦκος,
2934 5567 3185 5640 ισχυρδς.
3234 5559 3482 5635 φρόνιμοεο
3524 5547 3640 5641 ⁸ῗέ³ῗ

2164 5659 2285 5730 ϐῆς.
2317 5638 2513 5730 Atqui,
2564 5678 2601 5715 ο
2644 5660 2859 5728 Malala,
2925 5638 3137 5717 tantum
3196 5659 3357 5713 abest,
3400 5650 3452 5699 ut
3483 5638 3640 5730 ςαρῐξιξξ

2166 5750 2333 5805 fuerit
2385 5752 2486 5806 iste
2539 5751 2800 5817 Giancns,
2838 5762 2897 5806 ut
2949 5753 3073 5822 ejus
3132 5760 3319 5805 nomen
3354 5739 3399 5792 in
3429 5724 3637 5825 pro“???

2165 5841 2620 5896 consurtmlincm
2684 5844 2915 5908 venerit,
2969 5843 3035 5896 de
3090 5839 3305 5893 lmnine
3345 5819 3637 5899 qualistncs.
