3862 6318
154 362 256 423 τω

1248 353 1615 415 EPISTOLA
1642 351 1850 411 RICH.
1888 348 2271 410 BENTLEII.

3302 347 3409 411 770

160 481 252 552 qui
299 478 475 534 nescit
537 474 669 545 quid
720 473 794 527 sit
832 470 887 524 in
922 486 1036 524 rem
1064 485 1255 527 suam:
1301 470 1394 539 qui
1454 484 1539 538 pet
1558 474 1732 522 mutat

1858 468 2087 537 τοιητὴς.
2119 468 2260 534 οὺχο
2295 467 2479 536 ῥήτωρ
2566 472 2621 519 et
2673 457 3037 535 Hieronymus
3068 480 3082 516 :
3111 459 3409 517 Dinarchus

230 570 461 640 Χρυσέα
484 566 801 638 χαλκείων,
825 562 1154 632 ἑκατόμϐοι’
1170 563 1552 617 ἐννεαϐοίων.

166 660 371 717 Sedest
425 658 544 731 {71]
588 657 774 727 potius
831 664 894 708 ut
947 654 1156 707 librarii
1209 653 1315 707 hoc
1359 664 1483 707 esse
1513 650 1729 706 facinus

164 754 469 809 existimem
528 747 876 819 (praesertim
936 746 982 799 si
1019 760 1127 799 non
1188 744 1332 798 idem
1379 741 1528 796 istud
1577 742 1731 809 ἰσχν-

172 848 254 920 ρδς
284 842 593 912 iterasses),
623 849 678 895 et
707 841 1015 897 oralionem
1044 851 1169 892 esse
1212 835 1640 891 continuandam
1667 832 1732 886 ad

173 939 265 991 hoc
285 933 595 1002 exemplum
630 948 644 983 :
674 930 889 991 Αἰνείας
909 927 1199 995 εὖπώγων,
1230 922 1467 995 γλαυκὸς
1496 921 1735 994 (caesius)

165 1030 453 1100 ᾳρόνιμος,
484 1024 740 1096 εὐσεϐής.
772 1024 1028 1093 Agnosco
1080 1026 1224 1090 piunt
1272 1020 1534 1084 IEueam;
1578 1029 1630 1072 et
1663 1017 1736 1070 ita

160 1116 327 1185 plane
366 1111 606 1168 lsaacius
628 1109 1168 1181 Porphyrogenetus.

228 1205 374 1260 Illud
408 1219 460 1274 p.
491 1202 619 1268 329,
641 1202 753 1256 Καὶ
777 1202 1086 1273 κατηνέχθη
1107 1203 1135 1254 ὀ
1159 1201 1345 1271 Σίμων
1366 1198 1457 1250 ἐπὶ
1480 1196 1579 1267 τὴν
1604 1196 1742 1249 πλα-

166 1298 311 1351 τειαν
376 1298 468 1350 καὶ
522 1295 790 1365 ὲψόφησε,
840 1294 979 1349 satis
1012 1294 1232 1363 quidem
1271 1298 1638 1360 congruenter
1675 1287 1742 1342 ad

170 1387 559 1443 Hellenismum
604 1386 766 1440 vertit
793 1384 1087 1454 interpres,
1114 1381 1213 1437 sed
1264 1397 1371 1437 non
1403 1382 1652 1450 apposite
1677 1376 1744 1432 ad

162 1481 523 1538 sententiam.
558 1478 699 1544 Quid
738 1477 787 1533 si
812 1477 1241 1547 interpretemur
1274 1474 1336 1528 τὸ
1365 1474 1630 1544 ὲψόφησε,
1663 1477 1743 1535 ιιι,

165 1572 309 1642 quod
342 1572 397 1624 in
432 1568 499 1624 N.
532 1569 596 1624 Τ.
631 1570 700 1624 de
747 1568 886 1624 Juda
938 1567 1198 1623 lscariota
1237 1564 1443 1619 dictum
1474 1571 1581 1624 est,
1625 1560 1751 1614 ἐλά-

164 1680 297 1734 κησε
343 1665 531 1733 μέσος,
568 1662 774 1731 crepuit
817 1660 1062 1715 medius?
1090 1656 1397 1728 Hesychius
1431 1670 1445 1708 :
1491 1653 1749 1711 Ἔλακεν,

1828 572 2003 626 poeta,
2048 574 2151 611 non
2200 557 2398 611 rhetor.
2438 557 2514 611 De
2558 570 2667 626 quo
2724 556 2777 609 in
2835 555 3082 609 diversas
3110 560 3412 617 sententias

1830 650 2013 704 ierunt
2039 650 2141 704 viri
2167 646 2335 704 docti.
2368 646 2544 702 Verba
2594 646 2851 701 Demetrii
2879 644 3141 715 Magnetis
3168 647 3222 700 in
3250 660 3416 715 opere

1831 738 1971 810 Περὶ
1987 738 2094 792 τῶν
2135 737 2470 808 Ὀμωνύμων
2496 736 2640 806 apud
2673 734 2991 806 Dionysium
3026 733 3199 789 Ilalic.
3227 752 3240 787 :
3267 738 3414 789 Δειν-

1841 831 2031 902 άρχοις
2076 828 2133 882 δὲ
2177 827 2500 897 ἐνετύχομεν
2525 828 2836 898 τέτταρσιν.
2887 816 2962 878 ὧν
2988 825 3134 877 ἑστιν
3159 826 3189 879 ὁ
3220 825 3319 890 μὲν
3349 829 3417 877 ὲκ

1832 918 1941 972 τῶν
1977 919 2223 992 ρητόρων
2272 917 2380 970 τῶν
2415 916 2676 969 Ἀττικῶν
2698 931 2712 946 ο
2753 914 2783 967 ὁ
2815 912 2872 966 δὲ
2913 912 3011 974 τὰς
3035 913 3163 982 περὶ
3189 913 3413 983 Κρήτην

1839 1012 2143 1081 συναγήοχε
2168 1006 2493 1080 μυθολογίας
2511 1024 2525 1038 ⁸
2546 1009 2574 1059 ὁ
2597 1005 2655 1059 δὲ
2687 1003 3057 1076 πρεσϐύτερος
3089 1002 3185 1073 μὲν
3210 1004 3416 1073 ἀμφοῖν

1837 1101 2069 1163 τούτοιν,
2091 1101 2280 1170 Δήλιος
2299 1099 2357 1153 δὲ
2379 1098 2439 1152 τὸ
2458 1097 2635 1166 γένος,
2663 1084 3230 1167 πεπραγματευμένος
3256 1093 3418 1147 τοῦτο

1843 1193 1941 1262 μὲν
1970 1191 2121 1257 ἔπος,
2147 1189 2306 1244 τοῦτο
2333 1189 2391 1242 δὲ
2418 1189 2678 1258 πρᾶγμα·
2711 1187 2967 1257 τέταρτος
2984 1184 3085 1237 δὲὸ
3103 1184 3230 1256 περὶ
3247 1183 3416 1253 ὐμήο

1846 1298 1939 1352 ρου
1971 1280 2130 1349 λόγον
2186 1276 2571 1338 συντεθεικώς.
2606 1275 2672 1328 Ει
2702 1274 2980 1330 Gerardus
3034 1274 3256 1343 quidem
3280 1271 3418 1328 Vos-

1844 1372 2037 1427 sinsin
2070 1370 2332 1440 praeclaro
2387 1382 2553 1438 opere
2603 1365 2677 1422 De
2732 1364 3415 1429 Historiciszbinarchus,

1846 1463 1946 1526 ait,
1984 1460 2169 1515 Delius
2201 1458 2472 1513 Cretenses
2520 1457 2737 1527 fabulas
2790 1457 3021 1527 collegit,
3051 1465 3108 1508 ut
3145 1456 3419 1525 cognosci-

1847 1567 1964 1605 mus
1993 1565 2059 1604 ea:
2089 1549 2346 1619 Dionysio
2370 1546 2499 1602 Hal.
2549 1545 2761 1600 Videtur
2810 1546 2947 1599 idem
2986 1546 3186 1615 signari
3210 1544 3278 1599 ab
3302 1543 3418 1598 Eu-

1849 1641 2016 1705 sebio,
2084 1641 2174 1694 ubi
2203 1638 2267 1694 de
2296 1639 2491 1710 Bacchi
2515 1639 2675 1709 gestis
2712 1637 2948 1708 loquens,
3006 1637 3106 1697 ait.
3142 1636 3243 1699 Ὠς
3285 1632 3422 1706 φησι

161 1727 475 1826 Wagn—ser
516 1727 576 1810 et
620 1727 844 1817 Ᾰακείν,
894 1751 1161 1821 ψοφῆσαι.
1206 1727 1409 1819 Pagina
1461 1755 1644 1800 autem
1686 1741 1752 1796 l6

1858 1731 2186 1802 Δείναρχοςό
2214 1729 2468 1802 ποιητὴς.
2490 1730 2587 1799 οὐχ
2608 1731 2635 1782 ὁ
2660 1730 2861 1799 ῥήτωρ.
2879 1727 3270 1783 Condonamus
3303 1727 3424 1797 qui-

159 1862 294 1902 ssne
326 1845 659 1899 dormitavit
694 1844 986 1913 interpres,
1017 1848 1076 1896 ut
1110 1841 1164 1895 in
1198 1855 1363 1911 opere
1387 1839 1552 1907 longo
1575 1843 1629 1890 et
1664 1833 1747 1887 in-

1858 1824 1972 1879 dem
2006 1824 2058 1881 ei
2086 1822 2392 1893 ἁμάρτημα
2448 1821 2815 1891 μνημονικὸνο
2852 1836 3028 1889 neque
3057 1821 3203 1874 enim
3236 1817 3422 1873 Delius

155 1944 318 2007 grato
338 1934 503 1990 facile
522 1941 694 2005 queat
718 1948 947 1989 somnus
978 1932 1260 2000 obrepere.
1277 1929 1491 1999 Ἀχαΐα,
1511 1924 1744 1995 Πεληνὴ,

153 2030 190 2099 ἡ
222 2027 551 2098 καλουμένη
601 2025 1009 2096 Πελοπόννησος
1029 2022 1280 2086 ίΑεΙιαά,
1321 2019 1541 2079 Peicna,
1564 2033 1681 2088 qut:
1697 2025 1745 2070 et

154 2118 565 2188 Peloponnesus
592 2116 739 2170 dicta
761 2126 862 2170 est.
885 2117 1129 2172 Obsecro
1144 2114 1431 2186 quisistud
1468 2112 1551 2166 vel
1584 2110 1749 2164 fando

154 2209 373 2263 audivit
399 2208 427 2261 1'
463 2208 662 2262 Scribe
712 2207 925 2276 ‘Axata,
982 2206 1227 2276 Πελλήνη
1256 2212 1310 2259 et
1333 2211 1481 2260 verte
1531 2200 1745 2265 Acha'a,

162 2298 407 2363 Pellene,
431 2310 481 2352 et
508 2315 631 2368 quas
668 2296 1061 2368 Peloponnesus
1095 2308 1334 2352 uocatur.
1391 2294 1633 2364 Πελλήνη
1665 2301 1750 2347 est

164 2390 381 2444 Aelia-az
442 2388 601 2442 urbs.
666 2385 807 2443 Vide
867 2386 1231 2458 geographos.
1279 2385 1605 2455 Apollonius
1631 2382 1750 2451 ⁸Δι’-

168 2494 304 2549 gon.
334 2496 349 2532 t
376 2499 395 2536 ι

267 2528 557 2635 incripta;
575 2567 648 2621 es
671 2569 771 2621 καὶ
815 2566 1075 2637 Ἀμφίων
1101 2528 1462 2634 Ὑπερασίου
1484 2563 1631 2634 υἷες,

258 2640 565 2706 Πελλήνης
595 2640 898 2707 ἀφίκανον
940 2637 1259 2706 Ἀχαιίδος.

189 2725 393 2783 Vereor
428 2744 493 2785 ne
515 2729 764 2800 putidum
792 2728 864 2784 sit
892 2727 1177 2792 adnotare,
1207 2726 1484 2791 Βούττιος,
1534 2726 1750 2791 Βόττιος

194 2827 246 2873 et
270 2820 496 2884 Βώττιος
516 2821 714 2877 vitiose
735 2820 843 2876 dici
872 2821 1015 2888 apud
1047 2819 1297 2874 Malalam
1330 2836 1427 2890 pro
1444 2819 1754 2891 Βρούττιος,

199 2912 303 2967 sire
335 2913 604 2983 Βρέττιος.
646 2911 761 2967 Ηοο
810 2911 1031 2981 quidem
1074 2912 1415 2980 exploratum
1459 2918 1579 2976 est;
1629 2927 1753 2966 cum

204 3004 425 3057 eamdem
449 3005 608 3072 plane
634 3001 1004 3057 narrationem
1028 3016 1094 3057 ex
1118 3001 1308 3056 Brutio
1342 3002 1757 3059 allerantGeor-

212 3095 315 3167 gius
341 3104 393 3150 et
410 3095 795 3165 Hieronymus.
824 3092 903 3147 Ita
944 3108 997 3163 p.
1026 3092 1155 3157 200,
1180 3093 1358 3163 Θάλης
1386 3093 1483 3147 καὶ
1520 3094 1755 3165 Κάστωρ

207 3187 288 3240 καὶ
305 3186 557 3251 Πολύϐιος
586 3185 887 3256 depravate
918 3199 1017 3254 pro
1050 3184 1278 3248 Θάλλος.
1327 3183 1592 3240 Similiter
1610 3187 1756 3240 enim

207 3275 484 3343 Castorem,
515 3278 775 3333 Thallum
811 3284 870 3332 et
902 3276 1188 3347 Polybium
1208 3275 1277 3332 de
1306 3277 1472 3332 rebus
1498 3277 1755 3348 Assyria-

221 3368 280 3423 cis
306 3383 405 3423 una
431 3370 567 3425 citat
593 3367 903 3439 Syncellns.
939 3365 1004 3420 Et
1048 3366 1231 3422 adhuc
1261 3382 1317 3437 p.
1346 3367 1441 3422 121
1499 3367 1757 3423 Callima-

222 3458 328 3515 dtus
351 3462 406 3514 ἐν
425 3460 719 3529 Ἐτησεοις,
752 3473 851 3529 pro
877 3456 1102 3521 Αἰτίοις.
1155 3456 1346 3528 Neque
1401 3457 1547 3513 enim
1576 3458 1759 3513 Αἰτίαι

222 3547 583 3617 inscribuntur,
626 3565 696 3605 ne
722 3551 846 3620 quis
876 3558 1045 3615 erret,
1079 3549 1172 3605 sed
1233 3550 1393 3604 Λῖτια
1438 3559 1498 3605 ιιι
1534 3551 1591 3605 in
1633 3548 1761 3622 Epi-

223 3652 485 3710 grammata
512 3644 608 3698 lib.
644 3641 930 3706 tAnthot.,
957 3657 1080 3710 cap.
1113 3641 1222 3696 67:

303 3735 677 3805 Καλλίμαχος
704 3732 773 3787 τὸ
794 3731 1083 3803 κάθαρμα,
1112 3730 1182 3786 τὸ
1218 3732 1513 3815 παίγνιον,
1541 3735 1575 3788 ὁ
1599 3733 1762 3815 ξύλ-

486 3804 489 3805 ⁷
1080 3846 1086 3853 .
1328 3804 1474 3873 ltro;
1516 3804 1686 3870 νοῦς,

300 3873 479 3939 Αῐτιος
497 3876 531 3929 ὁ
555 3871 794 3944 “mimae;
821 3871 993 3927 Αἷτια
1016 3871 1427 3942 Καλλιμάχου.

225 3963 416 4033 Δρρειιο
451 3965 518 4019 ad
551 3964 965 4038 elegantiarum,
990 3963 1276 4018 hominum
1311 3962 1541 4032 Judicia,
1576 3976 1758 4017 annon

223 4057 385 4111 melior
427 4057 713 4129 aliquanto
748 4055 821 4111 sit
852 4055 1015 4110 lectio
1053 4070 1120 4110 ex
1164 4054 1486 4124 conjectura
1526 4063 1753 4112 nostra:

303 4148 501 4216 Δῖτιος,
535 4151 569 4202 ὁ
600 4147 838 4216 γράψας
858 4146 1045 4212 Atria,
1074 4148 1480 4218 Καλλίμαχος.

224 4234 454 4293 Caeterum
498 4235 617 4311 [72]
658 4237 822 4293 homo
874 4236 1081 4292 Malalre
1135 4238 1585 4309 germanissinrus
1630 4235 1761 4291 Ful-

229 4331 407 4399 gentius
458 4328 813 4395 Planoiades,
849 4325 1227 4390 lentaculum,
1279 4328 1478 4397 inqttit,
1530 4330 1762 4398 gustatio

228 4420 410 4475 dicitur.
443 4418 811 4476 Callimachus
864 4415 1068 4473 Intesia
1092 4434 1111 4472 :
1136 4417 1475 4473 Jentaculuni
1525 4419 1762 4488 proferre

229 4510 338 4566 lori.
389 4512 613 4568 Diceres
670 4511 815 4564 hunc
862 4525 895 4565 a
941 4509 1152 4588 Joanne
1191 4510 1416 4581 Ἐτήσια
1454 4510 1544 4563 illa
1574 4522 1763 4564 mtttua

229 4605 432 4667 petiisse.
453 4603 597 4658 illud
632 4617 761 4657 vero
791 4600 1116 4656 incredibile
1147 4600 1419 4664 videatur,
1443 4600 1762 4673 Cyrenaeum

230 4689 351 4747 illum
378 4693 579 4747 Latine
604 4692 758 4763 loqui
786 4702 840 4747 et
871 4692 1093 4761 quidem
1121 4705 1285 4745 versu
1318 4704 1333 4742 :
1369 4704 1494 4744 nam
1519 4692 1600 4745 sic
1621 4690 1764 4760 lego.

229 4776 503 4834 Jentaclum
537 4778 779 4849 proferre
833 4778 1071 4835 Joui.....
1123 4778 1229 4833 Sed
1280 4780 1478 4834 mimtit
1530 4781 1769 4836 admira-

229 4872 417 4936 tionem,
450 4871 601 4943 quod
637 4869 963 4942 Fulgentius
989 4882 1043 4927 et
1082 4870 1317 4926 Mnasete
1347 4870 1685 4941 Εὑρωπιακὰ
1713 4879 1768 4927 et

233 4960 577 5018 Demosthenis
634 4960 940 5033 Philippica
1001 4960 1196 5016 viderit
1260 4960 1456 5015 Latino
1513 4975 1770 5016 sermone

224 5056 532 5125 conscripta.
588 5054 747 5109 Sicut
790 5053 1073 5110 Ovidianze
1103 5053 1272 5109 Ibidis
1298 5062 1459 5108 vetus
1481 5063 1771 5110 enarrator

220 5146 583 5206 putidissimos
634 5160 830 5201 versus
880 5160 1088 5215 eosque
1136 5143 1358 5200 Latinos
1422 5142 1673 5214 Eupolidi
1719 5155 1771 5198 et

220 5232 523 5301 Uocularem
603 5235 844 5290 hominis
923 5232 1318 5290 confidentiam
1341 5232 1381 5302 ι)
1461 5230 1772 5288 Democrito

220 5325 423 5396 Alingit.

292 5435 411 5491 Illud
471 5427 735 5507 prmteiea
789 5453 913 5509 pag.
946 5438 1037 5505 52,
1074 5437 1271 5502 Καθὼς
1301 5434 1588 5511 Δήμαρχος
1615 5441 1644 5494 ὁ
1682 5458 1773 5495 σο-

230 5525 450 5594 ψῖιτατος
480 5528 855 5598 συνεγράψατο
882 5532 1009 5600 περὶ
1039 5530 1134 5582 τοῦ
1156 5528 1319 5584 αὐτοῦ
1347 5532 1624 5596 Διονύσου,
1653 5548 1775 5587 cor-

238 5626 373 5686 rupte
417 5620 701 5673 exhibetur
750 5623 870 5675 loco
927 5621 1234 5692 Δείναρχος.
1303 5607 1437 5675 Fam
1512 5623 1776 5694 Georgius

246 5712 458 5783 eamdem
503 5713 779 5769 historiam
847 5730 1193 5789 tnentorans,
1244 5715 1556 5786 Δείναρχος,
1614 5717 1709 5782 ait,
1750 5720 1777 5770 ὁ

1850 1911 1955 1966 fuit
1990 1912 2336 1967 Cretensium
2391 1910 2699 1965 fabularum
2763 1910 3046 1973 collector,
3094 1908 3191 1964 sed
3221 1923 3426 1963 secun-
3468 1926 3474 1931 ε

1848 2003 1953 2061 dus
1982 2004 2086 2059 iste
2126 2005 2313 2058 nescio
2363 2004 2522 2072 quis;
2554 2017 2713 2071 quem
2755 2000 2845 2056 vis
2902 2010 2986 2056 cst
3021 2009 3075 2054 ut
3115 2000 3419 2055 existimem

1848 2107 1941 2148 eas
1968 2091 2220 2148 versibus
2248 2090 2512 2152 edidisse.
2569 2091 2761 2144 saltem
2807 2089 2912 2144 hoc
2940 2103 3047 2143 non
3075 2089 3419 2157 exploratum

1848 2195 1954 2238 εει.
1987 2181 2229 2252 Scaliger
2252 2182 2306 2237 in
2337 2181 2525 2236 Graeca
2563 2180 2782 2234 Eusebii
2817 2196 2870 2250 p.
2893 2181 2983 2233 3i.
3034 2177 3299 2239 Viderint,
3323 2179 3420 2240 ait,

1849 2275 2064 2339 eruditi,
2121 2290 2189 2328 an
2247 2273 2432 2327 tertius
2490 2272 2883 2326 Dinarchorum
2909 2270 3100 2340 Δήλιος
3140 2269 3203 2324 τὸ
3244 2267 3421 2337 γένος,

1851 2351 2423 2435 πεπραγματευμένος
2507 2361 2668 2415 τοῦτο
2751 2362 2851 2433 μὲν
2919 2361 3089 2428 ἔπος,
3157 2359 3314 2413 τοῦτο
3365 2359 3423 2412 δὲ

1853 2453 2106 2523 πρᾶγμα,
2137 2453 2209 2506 sit
2236 2446 2345 2506 iste'
2368 2460 2548 2522 poeta,
2574 2457 2725 2522 quem
2763 2451 2934 2504 innuit
2970 2448 3251 2505 Eusebius.
3279 2447 3423 2502 Nam

1853 2561 1981 2601 sane
2000 2544 2130 2598 mihi
2155 2546 2365 2616 ignotus
2397 2554 2496 2600 est.
2530 2544 2805 2600 Hactenus
2838 2544 3060 2614 quidem
3109 2543 3332 2606 accedo,
3365 2547 3426 2595 ut

1854 2644 1949 2690 aut
1972 2636 2074 2690 iste
2101 2636 2173 2692 sit
2206 2646 2388 2706 poeta,
2422 2637 2487 2691 de
2513 2651 2624 2706 quo
2679 2635 2973 2696 Eusebius,
3013 2642 3107 2688 aut
3143 2634 3325 2689 nullus
3357 2648 3424 2687 ex

1853 2736 2119 2798 quatuor.
2142 2728 2248 2782 Sed
2279 2728 2498 2789 amabo,
2522 2728 2651 2797 quid
2694 2728 2800 2783 sibi
2837 2728 2953 2780 vult
2988 2726 3121 2780 illud
3152 2725 3428 2796 πρᾶγματ

1854 2835 2006 2882 nam,
2039 2828 2307 2889 quantum
2343 2834 2445 2891 ego
2485 2820 2663 2883 video,
2702 2820 2849 2874 nulla
2886 2818 2936 2874 ei
2977 2821 3167 2874 subest
3212 2830 3429 2874 senten-

1856 2913 1929 2965 tia
1960 2926 2136 2981 neque
2190 2912 2443 2966 scientia.
2493 2910 2687 2965 Latine
2743 2910 2824 2966 sic
2868 2920 3094 2965 vertas:
3125 2909 3427 2963 Dinarchus

1857 3017 2039 3072 genere
2068 3001 2270 3065 Delius,
2295 3002 2385 3072 qui
2403 3000 2607 3069 aliquid
2623 3001 2784 3063 dixit,
2817 3010 2866 3054 et
2898 3000 3103 3070 aliquid
3133 3000 3259 3070 fecit
3289 2997 3425 3072 [73];

1859 3091 1995 3157 sive,
2030 3091 2122 3160 qui
2171 3076 2376 3160 aliquid
2423 3105 2572 3144 uersu
2603 3092 2764 3157 dixit,
2805 3089 3007 3160 aliquid
3034 3106 3087 3144 re
3111 3091 3249 3160 ipsa.
3290 3090 3429 3146 Pro-
3478 3135 3482 3140 .

1861 3178 2005 3234 lecto
2030 3195 2139 3235 non
2163 3181 2394 3235 multum
2427 3181 2480 3234 in
2506 3178 2779 3234 Demetrio
2797 3181 3156 3250 perdidimus,
3175 3181 3219 3236 si
3245 3182 3428 3235 omnis

1858 3272 1943 3328 sic
1973 3272 2129 3327 dixit.
2153 3271 2258 3329 Sed
2282 3271 2478 3343 opinor
2500 3273 2773 3327 neminem
2805 3271 3018 3328 inﬁcias
3040 3273 3268 3338 iturum,
3294 3274 3427 3343 quin

1858 3363 2158 3419 mutatione
2193 3364 2483 3419 commoda
2507 3372 2560 3417 et
2599 3362 2676 3417 illi
2709 3378 2843 3418 suus
2873 3363 3068 3427 bonos,
3098 3371 3153 3417 et
3197 3362 3428 3418 orationi

1858 3469 1957 3509 sua
1971 3454 2238 3509 sententia
2259 3455 2471 3509 restitui
2497 3455 2688 3524 possit,
2713 3455 2756 3508 si
2778 3454 3016 3523 legamus
3055 3471 3068 3508 :
3098 3469 3431 3526 πεπραγμα·
3518 3498 3527 3505 .

1856 3545 2117 3611 τξυμὲνος
2165 3544 2322 3598 τοῦτο
2371 3545 2468 3615 μὲν
2523 3544 2688 3610 ἔπος⁹
2741 3543 2899 3598 τοῦτο
2939 3544 3000 3599 δὲ
3066 3545 3321 3616 γράμμα,
3376 3544 3428 3596 id

1856 3644 1963 3696 est,
2002 3635 2094 3704 qui
2121 3633 2367 3703 qutrdam
2416 3633 2627 3687 heroico
2664 3632 2899 3686 carmine
2946 3634 3281 3701 conscripsit,
3321 3632 3431 3685 alia

1857 3725 2096 3777 oratione
2169 3739 2330 3793 prosa
2381 3739 2400 3777 :
2455 3724 2537 3777 vel
2586 3723 2749 3792 (quia
2794 3722 2856 3776 τὺ
2903 3724 3139 3792 γράμμα
3201 3724 3434 3792 quodvis

1859 3814 2049 3883 scripti
2108 3829 2281 3883 genus
2335 3829 2730 3883 nonnunquam
2786 3814 3114 3883 signiﬁcat),
3161 3815 3319 3867 τοῦτο
3375 3814 3433 3866 δὲ

1858 3903 2065 3975 δρᾶμα,
2096 3903 2187 3974 qui
2214 3912 2264 3957 et
2291 3910 2535 3971 poemata
2572 3903 2785 3956 hernica
2842 3911 2893 3956 et
2952 3902 3204 3956 dramata
3242 3903 3429 3957 edidit.

1932 3993 2236 4048 Domninus
2267 3994 2368 4049 iste
2398 3994 2768 4066 χρονογρὰφος
2801 4008 2910 4049 non
2940 3993 3161 4049 aliunde
3201 4010 3367 4065 quam
3403 4011 3433 4048 a

1864 4085 2054 4140 llalala
2083 4085 2340 4156 cognosci
2376 4092 2575 4154 potest,
2612 4100 2641 4138 a
2672 4099 2786 4155 quo
2809 4086 3116 4155 saepissime
3147 4091 3214 4140 ad
3251 4096 3435 4159 partes

1861 4186 2111 4233 vocatur.
2163 4177 2594 4233 Antiochensem
2656 4177 2829 4233 fuisse
2878 4177 3211 4234 certissimis
3260 4179 3436 4249 signis

1861 4265 2259 4336 deprehendes,
2305 4266 2398 4321 ubi
2450 4280 2550 4336 per
2604 4268 2780 4321 otium
2843 4267 3031 4339 licebit
3091 4267 3243 4323 locus
3300 4269 3436 4322 istos

1862 4357 2197 4411 consulere:
2240 4357 2601 4426 probabiliter
2627 4358 2796 4412 etiam
2848 4356 3087 4422 dixeris,
3141 4357 3439 4414 deduxisse

1796 4467 1838 4520 ι)
1866 4464 1991 4503 eum
2023 4449 2309 4503 historiam
2344 4449 2413 4501 ab
2445 4447 2676 4504 exordio
2717 4450 2904 4505 mundi
2949 4465 3125 4520 usque
3165 4451 3231 4505 ad
3263 4450 3438 4505 Justi-

1867 4538 2019 4592 niani
2047 4546 2317 4606 tempora.
2369 4537 2556 4608 Itaque
2600 4539 2829 4592 inclinat
2882 4539 3121 4603 animus,
3181 4549 3242 4594 ut
3292 4534 3467 4595 hunc.-

1868 4629 2039 4684 fuisse
2091 4628 2421 4683 Domninum
2473 4630 2624 4681 illum
2676 4628 3011 4692 existimem,
3052 4629 3145 4698 qui
3188 4644 3252 4684 ea
3301 4639 3439 4684 tem-

1870 4728 2081 4788 pestate
2114 4718 2213 4773 luit
2248 4718 2507 4772 Ecclesiae
2529 4717 2923 4774 Antiochensis
2956 4719 3275 4790 episcopus.
3302 4719 3437 4774 Nam

1869 4825 2006 4865 sane
2032 4810 2177 4864 sicut
2202 4808 2292 4862 hic
2316 4823 2345 4862 a
2368 4806 2583 4863 Joanne
2612 4825 2666 4878 p.
2708 4808 2816 4864 265
2871 4808 3117 4866 Domnus
3159 4821 3391 4868 vocatur
3423 4832 3437 4868 :

1870 4901 1944 4954 ita
1977 4901 2143 4956 istum
2172 4900 2543 4969 patriarc‘ham
2567 4899 2618 4953 lii
2650 4898 2945 4967 Domuum,
2976 4902 3053 4956 illi
3083 4901 3440 4969 Domninnm,

1871 4990 2168 5061 appellant.
2200 4989 2428 5045 Accedit
2460 4991 2589 5056 huc,
2616 4991 2767 5062 quod
2804 4992 3053 5063 plerique
3097 5009 3316 5058 omnes,
3344 4995 3440 5065 qui

1871 5082 2117 5153 aggressi
2173 5089 2301 5162 sunt
2341 5091 2585 5152 tempora
2634 5084 2988 5151 describere,
3058 5083 3282 5140 luerunt
3322 5087 3443 5154 epi-

1873 5174 2070 5244 scopi;
2112 5172 2316 5235 Victor,
2370 5173 2625 5244 Prosper,
2660 5175 3018 5244 TheOphilus,
3059 5176 3349 5241 Eusebius,
3386 5186 3441 5233 et

1873 5264 2142 5335 Georgius
2164 5268 2458 5336 episcopus
2489 5266 2836 5338 designatus.

1947 5355 2212 5425 Equidem
2262 5357 2473 5423 nescio,
2518 5370 2639 5413 utra
2689 5375 2779 5415 res
2813 5359 3077 5429 majorem
3114 5358 3442 5414 admiratio-

1877 5462 1998 5500 nem
2052 5445 2330 5512 attulerit,
2388 5456 2469 5503 tot
2527 5448 2750 5503 nomina
2808 5449 3094 5504 hominum
3142 5450 3365 5519 propria
3412 5464 3444 5504 a

1875 5537 2087 5592 Joanne
2118 5545 2378 5606 corrupta
2419 5553 2567 5604 esse,
2613 5553 2683 5593 an
2719 5553 2781 5594 ea
2828 5539 3028 5595 menda
3055 5554 3085 5593 a
3121 5539 3446 5597 doctissimo

1881 5632 2177 5698 interprete
2228 5629 2566 5685 dissimulata
2608 5631 2781 5687 fuisse
2826 5641 2880 5689 et
2932 5634 3157 5689 silentio
3215 5643 3446 5704 prater-

1880 5721 2085 5779 missa:
2135 5719 2283 5776 verbi
2322 5722 2496 5790 gratia
2532 5738 2585 5792 p.
2628 5720 2725 5777 lOl
2772 5732 2823 5780 et
2868 5725 2961 5779 ΠΙ
3016 5725 3311 5797 Τννδάριος
3346 5742 3447 5798 pro
