3862 6318
74 325 203 393 773

1211 314 1575 377 EPISTOLA
1604 264 1816 380 RICH.
1858 312 2246 375 BENTLEII.

3267 312 3377 379 ’Πί

90 440 319 505 pinnas
353 441 423 483 ex
450 426 799 498 conjectura,
819 431 1086 497 quantum
1110 439 1215 496 ego
1239 440 1304 481 ex
1334 441 1393 481 re
1424 427 1543 496 ipsa
1565 440 1698 480 con-
1733 435 1773 492 Α
1871 423 2276 480 Constitueram
2309 420 2399 476 hic
2433 419 2695 491 Epistolae
2726 420 2888 476 tinem
2916 418 3197 493 imponere
3228 440 3245 479 ε
3279 422 3378 479 sed

86 528 374 593 saturam
401 518 574 575 facio.
600 516 828 574 Veteres
855 516 1145 601 editipnes.
1171 524 1568 586 repraesentant
1600 516 1696 569 καὶ

94 611 343 687 ἁρμονίη
373 627 440 678 γε
477 609 750 681 μερῶπις.
796 608 987 679 Itaque
1028 607 1118 663 hic
1155 622 1376 677 quoque
1406 607 1692 677 legendum

96 718 193 765 es;
258 704 509 774 ἁρμονίη
584 701 923 772 θεμερῶπις.
1010 699 1248 772 Hesych.
1328 700 1693 772 Θεμερῶπις.

96 795 376 871 ἔρισμα,
407 792 639 865 ἀγχόνη.
679 793 826 863 Lege
854 792 1098 865 ὲρασμία
1142 793 1377 865 ἁρμονίη
1398 834 1413 859 ,
1449 793 1698 848 auctori-

102 898 219 944 tate
256 884 662 955 Empedoclis:
714 884 823 939 nisi
868 883 915 939 si
954 882 1128 938 mavis
1172 884 1413 954 ἐρασμια
1465 883 1696 953 αἰσχύνη

106 996 183 1035 et
199 976 454 1046 Eschyli
484 975 850 1031 Prometheo:
884 974 981 1028 Ἐκ
996 974 1259 1044 δ’ἔπληξέ
1289 992 1388 1045 μου
1415 976 1512 1043 τὴν
1537 975 1699 1044 θεμε-

116 1069 289 1140 ρῶπιν
336 1064 495 1119 αἰδῶ.
546 1062 722 1128 Αἰδὼς
774 1073 861 1121 est
912 1064 1167 1136 αἰσχύνη.
1223 1064 1517 1134 Perperam
1570 1065 1698 1119 huic

114 1158 335 1216 lectioni
380 1156 733 1220 scholiastes,
778 1169 833 1212 et
866 1154 1229 1227 EtynroIOgici
1271 1164 1467 1210 auctor
1504 1155 1698 1226 θερμε-

120 1251 289 1321 ρῶπιν
351 1264 544 1304 vocem
596 1247 753 1302 nihili
815 1256 1506 1318 anteponunt,'tanquam
1572 1246 1699 1317 θερο

122 1339 423 1411 μαῐνουσαν
452 1337 551 1409 τὴν
585 1331 734 1392 ὦπα.
764 1338 932 1408 Atqui
964 1353 1030 1393 eo
1051 1347 1212 1408 pacto
1243 1337 1526 1410 θερμῶπις
1555 1346 1701 1395 esset

122 1430 416 1483 dicendum
444 1445 459 1483 :
489 1443 669 1498 neque
690 1429 836 1484 enim
863 1430 943 1484 vel
988 1428 1155 1484 fando
1191 1432 1440 1485 auditum
1469 1438 1555 1485 est
1581 1431 1702 1505 θέρ-

127 1537 308 1590 μερθς.
337 1517 532 1595 Pollux
562 1527 751 1575 tamen
790 1520 889 1575 lib.
916 1535 989 1587 vr,
1021 1535 1071 1575 c.
1103 1520 1172 1575 40
1205 1537 1221 1575 :
1249 1521 1323 1575 Τὸ
1347 1522 1403 1575 δὲ
1431 1521 1701 1594 θερμερύ-

120 1609 305 1663 νεσθαι
337 1609 434 1661 καὶ
475 1608 746 1681 κιχλιδιᾷν
785 1610 1043 1680 κωμικὰ*
1097 1626 1200 1666 ms.
1245 1612 1454 1683 χλιδιᾷν
1485 1614 1566 1668 vel
1600 1631 1700 1666 κυ-

122 1700 384 1770 κλικδιᾷν,
417 1699 539 1767 lege
570 1698 968 1771 θεμερῠνεσθαι
998 1702 1092 1755 καὶ
1121 1702 1326 1775 χλιδᾷν,
1349 1705 1432 1759 vel
1460 1705 1699 1776 χλοιδᾷν,

1802 516 2099 574 intervenit
2124 515 2338 570 amicus
2371 527 2548 580 meus,
2578 514 2797 567 aurium
2825 514 3080 569 convicio
3105 516 3379 574 rationem

1801 608 2130 678 efﬂagitans,
2162 620 2262 661 cur
2296 604 2539 661 Joannes
2577 603 2807 660 Halelas
2848 606 2985 661 mihi
3014 608 3254 674 dicatur,
3285 611 3381 681 qui

1803 715 1834 755 ι
1871 699 2199 754 Vossiorum
2247 708 2507 769 utroque,
2545 696 2794 764 Usserio,
2836 697 3074 767 aliisque
3122 700 3385 757 omnibus

1803 791 1896 861 qui
1929 790 1985 845 in
2018 791 2163 844 hunc
2189 805 2367 859 usque
2396 789 2543 851 diem
2582 788 2702 859 ejus
2745 789 3080 843 mentionem
3109 788 3396 865 fecerunt,

1804 879 2007 935 Malela
2047 881 2388 937 nominatur.
2426 879 2539 951 Ego
2576 894 2730 944 vero.
2762 879 3010 951 inquam,
3043 895 3112 936 ne
3142 881 3197 936 in
3229 883 3378 937 viro-

1806 988 1924 1027 rum
1967 972 2185 1042 quidem
2244 973 2609 1027 maximorum
2659 969 2772 1045 [78]
2809 972 2974 1027 verba
3022 973 3374 1043 juraverim:

1805 1063 1900 1117 sed
1930 1064 1988 1118 in
2014 1063 2178 1116 aliam
2211 1063 2560 1126 sententiam,
2588 1062 2679 1117 ubi
2703 1064 3050 1117 commodum
3077 1071 3184 1128 est,
3207 1076 3385 1136 quan-

1806 1168 1970 1225 quam
2031 1154 2282 1221 invitus,
2338 1169 2462 1207 meo
2508 1153 2636 1223 jure
2693 1154 2941 1209 discedo.
3000 1154 3174 1227 Roget
3220 1157 3389 1225 igitur

1805 1248 2104 1316 quispiam,
2157 1261 2257 1300 cur
2298 1243 2503 1299 Mulela
2536 1245 2718 1316 potius
2769 1246 2845 1302 sit
2873 1246 3250 1302 vocitandus?
3285 1247 3388 1300 hoc

1807 1335 2021 1390 scilicet
2047 1333 2114 1389 ab
2154 1333 2223 1388 iis
2249 1349 2582 1403 responsum
2628 1334 2834 1405 ferret;
2886 1335 3029 1405 apud
3069 1335 3387 1390 Constanti.

1807 1441 1939 1480 num
1975 1425 2056 1479 sic
2103 1425 2389 1494 appellari,
2422 1425 2672 1479 Ἰωάννου
2722 1425 2817 1479 τοῦ
2872 1426 3101 1497 ἐπίκλην
3138 1426 3384 1492 Μαλέλα,

1808 1525 1864 1571 et
1901 1516 2044 1586 apud
2092 1515 2517 1583 Damasus-nuru,
2552 1515 2796 1570 Ἰωάννου
2831 1518 2925 1570 τοῦ
2976 1518 3383 1577 καὶ.Μαλάλα·

1810 1623 2080 1678 nusquam
2136 1607 2266 1661 alibi
2319 1609 2780 1672 commemorari.
2832 1616 3197 1679 precterquam
3242 1606 3388 1677 apud

1811 1696 2061 1753 Tzelzem
2097 1697 2351 1767 Ἰωάννης
2381 1713 2466 1759 τις
2498 1696 2764 1766 Μελέλαης.
2797 1698 2984 1769 Atqui,
3020 1698 3066 1752 si
3100 1699 3173 1751 ita
3207 1712 3297 1752 res
3329 1711 3390 1767 se

124 1793 199 1844 vel
234 1790 539 1861 κυλοιδιᾷν.
580 1788 893 1862 llcsychius
924 1808 938 1844 :
968 1790 1234 1863 Θὲμερον,
1269 1795 1488 1865 σεμνὸν,
1525 1796 1618 1865 ἀφ’
1644 1789 1705 1849 οὗ

1812 1788 1990 1853 babet,
2032 1786 2195 1858 vulgo
2237 1795 2292 1842 et
2338 1786 2544 1858 passim
2592 1788 2833 1857 reperias
2878 1788 2973 1842 τοῦ
3020 1788 3245 1852 Σουίδα,
3293 1788 3387 1841 τοῦ

116 1884 209 1934 καὶ
237 1882 305 1934 τὸ
338 1880 725 1951 σεμνύνεσθαι,
757 1881 1174 1955 θεμερὺνεσθαι.
1219 1885 1460 1959 Θεμέρη,
1492 1886 1703 1958 βεϐαία,

110 1972 293 2043 σεμνὴ
318 2014 333 2037 ,
374 1969 671 2043 εὐσταθὴς.
702 1972 1147 2045 Θεμερόφρσνας,
1188 1979 1465 2043 συνετοὺς,
1495 1977 1708 2050 σώφρο-

103 2079 230 2125 νας.
250 2061 359 2116 Sed
383 2070 445 2115 ut
470 2060 799 2131 planissime
815 2071 1070 2132 constet,
1097 2080 1238 2136 opus
1256 2073 1339 2122 est
1359 2076 1415 2121 ut
1444 2071 1705 2139 strophen

94 2162 169 2204 es
192 2150 589 2221 antistropben
623 2151 770 2208 inter
806 2167 867 2208 se
892 2152 1249 2212 conferamus
1283 2174 1297 2213 :
1332 2157 1387 2212 in
1417 2158 1622 2231 quibus
1651 2160 1705 2215 hi

89 2256 313 2297 versus
346 2241 695 2312 respondent
731 2256 795 2298 ex
827 2243 1061 2309 adverso

196 2353 304 2407 Ἐκ
329 2354 384 2406 δ’
409 2352 530 2407 ἕπλ
576 2350 643 2419 ξέ

196 2423 483 2476 Νεογιιοῖί·
504 2371 574 2476 63
596 2440 643 2476 νε

596 2440 634 2477 ν

709 2370 782 2408 ου
810 2353 922 2425 τὰν
945 2355 1278 2425 θεμερῶπιν
1294 2358 1459 2415 αἰδῶ.

186 2423 483 2493 Νεοχμοῖς
504 2422 541 2476 ὃ

664 2424 805 2493 more
821 2424 974 2492 Ζεὺς
996 2424 1268 2495 ἇθέσμως
1289 2430 1569 2497 κρατύνει

90 2528 246 2587 libi
272 2549 370 2603 pro
392 2530 504 2605 ΓΠ]
536 2533 799 2603 ἁθέσμως
834 2551 900 2591 ex
934 2537 1267 2593 necessitate
1299 2540 1457 2595 metri
1498 2542 1708 2611 conieci

134 2624 418 2696 legendum
451 2641 574 2681 esse
613 2625 845 2690 ἁθετῶς.
882 2626 1061 2694 Quam
1108 2631 1485 2700 conjecturam
1533 2634 1711 2689 (irrua-

156 2716 221 2768 vit
270 2714 592 2787 Hesychius.
647 2716 907 2785 ’Δθετῶς,
949 2720 1230 2799 ἀθέσμως,
1275 2722 1308 2794 ῆ
1366 2740 1706 2793 συγκατατε-

158 2804 414 2874 θειμένως.
461 2807 752 2877 Αἰσχύλος.
802 2809 1088 2883 Προμηθεῖ
1123 2812 1414 2884 δεσμώτῃ·
1460 2816 1599 2886 lege,
1645 2816 1706 2869 οὐ

161 2910 295 2961 cum
348 2896 462 2949 sine
512 2912 772 2951 consensu
831 2909 883 2953 et
943 2899 1327 2970 approbatione
1381 2903 1706 2974 reliquorum

162 2983 371 3039 deorum.
408 2985 673 3058 Respexit
728 2989 798 3044 ad
844 2991 993 3049 hunc
1037 2993 1217 3049 locum
1261 3011 1276 3048 :
1328 3010 1508 3066 neque
1558 2998 1705 3052 enim

167 3076 275 3176 alibi
297 3079 351 3132 in
395 3093 456 3134 ea
492 3079 679 3135 fabula
728 3083 995 3138 occurrit.
1048 3083 1216 3141 Plane
1257 3085 1371 3156 jarn
1420 3088 1707 3157 imperitus
1734 3117 1779 3179 ε

168 3165 223 3221 sit
238 3176 461 3239 oportet,
488 3177 585 3225 aut
610 3171 680 3226 ab
717 3171 1025 3229 invidentia
1063 3176 1296 3243 laboret,
1324 3178 1418 3248 qui
1442 3181 1512 3233 de
1540 3178 1705 3250 θεμε-

170 3253 315 3325 ριῖιπιν
335 3266 522 3314 contra
562 3261 763 3315 veniat.
797 3261 1184 3335 Experiamur,
1209 3265 1344 3335 quid
1383 3266 1439 3321 in
1479 3267 1706 3322 alteram

174 3357 349 3410 partem
386 3348 558 3419 possit
606 3348 725 3405 haec
752 3351 1091 3407 observatio.
1141 3352 1452 3425 llesychius
1496 3373 1511 3409 :
1543 3353 1711 3410 Ἐνα-

174 3450 336 3509 ατρος,
377 3442 395 3461 ‘
420 3439 759 3509 ὡστεμένας,
799 3442 1016 3513 Ἀχαιὸς
1053 3443 1426 3514 Ἀλφεσιὸοιαι
1459 3446 1583 3501 ἀντὶ
1612 3447 1708 3502 τοῦ

175 3524 345 3591 (διιστὰς
364 3529 470 3602 γὰρ
504 3531 716 3603 βάκχας
739 3533 907 3598 ὑάδας
934 3534 1142 3604 ἔλεγον.
1186 3535 1508 3609 Prodigiosa
1549 3539 1710 3610 plane

174 3620 338 3673 oratio.
374 3619 529 3676 Nunc
569 3622 816 3679 vicissim
846 3640 873 3677 ε
902 3635 1054 3680 muta
1080 3625 1134 3679 in
1166 3642 1244 3691 at,
1275 3634 1329 3682 et
1361 3627 1517 3698 lege:
1543 3630 1709 3685 Ἔνα-

174 3722 302 3789 αῖρος
327 3709 460 3764 ὥστε
498 3712 719 3776 Μαινάς
737 3730 752 3745 ο
778 3713 999 3785 Ἀχαιὸς
1032 3714 1402 3788 ’Δλφεσιϐοίᾳ.
1424 3718 1574 3772 Ἀντὶ
1614 3718 1709 3774 τοῦ

182 3794 306 3863 ’Υὰς.
336 3801 443 3865 Τὰς
474 3801 587 3873 γὰρ
638 3803 859 3874 Βάκχας
908 3804 1104 3870 Ὑάδας
1163 3803 1367 3875 ελεγον.
1420 3806 1709 3877 Agnoscis,

171 3890 353 3958 opinor,
376 3893 705 3964 principium
735 3894 941 3950 senarii
976 3911 1042 3951 ex
1071 3895 1259 3953 Achaei
1294 3898 1479 3951 fabula
1507 3898 1711 3968 Alphe-

170 3980 338 4039 siboea.
368 3986 634 4042 Similiter
657 4003 707 4040 οι
742 3988 950 4058 passim
973 3988 1095 4044 loco
1120 4007 1172 4055 υ,
1204 3987 1442 4061 Hesych.
1467 3991 1710 4061 Κοίημα,

168 4070 373 4145 γένημα,
400 4091 498 4146 pro
528 4075 756 4149 Κύημα,
789 4084 843 4132 et
879 4077 1002 4133 vice
1039 4093 1199 4134 versa
1233 4078 1552 4150 Στυχιοῦσι,
1598 4081 1714 4134 δια·

169 4164 397 4232 τνποῦσι,
431 4182 531 4237 pro
563 4164 926 4237 Στοιχειοῦσι.
958 4167 1108 4223 Idem
1138 4187 1152 4224 :
1189 4169 1562 4240 Στοιχείωσις,
1592 4169 1712 4224 δια-

164 4257 399 4325 τύπωσις,
427 4264 460 4335 ἡ
491 4261 687 4334 πρώτη
715 4262 973 4335 μάθησις.
1004 4262 1192 4335 Itaque
1213 4264 1414 4322 Suidas
1434 4267 1489 4320 in
1512 4265 1714 4323 Lexico

156 4344 499 4424 diphthongos
525 4371 584 4409 αι
606 4364 662 4410 et
683 4371 735 4407 οι
765 4354 947 4410 alieno
981 4355 1101 4411 loco
1127 4357 1378 4427 proxime
1405 4367 1535 4414 ante
1558 4375 1585 4412 ε
1609 4366 1663 4414 et
1681 4376 1712 4412 υ

154 4442 438 4498 collocavit.
464 4442 657 4498 Exstat
678 4444 734 4499 in
752 4444 1099 4501 Bibliotheca
1123 4446 1343 4517 publica
1358 4446 1556 4503 Oxonii
1578 4449 1717 4504 liber

146 4532 353 4601 antiqua
390 4547 556 4588 manu
592 4543 835 4602 notatus,
867 4537 1160 4592 continens
1203 4537 1354 4593 mille
1394 4540 1613 4609 regulas
1650 4537 1718 4595 de

154 4628 293 4675 lecta
313 4622 583 4679 scribendi
614 4625 832 4682 ratione
862 4643 877 4680 :
913 4642 1152 4697 quarum
1185 4644 1254 4685 ιι.
1278 4627 1479 4685 docent
1500 4633 1719 4702 quando

182 4727 224 4763 ιιι
248 4715 471 4771 scribere
509 4724 790 4786 oporteat,
846 4725 899 4773 et
955 4718 1184 4787 quando
1236 4737 1263 4773 e
1312 4738 1328 4776 :
1386 4721 1722 4794 totidemque

183 4803 250 4853 ubi
278 4821 338 4870 οι,
374 4815 427 4861 et
460 4802 561 4861 'ubi
595 4825 650 4861 υ.
686 4809 825 4863 Eum
878 4808 1169 4878 codicem,
1220 4827 1346 4868 cum
1391 4824 1520 4870 ante
1577 4814 1722 4870 inter

182 4889 463 4965 ἀδεσπότους
498 4901 761 4970 ferretur,
812 4903 1150 4974 deprehendi
1181 4921 1251 4961 ex
1293 4907 1560 4976 prooemio
1594 4922 1719 4962 ver-

182 4980 303 5045 Silius
341 4993 581 5049 senariis
626 4994 843 5066 scripto
890 4995 1088 5055 litteris
1121 5012 1237 5068 prae
1278 5008 1553 5056 vetustate
1585 4996 1723 5070 pe‘ne

174 5069 528 5151 e[fugientibus
573 5084 828 5141 obtutum
881 5088 1200 5153 oculorum,
1245 5088 1554 5161 Theognoti
1588 5069 1723 5147 esse

168 5165 479 5230 Brainmatici
536 5190 700 5245 quem
757 5175 944 5232 laudat
1015 5179 1318 5249 aliquoties
1371 5179 1724 5252 Elymologici

161 5253 399 5343 ieriptor.
455 5262 523 5319 Et
573 5264 798 5337 quidem
852 5269 1036 5323 omnia
1088 5268 1165 5324 ibi
1206 5273 1410 5342 reperi,
1449 5288 1571 5343 qua:
1619 5274 1724 5329 iste

156 5325 463 5427 1‘heognoto
532 5366 759 5428 accepta
826 5361 1042 5417 retulit.
1112 5359 1188 5417 De
1260 5325 1422 5418 aetate
1455 5325 1722 5420 Thominis

146 5439 405 5511 rescisces
435 5463 505 5503 ex
552 5448 899 5520 praefatione,
940 5453 1100 5523 cujus
1132 5452 1349 5508 initium
1383 5465 1486 5522 cst,

263 5560 631 5653 ΐίὲἔετιπέξη
644 5582 797 5653 ίμσυο
810 5567 921 5645 μαι
953 5566 1127 5653 σοφῷ
1153 5570 1514 5653 cremasse

264 5631 479 5707 ᾼέᾳντι,
514 5631 592 5698 τῷ
616 5631 932 5707 κρατοῦντι
964 5631 1208 5691 πάνῖων
1224 5631 1293 5691 ἐκ
1316 5631 1543 5707 εἶὸπῗοίς,

268 5702 591 5772 Deity-notat;
611 5706 909 5776 εῠγνωτός
935 5723 1024 5773 τις
1057 5708 1138 5774 ὡς
1160 5707 1245 5761 ὢν
1267 5702 1523 5776 οὶκέξηξ.

1808 1879 2014 1950 Θωμᾶ,
2057 1879 2151 1933 τοῦ
2194 1878 2471 1950 Ἀριστέα,
2505 1878 2602 1933 τοῦ
2641 1880 2870 1950 Φιλητᾶ,
2900 1879 2993 1933 τοῦ
3030 1880 3263 1951 Τριόπα,
3290 1878 3387 1933 τοῦ

1808 1972 2020 2034 Σκόπα,
2074 1971 2169 2024 τοῦ
2217 1971 2517 2042 Κρατεύαο
2565 1987 2666 2027 nec
2719 1979 2901 2026 tamen
2952 1981 3244 2043 propterea
3300 1971 3386 2027 vel

1810 2063 1978 2118 Suida
2010 2064 2407 2132 grammaticus
2438 2062 2660 2125 dicitur,
2697 2062 2785 2118 vel
2833 2061 3038 2116 Thema
3076 2062 3385 2133 apostolus.

1809 2156 1893 2210 vel
1929 2154 2139 2209 Ariston
2181 2155 2245 2209 de
2278 2154 2468 2210 LXXII
2504 2154 2901 2224 interpretibus.
2932 2155 3106 2225 .Ratio
3137 2156 3387 2219 videlicet

1809 2248 2011 2318 linguai
2034 2245 2238 2302 Graeca:
2273 2246 2367 2301 vix
2399 2256 2495 2301 aut
2529 2247 2684 2301 nullo
2725 2246 2890 2302 modo
2922 2245 3181 2315 patiatur,
3224 2257 3284 2301 ut
3327 2248 3385 2303 in

1807 2337 1850 2391 Α
1880 2339 2118 2392 litteram
2154 2338 2331 2392 virilia
2364 2339 2587 2393 nomina
2613 2353 2747 2393 casu
2797 2349 2947 2393 recto
2999 2339 3383 2394 terminentur.

1807 2427 1986 2495 Atque
2009 2441 2073 2481 ea
2103 2441 2269 2481 causa
2300 2433 2408 2493 est,
2436 2441 2539 2481 cur
2561 2427 2846 2497 peregrina
2873 2428 3116 2482 virorum
3140 2427 3384 2491 nomina,

1809 2533 1930 2588 quae
1982 2518 2038 2572 in
2085 2519 2128 2572 A
2178 2526 2399 2583 exeunt,
2448 2532 2479 2573 a
2539 2517 2746 2575 Graecis
2799 2518 3153 2575 inllectantur
3202 2519 3255 2574 in
3297 2535 3383 2586 ας,

1810 2608 2040 2675 Γάλϐας,
2061 2606 2289 2672 Σύλλας,
2317 2608 2564 2679 Νουμᾶς,
2590 2608 2847 2677 Σενέκας,
2880 2609 3210 2681 ’Δγρεππαα
3234 2608 3387 2677 Quod

1810 2700 1856 2757 si
1881 2699 2018 2754 adeo
2043 2700 2156 2770 jam
2182 2700 2526 2771 exploratum
2563 2709 2668 2767 est,
2705 2701 3110 2756 nominativum
3138 2699 3385 2756 Graecum

1808 2804 1931 2844 esse
1957 2788 2212 2852 Μαλέλας
2231 2804 2247 2821 ο
2275 2789 2444 2844 nolim
2471 2805 2570 2859 ego
2594 2788 2787 2846 Latine
2807 2800 3025 2847 vertens
3051 2800 3386 2862 postremam

1810 2877 2049 2932 litteram
2085 2876 2327 2947 abjieere
2358 2888 2558 2948 praeter
2595 2893 2803 2935 morem
2843 2888 2898 2935 et
2927 2879 3386 2936 consuetudinem

1807 2982 2000 3022 eorum
2043 2975 2376 3037 temporum,
2410 2968 2616 3038 quibus
2655 2969 2889 3025 maxime
2927 2971 3100 3041 viguit
3128 2970 3304 3025 honos
3332 2981 3389 3026 et

1810 3058 1986 3128 gratia
2042 3058 2226 3114 Latini
2279 3060 2575 3118 sermonis.
2630 3059 2976 3118 Vctustiores
3032 3061 3288 3132 quidem,
3330 3071 3389 3117 ut

1813 3161 2004 3205 auctor
2038 3160 2123 3206 est
2145 3150 2522 3217 Quintilianus
2551 3153 2645 3208 lib.
2684 3169 2724 3218 ι,
2769 3167 2822 3208 c.
2860 3153 2915 3222 5,
2953 3169 3054 3208 non
3088 3154 3144 3209 in
3179 3171 3213 3208 a
3267 3164 3317 3225 et
3360 3171 3387 3210 s

1812 3241 2020 3296 litteras
2052 3243 2198 3297 exire
2233 3252 2423 3298 temere
2448 3243 2749 3300 masculina
2777 3242 2967 3300 Graeca
2989 3249 3210 3300 nomina
3247 3256 3389 3301 recto

1813 3350 1943 3388 casu
1975 3334 2336 3403 patiebantur.
2374 3334 2601 3407 Ideoque
2620 3348 2669 3392 et
2708 3338 2851 3407 apud
2883 3336 3107 3394 Cwlium
3145 3338 3388 3410 legimus,

1812 3424 1963 3480 Pelia
1999 3426 2400 3494 Cincinnatus;
2452 3438 2503 3482 et
2546 3427 2688 3497 apud
2731 3428 3079 3498 Messallam,
3112 3430 3391 3486 Benefecit

1813 3515 2049 3585 Euthia;
2089 3524 2139 3572 et
2177 3516 2317 3587 apud
2347 3517 2686 3595 Ciceronem,
2728 3520 3104 3593 Hermagora:
3138 3538 3201 3576 ne
3230 3522 3391 3576 mire-

1816 3624 1957 3671 mur,
1973 3609 2110 3677 quod
2138 3610 2202 3664 ab
2231 3612 2567 3681 antiquorum
2593 3611 2854 3683 plerisque
2873 3612 3048 3669 Enea
3072 3623 3123 3668 et
3146 3614 3389 3670 Anchisa

1815 3700 1885 3755 sit
1924 3699 2122 3754 dictus.
2162 3700 2487 3757 Priscianus
2519 3702 2615 3755 lib.
2644 3718 2722 3756 v:
2766 3705 2917 3773 Apud
2954 3704 3166 3760 Crwcos
3209 3707 3266 3761 in
3324 3723 3389 3771 ας

1815 3791 2132 3857 desinentia,
2167 3792 2306 3861 apud
2333 3810 2429 3849 nos
2461 3795 2515 3849 in
2539 3811 2571 3848 a
2595 3795 2988 3862 terminantur;
3012 3805 3072 3850 ut
3095 3798 3386 3869 Μαρσύας,

1816 3880 2060 3949 Σωσίας,
2117 3882 2356 3954 Βυρῤεας
2415 3883 2696 3954 Χαιρέας,
2748 3885 3014 3956 Τουρίας,
3067 3886 3387 3956 Βαγράδας;

1816 3971 2061 4044 Marsya,
2091 3971 2274 4039 Sosia,
2306 3973 2562 4045 Byrrhia,
2600 3973 2841 4043 Cltwrea,
2888 3975 3072 4043 Turia,
3110 3976 3387 4047 Bagrada.

1816 4062 1966 4119 Libri
2008 4073 2190 4120 autem
2237 4080 2324 4131 vr,
2369 4080 2422 4136 p.
2453 4065 2552 4120 68l
2596 4073 2652 4121 et
2702 4066 2826 4133 70l,
2879 4066 3184 4137 plerumque
3220 4070 3297 4123 ait
3333 4080 3390 4125 et

1817 4156 2113 4226 frequenter
2137 4155 2242 4210 hoc
2269 4154 2386 4211 fieri
2425 4155 2623 4211 solere.
2667 4155 2733 4212 Et
2775 4155 2861 4212 his
2900 4154 3157 4212 fortassis
3191 4165 3389 4212 auctu—

1819 4248 1972 4303 ribus
2028 4247 2169 4302 tueri
2216 4261 2279 4302 se
2310 4261 2473 4317 posse
2521 4245 2884 4314 arbitrentur,
2911 4247 3006 4319 qui
3040 4262 3072 4304 e
3105 4248 3387 4304 contraria

1819 4346 1975 4408 parte
2002 4337 2215 4393 dicunt.
2253 4337 2384 4392 Mihi
2426 4354 2557 4393 vero
2592 4339 2753 4410 longe
2784 4339 3013 4394 videtur
3048 4353 3212 4395 secus
3245 4356 3261 4395 :
3292 4339 3389 4395 sed

1819 4439 2036 4501 oportet
2069 4430 2214 4485 haud
2256 4430 2449 4501 jejune
2485 4431 2553 4486 de
2579 4431 2680 4487 hac
2727 4445 2916 4498 causa,
2955 4440 3010 4487 et
3040 4438 3298 4502 tanquam
3333 4432 3391 4485 in

1820 4522 2081 4589 transitu;
2101 4521 2195 4577 sed
2223 4522 2382 4592 plene
2408 4522 2740 4594 copioseque
2773 4523 3077 4594 disputare.
3110 4521 3393 4593 Principio

1821 4616 1973 4670 nulla
2028 4615 2408 4671 controversia
2442 4623 2551 4678 est,
2591 4616 2725 4684 quin
2772 4616 3028 4686 indigena
3069 4615 3392 4671 Latinorum

1820 4720 2005 4761 sermo
2051 4707 2262 4761 nullum
2311 4705 2571 4760 habuerit
2627 4705 3025 4760 nominativum
3068 4706 3123 4760 in
3170 4723 3229 4760 as
3263 4723 3392 4763 cum

1821 4797 2065 4867 genitivo
2119 4795 2479 4866 ισοσυλλάσῳ.
2534 4795 2883 4867 Quapropter
2912 4796 3240 4868 antiquitus,
3277 4798 3394 4855 sive

1820 4890 2048 4945 Graecus
2082 4888 2354 4958 quispiam
2409 4888 2466 4943 in
2516 4886 2714 4942 Latina
2752 4889 2979 4944 civitate
3011 4890 3244 4956 viveret,
3275 4890 3395 4947 sive

1822 4979 2010 5036 Graeca
2033 4978 2239 5047 scripta
2272 4977 2325 5031 in
2360 4975 2620 5031 Latinum
2655 4987 3136 5043 converterentur,
3174 4980 3393 5049 ejusce-
3456 4970 3469 5003 ·’

1822 5070 1971 5127 modi
2004 5070 2223 5125 nomina
2257 5083 2358 5139 per
2384 5085 2416 5122 α
2438 5069 2762 5140 plerumque
2788 5069 3035 5126 scribere
3066 5080 3121 5126 et
3148 5085 3395 5141 pronun-

1824 5164 1965 5218 tiare
1993 5160 2201 5232 placuit
2231 5158 2370 5232 [79}.
2403 5161 2581 5229 Atque
2616 5160 2720 5216 hoc
2743 5161 2966 5231 quidem
2995 5176 3063 5219 ex
3096 5161 3315 5230 ingenio
3337 5169 3393 5215 et

1824 5250 2230 5308 consuetudine
2271 5251 2473 5321 lingua
2502 5251 2812 5307 vernacula:
2848 5253 2919 5305 ab
2954 5251 3022 5306 iis
3059 5258 3145 5306 est
3174 5250 3393 5304 factita-

1824 5355 1960 5401 tum.
1991 5344 2201 5400 Comici
2241 5344 2409 5415 igitur
2452 5343 2507 5399 in
2541 5343 2749 5400 Graecis
2802 5342 3232 5414 interpretandis
3269 5358 3392 5397 eam

1824 5437 2090 5492 rationem
2160 5441 2494 5501 tenuerunt;
2555 5433 2807 5497 Elimea,

1826 5527 2045 5593 Plania,
2091 5524 2290 5589 Clinia,
2336 5525 2554 5588 Demea,
2598 5523 2873 5588 Phadria,
2901 5520 3268 5591 proferentes.
3302 5523 3396 5578 Ki-

1826 5619 2026 5673 niirum
2078 5615 2305 5672 auribus
2357 5615 2505 5690 vulgi
2561 5615 2666 5669 ista
2720 5611 3013 5675 dabamus,
3063 5610 3174 5668 Nec
3214 5620 3393 5672 tamen

1825 5704 2051 5766 deerant
2086 5707 2193 5762 ctia
2217 5720 2249 5761 n
2298 5709 2522 5777 antiqua
2560 5705 2653 5760 illa
2705 5702 2970 5760 memoria
3014 5703 3183 5775 (pace
3221 5706 3390 5773 Qui".

2888 5431 3048 5489 Sosia
3061 5473 3076 5497 ,
3136 5431 3393 5502 Byrrhia,
3487 5465 3497 5477 ι
