3862 6318
529 289 632 350 775

535 494 752 539 luerent
787 484 932 554 loqui
979 501 992 536 :
1034 493 1297 552 quantum
1340 499 1402 537 ex
1447 499 1632 536 eorum
1687 485 1935 553 reliquiis
1968 501 2102 539 con-

533 575 743 645 jectura
798 575 1061 643 consequi
1109 589 1352 642 possum.
1407 575 1564 643 Apud
1598 573 1831 628 Gellium
1885 576 1978 629 lib.
2023 592 2100 642 in,

533 682 583 720 c.
622 667 672 729 7,
708 666 870 719 verba
920 675 1046 719 sunt
1090 665 1316 719 Catonis
1359 663 1644 730 Censoris,
1677 667 1799 735 qui,
1848 682 1910 721 ea
1964 677 2100 722 tem-

531 766 742 826 pestate
797 758 853 809 in
906 755 1038 824 Rep.
1095 754 1315 817 ﬂoruit,
1357 772 1462 826 qua
1504 755 1730 812 Plautus
1773 758 1828 811 in
1891 775 2098 814 scena:

530 843 789 896 Leonidas
827 843 1251 897 Lrtcedwmonius
1275 845 1562 910 laudatur;
1601 847 1794 900 Plauto
1828 855 2008 901 tamen
2046 851 2096 901 in

527 937 778 988 Asinaria
817 951 1009 989 servus
1044 937 1248 989 dicitur
1277 935 1535 989 Leonida.
1561 937 1828 992 Claudius
1861 939 2098 1004 Quadri-

527 1027 715 1093 garius
746 1027 884 1093 apud
919 1024 1150 1080 Gellium
1188 1027 1225 1080 l.
1262 1043 1341 1090 ιιι,
1378 1043 1427 1081 c.
1470 1033 1544 1082 ὃς
1586 1027 1666 1081 Ad
1700 1045 1792 1081 nos
1825 1030 1958 1082 venit
1996 1027 2096 1081 Ni-

522 1121 634 1168 cias
668 1117 956 1184 familiaris
991 1127 1133 1171 tuus.
1167 1117 1412 1172 Lucilius
1453 1118 1596 1186 apud
1639 1118 1906 1172 Donatum
1939 1137 1951 1172 :

593 1205 726 1278 {inte
753 1208 898 1278 fores
914 1217 1088 1260 autem
1125 1219 1174 1260 et
1210 1209 1418 1278 triclinii
1437 1208 1620 1261 limina
1645 1210 1864 1278 quidam

591 1273 829 1328 Perdi'tu‘
859 1273 1058 1330 Tiresia
1088 1279 1224 1331 tussi
1251 1277 1556 1346 granda’va’
1584 1273 1844 1348 gemebat.

521 1383 622 1438 Ubi
649 1385 934 1452 legendum
961 1394 1045 1440 est
1072 1385 1301 1440 Tiresias
1333 1403 1350 1440 :
1378 1388 1484 1442 nisi
1514 1388 1560 1443 si
1593 1389 1858 1460 syllabam
1896 1401 2090 1445 natura

519 1471 736 1524 brevem
761 1483 983 1540 pr0pter
999 1490 1264 1528 cassuram
1282 1478 1510 1544 produci
1529 1479 1832 1534 existimas.
1855 1481 2090 1536 Priscia-

518 1577 624 1613 nus
668 1562 763 1614 lib.
795 1547 843 1616 vi
875 1581 887 1615 :
922 1563 1027 1617 llic
1078 1564 1326 1633 Calchas,
1351 1568 1702 1636 Calchantis;
1731 1576 1968 1640 quamvis
2006 1578 2089 1629 hic

518 1649 766 1714 Calchas,
803 1654 960 1720 hujus
1015 1654 1259 1720 Calchas,
1328 1660 1682 1726 antiquissimi
1729 1662 2083 1715 declinabant.

513 1845 636 1883 esse
661 1837 834 1899 possit
871 1852 883 1887 :
917 1835 970 1887 in
1006 1834 1098 1888 illo
1128 1833 1287 1889 Plinii
1335 1837 1432 1892 lib.
1483 1854 1647 1904 xxxv,
1678 1856 1728 1895 c.
1769 1841 1855 1907 to,
1903 1846 2084 1900 nullus

513 1923 679 1974 datur
713 1924 1009 1992 su5pici0ni
1035 1927 1188 1980 locus
1218 1944 1232 1980 :
1261 1927 1420 1981 Decet
1447 1947 1549 1983 non
1580 1931 1729 1985 sileri
1758 1943 1806 1986 et
1837 1937 2082 1989 Ardentis

514 2014 692 2079 templi
718 2014 991 2080 pictorem,
1040 2020 1337 2084 pra’sertim
1384 2007 1595 2075 civitate
1640 2022 1894 2076 donatum
1930 2027 2001 2078 ibi
2034 2036 2083 2079 et

511 2106 764 2171 carmine,
800 2105 939 2174 quod
971 2117 1048 2161 est
1073 2109 1127 2161 in
1162 2112 1274 2176 ipsa
1305 2111 1514 2177 pictura
1553 2112 1634 2166 his
1665 2114 1898 2168 versibus
1931 2129 1949 2168 .'

623 2219 804 2287 [tignis
827 2221 990 2290 digna
1020 2221 1136 2274 loca
1165 2225 1385 2286 picturis
1417 2225 1780 2279 condecoravit

613 2290 824 2363 Regina:
850 2291 1066 2363 J_unoni‘
1091 2293 1592 2363 Supremironjugi'
1623 2297 1871 2363 templum

618 2359 833 2412 Marcus
862 2359 1064 2414 Ludius
1100 2363 1283 2415 Elotas
1315 2359 1818 2433 Αἱίυιῖιιὀιηίιιηιίιιδν

511 2427 675 2493 Quem
701 2445 836 2482 nunc
852 2441 1027 2491 etpost
1045 2434 1318 2500 semper-ob
1338 2444 1502 2487 artem
1528 2435 1662 2488 hanc
1680 2427 1853 2490 Ardea
1873 2436 2077 2492 laudati

509 2538 593 2592 Ea
623 2549 742 2592 sunt
770 2541 986 2608 .scripta
1022 2543 1254 2610 antiquis
1285 2542 1474 2598 litteris
1505 2543 1732 2600 Latinis.
1781 2545 1966 2602 Elotas
1997 2555 2081 2614 est

510 2630 771 2694 Εἱλώτας,
805 2633 1052 2702 εἰλώτης.
1101 2632 1369 2688 Gruterus
1416 2637 1760 2707 Epigramma
1801 2641 1903 2692 hoc
1954 2656 2080 2708 pro-

507 2721 635 2784 fert,
657 2731 918 2790 tanquam
945 2738 972 2796 a_
997 2724 1300 2780 Boissardo
1323 2727 1498 2780 visum
1537 2729 1592 2781 in
1621 2729 1797 2784 hortis
1823 2728 1956 2784 Julii
1988 2729 2074 2796 ΙΙΙ,

506 2813 711 2868 Pontif.
741 2814 1010 2871 Burrieni:

575 2905 742 2974 Digne
780 2904 1126 2977 doctiloqueis
1169 2909 1446 2975 pictureis,
1489 2921 1542 2964 et
1580 2927 1702 2980 qua:
1745 2926 2072 2982 sequunturt

503 2993 633 3052 Siue
657 2999 820 3053 dubio
851 2997 1111 3054 falsarius
1137 3003 1338 3070 aliquis
1367 3003 1422 3056 in
1462 3003 1639 3072 lapide
1667 3007 2072 3062 inscribendum

502 3101 814 3154 curaverat,
874 3107 904 3145 a
960 3092 1140 3148 Plinio
1199 3094 1252 3148 id
1299 3105 1599 3152 mutuatus.
1639 3097 1893 3154 Profecto
1939 3101 2075 3155 male
2101 3122 2143 3180 α
2177 3111 2384 3179 Apella,
2419 3113 2472 3165 id
2510 3123 2614 3179 est,
2653 3116 2836 3184 quivis
2873 3116 3096 3172 Judaeus
3128 3139 3142 3174 :
3177 3131 3235 3174 ut
3261 3123 3448 3178 locum
3481 3129 3727 3196 explanem

502 3199 720 3249 operam
783 3182 914 3238 lusit
951 3185 1006 3238 in
1057 3203 1218 3240 versu
1276 3191 1453 3256 primo
1503 3192 1850 3259 corrigendo.
1893 3191 2073 3246 Editio

502 3271 707 3328 Veneta
735 3276 862 3327 anni
903 3291 1279 3330 Iccccuxxnt
1335 3280 1500 3334 habet
1529 3279 1717 3350 Dignis
1741 3281 1900 3350 digna
1934 3282 2068 3339 loco.

471 3361 644 3429 Lego
680 3363 846 3430 igitur
879 3381 892 3416 :

605 3475 718 3548 [se]

497 3566 740 3623 Lucilius
763 3587 776 3622 :

829 3460 1011 3548 Digitis
1032 3479 1210 3550 dignu’
1227 3482 1340 3536 loco
1361 3458 1586 3551 picturis
1605 3486 1993 3542 condecoravit.

819 3637 1032 3695 Samnis
1057 3657 1279 3710 spurcus
1316 3644 1470 3698 homo
1514 3648 1617 3701 vita
1643 3647 1740 3702 illa
1767 3649 1949 3718 dignu‘
1984 3652 2064 3704 lo-

1861 3724 2063 3791 league.

411 3823 414 3826 λ
497 3796 699 3868 Dignus
727 3799 838 3854 loco
866 3812 949 3855 est
975 3802 1096 3855 Τῶν
1114 3802 1294 3873 μέσων
1315 3819 1328 3834 °
1359 3813 1414 3860 et
1441 3806 1495 3860 in
1524 3809 1720 3862 bonam
1751 3812 1834 3864 vel
1868 3815 2061 3867 malam

493 3899 701 3956 partem
733 3893 854 3962 capi
899 3901 1100 3962 potest.
1137 3894 1283 3949 Nihil
1313 3897 1497 3953 verius
1527 3902 1629 3954 hac
1655 3903 2059 3960 emendatione.

493 3977 548 4030 In
585 3978 772 4034 eadem
818 3992 902 4036 est
937 3983 1182 4039 editione
1210 3985 1422 4042 Elatia
1439 3992 1712 4057 oriundus,
1752 3993 1912 4063 longe
1939 3995 2063 4064 qui-

490 4071 612 4122 dem
662 4073 880 4134 melius,
917 4091 1080 4143 quam
1123 4079 1267 4146 quod
1313 4079 1368 4133 in
1405 4081 1585 4137 indice
1636 4083 1900 4155 Scaligeri
1953 4095 2058 4152 est,

489 4156 695 4212 :Etiola
722 4163 998 4217 oriundus.
1033 4163 1323 4222 Lucretius
1355 4171 1450 4223 lib.
1489 4187 1560 4224 ti:

563 4269 790 4339 Denique
813 4271 1005 4325 caelesti
1035 4291 1215 4330 sumus
1241 4293 1417 4333 omnes
1444 4284 1638 4336 semine
1667 4288 1878 4340 orandi.

488 4375 613 4432 Sive
669 4381 838 4434 mavis
883 4398 1008 4437 cum
1069 4385 1304 4456 vulgatis
1357 4390 1543 4456 libris,
1597 4395 1860 4452 oriundi:
1906 4412 2055 4458 certe

485 4471 802 4541 trisyllabon
845 4473 916 4527 sit
967 4490 1193 4531 necesse
1231 4486 1337 4532 est.
1369 4479 1460 4535 Sic
1491 4483 1654 4552 igitur
1682 4490 1910 4545 vetustis
1946 4491 2053 4547 illis

483 4577 601 4616 tuos
637 4574 773 4628 erat,
814 4575 870 4618 ut
910 4567 1183 4622 interdum
1221 4571 1440 4640 quidem
1477 4575 1529 4628 in
1562 4575 1670 4642 AS,
1705 4577 2051 4649 frequentius

480 4652 534 4706 in
566 4654 608 4706 Α
643 4651 830 4709 Graeca
867 4660 1089 4712 nomina
1119 4662 1317 4716 vellent
1363 4666 1534 4720 exire.
1567 4665 1761 4723 Postea
1808 4689 1960 4738 vero,
1991 4687 2051 4731 ut

480 4747 554 4796 ait
620 4749 1024 4818 Quintilianus,
1059 4758 1397 4812 recentiores
1449 4760 1788 4818 instituerunt
1851 4766 2048 4826 Grcecis

477 4837 769 4889 nominibus
799 4839 1010 4896 ercas
1034 4845 1410 4904 declinationes
1435 4855 1607 4919 potius
1634 4856 1782 4916 dare.
1809 4858 2047 4918 Proinde

478 4925 580 4978 hoc
612 4926 918 4983 institutum
955 4942 1248 4990 tenuerunt

477 5037 784 5104 Lucretius,
837 5041 903 5094 Id
929 5048 1066 5114 quod
1092 5048 1441 5123 Anaxagoras
1472 5060 1574 5113 sibi
1600 5067 1760 5118 sumit
1792 5081 1810 5120 .'

475 5148 646 5205 Varro
689 5153 761 5206 De
817 5154 880 5210 Β.
937 5155 1000 5212 Β.
1049 5163 1260 5231 antiqui
1312 5174 1492 5224 tamen
1547 5184 1601 5227 ut
1657 5179 1747 5245 qui
1784 5183 2038 5248 maxime,

472 5253 682 5296 amator
707 5249 976 5303 sermonis
1010 5268 1021 5304 :
1049 5252 1328 5324 Archytas,
1357 5259 1627 5329 [leges-ias,
1654 5270 2037 5342 Athenagoras,

470 5333 741 5402 Mnaseas,
777 5350 830 5393 et
879 5344 1026 5411 apud
1073 5344 1304 5402 Nonium
1339 5352 1392 5405 in
1431 5353 1716 5414 Scaturex.
1752 5362 2035 5435 Ismenias,

472 5425 797 5498 Thebogenes
829 5431 950 5500 [luit
991 5434 1253 5492 Scaturex
1274 5479 1288 5503 ,
1323 5441 1441 5512 lege
1475 5444 1833 5519 Thebagenes,
1870 5425 2038 5528 θηῦτιι-ἰ

467 5519 650 5587 γενής.
687 5521 749 5574 Et
776 5525 1032 5581 similiter
1057 5530 1270 5592 Cicero.
1301 5537 1440 5604 apud
1465 5555 1623 5608 quem
1651 5547 1812 5616 vulgo
1839 5519 2035 5605 occur-

468 5617 595 5659 runt
639 5613 884 5675 Archias,
931 5616 1174 5687 Gorgias,
1229 5623 1470 5693 Phidias,
1519 5613 2028 5708 Cineas,'Prusias,

468 5700 751 5766 Arcesilas,
792 5704 1142 5778 Charmadas,
1183 5714 1402 5783 Critias,
1462 5719 1744 5791 Diagoras,
1784 5700 2026 5801 Hippias,

1423 280 1518 346 DE
1571 286 1889 348 JOANNlS
1926 281 2246 350 MALAL/E
2277 284 2922 352 CHRONOGRAPIIIA
3673 296 3748 366 77$
3813 365 3816 390 ς

528 395 709 448 uitaui
739 393 1017 463 dixerim),
1051 392 1144 462 qui
1175 390 1244 445 ad
1271 391 1584 446 ercorum
1617 396 1924 464 exemplum
1959 397 2113 448 insti-
2145 417 2184 470 Α
2217 393 2432 464 Lysias,
2461 405 2514 450 ct
2544 398 2590 451 si
2612 413 2717 467 qua
2753 400 2978 453 similia.
3017 397 3154 452 Nam
3183 399 3248 454 de
3283 398 3612 470 Hermagora
3635 409 3750 464 (λι-ς.

2212 488 2388 548 ronis,
2416 504 2610 542 vereor
2649 505 2716 543 ne
2777 491 2975 544 vitioso
3011 492 3203 546 codice
3233 508 3376 547 usus
3411 493 3481 544 sit
3507 493 3752 558 Quiuliiia-
3811 488 3816 556 ξ

2209 593 2333 632 nus.
2364 577 2617 633 Profecto
2650 580 2796 634 enim
2848 596 3040 635 omnes
3082 583 3337 644 omnino,
3383 584 3479 649 qui
3517 600 3652 638 nunc
3688 607 3754 640 ευ.

2209 682 2458 739 persunt,
2489 687 2621 727 mss.
2649 683 2975 727 constanter
3013 675 3218 729 habent
3270 675 3650 746 Hermagoras.
3681 681 3756 737 5εαύ

2207 763 2405 818 melius
2460 773 2545 817 est
2595 780 2661 817 ex
2709 765 2842 834 ipsis
2907 766 3044 821 locis
3094 769 3552 835 experimentum
3603 771 3756 838 iudicii
3821 775 3823 792 ³

2205 869 2422 922 capere,
2452 856 2594 909 libro
2641 858 2818 924 primo
2847 857 2925 910 De
2957 857 3248 912 inventione
3273 875 3293 911 :
3322 859 3510 918 Huius
3541 866 3758 917 constitu-

2204 944 2363 996 tionis
2417 943 2774 1014 Hermagoras
2833 947 3073 999 inventor
3123 965 3236 1002 esse
3288 951 3637 1004 existimatur
3674 972 3690 1006 :
3723 972 3755 1010 ε·
3813 991 3816 994 -

2205 1033 2402 1086 ibidem
2443 1054 2455 1088 :
2503 1035 2661 1100 Quod
2697 1035 2744 1088 si
2790 1053 3034 1105 magnam
3072 1040 3124 1090 in
3172 1040 3254 1092 his
3301 1038 3666 1109 Hermagoras
3689 1053 3758 1099 tis-

2204 1123 2400 1176 buisset
2444 1124 2776 1192 facultatem.
2822 1124 3049 1195 Repone
3082 1129 3172 1182 hic
3207 1130 3536 1199 paulisper,
3573 1130 3756 1186 Herm-

2199 1231 2330 1283 gora
2363 1216 2619 1279 inventor,
2655 1225 2708 1270 et
2739 1218 3068 1289 Hermagora
3097 1223 3380 1278 habuisset
3406 1244 3430 1286 ;
3469 1243 3578 1280 non
3624 1237 3754 1287 sentis

2201 1303 2470 1356 vocalium
2502 1319 2833 1360 concursum
2875 1319 3026 1365 Vaste
3066 1311 3358 1366 hiantem?
3399 1313 3522 1384 Ego
3552 1333 3664 1371 vero
3690 1322 3753 1372 Ci-

2200 1407 2455 1447 ceronem
2503 1394 2577 1447 ita
2632 1397 2929 1465 scripsisse
2959 1415 3028 1454 ne
3079 1401 3184 1471 ipsi
3240 1404 3487 1472 quidem
3550 1405 3752 1464 Ciceroni

2198 1482 2485 1538 aﬂirmami
2513 1486 2864 1542 crediderim.
2909 1489 3050 1554 Quid
3079 1491 3261 1546 dicam
3296 1490 3374 1548 de
3430 1497 3751 1565 scriptoribus
3822 1482 3823 1532 ἒ

2195 1577 2296 1628 sevi
2352 1576 2676 1645 Augustini?
2722 1580 2854 1648 quid
2909 1581 2977 1634 de
3029 1583 3478 1653 insequentium
3533 1593 3753 1642 relatum?
3822 1593 3823 1646 ἕ

2196 1681 2390 1736 nempe
2438 1669 2629 1722 eadem
2676 1678 2791 1723 tum
2836 1674 3176 1728 consuetudo
3227 1675 3504 1740 invaluit,
3559 1687 3612 1732 ut
3641 1681 3749 1746 ina;
3822 1691 3823 1714 ἶ

519 1741 623 1794 Sed
653 1742 705 1793 in
738 1743 822 1796 his
848 1746 982 1799 locis
1005 1746 1387 1802 lortassetides
1408 1751 1808 1819 exemplarium
1832 1765 2084 1823 Sit5pecta
2118 1775 2157 1828 Β
2189 1757 2449 1810 caderent
2477 1756 2664 1811 Graeca
2700 1761 2944 1814 nomina.
2973 1761 3148 1831 Spero
3182 1765 3318 1817 mihi
3353 1765 3535 1820 ﬁdem
3570 1772 3691 1836 apud
3715 1783 3748 1822 te
3822 1807 3823 1810 η

2186 1863 2347 1914 esse;
2400 1865 2469 1903 ne
2525 1865 2752 1905 necesse
2805 1853 3034 1908 habeam
3105 1855 3324 1908 inﬁnita
3393 1859 3490 1911 hic
3547 1863 3747 1930 exempla
3822 1895 3823 1900 η

2185 1953 2532 1994 enumerare.
2589 1941 2750 2005 Quod
2791 1950 2974 1997 tamen
3022 1959 3146 1998 cum
3193 1950 3536 2018 exceptione
3580 1953 3748 2006 dictum
3822 1959 3823 1986 ί

2173 2021 2348 2082 velim
2374 2047 2388 2095 ;
2419 2039 2497 2093 ut,
2535 2047 2854 2100 quanquam
2884 2034 3088 2090 eruditi
3137 2037 3404 2094 homines
3440 2057 3587 2105 eum,
3620 2059 3746 2112 qur-ni
3822 2059 3823 2104 ξ

2185 2111 2337 2184 dixi,
2393 2136 2598 2175 morem
2659 2131 3295 2191 scrvaverunt,nomina
3363 2140 3549 2186 tamen
3593 2150 3748 2188 servo-
3822 2137 3823 2170 l

2181 2221 2340 2272 rum,
2397 2217 2490 2261 aut
2545 2209 2893 2292 quicunque,
2953 2223 3012 2268 ut
3064 2219 3344 2287 principio
3386 2221 3523 2284 dixi,
3560 2225 3609 2276 in
3651 2223 3744 2277 La-

2185 2296 2300 2349 tina
2331 2298 2557 2352 civitate
2578 2301 2782 2367 vixere,
2810 2290 2923 2376 [8|]
2945 2306 3184 2374 vulgaris
3218 2326 3383 2374 usus,
3427 2327 3573 2382 penes
3597 2330 3733 2383 quem

2177 2385 2272 2454 jus
2311 2399 2394 2443 est
2429 2389 2710 2460 loquendi,
2750 2394 3070 2465 plerumque
3114 2398 3502 2456 immutaverit
3527 2404 3586 2456 ad
3611 2403 3737 2457 Lati-
3822 2391 3823 2460 ι

2182 2492 2308 2528 nam
2365 2481 2847 2536 consuetudinem.
2901 2484 3029 2539 Inde
3084 2495 3170 2542 est
3231 2491 3382 2559 apud
3431 2493 3734 2553 Ciceronem,

2180 2563 2389 2619 Phania
2439 2568 2598 2637 Appii
2645 2569 2897 2625 libertus.
2953 2573 3181 2628 Frustra
3233 2579 3385 2631 enim
3432 2583 3736 2650 graecissat-1

2180 2656 2476 2721 dominus,
2531 2676 2659 2714 cum
2721 2663 2788 2716 ab
2845 2665 3100 2720 omnibus
3162 2673 3459 2726 conservis
3512 2684 3564 2726 et
3621 2675 3733 2726 notis

2179 2749 2296 2803 sine
2339 2768 2367 2813 ς
2423 2751 2602 2805 littera
2633 2753 2844 2807 Phania
2887 2756 2934 2810 is
2968 2760 3288 2814 vocabatur.
3349 2761 3462 2816 Sed
3519 2781 3548 2816 a
3595 2764 3734 2817 Plinio

2181 2850 2515 2896 memoratur
2549 2843 2781 2898 Phanias
2828 2846 3072 2917 physicus
3105 2865 3122 2902 :
3151 2867 3347 2920 nempe
3382 2855 3431 2909 is
3474 2856 3528 2909 in
3559 2854 3729 2910 Graecia

2178 2931 2345 2984 vitam
2401 2943 2626 3004 egerat,
2681 2937 2894 2990 nullum
2929 2937 3195 2995 habuerat
3240 2942 3430 2997 [lenne
3487 2947 3729 3000 dominum

2179 3029 2271 3072 aut
2305 3031 2618 3090 patronum.
2664 3024 2793 3078 lude
2838 3027 2972 3079 illud
3022 3027 3256 3097 Horatii,
3293 3032 3497 3087 Credat
3544 3034 3728 3088 ludam

2174 3219 2367 3271 parum
2403 3205 2504 3260 hac
2529 3209 2791 3261 memoria
2830 3209 3192 3278 intellectum.
3231 3205 3409 3269 Judaei
3440 3218 3727 3272 habitabant

2171 3302 2324 3349 trans
2354 3291 2620 3360 Tiberim,
2668 3307 2724 3352 et
2773 3301 2947 3354 multo
2990 3304 3285 3359 maximam
3339 3318 3554 3376 partem
3598 3319 3725 3364 erant

2171 3386 2434 3450 libertini,
2477 3396 2536 3440 ut
2570 3387 2771 3442 fatetur
2813 3387 2970 3444 Philo
3008 3395 3059 3446 in
3105 3391 3406 3466 Legatione
3439 3400 3508 3454 ad
3541 3400 3720 3460 Caium.

2167 3475 2357 3544 Apella
2391 3486 2576 3532 autem
2639 3479 3021 3536 libertinorum
3057 3494 3138 3538 est
3181 3501 3384 3542 nomen
3411 3530 3426 3554 ,
3477 3492 3606 3547 satis
3640 3491 3724 3543 fre—

2167 3584 2342 3638 quens
2383 3571 2438 3625 in
2491 3571 2954 3643 inscriptionibus
2997 3582 3249 3634 vetustis.
3285 3583 3403 3637 Cic.
3445 3586 3604 3656 epist.
3650 3586 3720 3648 ‘25,

2167 3659 2263 3714 lib.
2320 3673 2391 3715 vit
2432 3681 2444 3715 :
2495 3661 2576 3716 Ne
2619 3664 2823 3732 Apella:
2873 3669 3084 3738 quidem
3147 3672 3337 3728 liberto
3390 3684 3482 3731 tuo
3528 3677 3718 3731 dixeris.

2165 3749 2351 3819 Itaque
2375 3751 2567 3807 Credat
2595 3753 2821 3811 Iudaeus
2844 3759 3045 3826 Apella,
3077 3765 3236 3830 quasi
3264 3773 3321 3818 tu
3347 3767 3524 3830 dicas,
3549 3767 3718 3824 Credat

2155 3845 2588 3910 superstitiosus
2621 3848 2820 3918 aliquis
2857 3849 3082 3908 Judams
3107 3853 3578 3916 Transtiberinns.
3612 3863 3714 3916 Inde

2162 3932 2298 3986 illud
2333 3935 2586 4002 alterum,
2627 3939 2910 3995 Obeandus
2942 3941 3162 4015 Marsya
3185 3963 3204 3999 :
3227 3963 3337 4018 quo
3381 3953 3542 4005 modo
3574 3957 3712 4006 etiam

2161 4022 2460 4091 loquuntur
2491 4026 2954 4096 0vidius’,'Silius,
2979 4033 3253 4091 Lucanus.
3292 4039 3504 4111 Marsya
3529 4046 3712 4100 scilicet

2161 4111 2212 4163 in
2243 4110 2364 4165 foro
2382 4114 2686 4171 collocatus
2711 4129 2764 4172 et
2787 4119 3024 4178 donatus
3046 4130 3202 4195 quasi
3219 4110 3708 4197 civitateRomana,

2159 4215 2269 4254 non
2314 4204 2488 4270 potuit
2529 4221 2636 4260 non
2682 4209 2738 4262 in
2781 4225 2876 4266 ore
2908 4215 3051 4284 vulgi
3105 4221 3350 4286 quotidie
3401 4231 3632 4290 versari;
3667 4237 3708 4278 et

2158 4301 2418 4360 praeterea
2446 4310 2509 4350 eo
2535 4300 2756 4355 nomine
2781 4301 3006 4359 fuerunt
3025 4312 3165 4362 servi
3198 4311 3464 4384 Phryges.
3483 4315 3540 4371 In
3561 4318 3703 4372 veteri

2159 4393 2462 4448 marmore,
2507 4403 2566 4442 Il.
2605 4401 2829 4447 nEvas
2872 4411 2929 4448 Il.
2973 4413 3023 4452 L.
3068 4416 3296 4456 nam.
3333 4403 3493 4477 Vulgi
3546 4421 3700 4462 autem

2160 4478 2544 4531 auctoritatem
2589 4480 2825 4539 libenter
2859 4486 2947 4541 hic
2979 4494 3156 4545 secuti
3194 4505 3324 4549 sunt
3361 4511 3560 4568 poetze;
3597 4516 3698 4554 eum

2157 4567 2461 4662 secundum
2525 4568 2771 4627 Graecam
2828 4583 3331 4646 pronuntiationem
3364 4567 3620 4662 iMarsyas
3655 4593 3696 4644 in

2152 4647 2472 4709 hexametro
2503 4671 2610 4712 non
2641 4669 2834 4717 staret.
2873 4665 2962 4720 Sic
2986 4667 3200 4726 Cassius
3226 4671 3443 4731 Chterea
3475 4647 3696 4734 tribunus

2150 4742 2347 4810 plebis,
2383 4746 2704 4804 notissimus
2743 4753 2812 4807 ob
2854 4754 2968 4810 Caii
3024 4761 3258 4815 Ctesaris
3303 4766 3502 4823 caedem
3539 4789 3552 4824 :
3585 4771 3698 4824 alter

2149 4833 2291 4900 apud
2319 4833 2557 4890 Plinium
2593 4844 2918 4910 statuarius,
2943 4849 3034 4914 qui
3069 4867 3372 4923 nunquam,
3399 4861 3578 4926 credo,
3609 4861 3693 4912 Ita~

2149 4926 2279 4979 liam
2344 4928 2598 4996 viderat;
2657 4943 2713 4988 et
2772 4940 2914 5006 apud
2963 4939 3262 4998 Varronem
3322 4953 3516 5006 tertius
3551 4954 3692 5006 Athe-

2147 5017 2380 5079 niensis,
2428 5021 2522 5088 qui
2581 5023 2650 5078 de
2698 5041 2754 5081 re
2793 5031 2997 5085 rustica
3044 5035 3300 5104 scripsit,
3338 5040 3594 5098 Chcrrcas.
3637 5039 3692 5095 ha

2145 5105 2368 5162 Persius
2403 5113 2748 5184 (priusquam
2784 5120 3063 5180 Cornutus
3105 5126 3330 5186 Stoicus
3375 5151 3584 5189 versum
3611 5137 3692 5188 iar-

2147 5207 2455 5255 mutaverat
2488 5217 2636 5260 metu
2670 5207 2954 5279 Neronis),
2980 5217 3264 5276 Auriculas
3295 5227 3438 5279 asini
3463 5227 3602 5280 Mida
3619 5241 3692 5280 rex

2141 5288 2335 5356 habet;
2379 5303 2433 5347 et
2460 5295 2525 5350 ad
2561 5299 2613 5352 id
2643 5304 2948 5371 exemplum
2979 5305 3231 5367 Justinus
3271 5333 3284 5368 :
3323 5319 3526 5373 nullam
3558 5322 3689 5374 aliain

2140 5381 2210 5432 ob
2236 5396 2485 5452 causam,
2513 5401 2872 5462 praeterquam
2904 5398 3048 5464 quod
3089 5401 3138 5454 id
3181 5418 3380 5462 nomen
3410 5409 3688 5481 frequenter

2139 5472 2430 5542 mancipiis
2447 5485 2530 5530 est
2555 5480 2808 5547 inditum,
2833 5490 3138 5554 prtesertim
3159 5508 3221 5546 ex
3245 5495 3483 5568 Phrygia
3500 5472 3686 5569 eiiiptis.

2138 5561 2429 5622 Terent-ius
2475 5569 2806 5640 Phormione
2846 5598 2859 5632 :
2895 5580 3037 5636 Puer
3056 5587 3125 5638 ad
3159 5603 3240 5641 me
3277 5597 3506 5647 occurrit
3542 5594 3683 5650 Mida.

2135 5650 2307 5710 Vetus
2339 5658 2477 5728 lapis
2509 5665 2651 5732 apud
2682 5666 2946 5738 Sponium
2997 5691 3050 5744 p.
3085 5677 3224 5746 289,
3279 5697 3409 5739 tum
3436 5702 3683 5743 cuniculi-

2134 5759 2274 5802 arts.
2313 5749 2530 5820 Nequeo
2562 5767 2743 5813 tamen
2777 5765 3093 5834 conjectura
3133 5779 3430 5844 augurari,
3477 5795 3569 5834 cur
3610 5775 3680 5848 qui
