3862 6318
176 358 281 426 ΤΠ

1294 368 1663 431 EPISTULA
1696 372 1742 431 R
1756 370 1903 431 lCiI.
1935 372 2265 432 BENTLEI
2280 373 2341 431 [.'

3332 374 3441 438 τῖε

182 477 374 548 lict-tui
398 472 707 543 Perdiccas,
756 476 951 535 Curtio
995 490 1050 536 et
1082 478 1300 537 Iustino
1337 490 1391 537 et
1430 485 1756 554 quibusdam

1866 484 2057 556 Μηνᾶς
2088 501 2118 538 a
2154 484 2502 557 Μηνόδωρος.
2558 482 2623 537 ι).
2662 482 2869 538 Lollius
2916 484 3094 539 Mena.
3142 486 3371 558 Μητρᾶς
3409 504 3439 542 a

186 569 305 627 aliis
336 568 587 625 Perdicca
611 573 950 627 nominetur.
979 572 1259 644 Siquidem
1286 576 1433 647 apud
1461 584 1757 646 utrumque

190 668 379 717 οπως-α
405 662 592 715 omnia
629 661 821 718 Greco
870 679 1021 719 more
1062 663 1442 735 proferuntur,
1471 660 1753 737 Amyntas,

190 753 411 826 ﬂagitas,
442 751 706 821 Philotas,
742 754 1017 825 Ophellas,
1042 755 1243 822 Jollas,
1260 755 1524 829 Cobryas,
1545 761 1757 812 Alcetas

194 846 359 902 inter
406 846 701 901 Perdicca.
762 846 877 921 [8‘2]
934 846 1130 905 Nullus
1187 850 1411 904 memini
1465 848 1758 905 Perdiccas

195 942 326 995 inter
342 938 598 994 Italorum
622 954 814 995 servos
839 948 934 993 aut
964 940 1227 996 libertos:
1249 956 1427 1012 neque
1456 941 1756 1012 quidquam

194 1031 333 1087 aliud
376 1046 552 1087 causa
604 1033 853 1088 invenire
908 1048 1157 1104 possum.
1208 1033 1351 1087 Nam
1393 1044 1760 1105 cognomenta

193 1125 581 1181 Libertinorum
613 1124 701 1193 (ea
735 1125 887 1194 ipsis
910 1124 1133 1178 nomina
1161 1123 1405 1187 fuerunt,
1437 1125 1759 1197 priusquam

194 1231 348 1271 manu
373 1217 771 1284 mitterentur},
800 1217 847 1271 si
872 1215 1059 1270 Gratee
1088 1216 1142 1269 in
1171 1219 1257 1283 Ας
1281 1214 1574 1280 caderent,
1608 1213 1760 1268 Lati-

192 1323 309 1364 nam
366 1306 812 1363 terminationem
884 1309 1214 1378 plerumque
1286 1314 1576 1379 ceperunt.
1639 1306 1759 1362 Non

190 1404 363 1453 tamen
396 1411 795 1467 usquequaque
830 1397 1179 1452 increbuisse
1223 1412 1343 1452 eam
1398 1396 1762 1452 consuetudi-

188 1504 304 1544 nem
336 1504 401 1545 ex
432 1490 678 1560 antiquis
711 1489 1176 1559 inscriptionibus
1202 1489 1591 1544 animadverti.
1625 1487 1760 1542 Nam

187 1596 306 1638 ecce
344 1584 440 1637 tibi
472 1582 594 1638 haec
625 1584 851 1637 nomina
885 1596 951 1637 ex
990 1580 1250 1649 Cratero,
1305 1581 1584 1645 Rcincsio,
1617 1579 1762 1652 Spo-

182 1674 287 1728 nio.
318 1675 590 1744 ’Δχιλλᾶς.
642 1673 721 1728 Μ.
767 1671 1045 1729 Cornelius
1103 1674 1369 1729 Achillas.
1417 1672 1478 1729 ι.
1533 1673 1760 1728 Pontius

174 1766 409 1820 Achilas.
466 1766 731 1833 Ἀλεξᾶς,
802 1765 1226 1837 ὑποκοριστικὸν
1279 1766 1349 1821 ab
1386 1764 1756 1835 Ἀλέξανδρος.

1858 575 2240 647 Μητρόδωρος.
2271 574 2333 630 C.
2362 572 2611 646 Fyrmius
2646 574 2872 631 Μείνας.
2900 576 3117 641 Νικίας.
3142 575 3440 635 H.Annius

1862 665 2044 720 Nicia.
2097 666 2315 722 Cluvius
2375 669 2441 722 A.
2491 667 2556 723 L.
2606 667 2789 725 Nicia.
2839 668 2903 721 A.
2957 669 3208 725 Plautius
3256 660 3439 725 Nicia.

1857 756 2125 828 Νικήτας.
2185 758 2316 813 Aur.
2375 758 2583 814 Νίσαια.
2648 761 2879 831 Ὀνησᾶς
2932 762 3003 815 ab
3061 762 3438 832 Ὀνησίφορος.

1862 847 1928 913 Q.
1958 848 2137 903 Virius
2166 848 2391 905 Onesas.
2422 850 2658 915 Παπίας.
2693 850 2755 905 C.
2782 848 3023 905 Marcius
3053 849 3115 905 C.
3148 849 3213 905 F.
3247 849 3438 920 Papia.

1861 939 2141 996 Munatius
2169 939 2321 1010 Papa
2371 944 2465 1011 (an
2507 941 2864 1013 depravatam
2897 943 3019 997 loco
3060 942 3256 1011 Papia.
3298 956 3366 996 an
3411 957 3439 996 α

1861 1031 2111 1102 Πάπας).
2159 1031 2239 1090 Μ.
2275 1033 2482 1087 Plutius
2510 1033 2586 1088 Μ.
2622 1023 2685 1088 Ι..
2716 1033 2909 1103 Papia.
2950 1033 3012 1091 C.
3040 1033 3307 1089 Purellius
3338 1033 3440 1088 Pa-

1860 1124 1969 1192 pia.
2007 1122 2069 1180 L.
2103 1123 2363 1184 ,Valerius
2396 1122 2591 1195 Papia.
2621 1126 2886 1190 Φιλώτας.
2919 1128 2985 1180 Δ.
3015 1126 3217 1180 Annius
3257 1125 3441 1178 Philo-

1864 1223 1967 1269 tas.
1997 1216 2161 1278 Φιλᾶς
2190 1230 2220 1269 a
2256 1214 2578 1285 Φιλόδημος.
2620 1215 2698 1269 Μ.
2745 1215 2981 1280 Hirrius,
3014 1215 3194 1270 Phila.
3224 1214 3439 1277 Φιλέας.

1862 1305 1925 1361 L.
1952 1305 2162 1377 Magius
2184 1304 2421 1361 Phileas.
2451 1307 2670 1372 Φανίας.
2708 1306 2918 1362 Phania
2951 1308 3093 1377 apud
3124 1306 3440 1362 Terentium

1861 1406 1916 1453 et
1931 1398 2251 1453 Ciceronem
2274 1414 2288 1452 :
2311 1397 2356 1452 F
2360 1399 2399 1454 ι.
2420 1398 2769 1454 Phaneas.M.
2796 1398 2985 1453 Tillius
3000 1396 3055 1452 Μ
3066 1438 3079 1452 .
3096 1397 3158 1453 L.
3182 1398 3439 1453 Phanias.

1861 1492 2068 1555 Θευδᾶς
2097 1492 2178 1546 vel
2203 1490 2405 1557 Θεοδᾶς
2432 1508 2462 1545 a
2488 1491 2787 1563 Θεόδωρος.
2815 1492 2881 1546 Α.
2916 1491 3193 1548 Ftvsonius
3230 1492 3439 1546 Thuda.

1862 1582 1931 1649 ρ.
1986 1580 2235 1637 Veianius
2293 1580 2495 1638 Teuda.
2528 1584 2768 1648 Θεωνᾶς.
2824 1586 3177 1640 Alexandriae
3223 1586 3443 1655 episco-
3528 1601 3535 1608 ’

1860 1690 2006 1745 pus,
2066 1673 2313 1730 Theonas
2375 1678 2519 1746 apud
2585 1676 2645 1732 S.
2709 1676 2935 1732 llieron.
3000 1676 3181 1732 Livius
3235 1677 3443 1732 Theano

1864 1768 1996 1845 Aug.
2017 1767 2080 1823 L.
2105 1777 2159 1823 et
2184 1767 2360 1823 Livius
2394 1768 2607 1824 Theona
2630 1769 2694 1822 ab
2727 1768 2986 1840 Epistulis
3016 1768 3185 1826 Crtec.
3211 1770 3440 1834 Ζάὁδας.

168 1852 238 1919 ρ.
267 1854 613 1910 Hortensius.
657 1855 726 1922 ρ.
759 1854 823 1908 L.
859 1855 1049 1910 Alexa.
1086 1853 1390 1910 Suarettius
1423 1853 1613 1910 Alexa.
1643 1855 1763 1907 ‘Av-
1796 1854 1836 1908 lt
1866 1857 2138 1913 llierosol.
2175 1860 2493 1930 episcopus,
2536 1858 2750 1914 Zabtlas
2788 1858 2847 1914 S.
2875 1859 3103 1914 llieron.
3154 1872 3205 1915 et
3244 1858 3443 1915 Zabdw

158 1942 349 2011 δρὲας.
398 1942 469 2001 C.
519 1943 802 2011 Quinctius
856 1941 1091 1998 Andrea.
1132 1943 1404 2006 Ἀπελλᾶς
1456 1942 1759 2014 (Ἀπολλᾶς

154 2036 304 2102 apud
370 2034 749 2103 Athenaeum)
812 2035 881 2089 ab
966 2034 1391 2106 Ἀπολλόδωρος.
1458 2032 1522 2090 Τ.
1590 2033 1759 2087 Clau-

146 2122 279 2178 dius
310 2124 863 2196 Apella.'Apmxpi;
910 2125 980 2179 ab
1018 2125 1402 2196 Ἀρποκράτης
1452 2126 1535 2179 vel
1562 2124 1760 2197 Ἀρπο-
1795 2141 1804 2149 ’

140 2212 433 2278 semitm.
470 2211 547 2265 bl.
579 2210 788 2267 Lollius
826 2211 1144 2281 Arphorras.
1183 2212 1246 2268 C.
1279 2213 1576 2268 Herennius
1620 2217 1760 2267 Har-

148 2314 346 2369 terra.
376 2304 662 2375 ’Δρτεμᾱς
701 2304 771 2358 ab
795 2303 1216 2375 ’Δρτεμίδωρος.
1264 2304 1326 2359 C.
1374 2302 1625 2358 Caecilius
1664 2304 1762 2357 Ar-

178 2406 353 2450 temis.
388 2394 624 2450 Cecilitts
672 2393 867 2450 Dexter
887 2396 1200 2451 etArtimos
1253 2396 1471 2465 fratres.
1512 2394 1607 2449 Αἰ.
1666 2392 1756 2448 Fl.

180 2488 413 2542 Artena.
434 2487 500 2542 L.
541 2486 802 2542 Laberius
825 2488 1085 2543 Artemas.
1113 2487 1510 2559 Ἀθηναγόρας.
1550 2487 1759 2541 Virrius

186 2581 561 2651 Athenagoras.
598 2580 872 2644 Κλεόπας,
901 2581 958 2635 in
1006 2579 1144 2636 Nov.
1190 2581 1343 2637 Test.
1384 2581 1467 2635 vel
1523 2576 1760 2636 fortasse

188 2672 429 2738 Κλεοπᾶς
445 2687 475 2727 a
498 2672 876 2743 Κλεόπατρος,
903 2674 987 2729 vel
1015 2673 1335 2741 Κλεὸεριλος.
1366 2672 1449 2727 Ti.
1473 2670 1759 2741 Cleuphas.

187 2762 431 2828 Κλεινίας
461 2764 545 2819 vel
575 2764 823 2827 Κλινίας.
868 2764 1005 2819 Iuli.
1058 2763 1286 2819 Clinias.
1315 2764 1381 2830 ρ.
1415 2764 1602 2836 Pomp.
1647 2766 1761 2822 Cli-

192 2857 325 2910 nias.
362 2855 626 2926 Κτησίας.
673 2854 751 2909 Η.
785 2855 917 2909 Aur.
968 2856 1196 2913 Ctesias.
1253 2854 1346 2911 Sic
1386 2854 1562 2910 Dama
1611 2857 1757 2927 apud

198 2943 454 3008 Persium,
487 2946 533 3000 si
562 2943 812 3000 Graecum
854 2953 941 3000 est
978 2959 1008 3000 a
1037 2946 1225 3017 Δαμᾶς
1256 2945 1344 3000 vel
1375 2947 1567 3017 Δημᾶς
1611 2944 1757 3016 quod

204 3047 276 3091 est
335 3037 718 3092 diminutivum
781 3052 812 3091 a
864 3038 1200 3109 Δημήτριος.
1257 3036 1477 3093 Mettius
1530 3038 1754 3094 Damus.

216 3126 477 3197 Ἐπαφρᾶς
523 3131 595 3184 ab
649 3130 1058 3202 Ἐπαφρόδιτος.
1099 3131 1165 3185 C.
1205 3131 1432 3187 Avillius
1486 3130 1754 3202 Epaphra.

216 3219 283 3273 Ι.
306 3221 563 3277 Cornelius
604 3222 876 3294 Epaphra.
909 3221 969 3279 C.
999 3222 1215 3278 Curtius
1257 3224 1533 3293 Epaphra.
1565 3224 1627 3280 C.
1659 3222 1761 3277 Ju-

217 3314 304 3365 lius
334 3312 591 3384 Epaphra.
621 3314 684 3370 P.
709 3313 916 3370 Nonius
947 3314 1215 3384 Epaphra.
1245 3314 1306 3371 C.
1336 3314 1594 3370 Pricilius
1630 3313 1764 3385 Epa-

213 3404 346 3470 phra.
396 3402 451 3459 S.
505 3402 819 3474 Propertius
856 3402 1130 3474 Epaphra.
1174 3403 1236 3460 C.
1290 3402 1531 3460 Veiacus.
1581 3404 1644 3461 C.
1695 3404 1758 3461 L.

216 3493 454 3565 Epaphra.
490 3497 555 3551 Et
582 3513 615 3553 e
640 3497 882 3561 diverso,
930 3494 1208 3566 Epaphras
1250 3506 1576 3566 postremum
1622 3513 1764 3566 prte-

215 3589 329 3642 stitit
372 3589 607 3658 oﬂiciunt.
666 3589 964 3653 Γλαυκίας.
1036 3587 1289 3644 Glaucias
1341 3588 1460 3644 Lib.
1508 3590 1761 3662 Γοργῐας.

216 3676 414 3750 Gorgias
445 3680 557 3736 Lib.
589 3679 656 3735 L.
686 3681 947 3734 Abuccius
970 3679 1187 3752 Gorgia.
1227 3680 1402 3752 Spon.
1425 3681 1553 3737 288.
1594 3684 1764 3755 Ἠρᾶς

214 3772 270 3824 ab
300 3772 610 3843 Ἡρόδωρος,
670 3770 736 3826 L.
795 3771 1058 3827 Abuccius
1112 3772 1275 3827 Hera.
1341 3771 1420 3827 Μ.
1479 3771 1763 3830 Petronius

214 3861 383 3918 Heras.
415 3863 474 3918 P.
500 3862 770 3931 Sulpicius
808 3862 969 3918 Hera.
1000 3864 1066 3918 P.
1108 3862 1353 3921 Valerius
1396 3870 1560 3922 Hera.
1600 3869 1767 3940 Ἥρα-

212 3955 330 4019 uti;
355 3958 421 4010 ab
444 3955 889 4026 Ἡρακλεόδωρος
916 3956 1089 4011 Clem.
1121 3956 1381 4015 Stromat.
1415 3974 1464 4013 v.
1496 3959 1558 4015 L.
1582 3959 1765 4015 Αῖηιί·

210 4048 301 4102 Iius
335 4048 576 4103 Heracla.
610 4045 675 4103 C.
719 4046 926 4102 Annius
956 4047 1206 4103 Heracla.
1248 4052 1309 4106 C.
1349 4050 1621 4105 Cornelius
1655 4052 1763 4107 He-

210 4142 359 4196 racla.
388 4140 444 4195 L.
475 4140 696 4197 Clodius
742 4138 999 4194 Heracla.
1051 4139 1114 4194 L.
1143 4140 1462 4212 Cornificius
1508 4142 1760 4199 Ileracla.

208 4231 268 4296 ρ.
296 4232 561 4287 Cornelius
596 4230 850 4285 Heracla.
884 4229 945 4285 L.
972 4230 1250 4301 Creperius
1284 4234 1538 4288 Heracla.
1580 4234 1636 4289 L.
1678 4234 1764 4289 Li-

208 4325 361 4377 cinius
395 4323 650 4378 Heracla.
683 4321 750 4377 ιε’.
783 4322 1055 4394 Longinus
1092 4326 1345 4378 Heracla.
1380 4322 1443 4381 C.
1482 4325 1763 4380 Stiminius

208 4412 430 4469 Heracla.
463 4414 531 4482 ρ.
578 4414 843 4470 Petinius.
893 4414 959 4479 ρ.
1005 4412 1068 4469 L.
1114 4413 1397 4471 Heracles.
1440 4418 1648 4489 Ἑρμᾶς
1694 4419 1764 4473 ab

1864 1950 1918 2004 in
1953 1960 2313 2005 monumento
2362 1950 2422 2005 L.
2450 1950 2654 2005 Valerii
2694 1969 2706 2004 :
2743 1951 2990 2021 Saufeius
3028 1952 3230 2007 Saluta.
3265 1952 3443 2022 Ζηνᾶς

1863 2056 1891 2096 a
1927 2041 2260 2112 Ζηνόδωρος.
2298 2040 2362 2097 ι..
2399 2039 2724 2111 Calpurnius
2770 2040 2936 2097 Zena.
2992 2043 3286 2098 Enimvero
3327 2045 3441 2113 jam

1862 2134 2175 2205 percontari
2203 2148 2301 2189 eos
2336 2135 2536 2201 velim,
2591 2134 2684 2205 qui
2734 2135 2852 2189 sine
2902 2135 2962 2190 S.
3014 2136 3195 2190 littera
3242 2133 3444 2191 Malela

1862 2224 2249 2293 pronuntiant.
2282 2238 2392 2293 quo
2414 2231 2640 2278 auctore
2670 2222 2972 2278 didicerint
3004 2221 3270 2278 Joannem
3296 2225 3445 2279 hunc

1860 2307 2295 2367 Antiochensem
2330 2310 2611 2381 captivum
2648 2311 2701 2365 in
2742 2310 2953 2366 Italiam
2995 2312 3295 2368 abductum
3326 2330 3446 2370 ser-

1863 2399 2093 2453 vitutem
2117 2399 2193 2454 ibi
2226 2399 2521 2467 serviisse;
2553 2400 2773 2456 tandem
2801 2410 3008 2468 autem,
3052 2412 3246 2473 postea
3278 2420 3443 2475 quam

1861 2490 2170 2546 libertatem
2220 2499 2525 2562 receperat,
2556 2492 2626 2547 ad
2673 2492 2961 2549 historiam
3008 2496 3360 2552 scribendam
3386 2513 3448 2554 se

1862 2572 2203 2635 contulisse?
2247 2579 2343 2635 Sin
2381 2590 2598 2649 autem;
2633 2597 2735 2638 cur
2763 2584 3013 2650 obsecro,
3051 2601 3175 2640 cum
3205 2585 3443 2643 Evandri

1862 2678 2040 2726 matre
2070 2679 2124 2728 et
2164 2674 2346 2729 cascis
2398 2672 2506 2729 illis
2548 2675 2740 2729 allium
2770 2675 3156 2745 obolentibus,
3198 2690 3290 2735 aut
3316 2688 3443 2737 'cum

1862 2764 1995 2821 faece
2034 2764 2253 2821 Romuli
2295 2766 2447 2837 loqui
2498 2767 2745 2835 malunt;
2794 2782 2956 2839 quam
2994 2786 3120 2826 cum
3152 2773 3442 2842 Cicerone,

1860 2866 1914 2911 et
1946 2857 2107 2914 bonis
2145 2859 2465 2916 auctoribus
2496 2859 2867 2919 Latinitatis?
2904 2862 3036 2919 Mihi
3077 2866 3295 2935 quidem
3334 2884 3443 2923 non

1863 2948 2022 3017 longa
2049 2948 2372 3005 deliberatio
2406 2961 2512 3011 est.
2537 2962 2693 3009 utros
2719 2952 2929 3009 imitari
2964 2956 3148 3013 velim.
3186 2956 3293 3012 Sed
3329 2959 3445 3014 haec

1864 3039 2092 3094 nimium
2126 3039 2360 3099 fortasse
2398 3043 2646 3099 studiose
2682 3053 2846 3115 atque
2894 3049 3058 3103 anxie
3103 3065 3116 3102 :
3159 3049 3265 3103 nisi
3301 3054 3444 3121 quod

1865 3130 2091 3186 omnino
2120 3131 2568 3203 respondendum
2600 3133 2705 3189 luit
2737 3135 2827 3200 iis,
2862 3151 2891 3190 a
2919 3137 3122 3208 quibus
3158 3152 3281 3193 sum
3318 3156 3447 3208 pro-

1865 3230 2117 3277 vocatus.
2168 3222 2456 3295 Siquidcm
2514 3223 2794 3282 Gcrardus
2830 3224 3083 3292 Vossius,
3113 3230 3207 3299 qui
3258 3234 3448 3288 nescio

1865 3331 1935 3371 an
1977 3315 2046 3371 ab
2100 3316 2399 3388 interprete
2439 3318 2762 3374 Damasccni
2813 3318 2869 3374 in
2924 3336 3170 3377 errorem
3214 3322 3332 3394 ipse
3366 3325 3450 3380 in-

1866 3407 2063 3463 ductus
2092 3406 2163 3462 sit
2186 3447 2201 3471 ,
2254 3416 2405 3463 certe
2440 3409 2565 3464 aliis
2596 3409 2850 3479 exemplo
2894 3424 2995 3465 suo
3027 3418 3081 3465 ct
3125 3414 3450 3471 auctoritate

1864 3500 2010 3555 viam
2047 3500 2114 3555 ad
2151 3499 2486 3555 errationem
2539 3500 2798 3563 munivit,
2852 3516 2962 3556 nou
3018 3512 3171 3557 certo
3210 3504 3449 3573 judicio,

1868 3591 1962 3645 sed
1997 3590 2406 3646 inconsiderate
2439 3600 2746 3662 praeterque
2769 3607 2980 3647 morem
3006 3593 3224 3650 videtur
3248 3598 3446 3669 egisse.

1867 3680 2077 3752 Quippe
2102 3684 2197 3754 qui
2227 3698 2510 3751 nunquam
2540 3682 2676 3737 alias
2697 3682 2811 3755 [84]
2839 3685 3100 3752 abiecerit
3125 3686 3163 3742 S
3188 3706 3201 3743 :
3237 3707 3307 3745 ne
3334 3699 3449 3745 tum
3481 3730 3489 3739 ι

1866 3776 2091 3846 quidem
2123 3790 2247 3830 cum
2286 3782 2549 3830 auctores
2578 3773 2829 3840 haberet,
2855 3790 2995 3844 quos
3030 3779 3133 3832 ctsi
3168 3795 3449 3848 perverse,

1869 3868 2062 3922 saltem
2096 3864 2447 3935 aliquatenus
2473 3864 2809 3919 imitaretur.
2837 3864 2989 3935 Apud
3014 3882 3175 3936 quem
3204 3869 3451 3929 Chwreas

1867 3966 2092 4013 vocatur
2122 3956 2435 4013 Historicus
2454 3964 2508 4011 et
2541 3956 2773 4020 Clinias,
2790 3954 3041 4029 Marsyas
3063 3959 3453 4021 Macedonica-

1869 4066 1989 4105 rum
2026 4064 2208 4105 rerum
2258 4049 2499 4119 scriptor
2527 4056 2581 4104 et
2621 4047 3007 4120 Delphicarnm
3050 4052 3266 4123 Apellas
3297 4073 3314 4110 :
3350 4073 3451 4113 uec

1869 4149 2047 4196 tamen
2076 4138 2293 4196 Chaerea
2332 4150 2389 4195 et
2418 4138 2593 4193 Clinia
2619 4140 2676 4195 in
2707 4140 3016 4209 Commdia,
3042 4160 3219 4215 neque
3245 4145 3451 4204 Horatii

1868 4232 2091 4303 Marsya
2139 4240 2195 4288 et
2238 4229 2428 4302 Apella
2484 4231 2894 4288 tenacissimum
2943 4234 3065 4305 ejus
3130 4239 3449 4294 memoriam

1867 4328 2057 4397 fugere
2090 4333 2408 4397 potuerunt.

1936 4417 2179 4473 Tantum
2206 4414 2370 4486 fquod
2415 4416 2532 4472 inec
2584 4417 2945 4486 scripseram,
2979 4418 3111 4474 Milli
3155 4419 3450 4490 jucuntlis-

217 4505 557 4579 Ἑρμόδωρος.
618 4505 818 4560 Herma
878 4505 1325 4563 accommodator.
1374 4506 1438 4561 L.
1504 4504 1762 4564 xEmilius
1795 4522 1841 4577 ι)
1869 4512 2055 4573 sime:
2099 4525 2224 4565 cum
2255 4523 2392 4565 ecce
2426 4509 2564 4564 mihi
2625 4524 2764 4564 nova
2799 4527 2888 4566 res
2937 4520 3104 4581 atque
3153 4514 3451 4584 improvisa

213 4599 439 4657 Hermas.
498 4600 567 4655 P.
622 4600 827 4654 Annius
876 4597 1093 4653 llerma.
1147 4597 1209 4653 C.
1265 4598 1485 4653 Cassius
1545 4598 1764 4654 Herma.

1872 4606 2178 4671 nuntiatur,
2212 4618 2335 4675 quae
2364 4604 2431 4659 de
2455 4604 2748 4658 sententiae
2775 4619 2867 4659 me
2899 4619 3035 4659 mete
3064 4613 3212 4660 statu
3252 4622 3452 4679 prope-

211 4693 462 4749 Cornelius
497 4694 701 4748 llernia
740 4692 965 4764 (vitiose
999 4707 1099 4761 pro
1158 4691 1401 4763 llerma).
1438 4691 1517 4747 Μ.
1566 4693 1766 4749 Junius
1870 4697 2093 4753 modum
2145 4696 2369 4767 deiecit.
2415 4692 2718 4758 Enimvero,
2737 4694 2878 4764 quod
2916 4696 2969 4747 in
2991 4698 3263 4766 superiore
3285 4715 3455 4754 causa

215 4782 392 4840 Hernia
437 4786 581 4855 (lege
617 4781 858 4849 Henna).
896 4782 964 4850 ρ.
1004 4779 1208 4837 Lollius
1248 4785 1469 4838 Hcrma.
1510 4782 1585 4841 Μ.
1621 4783 1764 4855 Mag.

216 4869 406 4929 llerma.
466 4872 718 4929 Octavius
796 4871 1016 4925 Herma.
1078 4870 1137 4927 C.
1196 4872 1477 4938 Quinctius
1513 4872 1763 4934 .Henna.

215 4963 266 5022 Ρ.
293 4966 495 5024 Statius
529 4964 756 5021 Herum.
781 4963 847 5019 P.
879 4963 1184 5018 Turannius
1216 4962 1436 5020 Herma.
1482 4967 1549 5031 Q.
1588 4966 1767 5023 Vibius

204 5058 403 5116 Henna.
429 5058 506 5114 ll.
532 5057 720 5128 Ulpius
739 5057 878 5129 Aug.
904 5056 1019 5111 Lib.
1041 5057 1259 5113 Hernta.
1286 5056 1399 5131 [83]
1419 5056 1768 5134 Ἑρμαγόρας

203 5148 258 5205 ι..
282 5149 519 5205 lla-cius.
558 5146 620 5202 L.
664 5145 730 5201 F.
768 5151 1144 5217 Hermagoras.
1186 5146 1467 5219 Ἑρμείας.
1522 5150 1768 5207 Aurelius

206 5241 437 5297 Hormiae
470 5240 607 5310 Aug.
641 5238 756 5295 Lib.
792 5237 857 5293 Τ.
902 5238 1086 5292 Didius
1124 5238 1395 5295 Hermias.
1432 5238 1511 5294 Μ.
1550 5239 1767 5324 Helvius

208 5331 459 5387 Hermias.
489 5329 550 5384 C.
582 5327 765 5383 Julius
802 5326 1041 5381 Hermia.
1095 5326 1223 5382 Sex.
1288 5327 1592 5396 Pompeius.
1642 5328 1766 5386 Sex.

208 5425 426 5482 Hermia.
468 5422 640 5493 Spon.
699 5421 842 5484 221,
896 5420 999 5490 leg.
1049 5418 1172 5477 Sex.
1230 5418 1292 5476 L.
1348 5418 1480 5476 Her.
1534 5422 1772 5486 Λεοντᾶς

212 5515 427 5571 inﬂasse
450 5509 875 5584 ὗποκοριστικὺν
905 5523 935 5562 a
969 5508 1239 5575 Λεόντιος.
1282 5509 1343 5564 L.
1374 5510 1564 5565 Arcius
1602 5510 1771 5565 Leon-

218 5618 305 5664 tas.
328 5605 384 5667 C.
412 5602 593 5659 Julius
618 5602 871 5658 Leontas.
902 5598 981 5655 ll.
1015 5602 1331 5656 Herennius.
1361 5600 1442 5657 Η.
1463 5601 1524 5656 L.
1544 5600 1769 5658 Leonta.

222 5699 430 5761 ΛεωνΞς.
465 5698 847 5752 Artemidorus
881 5708 935 5764 p.
980 5692 1109 5749 249.
1150 5695 1372 5759 Λεωνᾶς
1404 5695 1433 5747 ὁ
1467 5695 1639 5766 Σύρος
1668 5713 1774 5749 πα-

222 5792 437 5862 λαιοτής.
478 5789 679 5843 Fabius
711 5787 939 5843 Leonas.
969 5787 1034 5844 C.
1069 5788 1293 5860 Oppius.
1339 5787 1401 5845 C.
1450 5788 1512 5843 L.
1544 5788 1768 5846 Leonas.

528 5883 797 5945 Puncta
836 5884 951 5945 Gn.
997 5885 1232 5947 XCVII.

1867 4790 2141 4859 probanda
2180 4796 2448 4857 tantopere
2499 4785 2833 4855 desudarem,
2874 4785 3008 4841 nihil
3045 4788 3241 4858 fuisse;
3274 4808 3454 4865 tneque

1871 4883 1926 4935 in
1966 4898 2029 4937 ea
2081 4881 2465 4949 disceptatione
2508 4892 2729 4948 prorsus
2776 4879 2994 4934 ἄσκοπα
3054 4884 3451 4948 τετοξευκέναι.

1874 4974 2019 5029 Nam
2057 4977 2196 5040 apud
2241 4972 2651 5029 Constantinum
2678 4981 2729 5027 et
2758 4971 3150 5031 Damascenum
3206 4975 3300 5032 τοῦ
3335 4978 3455 5031 Μα-

1870 5063 1998 5118 λέλα
2022 5079 2174 5134 posse
2200 5079 2388 5127 nomen
2420 5061 2793 5118 indeclinabile
2815 5080 2928 5117 esse
2950 5079 2968 5117 :
2990 5081 3151 5135 neque
3173 5066 3455 5120 abhorrere

1874 5155 1938 5209 ab
1968 5168 2068 5210 usu
2114 5152 2457 5215 Graecorum,
2500 5163 2555 5207 ut
2593 5157 2808 5209 nomina
2858 5156 3089 5210 barbara
3124 5158 3236 5210 sine
3280 5158 3456 5210 varia~

1874 5248 2015 5300 tione
2043 5260 2264 5303 casuum
2288 5246 2651 5315 proferantur,
2687 5245 2782 5299 τοῦ
2813 5245 3086 5316 ’Ᾱμμοῦν,
3113 5246 3204 5299 τὸν
3236 5244 3452 5308 ’Avob6,

1844 5336 1950 5409 ,τῷ
1982 5337 2246 5404 Ἀσκοὺμ.
2301 5336 2396 5388 τοῦ
2451 5335 2620 5406 Βλὰχ,
2653 5335 2748 5389 τοῦ
2779 5335 3018 5404 ’Δψκαλ
3049 5342 3189 5400 etc.,~
3209 5346 3455 5390 sexcenta

1872 5430 1995 5483 dari
2028 5427 2329 5483 masculina
2368 5427 2425 5480 in
2456 5426 2596 5489 A,ut
2629 5430 2658 5480 ὁ
2688 5427 2917 5495 Σισάρα,
2937 5429 2965 5480 ὁ
2990 5427 3157 5489 Σαλα,
3185 5428 3215 5479 ὁ
3238 5428 3403 5487 «bona,
3428 5431 3456 5480 ὁ

1873 5513 2009 5566 Σιδὰ
2038 5514 2093 5568 in
2137 5512 2251 5567 Vel.
2287 5510 2433 5570 Test.
2464 5514 2493 5565 ὁ
2528 5515 2700 5583 Ζαρὰ,
2735 5516 2763 5567 ὁ
2792 5513 2952 5568 Ἀϐία
2977 5515 3029 5567 in
3066 5512 3260 5569 Nora:
3291 5514 3458 5584 Syro-

1875 5623 1993 5661 rum
2027 5607 2295 5660 nationent
2330 5605 2564 5677 (Syrum
2597 5616 2773 5660 autem
2817 5622 2932 5661 esse
2976 5606 3113 5661 hunc
3154 5607 3456 5675 llelalam)

1876 5713 2058 5752 arnore
2084 5698 2301 5750 nomina
2332 5696 2382 5749 in
2413 5694 2455 5748 Α
2489 5695 2720 5749 litteram
2744 5697 3013 5762 exeuntia,
3043 5695 3286 5765 Marum,
3323 5699 3461 5754 liae.

1872 5808 2049 5858 smna,
2106 5799 2155 5845 et
2194 5789 2445 5860 pleraque
2493 5790 2671 5844 omnia
2711 5805 2727 5844 :
2780 5790 2855 5843 sic
2908 5801 2956 5846 et
3004 5790 3208 5845 Arabas
3262 5808 3460 5863 τιμωρία

3068 5887 3143 5947 2ζῶ

3067 5930 3115 5945 με
