3862 6318
491 330 599 396 779

490 545 768 585 occurrere
805 528 1027 588 denique
1058 523 1199 594 apud
1221 523 1650 580 Cantasuzenum
1681 525 1939 590 Ἰωάννης
1968 523 2074 576 Πε-

494 623 686 694 ράλτα,
737 630 786 676 et
840 617 983 689 apud
1040 616 1408 685 Theophanem
1458 616 1716 686 Ἰωάννης
1770 618 1798 668 ὁ
1846 615 2074 686 ἐπίκλην

500 711 770 783 Ἥμοῦλα,
798 708 1063 764 Joannem
1117 715 1462 778 cognomento
1492 706 1745 771 ﬂemula,
1788 708 2076 761 secundum

489 801 762 858 Victorem
797 803 1186 856 Ttmtmensem.
1226 798 1340 871 Ego
1387 814 1545 862 vero,
1591 814 1911 870 quanquam
1959 790 2076 854 lor-

475 906 643 954 nasse
676 895 1052 966 praestabilius
1091 903 1266 958 esset,
1298 901 1358 948 ιιι
1394 907 1458 948 ex
1492 892 1802 946 amicorum
1839 891 2078 947 consilio

492 986 917 1058 supersederem
953 985 1143 1040 labore
1171 983 1572 1054 respondendi,
1610 983 1790 1037 libera
1831 996 1953 1037 esse
1987 981 2080 1051 ju-

492 1078 644 1135 dicia
669 1077 909 1133 sinerem
941 1095 954 1131 :
989 1076 1256 1132 constitui
1294 1083 1476 1130 tamen
1502 1075 1772 1129 devorare
1799 1087 1920 1128 eam
1957 1087 2080 1125 mo-

492 1171 752 1238 lestiam;
786 1177 842 1226 et
877 1184 944 1225 eo
968 1170 1189 1241 quidem
1221 1169 1432 1232 animo,
1466 1167 1679 1222 nullum
1715 1173 1774 1220 ut
1797 1174 2078 1220 certamen

494 1261 805 1322 instituam.
847 1275 1028 1330 neque
1057 1260 1206 1314 enim
1233 1265 1540 1328 temperato
1577 1257 1792 1312 calamo
1817 1271 1908 1310 res
1947 1269 2080 1325 age-

494 1361 616 1418 tur;
673 1352 770 1407 sed
825 1362 888 1405 ut
925 1349 1095 1406 semel
1139 1346 1432 1417 defungar,
1489 1361 1592 1401 nec
1645 1344 1880 1400 tacendo
1930 1359 2084 1398 com-

495 1445 749 1508 mittam',
806 1448 865 1497 ut
917 1441 1129 1496 odiosae
1177 1438 1316 1494 mibi
1370 1437 1439 1492 de
1499 1437 1628 1492 lana
1669 1436 1898 1507 caprina
1951 1423 2082 1491 lites

485 1543 860 1593 succrescant
893 1532 950 1588 in
979 1541 1290 1603 posterum.
1333 1527 1468 1584 Dico
1499 1530 1687 1598 itaque
1731 1543 1911 1598 neque
1958 1543 2084 1584 esse

506 1628 668 1691 illud,
699 1627 768 1682 de
794 1641 909 1697 quo
948 1623 1062 1678 viri
1129 1623 1276 1679 docti
1305 1630 1866 1690 asseverant,‘neque
1897 1635 2081 1691 posse.

483 1719 635 1774 Nam
671 1733 803 1772 ecce
869 1716 969 1772 tibi
1013 1714 1258 1770 Joannes
1305 1711 1535 1768 Tzelzes
1595 1713 1690 1782 qui
1737 1727 1862 1766 cum
1913 1712 2084 1764 Ἰωνιο

1351 325 1450 386 DE
1491 323 1813 386 JOANNIS
1853 323 2174 384 MALAL.E
2207 325 2868 390 CHRONOGRAPHIA
3571 343 3643 407 τω

487 435 746 502 Abdalt'a,
793 433 1082 494 Mashalla.
1137 431 1406 499 Taphala,
1434 441 1485 486 et
1517 431 1566 485 si
1611 449 1716 502 qua
1753 439 1874 485 sunt
1913 431 2066 485 alia:

2183 432 2550 504 στρατηλάτου
2608 434 2898 503 Ῥωμαίων
2920 449 2932 464 ·
2965 442 3020 489 et
3054 431 3181 497 203,
3211 437 3340 490 κατὰ
3374 440 3562 501 Σοονίιια
3585 456 3646 507 καὶ
3727 431 3757 507 ll

2175 523 2362 595 Σίμμα
2383 540 2397 554 ⁶
2430 534 2484 580 et
2527 527 2645 591 III,
2678 526 2817 596 μετὰ
2845 525 2936 579 τοῦ
2959 527 3178 596 ἡνιόχου
3212 529 3649 612 Καλλιότιςιιοειιιιδ¹
3727 523 3757 612 I1

2179 617 2319 687 μετά
2370 617 2468 671 τοῦ
2511 618 2791 688 φυλάρχου
2842 617 3079 688 Ἀρὲθα·
3129 621 3283 685 plane
3310 633 3364 676 ιιι
3405 631 3522 694 apud
3554 633 3654 690 Cum

2177 711 2485 764 stantinum
2517 720 2601 766 est
2634 710 2729 763 τοῦ
2771 710 3004 780 ἐπίκλην
3038 711 3282 766 Μαλέλα.
3316 713 3532 776 Placetne
3563 725 3654 794 in,

2179 807 2240 853 ut
2301 798 2571 855 Joannem
2643 801 2821 871 ipsum
2884 803 3048 857 nobis
3107 805 3366 859 arbitrum
3423 812 3658 879 capiantul

2176 904 2353 959 aequa,
2386 891 2606 961 opinor,
2641 901 2692 946 et
2744 893 2974 948 honesta
3018 894 3320 962 postulatio
3360 906 3454 952 est.
3489 901 3656 961 Senten-

2178 980 2309 1034 tiam
2344 995 2478 1034 vero
2511 981 2558 1035 is
2585 996 2740 1036 suam
2773 983 3014 1036 ostendit
3047 999 3100 1052 p.
3135 982 3243 1036 204
3269 1001 3282 1035 :
3305 985 3658 1058 Ὀπιςτζίτας·

2181 1067 2310 1132 205,
2347 1069 2609 1132 Σουνίκας
2641 1070 2699 1123 δὲ
2736 1071 2832 1124 καὶ
2867 1071 3126 1140 Σίμμας·
3165 1072 3284 1137 110,
3328 1075 3586 1146 Καλλιόπας
3608 1101 3660 1148 τις

2179 1158 2426 1229 ἡνίοχος·
2473 1159 2596 1225 166,
2633 1160 2864 1234 Ἀρέθας
2911 1179 2998 1225 τις
3049 1165 3080 1216 ὁ
3126 1163 3391 1235 φύλαρχος
3437 1171 3515 1222 καὶ
3553 1172 3661 1226 Pw!»

2181 1268 2308 1320 φας.
2339 1251 2403 1305 Ει
2436 1253 2618 1307 adbuc
2648 1252 2920 1319 dubitent,
2970 1256 3018 1309 si
3053 1267 3311 1324 possunt,
3363 1267 3574 1318 utrumne
3603 1270 3661 1336 qui

2183 1341 2299 1396 haec
2335 1341 2449 1414 [86]
2499 1343 2807 1413 scripserit,
2869 1344 2980 1398 ullo
3019 1345 3187 1398 modo
3232 1360 3312 1401 εει
3352 1357 3406 1402 ιιι
3447 1349 3474 1401 6
3512 1352 3662 1410 una;

2184 1447 2418 1490 vocatus
2445 1434 2631 1488 fuerit.
2665 1432 2787 1488 Jam
2817 1435 3029 1508 Σισάρα
3058 1446 3116 1490 et
3158 1437 3302 1490 Φουά
3323 1453 3472 1508 quam
3496 1441 3609 1498 inriti
3629 1458 3661 1502 ει
3741 1432 3750 1500 1

2182 1538 2509 1583 recusantes
2554 1530 2609 1582 in
2661 1537 3048 1598 argumentum
3091 1529 3402 1585 ducuntur!
3433 1532 3566 1590 [lecte
3584 1540 3662 1607 qui-

2184 1615 2308 1670 dem
2341 1615 2545 1671 l‘actum
2579 1633 2609 1670 a
2641 1616 2829 1672 LXXII
2864 1619 3033 1685 viris;
3073 1621 3226 1691 quod
3253 1635 3375 1675 cum
3407 1635 3580 1680 vetusta
3608 1631 3663 1684 illa

2171 1715 2240 1761 et
2290 1707 2498 1780 Ogygia
2556 1713 2780 1764 nomina
2850 1711 3057 1768 litteris
3137 1711 3342 1769 Graecis
3391 1719 3662 1784 mandarent.

493 1808 772 1879 οιωτὲρως
827 1822 944 1869 πως
1015 1804 1307 1875 protulerit
1355 1801 1628 1872 Μελέλης,
1675 1809 1823 1856 certe
1881 1815 2082 1855 secun-

2186 1802 2254 1854 ad
2307 1801 2576 1872 syllabam
2632 1803 2701 1858 de
2741 1819 3001 1859 sermone
3053 1804 3298 1860 barbaro
3349 1821 3664 1877 expresserunt.

493 1899 632 1954 dum
697 1912 786 1953 me
844 1895 1131 1966 iudicasse
1188 1894 1466 1948 videatur.
1517 1893 1728 1947 Crebro
1789 1891 1935 1946 enim
2007 1906 2083 1968 eae

501 1989 728 2060 syllabae
768 1997 1154 2058 permutantur
1190 1987 1336 2040 inter
1366 2000 1445 2048 se,
1481 1983 1749 2046 Λεωνίδας
1783 1983 2081 2050 Λεωνίδης,

515 2081 723 2152 Ἑρμᾶς
761 2081 992 2150 Ἑρμῆς,
1030 2077 1299 2142 Ἀπελλᾶς
1341 2076 1629 2147 ’Λπελλῆς,
1664 2073 1916 2136 Μαλέλας
1961 2074 2084 2126 Μα-

499 2171 685 2251 λέλης.
739 2170 942 2226 Eodem
1007 2169 1244 2231 accedit.
1283 2167 1430 2238 quod
1483 2167 1539 2221 in
1581 2166 1791 2237 syllaba
1837 2165 2082 2220 secunda

487 2265 774 2319 statuitur
813 2273 1096 2325 accentus.
1129 2259 1226 2314 τοῦ
1250 2260 1476 2315 Μαλέλα
1508 2267 1768 2329 tanquam
1802 2259 1870 2312 ab
1908 2259 1936 2310 ὁ
1963 2259 2083 2311 Μα-

2184 1892 2320 1950 Nam
2367 1895 2460 1963 qui
2504 1895 2666 1950 annis
2700 1904 2828 1951 ante
2847 1897 3146 1966 permultis
3177 1910 3508 1955 excesserant
3531 1917 3556 1956 e
3577 1905 3664 1968 vin,

2187 1986 2356 2047 nulla.
2384 1985 2569 2051 credo,
2603 1987 2674 2042 iis
2702 1988 2887 2042 futura
2922 2000 3049 2043 erat
3078 1991 3422 2045 consuetudo
3446 2007 3544 2046 cum
3567 1993 3663 2050 Crte

2184 2074 2288 2129 cis.
2319 2075 2476 2140 Quod
2507 2077 2553 2130 si
2594 2078 2689 2131 alii
2718 2078 2992 2147 juniores.
3049 2079 3257 2148 quibus
3297 2080 3468 2134 eadem
3496 2098 3585 2149 qua
3606 2099 3664 2138 rc-

2185 2165 2392 2222 tcribns
2445 2167 2556 2223 illis
2615 2169 2863 2233 nomina,
2897 2185 3062 2224 usum
3096 2181 3153 2226 et
3200 2173 3546 2226 commercium
3577 2189 3662 2227 cun

2185 2256 2390 2312 Graecis
2424 2259 2754 2324 habui-runt,
2811 2262 2931 2317 sine
2975 2263 3154 2318 dubio
3194 2277 3381 2318 eorum
3419 2264 3656 2318 noitude-

501 2354 664 2416 λέλας
703 2369 814 2410 non
844 2352 1066 2409 Μάλελα
1107 2366 1288 2422 neque
1341 2349 1590 2416 Μαλελά,
1637 2357 1698 2404 ιιι
1754 2349 2080 2418 plerumque

2185 2350 2389 2404 clinata
2446 2360 2574 2405 sunt
2629 2353 2696 2407 ad
2761 2369 3016 2408 normam
3095 2355 3272 2411 Graeci
3332 2354 3568 2409 sermonis.
3595 2353 3658 2407 Sic

501 2445 711 2502 assolet
744 2445 802 2498 in
855 2442 1143 2498 vocabulis
1185 2439 1500 2511 peregrinis
1529 2437 1666 2512 [85].
1704 2436 1908 2492 Verum
1946 2436 2080 2491 illud
2186 2440 2204 2494 I
2241 2441 2476 2514 Paralip.
2506 2458 2627 2514 cap.
2662 2456 2886 2509 vm,est
2917 2448 3152 2516 quidam
3180 2447 3412 2513 Ἀνανία,
3439 2456 3486 2502 et
3507 2463 3592 2515 cap.
3613 2462 3662 2499 ιιι
3765 2436 3767 2502 ἓ

501 2540 560 2592 in
604 2537 800 2608 primis
839 2543 940 2590 est
998 2532 1364 2588 admiratione
1409 2531 1673 2600 dignum,
1713 2529 1859 2599 quod
1911 2537 1972 2583 ut
2015 2529 2083 2584 de
2186 2533 2410 2604 Βερχία,
2446 2537 2549 2602 vel,
2583 2544 2641 2590 ut
2689 2537 2743 2591 in
2778 2554 2883 2594 ms.
2919 2541 3098 2609 ltegio
3133 2548 3239 2602 est.
3271 2538 3664 2608 Bapaxia.Badem
3765 2573 3767 2602 ε

503 2628 697 2683 ϐιωοο
745 2625 970 2680 nomine
1002 2623 1249 2694 cognitio
1296 2622 1588 2685 habeatur,
1639 2620 1725 2672 ἐπ’
1759 2619 2085 2690 ἀλλοθρόους

503 2717 829 2790 ἀνθρώπους
882 2723 936 2770 et
994 2715 1059 2767 ad
1119 2710 1394 2767 Barbaros
1446 2711 1702 2765 nationes
1755 2718 2080 2780 provocant.

2185 2637 2486 2680 occurrunt
2551 2629 2778 2682 nomina
2831 2631 2886 2684 in
2936 2629 3092 2686 Test.
3151 2630 3305 2684 Novo
3363 2629 3530 2700 (Syrus
3571 2630 3664 2682 enin

2187 2716 2458 2787 interpres
2485 2726 2539 2774 et
2577 2721 2666 2773 bic
2710 2727 2766 2775 et
2801 2720 2916 2774 illic
2949 2720 3267 2788 lllrananio,
3314 2721 3529 2787 Brachia)
3551 2737 3562 2773 :
3586 2733 3667 2772 cum

497 2808 790 2880 Siquidem
841 2820 908 2860 ex
964 2803 1289 2859 Hunnorum
1345 2809 1507 2872 gente
1561 2809 1692 2856 sunt
1741 2801 1988 2870 Ἀσκοὺμ
2031 2810 2082 2855 et

2186 2808 2374 2862 Grmca
2429 2817 2612 2864 tamen
2665 2813 3083 2877 terminatione,
3137 2813 3410 2877 Ἀνανίας,
3453 2809 3665 2880 Βαραχίας·
3767 2801 3769 2846 Ῑ

505 2900 674 2970 Βλάχ,
700 2897 768 2954 de
794 2896 997 2968 quibus
1023 2894 1147 2950 vide
1176 2894 1356 2966 ipsum
1386 2890 1634 2946 Malalam
1663 2907 1718 2960 p.
1747 2891 1848 2946 159
1879 2899 1932 2945 et
1961 2890 2081 2944 I70.

2187 2900 2457 2955 Similiter
2489 2902 2702 2972 antiqui
2743 2903 2822 2956 illi
2873 2903 3100 2969 Ἰακὼϐ,
3163 2905 3376 2976 Ἰωσὴφ,
3413 2903 3554 2956 Σαοὺλ
3587 2915 3668 2970 per-

506 2993 713 3050 Verum
743 3005 842 3061 age
865 2987 1313 3059 quandoquidem
1340 2985 1422 3042 sic
1446 2985 1532 3054 agi
1566 2985 1764 3053 placet,
1785 2984 1924 3038 cedo
1946 2999 2084 3050 quos
2173 2999 2356 3060 .petuo
2385 2992 2746 3046 nominantur
2771 3011 2785 3046 :
2810 2993 3069 3061 juniores
3101 3011 3254 3058 vero,
3284 2995 3502 3064 quicum
3529 2987 3669 3043 Gratis

504 3085 692 3140 volent
729 3083 994 3136 arbitros.
1035 3078 1321 3134 Stabimus
1358 3077 1524 3132 etiam
1565 3073 1895 3129 Hunnorum
1931 3073 2082 3142 judi-

2192 3098 2303 3136 rem
2339 3084 2670 3150 habuerunt,
2720 3085 2998 3149 Ἰάκωϐος,
3035 3085 3334 3156 Ἰώσηπος,
3385 3083 3569 3143 Σαῦλος.
3591 3080 3671 3144 Quo

507 3173 636 3229 cio:
676 3186 854 3242 neque
893 3168 1143 3225 homines
1180 3167 1400 3237 plebeii,
1435 3165 1530 3220 sed
1568 3180 1728 3234 reges
1778 3172 1832 3218 et
1861 3164 2084 3232 regibus

2187 3176 2438 3244 exemplo
2470 3177 2632 3230 etiam
2678 3177 2917 3247 Σισάρας
2945 3186 3000 3232 et
3051 3179 3236 3242 Σάλας
3285 3187 3336 3232 et
3363 3174 3517 3236 Φούας
3541 3176 3671 3226 essent
3770 3167 3771 3194 λ

507 3261 744 3332 proximi
774 3257 1242 3329 pronuntiabunt.
1274 3253 1454 3310 Verba
1488 3264 1623 3310 sunt
1657 3252 1865 3308 Malalte
1889 3269 1946 3322 p.
1973 3251 2042 3307 59
2068 3269 2084 3308 :

508 3355 619 3408 Καὶ
643 3346 877 3424 ἤνεγκεν
905 3349 1021 3420 ἅμα
1049 3345 1216 3400 αὑτοῦ
1263 3345 1406 3400 κατὰ
1440 3345 1681 3399 ’Δττιλᾶ.
1717 3342 1955 3399 Maxime
1999 3358 2089 3398 re-

507 3461 660 3518 gum,
695 3445 836 3500 bona
870 3450 962 3496 tua
987 3440 1142 3496 venia
1163 3437 1401 3494 libenter
1433 3439 1764 3510 rogaverim,
1786 3435 2087 3508 quiGrtece

507 3536 728 3594 vocaris
759 3551 892 3590 casu
937 3539 1116 3588 recto.
1157 3530 1269 3586 Cur
1322 3537 1505 3585 autem
1564 3540 1833 3600 occupato
1865 3528 2086 3584 molesti

509 3628 746 3690 sumus?
791 3624 1168 3695 Respondebit
1197 3639 1296 3696 pro
1322 3638 1388 3678 eo
1415 3622 1642 3678 Malalas
1671 3623 1872 3678 ibidem
1899 3640 1915 3676 :
1962 3622 2086 3675 Ὠσ-

507 3725 690 3786 αύτως
725 3721 782 3776 δὲ
817 3721 912 3774 καὶ
939 3718 1188 3782 ’Δττιλᾶς
1235 3713 1582 3787 ἐτελεύτησε.
1615 3714 1708 3770 Sic
1746 3730 1940 3770 omnes
1976 3728 2088 3770 uno

508 3830 630 3871 ore.
662 3811 820 3884 Apud
851 3811 1100 3866 Priscum
1129 3808 1401 3865 Tbracem
1433 3809 1488 3864 in
1524 3807 1895 3863 Collectaneis
1944 3806 2088 3862 Con-

510 3907 746 3966 stantini
785 3903 1289 3976 Porphyrogeniti;
1338 3900 1704 3973 corrigendus
1735 3899 1912 3954 obiter
1963 3898 2088 3956 Sui-

509 4000 634 4064 tlas.
687 3998 783 4070 qui
845 3997 1086 4068 Πρίσκος
1133 3995 1211 4050 ait
1257 3993 1497 4064 Πανίτης
1549 3993 1790 4064 ἔγραψεν
1843 3991 2087 4062 ἱστορίαν

405 4101 414 4112 ’
509 4089 851 4162 Βυζαντικὴν
885 4090 980 4144 καὶ
1007 4087 1152 4143 κατὰ
1181 4087 1469 4150 Ἄτταλον,
1489 4085 1612 4156 lege
1639 4085 1785 4139 haud
1816 4092 2086 4138 cunctan-

507 4193 612 4248 ter,
647 4180 1024 4252 Βυζαντιακὴν
1056 4181 1152 4234 καὶ
1201 4178 1344 4233 κατὰ
1373 4177 1640 4248 Ἀττήλαν
1683 4176 1768 4230 vel
1813 4176 2082 4244 Ἀττήλαο

508 4275 652 4345 apud
700 4273 974 4338 Priscum,
1016 4271 1266 4340 inquam,
1304 4269 1598 4339 aliquoties
1633 4267 1785 4338 legas
1818 4267 2085 4337 Ἀττήλας

507 4369 601 4422 καί
634 4366 864 4437 Βλήδας.
895 4363 947 4420 Is
969 4363 1150 4418 Attilae
1180 4361 1352 4417 frater
1387 4367 1528 4425 erat,
1556 4375 1584 4413 a
1611 4358 1898 4414 Jornande
1927 4359 2083 4413 Bleta

2187 3266 2357 3334 dicti;
2407 3267 2455 3322 si
2509 3268 2816 3322 Antiochia:
2860 3270 3136 3324 vixissent
3177 3272 3259 3325 vel
3306 3269 3355 3322 in
3395 3267 3490 3322 alia
3537 3263 3671 3333 quatis

2187 3356 2412 3410 civitate
2439 3354 2654 3420 Graeca,
2689 3364 2745 3410 et
2793 3359 3120 3411 memoriam
3163 3373 3341 3412 rerum
3371 3351 3664 3425 gestarumlit.

2187 3451 2322 3506 teris
2347 3450 2796 3519 consignassent.
2841 3451 3031 3519 Neque
3058 3466 3194 3507 vero
3235 3450 3435 3503 iniiciur
3462 3445 3670 3514 Synmlmt

2188 3551 2355 3612 atque
2381 3543 2619 3597 Arabum
2651 3545 2870 3598 nomina
2906 3545 3231 3615 frequenter
3259 3546 3312 3596 in
3341 3542 3380 3595 Δ
3417 3540 3567 3592 littera
3596 3540 3671 3585 tero

2188 3635 2386 3689 minari
2422 3651 2436 3689 :
2481 3644 2755 3689 servatam
2787 3650 2906 3691 esse
2939 3652 2968 3689 tt
3019 3636 3233 3692 Graecis
3265 3649 3378 3688 eam
3411 3621 3670 3684 terminatio-

2189 3741 2314 3780 nem
2342 3741 2600 3796 pernego.
2642 3727 2892 3789 Abdalla,
2923 3727 2978 3780 Μ
2987 3729 3189 3790 asalla,
3226 3722 3466 3793 Tapltala.
3500 3717 3560 3770 Ita
3582 3709 3667 3780 qui-

2188 3817 2313 3873 dem
2346 3819 2582 3872 Arabes.
2603 3815 2893 3884 Quomodo
2919 3827 3105 3872 antem
3138 3815 3348 3872 Graeci?
3371 3811 3670 3876 Theophanes.

2188 3925 2246 3980 ι).
2274 3909 2382 3964 294
2407 3905 2442 3964 ε’
2464 3909 2727 3981 Μουαμὲδ
2756 3911 2784 3962 ὁ
2822 3909 2916 3962 τοῦ
2948 3909 3198 3964 ’Δϐδε).ᾶ.
3235 3905 3373 3960 Perii
3401 3899 3618 3970 equidem.
3637 3893 3672 3942 in

2185 4002 2233 4056 Δ
2281 4002 2382 4056 boc
2407 4002 2542 4066 exit,
2594 4009 2650 4056 et
2703 4011 2898 4056 contra
2939 4017 3027 4057 me
3061 4002 3216 4056 facit.
3265 3995 3368 4052 Sed
3402 3994 3511 4047 nolo
3546 4000 3616 4037 eos
3634 3984 3670 4033 in

2196 4091 2447 4146 laetitiam
2502 4089 2712 4146 frustra
2743 4091 3047 4160 conjicere.
3081 4089 3220 4143 Illud
3259 4087 3394 4142 enim
3441 4080 3673 4151 perincom-

2188 4182 2351 4236 mode
2391 4183 2689 4236 intervenit
2745 4183 2947 4237 ibidem
3001 4184 3031 4235 ὁ
3063 4181 3321 4244 Ἀϐδελᾶς
3363 4178 3482 4241 υἱός,
3501 4182 3545 4228 ει
3571 4165 3668 4236 apri

2186 4272 2455 4328 Zonaram
2496 4274 2804 4344 Μασάλμας
2831 4276 2860 4327 ὁ
2886 4274 2993 4328 τῶν
3024 4273 3275 4346 ’Δράϐων
3317 4266 3548 4342 ἀρχηγός.
3570 4256 3668 4328 ²Ρ¹³ι¹

2189 4363 2442 4420 Malalam
2500 4365 2765 4434 Ταφαρᾶς
2801 4367 2845 4424 ,ὁ
2899 4365 3196 4437 φύλαρχος.
3242 4363 3432 4417 Eadem
3481 4353 3585 4409 mihi
3625 4347 3666 4437 dt-

505 4459 712 4524 dictus,
735 4436 777 4510 7a
811 4453 1085 4526 Praepero
1117 4452 1414 4523 depravate
1444 4451 1632 4516 Bleba,
1669 4465 1700 4504 a
1742 4450 2080 4521 TbeOpbane
2111 4448 2155 4503 D
2186 4452 2431 4526 Syriacis
2455 4456 2770 4512 nominibus
2801 4457 3074 4511 sententia
3104 4436 3212 4512 est,
3242 4447 3547 4522 Porphyrius
3570 4436 3669 4509 apud

506 4550 704 4611 Βδέλας
725 4563 739 4577 ·
774 4545 1044 4610 ’Δττιλᾶς,
1068 4545 1270 4616 inquit,
1307 4541 1619 4614 Ὀμνουδίου
1646 4544 1774 4606 παῖς
1800 4537 2089 4596 ἀποϐαλὼν

505 4641 710 4697 Βδὲλαν
737 4640 830 4694 τὸν
857 4637 1233 4709 πρεσϐύτερον
1258 4636 1511 4706 ἀδελφόν.
1541 4636 1781 4692 Verbum
1825 4635 1962 4692 illud
2001 4636 2086 4690 di-

506 4733 729 4788 viduum
766 4731 954 4794 facito,
985 4741 1044 4786 et
1073 4730 1259 4786 scribe
1285 4730 1312 4781 ὁ
1367 4728 1638 4783 Μνουὸίου
1686 4729 1814 4793 παῖς
1842 4727 1927 4782 vel
1967 4726 2083 4781 [οι--

505 4829 655 4878 tasse
715 4821 1039 4886 Μουνδζίου.
1096 4811 1407 4875 Jornandes
1467 4818 1615 4874 enim
1682 4817 2080 4873 Mundzuccutn

506 4912 779 4974 nominat,
816 4921 873 4968 et
897 4911 1221 4982 Sigebertus
1260 4909 1594 4974 Mundzueb,
1621 4924 1910 4981 perperam
1951 4924 2083 4965 vero

505 5001 848 5072 Nicephorus
893 4999 1160 5057 Callistus
1217 4999 1537 5070 Νουμίδιον.
1577 4998 1720 5066 Quid
1771 4999 1954 5055 Attilae
1983 5015 2082 5070 pa-

505 5102 690 5159 truus,
735 5093 898 5148 Ῥούα
946 5109 1017 5150 ne
1073 5092 1402 5149 declinabile
1448 5107 1517 5148 an
1558 5091 1785 5156 Ῥούαςῖ
1841 5091 1916 5147 De
1978 5093 2083 5148 hoc

505 5191 712 5239 statuet
744 5182 888 5239 idem
931 5182 1020 5239 ille
1058 5181 1324 5248 Priscus;
1349 5182 1508 5252 cujus
1531 5182 1700 5237 verba
1729 5191 1879 5248 sunt,
1919 5182 2081 5236 Ῥούα

505 5272 883 5346 βασιλεύοντος
913 5274 1023 5327 τῶν
1051 5271 1271 5328 Οΰννων
1303 5279 1359 5326 et
1405 5272 1558 5343 παρὰ
1585 5271 1677 5326 τδν
1733 5271 1932 5326 Ῥούαν
1971 5273 2080 5342 ἀφ-

503 5365 793 5421 ικνεῖσθαι.
826 5367 906 5422 lta
941 5365 1122 5430 Βάλας
1164 5362 1273 5420 dux
1311 5359 1638 5420 Hunnorum
1689 5364 1834 5434 apud
1878 5361 2082 5419 Procoo‘

502 5455 679 5526 pium,
711 5455 1083 5514 Vantlalorum
1118 5455 1427 5527 Ἀμμάτας,
1459 5453 1789 5513 Gottborum
1823 5457 2080 5527 Γρίππας

501 5554 556 5602 et
609 5546 837 5615 Βέσσας,
890 5557 947 5605 et
981 5547 1208 5622 Μόρρας
1237 5553 1291 5602 et
1326 5544 1599 5618 Μαρκίας,
1641 5556 1699 5604 et
1740 5545 1991 5609 Ἀλϐίλας
2023 5552 2078 5601 et

500 5635 824 5709 οὐσδρίλας.
859 5637 1003 5694 Eant
1053 5654 1204 5695 nunc
1232 5647 1287 5696 et
1345 5636 1417 5694 ab
1459 5635 1673 5694 Hnnnis
1721 5637 1928 5700 malum
1971 5635 2076 5691 sibi

501 5727 1034 5814 tnendicent._Apud
1066 5729 1317 5785 Malalam
1349 5721 1560 5800 reperio
1598 5745 1653 5801 p.
1683 5729 1825 5786 21οε
1869 5725 2074 5794 Τζίττα

2184 4545 2482 4601 Eusebium
2525 4545 2788 4618 Scaligeri
2820 4565 2833 4600 :
2869 4548 3208 4618 Πτολεμαῖος
3237 4547 3294 4601 δὲ
3343 4536 3666 4610 ἀγανακτήσας.

2184 4639 2267 4693 ὅτι
2296 4636 2373 4708 τῷ
2399 4637 2688 4710 Πηλουσίῳ
2720 4639 3055 4711 προσέϐαλεν
3087 4642 3116 4693 6
3157 4639 3470 4711 Δημήτριος,
3498 4629 3574 4683 ἅτε
3596 4621 3668 4674 τῶν

2186 4731 2313 4783 κατ’
2343 4727 2622 4797 Αἴγυπτον
2661 4731 3008 4802 πραγμάτων
3037 4731 3314 4802 ἐχόμενος,
3348 4724 3531 4794 πέμπει
3561 4714 3666 4802 βάσιν

2183 4821 2282 4875 λέα
2310 4821 2410 4891 τῆς
2436 4819 2625 4885 Ἀσίας
2646 4800 3021 4892 Ἀλέξανδρον,
3053 4800 3268 4888 dicunt
3300 4800 3666 4892 ultimeva

2182 4911 2271 4964 διὰ
2299 4889 2374 4964 τὸ-
2394 4912 2471 4976 ὡς
2499 4912 2808 4983 ὰγοραστὸς
2837 4889 2979 4966 εἶναι
3021 4911 3118 4966 τοῦ
3159 4906 3472 4981 Πτολεμαίου
3495 4889 3667 4953 Σαϐινός

2182 5003 2462 5073 tuamet;
2502 5004 2639 5074 πρὸς
2665 5003 2776 5056 τῶν
2819 5001 3028 5074 Σύρων,
3058 5011 3112 5058 et
3151 5001 3447 5072 Iosephus:
3481 4983 3667 5074 1M?"

2181 5095 2305 5167 δρον
2333 5096 2424 5150 τὸν
2469 5073 2698 5151 Ζεϐινᾶν
2739 5073 3151 5166 ἐπιλεγόμενον,
3174 5095 3239 5150 Ει
3287 5090 3462 5147 eodem
3499 5073 3664 5167 nomine

2182 5161 2578 5243 Antiochensis
2609 5161 2921 5258 episcopus-
2940 5161 3163 5252 έεϐῖνος
3201 5183 3498 5252 Nicephoro,
3525 5161 3664 5253 Ζέδενῖ

2181 5292 2270 5338 νος
2297 5273 2567 5331 Zebennus
2593 5276 2832 5333 Eusebio
2861 5287 2916 5333 et
2939 5278 3275 5348 Hieronymo
3304 5276 3520 5324 vocatur.
3539 5258 3661 5348 Attii"

2182 5366 2502 5436 άγοραστός,
2521 5377 2749 5437 emptus,
2782 5367 3009 5439 Syriace
3028 5377 3113 5424 est
3132 5337 3294 5421 ibim:
3319 5359 3393 5415 vel
3418 5350 3576 5439 Ζῦίιξο

2179 5423 2372 5514 Graece
2403 5423 2615 5516 dixeris
2656 5423 2797 5534 [si].
2825 5423 3094 5532 ’Ἰωάννης
3122 5464 3152 5514 ό
3198 5437 3574 5534 ἈντιοκεδςοῩξ
3589 5423 3664 5534 ff‘

2179 5550 2239 5604 τὸ
2277 5550 2563 5622 φιλολόγος
2587 5521 2729 5607 εἶναι
2753 5521 3010 5617 bisula:
3045 5521 3313 5622 ξπεκλήθη
3481 5527 3567 5622 τῷ*

2183 5619 2310 5710 ρων,
2363 5619 2570 5707 νθιίιιι
2629 5642 2862 5713 propius
2918 5635 3188 5714 Syrorum
3236 5619 3656 5714 pronuntiati???“

2180 5701 2537 5804 subsequitur
2598 5701 2978 5792 Damascenus'
3028 5734 3172 5811 ipse_
3209 5701 3395 5799 S'vrus,
3438 5701 3653 5771 Μαλάλας·
