3862 6318
147 351 260 418 781

1262 343 1627 408 spxsrom
1659 345 1863 407 mea.
1892 343 2281 436 usuusu.

3311 341 3422 405 ’182

153 462 302 520 Nam
335 459 540 518 letale
573 460 663 516 vel
715 457 924 517 Mutata
963 464 1048 516 est
1090 465 1304 522 orator,
1343 458 1632 527 eloquens,
1673 459 1749 512 ιο-
1776 462 1821 520 Α
1848 455 1958 527 ψας
1981 465 2038 512 et
2084 454 2306 525 Βάρκας
2341 459 2469 507 sunt
2507 450 2666 518 dicti,
2697 451 2852 515 quia
2883 449 3096 518 Latinis
3119 449 3281 516 Jub,
3328 453 3427 512 Ni-

159 570 340 627 quax.
373 555 490 610 Non
533 549 754 606 dillicile
781 558 868 606 est
909 549 1230 621 conjectura
1278 549 1522 620 assequi,
1565 557 1744 603 utram

163 649 242 704 ob
273 661 499 703 causam
527 649 899 715 cognomento
933 642 1030 696 illo
1060 648 1256 698 auctus
1285 640 1451 696 fuerit
1477 639 1745 707 Joannes,

169 738 370 793 Δαλεῖν
393 737 636 808 ἄριστος.
673 732 1084 797 ἀδυνατώτατος
1112 733 1316 801 λέγειν.
1355 731 1476 804 Ipse
1504 733 1749 803 Porphy-

178 831 301 885 rius
329 843 357 882 a
379 825 734 898 popularibus
779 823 897 879 suis
931 824 1092 895 Syris
1123 822 1340 879 Malcho
1385 823 1501 878 sire
1531 820 1749 875 Malcha

186 914 736 975 vocabaturzcrace
764 929 894 970 vero
941 929 1049 969 non
1090 915 1310 984 Μάλχα,
1357 914 1456 968 sed
1501 914 1746 983 Μάλχος.

187 1009 450 1078 InCipha
480 1021 674 1064 saxum
705 1008 926 1078 Κηφᾶς,
972 1006 1174 1061 Thema
1211 1007 1482 1078 gemellus
1525 1006 1747 1075 θωμᾶς,

191 1113 253 1158 α
271 1106 314 1160 si
333 1117 434 1175 qua
459 1109 588 1158 sunt
617 1101 749 1154 alia.
771 1099 898 1153 Mal.
922 1115 975 1167 p.
1003 1099 1095 1154 ιι.
1120 1098 1392 1169 Ἀντίοχον
1407 1099 1500 1154 τὸν
1522 1099 1751 1170 ἐπίκλην

195 1195 456 1261 latinum.
485 1191 682 1251 lirum
731 1193 786 1246 ni
837 1207 903 1247 ex
955 1191 1172 1246 illorum
1215 1191 1488 1246 sententia
1539 1202 1750 1260 cogno-

199 1301 422 1343 mentum
475 1284 732 1357 Antiochi
781 1283 887 1338 fuit
947 1281 1204 1338 Chuzona
1255 1297 1388 1337 casu
1447 1291 1638 1345 recto,
1694 1289 1754 1335 ut

207 1376 390 1433 tutata
413 1393 433 1431 :
469 1389 596 1433 cum
645 1375 814 1432 ambo
835 1375 953 1430 sint
983 1372 1574 1457 Antipohcnses.Quid
1620 1388 1752 1444 ergo

207 1471 296 1525 sibi
322 1471 504 1524 volunt
529 1471 641 1522 ista
671 1482 727 1538 ι).
776 1467 871 1524 σε.
911 1466 1188 1537 Ἀντίοχον
1223 1465 1319 1521 τὸν
1344 1466 1610 1530 Χούξωνα
1661 1464 1752 1518 τὸν

206 1561 403 1629 ἔγγονον
447 1561 727 1629 Ἀντιόχου
761 1559 856 1612 τοῦ
891 1557 1220 1625 Χούζωνοςῖ
1245 1556 1402 1624 Quod
1445 1558 1490 1612 si
1544 1572 1752 1627 Itaque-

204 1666 397 1721 qoaquc
473 1648 704 1721 Syriaca
765 1650 993 1704 nomina
1052 1648 1256 1705 imitari
1322 1656 1375 1702 et
1440 1648 1753 1718 exprimere

197 1741 476 1804 debemus,
537 1755 662 1805 cur,
707 1740 983 1806 obsecro,
1043 1739 1301 1810 Ἰωάννης
1349 1737 1590 1800 dicitur,
1643 1753 1753 1792 non

1853 547 2032 616 cipsa,
2063 544 2255 600 Barca.
2287 543 2398 599 Nec
2436 552 2625 599 tamen
2671 543 2784 600 hac
2813 561 2935 614 quae
2964 548 3215 617 proxime
3244 553 3425 607 nomi-

1852 637 2006 697 navi,
2039 636 2109 690 de
2155 633 2365 691 Graecia
2397 635 2565 705 petita
2603 643 2768 700 sunt;
2815 635 2909 691 sed
2953 652 3016 692 ex
3062 638 3246 695 Africa
3275 650 3428 699 recto

1851 727 2053 783 itinere
2078 728 2364 797 deportata
2405 734 2532 780 sunt
2556 726 2616 780 in
2657 724 2890 782 italiam.
2919 727 3063 794 Quid
3093 730 3266 798 enim,
3300 746 3427 789 cum

1859 815 1939 870 illi
1977 817 2270 888 Ἀμίλκας,
2304 817 2554 880 Ἀννίϐας
2589 816 2900 886 proferunt,
2941 817 2995 872 bi
3055 817 3332 876 Hamilcar
3371 831 3432 880 et

1858 906 2167 973 Hannibal;
2202 923 2313 964 non
2358 908 2500 978 signi
2546 907 2651 962 hoc
2694 908 2830 963 satis
2859 918 2966 975 est,
3020 909 3165 966 unde
3197 920 3433 985 utraque

1857 1011 1988 1057 sunt
2021 1002 2290 1058 accersita
2312 1003 2336 1056 ’ἰ
2357 1000 2564 1072 Nempe
2592 1001 2648 1055 hi
2683 1001 2987 1057 masculina
3026 1004 3249 1060 nomina
3281 1007 3432 1062 Afri-

1857 1109 1995 1148 cana
2045 1095 2100 1148 in
2151 1095 2196 1147 Α
2235 1094 2470 1149 libenter
2524 1094 2872 1161 retinebant;
2916 1095 3235 1151 Graecorum
3270 1113 3436 1156 aures

1855 1193 2122 1257 tanquam
2169 1187 2380 1242 absona
2414 1195 2468 1241 et
2518 1187 2852 1242 inconcinna
2899 1188 3290 1258 repudiabant.
3321 1188 3433 1247 Sed

1861 1287 1922 1332 ut
1949 1278 2251 1334 concedam
2275 1279 2410 1334 illud
2435 1277 2682 1349 Ἦμοῠλα
2711 1292 2740 1332 a
2764 1277 3098 1349 Theophane
3126 1280 3434 1351 profectum

1859 1384 2024 1424 esse:
2059 1385 2169 1424 non
2200 1385 2303 1440 ego
2352 1369 2682 1425 monachum
2719 1371 2960 1441 aliquem
3006 1373 3274 1432 adversus
3316 1391 3436 1432 om-

1857 1460 2010 1514 nium
2043 1461 2397 1516 autoritatem
2428 1460 2748 1530 magistrum
2771 1461 2988 1518 dicendi
3011 1478 3208 1536 capere
3233 1466 3434 1534 velim;

1859 1554 1955 1610 sed
2012 1554 2168 1608 illum
2237 1553 2423 1625 ipsum
2485 1554 2551 1607 ad
2616 1553 2860 1609 nationis
2925 1571 3040 1612 suae
3102 1559 3434 1628 exemplum,

1857 1636 2005 1699 addo
2057 1643 2225 1700 etiam
2299 1658 2486 1710 suum,
2557 1658 2906 1715 componere.
2970 1645 3068 1702 Vir
3142 1648 3434 1720 multiplici

1860 1737 2128 1790 doctrina:
2179 1734 2338 1804 copia
2376 1733 2641 1804 praeditus
2696 1734 3021 1794 Eustathius
3077 1737 3438 1796 Thessaloni-

203 1833 410 1886 ἰωανὰν
469 1829 740 1885 Μαιλὰλαῖ
781 1846 907 1885 nam
955 1829 1113 1901 Syris
1165 1838 1272 1885 est
1313 1826 1603 1882 Jukhanen
1630 1867 1645 1892 ,
1701 1839 1758 1882 ut
1788 1826 1830 1881 Β
1857 1827 2044 1883 censis
2103 1827 2285 1898 episc.
2318 1825 2606 1881 accurate
2655 1827 2955 1897 disputans
3009 1830 3079 1885 de
3121 1832 3438 1888 Homericis

187 1920 361 1976 LXXII
399 1923 542 1977 viris
569 1921 821 1975 Ἰωανάν.
859 1920 968 1976 Sed
1012 1937 1141 1977 ecce
1179 1920 1276 1974 tibi
1311 1919 1754 1985 Cantacuzcnus,

182 2015 264 2084 qui
313 2029 368 2083 p.
411 2012 547 2068 874.
605 2013 854 2066 Λατίνων
898 2028 1015 2076 τις,
1051 2011 1160 2074 ait,
1211 2011 1467 2081 Ἰωάννης
1507 2010 1759 2081 Περάλτα

179 2103 747 2176 προσαγορευόμενος.
807 2103 964 2159 Scias
1003 2111 1184 2156 autem
1214 2102 1268 2156 in
1319 2114 1558 2172 quantas
1587 2117 1760 2172 angu-

179 2198 297 2252 stias
324 2197 561 2259 adducti
599 2202 754 2261 sunt,
801 2209 926 2249 cum
982 2194 1236 2248 homines
1268 2192 1394 2264 χθὲς
1436 2193 1533 2248 καὶ
1567 2193 1760 2267 πρώην

173 2289 471 2358 γεγονότας
500 2287 709 2342 saeculo
730 2287 950 2341 demum
979 2301 1091 2350 xiv,
1124 2294 1246 2355 post
1266 2284 1546 2340 Christum
1567 2293 1758 2362 natum

174 2380 486 2433 inveterata
553 2376 667 2446 jam
737 2375 1028 2439 barbaria,
1077 2389 1262 2430 causa
1311 2387 1432 2432 'suae
1500 2383 1762 2446 patronos

171 2469 467 2542 adoptant.
497 2468 636 2524 Item
679 2483 813 2524 sane
840 2467 1078 2538 lepidam
1120 2476 1176 2522 et
1221 2468 1495 2538 iocosam.
1521 2465 1761 2523 Joannes

179 2561 270 2616 hic
309 2560 711 2616 Antiochensis
739 2561 878 2616 bene
919 2559 1108 2615 Graece
1139 2558 1360 2612 Μαλὲλα
1419 2558 1525 2615 dici
1559 2567 1758 2628 potest,

177 2653 312 2722 quia
347 2651 482 2708 ltalo
519 2651 746 2707 cuidam
786 2665 987 2706 nomen
1023 2659 1146 2704 erat
1209 2648 1475 2704 Giovanni
1511 2649 1758 2705 Peralta.

175 2743 264 2797 Sic
286 2744 437 2799 enim
459 2743 888 2797 Cantacuzenus
916 2759 968 2812 p.
997 2741 1118 2796 174.
1145 2743 1394 2796 Μάλιστα
1411 2743 1466 2796 δὲ
1493 2742 1763 2806 Ντζιουὰν

173 2835 436 2906 [lapsum
465 2836 494 2887 6
533 2833 743 2906 τούτων
773 2832 1019 2905 ἡγεμών.
1053 2831 1281 2889 Graecus
1315 2834 1426 2890 iste
1463 2842 1550 2889 est
1577 2849 1764 2890 sermo

177 2925 486 2980 hodiernus
510 2943 524 2980 :
561 2925 637 2980 ita
657 2925 866 2997 giostra
896 2924 1191 2996 τζοῠστρα,
1213 2927 1430 2997 gingiva
1457 2924 1761 2992 τζιντζίϐα,

185 3019 332 3087 iecur
361 3019 718 3089 πζὴγάριον.
752 3017 905 3072 Vah!
935 3033 1107 3088 quam
1131 3017 1294 3073 velim
1337 3019 1766 3089 progrediantur

191 3111 426 3180 longius.
461 3121 631 3180 atque
674 3125 784 3164 una
840 3123 1008 3180 opera
1062 3109 1298 3180 probent
1331 3109 1606 3174 Ντζιουὰν
1639 3111 1765 3165 Μα-

201 3201 322 3256 me
346 3202 638 3257 dicendum
657 3215 790 3258 esse
820 3218 835 3254 :
876 3200 1096 3257 facinus
1144 3203 1233 3272 pol
1271 3217 1533 3274 magnum
1564 3211 1618 3258 et
1649 3218 1765 3257 me-

205 3295 458 3351 morabile
509 3294 766 3350 fecerint.
819 3289 954 3348 Illud
994 3307 1134 3349 vero
1166 3297 1389 3358 durum,
1439 3295 1586 3364 quod
1621 3293 1763 3366 apud

213 3384 578 3456 Theophanem
611 3397 697 3442 est
721 3385 986 3456 Ἰωάννης
1021 3388 1048 3439 ὁ
1077 3385 1310 3456 ἐπίκλην
1349 3386 1613 3456 Ἦμυῦλα.
1656 3385 1766 3441 Nec

217 3491 252 3529 a
283 3476 487 3534 Victore
532 3479 714 3535 solum
749 3486 980 3533 vocatur
1045 3473 1295 3542 Hemala,
1331 3478 1427 3533 sed
1470 3478 1768 3534 Anastasio

221 3567 398 3634 etiam,
459 3568 553 3638 qui
621 3567 1012 3638 Theophanem
1081 3567 1133 3621 in
1194 3567 1462 3622 Latinum
1536 3582 1769 3623 conver-

219 3656 329 3712 tit:
381 3673 409 3712 a
468 3657 725 3714 Liberan
799 3657 1044 3712 Diacono
1113 3655 1354 3713 Joannes
1421 3656 1600 3722 Mela;
1662 3658 1768 3714 nisi

227 3747 435 3805 fortasse
482 3749 770 3820 depravati
827 3756 960 3804 sunt
994 3747 1241 3805 codices.
1282 3745 1364 3804 Ex
1401 3746 1609 3806 Graecis
1639 3763 1769 3804 ven

222 3840 563 3910 scriptoribus
597 3841 756 3896 solus
791 3837 1162 3910 Theophanes
1205 3849 1257 3894 et
1301 3841 1472 3896 semel
1507 3841 1772 3895 duntaxat

224 3932 540 4001 cognominis
568 3931 695 4000 ejus
725 3931 1062 3987 mentionem
1096 3929 1230 3986 facit
1268 3949 1283 3986 :
1321 3931 1538 3986 caeteris
1561 3929 1773 4000 simpli-

223 4022 342 4077 citer
365 4022 608 4078 Joannes
629 4030 886 4086 vocatur,
919 4021 1234 4092 Nicephoro
1261 4019 1374 4094 [88]
1417 4021 1769 4087 Patriarchae,

223 4106 502 4180 Nicephoro
561 4109 829 4176 Callisto;
883 4111 1027 4165 sicut
1079 4119 1135 4164 et
1191 4109 1420 4166 Leontio
1482 4109 1768 4182 Byzantio,

222 4197 588 4270 Chronicoque
645 4200 936 4256 Orientali.
987 4199 1108 4267 Quo
1151 4201 1325 4272 magis
1384 4200 1670 4264 adducor,
1714 4209 1774 4256 ut

224 4289 452 4346 vitiosum
470 4306 607 4348 esse
659 4291 794 4346 illud
848 4291 1079 4348 verbum
1118 4291 1463 4359 existimem;
1503 4301 1566 4348 .et
1605 4292 1771 4347 istum

221 4381 430 4449 apicem,
465 4381 568 4453 qui
604 4383 669 4443 in
699 4383 866 4437 libris
916 4397 1056 4438 mss.
1099 4383 1550 4438 terminationem
1585 4399 1649 4446 ας
1695 4381 1774 4437 si-

1859 1916 1970 1972 illis
2024 1917 2306 1988 ἱππήλατα
2337 1918 2552 1988 Πηλεὺς
2597 1927 2650 1972 et
2692 1918 2954 1989 Ἑρμείας
2994 1921 3271 1994 ἀκάκητα,
3304 1931 3436 1989 etc.,

1859 2023 1971 2063 non
1999 2009 2207 2081 Σισάρα
2229 2018 2284 2066 et
2314 2010 2482 2074 Σάλα,
2511 2025 2621 2064 non
2653 2012 2899 2082 Ἠμοῦλα
2931 2014 2998 2070 ad
3031 2024 3217 2084 partes
3242 2025 3434 2084 vocat;

1860 2117 1986 2155 nam
2025 2100 2281 2156 Giovanni
2315 2102 2535 2156 Peralta
2561 2104 2655 2173 qui
2693 2105 2892 2172 potuit.
2916 2105 3236 2176 priusquam
3267 2109 3316 2164 is
3341 2125 3440 2165 na-

1821 2229 1827 2235 ι
1861 2195 2151 2249 sceretur?
2181 2196 2331 2264 quod
2357 2206 2550 2251 contra
2587 2211 2654 2251 ex
2678 2197 2825 2251 omni
2857 2199 3123 2254 memoria
3152 2200 3261 2255 duo
3298 2201 3438 2258 dun-

1862 2289 2015 2336 taxat
2048 2291 2317 2338 memorat
2367 2285 2677 2340 masculina
2721 2283 2911 2340 Graeca
2942 2287 2996 2341 in
3030 2288 3094 2354 Α,
3129 2304 3306 2360 caque
3336 2293 3440 2347 mi-

1861 2373 2014 2428 nime
2046 2389 2073 2426 a
2122 2390 2180 2428 se
2211 2375 2377 2441 iecta,
2433 2375 2530 2430 sed
2571 2374 2925 2433 Eudaemonis
2973 2379 3075 2434 fide
3109 2379 3436 2451 Pelusiotae;

1863 2466 1984 2536 ejus
2013 2466 2228 2536 opinor,
2249 2467 2416 2537 cujus
2447 2467 2648 2522 librum
2675 2468 2741 2523 de
2765 2465 3174 2542 Orthographia
3205 2473 3439 2546 Stepha-

1864 2572 1972 2612 nus
2001 2555 2325 2630 Byzantius,
2357 2567 2417 2614 ct
2463 2558 2663 2615 Suidas
2695 2569 2749 2616 et
2787 2559 3146 2634 Etymologici
3199 2569 3442 2639 scriptor

1866 2650 2269 2706 citant.llorum
2299 2667 2468 2706 unum
2501 2652 2777 2723 Illyricum
2810 2669 2934 2710 esse
2965 2671 3188 2724 nomen,
3212 2676 3279 2715 cx
3327 2663 3444 2733 epi-

1867 2751 2173 2810 grammate
2195 2745 2456 2814 quodam,
2479 2744 2670 2816 Πατὴρ
2686 2745 2729 2798 δ’
2748 2745 2836 2816 ἔμ’
2861 2745 3159 2818 [89Ῑέφυσε
3183 2751 3441 2815 κόπαινα,

1866 2832 1986 2902 ἦτοι
2052 2834 2374 2904 Κοπαινης·
2443 2833 2856 2905 Syracusanum
2908 2837 3142 2892 alterum
3199 2855 3295 2910 ex.
3335 2841 3443 2896 So-

1869 2925 2105 2994 phrone,
2137 2926 2166 2978 ὁ
2219 2925 2492 2998 Μύριλλα.
2541 2925 2908 2997 DemocOpum
2942 2927 3198 2985 videlicet
3254 2933 3443 2987 archi-

1869 3020 2094 3080 tectum,
2149 3030 2274 3069 cum
2335 3016 2619 3072 theatrum
2681 3015 3080 3072 exasdiﬁcasset
3125 3017 3438 3090 Syracusis.

1869 3107 2072 3178 populo
2102 3106 2309 3162 viritim
2347 3115 2690 3178 unguentum
2722 3107 3096 3175 distribuisse,
3120 3117 3172 3165 et
3200 3127 3263 3166 ex
3295 3128 3356 3167 ea
3385 3129 3444 3168 rc

1868 3208 2237 3270 cognomento
2292 3209 2544 3253 vocatum
2583 3213 2706 3254 esse
2735 3197 3005 3270 Myrillam
3037 3219 3050 3254 :
3101 3218 3298 3274 nempe
3337 3205 3447 3258 ἀπὸ

1865 3291 1957 3346 τοῦ
1992 3291 2165 3364 μύρου
2197 3290 2503 3363 Μύριλλαν.
2536 3289 2651 3361 Ego
2689 3306 2816 3346 vero
2866 3290 3252 3349 Eudaemonem
3289 3297 3443 3353 illum

1861 3384 2033 3453 jubeo
2060 3383 2303 3455 κρόμμυ’
2327 3383 2557 3447 ἐσθίειν,
2585 3390 2646 3437 ιιι
2674 3382 2950 3439 hominem
2993 3385 3298 3444 infortunio
3331 3405 3449 3444 ma-

1867 3484 2008 3531 ctem
2060 3493 2074 3530 :
2141 3475 2420 3546 siquidem
2466 3477 2674 3546 religio
2739 3485 2860 3533 erat
2921 3477 3219 3536 Pelusiotis
3282 3497 3447 3554 cepas

1867 3579 2116 3640 gustare.
2151 3569 2289 3624 Nam
2318 3567 2582 3647 profecto
2633 3571 2700 3624 de
2746 3570 3169 3641 Syracusiorum
3215 3573 3448 3630 dialccto

1870 3675 1995 3717 cras
2025 3662 2215 3727 credo,
2257 3661 2423 3717 hodie
2472 3661 2630 3716 nihil.
2665 3660 2994 3718 Theocritus
3041 3663 3448 3736 Syracusanus,

1871 3753 1963 3823 qui
1999 3753 2258 3808 idiomate
2289 3752 2586 3806 vernaculo
2620 3760 2888 3822 perpetuo
2926 3763 3010 3808 est
3049 3771 3181 3810 usus
3207 3757 3450 3822 (Μοῦσαν

1872 3841 1918 3895 δ’
1944 3840 2161 3912 ὁθνεῐην
2193 3839 2380 3894 οὔποτ’
2420 3840 2858 3911 ὲφειλκυσάμην)
2887 3858 3070 3898 annon
3125 3846 3164 3896 Σ
3210 3847 3448 3904 litteram

1871 3933 2082 4002 ubique
2107 3940 2314 3999 servat,
2345 3932 2640 4002 Δαμοίτας,
2672 3917 2984 3998 Μενάλκας,
3014 3934 3307 4005 Ἀμύντας,
3335 3939 3454 3993 Διο-

1873 4024 2128 4088 κλεῖδαςῖ
2173 4021 2294 4078 Non
2337 4025 2537 4094 Apollo
2573 4024 2846 4093 Δαφνίτας
2895 4024 3188 4096 Syracusis
3232 4031 3452 4087 coleba-

1872 4115 2004 4169 tur?
2034 4113 2152 4170 Non
2206 4114 2428 4172 Hicetas
2457 4114 2793 4188 Syracusius
2815 4115 3181 4187 philosophus
3212 4135 3243 4173 a
3288 4119 3448 4177 Cice-

1873 4221 2008 4263 rone
2035 4208 2300 4264 laudatur
2332 4209 2388 4264 in
2431 4208 2809 4264 Academicis?
2837 4225 2941 4264 non
2971 4225 3164 4265 eorum
3197 4227 3452 4270 sermone

1875 4299 2132 4368 γαφάγας
2167 4299 2455 4354 luinbricus
2489 4299 2631 4369 apud
2663 4297 3110 4370 Etymologicon?
3143 4317 3253 4357 non
3285 4303 3451 4362 dissi-

1877 4394 2027 4447 mulo
2085 4393 2228 4464 apud
2300 4391 2634 4466 ilesychium
2693 4393 2964 4464 scriptum
3024 4411 3148 4451 esse
3201 4397 3448 4468 Γαφάτα.

217 4487 367 4542 gnaro
397 4477 562 4542 solet,
609 4475 681 4531 ab
711 4475 1023 4546 indiligenti
1071 4475 1302 4531 librario
1327 4483 1600 4530 mutatum
1649 4490 1772 4531 esse
1806 4491 1848 4547 ι)
1880 4484 2130 4555 σκώληξ·
2185 4485 2280 4540 sed
2315 4501 2443 4540 vero
2486 4485 2690 4557 duplici
2732 4499 2946 4540 errore.
2997 4483 3131 4540 Nam
3175 4489 3380 4543 excidit
3412 4488 3452 4542 Σ

214 4565 292 4620 νει
313 4567 755 4634 praetermissum.
781 4565 1095 4621 Praesertim
1127 4581 1251 4623 cum
1280 4576 1484 4621 cuncta
1517 4565 1570 4620 id
1594 4581 1771 4637 genus

216 4659 416 4713 noniina
435 4657 769 4728 praeterhac
794 4671 962 4712 unum
991 4659 1059 4712 ah
1081 4657 1202 4727 ipso
1227 4655 1559 4726 Theophane
1585 4670 1685 4728 per
1706 4673 1771 4719 ας

216 4751 362 4806 scribi
382 4752 598 4808 videam
616 4767 634 4816 ;
655 4751 713 4804 Ἀ
723 4749 908 4822 ρὲθας,
929 4749 1200 4816 Ἀττιλας,
1223 4749 1557 4820 Μασάλμας,
1579 4749 1773 4803 Ἀϐου-

216 4840 386 4906 λάσας,
423 4842 756 4908 ’Κοντζίνας
803 4843 912 4896 alia
942 4841 1373 4912 quamplurima.
1423 4841 1615 4911 Itaque
1665 4839 1774 4895 hoc

215 4931 258 4986 in
287 4933 426 4999 loco,
453 4925 527 4988 ut'
565 4947 688 4989 mea
731 4931 850 4989 fert
895 4933 1110 5003 opinio,
1138 4931 1287 4990 facta
1324 4941 1410 4989 est
1445 4931 1776 5004 Theophani

208 5025 422 5096 injuria.
463 5026 610 5090 Nec,
637 5027 795 5097 quod
841 5026 1176 5082 Anastasius
1210 5033 1266 5081 et
1297 5024 1493 5082 Victor
1545 5025 1776 5081 ﬂenmla

205 5116 390 5174 Latine
421 5125 776 5187 nuncupant,
804 5133 916 5173 non
957 5117 1217 5174 Hemutar
1241 5133 1262 5182 ;
1291 5118 1466 5189 magis
1499 5118 1554 5172 id
1586 5131 1778 5188 quem-

195 5223 364 5281 quam
393 5221 618 5264 movere
641 5207 834 5274 debet,
849 5223 1014 5278 quam
1043 5209 1196 5279 quod
1222 5208 1386 5264 Attila
1404 5223 1434 5262 a
1462 5209 1672 5264 Latinis
1693 5207 1780 5262 di-

198 5303 363 5368 citur,
394 5300 492 5371 qui
513 5299 727 5356 Graecis
743 5309 830 5356 est
849 5299 1124 5364 uno“.
1147 5299 1284 5355 Nam
1317 5301 1608 5371 peregrina
1630 5301 1776 5371 ejus-

196 5391 412 5450 ωηιοῶ
441 5390 667 5446 nomina
689 5390 872 5448 Graeci
901 5389 1197 5462 Latinique
1231 5391 1426 5447 neutri
1465 5391 1539 5446 ab
1569 5391 1778 5452 alteris.

195 5484 292 5541 sed
321 5481 844 5555 ab‘ipsis=Baﬂiaris
860 5485 1088 5556 utrique
1113 5491 1468 5553 acceperunt.
1507 5481 1653 5540 Toto
1677 5483 1782 5554 igi-

195 5589 286 5632 tur
315 5576 692 5635 cmlo‘ermit
717 5575 1075 5642 ‘l’r‘isclanus.
1103 5593 1230 5634 cum
1260 5575 1428 5634 Turio
1447 5587 1504 5635 et
1531 5573 1783 5650 Bagrada

215 5665 422 5732 lA-fricre
453 5677 596 5726 sunt
624 5669 736 5724 ista
783 5669 1037 5740 ﬂumina)
1073 5669 1340 5726 declinari
1371 5678 1530 5740 putat
1576 5685 1605 5724 a
1639 5670 1781 5724 Teo-

221 5757 320 5823 ρίας
351 5768 407 5815 et
449 5757 760 5829 Βαγράδας.
798 5761 842 5813 Α
890 5759 1098 5816 Graecis
1123 5759 1346 5830 quidem
1390 5759 1780 5826 1661;31:23-

1875 4576 2082 4640 littera,
2127 4584 2185 4630 ut
2217 4592 2318 4631 usu
2363 4577 2552 4631 venire
2586 4578 2748 4642 solet,
2791 4594 2918 4633 cum
2973 4580 3219 4647 proxime
3253 4583 3441 4640 subsc-

1874 4676 2082 4738 quatur
2111 4668 2322 4722 altera:
2357 4668 2402 4719 T
2439 4676 2620 4722 autem
2655 4667 2917 4724 facillime
2944 4679 3188 4726 mutatur
3214 4673 3267 4728 in
3303 4672 3364 4736 Γ,
3397 4687 3455 4730 ut

1879 4759 2012 4814 alibi
2049 4759 2371 4829 Στένυτρον,
2408 4758 2906 4832 εὐρυπωδέστερον,
2948 4765 3307 4833 συριγγῶδες,
3355 4783 3456 4838 pro

1879 4851 2204 4919 Στενυγρὸν,
2235 4849 2562 4921 εὐριπῶδες,
2601 4851 2808 4918 στενὸν,
2845 4855 3202 4926 συριγγῶδες.
3237 4855 3312 4914 Nc
3342 4859 3458 4931 ipse.

1879 4943 2101 5012 quidem
2165 4941 2418 5011 Sophron
2457 4939 2652 4997 ‘aliter
2709 4944 2924 5002 locutus
2999 4958 3104 5002 cst.
3159 4951 3454 5008 Athenaeus

1880 5033 1978 5088 lib.
2005 5049 2077 5087 vn
2107 5051 2120 5085 :
2159 5033 2271 5087 Καὶ
2321 5035 2474 5106 παρὰ
2505 5033 2750 5106 Σώφρονι
2785 5039 2812 5090 ὁ
2845 5037 3200 5112 Θυννοθήρας,
3231 5052 3286 5097 et
3317 5061 3456 5113 καρ-

1884 5124 2081 5195 χαρίας
2116 5124 2402 5193 aliquanto
2439 5121 2695 5191 inferius,
2727 5143 2780 5198 p.
2817 5127 2943 5194 506,
2978 5131 3238 5201 Σώφρων,
3275 5131 3458 5184 Θυννο-

1885 5212 2086 5284 θηραία
2115 5213 2171 5266 δὲ
2195 5214 2409 5284 γαστὴρ
2438 5215 2744 5286 καρχαρίας
2767 5216 2797 5267 ὁ
2819 5219 3036 5283 κάτινος
3055 5218 3240 5288 δῆσθε.
3262 5219 3454 5275 Priora

1884 5305 2048 5358 verba
2108 5320 2232 5372 qum
2284 5303 2617 5360 Casaubono
2668 5305 2974 5362 molestiam
3029 5309 3326 5374 creabant,
3374 5311 3456 5366 sic

1881 5393 2003 5464 lege
2045 5412 2058 5447 :
2103 5393 2345 5464 Σώφρων
2375 5391 2738 5466 Θυννοθήραι.
2775 5396 2834 5449 Ἀ
2868 5397 2925 5449 δὲ
2972 5399 3206 5469 γαστὴρ,
3237 5399 3313 5456 .id
3346 5412 3452 5463 est,

1881 5484 2210 5556 θυννοθήρα.
2257 5483 2528 5541 Nimirum
2557 5486 2662 5542 istc
2693 5487 2831 5540 liber
2877 5485 3228 5557 Θυννοοήρας
3258 5489 3456 5547 inscri—

1885 5587 2012 5647 ptus
2037 5575 2399 5648 est.-Etymol.
2425 5578 2481 5633 in
2504 5579 2655 5632 Ἥῖα.
2684 5575 2780 5640 ’Ὦς
2808 5595 2941 5648 φησι
2968 5577 3210 5650 Σώφρων
3232 5580 3291 5634 ἐν
3317 5581 3455 5636 0w-

1887 5668 2108 5738 νοθήρᾳ.
2151 5667 2286 5723 Male
2317 5669 2444 5722 alibi
2481 5670 2538 5720 ἐν
2569 5664 2956 5739 Θυννοθήρκις.
2995 5669 3150 5736 Quod
3176 5673 3222 5726 si
3267 5688 3452 5728 verum

1885 5767 1964 5814 cst
2002 5758 2134 5812 illud
2171 5758 2254 5838 de,
2275 5759 2600 5832 Dcmocopo,
2633 5757 2774 5831 iulgi
2805 5761 2927 5830 joco
2957 5779 3264 5830 cognomen
3293 5779 3451 5819 suum
