3862 6318
392 320 586 395 “Ἷ83

1354 323 1457 384 DE
1489 318 1813 383 JOANNIS
1847 318 2171 380 MALALzE
2200 316 2861 383 CHRONOCRAPHIA
3582 330 3662 393 τῇ

468 442 699 511 adeptus
724 451 848 495 esse
869 433 1148 497 videatur,
1168 432 1301 503 quia
1338 431 1597 488 fortassis
1622 445 1687 486 ea
1715 436 2044 499 tempestate
2071 434 2117 490 Α
2142 437 2409 500 tanquam
2439 428 2486 484 si
2531 430 2561 482 ὁ
2607 427 2762 481 nam
2807 423 2995 483 dicens
3050 431 3111 481 et
3138 424 3172 478 6
3202 425 3427 497 Κίκερο,
3468 443 3525 487 se
3546 447 3669 504 οδω.

472 530 771 603 Syracusis
817 534 1009 585 scorto
1080 525 1347 596 cuipiamx
1390 538 1503 578 non
1558 521 1788 593 ignobili
1846 534 2049 575 nomen

470 624 642 680 fuerit
693 620 929 692 Myrilla.
986 620 1120 674 Nam
1172 616 1428 672 mulieris
1476 614 1534 669 id
1570 613 1797 685 quidem
1843 627 2049 668 nomen

472 730 598 773 esse
661 712 945 784 proprium
1001 708 1272 766 certiores
1309 721 1415 762 nos
1472 704 1605 760 facit
1650 711 1810 774 poeta
1840 694 2050 758 'nescio

468 806 601 877 quis
631 806 776 859 inter
809 802 1042 873 Lyricos
1077 799 1144 855 ll.
1180 798 1465 869 Stephani.
1510 794 1865 867 Στρατόκλεις
1898 792 2051 862 φίλος

468 894 770 965 Κυθήρης,
828 890 1194 964 Στρατόκλεις
1232 890 1386 959 φίλος
1431 886 1735 957 Μυρίλλης.
1796 885 1903 939 Ἴδε
1950 884 2051 955 τὴν

473 985 634 1056 φίλην
675 985 938 1053 γυναῖκα,
1004 980 1254 1050 Κομὰει,
1309 979 1541 1050 τέθηλε,
1586 978 1818 1048 λάμπει.
1873 968 2063 1029 Ῥόδον

470 1075 683 1131 ἀνθέων
732 1073 985 1139 ἀνάσσει,
1029 1073 1211 1139 Ῥόδον
1254 1074 1312 1126 ἐν
1351 1072 1544 1142 κόραις
1586 1069 1858 1141 Μυρίλλα.
1891 1067 2052 1134 Quod

472 1166 543 1221 ad
578 1166 832 1221 Κόπαινα
861 1165 1080 1228 attinet,
1106 1163 1215 1220 etsi
1251 1179 1360 1219 non
1394 1161 1560 1218 facile
1598 1163 1764 1218 iidem
1795 1160 2050 1223 habeam,

472 1255 679 1312 viderit
705 1255 773 1312 de
803 1269 871 1311 eo
898 1255 1070 1311 verbo
1108 1254 1525 1324 epigrammatis
1553 1264 1785 1318 auctor;
1816 1252 1910 1323 qui
1940 1251 2054 1305 for-

475 1356 645 1411 tasse,
671 1361 798 1401 cum
826 1346 1124 1401 barbarum
1164 1345 1409 1417 Illyrium
1452 1344 1857 1416 βαρϐαρίζοντα
1891 1343 2054 1397 indu-

454 1438 659 1505 Jer'tt,
713 1438 853 1492 bene
909 1446 1184 1491 tnoratunt
1239 1451 1463 1491 carmen
1522 1435 1720 1490 fecisse
1771 1434 2049 1488 videatur.

475 1527 634 1595 Quod
669 1529 715 1583 si
750 1529 874 1598 quis
902 1526 1016 1600 [90]
1048 1528 1362 1600 Illyriorum
1410 1527 1666 1596 exemplo
1715 1525 1972 1597 Ἰωάννης
2022 1525 2052 1577 ὀ

468 1617 702 1675 Mam:
746 1618 993 1691 proferre
1039 1620 1203 1679 velit:
1258 1619 1313 1675 id
1369 1617 1589 1689 quidem
1632 1617 1860 1689 perinde
1918 1624 2050 1681 est,

2151 519 2241 590 gie
2295 520 2447 589 loqui
2496 518 2689 575 Cmce
2738 516 3083 582 contendat;
3124 518 3259 586 quia
3315 520 3452 588 apud
3504 524 3669 581 Aristo.

2151 612 2389 683 phanem
2418 611 2577 667 Caris
2622 609 2917 666 Cantilena
2950 617 3063 672 est,
3098 609 3432 678 Θρεττανελδ
3474 613 3551 669 τὸν
3586 616 3671 671 liti-

2152 702 2379 758 κλωπαο
2413 711 2468 759 et
2499 702 2718 774 Scythae
2748 703 2914 758 istius
2942 702 3135 757 Attica
3173 701 3437 771 elegantia
3463 722 3478 759 :

2268 819 2362 885 Ὧς
2377 817 2641 885 ἐλαπρός
2655 816 2859 884 ὥσπερ
2883 816 3100 884 ψύλλο
3129 814 3290 869 κατὰ
3310 816 3375 869 τὸ
3396 816 3568 873 κώδια.

2256 883 2332 941 Ὦ
2354 883 2542 955 τρᾴδθ
2566 888 2646 951 ὡς
2669 883 2949 954 καρίεντό
2968 900 3081 955 ρ’οι
3106 884 3182 939 τὸ
3210 886 3500 955 τυγάτριο.

2254 953 2655 1012 Κοὺδύσκοχ
2678 953 2840 1011 ἀλλὰ
2866 953 3026 1025 ,πρᾶο
3047 972 3062 984 ’
3103 954 3231 1009 ποῦ
3262 953 3330 1009 τὸ
3352 953 3552 1025 γρᾴδιο.

2150 1068 2262 1125 Sed
2298 1069 2529 1124 nimium
2558 1069 2677 1136 ditt,
2718 1071 2791 1124 mi
2834 1069 2991 1136 uilli,
3030 1069 3093 1141 in
3126 1069 3372 1140 litigiosa
3414 1070 3671 1147 haediqu.

2150 1162 2363 1215 latione
2400 1170 2453 1215 te
2499 1160 2822 1216 demoratus
2880 1175 3028 1215 smn.
3088 1158 3264 1214 Dabis
3308 1167 3481 1217 autem
3511 1168 3671 1225 venia-

2153 1251 2511 1319 ttccessitati;
2536 1266 2663 1307 nam
2692 1265 2906 1322 postea,
2930 1266 3028 1322 per
3048 1266 3143 1305 me
3176 1250 3333 1315 licet,
3354 1253 3442 1307 alii
3469 1262 3520 1309 ut
3538 1257 3669 1316 voles

2152 1345 2475 1414 loquentur,
2510 1360 2619 1400 non
2648 1343 2906 1414 equidem
2938 1343 3191 1411 invideo,
3218 1358 3403 1413 neque
3433 1345 3661 1405 interula.

2148 1436 2261 1491 lmo
2283 1436 2565 1492 enimvero
2598 1435 2968 1492 invitissimus
2993 1435 3119 1493 haec
3154 1435 3385 1506 scripsi,

2270 1548 2367 1614 Ὠς
2387 1549 2502 1617 οὐχ
2532 1547 2844 1617 ὑπάρχων,
2871 1548 3033 1604 ἀλλὰ
3059 1549 3516 1619 τιμωρούμενος.

1780 1997 2391 2085 ADDENDA.

2042 2206 2139 2227 ⁸⁸*

543 2342 687 2402 Ecce
708 2343 907 2400 iterum
929 2341 1241 2414 Crispinus.
1261 2339 1397 2397 Cum
1426 2341 1572 2397 enim
1594 2340 1776 2397 adhuc
1799 2339 2041 2412 supersit
2071 2344 2112 2403 Β
2141 2355 2263 2396 mor
2284 2340 2555 2397 Arundel.
2586 2337 2831 2410 (Ediptts
2860 2353 2991 2395 vero
3012 2346 3297 2409 tyrannus
3323 2335 3663 2392 secundum

474 2434 684 2490 charta:
722 2434 1148 2505 aliquantulum,
1187 2440 1247 2488 ut
1290 2443 1484 2488 narrat
1518 2432 1936 2504 typographus;
1972 2432 2050 2486 nio

478 2525 679 2580 mirum
707 2525 757 2580 ei
786 2539 1013 2596 parcere
1036 2524 1228 2590 stulta,
1256 2531 1320 2579 ut
1339 2523 1415 2578 ait
1437 2523 1549 2587 ille,
1570 2522 1711 2579 foret
1731 2522 2045 2578 clementia.

478 2616 808 2671 Pcrcurram
854 2615 1025 2685 igitur
1080 2613 1379 2683 Epistulam
1432 2620 1624 2679 totam,
1677 2613 2048 2668 adnotaturus

477 2705 801 2768 identidem,
823 2705 869 2760 si
896 2720 1005 2776 qua
1027 2704 1111 2779 vel
1141 2703 1429 2758 retractari
1457 2702 1780 2774 diligentius
1806 2705 1894 2759 vel
1923 2717 2049 2758 cor-

480 2797 579 2868 rigi
614 2796 874 2853 debeant.

544 2887 847 2957 Principio,
880 2886 1019 2942 bene
1040 2884 1262 2957 quidem
1293 2884 1496 2940 factum
1526 2885 1675 2955 quod
1703 2884 1849 2957 (pag.
1888 2885 1945 2956 ι)
1980 2884 2048 2940 de

474 2978 805 3052 etymologia
850 2977 945 3032 τοῦ
983 2976 1341 3049 Ἦρικεπαίου
1392 2977 1684 3049 supersedi
1737 2978 2045 3047 inquirere.

476 3069 740 3137 Quamvis
777 3067 923 3124 enim
970 3067 1093 3139 Ἰιρι
1129 3068 1183 3122 in
1211 3068 1526 3124 Graecorum
1570 3068 1866 3124 verborum
1898 3082 2049 3123 eom-

472 3160 755 3229 positione
788 3171 898 3211 nou
929 3155 1249 3227 infrequens
1277 3156 1374 3223 sit,
1424 3156 1713 3227 Ἠριπόλη,
1743 3155 2045 3226 ἠριγένεια,

475 3248 776 3320 ἠριγέρων,
832 3246 1126 3317 ἡριθαλές·
1188 3245 1367 3301 nihilo
1421 3255 1602 3301 tamen
1657 3247 1840 3302 minus
1900 3261 2048 3317 pere-

477 3339 693 3410 grinam
723 3352 848 3393 esse
877 3352 1067 3393 vocem
1108 3336 1243 3390 mihi
1276 3336 1466 3392 videor
1495 3343 1649 3392 certo
1684 3337 2045 3407 comperisse.

478 3427 764 3500 Siquidem
812 3443 920 3480 κεπ
960 3424 1197 3497 syllaba,
1241 3426 1388 3496 quod
1428 3425 1559 3495 jure
1609 3426 1848 3492 mireris,
1890 3427 2048 3496 plane

478 3523 654 3576 aliena
682 3530 767 3575 est
788 3529 953 3591 atque
974 3520 1183 3575 absona
1222 3532 1253 3572 a
1278 3517 1681 3574 consuetudine
1712 3533 1839 3573 cum
1871 3517 2044 3573 Graeci

476 3621 595 3668 tum
639 3610 821 3666 Latini
874 3611 1169 3667 sermonis.
1222 3611 1395 3665 Σκεπ.
1442 3608 1663 3680 quidem
1722 3611 1777 3664 in
1829 3609 2043 3677 σκέπω,

477 3704 843 3777 περισκεπὴς,
881 3703 1213 3775 σκέπαρνον,
1247 3711 1380 3770 elc.,
1408 3720 1537 3757 κεπ.
1569 3714 1751 3758 autem
1785 3717 2050 3773 nusquam
2078 3690 2121 3747 C

477 3796 752 3860 occurrit,
778 3794 924 3866 quod
957 3797 1149 3860 sciam,
1182 3803 1542 3865 praeterquam
1570 3795 1625 3850 in
1649 3795 1893 3863 Κέπφος.
1919 3796 2049 3849 Eam

477 3902 580 3959 ego
625 3901 836 3952 vocem,
897 3900 1023 3940 cum
1079 3885 1329 3941 solitaria
1377 3886 1450 3941 sit
1495 3892 1659 3954 atque
1699 3884 1898 3949 unica,
1957 3884 2049 3939 vix

476 3978 691 4043 dubito,
728 3977 863 4048 quin
895 3976 1025 4032 olim
1059 3976 1539 4047 pronuntiaverint
1566 3971 1749 4045 Ke/fos
1782 3991 1890 4030 non
1917 3973 2052 4044 Κερ-

476 4071 560 4143 [os
580 4086 601 4126 :
629 4078 793 4141 prout
824 4069 991 4124 hodie
1016 4065 1223 4135 Σαπφὼ
1251 4065 1400 4137 Saﬂ'o
1435 4066 1691 4131 dicimus,
1727 4081 1832 4121 non
1861 4064 2047 4136 Sapio.

474 4164 633 4237 Apud
663 4162 894 4218 Latinos
922 4168 1107 4214 autem
1142 4175 1253 4212 κεπ
1287 4158 1553 4230 syllabam
1585 4158 1805 4217 brevem
1842 4157 2048 4213 frustra

475 4256 821 4327 quaesiveris.
883 4251 1197 4320 Conceptt'o,
1232 4249 1492 4318 perceptio
1543 4256 1598 4304 et
1645 4249 1883 4313 similia,
1933 4266 2050 4320 κηπ

472 4347 680 4404 habent
736 4342 1058 4415 productam
1113 4355 1143 4394 a
1178 4340 1413 4410 percepi,
1468 4338 1791 4408 concepi.—
1822 4344 2044 4408 Anceps,

473 4452 684 4507 auceps,
722 4435 964 4506 princeps
1010 4429 1117 4501 κεψ
1151 4431 1208 4486 in
1264 4430 1542 4501 scriptura
1593 4429 1892 4495 exhibent,
1936 4416 2048 4485 no'n

473 4545 582 4586 κεπ
615 4545 628 4582 :
666 4541 843 4597 neque
877 4538 1007 4580 vero
1040 4521 1270 4578 casibus
1304 4520 1547 4592 obliquis
1594 4518 1806 4576 iaciunt
1838 4524 2048 4593 aucepis

472 4628 568 4676 aut
596 4616 887 4691 princepis.

541 4709 641 4779 Ep.
673 4725 727 4780 p.
764 4709 848 4762 l2.
882 4705 999 4778 [91]
1042 4702 1114 4760 Ut
1147 4712 1365 4776 egomet
1410 4704 1590 4759 vineta
1653 4718 1772 4760 mea
1819 4702 2047 4769 caedam,

473 4802 614 4857 falso
664 4800 874 4856 credidi
922 4810 1036 4853 tres
1070 4797 1209 4852 istas
1251 4796 1546 4868 Sophoclis
1595 4795 1812 4854 fabulas
1837 4813 1901 4852 ex
1941 4814 2049 4852 una

472 4889 759 4960 tetralogia
815 4886 1010 4951 fuisse,
1066 4887 1496 4942 continuatione
1561 4887 1814 4957 serieque
1871 4886 2049 4943 histo-

471 4983 568 5039 rize
606 4979 664 5034 in
726 4992 848 5033 eam
903 4966 1223 5046 opinionem
1278 4977 1570 5033 adductus.
1604 4978 1745 5032 ’AD.‘
1768 4980 1829 5033 οὐ
1866 4977 2048 5034 πεσών
2077 5013 2122 5071 c

470 5089 535 5144 γε
562 5068 813 5140 ἐκείμην.
850 5065 1021 5136 Culpa
1051 5065 1197 5120 enim
1231 5066 1498 5135 postridie
1521 5068 1862 5139 deprehensa
1889 5070 2050 5124 etiam

470 5160 713 5219 amoveri
738 5157 901 5214 facile
919 5157 1115 5228 potuit,
1131 5156 1177 5212 si
1194 5171 1291 5227 per
1304 5159 1643 5229 typothetam
1666 5160 2053 5218 licuisset.’Al—

468 5256 534 5309 λὰ
553 5253 612 5309 τὸ
644 5252 747 5325 μὲν
776 5245 1142 5321 προτετύχθαι
1173 5247 1409 5320 ἐάσομεν
1446 5249 1738 5321 ἀχνύμενοί
1764 5268 1891 5323 περ,
1921 5251 2053 5308 Ccr-

471 5356 586 5400 tum
621 5353 705 5400 est
758 5358 853 5399 eas
882 5340 1180 5411 lragmdias
1228 5338 1390 5411 longo
1440 5341 1729 5413 interjecto
1759 5345 2050 5402 intervallo

473 5436 642 5491 fuisse
666 5435 864 5490 editas.
901 5432 1213 5504 Antigonen
1250 5433 1323 5487 ita
1349 5433 1623 5503 placuisse
1658 5436 1864 5501 ferunt,
1893 5447 1953 5494 ut
1984 5452 2049 5493 ea

470 5526 646 5597 gratia
675 5535 912 5599 praetura
954 5524 1217 5597 Sophocli
1257 5525 1649 5583 decerneretur
1682 5528 1736 5584 iu
1770 5531 1911 5586 bello
1952 5533 2049 5586 ad-

471 5633 661 5675 versus
697 5617 938 5674 Samios.
994 5617 1135 5689 Ergo
1183 5625 1307 5673 aeta
1356 5632 1482 5674 esse
1534 5618 1752 5674 videtur
1779 5636 1926 5676 anno
1958 5638 2042 5687 Ill,

473 5706 681 5782 'leutp.
722 5724 943 5775 Lsxxtv,
977 5710 1157 5765 aetatis
1192 5709 1361 5781 Soph.
1394 5724 1505 5778 LVI,
1553 5715 1857 5769 secundum
1898 5713 2046 5770 Mar-

2156 2440 2269 2487 tum
2304 2431 2564 2496 obtinuit,
2598 2440 2655 2488 et
2676 2431 2859 2487 victus
2884 2436 2968 2487 est
2987 2445 3020 2485 a
3040 2428 3303 2486 Philocle
3333 2446 3347 2481 :
3374 2428 3495 2497 quin
3518 2434 3563 2481 et
3590 2427 3663 2479 αῖ.

2153 2523 2345 2595 dipum
2382 2523 2708 2589 Coloneum,
2748 2536 2912 2593 quem
2964 2528 3225 2577 extrema
3282 2527 3545 2576 senectute
3576 2516 3666 2570 fecit

2153 2616 2399 2670 omnium
2435 2613 2822 2680 novissimam,
2846 2611 3117 2668 editionis
3138 2619 3383 2679 tempore
3410 2607 3659 2662 antecessit.

2150 2706 2548 2776 Argumentum
2576 2702 2715 2759 (Ed.
2745 2703 2878 2775 Tyr.
2914 2703 3035 2756 Εἰσὶ
3055 2702 3121 2757 δὲ
3152 2703 3249 2756 καὶ
3266 2702 3315 2755 υἱ
3344 2700 3581 2770 Πρότερον
3601 2697 3663 2749 αὐ·

2152 2795 2268 2860 τὸν,
2308 2796 2370 2849 οὐ
2418 2778 2696 2868 Τύρᾶννον
2738 2793 3170 2864 ἐπιγράφοντες,
3218 2792 3309 2847 διὰ
3347 2791 3463 2852 τοὺς
3496 2788 3663 2859 χρόνους

2151 2890 2262 2944 τῶν
2284 2888 2645 2945 διδασκαλιῶν
2677 2889 2770 2943 καὶ
2797 2887 2888 2943 διὰ
2912 2886 2983 2941 τὰ
3015 2888 3347 2960 πράγματα.
3374 2884 3450 2938 lla
3474 2881 3663 2937 scriben-
3776 2892 3777 2897 ‘

2152 2979 2259 3035 dus
2291 2991 2378 3035 est
2413 2980 2520 3036 iste
2548 2979 2724 3043 locus,
2766 2991 2930 3048 quem
2968 2976 3161 3033 minus
3189 2973 3449 3029 intellexit
3490 2983 3661 3039 magnus
3780 2973 3781 3041 l

2152 3068 2529 3126 Camerarius.
2599 3069 2740 3124 Sunt
2797 3068 2892 3140 qui
2950 3067 3095 3123 hanc
3170 3065 3405 3121 fabulam
3452 3061 3660 3130 (Ediplm

2152 3160 2399 3217 Priorem
2456 3160 2784 3225 inscribunt,
2836 3173 2953 3214 non
2997 3158 3142 3214 (Ed.
3200 3156 3531 3228 Tyrannum:
3569 3153 3659 3221 quia

2152 3252 2306 3321 prior
2332 3256 2453 3305 erat
2490 3265 2616 3305 cunt
2646 3257 2894 3318 tempore
2926 3247 3193 3311 actionis,
3225 3256 3338 3305 tum
3370 3246 3501 3302 serie
3527 3257 3660 3298 rerum

2152 3350 2457 3412 gestarum.
2492 3338 2566 3394 Ea
2592 3339 2756 3410 hujus
2784 3339 2890 3395 ioci
2923 3340 3203 3394 sententia
3242 3348 3349 3395 est.

2222 3431 2325 3501 Ep.
2343 3446 2401 3502 ι).
2424 3432 2516 3499 14,
2534 3447 2680 3487 vers.
2699 3432 2756 3486 5.
2774 3431 2949 3499 Auget
2977 3430 3335 3486 vehementer
3362 3426 3661 3498 suspicionem

2153 3531 2399 3578 nostram
2453 3523 2568 3592 ipse
2607 3521 2864 3577 Clemens
2905 3521 2961 3576 in
2996 3520 3367 3592 Protreptico,
3393 3518 3474 3588 qui
3498 3525 3659 3585 poster

2152 3627 2316 3684 quam
2350 3628 2543 3669 versus
2585 3627 2682 3669 eos
2713 3621 2973 3682 tanquam
3005 3610 3344 3683 Sophocleos
3358 3604 3659 3681 protulit,0lto

2152 3706 2272 3763 τοσὶ
2312 3705 2434 3775 μὲν,
2474 3706 2575 3771 ait,
2610 3705 2711 3776 ἢδη
2736 3704 2835 3759 καὶ
2859 3702 3481 3775 παρακεκινδυνευμένας
3496 3695 3659 3762 iniri;

2153 3796 2361 3869 σκηνῆς
2415 3798 2516 3869 τὴν
2569 3797 2828 3869 ἀλήθειαν
2881 3799 2997 3862 τοῖς
3044 3795 3268 3859 θεαταῖς
3301 3790 3655 3862 παρεισήγαγεν.

2150 3888 2297 3961 Ergo
2326 3899 2381 3946 et
2407 3890 2707 3945 Clementis
2739 3890 2950 3960 judicio
2998 3887 3053 3942 in
3084 3887 3289 3958 capitis
3338 3885 3549 3940 venisset
3569 3876 3654 3931 dis-

2150 3982 2378 4048 crimen,
2406 3983 2729 4052 quicunque
2762 3996 2858 4038 eos
2891 3981 3023 4037 olim
3056 3979 3118 4034 in
3160 3993 3377 4035 scenam
3412 3970 3654 4031 detulisti“.

2150 4069 2189 4125 li
2224 4070 2353 4125 alibi
2385 4072 2627 4126 citantur
2648 4071 2754 4128 hoc
2785 4071 3035 4142 exemplo
3067 4089 3082 4127 :

2290 4196 2504 4272 Θιλητοι
2534 4204 2603 4275 δε
2636 4174 3074 4274 πουλυκερδέιᾳ
3096 4205 3458 4275 πλανώμενοι

2302 4273 2741 4345 Ἶὸρυσάμεσθα
2760 4273 3051 4345 πημάτων
3071 4273 3451 4345 amputa-illiti}

2291 4343 2453 4398 Θεῶν
2481 4341 2774 4413 ἀπλάιμαϊ
2803 4341 2872 4399 die
2902 4347 3093 4401 λίθων
3115 4341 3183 4403 τὲ
3211 4341 3307 4403 καὶ
3327 4341 3516 4413 ξύλων

2295 4415 2372 4469 ’Ἠ
2393 4411 2854 4482 χρυσοτέὐκτων
2879 4414 2918 4485 ἢ
2953 4415 3342 4485 ’λεφαντὶνων
3366 4411 3574 4467 τύπους-

2148 4524 2539 4592 Quamobrem,
2566 4526 2696 4595 quia
2719 4527 2900 4581 nullus
2917 4526 3033 4593 jam
3066 4527 3220 4583 locus
3244 4533 3325 4583 est
3349 4527 3561 4578 censura
3578 4521 3646 4564 ω’

2149 4625 2276 4674 stre
2308 4617 2361 4670 in
2387 4617 2586 4671 πολλὸν
2622 4624 2681 4672 et
2714 4617 2984 4688 χαλκέων,
3011 4618 3119 4673 alia
3150 4618 3365 4676 aﬂeram
3393 4605 3647 4680 arguam!“

2148 4717 2390 4785 opqrtet,
2426 4722 2527 4762 cur
2554 4696 2829 4763 subdititii
2870 4709 3006 4765 sint.
3038 4708 3222 4765 Multis
3248 4720 3373 4762 sane
3399 4691 3642 4756 nomini“

2152 4814 2260 4853 tton
2291 4798 2470 4869 placet
2508 4797 2640 4852 illud
2674 4798 3092 4871 πουλυκερδειᾳ.
3121 4798 3253 4853 Nam
3277 4792 3417 4866 quid,
3446 4786 3643 4871 abusi”.

2153 4889 2287 4945 facit
2312 4888 2484 4942 πουλὺ
2513 4890 2568 4944 in
2594 4890 2878 4960 tragoedia:
2909 4869 3161 4947 diverbio
3178 4890 3202 4945 ε
3221 4896 3302 4946 est
3326 4882 3456 4940 enim
3482 4889 3535 4932 ex
3558 4869 3641 4960 do-

2154 4981 2295 5038 lecto
2342 4981 2546 5037 Ionica.
2594 4956 2777 5051 Neqite
2826 4996 2958 5037 vero
3001 4982 3121 5036 δεια
3170 4978 3440 5051 sponde“
3476 4967 3523 5022 ίη

2158 5072 2274 5146 [92]
2305 5082 2503 5145 quarta
2534 5073 2664 5129 ferri
2689 5048 2884 5145 potest
2908 5082 3097 5130 contra
3135 5048 3332 5131 morem
3360 5048 3640 5151 εοιιευοιιέάξξ

2159 5142 2391 5235 nemque
2418 5142 2799 5236 Tragicorum.
2855 5166 3215 5222 Theocritus:
3246 5160 3349 5220 Kal
3373 5142 3641 5236 φιλοκερδξίθ

2156 5230 2555 5329 βεϐλαμμένον.
2577 5257 2749 5330 ἄνδρα.
2799 5257 3111 5328 παρελθεῖν.
3135 5255 3316 5326 Neque
3328 5259 3472 5320 ροπο

2155 5324 2389 5419 apati;
2410 5349 2478 5403 de
2528 5324 2765 5407 avaritia
2798 5324 2977 5421 possis
2993 5324 3247 5419 accipere
3266 5355 3377 5400 cum
3408 5324 3638 5426 ίυίσῗῖῗ

2154 5411 2457 5497 Clementis
2492 5457 2507 5494 :
2538 5454 2730 5495 verum
2775 5411 2838 5496 ea
2893 5411 3165 5496 sententia
3222 5433 3429 5492 nimium
3466 5411 3636 5507 θυίδθξπ

2150 5535 2333 5601 inepta
2366 5541 2533 5600 atque
2554 5532 2791 5601 inlieeta,
2820 5533 2978 5603 quasi
3006 5533 3053 5588 si
3078 5527 3348 5603 prudentia
3362 5519 3462 5577 sive
3480 5506 3633 5603 ωικξιξ

2153 5598 2401 5680 homines
2434 5598 2491 5678 in
2532 5598 2785 5680 errorem
2812 5598 3130 5679 inciderint.
3179 5608 3500 5684 Πώυκὲρδίια
3525 5598 3633 5650 em“

2149 5726 2234 5773 est
2264 5716 2598 5789 πολυῖδρεια·
2630 5727 2689 5773 ιιι
2715 5717 2938 5789 L'lysscs
2974 5714 3330 5772 Homericus:
