3862 6318
451 369 558 432 737

451 487 623 560 Lycas
675 490 888 548 faciunt
934 495 1142 566 Αῑιιεαξ,
1178 498 1522 571 Pythagorae,
1563 503 1740 576 Lycas.
1799 509 2035 574 Quando
2068 549 2104 602 Α

451 593 642 637 nostra
677 585 889 640 ratione
921 588 1169 654 nomina,
1199 605 1320 659 quze
1368 595 1612 662 genitivo
1649 599 1700 650 in
1731 597 1775 650 E
1805 610 2030 666 excutit,

451 674 791 730 nominativo
823 677 864 728 Α
903 677 1209 748 liniuntur;
1243 691 1300 736 ut
1333 683 1587 740 Catilina:
1613 687 1877 745 Catilina.
1927 689 2034 745 Sed

451 764 568 820 lucc
598 763 786 820 Cra-ca
815 777 964 834 sunt,
989 771 1111 826 ideo
1137 773 1190 826 in
1226 775 1574 829 nominativo
1607 776 1647 830 S
1679 778 1916 833 litteram
1949 795 2035 834 re-

451 858 650 912 tinent.
690 857 949 925 Quaedam
986 871 1170 918 tamen
1223 865 1462 934 perdunt
1501 866 1540 922 S
1565 867 1804 924 litteram
1847 871 1903 924 in
1936 888 2037 927 no-

449 949 739 1014 minativo,
783 962 842 1004 ut
878 949 1088 1017 Nicaea,
1131 954 1360 1010 Medica.
1394 956 1543 1026 Ergo
1579 960 1633 1014 in
1665 961 1753 1017 his
1782 964 2037 1018 nomina—

448 1040 577 1094 tivis
613 1046 956 1100 consuetudo
987 1048 1257 1102 servanda
1289 1058 1394 1105 est.
1443 1050 1543 1106 Ubi
1588 1053 1879 1125 legendum
1925 1064 2033 1123 est,

451 1128 613 1186 Nicia
645 1146 700 1188 et
723 1135 940 1191 Demea.
966 1136 1099 1192 Vide
1128 1138 1306 1209 Epist.
1337 1155 1460 1213 pag.
1491 1141 1580 1197 85.

521 1223 618 1294 Ep.
651 1242 705 1296 p.
735 1227 823 1295 75,
855 1246 908 1283 v.
933 1229 1022 1284 55.
1051 1228 1157 1285 Sed
1177 1248 1452 1302 nusquam
1473 1235 1600 1290 alibi
1642 1245 1751 1292 tam
1777 1237 2035 1310 frequens

450 1331 640 1372 earum
671 1321 943 1376 vocalium
974 1321 1087 1395 [95]
1118 1325 1263 1379 inter
1291 1341 1349 1381 se
1374 1329 1705 1395 permutatio
1734 1338 1840 1396 est,
1869 1347 2034 1402 quam

451 1409 506 1463 in
547 1408 582 1462 2
606 1411 772 1467 codd.
805 1428 942 1470 mss.
977 1416 1141 1485 longe
1183 1417 1617 1488 antiquissimis,
1661 1421 2035 1480 Alexandrino

449 1515 562 1558 uno
590 1505 646 1558 in
680 1505 1014 1562 bibliotheca
1048 1509 1349 1582 llegia,qui
1378 1511 1590 1582 integra
1613 1514 1835 1570 exhibet
1863 1515 2036 1572 Biblia

448 1602 506 1648 et
535 1593 813 1663 Epistolas
843 1595 900 1651 S.
931 1597 1234 1657 Clementis
1283 1602 1352 1656 ad
1407 1603 1736 1662 Corinthios
1773 1623 1787 1660 :
1833 1607 2037 1663 Canta-

450 1683 713 1755 brigiensi
763 1695 948 1743 autem
1005 1690 1202 1758 altero,
1257 1693 1453 1749 mutilo
1485 1695 1710 1765 quidem
1754 1704 1807 1752 et
1839 1697 2036 1754 decur-

451 1785 597 1842 tato;
639 1781 842 1851 quippe
880 1783 972 1853 qui
1008 1785 1146 1838 Acta
1188 1783 1457 1840 duntaxat
1487 1787 1680 1843 habeat
1715 1796 1769 1844 et
1798 1803 2034 1860 evange-

1383 386 1477 444 DE
1509 387 1694 449 JOAN
1705 390 1750 449 Ν
1761 393 1830 450 IS
1865 393 2184 454 MALALE
2224 399 2876 468 CIIRONOGRAPHIA

3575 417 3652 484 738

3767 377 3778 462 ξ

2139 522 2294 570 tuum
2325 515 2765 589 Testamentum,
2790 524 2901 595 jam
2941 525 3064 582 fere
3095 525 3166 582 ad
3205 527 3506 587 umbilicum
3527 550 3657 601 usque
3767 521 3774 540 1

2139 607 2462 674 perductum
2503 629 2516 664 :
2568 628 2678 682 quo
2710 614 2764 668 in
2804 631 3000 688 Opere,
3031 619 3144 673 nisi
3191 634 3591 687 vererercoram
3617 627 3655 683 in

2136 711 2198 748 os
2229 706 2282 752 te
2317 698 2562 768 laudare,
2588 703 2830 761 dicerem
2858 712 3032 777 quam
3078 709 3251 780 longo
3282 714 3542 770 intervallo
3560 717 3658 772 alio-

2137 802 2256 841 rum
2284 791 2531 846 omnium
2568 795 2624 848 in
2656 811 2724 850 eo
2746 813 2947 868 genere
2987 799 3221 856 labores
3247 812 3368 874 post
3394 811 3444 858 te
3480 806 3659 874 relique-

2137 881 2233 934 ris.
2272 878 2346 934 Ea
2380 892 2637 953 typorum
2665 889 2937 958 elegantia
2971 899 3147 946 estet
3197 892 3594 963 magnificentia;
3616 913 3658 951 ea

2138 968 2192 1022 in
2217 969 2671 1031 adnotationibus
2688 979 2929 1036 eruditio
2960 981 3178 1044 elucet,
3205 982 3262 1035 in
3291 959 3660 1038 variislectioni-

2137 1060 2240 1117 bus
2278 1063 2555 1120 industria
2590 1085 2604 1120 :
2633 1069 2832 1140 quippe
2855 1072 3070 1127 etenim
3096 1072 3166 1127 ad
3193 1086 3314 1126 eam
3341 1075 3532 1142 copiam
3554 1090 3661 1129 eom-

2136 1154 2438 1220 parandam
2469 1159 2654 1214 omnia
2709 1158 2772 1214 S.
2803 1159 3038 1217 Patrum
3089 1165 3326 1232 scripta,
3366 1177 3537 1218 omnes
3556 1165 3659 1219 anti-

2135 1259 2279 1312 quas
2328 1248 2633 1317 versiones,
2681 1259 2738 1306 et
2782 1253 3065 1308 inﬁnitam
3113 1255 3227 1309 vim
3261 1253 3413 1310 codd.
3457 1271 3566 1310 mss.
3595 1271 3660 1310 cn.

2137 1335 2284 1392 riose
2319 1342 2640 1397 exeussisti.
2681 1331 2976 1401 Enimvero
3028 1347 3170 1400 mihi
3213 1347 3535 1402 stomachum
3567 1347 3658 1400 sob-

2139 1425 2264 1481 inde
2291 1440 2510 1485 movent
2538 1432 2774 1502 imperiti
2809 1434 3040 1506 quidam
3077 1435 3337 1491 homines
3364 1446 3413 1489 ct
3435 1435 3562 1490 nullo
3587 1452 3654 1492 usu

2136 1519 2403 1574 bonarum
2439 1523 2752 1578 litterarum
2803 1526 3049 1596 praediti,
3087 1525 3190 1596 qui
3222 1541 3432 1581 omnem
3472 1540 3656 1595 operam,

2137 1626 2259 1680 quia:
2290 1612 2345 1666 in
2381 1614 2552 1670 variis
2597 1615 2938 1672 lectionibus
2983 1617 3327 1688 colligendis
3373 1617 3655 1687 impenditur,

2137 1713 2230 1755 aut
2267 1703 2518 1760 inutilem
2544 1721 2668 1762 esse
2692 1708 3020 1763 existimant
3043 1718 3144 1764 aut
3176 1707 3432 1764 Ecclesia-
3456 1709 3658 1778 periculo-

2137 1807 2276 1847 sam.
2313 1794 2516 1851 Eorum
2547 1814 2648 1869 ego
2675 1813 2984 1864 sermones,
3011 1816 3339 1872 quanquam
3373 1801 3549 1871 indigni
3566 1810 3657 1856 sunt

452 1868 648 1937 listas;
693 1887 883 1928 verum
916 1874 1060 1930 idem
1102 1892 1130 1931 e
1171 1878 1396 1948 regione
1425 1887 1667 1933 ostentat
1703 1879 2036 1950 interpreta-
2072 1883 2112 1938 Β
2141 1899 2376 1954 quorum
2431 1889 2542 1943 ulla
2589 1868 2738 1946 ratio
2791 1868 3094 1956 habeatur,
3159 1868 3271 1946 uno
3323 1893 3376 1947 in
3434 1868 3657 1962 presenti:

452 1961 659 2016 tionem
701 1972 945 2020 veterem
984 1965 1235 2024 Latinam
1263 1968 1333 2023 ad
1365 1972 1592 2025 verbum
1625 1972 1693 2027 de
1715 1970 1909 2028 Graeco
1936 1990 2034 2029 ex-

453 2069 724 2124 pressam,
755 2056 1143 2128 dignissimam
1167 2077 1304 2118 sane
1327 2079 1450 2133 quae
1478 2078 1544 2119 ex
1572 2065 1848 2122 oblivione
1869 2075 2036 2136 atque

451 2149 697 2206 tenebris
728 2151 950 2206 tandem
1002 2153 1304 2224 aliquando
1336 2157 1389 2210 in
1420 2156 1598 2211 lucem
1629 2157 1851 2213 edatur.
1881 2158 2032 2229 Ser-

451 2249 653 2296 vantur
701 2244 866 2297 etiam
904 2243 1102 2300 Oxouii
1144 2247 1286 2301 Acta
1323 2249 1720 2318 apostolorum,
1755 2258 2035 2308 vetustate

450 2335 676 2403 quidem
720 2337 859 2406 pari,
895 2339 989 2392 sed
1030 2340 1286 2396 versione
1327 2342 1562 2396 multum
1594 2343 1852 2412 diversa;
1881 2353 1935 2400 et
1978 2345 2032 2399 in

449 2423 627 2478 Gallia
659 2424 899 2497 denique
927 2426 1182 2498 Epistulae
1206 2432 1388 2484 sancti
1424 2429 1606 2497 Pauli,
1638 2433 1730 2503 qui
1777 2433 1952 2489 codex
1979 2443 2035 2490 et

449 2517 782 2586 antiquitate
812 2527 868 2573 et
897 2519 1094 2575 Latina
1125 2523 1380 2577 versione
1421 2531 1587 2593 atque
1608 2525 1746 2580 adeo
1778 2525 2032 2597 Scriptu-

451 2625 523 2664 ra:
553 2618 607 2664 et
630 2611 931 2668 voluminis
954 2613 1130 2668 forma
1160 2613 1604 2686 Cantabrigiensi
1638 2628 1828 2674 nostro
1853 2621 2032 2676 simil-

449 2703 618 2756 limus
675 2710 761 2757 est
818 2711 872 2759 et
917 2706 1402 2774 germanissimus.
1433 2709 1614 2778 Atque
1663 2710 1778 2765 hazc
1809 2714 2029 2782 quidem

449 2794 578 2847 talia
606 2795 1103 2866 exemplaria,cum
1131 2799 1252 2854 aliis
1279 2801 1537 2857 omnibus
1561 2803 1741 2859 ubivis
1763 2805 2027 2874 gentium,

446 2885 594 2955 quod
627 2887 900 2953 sciamus,
937 2889 1099 2959 longe
1133 2892 1400 2962 longeque
1434 2902 1487 2948 et
1513 2894 1785 2965 dignitate
1813 2905 1867 2950 et
1895 2905 2034 2952 tem-

445 2994 580 3046 pore
616 2981 972 3046 antecedant,
1017 2984 1535 3056 neque‘quidquam
1573 2986 1736 3042 hodie
1785 2989 2030 3058 supersit

445 3070 628 3125 simile
651 3079 748 3125 aut
766 3073 1104 3141 secundum,
1121 3091 1246 3131 cum
1269 3077 1434 3132 tineis
1456 3080 1781 3149 (prohdolor
1804 3082 1844 3152 !)
1863 3090 2029 3152 atque

445 3163 701 3219 nittribus
728 3164 1032 3231 luctantur,
1059 3176 1255 3223 etutut
1286 3169 1354 3225 iis
1377 3171 1630 3226 incendia
1661 3175 2025 3244 pepercerint,

445 3257 567 3325 ipso
593 3258 750 3313 senio
789 3261 936 3314 intra
968 3277 1148 3318 annos
1193 3278 1403 3333 paucos
1434 3279 1542 3321 non
1577 3267 1740 3322 dubie
1781 3269 2026 3338 peritura

444 3355 596 3402 sunt.
620 3346 702 3402 Tu
735 3364 889 3417 vero,
915 3350 1049 3406 Milli
1089 3351 1438 3421 doctissime,
1472 3357 1567 3427 qui
1593 3359 1839 3414 omnium
1877 3375 2024 3416 mor-

443 3437 640 3494 talium
675 3441 915 3498 maxime
947 3443 1002 3498 in
1033 3459 1101 3500 eo
1155 3445 1344 3502 studio
1387 3457 1640 3505 versatus
1675 3465 1758 3515 es,
1789 3467 1896 3506 non
1935 3469 2027 3523 pa-

443 3532 601 3587 tieris
639 3531 783 3590 hanc
813 3534 1034 3591 laudem
1064 3538 1162 3593 tibi
1194 3540 1436 3612 praeripi,
1471 3542 1565 3598 sed
1600 3545 1905 3600 maturabis
1934 3561 2027 3601 ve-

443 3624 690 3679 neranda
745 3626 838 3682 illa
880 3629 1116 3699 pignora
1157 3639 1210 3686 et
1243 3645 1604 3688 monumenta
1648 3637 1944 3694 vetustatis
1995 3654 2026 3693 a

441 3714 554 3770 situ
583 3727 638 3771 et
678 3717 909 3774 interitu
964 3721 1272 3777 vindicare.
1301 3722 1521 3781 Scimus
1563 3728 1710 3782 enim
1751 3735 1804 3784 te
1830 3729 2024 3785 horum

441 3805 688 3861 omnium
725 3807 1021 3865 editionem
1059 3811 1398 3882 instituere,i
1431 3829 1554 3886 quae
1576 3833 1683 3872 una
1726 3820 1924 3890 pagina
1973 3830 2028 3877 et

441 3896 497 3951 in
526 3913 638 3952 uno
665 3910 970 3972 conspectu
1006 3902 1257 3959 codicem
1295 3904 1456 3963 Alex.
1501 3908 1599 3978 qui
1631 3908 1894 3965 familiam
1921 3912 2053 3967 du--

439 3997 550 4055 cct,
590 3997 646 4046 et
682 3991 1203 4064 Cantabrigiensem
1250 4011 1376 4052 cum
1415 4000 1674 4056 versione
1702 4015 1824 4064 sua,
1862 4009 2028 4071 atque

441 4079 535 4135 ubi
563 4081 652 4138 hic
681 4080 893 4151 deﬁcit,
925 4083 1298 4146 Oxoniensem
1339 4090 1602 4162 deinceps
1647 4100 1816 4162 atque
1855 4091 2028 4147 Galli-

437 4188 567 4230 cum
605 4187 966 4246 reprcsentet
992 4196 1006 4234 :
1037 4197 1161 4250 quae
1188 4181 1437 4252 singulas
1468 4181 1683 4239 litteras
1714 4192 1878 4254 atque
1910 4186 2026 4255 api-

437 4282 533 4325 ces
564 4271 986 4341 exemplarium,
1019 4273 1186 4329 etiam
1238 4272 1329 4328 ubi
1372 4289 1403 4328 a
1450 4273 1692 4330 librariis
1735 4287 2023 4344 peccatum

436 4371 542 4428 est,
569 4372 828 4419 accurate
849 4375 903 4420 et
925 4366 1182 4436 religiose
1205 4368 1602 4439 subsequatur.
1626 4367 1772 4422 Nihil
1799 4369 1874 4423 illi
1896 4384 2027 4439 pur-

437 4471 590 4525 purae
620 4464 880 4513 assuetur
908 4456 1151 4515 discolor
1189 4468 1286 4516 aut
1309 4461 1623 4526 diversum;
1654 4461 1817 4515 nulla:
1849 4461 2024 4516 inter-

439 4549 792 4617 punctiones,
826 4551 990 4606 nulla:
1017 4559 1160 4606 nota:
1186 4559 1542 4615 accentuum,
1576 4567 1810 4622 quorum
1840 4553 2023 4608 omnis
2057 4574 2099 4628 ι)

438 4640 601 4695 hodie
625 4642 772 4696 ratio
803 4651 1140 4713 praepostera
1164 4651 1248 4698 est
1278 4653 1444 4713 atque
1472 4658 1730 4714 perversa
1762 4661 1776 4697 :
1801 4643 1937 4698 adeo
1965 4651 2027 4698 ut

437 4731 533 4801 qui
583 4743 731 4787 tuam
764 4733 1066 4792 editionem
1117 4736 1226 4792 sibi
1276 4735 1703 4806 comparaverit,
1761 4734 1880 4804 ipsa
1934 4735 2025 4789 illa

439 4824 842 4890 propemodum
897 4826 1195 4896 archetypa
1266 4841 1494 4883 versare
1546 4827 1810 4881 manibus
1863 4834 2030 4897 atque

438 4913 620 4968 oculis
651 4929 920 4983 usurpare
952 4915 1227 4972 videatur.
1261 4917 1336 4972 Ea
1389 4933 1478 4975 res
1529 4918 1684 4982 olim,
1725 4923 1786 4972 ‘ut
1816 4930 2025 4974 certum

435 5011 524 5060 est
555 5005 878 5074 augurium,
910 5014 964 5060 et
992 5006 1291 5062 Britanniae
1323 5016 1526 5062 nostra:
1561 5007 1842 5079 splendori
1901 5007 2026 5069 erit,

437 5103 493 5153 et
529 5098 792 5153 Ecclesia:
845 5098 1162 5168 praesidio:
1213 5107 1339 5154 tuos
1391 5113 1522 5154 vero
1563 5101 1759 5170 utique
1809 5099 2031 5154 labores

437 5189 804 5262 amplissimis
861 5191 1101 5262 prasmiis
1142 5188 1256 5264 [96]
1295 5199 1463 5263 atque
1508 5191 1810 5247 immortali
1855 5192 2028 5263 gloria

438 5284 845 5358 compensabit.
878 5282 1056 5338 Macte
1097 5283 1202 5339 ista
1243 5283 1447 5354 pietate
1467 5289 1524 5338 et
1548 5283 1833 5354 diligentia
1885 5290 2026 5340 esto.

439 5376 499 5433 in
532 5389 582 5434 te
597 5393 790 5434 omnes
809 5392 906 5432 ora
940 5385 1110 5449 atque
1134 5375 1331 5432 oculos
1351 5375 1755 5439 convertimus,
1785 5384 1839 5431 te
1860 5391 2027 5429 unum

441 5472 498 5526 in
530 5470 634 5528 hoc
674 5469 1020 5526 curriculum
1059 5483 1322 5524 vocamus
1355 5484 1368 5521 :
1406 5467 1510 5538 ipsi
1541 5465 1763 5522 codices
1789 5466 2028 5521 celerem

441 5570 594 5616 tuam
628 5576 789 5633 opem
824 5559 1120 5629 implorant
1148 5566 1203 5614 et
1229 5556 1477 5627 ﬂagitant
1507 5575 1521 5610 :
1549 5555 1681 5626 quid
1705 5569 1898 5611 cessas
1933 5569 2033 5626 per

443 5653 656 5710 medias
723 5654 921 5710 laudes
983 5660 1038 5707 et
1106 5650 1412 5706 faventium
1487 5649 1719 5720 plausus
1780 5648 2032 5705 secundo

445 5756 668 5799 rumore
721 5742 971 5812 ingredi?
1007 5741 1089 5796 Tu
1127 5755 1281 5803 vero,
1337 5747 1396 5794 ut
1437 5739 1688 5810 polliceri
1723 5741 1792 5794 de
1823 5747 1879 5796 te
1903 5753 2028 5810 pos-

445 5847 592 5900 sum,
630 5834 800 5890 facies
839 5835 890 5889 id
947 5834 1177 5900 scdulo;
1212 5833 1378 5890 simul
1414 5841 1579 5905 atque
1627 5832 1795 5888 exibit
1819 5832 2028 5890 Novum

2055 3219 2098 3279 C

2133 5829 2390 5903 cognosci
2437 5842 2600 5902 posse
2629 5845 2642 5884 :
2671 5836 2728 5887 ct
2768 5831 2998 5901 proinde
3031 5847 3115 5891 me
3145 5836 3371 5906 paratum
3399 5829 3450 5873 οε

2136 1981 2386 2050 exemplo
2418 1983 2706 2038 rotundam
2739 2002 2752 2038 :
2809 2000 2923 2055 quo
2967 1987 3335 2057 perspicuum
3375 1987 3465 2040 erit
3502 1985 3655 2039 minuta

2136 2072 2387 2141 quaedam
2435 2082 2488 2128 et
2536 2075 2713 2145 prima
2764 2077 2956 2148 utique
3000 2079 3199 2150 specie
3236 2078 3494 2132 levissima
3537 2091 3655 2146 posse

2137 2178 2364 2234 magnas
2392 2163 2746 2224 difﬁcultates
2789 2169 3079 2237 expedire.
3109 2168 3296 2225 Locus
3325 2179 3518 2238 estcap.
3545 2184 3585 2222 ir
3607 2169 3646 2221 in

2136 2253 2311 2324 Epist.
2344 2257 2411 2311 ad
2450 2256 2699 2324 Galatas,
2729 2261 2826 2332 qui
2851 2261 2920 2316 ah
2953 2265 3192 2317 ineunte
3231 2261 3346 2317 fere
3391 2259 3638 2340 Christiani-

2137 2362 2256 2402 smo
2284 2364 2461 2418 usque
2507 2349 2575 2404 ad
2627 2351 2770 2407 hanc
2801 2355 3132 2409 memoriam
3189 2354 3511 2409 doctissimos
3537 2352 3640 2405 viros

2135 2440 2383 2492 exercuit
2414 2456 2427 2492 :
2451 2439 2544 2496 29..
2577 2439 2893 2512 Γέγραπται
2919 2445 3034 2516 γὰρ
3059 2447 3144 2500 ὅτι
3168 2443 3416 2515 ’Δὸραὰμ
3445 2440 3521 2494 δύο
3542 2441 3647 2502 υἱοὺς

2135 2524 2313 2596 ἔσχενο
2345 2527 2440 2580 ἕνα
2471 2530 2534 2583 ὲκ
2563 2533 2662 2601 τῆς
2701 2532 3018 2602 παιδίσκης,
3050 2536 3149 2588 καὶ
3177 2534 3278 2588 ἕνα
3308 2534 3369 2585 ἐκ
3394 2533 3479 2601 τῆς
3495 2529 3651 2581 ἐλευθέ-

2135 2634 2256 2688 ρας.
2303 2617 2394 2673 25.
2427 2618 2569 2672 Ἀλλ’
2599 2623 2628 2676 ὁ
2655 2623 2752 2692 μὲν
2787 2625 2850 2677 ὲκ
2881 2627 2980 2695 τῆς
3015 2625 3339 2694 παιδίσκης,
3373 2622 3497 2676 κατὰ
3521 2620 3649 2689 σάρκα

2132 2708 2475 2780 γεγέννηται·
2502 2713 2531 2764 ὁ
2561 2711 2620 2765 δὲ
2648 2714 2713 2766 ὲκ
2745 2714 2846 2785 τῆς
2889 2715 3214 2788 ἐλευθέρας,
3244 2715 3331 2769 διὰ
3359 2713 3448 2782 τῆς
3473 2715 3653 2778 ἐπαγγε-

2131 2797 2271 2861 λίας.
2324 2799 2414 2852 24.
2459 2800 2656 2855 ’Δτινά
2687 2804 2836 2857 ἐστιν
2893 2805 3368 2878 ἀλληγορούμενα·
3401 2797 3536 2856 αὗται
3574 2800 3650 2868 γάρ

2132 2891 2268 2944 εἰσιν
2296 2892 2352 2942 ai
2381 2891 2474 2944 δύο
2505 2892 2786 2964 διαθῆκαιο
2822 2895 2920 2966 μία
2971 2897 3078 2968 μὲν
3110 2899 3224 2953 ἀπὸ
3272 2897 3423 2967 ὅρους
3452 2893 3573 2954 Emi.
3597 2893 3652 2952 είς

2129 2979 2374 3035 δουλείαν
2395 2983 2662 3052 γεννῶσα,
2680 2987 2804 3058 ἥτις
2821 2989 3187 3063 ὲστὶνἋγαρ.
3215 2989 3304 3045 25.
3328 2987 3396 3041 Τὸ
3422 2985 3650 3055 γὰρἈγαρ

2131 3073 2260 3126 Σινᾶ
2288 3073 2413 3146 ὅρος
2440 3076 2588 3130 ἔστιν
2617 3078 2676 3130 ὲν
2715 3079 2782 3150 τῆ
2820 3079 3075 3154 Ἀραϐίᾳ,
3127 3081 3401 3150 συστοιχεῖ
3425 3077 3474 3131 δὲ
3505 3079 3560 3147 τῇ
3585 3073 3651 3126 νῦν

2146 3164 2520 3240 Ἰερουσαλὴμ,
2564 3169 2807 3226 δουλεύει
2841 3173 2898 3227 δὲ
2949 3177 3094 3245 μετὰ
3141 3175 3252 3230 τῶν
3279 3175 3468 3228 τέκνων
3505 3165 3646 3234 αὐτῆςο

2133 3255 2223 3312 26.
2258 3257 2322 3312 Ἡ
2351 3259 2408 3313 δὲ
2430 3261 2544 3315 ἄνω
2575 3259 2932 3336 Ἰερουσαλὴμ
2959 3267 3231 3340 ἐλευθέρα
3254 3267 3414 3326 ἐστὶν,
3445 3263 3546 3333 ἥτις
3567 3256 3651 3310 ἐστὶ

2137 3350 2322 3422 μήτηρ
2367 3350 2588 3406 πάντων
2631 3354 2811 3425 ἡμῶν,
2846 3355 3073 3413 Memini
3125 3357 3401 3430 equidem,
3433 3349 3558 3408 Milli.
3586 3359 3646 3400 me

2133 3459 2242 3498 non
2283 3444 2358 3501 ita
2376 3444 2590 3520 pridem
2629 3460 2662 3501 ι
2691 3455 2744 3503 te
2773 3460 3056 3520 rogatum,
3083 3459 3145 3506 ut
3183 3454 3253 3504 de
3281 3441 3553 3518 perdidicili
3577 3438 3649 3490 hoc

2135 3533 2256 3588 loco
2300 3517 2570 3605 judicium
2623 3553 2807 3593 meum
2879 3541 3314 3612 interponerem,
3362 3536 3648 3591 vehementer

2133 3630 2480 3696 approbasse
2499 3631 2832 3687 sententiam
2864 3640 3039 3698 tuam,
3078 3649 3246 3706 quam
3281 3633 3334 3686 in
3360 3630 3541 3685 illatua
3561 3618 3648 3676 edi-

2135 3720 2285 3776 tione
2333 3723 2591 3792 posuisti.
2657 3722 2847 3795 Neque
2879 3725 3024 3780 enim
3077 3725 3335 3782 crinalem
3371 3727 3573 3776 montem
3609 3717 3647 3764 ει

2133 3811 2368 3880 Agarem
2403 3823 2656 3870 vocatum
2681 3831 2804 3872 esse
2830 3825 2885 3871 et
2917 3816 3134 3882 Sinam,
3160 3832 3336 3888 neque
3362 3827 3476 3868 vero
3520 3804 3646 3860 ullum

2134 3915 2369 3971 usquam
2416 3904 2664 3973 gentium
2704 3921 2771 3962 eo
2804 3907 3026 3964 nomine
3058 3917 3310 3966 notatum
3340 3917 3492 3992 esse.‘
3515 3907 3645 3992 neque

2133 4005 2301 4062 porro
2327 3993 2562 4063 Agarem
2588 4009 2800 4050 servam
2830 3997 2898 4068 (si
2931 3996 3000 4052 de
3021 4012 3184 4054 serva
3217 3995 3366 4052 malit
3394 3987 3493 4064 [97]
3534 3987 3646 4055 quis-

2135 4085 2304 4154 piam,
2333 4100 2498 4154 quam
2525 4087 2592 4141 de
2612 4096 2798 4142 monte
2834 4089 3106 4160 accipere)
3144 4091 3202 4145 in
3235 4088 3416 4144 eadem
3443 4075 3643 4147 allegoria

2132 4185 2190 4232 et
2219 4178 2389 4231 monti
2432 4179 2772 4250 respondere
2814 4195 2998 4252 posse,
3027 4190 3082 4238 et
3125 4183 3231 4254 legi
3263 4193 3380 4252 qua
3413 4189 3470 4230 ex
3504 4175 3642 4223 monte

2133 4270 2476 4341 Ρτοωυιεειιι
2500 4279 2584 4327 est
2613 4289 2627 4327 :
2660 4284 2831 4344 atque
2857 4274 2944 4330 his
2961 4275 3032 4332 de
3053 4277 3241 4330 causis
3261 4275 3315 4330 in
3337 4271 3525 4325 diversa
3543 4272 3642 4316 con-

2132 4362 2256 4417 silia
2288 4363 2424 4418 itum
2459 4378 2584 4421 esse
2625 4365 2696 4420 ab
2741 4366 3007 4436 antiquis,
3033 4382 3269 4437 quorum
3301 4363 3386 4416 alii
3421 4353 3544 4413 Σινᾶ,
3569 4344 3638 4404 sed

2132 4455 2316 4524 Ρ¹“¹“θ⁸
2376 4454 2452 4508 Τδ
2475 4455 2584 4526 γὰρ
2617 4457 2793 4528 Ἅγαρ
2816 4473 2847 4513 e
2873 4458 3029 4514 libris
3053 4458 3392 4515 sustulerunt
3418 4467 3432 4503 :
3459 4451 3638 4514 quin".

2131 4551 2242 4599 tem
2261 4553 2452 4600 nostra
2475 4556 2529 4599 et
2556 4543 2780 4600 Patrum
2811 4549 3077 4603 memoria
3101 4549 3202 4604 viri
3233 4540 3402 4612 magni
3425 4539 3636 4629 commen'

2131 4636 2228 4690 tati
2264 4646 2414 4704 sunt,
2445 4645 2656 4692 tantum
2691 4643 2889 4695 abesse
2927 4650 2985 4695 ut
3015 4641 3196 4695 locum
3227 4635 3422 4692 faciant
3453 4623 3632 4692 explici'

2130 4728 2351 4796 tiorem,
2396 4738 2455 4783 ut
2487 4729 2650 4784 novis
2695 4732 2864 4786 etiam
2921 4729 3356 4789 obscuritatibus
3395 4713 3630 4775 iniolvanio

2129 4821 2250 4888 Qua
2293 4821 2514 4892 quidem
2545 4823 2858 4887 occasione,
2888 4838 2958 4878 ne
3005 4824 3230 4878 omnino
3271 4807 3542 4885 ἁσὺμὸολος
3573 4812 3636 4852 6³⁸

2130 4931 2271 4984 sem,
2305 4903 2707 4983 conjecturam,
2746 4923 2807 4970 ut
2843 4915 2979 4981 scis,
3019 4911 3432 4986 extemporalem
3473 4901 3520 4954 in
3552 4903 3632 4944 ωο·

2129 5006 2280 5062 dium
2317 5006 2498 5070 attuli,
2527 5020 2651 5076 quae
2689 5007 2856 5062 etiam
2904 5015 3020 5062 tum
3045 5009 3163 5064 visa
3206 5015 3286 5063 est
3321 4999 3382 5056 ad
3407 4991 3630 5090 ὀξξίξξέξξ

2132 5095 2384 5165 proxime
2432 5065 2722 5150 accedere.
2779 5091 3004 5150 Scilicet
3043 5109 3073 5151 e
3119 5093 3336 5167 regione
3372 5077 3502 5141 Verbi

2133 5153 2432 5242 adnotasse
2459 5185 2591 5240 olim
2627 5186 2942 5256 quempiam
2968 5153 3328 5240 enarrationis
3345 5182 3515 5232 causa,
3533 5153 3631 5256 Eni

2131 5275 2256 5344 ὅρος
2289 5274 2436 5330 ἐστὶν
2457 5276 2516 5330 ιν
2560 5252 3076 5347 τῇ-Ἇραδίᾳνεὲιιι
3101 5277 3223 5341 iste,
3261 5282 3398 5344 qum
3421 5252 3625 5316 Wm’“

2132 5367 2444 5438 Apostolus,
2473 5384 2624 5423 mons
2656 5369 2872 5423 Arabia
2899 5380 3017 5433 est;
3047 5383 3111 5423 ea
3153 5378 3329 5424 autem
3355 5352 3500 5414 verba
3546 5349 3624 5442 Ιξοξ

2134 5459 2311 5556 multo
2369 5468 2516 5560 post,
2545 5468 2623 5562 ut.
2655 5473 2801 5530 saepe
2851 5476 2952 5563 usu
2989 5461 3160 5564 venit,
3185 5460 3249 5516 de
3279 5450 3397 5569 lilii

2133 5550 2187 5606 in
2251 5550 2558 5608 orationem
2611 5550 2788 5622 ipsam
2855 5551 3150 5622 irrepsisse
3209 5569 3224 5607 :
3278 5558 3392 5603 nam

2131 5645 2352 5714 quidem
2381 5657 2446 5701 ea
2473 5657 2584 5698 non
2622 5620 2769 5710 esse,
2809 5641 2904 5700 sed
2940 5620 3508 5716 τέαρεμσώλημιναοοὲ

2133 5699 2315 5792 statim
2346 5736 2500 5792 vultu
2528 5744 2584 5792 et
2613 5736 2800 5799 colore
2827 5699 3113 5810 totiusque
3152 5737 3284 5794 adeo
3312 5713 3520 5794 corP°"i‘
3547 5699 3617 5759 mo

2133 5829 2388 5867 ,ιηηηηιυί
2437 5842 2600 5867 ηηαειι
2630 5845 2642 5858 ο
2671 5836 2722 5867 nl
2769 5831 2998 5867 nrninll-
3032 5847 3114 5867 η..
3148 5836 3371 5867 murum
3399 5821 3502 5867 esse
3522 5793 3615 5855 ‘6"
