3862 6318
30 397 144 460 '91
1488 389 1838 457 'NOTITIA.
3083 443 3086 446 ‹
3209 395 3318 460 798

29 506 234 558 "illa.
273 502 486 576 Incipit
515 526 528 561 :
555 502 956 560 ’Δποστολικῶν
1010 500 1301 573 ἐγκωμίων
1350 501 1554 572 ὲφάπτε

1792 520 1872 575 ag.
1917 505 2043 561 155.
2089 503 2257 562 FABI.
2290 504 2452 562 Conf.
2489 519 2680 576 supra,
2725 505 2836 563 vol.
2885 503 2956 575 Χ,
2991 521 3046 579 p.
3079 507 3204 564 541.
3265 535 3317 550 -

30 594 280 652 ’Lorent.
335 595 394 650 in
448 595 576 652 cod.
609 593 873 650 Laurent.
907 593 1000 659 55,
1037 609 1089 647 ιι.
1121 593 1212 658 41,
1248 593 1386 665 plut.
1426 593 1481 648 9.
1523 593 1555 644 ν

1791 593 1866 648 in.
1903 592 1941 648 l.
1987 609 2039 650 c.
2085 591 2127 648 i.
2161 608 2215 662 p.
2257 592 2388 650 457.
2429 621 2496 635 -
2528 591 2722 660 Paris,
2765 595 2824 650 in
2874 603 3112 665 quatuor
3151 592 3311 652 codd.

27 685 171 739 silol.
209 683 381 753 pubi.
415 681 590 738 iisut.
622 680 874 737 Galland.
910 698 963 752 p.
1000 681 1124 737 156.

115 793 197 845 1'5.
227 791 555 861 Ἐγκώμιον
603 792 683 851 είς
713 792 806 845 τὸν
846 791 1002 866 ἅγιον
1047 790 1512 862 μεγαλομάρτυρα
1561 790 1640 842 Fel

1788 805 1856 842 ιν.
1918 787 1985 842 ιιι
2033 797 2280 843 sanctum
2344 799 2637 860 martyrem
2701 805 2950 860 magnum
3011 787 3313 859 Georgium.

28 882 233 949 ncipit
261 899 278 933 :
316 881 438 934 Ἀεὶ
473 880 571 950 μὲν
598 880 829 950 λαμπρὰ
861 880 957 932 καὶ
984 879 1338 949 πανεύφημα,
1365 893 1485 950 pag.
1522 879 1545 931 1

1797 879 1908 932 itur
1947 878 2113 934 etiam
2145 879 2200 934 in
2242 879 2391 933 Actis
2429 891 2735 934 sanctorum
2783 888 2918 946 tom.
2972 877 3060 941 iii,
3111 877 3317 948 Aprilis

29 984 163 1038 mg.
189 983 293 1031 ιι,
332 983 364 1021 e
387 983 492 1022 ms.
530 965 817 1024 Vaticano.
851 966 956 1021 Sed
995 975 1240 1020 extrema
1282 981 1408 1036 pars
1453 965 1617 1034 hujus
1645 965 1904 1027 homiliae,
1939 976 2148 1024 tantum
2198 965 2390 1022 Latine
2415 975 2594 1022 exstat
2633 967 2775 1036 apud
2826 967 3226 1036 Lipomaunum
3259 975 3315 1019 et

25 1055 273 1108 Surium
302 1054 378 1108 25
407 1054 579 1123 April.
614 1053 677 1107 In
700 1054 985 1123 plerisque,
1010 1053 1187 1122 inquit
1216 1053 1582 1108 Combelisius
1612 1069 1662 1122 p.
1695 1052 1823 1113 358,
1853 1052 2021 1123 Regio
2047 1053 2238 1108 codice
2271 1069 2426 1120 usus,
2461 1055 2780 1124 corrigimus
2804 1052 3122 1122 Lipomanui
3144 1053 3310 1106 inter-

26 1153 260 1205 aretem,
323 1157 418 1196 seu
466 1143 639 1209 potius
689 1156 876 1195 noram
909 1141 1196 1195 versionem
1227 1141 1574 1204 adornamus,
1611 1150 1666 1194 ut
1689 1151 1763 1195 est
1786 1140 1876 1194 ille
1902 1157 2085 1195 revera
2107 1141 2282 1196 minus
2308 1152 2616 1208 accuratus,
2647 1151 2752 1197 etc.
2805 1141 2972 1195 Pun.
3033 1139 3094 1194 V.
3123 1155 3312 1210 supra,

26 1234 150 1284 τοι.
184 1228 262 1292 X,
297 1247 356 1300 p.
387 1231 518 1286 230.
556 1259 627 1271 —
657 1225 723 1284 In
739 1229 864 1284 cod.
897 1227 1132 1283 Naninn.
1154 1229 1260 1284 220
1294 1231 1407 1300 (qui
1441 1230 1685 1284 continet
1729 1243 1994 1292 canones,
2046 1230 2323 1297 troparia,
2358 1228 2614 1300 hymnos,
2665 1230 2793 1284 lect.
2837 1238 2892 1282 et
2941 1228 3312 1290 narrationes,

26 1319 366 1372 recitandas
421 1318 511 1372 die
569 1316 710 1371 festo
759 1315 816 1370 8.
854 1315 1116 1381 Georgii),
1174 1333 1228 1370 ιι.
1263 1317 1315 1378 6,
1365 1315 1596 1371 Andreae
1643 1317 1964 1371 Encomium
2018 1318 2073 1372 in
2126 1317 2458 1388 Georgium;
2519 1318 2614 1372 sed
2673 1317 2862 1387 incipit
2903 1332 2918 1368 :
2959 1316 3151 1380 Ἥλιος
3216 1315 3318 1386 μὲν

25 1406 287 1474 ἑκάστης
317 1405 554 1481 ἀνίσχων
579 1405 818 1475 ἡμέρας.
863 1402 922 1457 γ.
953 1404 1076 1460 Cat.
1095 1403 1266 1458 Codd.
1296 1403 1390 1458 Gr.
1411 1403 1544 1456 Nani

1784 1403 1881 1458 I12.
1913 1435 1984 1449 —-
2005 1403 2182 1462 Paris.
2208 1405 2261 1459 in
2285 1405 2411 1460 cod.
2445 1405 2690 1467 1107,ιι.
2723 1404 2928 1466 1,bibl.
2950 1404 3101 1472 pubi.
3138 1403 3309 1459 11Αιι..

116 1499 200 1552 14.
241 1497 559 1568 Ἐγκώμιον
586 1499 668 1560 είς
684 1497 775 1550 τὸν
801 1499 948 1550 ὅσιον
984 1497 1201 1568 πατέρα
1226 1496 1383 1566 ἡμῶν
1411 1497 1641 1550 Νικόλαο

1789 1515 1815 1550 ν
1839 1499 1939 1568 τῆς
1966 1499 2023 1552 ὲν
2054 1497 2233 1569 Λυκίᾳ
2265 1497 2485 1569 Μύρης.
2524 1497 2582 1551 lu
2621 1497 2682 1552 S.
2714 1495 3028 1560 Nicolaum,
3092 1493 3314 1564 Myren-

24 1601 148 1638 sern
174 1586 232 1637 in
270 1584 438 1654 Lycia
474 1587 796 1654 episcopum.
840 1583 1078 1655 incipit:
1140 1584 1430 1655 Ἄνθρωπε
1469 1600 1549 1637 ’το

1798 1587 1891 1638 καὶ
1937 1585 2211 1655 θεράπων,
2259 1601 2313 1655 p.
2365 1585 2490 1641 188.
2546 1584 2714 1640 Fann.
2758 1583 2820 1639 V.
2859 1598 3049 1654 supra.
3083 1583 3193 1637 vol.
3241 1580 3308 1646 Χ,

29 1687 168 1739 pag.
197 1672 315 1727 298
345 1687 462 1740 seq.
492 1701 562 1714 --
587 1671 763 1729 Paris.
799 1674 851 1728 in
887 1673 1138 1743 quinque
1183 1671 1345 1725 codd.
1393 1672 1525 1726 bibl.
1559 1669 1707 1740 pubi.
1733 1696 1808 1708 —-
1833 1666 1886 1721 in
1921 1667 2049 1721 cod.
2078 1667 2315 1721 Coislin.
2347 1668 2471 1732 105,
2515 1683 2572 1722 ιι.
2611 1683 2671 1721 ιι.
2727 1665 2788 1718 ν.
2830 1664 3134 1721 Montl'auc.
3167 1661 3310 1718 Bibl.

31 1754 239 1811 σοῖσι..
277 1770 332 1825 p.
364 1756 490 1810 179.
523 1785 595 1798 -
620 1755 846 1810 Taurini
870 1757 925 1810 in
949 1756 1075 1810 cod.
1105 1755 1232 1820 520,
1263 1753 1471 1808 1³υ1.44.
1516 1753 1556 1807 γ

1263 1753 1471 1808 NL“.
1516 1753 1580 1809 V.
1603 1753 1779 1809 Calai.
1811 1752 1977 1808 codd.
2004 1751 2102 1807 Gr.
2131 1751 2303 1809 Taur.
2333 1769 2388 1823 p.
2430 1752 2555 1808 399.
2585 1752 2757 1809 ΙΙΑιιι..

116 1868 206 1934 15,
236 1867 324 1929 16.
353 1868 443 1924 17.
477 1869 574 1933 Εἰς
603 1869 695 1924 τὸν
719 1872 987 1942 μακάριον
1014 1870 1296 1925 Πατάπιον
1323 1869 1416 1924 καὶ
1435 1871 1635 1941 μερικὴ
1664 1869 1773 1924 τῶν
1799 1869 2097 1940 Θαυμάτων
2123 1867 2290 1924 αὑτοῦ
2317 1870 2590 1942 διήγησις.
2623 1868 2687 1924 In
2713 1869 2776 1924 Β.
2811 1867 3118 1937 Patapium,
3151 1866 3312 1938 cujus

33 1955 373 2011 memoriam
425 1957 682 2012 recolunt
725 1956 897 2013 Graeci
931 1959 964 2013 8
1004 1957 1292 2013 Decembr.
1346 1957 1544 2027 incipit

1785 1957 2039 2028 λαμπρὰν
2092 1959 2190 2013 καὶ
2236 1959 2622 2030 πνευματικὴν
2675 1957 2788 2030 δρῶ
2843 1959 2943 2030 τὴν
2998 1958 3310 2028 πανήγυριν

33 2058 171 2114 pag.
215 2043 340 2099 196.
375 2043 624 2115 Eiusque
680 2047 1078 2101 miraculorum
1134 2045 1488 2116 particularis
1543 2061 1558 2099 ι

1783 2070 1806 2100 ι.
1843 2046 2043 2116 Incipit
2083 2064 2099 2102 :
2143 2047 2256 2116 Τὴν
2285 2046 2396 2100 τῶν
2427 2040 2727 2117 ἐγκωμίων
2758 2044 2914 2099 τοῦδε
2954 2044 3046 2100 τοῦ
3092 2045 3308 2114 Πατρδς

37 2130 427 2195 ἀιτοδώσαντες
463 2132 763 2203 εὐφημίαν,
804 2148 928 2203 pag.
961 2132 1088 2187 206.
1125 2131 1289 2186 Aliud
1319 2131 1562 2187 encomit

1785 2132 1907 2187 dem
1939 2132 2182 2203 Patapii,
2204 2135 2313 2188 ἀπὸ
2347 2134 2538 2206 φωνῆς
2583 2133 2835 2204 Ἀνδρέου
2872 2133 3307 2204 άρχιεπισκόπου

39 2217 296 2288 Κρήτης,
342 2219 579 2290 incipit:
619 2219 800 2273 Πάντα
848 2219 1127 2273 πιστεύειν
1165 2221 1315 2287 eam
1341 2221 1408 2274 τά
1442 2219 1564 2272 ὅντα

1785 2260 1789 2278 .
1822 2233 1948 2290 pag.
1980 2218 2109 2274 216.
2141 2219 2308 2276 Fun.
2353 2220 2417 2274 V.
2451 2235 2640 2290 supra,
2694 2220 2749 2274 in
2802 2218 2913 2275 vol.
2942 2216 3012 2284 Χ,
3040 2231 3166 2290 pag.
3203 2214 3310 2272 504

51 2319 167 2374 κει.
200 2305 379 2362 Paris.
419 2307 473 2361 in
501 2307 628 2362 cod.
665 2307 796 2362 bibi.
832 2307 986 2376 pubi.
1017 2307 1178 2373 1458,
1221 2325 1274 2361 ιι.
1310 2309 1378 2362 15
1415 2315 1468 2362 et
1501 2307 1576 2362 11.

1240 2325 1274 2361 ι.
1310 2309 1378 2362 15
1415 2307 1586 2362 etii.
1627 2304 1805 2362 HABL.
2763 2340 2765 2342 -

127 2418 213 2472 18.
242 2419 412 2488 Λόγος
437 2421 518 2482 είς
551 2420 643 2474 τὸν
677 2419 1019 2491 ἀνθρώπινον
1057 2420 1191 2490 βίον,
1223 2421 1319 2475 καὶ
1343 2421 1422 2485 είς
1451 2421 1576 2484 τοὺς
1606 2438 1652 2474 κι

1779 2421 1995 2484 θέντας.
2031 2420 2098 2475 1η
2131 2421 2297 2476 vitam
2333 2421 2626 2476 humanam
2659 2430 2708 2475 et
2734 2419 3035 2489 defunctos.
3063 2415 3262 2487 incipit
3289 2433 3301 2470 :

49 2498 230 2552 Οὐδὲν
260 2500 331 2564 ὡς
358 2501 569 2573 άληθῶς
586 2502 695 2555 τῶν
727 2504 782 2555 ἐν
812 2501 1121 2572 ἀνθρώποις
1157 2504 1269 2574 ἔχει
1311 2503 1372 2556 τὸ
1395 2504 1574 2573 arisi;

1768 2523 1850 2578 ag.
1886 2508 2013 2563 229.
2054 2506 2206 2563 lianc
2241 2508 2528 2562 homiliam
2569 2509 2780 2579 primus
2808 2505 2998 2563 Graece
3032 2503 3293 2572 vulgave-

53 2594 156 2638 rat
209 2585 258 2640 J.
315 2590 580 2644 Meursius
637 2591 694 2644 in
766 2590 945 2644 Variis
1014 2591 1242 2654 divinis,
1301 2590 1471 2661 Lugd.
1530 2592 1718 2648 Batav.
1782 2595 1940 2654 1619.
1998 2595 2054 2658 4,
2130 2611 2181 2665 p.
2236 2596 2326 2652 39.
2381 2595 2596 2665 Leguut
2652 2594 2844 2652 Graece
2913 2591 3157 2648 Sahhato
3207 2591 3308 2660 τῆς

53 2673 342 2743 ἁπόκρεω,
373 2677 506 2746 quod
537 2676 1063 2747 Quinquagesimam
1105 2680 1355 2750 proxime
1384 2681 1678 2735 antecedit.
1712 2679 1876 2735 Faen.
1919 2681 2080 2736 Conl'.
2119 2698 2310 2752 supra,
2336 2684 2444 2737 vol.
2474 2681 2543 2750 Χ,
2579 2697 2700 2754 pag.
2729 2680 2858 2736 218.
2885 2679 3066 2736 Paris.
3100 2679 3155 2732 in
3179 2685 3306 2731 octo

55 2760 221 2816 codd.
251 2763 377 2817 bibl.
407 2766 560 2835 puhl.
601 2764 659 2819 in
693 2765 827 2820 bibl.
857 2765 1062 2821 Bndlei.
1093 2767 1150 2820 in
1181 2767 1305 2820 cod.
1339 2766 1440 2821 Th.
1478 2769 1609 2831 nee,
1636 2767 1706 2822 28
1742 2770 1857 2824 sive
1897 2784 1950 2821 n.
1991 2769 2098 2824 274
2124 2811 2139 2835 ,
2181 2780 2291 2826 cat.
2321 2771 2480 2825 codd.
2521 2771 2751 2842 Anglia,
2791 2778 2899 2824 etc.
2931 2798 3003 2808 —
3033 2764 3305 2828 Venetiis,

63 2847 122 2899 in
148 2848 270 2902 cod.
298 2849 420 2904 562.
488 2850 551 2907 V.
585 2852 691 2906 cel.
725 2851 932 2907 Morelli
983 2852 1114 2908 bibl.
1149 2868 1253 2908 ms.
1294 2853 1387 2908 Gr.
1419 2863 1472 2910 et
1519 2853 1640 2910 Lat.
1674 2856 1714 2920 l,
1749 2872 1801 2922 p.
1829 2856 1938 2910 255
1978 2872 2092 2927 seq.
2124 2857 2428 2914 —Monac.
2475 2859 2532 2914 in
2583 2857 2711 2912 cod.
2749 2856 2948 2912 Bavar.
2983 2853 3073 2909 66.
3119 2851 3181 2907 V.
3231 2853 3304 2906 cl.

63 2930 242 2989 Bardi.
273 2937 326 2990 in
360 2937 570 2992 Aretini
602 2937 930 3007 Beytragen,
962 2947 1068 2993 etc.
1104 2955 1154 2994 a.
1190 2940 1350 3006 1804,
1395 2951 1535 3010 part.
1567 2959 1582 2996 i

556 2937 570 2990 i
602 2937 930 3007 Beytragen,
962 2947 1068 2993 etc.
1104 2955 1154 2994 a.
1190 2940 1350 3006 1804,
1395 2951 1535 3010 part.
1567 2958 1648 3006 ιιι,
1684 2959 1736 3012 p.
1777 2944 1867 3000 54.
1899 2944 2076 2999 Haut.

98 3026 490 3152 ,ἐῗεεξιὲιοηιθε
512 3027 630 3084 sive
657 3028 846 3100 hymni
878 3029 1045 3097 sacri,
1075 3029 1297 3086 Triodia
1323 3045 1385 3086 ac
1407 3030 1675 3102 Troparia
1698 3034 1930 3089 Andreae
1961 3033 2249 3090 Cretensis
2274 3049 2340 3090 ex
2373 3033 2542 3088 variis
2572 3032 2886 3090 Graecorum
2921 3033 3079 3089 libris
3123 3027 3302 3088 eccle-

98 3114 112 3150 ι
195 3113 207 3149 ι
245 3115 257 3150 ι
345 3113 407 3150 ru
439 3113 492 3150 a.

45 3125 48 3128 ·
65 3113 290 3150 81³8411318
311 3113 492 3150 eruta.

130 3189 192 3244 1X
222 3193 343 3247 Dec.
369 3193 558 3249 Conon
581 3193 637 3246 in
675 3196 1065 3264 conceptionem
1097 3205 1299 3250 sancta
1338 3213 1400 3250 ac
1433 3196 1528 3251 Dei
1556 3215 1588 3252 α

67 3263 168 3315 τοι.
199 3261 262 3322 Χ,
286 3278 338 3332 p.
379 3263 500 3318 196.
532 3263 700 3322 "an.

1775 3201 2215 3274 ιεοπρομήτορος)
2261 3200 2600 3272 Anum-pag.
2631 3200 2760 3255 252.
2791 3198 2958 3254 Faen.
3013 3197 3078 3254 V.
3110 3211 3300 3269 supra,

134 3351 231 3406 Vill
269 3353 421 3424 Sept.
454 3354 525 3408 In
554 3353 803 3412 Natalem
826 3359 1179 3414 sanctissima;-
1207 3357 1471 3430 Deiparce,
1505 3376 1560 3431 p.
1600 3361 1727 3420 258.

131 3445 343 3518 Magnus
385 3449 500 3521 (13)
537 3449 743 3516 Conon,
771 3453 902 3517 250,
935 3442 1194 3522 tropariis
1224 3466 1509 3520 constans,
1541 3457 1633 3526 qui
1666 3456 1800 3511 feria
1825 3458 2016 3526 quinta
2048 3457 2256 3528 quinta:
2285 3456 2622 3528 jejuniorum
2677 3455 3036 3512 hebdomadas
3066 3470 3094 3508 a
3127 3453 3306 3521 paeni-

70 3536 290 3592 tentibus
341 3538 633 3605 recitatur,
673 3555 796 3611 pag.
825 3541 952 3596 265.
987 3541 1195 3597 lnserto
1224 3558 1437 3598 canone
1466 3544 1520 3596 in
1555 3543 1595 3597 lli

1778 3566 1782 3596 l
1814 3543 2216 3615 Egyptiacam,
2259 3545 2420 3613 cuius
2437 3547 2754 3616 ἀκροστιχὶς
2808 3546 2926 3599 haec
2973 3551 3100 3599 est:
3136 3542 3232 3606 Σὺ,
3259 3535 3303 3595 ὦ

68 3623 170 3675 ὁσία
193 3625 407 3695 Μαρία,
440 3625 647 3696 βοήθει,
683 3629 847 3698 idque
882 3630 1108 3686 disertis
1133 3631 1315 3686 verbis
1344 3632 1593 3686 notavitt

1778 3631 1943 3688 :iisius
1979 3648 2104 3703 pag.
2137 3632 2264 3697 268,
2302 3634 2428 3688 licet
2460 3634 2511 3688 in
2558 3634 2706 3687 Actia
2745 3631 2845 3687 SS.
2889 3630 3091 3692 tom.i,
3126 3629 3303 3699 April.

68 3722 172 3779 pag.
198 3711 292 3774 70,
316 3729 348 3767 a
384 3712 767 3783 Papebrochio
835 3725 1055 3772 notetur
1095 3718 1264 3773 veluti
1298 3719 1388 3788 qui
1420 3720 1522 3773 huc
1568 3719 1922 3788 neglexisset.
1965 3719 2301 3774 Observabis
2337 3728 2520 3773 autem
2553 3721 2623 3773 ab
2659 3720 2784 3772 aliis
2817 3718 3025 3772 Graecis
3056 3716 3304 3784 juniori-

69 3796 150 3853 bus
174 3811 299 3869 post
321 3802 556 3858 Δηὼ-οε
587 3812 803 3858 aetatem
843 3809 1044 3874 passim
1075 3821 1202 3862 esse
1234 3806 1441 3872 addita,
1468 3807 1671 3878 quibus
1707 3797 1939 3860 Andiea‘.
1976 3806 2155 3874 ipsius
2182 3805 2452 3859 auxilium
2485 3816 2650 3872 atque
2686 3803 3012 3858 intercessio
3048 3800 3304 3871 precibus

68 3888 357 3954 expeditur.
390 3886 458 3943 Ut
489 3905 614 3960 pag.
637 3891 743 3946 265
773 3910 785 3945 :
821 3893 1080 3958 Ίκεσίαις
1103 3911 1195 3949 σου
1226 3897 1397 3966 ἡμᾶς.
1439 3895 1593 3965 Ἀνδρ

1785 3911 1872 3947 σαι
1901 3891 2094 3946 παθῶν
2124 3893 2360 3963 ἀτίμων,
2394 3893 2490 3946 καὶ
2517 3893 2615 3961 τῆς
2645 3889 2921 3961 βασιλείας
2945 3887 3040 3941 νῦν
3064 3887 3301 3958 Χριστοῦ

69 3977 336 4039 κοινωνοὺς
367 3978 494 4035 τοὺς
533 3978 716 4032 πίστει
771 3981 864 4034 καὶ
893 3981 1046 4052 πόθῳ
1091 3983 1466 4048 άνυμνοῦντάς
1503 4001 1584 4046 σε,
1633 3980 1847 4043 κλεινὲ,
1899 3979 2178 4046 ἀνάδειξον
2217 3979 2470 4049 δεόμεθα.
2509 3977 2644 4048 Pag.
2691 3977 2840 4032 272:
2883 3975 3132 4045 Ἀνδρέου
3181 3977 3306 4040 ταῖς

68 4055 243 4122 λιταῖς.
264 4061 471 4130 Σῶτερ,
502 4064 729 4136 ἐλέησον
761 4068 931 4137 ⁴ἡμᾶς.
967 4067 1098 4140 Pag.
1132 4069 1240 4125 275
1267 4088 1281 4124 :
1312 4069 1445 4134 Ταῖς
1481 4073 1600 4134 σαῖς
1643 4070 1820 4133 λιταῖς
1847 4067 2094 4140 δὼρησαι
2139 4067 2308 4138 κάμοὶ⁵
2349 4067 2449 4138 τὴν
2501 4066 2658 4121 λύσιν
2713 4066 2821 4120 τῶν
2851 4064 3202 4135 ὀφλημάτων,
3257 4058 3304 4119 ὦ

81 4144 282 4218 Ἀνδρέα
307 4151 535 4222 Κρήτης
565 4153 818 4225 πρόεδρε,
848 4157 1139 4224 μετανοίας
1161 4158 1226 4210 σὺ
1255 4158 1614 4228 μυσταγωγὸς
1647 4159 1757 4228 γὰρ
1793 4157 2036 4226 ἄριστος.
2080 4153 2145 4209 Et
2188 4170 2314 4226 pag.
2355 4153 2465 4209 280
2505 4171 2519 4207 :
2574 4153 2822 4224 ’Δνδρέα,
2862 4151 3094 4222 Πατρῶν
3125 4152 3301 4215 κλέος.

72 4231 233 4301 ιῦχαῖς
275 4253 372 4290 σου
426 4239 499 4310 μὴ
526 4241 760 4314 ὲπιλάθῃ
799 4241 1168 4296 καθικετεύων
1213 4245 1506 4315 παρεστὼς
1534 4245 1742 4316 Τριάδα
1777 4243 1876 4316 τὴν
1925 4241 2214 4313 ὑπέρθεον,
2249 4243 2400 4306 ὅπως
2425 4240 2799 4312 λυτρωθῶμεν
2822 4241 2920 4312 τῆς
2949 4241 3225 4303 κολάσεως
3252 4240 3301 4292 ot

72 4318 202 4386 πόθῳ
222 4325 530 4395 προστάτην
558 4344 615 4382 σε
641 4327 804 4395 θεῖον,
834 4329 1174 4402 πάμμακαρ,
1221 4331 1628 4396 ἐπικαλοῦντες,
1677 4330 1738 4384 τὸ
1781 4332 2007 4402 Κρήτης
2041 4329 2495 4399 ὲγκαλλὼπισμα.
2530 4327 2664 4400 Pag.
2701 4328 2848 4384 282:
2897 4327 2982 4392 Ὧς
3026 4327 3302 4400 ποιμένων

73 4402 288 4474 ἀριστος,
335 4411 560 4481 Ἀνδρέα
591 4414 742 4484 σοφὲ,
783 4417 1078 4488 πρόκριτον
1104 4417 1232 4472 ὄντα
1277 4436 1358 4480 σε,
1387 4418 1538 4488 πόθῳ
1563 4419 1752 4489 δέομαι
1780 4418 1961 4490 πολλῷ
1993 4418 2087 4472 καὶ
2118 4417 2292 4490 φόϐῳ,
2339 4421 2460 4483 σαῖς
2515 4417 2836 4492 πρεσϐείαις
2876 4417 2974 4487 τῆς
3025 4417 3302 4487 σωτηρίας

77 4499 232 4561 τυχεῖν
266 4499 537 4572 καὶᾸωῆς
565 4504 807 4559 αἰωνίου.
841 4505 970 4576 Pag.
1003 4506 1110 4561 284
1141 4526 1155 4562 :
1197 4507 1310 4578 Τῆς
1343 4509 1570 4576 Κρήτης
1616 4523 1674 4559 σε
1711 4508 1942 4578 ποιμένα
1986 4505 2082 4560 καί⁸
2131 4508 2397 4578 πρόεδρον
2425 4507 2522 4561 καὶ
2571 4507 2902 4577 οἰκουμένης
2955 4505 3300 4576 πρεσϐευτὴν

77 4579 300 4648 ἐγνωκὼς
331 4589 672 4660 προστρέχω,
691 4591 940 4660 Ἀνδρέα,
961 4595 1054 4646 καὶ
1081 4593 1190 4664 βοῶ
1225 4609 1328 4648 σοι’
1355 4593 1591 4660 Ἐξελοῦ,
1622 4594 1824 4664 Πάτερ,
1855 4593 2016 4664 βυθοῦ
2045 4594 2144 4664 τῆς
2171 4595 2466 4667 ἁμαρτίας.
2491 4591 2554 4645 Et
2581 4609 2704 4665 pag.
2729 4592 2834 4646 292
2857 4610 2870 4646 ε
2903 4592 3017 4661 Τῆς
3063 4591 3301 4653 πίστεως
3391 4596 3396 4600 “

81 4667 126 4717 ὲν
149 4673 206 4740 τῇ
229 4674 399 4746 πέτρᾳ
424 4679 546 4740 ταῖς
582 4680 896 4749 πρεσϐείαις
930 4699 1024 4735 σου
1057 4683 1330 4753 στήριξον,
1360 4683 1563 4754 Πάτερ.
1599 4681 1748 4752 φόϐῳ
1793 4699 1858 4752 με
1897 4681 1976 4752 τῷ
2017 4684 2074 4736 ὲν
2119 4681 2239 4752 Θεῷ
2266 4679 2538 4751 τειχίζων,
2570 4681 2662 4732 καὶ
2691 4681 3005 4748 μετάνοιαν,
3050 4678 3296 4748 Ἀνδρέα,

84 4759 336 4841 ξεαράσχου
373 4780 486 4828 μοι.
517 4763 751 4819 δυσωπῶ
780 4785 862 4832 σε,
903 4768 1000 4823 καὶ
1034 4768 1198 4841 ῥῦσαί
1237 4788 1301 4841 με
1333 4771 1555 4840 παγίδος
1588 4768 1820 4841 ἐχθρῶν,
1848 4767 1958 4822 τῶν
1983 4766 2362 4840 ὲκζητούντων
2389 4782 2476 4836 με.
2505 4765 2633 4838 Pag.
2666 4764 2773 4820 296
2804 4783 2818 4819 :
2870 4765 2956 4828 Ὠς
2993 4763 3299 4836 παρρησίαν

85 4838 196 4928 ἔκων
221 4849 354 4917 πρὸς
380 4850 611 4921 Κύριον,
646 4855 872 4925 Ἀνδρέα
908 4838 1134 4928 Κρήτης
1165 4838 1364 4912 σεπτὸν
1394 4838 1570 4922 κλέος,
1597 4838 1853 4926 δύσωπῶ,
1887 4838 2163 4926 πρέσϐενε
2194 4854 2290 4907 τοῦ
2315 4852 2515 4922 δεσμοῦ
2546 4870 2612 4925 με
2633 4853 2736 4920 τῆς
2765 4853 2998 4923 ἀνομίας
3031 4851 3185 4906 λύσιν
3204 4850 3299 4904 νῦν

84 4927 228 4998 εὑρεῖν
254 4935 442 5006 εὐχαῖς
476 4955 592 5001 σου,
627 4941 703 5005 ὡς
728 4942 830 5012 τῆς
873 4927 1169 5011 μετανοίας
1194 4945 1534 5009 διδάσκαλος,
1562 4945 1609 4997 ὀε

1772 4942 1924 5010 δόξα.
1986 4941 2195 4997 Novam
2249 4941 2553 4996 editionem
2613 4940 2777 5010 hujus
2828 4939 3070 4995 Canonis
3115 4940 3295 5008 magni

87 5013 312 5078 debemus
341 5025 725 5093 Chevillierio,
771 5031 1190 5088 bibliothecario
1235 5035 1563 5100 Sorbonico,
1590 5034 1763 5090 Paris.
1804 5033 1968 5088 1699.
2004 5032 2090 5086 12.
2145 5030 2315 5085 FABR.
2364 5030 2573 5086 Gallice
2621 5030 2866 5100 scriptus
2899 5039 2984 5086 est
3017 5029 3194 5084 liber:
3229 5028 3300 5082 Le

93 5108 225 5168 97am!
253 5127 445 5173 canon,
483 5131 549 5168 ou
581 5115 770 5184 hymne
803 5119 868 5172 de
907 5118 1131 5190 l’Eglise
1165 5138 1383 5193 grccque
1405 5123 1497 5191 qui
1530 5123 1763 5176 conticnt
1795 5120 1846 5173 la
1885 5119 2055 5189 priére
2095 5118 2160 5172 de
2198 5117 2410 5187 l'Of/ice
2461 5116 2628 5181 Grec,
2685 5119 2754 5172 ait
2802 5118 2955 5172 l‘dme
2999 5117 3220 5171 sollicite
3253 5116 3300 5168 le

87 5194 252 5249 Pardon
279 5199 341 5252 de
370 5217 451 5253 res
481 5203 666 5269 péchés
695 5213 744 5258 et
777 5205 1002 5260 s’anine
1028 5209 1061 5259 ὰ
1106 5208 1158 5260 Ia
1189 5219 1353 5268 rertu,
1387 5226 1506 5264 accc
1543 5209 1591 5264 le
1619 5225 1787 5264 canon
1821 5207 1890 5259 du
1923 5206 2146 5274 pec/lem
2179 5207 2270 5276 qui
2297 5223 2329 5259 α
2372 5222 2582 5259 rccoura
2607 5206 2639 5258 ὰ
2670 5207 2724 5258 la
2750 5204 2809 5260 S.
2853 5203 3064 5273 Vierge;
3092 5202 3297 5256 νει.ςὶοη

92 5284 406 5351 Ροταριιι-αιέε
437 5304 532 5340 sur
562 5289 611 5342 le
645 5290 794 5354 Grec,
825 5308 924 5359 par
946 5292 1131 5349 André
1166 5294 1485 5360 Cheviliier,
1519 5295 1694 5353 Paris.
1729 5295 1886 5350 1699.
1923 5293 2007 5348 12.
2042 5325 2109 5335 —
2150 5295 2381 5347 Andrea:
2419 5293 2568 5348 Cret.
2601 5293 2908 5352 Orationes,
2945 5290 3128 5342 solerti
3188 5287 3294 5339 Ca-

89 5368 224 5424 llones
261 5380 315 5426 et
350 5373 600 5440 Triodia,
653 5376 708 5432 in
760 5377 902 5432 Bibl.
939 5395 1085 5433 nias.
1137 5381 1384 5436 Patrum.
1414 5413 1481 5422 —
1514 5384 1699 5438 Canun
1737 5384 1790 5436 in
1823 5389 2050 5450 agentes
2087 5381 2354 5446 animam,
2388 5379 2634 5434 Florent.
2669 5380 2721 5432 in
2757 5377 2878 5431 cod.
2915 5375 3172 5429 Laurent.
3207 5373 3295 5432 17,

87 5452 231 5539 9:13.
257 5459 393 5526 plut.
424 5460 478 5515 5.
511 5459 625 5516 inc.
657 5463 844 5530 Δεῦτε,
883 5465 1209 5538 συνάχθητε.
1247 5466 1307 5524 γ.
1343 5469 1572 5527 Bandin.

1793 5470 1957 5526 codd.
2007 5469 2178 5524 Laur.
2225 5468 2264 5529 i.
2305 5485 2357 5539 p.
2400 5469 2491 5525 40.
2525 5499 2595 5508 -
2629 5465 2761 5520 ibid.
2799 5466 2852 5519 in
2894 5465 3018 5517 cod.
3051 5463 3106 5525 6,
3145 5478 3202 5516 ιι.
3238 5460 3292 5525 8,

80 5525 191 5628 fit".
221 5541 312 5608 86,
343 5543 490 5599 inter
514 5545 574 5602 S.
608 5547 668 5603 8.
700 5557 754 5604 et
783 5525 1406 5612 Patrum'au'ctoritates
1436 5525 1502 5613 de
1531 5558 2102 5628 praedeterminatioue
2129 5567 2181 5612 et
2215 5525 2564 5628 praiscientia
2599 5553 2692 5608 Dei
2722 5560 2807 5606 est
2858 5552 3014 5606 locus
3064 5565 3128 5604 ex
3183 5548 3296 5600 Au-

75 5606 200 5683 δ”ω
214 5606 465 5687 Οιειοιιε.
495 5631 722 5692 Triodio
750 5637 849 5707 τῆς
905 5606 1582 5715 μεγάληςδευτέραςῗεῗ-

1767 5606 2923 5714 I.;;;."'."..;.‘.'.;.;..."mea.Lamum.
2968 5638 3024 5694 γ.
3059 5637 3292 5710 Bandin.

140 5795 238 5869 (13)
271 5797 489 5858 Confer.
525 5805 658 5862 Acta
691 5807 794 5866 SS.
828 5818 962 5868 tom.
1007 5811 1071 5884 il,
1104 5813 1276 5886 April.
1305 5817 1478 5890 p._69,
1511 5817 1612 5886 70;
1649 5817 1916 5891 Cangium
1949 5818 2003 5874 in
2031 5819 2305 5875 Closmrio
2347 5817 2550 5884 Greco,
2586 5833 2640 5890 p.
2673 5815 2812 5910 5‘85.‘
