3862 6318
257 395 346 470 ιιι
843 477 847 490 ,
1349 405 1430 475 IN
1461 407 1975 475 NATIVlTA’l‘EM
2004 417 2070 475 Β.
2110 409 2394 478 Manut
2439 403 2520 480 It.
3415 425 3518 490 8:9

255 520 373 574 στὸν
404 519 475 574 ὲκ
505 519 701 587 γένους
721 519 851 574 ὄντα
883 519 1063 574 Δαυῖδ.
1095 520 1399 592 Προσέσται
1430 524 1539 591 γάρ
1574 539 1654 576 σοι
1681 522 1829 592 δῆλοι

1945 523 2208 594 nulloque
2239 523 2618 581 intercedente
2654 525 2892 585 dissidio
2928 531 2982 584 in
3037 540 3204 588 unam‘
3236 535 3519 590 eamdem-

251 611 526 675 ἐντεῦθεν,
550 612 647 667 καὶ
688 612 860 685 αὐτὴν
909 613 1319 684 ὑπολαμϐάνειν
1342 613 1406 667 ὲκ
1441 615 1630 683 γένους
1671 611 1829 667 οὖσαν

1945 627 2052 681 que
2083 621 2322 669 mentem
2353 617 2832 687 conspirantihus,
2886 620 3176 679 Christum
3219 637 3284 681 ex
3318 641 3522 698 genere

250 703 416 756 Δαυτδ
436 704 541 775 τὴν
565 705 789 777 ἀρρήτῳ
847 706 1115 777 κυοφορίᾳ
1161 707 1462 777 γενομένην
1498 705 1662 760 αύτοῦ
1696 707 1829 760 κατὰ

1948 701 2170 760 Davidis
2211 706 2490 776 prodiisse
2520 708 2830 766 fateamini.
2901 713 3045 771 l-linc
3095 718 3243 772 enim
3285 718 3522 775 manife-

251 797 432 865 σάρκα
483 798 718 869 μητέρα.
753 797 820 852 Ei
837 815 917 869 τῳ
945 799 1021 870 μὴ
1061 801 1350 871 παρέργως
1395 802 1596 852 νοεῖται
1618 799 1700 862 τὸ,
1743 797 1829 850 Ἐκ

1944 796 2190 852 stissimo
2251 798 2440 854 licebit
2492 815 2822 874 argumento
2883 807 3185 874 deducere,
3232 827 3354 868 eam
3383 829 3519 882 quo.

249 885 340 938 τοῦ
373 889 597 958 καρποῦ
624 888 684 942 τὸ
716 889 937 976 δένδρον
958 889 1412 957 ἐπιγινώσκεται.

1943 902 2052 952 que
2084 903 2150 943 ex
2207 905 2410 960 genere
2462 891 2684 950 Davidis
2741 897 3042 961 eﬂluxisse,
3094 919 3219 974 qua:
3250 902 3518 958 ineﬂ'abili

247 977 640 1044 gravidatione
697 980 874 1051 ipsius
903 980 1210 1036 secundum
1267 995 1489 1034 carnem
1555 984 1732 1032 mater
1795 978 2035 1034 exstitit.
2124 978 2261 1044 Quis
2327 983 2472 1038 enim
2558 985 2793 1043 inliciari
2853 1006 3098 1060 unquam
3175 996 3374 1065 p0ssit,
3463 994 3555 1050 id.

248 1071 572 1126 Certissima
627 1071 817 1126 evinci
901 1085 1028 1126 cum
1077 1071 1244 1125 arbor
1295 1086 1360 1124 es
1398 1069 1580 1124 l'ructu
1624 1068 1832 1138 optime
1869 1065 2281 1133 dignoscatur’

320 1221 466 1273 Ἀλλ’
488 1221 582 1274 ἐπὶ
610 1218 712 1292 τὴν
744 1219 1021 1288 γενέθλιον
1068 1216 1226 1282 αὖθις
1267 1220 1673 1290 ἀναδραμωμεν
1713 1217 1838 1285 ἐορ-

248 1311 376 1383 τὴν,
403 1309 500 1364 καὶ
519 1313 586 1382 τῇ
623 1311 795 1380 ’Δννῃ
835 1310 1030 1381 μικρὸν
1071 1309 1262 1380 ὥσπερ
1311 1309 1670 1378 ἐπιθαλάμιον
1710 1309 1840 1360 ἀνα-

251 1402 620 1472 κρουσώμεθα
669 1403 851 1472 μέλος.
923 1402 1039 1455 Νῦν
1114 1403 1214 1472 μὲν
1281 1400 1630 1473 κυοφορούσῃ
1673 1398 1840 1452 παῖδα

257 1495 557 1559 θεόσδοτον,
610 1491 946 1562 ἐπαγγελίας
995 1494 1274 1565 ἐνέχυρον,
1332 1494 1428 1548 νῦν
1463 1493 1520 1548 δὲ
1576 1491 1838 1564 τικτούσῃ

257 1587 480 1656 γόνιμον
501 1585 666 1656 εὐχὴν
695 1585 832 1654 μετὰ
865 1585 1154 1657 στείρωσιν
1193 1586 1293 1654 τῆς
1324 1585 1466 1656 ὑπὲρ
1500 1584 1626 1638 νοῦν
1652 1587 1832 1650 ὲκφαο

259 1679 521 1745 νεστάτης
562 1675 696 1729 Θεοῦ
753 1675 894 1744 πρὸς
937 1674 1260 1747 ἀνθρώπους
1298 1675 1614 1744 ἐπιδημίας.
1650 1675 1834 1740 Ἀξιον

267 1770 378 1838 γὰρ
396 1768 627 1820 τοιοῦτον
645 1766 1058 1833 ἁποτεκνοῦσαν
1099 1766 1330 1836 βλαστὸν
1373 1767 1831 1836 ἀνευφημεῐσθαι,

269 1861 366 1913 καὶ
388 1859 526 1921 θείας
545 1858 713 1922 δντως
743 1859 1140 1929 ὲπιφωνήσεως
1193 1857 1496 1924 ἀξιοῦσθαι.
1539 1858 1832 1928 Πρόκειται

269 1951 396 2019 γοῦν
423 1946 528 2004 οἷόν
574 1968 659 2014 τις
688 1950 914 2020 νυμφὼν
939 1953 967 2004 ὁ
990 1951 1092 2021 τῆς
1127 1951 1329 2022 Ἀννης
1367 1949 1562 2004 κοιτὼν
1589 1967 1601 1979 ·
1646 1949 1834 2004 παιδο-

275 2045 443 2106 ποιίας
490 2044 582 2097 καὶ
609 2043 912 2113 παρθενίας
945 2044 1400 2115 ὑπογραφόμενος
1427 2043 1744 2114 πρόσωπον,
1774 2041 1834 2095 τὸ

283 2135 370 2202 μὲν
395 2134 480 2203 τῆς
500 2135 788 2203 τεκούσης,
809 2134 870 2186 τὺ
897 2133 954 2186 δὲ
986 2135 1083 2197 τῆς
1107 2133 1392 2206 τεχθείσης
1413 2149 1424 2161 ·
1455 2126 1572 2204 ὧνή
1599 2133 1834 2203 μὲνᾶρτι

279 2226 368 2295 τὴν
382 2225 523 2279 λύσιν
547 2228 644 2296 τῆς
667 2225 921 2288 ἀπαιδίας
947 2225 1185 2292 ἐδέξατο,
1216 2227 1250 2297 ἡ
1277 2225 1337 2278 δὲ
1367 2227 1562 2296 μικρὸν
1584 2224 1830 2294 ὕστερον,
1859 2221 1868 2226 ’

283 2320 369 2388 τῆς
397 2318 507 2371 καθ’
526 2321 672 2389 ἡμᾶς
711 2318 886 2389 Ἰησοῦ
915 2319 1273 2384 θεοπλαστίας
1301 2319 1392 2374 τὸν
1413 2321 1632 2374 τοκετδν
1667 2319 1834 2388 ὑπερ-

284 2411 416 2477 φυῶς
444 2407 828 2481 ύποστήσεται.
878 2411 1121 2474 Εἰκότως
1159 2411 1252 2466 οῦν
1283 2413 1317 2481 ή
1345 2411 1641 2481 θεόληπτος
1662 2411 1831 2462 Ἀννα

287 2503 480 2574 φαιδρὰ,
512 2503 601 2556 καὶ
629 2503 1006 2573 γεγαννυμένη
1053 2505 1120 2573 τῇ
1151 2503 1254 2573 τῆς
1279 2503 1457 2572 ψυχῆς
1499 2493 1831 2556 καταστάσει

285 2594 587 2664 διαπρυσίως
618 2595 722 2666 βοᾷ
741 2611 757 2628 ·
791 2595 1112 2667 Συγχάρητέ
1167 2613 1278 2665 μοι,
1308 2595 1563 2664 λέγουσα,
1603 2594 1830 2664 βλαστὸν

286 2685 583 2753 ἐπαγγελίας
603 2684 661 2750 ἑξ
675 2684 930 2756 ἀκάρπου
955 2685 1190 2757 τεκούσῃ
1213 2684 1473 2755 γαστρδς,
1507 2685 1601 2737 καὶ
1619 2683 1829 2752 καρπὸν

287 2775 504 2843 εὐλογίας
529 2777 646 2828 κατ’
675 2776 842 2846 εὐχὰς
866 2775 1207 2848 ἐκτρεφούσῃ
1241 2775 1418 2847 μαζῷ.
1465 2775 1829 2847 Ἐξεδυσάμην

285 2866 336 2916 τὸ
361 2865 698 2936 αειρώσεως,
745 2868 840 2922 καὶ
896 2867 993 2938 τῆς
1059 2867 1340 2928 εὐτεκνίας
1375 2867 1436 2920 τδ
1471 2867 1694 2938 φαιδρὸν
1718 2871 1828 2938 ὴμ·

285 2959 538 3027 φιασὰμην
567 2959 966 3028 προκάλυμμα.
1002 2959 1350 3028 Συγχαιρέτω
1392 2976 1482 3029 μοι
1525 2959 1824 3029 σήμερονή

278 3049 578 3114 ἐξάκουστος
612 3052 803 3114 ¹Ἄννα,
833 3054 866 3120 ἡ
897 3050 996 3120 τῆς
1027 3050 1260 3112 Φενένας
1289 3049 1586 3112 ἀντίθετος,
1632 3051 1726 3103 καὶ
1751 3051 1826 3121 τῷ

267 3145 390 3197 κατ’
416 3141 572 3214 αὐτὴν
601 3143 961 3210 ὑποδείγματι
985 3141 1042 3194 τὸ
1063 3143 1192 3212 περὶ
1226 3141 1324 3211 ἐμὲ
1372 3140 1674 3210 παράδοξον
1704 3144 1824 3195 ἐπι-

265 3235 512 3302 κροτείτω
537 3233 740 3304 θαῦμα.
777 3232 1065 3300 Χορευὲτω
1090 3231 1184 3284 καὶ
1228 3231 1415 3303 Σάρρα
1445 3231 1827 3300 πρεσϐυτικῶς

2001 1218 2121 1275 Jam
2156 1237 2289 1278 vero
2314 1225 2384 1280 ad
2415 1229 2729 1285 nataiitiam
2758 1231 2866 1287 diel
2894 1235 3283 1293 celebritatem
3319 1253 3512 1297 rever-

1937 1321 2160 1379 tamur;
2197 1323 2251 1369 et
2281 1315 2499 1374 Annam
2552 1323 2958 1397 aliquantisper
2987 1337 3250 1399 tanquam
3279 1337 3512 1399 nuptiali

1935 1406 2185 1462 carmine
2239 1412 2602 1480 proludentes
2631 1416 3044 1477 collaudemns.
3099 1420 3236 1477 Nam
3267 1435 3321 1478 et
3347 1426 3512 1480 tiliam

1937 1508 1965 1546 a
2000 1495 2107 1552 Deo
2193 1498 2399 1566 datam,
2455 1506 2854 1573 promissionis
2934 1513 3300 1569 arrhabonem
3356 1529 3514 1572 utero

1937 1590 2192 1655 gestavit,
2241 1601 2478 1664 eamque
2507 1597 2792 1654 Obtentam
2830 1604 3100 1672 precibus
3142 1615 3268 1676 post
3299 1613 3514 1665 sterili.

1935 1683 2103 1733 tatem
2147 1685 2384 1753 peperit,
2419 1702 2542 1757 quae
2597 1687 2772 1746 Deum
2809 1708 2978 1764 supra
3011 1696 3269 1754 hninana:
3305 1704 3511 1755 mentis

1935 1780 2155 1840 captum
2196 1777 2715 1836 manifestissimum
2754 1784 3069 1844 hominibus
3099 1789 3329 1853 factum,
3357 1807 3514 1846 cum-

1934 1879 2044 1931 que
2073 1864 2186 1918 illis
2217 1880 2642 1926 conversantem
2677 1876 2910 1945 gignere
2943 1880 3138 1934 valuit.
3197 1879 3305 1934 Par
3331 1883 3514 1952 siqni-

1937 1954 2060 2009 dem
2086 1965 2172 2010 est
2225 1974 2373 2025 eam,
2434 1977 2560 2031 quae
2616 1967 2728 2021 tale
2756 1968 2932 2023 edidit
2983 1986 3232 2040 germen,
3277 1977 3513 2028 summis

1940 2045 2194 2102 laudibus
2221 2050 2377 2104 eVehi
2402 2052 2722 2125 divinisque
2759 2059 2941 2130 excipi
2975 2062 3507 2120 acclamationibus.

1937 2133 2166 2190 Videtur
2207 2138 2376 2206 igitur
2423 2143 2592 2197 veluti
2645 2145 2922 2202 thalamus
2958 2163 3087 2202 esse
3138 2151 3311 2204 Annae
3350 2154 3510 2207 cubi-

1933 2230 2118 2280 culum
2148 2229 2388 2284 duarum
2453 2233 2758 2304 insignium
2818 2237 3152 2294 feminarum
3188 2243 3511 2299 nominibus

1935 2318 2288 2388 inscriptum,
2350 2322 2604 2378 videlicet
2655 2326 2944 2394 genitricis
3003 2337 3056 2383 et
3088 2331 3323 2400 genitae,
3371 2349 3510 2402 qua-

1934 2423 2054 2462 rum
2085 2413 2256 2465 altera
2287 2414 2604 2472 sterilitatis
2635 2417 2911 2472 dedecore
2945 2421 3110 2475 modo
3137 2423 3368 2480 liberata
3395 2433 3499 2490 est,

1933 2499 2104 2555 altera
2135 2516 2268 2556 vero
2320 2506 2486 2572 paulo
2511 2516 2632 2575 post
2661 2505 2847 2563 Jesum
2885 2511 3122 2567 similem
3169 2513 3329 2570 nobis
3375 2497 3510 2570 divi-

1933 2586 2087 2648 nitus
2151 2591 2356 2648 factum
2429 2596 2789 2653 inenarrabili
2846 2602 3066 2657 ratione
3121 2607 3324 2674 pariet.
3373 2602 3506 2660 lure

1933 2684 2119 2752 itaque
2208 2684 2398 2740 divino
2473 2697 2704 2758 acoepto
2766 2706 2994 2748 munere
3068 2696 3274 2762 Anna,
3363 2699 3502 2753 laeti-

1929 2770 2005 2823 tia
2035 2769 2306 2838 gestiente
2344 2773 2552 2840 animo,
2591 2777 2807 2845 magnis
2843 2781 3093 2848 vocibus,
3128 2793 3190 2837 ut
3225 2787 3500 2842 ah‘nmni-

1931 2861 2034 2916 bus
2089 2861 2370 2926 audiatur,
2430 2867 2727 2931 exclamat,
2771 2888 2784 2924 :
2825 2870 3298 2940 Cougratulamini
3345 2879 3502 2943 mihi,

1929 2953 2212 3022 inquiens.
2238 2969 2360 3024 qua:
2393 2957 2789 3025 promissionis
2816 2977 3040 3030 germen
3073 2979 3139 3018 ex
3174 2967 3298 3019 alvo
3323 2969 3500 3023 sterili

1930 3046 2236 3113 procreavi,
2285 3056 2338 3102 et
2387 3047 2792 3105 benedictionis
2847 3050 3112 3118 fructum,
3159 3059 3296 3112 utin
3362 3064 3502 3116 vctis

1926 3145 2066 3200 erat,
2105 3135 2329 3206 papillis
2387 3137 2522 3193 meis
2550 3140 2814 3196 enutriri.
2874 3141 3110 3198 Tristem
3141 3149 3265 3201 exui
3298 3151 3503 3204 sterili-

1927 3229 2058 3284 tatis
2085 3237 2318 3289 vestem.
2379 3230 2677 3300 laetumque
2701 3234 2888 3303 accepi
2925 3233 3285 3294 fecunditatis
3339 3241 3505 3296 indu-

270 3324 656 3395 ἁνασκιρτῶσα,
717 3323 813 3376 καὶ
874 3325 973 3394 τὴν
1036 3323 1175 3394 ἐμὴν
1238 3321 1633 3394 ύπογράφουσα
1689 3324 1826 3394 μετὰ

1932 3328 2197 3376 mentum.
2252 3320 2680 3393 Congratuletur
2733 3325 2868 3380 mihi
2920 3327 3083 3384 hodie
3128 3331 3366 3388 celebris
3412 3335 3503 3388 illa

273 3416 538 3483 στεὲρωσιν
575 3414 799 3484 κύησιν.
877 3413 1374 3483 ’Υποφωνείτωσαν
1432 3413 1549 3484 ἅμα
1615 3417 1826 3486 στεῖραι

274 3507 363 3558 καὶ
379 3506 548 3576 ἄγονοι
568 3507 666 3576 τὴν
698 3505 787 3560 ιη’
842 3506 967 3575 ἐμοὶ
997 3504 1486 3575 θαυμαστωθεϊσαν
1536 3503 1828 3575 οὐρανόθεν

274 3597 561 3667 ἐπίσκεψιν.
587 3599 813 3652 Είπάτω
866 3597 931 3666 δὴ
981 3597 1075 3649 καὶ
1111 3597 1264 3650 πᾶσα
1317 3596 1520 3667 μήτηρ,
1557 3597 1651 3650 καὶ
1681 3596 1828 3666 γόνι-

279 3705 384 3756 μος,
414 3690 696 3760 εὐλογητὸς
748 3690 776 3742 ὁ
825 3688 948 3752 δοὶς
976 3687 1142 3758 εὐχὴν
1199 3689 1313 3750 τοῖς
1359 3687 1693 3758 εὐχομένοις,
1736 3689 1831 3740 καὶ

274 3778 520 3845 δωνοὶξας
563 3782 764 3852 πόρους
824 3780 1018 3848 ἀγόνου
1066 3779 1302 3850 μήτρας,
1357 3779 1454 3832 καὶ
1503 3778 1732 3862 βλαστὸν
1767 3778 1826 3844 ἐξ

278 3872 504 3942 ἀκάρπου
553 3873 719 3942 γονῆς
777 3871 1148 3943 χαρισάμενος
1201 3871 1303 3941 τὴν
1365 3863 1826 3940 ὑπερθαύμαστον

279 3961 422 4015 αὐτοῦ
448 3963 582 4016 κατὰ
633 3964 815 4031 σάρκα
868 3960 1102 4032 μητέρα.
1147 3953 1254 4022 Ἧς
1302 3958 1524 4030 ήνηδὺς
1575 3960 1822 4032 οὐρανὸς,

277 4051 327 4102 ἐν
349 4045 709 4123 ᾧὲσκήνωσεν
734 4053 762 4105 ὁ
793 4050 1046 4121 μηδαμοῦ
1075 4048 1345 4120 χωρητός.

1929 3412 2436 3476 Anna,Phenenn:e
2461 3416 2690 3484 aemula;
2728 3426 2783 3472 et
2814 3418 3142 3478 incredibile
3173 3425 3503 3479 miraculum

1929 3505 2076 3572 quod
2145 3503 2280 3558 mihi
2331 3519 2554 3574 quoque
2621 3510 2875 3578 exemplo
2951 3514 3232 3568 consimili
3281 3516 3503 3586 obtigit,

1929 3595 2217 3664 plausibus
2274 3605 2666 3676 pr‘osequatur.
2725 3599 2976 3656 Choreas
3035 3605 3202 3659 ducat
3274 3616 3329 3661 et
3367 3608 3504 3663 Sara

1929 3685 2184 3740 seniliter
2207 3685 2498 3747 exsilicns,
2534 3702 2769 3757 meoque
2799 3697 3096 3762 conceptni
3126 3705 3308 3750 amota
3343 3703 3506 3754 steri-

1913 3776 2090 3830 -litate
2140 3775 2479 3830 subscribat.
2537 3776 2738 3832 Adsint
2796 3781 2960 3835 simul
2995 3791 3050 3838 et
3081 3785 3306 3854 reliquae
3337 3793 3504 3844 steri-

1933 3867 2011 3920 les
2042 3881 2165 3934 qua:
2196 3865 2399 3920 liberos
2433 3881 2538 3920 non
2575 3877 2934 3936 pepererunt,
2991 3888 3323 3946 mecumque
3362 3880 3506 3934 divi~

1931 3973 2014 4014 me
2073 3959 2450 4014 beneficentiae
2501 3975 2718 4015 nmnus-
2741 3955 3038 4031 'exaitent;
3071 3983 3183 4036 quo
3218 3969 3416 4025 mirum
3451 3973 3504 4026 in

1933 4050 2156 4103 modum
2190 4047 2420 4104 visitare
2442 4064 2527 4104 me
2557 4048 2824 4107 Dominus
2849 4053 3112 4124 dignatus
3141 4067 3250 4112 est.
3277 4061 3430 4116 Dicat
3451 4072 3508 4118 et

275 4153 430 4197 mater
470 4143 650 4199 omnis
677 4185 694 4210 ,
726 4157 849 4211 quae
897 4143 1042 4197 liiios
1075 4141 1325 4211 peperit;
1379 4141 1719 4206 benedictus,
1769 4143 1863 4213 qui
1913 4143 2082 4213 petita
2135 4141 2285 4195 dedit
2316 4141 2655 4210 petentibus,
2687 4144 3002 4214 sterilisque
3032 4148 3244 4202 ventris
3289 4155 3506 4220 aperuit

268 4233 498 4303 ianuam,
541 4237 903 4306 fructumque
933 4249 998 4288 ex
1029 4232 1330 4288 infecundo
1366 4234 1579 4290 semine
1611 4235 1844 4305 largitus
1873 4245 1979 4297 est,
2021 4248 2177 4288 suam
2205 4231 2424 4288 scilicet
2465 4233 2640 4304 ipsius
2668 4235 2973 4290 secundum
3011 4252 3234 4295 carnem
3281 4246 3508 4311 praecel-

268 4330 617 4387 lentissimam
685 4338 959 4396 matrem,
1011 4327 1176 4398 cujus
1231 4325 1482 4396 profecto
1539 4338 1733 4382 uterus
1799 4331 2002 4385 ctelum
2084 4329 2267 4383 lactus
2315 4334 2422 4390 est,
2481 4327 2934 4398 quandoquidem
2994 4333 3101 4402 qui.
3158 4334 3314 4388 nullo
3386 4337 3506 4392 loco

259 4426 422 4497 excipi
458 4432 665 4495 potest,
697 4424 746 4481 is
774 4425 828 4480 in
853 4438 920 4479 eo
943 4422 1370 4478 contubernium
1405 4422 1614 4478 habuit.

309 4579 537 4648 Συνῳὸὰ
555 4579 615 4633 δὲ
640 4576 853 4640 τούτοις
899 4576 996 4630 καὶ
1024 4576 1188 4647 ἡμεῖς
1225 4575 1362 4645 αὐτῇ
1392 4575 1458 4645 τῇ
1510 4571 1822 4647 καλουμένῃ

1999 4571 2294 4627 Consonas
2352 4569 2537 4638 itaque
2577 4569 2728 4625 hisce
2783 4569 2981 4628 laudes
3010 4583 3064 4628 et
3092 4588 3193 4631 nos
3225 4580 3506 4645 persolva-
3585 4603 3596 4620 ιι

247 4677 437 4744 στείρᾳ
471 4671 627 4733 ποτὲ,
659 4667 754 4724 νῦν
774 4669 831 4722 δὲ
851 4669 1018 4739 μητρὶ
1039 4667 1310 4739 γενομένῃ
1358 4666 1452 4720 τοῦ
1488 4665 1820 4735 παρθενικοῦ

239 4756 516 4834 θαλάμου,
537 4762 637 4831 τὴν
660 4760 938 4831 εὐφημίαν
977 4759 1356 4829 προσάξωμεν.
1393 4757 1652 4828 Εἴπωμεν
1683 4759 1823 4828 μετὰ

223 4857 332 4930 τῆς
371 4855 602 4924 Γραφῆς
626 4853 762 4924 πρὸς
785 4852 975 4922 αὐτὴν,
1011 4852 1256 4920 εἴπωμεν
1282 4867 1295 4880 ·
1354 4850 1441 4912 Ὡς
1491 4849 1762 4920 μακάριος
1795 4853 1823 4904 ὁ

218 4943 386 5005 οἶκος
418 4946 605 5009 Δαυῖδ,
639 4945 698 5010 ἐξ
747 4939 810 4999 οὗ
847 4943 1250 5015 προελήλυθαςί
1287 4943 1381 4996 καὶ
1423 4945 1456 5014 ἡ
1483 4943 1671 5012 νηδὺς,
1701 4945 1760 4996 ὲν

211 5039 478 5097 ³κιϐωτὸν
524 5037 868 5104 ἁγιὰσματος
922 5033 1057 5097 Θεδς
1107 5035 1493 5088 ὲτεκτόνευσεί
1533 5035 1632 5105 τὴν
1662 5037 1824 5089 αὑτὸν

212 5125 502 5200 inﬁmo;
529 5127 834 5197 κυήσασαν.
863 5125 1050 5188 Οὕτως
1067 5126 1132 5179 σὺ
1167 5126 1435 5197 μακαρία,
1461 5128 1554 5180 καὶ
1584 5144 1822 5198 τρισμα-

215 5221 432 5290 nupta.
465 5219 501 5288 ἡ
531 5217 962 5287 θεομακάριστον
986 5215 1184 5286 βρέφος
1221 5217 1668 5286 ὲγκυμονήσασα,
1703 5218 1823 5270 Μα-

229 5315 363 5378 ρίαν
388 5309 454 5362 τδ
477 5308 848 5378 πολυτίμητον
891 5307 1087 5377 ὄνομα,
1120 5306 1179 5372 ἐξ
1226 5301 1295 5379 ἦς
1318 5309 1346 5360 ὁ
1367 5309 1602 5378 Χριστὸς
1638 5311 1698 5363 τὸ
1721 5312 1819 5381 τῆς

229 5402 383 5470 ζωῆς
418 5399 790 5470 ἐχρημάτισεν
803 5398 986 5462 ἄνθος.
1018 5393 1084 5470 ἧς
1139 5399 1236 5451 καὶ
1265 5400 1298 5468 ἡ
1341 5400 1566 5470 πρόοδος
1586 5400 1818 5466 ἔνδοξος,

243 5493 334 5544 καὶ
363 5493 398 5562 ἡ
422 5491 552 5545 ὠδὶν
583 5491 986 5563 ύπερκόσμιος,’
1006 5490 1389 5561 Συγχαέρομὲν
1422 5507 1504 5544 σοι
1528 5492 1818 5562 καὶὴμείς,

255 5574 296 5634 ὦ
325 5581 584 5637 πανολδία
610 5599 624 5612 ·
653 5585 754 5654 τὴν
785 5582 895 5652 γὰρ
943 5581 1162 5636 πάντων
1196 5581 1353 5652 ἡμῶν
1402 5582 1594 5635 ἐλπίδα
1623 5583 1819 5636 θεοδὼ-

217 5727 224 5730 _
265 5688 404 5741 ρητον
426 5657 762 5742 ἐπαγγελίας
815 5673 1133 5741 ἀπεκύησας
1175 5674 1440 5744 γέννημα.
1484 5672 1741 5743 Μακαρία
1773 5672 1824 5727 εἳ

265 5763 478 5833 ἀληθῶς,
529 5767 622 5818 καὶ
671 5765 934 5834 μαγάριος
985 5764 1014 5816 ὁ
1069 5763 1284 5832 καρπὸς
1321 5763 1419 5834 τῆς
1449 5761 1661 5826 κοιλίας
1703 5775 1816 5818 σου.

565 5886 829 5944 Ριιτιιοι..
872 5885 992 5944 Gn.
1028 5878 1257 5940 XCVII.

1933 4680 2055 4718 nius
2085 4664 2158 4727 ei,
2197 4676 2319 4729 quae
2366 4660 2570 4718 sterilis
2604 4663 2736 4715 olim
2797 4665 3119 4732 vocabatur,
3144 4682 3293 4723 nunc
3322 4679 3504 4725 autem

1931 4755 2163 4824 virginei
2228 4751 2453 4804 thalami
2517 4761 2692 4804 mater
2732 4751 2929 4808 ellecta
2991 4764 3100 4811 est.
3140 4756 3407 4817 Dicamus
3437 4764 3512 4819 ad

1927 4863 2051 4900 eam
2086 4859 2194 4898 una
2224 4859 2348 4897 cum
2399 4842 2578 4898 sacris
2610 4843 2854 4914 paginis,
2887 4845 3143 4904 dicamus
3177 4867 3189 4903 :
3220 4850 3392 4917 Quam
3426 4853 3506 4909 leo

1932 4938 2005 4990 lix
2041 4939 2244 4990 domus
2305 4932 2558 4995 Davidis,
2583 4950 2648 4990 ex
2701 4951 2808 5006 qua
2842 4941 3184 5008 provenistii
3227 4942 3398 5009 Quam
3432 4947 3507 4999 le-

1929 5030 2001 5082 lix
2033 5035 2224 5080 venter
2285 5035 2438 5087 tuus,
2465 5026 2520 5078 in
2567 5041 2680 5096 quo
2709 5031 3180 5089 sanctiﬁcationis
3212 5049 3396 5091 arcam
3427 5041 3506 5090 l'a-

1928 5119 2171 5175 hricatus
2227 5127 2313 5173 est
2351 5118 2495 5174 Deus
2531 5121 2542 5173 ι
2573 5120 2720 5175 illam
2776 5123 3065 5189 videlicet,
3107 5143 3231 5196 quae
3277 5129 3398 5184 sine
3419 5147 3507 5186 se-

1927 5211 2072 5264 mine
2119 5211 2300 5280 ipsnm
2359 5212 2703 5284 conciperet.
2771 5212 2914 5272 Vere
2961 5217 3188 5286 quidem
3224 5217 3384 5274 beata
3418 5236 3500 5283 es.

1927 5316 1989 5354 ac
2020 5311 2103 5356 ter
2162 5304 2338 5366 beata,
2389 5319 2514 5373 qua:
2573 5303 2782 5362 divinis
2810 5309 3135 5364 muneribus
3164 5312 3499 5367 cumulatam

1922 5396 2159 5464 puellam
2193 5396 2460 5466 genuisti,
2501 5396 2750 5464 Mariam,
2795 5401 3053 5469 inquam,
3114 5417 3374 5472 magnum
3428 5407 3497 5473 ill-

1927 5487 2018 5540 iud
2079 5502 2302 5550 nomen.
2337 5491 2484 5544 onmi
2542 5491 2704 5546 laude
2753 5493 3016 5561 omnique
3055 5494 3267 5551 honore
3320 5514 3504 5568 prose"-

1925 5579 2245 5648 quendum;
2279 5597 2344 5636 ex
2379 5597 2485 5651 qua
2517 5583 2773 5639 Christus
2801 5585 2923 5639 vita:
2948 5585 3050 5644 llos
3081 5590 3303 5660 erupit:
3339 5593 3501 5666 cujus

1926 5679 1980 5724 et
2037 5669 2436 5727 incrementum
2483 5673 2807 5743 gloriosum,
2869 5685 2922 5730 et
3008 5679 3499 5748 praaclarissimum

1929 5764 2299 5832 puerperium.
2336 5762 2691 5824 Gratulamur
2720 5769 2814 5824 tibi
2856 5781 2908 5824 et
2939 5789 3058 5825 nos.
3095 5789 3127 5823 ο
3157 5773 3494 5835 beatissima.

3058 5887 3125 5946 27
