3862 6318
653 335 704 356 ,ιο-
745 328 791 340 ““““
805 326 814 332 ’
831 325 878 332 ”””
900 311 908 320 ’

241 399 346 472 845

1241 401 1322 468 ΙΝ
1367 401 1890 472 NATIVITATEM
1932 407 2000 472 Β.
2039 405 2324 472 MARLE.
2357 405 2475 473 III.

3385 377 3502 478 846‘

241 519 537 592 πέμψωμεν
565 513 795 591 αὔραις,
851 517 986 590 φέρε
1041 519 1104 589 δὴ
1157 521 1252 572 καὶ
1276 521 1446 590 αὐτὴν
1477 522 1556 585 εἰς
1586 521 1813 592 δύναμιν

1921 525 2422 579 conlirmationem.
2463 521 2662 577 Verum
2696 533 2754 576 ut
2799 524 3142 593 pervicacem
3178 524 3489 582 Iudaeorum

235 614 325 680 τὴν
353 610 630 681 Παρθένον
656 609 720 674 ἐξ
751 611 924 679 αὐτῆς
977 605 1144 662 οὖσαν
1179 610 1277 679 τῆς
1307 612 1464 681 ῥίζης
1489 611 1655 665 Δαϐὶδ
1680 613 1815 665 ἀπο-

235 700 505 770 δείξωμεν,
542 699 797 769 μάρτυσι
817 703 927 763 τοῖς
957 701 1368 767 εὐαγγελισταῖς
1396 701 1689 771 χρώμενοι,
1723 702 1816 755 καὶ

237 792 302 858 τῷ
340 790 434 857 τῆς
464 789 712 860 Γραφῖκ·
746 790 1023 860 ἰδιώματι.
1075 793 1287 863 Χρῆναι
1315 791 1360 846 δ’
1399 789 1492 847 οῦν
1526 788 1682 864 οἶμαι
1717 795 1814 857 τὰς

237 883 330 935 ἀπὸ
372 877 467 933 τοῦ
511 882 684 935 Δαεῖιδ
755 883 952 950 γενεὰς
997 883 1508 955 διαψηλαφήσαντα,
1549 886 1690 938 κατὰ
1716 886 1815 954 τὴν

233 975 314 1025 τοῦ
351 976 532 1027 Λουκᾶ
556 975 652 1027 καὶ
686 974 786 1027 τοῦ
817 975 1100 1029 Ματθαίου
1158 977 1532 1046 γενεαλογίαν,
1579 979 1678 1048 τὴν
1713 976 1814 1047 μὲν

233 1064 678 1128 ἀναποδίζουσαν,
715 1067 813 1120 τὸν
843 1067 920 1129 δὲ,
960 1067 1195 1135 καθεξῆς
1246 1069 1562 1134 όδεύουσαν,
1589 1069 1676 1122 διὰ
1706 1070 1814 1122 τῶν
1849 1110 1858 1119 .

233 1159 398 1226 ἄκρων
419 1158 763 1227 ἐπισυνάψαι
796 1159 886 1211 τὸν
905 1158 1054 1212 νοῦν·
1085 1158 1184 1213 εἷθ’
1208 1160 1379 1224 οὕτως
1409 1161 1506 1231 τὴν
1529 1162 1812 1230 σύγχυσιν,

232 1246 341 1298 καθ’
375 1248 439 1316 ῆν
465 1250 498 1317 ἠ
524 1251 659 1319 περὶ
683 1250 814 1313 τοῦς
839 1251 1098 1314 τεκόντας
1148 1252 1241 1303 τὸν
1289 1253 1488 1321 Ἰωσὴφ
1543 1251 1812 1322 συνεχύθη

235 1341 528 1406 συγγένεια,
580 1343 709 1395 καθ’
747 1343 938 1413 είρμδν
977 1343 1265 1408 ἐκθέσθαι,
1320 1344 1416 1398 καί⁵
1452 1344 1545 1396 τὸν
1587 1346 1811 1411 τρόπον,

234 1431 342 1483 καθ’
367 1432 425 1484 ὃν
451 1435 548 1486 καὶ
593 1436 630 1504 ἡ
666 1435 954 1505 Παρθένος
997 1438 1059 1487 ὲκ
1121 1437 1310 1504 γένους
1357 1438 1663 1504 κατάγεται
1717 1434 1812 1488 τοῦ

233 1523 381 1576 Δαὸὶδ
407 1525 662 1594 ἐναργῶς
693 1527 1016 1591 ἀποδεῖξαι·
1052 1527 1149 1582 καὶ
1175 1529 1344 1598 μηδὲν
1371 1529 1480 1582 τῶν
1496 1529 1615 1582 κατ’
1645 1529 1816 1598 αὐτὴν

233 1615 607 1668 ἀναπόδεικτον
638 1617 752 1686 εἴη.
797 1618 997 1672 Τοῦτον
1018 1619 1129 1689 γὰρ
1154 1614 1269 1671 οἶδα
1305 1620 1510 1682 παντὸς
1536 1619 1814 1688 ὲγκωμίου

234 1706 603 1775 λαμπρότατον
630 1708 880 1775 ἔπαινον,
912 1711 971 1762 τὸ
992 1715 1110 1772 ταῖς
1134 1711 1424 1781 θεομάχοις
1456 1709 1817 1780 άνθοπλισθῆ-

234 1815 310 1848 ναι
345 1797 643 1864 γλώσσαις,
718 1800 815 1852 καὶ
887 1802 995 1853 πᾶν
1047 1801 1362 1871 ἀποφράξαι
1429 1800 1621 1869 στόμα,
1676 1799 1816 1852 κατὰ

236 1889 424 1960 ταύτης
452 1891 902 1960 φρυασσόμενον.
929 1891 1204 1963 Ἀρξομαι
1245 1891 1376 1958 γοῦν
1406 1889 1676 1945 ἐντεῦθεν.

1919 614 2131 669 veritati
2189 615 2581 668 oblatrantium
2642 615 3047 670 contentionem
3101 615 3168 669 ad
3220 619 3493 688 mendacii

1917 722 2080 762 auras
2113 708 2447 777 ablegemus,
2476 722 2572 776 age
2600 707 2770 776 ipsam
2793 707 2932 761 hanc
2961 724 3181 780 quoque
3211 707 3492 781 Virginem

1918 814 2016 868 pro
2069 798 2218 852 virili
2270 807 2456 853 nostra
2510 813 2576 853 cx
2625 798 2738 867 ipsa
2796 796 3016 854 Davidis
3073 800 3256 856 radice
3310 813 3492 858 ortum

1916 889 2143 944 duxisse
2208 889 2678 955 demonstremus,
2710 889 3080 958 evangelistas
3132 892 3284 961 ipsos
3326 902 3496 950 testes

1916 981 2260 1045 adhibentes,
2293 991 2457 1050 atque
2491 981 2664 1049 ipsam
2709 981 3010 1050 Scriptura:
3044 998 3217 1038 sacrae
3253 986 3496 1054 peculia-

1916 1083 2030 1121 rem
2061 1065 2321 1137 loquendi
2355 1067 2640 1121 rationem.
2669 1068 2864 1137 Operae
2903 1071 3136 1140 pretium
3167 1081 3348 1126 autem
3371 1089 3494 1129 esse

1919 1158 2178 1221 arbitror,
2205 1157 2568 1213 consideratis
2608 1174 2670 1211 ac
2699 1160 2845 1212 velut
2877 1163 3236 1216 contrectatis
3273 1162 3494 1220 Davidis

1916 1249 2384 1319 generationibus,
2435 1250 2592 1315 juxta
2644 1249 2805 1305 Luca:
2857 1267 2921 1306 ac
2963 1251 3200 1309 Matthei
3242 1257 3494 1326 genealo-

1916 1340 2082 1406 giam,
2126 1356 2359 1410 quarum
2404 1343 2574 1396 altera
2623 1342 2865 1407 inverso,
2903 1343 3073 1398 altera
3117 1355 3266 1400 recto
3305 1348 3498 1402 ordine

1918 1435 2294 1503 progreditur,
2330 1449 2427 1504 per
2456 1443 2699 1489 extrema
2738 1444 2976 1498 mentem
3022 1451 3086 1491 ac
3127 1454 3352 1492 sensum
3405 1454 3499 1492 ro-

1916 1527 2137 1593 pulare,
2190 1535 2356 1594 atque
2397 1525 2470 1578 ita
2517 1524 2712 1579 deinde
2763 1525 3145 1582 confusionem
3199 1545 3343 1593 eam,
3404 1545 3499 1597 per

1916 1632 2080 1686 quam
2134 1628 2420 1688 parentqu
2473 1616 2696 1686 .losephi
2761 1619 3014 1688 cognatio
3065 1623 3328 1688 permista
3390 1629 3496 1680 est,

1918 1708 2060 1762 serie
2093 1707 2326 1776 quadam
2364 1725 2656 1779 exponere,
2691 1724 2752 1762 ac
2793 1711 3039 1772 modum,
3074 1727 3182 1780 quo
3209 1713 3324 1781 ipsa
3356 1729 3500 1782 quo-

1919 1813 2024 1866 que
2058 1795 2222 1867 Virgo
2248 1816 2312 1852 ex
2351 1799 2556 1854 Dav-ide
2584 1800 2760 1863 ﬂuxit,
2794 1812 2981 1869 aperte
3015 1801 3301 1855 declarare
3331 1821 3342 1855 :
3386 1819 3497 1871 quo

1847 1869 2055 1942 Bnihil
2090 1905 2304 1955 eorum,
2354 1907 2475 1959 qua:
2526 1891 2592 1944 ad
2652 1891 2826 1960 ipsam
2877 1894 3130 1954 attinent,
3174 1869 3496 1964 probatione

235 1997 323 2037 sua
359 1993 562 2038 careat.
611 1982 774 2036 lianc
823 1983 1043 2037 demum
1080 1985 1226 2036 enim
1265 1983 1480 2036 laudem
1547 1982 1696 2037 onmi
1744 1979 1978 2035 eucomii
2049 1995 2248 2046 genere
2295 1982 2694 2049 prteclariorem
2777 1981 3306 2054 luculentioremquc
3376 2001 3500 2040 esse

239 2075 353 2128 mihi
385 2075 713 2145 persuadeo,
757 2092 951 2146 nempe
981 2076 1272 2132 adversum
1331 2077 1530 2148 impias
1591 2075 1811 2148 linguas
1842 2089 1995 2128 arma
2028 2074 2276 2141 induere,
2314 2090 2487 2146 osque
2537 2091 2699 2131 omne
2766 2075 3028 2134 adversus
3064 2092 3184 2132 eam
3258 2080 3499 2134 h'emens

237 2167 412 2222 obtura
421 2185 497 2222 re.

300 2262 402 2314 Καί
430 2279 520 2332 μοι
573 2264 1010 2332 συγγινωσκέτω
1063 2266 1174 2320 τῶν
1220 2269 1346 2339 τῇδε
1375 2269 1680 2340 παρόντων,
1721 2268 1816 2322 καὶ

240 2352 398 2420 λόγοις
425 2354 898 2425 ὲντεθραμμένων
924 2356 1181 2422 ἕκαστος,
1227 2359 1442 2429 ἀπείρῳ
1471 2376 1532 2412 τε
1563 2359 1678 2412 ὄντι
1705 2358 1815 2411 τῶν

243 2442 418 2508 ἔξωθεν
451 2447 898 2517 γυμνασμάτων,
930 2447 1145 2500 καὶτοῦ
1172 2448 1236 2518 δὴ
1265 2450 1428 2520 χάριν
1469 2449 1812 2520 ἀσχάλλοντι,

246 2535 327 2588 ἆτε
375 2535 489 2590 ὀδδν
520 2538 796 2608 ἐπίτομον
825 2538 901 2609 μὴ
938 2540 1251 2608 εὑρίσκοντι
1279 2540 1371 2594 τοῦ
1403 2541 1614 2604 δέοντος
1648 2544 1817 2612 πρόσ-

247 2645 409 2697 φορον.
436 2630 634 2699 Ὅμως
665 2631 752 2702 τῷ
781 2632 1084 2686 διδάσκοντι
1111 2627 1389 2704 Πνεῦματι
1415 2634 1591 2687 πάντα
1611 2633 1818 2704 ἄνθρω-

249 2735 332 2774 πον
366 2721 563 2789 γνῶσιν
594 2724 988 2795 τεθαρρηκὼς,
1015 2725 1151 2796 πρὸς
1190 2725 1252 2778 τὸ
1293 2725 1652 2796 προκείμενον
1684 2729 1818 2780 ἀπο-

247 2810 441 2882 δύομαι.
472 2817 663 2886 Νόμος
691 2817 985 2886 τοιγαροῦν
1014 2819 1239 2888 ἐκράτει
1268 2817 1330 2870 τὸ
1359 2819 1609 2881 παλαιὸν,
1643 2819 1717 2890 μὴ
1751 2819 1816 2872 ἂν

248 2903 448 2960 ἄλλοθεν
475 2911 614 2964 ’τῶν
672 2911 860 2979 φυλῶν
896 2910 1133 2978 ἑκάστην
1180 2914 1418 2978 γυναῖκα
1455 2912 1592 2982 πρὸς
1633 2912 1813 2980 γάμον

251 2994 451 3062 ἄγεσθαι
482 2999 774 3065 δύνασθαι,
809 3001 884 3070 μὴ
911 3000 1014 3068 τῆς
1045 2999 1192 3070 αὑτῷ
1223 3001 1586 3053 κοινωνοῦσαν
1619 3001 1810 3070 φυλῆς.

255 3087 431 3141 Ὀτιδὲ
499 3091 668 3145 τοῦτό
727 3093 876 3144 ἐστιν
921 3091 1140 3159 ἀληθὲς,
1176 3092 1354 3145 αὐτῶν
1383 3093 1545 3147 ἄκουε
1581 3093 1690 3146 τῶν
1721 3091 1812 3147 τοῦ

1991 2264 2121 2318 Mihi
2150 2279 2276 2319 vero
2305 2263 2548 2333 ignoscat
2570 2263 2728 2318 velim
2769 2265 3002 2334 quilibet
3031 2280 3249 2332 eorum,
3283 2268 3376 2338 qui
3411 2267 3503 2325 hic

1921 2355 2143 2419 adsunt,
2201 2371 2264 2408 ac
2319 2356 2624 2410 litterarum
2679 2357 2863 2411 studia
2915 2358 3229 2423 coluerunt,
3295 2370 3354 2413 ut
3405 2361 3500 2430 qui

1922 2445 2279 2516 profanorum
2346 2450 2900 2502 exercitamentorum
2974 2450 3262 2518 imperitus
3339 2452 3497 2516 sim,

1923 2546 2327 2607 proptereaque
2358 2553 2528 2609 angar
2561 2548 2616 2594 et
2646 2540 2973 2604 discrucier,
3011 2551 3200 2610 utpote
3234 2557 3499 2614 compen-

1916 2629 2148 2683 diariam
2201 2631 2340 2683 viam
2389 2637 2556 2700 atque
2609 2631 2867 2686 instituto
2917 2645 3244 2703 argumento
3279 2651 3498 2690 accom~

1877 2715 1889 2727 ’
1917 2722 2191 2774 modatam
2244 2722 2467 2776 minime
2496 2724 2844 2778 nanciscens.
2879 2723 3252 2780 Nihilominus
3296 2736 3499 2793 tamen,

1917 2811 2154 2880 Spiritus
2187 2813 2384 2873 sancti,
2422 2814 2516 2882 qui
2551 2813 2710 2867 docet
2743 2829 2961 2870 omnem
3006 2819 3280 2873 hominem
3319 2821 3500 2875 scien-

1921 2899 2076 2965 tiain,
2129 2917 2231 2972 0pc
2279 2910 2444 2971 atque
2474 2894 2681 2956 auxilio
2747 2904 2938 2970 fretus,
3005 2910 3343 2976 propositam
3388 2925 3504 2963 ma-

1923 2993 2115 3046 teriam
2148 2996 2456 3063 aggredior.
2492 2995 2634 3064 Ergo
2665 2996 2768 3049 hoc
2811 2998 2938 3052 olim
2975 2999 3090 3068 lege
3124 3014 3500 3071 comparatum

1921 3094 2058 3150 erat,
2089 3093 2148 3139 ut
2180 3101 2341 3139 nemo
2369 3101 2436 3139 cx
2473 3086 2580 3138 ulla
2614 3087 2758 3140 tribu
2799 3103 3021 3142 uxorem
3064 3093 3288 3147 aliunde
3337 3108 3500 3162 quam

250 3177 394 3248 νόμον
426 3183 626 3252 ῥητῶν,
661 3183 899 3252 ἐχόντων
923 3184 1014 3234 ἐπὶ
1044 3184 1242 3248 λέξεως
1266 3184 1410 3237 οὕτω
1433 3202 1444 3214 ·
1480 3188 1588 3238 Καὶ
1619 3186 1812 3239 ἐνετεί-

1923 3189 1986 3230 ex
2045 3191 2144 3229 sua
2177 3176 2427 3247 accipere
2483 3187 2685 3246 posset.
2737 3177 2893 3242 Quod
2936 3189 3116 3235 autem
3159 3183 3260 3237 hoc
3309 3200 3499 3238 verum

253 3269 363 3323 λατο
382 3273 616 3344 Μωῡσῆς
668 3278 783 3338 τοῖς
827 3277 961 3350 υἱοῖς
1000 3276 1218 3347 Ἰσραὴλ
1265 3277 1354 3330 διὰ
1394 3279 1818 3347 προστάγματος

254 3362 459 3432 Κυρίου,
518 3365 732 3436 λέγων’
794 3367 870 3419 Οὐ
932 3370 1441 3438 περιστραφήσεται
1516 3372 1628 3432 τοῖς
1684 3371 1818 3431 υἱοῖς

265 3450 474 3525 Ἰσραὴλ,
522 3457 634 3510 ἀπὸ
686 3457 860 3527 φυλῆς
911 3459 990 3520 εἰς
1017 3458 1213 3528 φυλὴν,
1253 3459 1334 3511 ὅτι
1384 3459 1615 3524 ἕκαστος
1652 3462 1709 3512 ὲν
1748 3462 1816 3531 τῇ

255 3541 564 3620 κληρονομία
595 3548 707 3617 τῆς
746 3549 920 3618 φυλῆς
969 3549 1068 3618 τῆς
1100 3549 1374 3620 πατρικῆς
1417 3550 1584 3602 αὑτοῦ
1644 3567 1816 3620 προσ-

258 3633 665 3706 κολληθήσονται
715 3643 764 3693 οἱ
824 3641 950 3704 υἱοὶ,
1021 3640 1138 3693 καὶ.Δ
1175 3643 1325 3694 πᾶσα
1380 3641 1628 3710 θυγάτηρ
1656 3643 1815 3712 ἀγχι-

259 3727 496 3782 στεύουσα
521 3731 896 3801 κληρονομίαν
947 3734 1010 3785 ἑκ
1045 3731 1154 3783 τῶν
1184 3731 1368 3799 φυλῶν
1397 3733 1532 3785 υἱῶν
1577 3734 1814 3802 Ἰσραὴλ,

261 3809 330 3865 ὲνὶ
356 3817 456 3870 τῶν
478 3821 540 3872 ἐκ
563 3818 665 3873 τοῦ
721 3820 893 3889 δήμου
941 3821 1040 3890 τῆς
1071 3820 1245 3891 φυλῆς
1280 3821 1375 3873 τοῦ
1409 3822 1618 3890 πατρὸς
1644 3823 1816 3892 αὐτῆς

261 3902 450 3960 ἔσονται
485 3913 768 3977 γυναῖκες,
801 3910 888 3963 ἵνα
920 3911 1318 3981 ἀγχιστεῦωσιν
1349 3913 1397 3964 οἱ
1429 3913 1536 3965 υἱοὶ
1576 3913 1813 3984 Ἰσραὴλ,

262 3992 464 4060 ἕκαστος
501 4001 602 4071 τὴν
669 4002 1034 4071 κληρονομίαν
1082 4002 1181 4072 τὴν
1219 4002 1493 4072 πατρικὴν
1538 4001 1725 4064 αὑτοῦ,
1758 4003 1815 4055 ὃν

261 4084 436 4151 τρόπον
463 4091 720 4156 συνέταξε
753 4090 958 4161 Κύριος
984 4091 1062 4162 τῷ
1096 4093 1328 4162 Μωῦσῇ.
1363 4095 1471 4146 Καὶ
1506 4094 1689 4163 μέντοι
1725 4095 1816 4146 καὶ

263 4171 561 4252 διεφυλάχθη
594 4181 754 4234 τοῦτο
790 4182 952 4251 μέχρι
1003 4182 1220 4252 καιροῦ.
1254 4184 1400 4247 Ἕως
1442 4185 1550 4256 γάρ
1572 4185 1722 4255 ἤνθει
1749 4185 1816 4237 τά

265 4263 664 4341 Ἰουδαίων,,καὶ
720 4271 786 4324 τὰ
829 4273 1098 4326 Μωσαῖκὰ
1146 4275 1814 4347 διατάγματα,ἦκμαζον,

266 4351 396 4406 οὐδὲν
417 4352 480 4427 ἦν
499 4361 608 4412 τῶν
644 4361 773 4431 παρ’
829 4363 1014 4424 αὐτοῖς
1055 4362 1216 4422 ἐθῶν,
1258 4364 1285 4415 ὃ
1327 4365 1402 4434 μὴ
1449 4365 1589 4417 κατὰ
1612 4364 1815 4433 θεσμὸν

269 4443 478 4513 ἐκράτει.
517 4452 637 4521 Ἀφ’
697 4444 758 4504 οὗ
801 4452 858 4504 δὲ
919 4453 1053 4522 πρὸς
1113 4455 1422 4525 ἀφανισμὸν
1469 4455 1687 4526 ἐχώρει.
1721 4459 1815 4510 καὶ⁸

271 4537 382 4604 πρὸς
399 4542 697 4598 τούναντίον
726 4545 871 4598 ἅπαν
891 4546 1282 4616 ἁπηυτομόλει,
1311 4549 1449 4600 κατὰ
1469 4549 1634 4619 μέρος
1656 4548 1811 4602 ἐλατ-

270 4625 494 4695 τούμενα,
523 4636 708 4688 οὐκέτι
735 4636 894 4703 λόγος
938 4639 1122 4701 αὐτοῖς
1157 4637 1416 4708 πατρῴας
1465 4641 1811 4710 εὐδαιμονίας

270 4722 616 4789 πεφρόντιστο.
646 4727 1001 4796 ὲθνικώτερόν
1025 4746 1140 4794 πως
1157 4729 1522 4800 διακειμένοις
1554 4732 1646 4784 τόν
1675 4731 1809 4801 βίον,

274 4809 350 4858 καὶ
370 4813 439 4874 είς
472 4817 631 4884 μηδὲν
658 4818 740 4870 ὅτι
767 4819 909 4887 μέγα
958 4817 1264 4889 τιθεμένοις
1309 4821 1370 4874 τὸ
1405 4823 1612 4893 χρῆμα,
1632 4825 1811 4876 καίτοι

277 4899 349 4949 τοῦ
373 4903 521 4970 νόμου
553 4908 922 4972 θεσπίζοντος,
977 4911 1084 4962 τῶν
1116 4914 1412 4982 προφητῶν
1461 4913 1808 4983 ἐμϐοῶντων,

275 4991 350 5039 καὶ
369 4992 448 5048 διὰ
469 5000 639 5068 πάσης
695 5000 882 5069 σχεδὸν
916 5001 1015 5069 τῆς
1040 5002 1264 5071 Γραφῆς
1292 5003 1458 5056 αὑτοῦ
1505 5004 1808 5077 animi/“'4'

276 5087 502 5149 Ρουμένου
524 5091 616 5144 τοῦ
640 5091 795 5155 Θεοῦ,
829 5094 905 5162 μὴ
930 5092 1249 5162 διαχεῖσθαι,
1292 5095 1368 5166 μὴ
1394 5095 1704 5168 διαφθεῖραι
1743 5099 1812 5151 τὰ

278 5169 466 5245 νόμιμα,

345 5433 476 5493 Ἐπεὶ
525 5440 615 5497 οῦν
670 5445 959 5516 παροινίας
989 5447 1086 5516 τῆς
1143 5449 1220 5512 εἰς
1273 5450 1402 5504 Θεὸν
1433 5454 1590 5526 δίκην
1632 5457 1692 5509 οὐ
1716 5457 1812 5528 τὴν

282 5528 504 5592 τυχοῦσαν
532 5535 720 5590 Εδοσαν
741 5539 791 5590 ol.
836 5537 1100 5603 Ἰουδαῖοι,
1130 5534 1206 5593 ὧν
1231 5561 1290 5595 τε
1328 5545 1587 5610 πολλάκις
1619 5551 1811 5620 παροί-

284 5624 610 5690 στρησαν,καὶ
637 5628 736 5698 τῆς
783 5629 1040 5699 πατρῴας
1093 5633 1443 5706 ἐξεστηκότες
1499 5639 1808 5706 θεοσεϐείας

336 5787 359 5828 ά
381 5791 518 5854 Nam.
557 5821 737 5872 “ut,
773 5809 800 5858 7
830 5827 988 5876 seqq.

1921 3269 2016 3334 sit,
2062 3271 2177 3338 ipsa
2219 3271 2351 3338 legis
2387 3271 2546 3325 verba
2586 3271 2742 3331 audi,
2793 3287 2917 3340 qua:
2957 3273 3021 3326 ad
3076 3274 3224 3328 hunc
3277 3291 3502 3344 prorsus

1922 3361 2140 3412 modum
2197 3360 2399 3414 habent
2459 3379 2472 3415 :
2519 3361 2584 3414 Et
2610 3362 2891 3414 mandavit
2926 3361 3138 3434 Moyses
3179 3367 3306 3420 liliis
3335 3367 3500 3423 Israel

1920 3469 2016 3522 per
2047 3463 2380 3524 praeceptum
2421 3451 2660 3516 Domini,
2691 3453 2882 3508 dicens
2909 3473 2922 3508 :
2957 3453 3074 3510 Non
3110 3461 3501 3514 convertemini

1917 3546 1985 3600 de
2043 3547 2189 3599 tribu
2248 3545 2302 3598 in
2370 3544 2574 3598 tribum
2626 3560 2640 3596 :
2693 3546 2954 3613 quoniam
3011 3548 3389 3618 unusquisque
3447 3551 3502 3605 in

1920 3636 2238 3690 haereditate
2287 3635 2461 3689 tribus
2504 3650 2618 3689 sua:
2649 3646 2890 3702 paterna:
2939 3639 3391 3695 adhatrebuntd:
3449 3655 3504 3696 et

1916 3729 2097 3782 Omnis
2133 3727 2241 3780 lilia
2283 3726 2588 3794 propinqua
2627 3726 3004 3781 luereditatem
3047 3731 3252 3786 habens
3294 3750 3357 3786 ex
3401 3735 3502 3788 tri-

1919 3817 2094 3870 bubus
2124 3817 2358 3870 liliurum
2392 3818 2578 3879 Israel,
2615 3815 2708 3868 uui
2735 3832 2924 3870 eorum
2950 3820 3042 3885 qui
3072 3828 3290 3874 suntex
3337 3825 3526 3875 domo-

1917 3907 2092 3959 tribus
2135 3907 2306 3976 patris
2351 3905 2461 3968 sui,
2493 3905 2596 3958 erit
2639 3921 2796 3968 uxor,
2829 3916 2882 3964 et
2918 3925 3014 3977 per
3045 3913 3330 3980 sanguinis
3375 3931 3500 3983 pro-

1919 3998 2275 4067 pinquitatem
2319 3997 2700 4065 unusquisque
2735 4013 2801 4050 ex
2837 3999 2960 4052 liltis
2993 4000 3157 4055 Israel
3216 4013 3500 4069 paternam

1917 4103 2072 4143 Suam
2131 4089 2501 4142 hereditatem
2543 4089 2833 4157 percipiet,
2869 4092 3330 4156 quemadmodum
3370 4113 3502 4150 con-

1916 4178 2096 4231 stituit
2149 4178 2409 4231 Dominus
2449 4176 2642 4246 Moysi.
2675 4179 2752 4230 Ac
2794 4193 2926 4232 sane
2965 4181 3066 4232 hoc
3103 4181 3501 4253 aliquantisper

1916 4268 2134 4338 quidem
2183 4267 2536 4322 observatum
2565 4275 2672 4322 est.
2718 4266 2971 4332 Quandiu
3003 4269 3149 4322 enim
3185 4268 3500 4324 Judaeorum

1918 4376 2004 4414 res
2035 4359 2322 4419 ﬂorebant,
2351 4374 2413 4410 ac
2445 4357 2680 4412 Mosaica
2710 4367 2978 4428 prmcepta
3015 4361 3290 4430 vigebant,
3320 4365 3502 4416 nullus

1923 4452 2065 4521 apud
2116 4466 2212 4505 eos
2268 4450 2406 4503 ritus
2469 4459 2609 4512 erat,
2657 4450 2749 4519 qui
2805 4465 2912 4505 non
2954 4451 3108 4520 juxta
3164 4455 3331 4523 legem
3392 4455 3500 4506 vim

1921 4559 2075 4597 suam
2101 4543 2393 4597 obtineret.
2429 4545 2495 4595 At
2535 4551 2888 4611 posteaquam
2921 4543 2975 4595 in
3001 4545 3228 4597 exitium
3258 4546 3500 4607 tendere,

1913 4645 2076 4704 atque
2111 4635 2164 4687 iu
2201 4634 2541 4688 contrarium
2597 4641 2828 4703 prorsus
2873 4634 3210 4699 desciscere,
3269 4642 3503 4692 sensim—

1910 4741 2018 4794 que
2057 4725 2226 4778 minui
2261 4733 2567 4793 ca-pcruut,
2604 4740 2710 4778 non
2735 4726 2847 4795 jam
2880 4728 3018 4796 ipsis
3061 4730 3234 4797 patria
3267 4732 3502 4789 felicitas

1912 4835 2057 4873 cura:
2090 4818 2218 4879 fuit,
2250 4830 2309 4870 ut
2341 4819 2430 4886 qui
2462 4820 2745 4887 gentilium
2782 4821 3189 4890 quodammodo
3266 4825 3370 4879 ritu
3422 4827 3504 4880 vi-

1926 4922 2036 4964 tam
2082 4910 2463 4978 instituerent,
2501 4930 2679 4982 neque
2709 4915 3003 4968 admodum
3039 4921 3218 4988 magni
3258 4937 3368 4974 rem
3401 4921 3502 4972 hu-

1912 5003 2154 5072 jusmodi
2206 5005 2525 5074 penderent,
2564 5008 2779 5060 tatnetsi
2813 5007 3016 5076 alioqui
3051 5011 3165 5080 lege
3193 5013 3496 5078 Sanciente,

1921 5098 2200 5165 prophetis
2234 5098 2684 5161 iuclamantibus,
2733 5109 2896 5169 atque
2928 5101 3065 5156 adeo
3099 5105 3335 5172 ipsomct
3392 5105 3500 5160 Deo

1925 5197 2207 5256 perlatam
2238 5190 2582 5258 Scripturam
2608 5192 2937 5246 testiliraute
2961 5203 3126 5263 atque
3149 5198 3498 5261 admonente,

1922 5297 1987 5332 ne
2027 5279 2227 5332 animis
2271 5279 2707 5342 eliuudcrentur,
2759 5296 2822 5334 ac
2869 5282 3138 5350 legitimas
3182 5286 3499 5338 sam-tiones

1922 5386 2001 5423 ron
2020 5379 2350 5437 rumperent.

1992 5459 2354 5530 Posteaquam
2396 5459 2754 5530 igiturJudmi
2782 5477 2893 5514 sua:
2920 5460 2972 5514 in
3009 5459 3175 5514 Deum
3214 5476 3490 5522 contume-

1922 5553 2004 5606 lia:
2043 5571 2148 5607 non
2189 5556 2464 5624 vulgarem
2510 5570 2726 5621 poenam
2775 5555 3168 5622 pependerunt,
3203 5573 3266 5611 ac
3299 5574 3398 5627 pro
3432 5573 3498 5615 eo

1916 5644 2060 5714 quod
2090 5662 2232 5716 saepe
2283 5657 2541 5714 tauquam
2587 5652 2761 5699 ωειιο
2801 5646 3035 5714 quodatu
3072 5649 3283 5718 perciti,
3333 5659 3499 5722 atque
