3840 6312
326 339 432 405 841

1529 340 1590 399 S.
1628 339 1962 399 ANDREAE
2001 340 2426 401 CRETE‘NSIS
3482 344 3570 408 ets

324 471 351 505 a
383 460 607 523 paterna
640 449 906 521 religione
932 449 1248 506 deficientes
1283 449 1350 503 ad
1373 459 1674 505 extremam
1711 464 1901 518 super-

2006 451 2086 513 είς
2126 451 2290 522 ἄκρον
2324 451 2761 521 δυσειδαιμονίας
2804 449 3257 522 ἐπεληλάκεσαν,
3283 451 3372 505 καί
3395 471 3469 508 τοι
3491 475 3569 510 πο-

321 545 602 600 stitiouem
665 550 1016 614 proruerant,
1073 542 1243 597 variis
1305 543 1481 598 modis
1528 557 1558 596 a
1615 541 1725 598 Deo
1788 539 1905 612 (20)

320 635 622 691 cxcruciati
649 634 870 689 fuerunt
908 633 928 703 (
959 648 1084 688 nam
1117 643 1174 688 et
1213 635 1349 688 urbs
1384 634 1676 690 obsidione
1723 633 1904 688 cincta

320 737 426 790 est,
483 732 539 781 et
598 739 758 780 sacra
823 721 1118 794 profanum
1175 724 1229 778 in
1294 722 1515 778 modum
1574 721 1811 800 direpta,
1852 729 1908 776 et

322 827 515 873 sancta
546 815 778 886 impuris
801 831 867 872 ac
890 816 1142 872 scelestis
1167 816 1398 885 pedibus
1427 815 1681 886 protrita,
1704 823 1757 868 ct
1772 829 1906 884 gens

323 910 442 979 ipsa
501 907 955 979 populationibus
990 924 1276 979 oppressa,
1323 910 1676 979 patriumque
1725 909 1904 964 solum

320 1017 598 1065 eversum,
643 1001 861 1071 ipsique
908 1000 964 1055 in
1023 1008 1268 1056 exteram
1327 1000 1607 1070 regionem
1659 1008 1907 1054 extorres

319 1095 428 1147 acti
485 1093 862 1149 miserandum
921 1093 1236 1148 videntibus
1285 1093 1684 1163 spectaculum,
1741 1099 1907 1162 atque

319 1184 670 1240 audientibus
737 1198 997 1238 acroama
1066 1185 1457 1254 praebuerunt,
1519 1182 1783 1252 omnique
1839 1199 1904 1236 ex

321 1285 475 1346 parte
499 1276 664 1331 cincti
695 1278 750 1330 in
773 1275 1116 1347 gravissimis
1144 1284 1198 1329 et
1231 1274 1732 1330 immedicabilibus
1759 1273 1906 1328 cala-

323 1365 606 1420 mitatibus
637 1363 840 1420 versati
869 1362 1167 1435 sunt),nec
1190 1365 1302 1434 jam
1335 1363 1616 1432 diligentia
1655 1363 1904 1418 adhiberi

321 1463 553 1526 poterat,
609 1470 714 1524 qua
771 1471 972 1526 genera
1032 1455 1334 1510 internosci
1395 1461 1660 1524 possent,
1718 1461 1906 1521 utpote

323 1547 579 1602 universa
641 1545 863 1600 natione
915 1545 1277 1600 adversarum
1331 1560 1536 1609 rerum,
1599 1552 1766 1615 atque
1820 1545 1904 1598 in-

321 1637 633 1706 gruentium
667 1621 912 1706 quotidie
950 1637 1221 1690 malorum
1261 1637 1403 1690 mole
1435 1650 1700 1706 oppressa
1723 1675 1738 1699 ,
1788 1644 1902 1690 tum

319 1741 449 1780 vero
480 1725 710 1794 singulae
735 1725 913 1780 tribus
941 1724 1248 1778 nobilitatis
1278 1739 1391 1779 sua:
1429 1725 1802 1794 praestantiam
1839 1738 1905 1779 ac

2008 539 2290 611 λυτρόπως
2323 543 2522 604 αὐτοὺς
2547 542 2873 605 κολάσαντος
2899 541 3000 595 τοῦ
3025 540 3200 606 Θεοῦ,
3238 543 3317 612 rvi;
3348 545 3459 613 μὲν,
3494 566 3574 601 που

2007 629 2399 703 λιορκουμένου
2423 631 2518 685 τοῦ
2571 632 2783 696 ἄστεος,
2821 632 3061 686 καὶτῶν
3112 632 3281 702 ἱερῶν
3310 634 3578 704 ὲκπορθου-

2010 723 2212 791 μένων.
2268 723 2378 776 τῶν
2441 740 2500 776 τε
2555 724 2728 790 ἁγίων
2765 727 2878 788 τοῖς
2925 725 3165 794 ὲναγέσι
3215 725 3312 780 καὶ
3363 725 3579 799 βεδήλοις

2009 813 2484 884 συμπατουμένων
2540 815 2704 868 ποσί·
2738 815 2814 886 πή
2861 815 2938 882 δὲ,
2965 815 3186 886 δηώσει
3230 816 3326 868 καὶ
3351 815 3583 890 λεηλασίᾳ

2007 903 2101 958 τοῦ
2134 904 2342 968 ἔθνους,
2393 909 2748 978 καταστροφῇ
2802 924 2863 960 τε
2916 907 3015 962 τοῦ
3060 906 3333 978 πατρῴου
3362 907 3581 975 ἐδάφους,

2007 991 2131 1046 καθ’
2170 994 2236 1064 ἢν
2271 994 2408 1064 πρὸς
2436 995 2744 1067 ἀλλοδαπὴν
2771 994 3203 1067 ἐξελαυνόμενοι
3223 996 3413 1067 ⁴ᾔεσαν,
3441 999 3584 1054 ἐλεει-

2006 1083 2096 1136 νὸν
2123 1087 2235 1148 τοῖς
2261 1085 2429 1156 ὁρῶσι
2468 1087 2672 1156 θέαμα.
2714 1089 2810 1140 καὶ
2840 1090 2951 1152 τοῖς
2991 1087 3306 1143 ἀκούουσιν
3337 1088 3582 1161 ἄκουσμα,

2007 1175 2194 1246 κύκλῳ
2241 1194 2301 1231 τε
2369 1167 2896 1251 περιεστοιχισμένοι
2939 1179 3286 1251 ἀνηκέστοις
3331 1181 3568 1248 ἐγίνοντο,

2009 1267 2209 1338 μηκέτι
2265 1269 2692 1340 φιλοκρινεῖσθαι
2765 1270 2861 1324 τοῦ
2936 1273 3143 1341 γένους
3200 1271 3585 1345 ίσχύοντος,τῴ

2005 1358 2160 1429 ἄχθει
2189 1359 2490 1429 πεζομένου
2519 1361 2626 1413 τῶν
2658 1362 2976 1432 συμφορῶν,
3009 1361 3098 1433 τῷ
3130 1362 3336 1434 πλήθει
3372 1365 3473 1417 τῶν
3502 1368 3583 1418 ιτ.-

2012 1451 2202 1503 ιόντων
2232 1449 2505 1521 ὁσημέραι
2529 1450 3140 1522 δυστυχημάτων,τότε
3163 1453 3230 1524 δὴ
3260 1455 3583 1524 συγχυθεῖσαι

2003 1541 2112 1595 τῶν
2144 1539 2326 1612 φυλῶν
2373 1542 2602 1614 ἑκάστη,
2627 1544 2688 1597 ea
2737 1547 2837 1615 τῆς
2881 1546 3181 1614 εὐγενείας
3208 1545 3483 1617 ἐξαίρετον
3501 1552 3586 1603 ἀπ-

2005 1635 2372 1707 εσυλὴθησαν.
2415 1637 2558 1689 Ἀλλ’
2587 1639 2686 1690 οὐκ
2729 1641 2808 1702 είς
2839 1639 2988 1694 ἅπαν
3035 1641 3327 1709 ἠφάνιστο
3356 1641 3417 1694 τὸ
3460 1659 3584 1712 meo

2005 1722 2220 1794 ώνυμον
2237 1725 2395 1780 τοῦτο
2416 1725 2508 1779 τοῦ
2529 1727 2720 1794 γένους
2746 1729 2984 1799 ἀξίωμα.
3003 1730 3272 1801 Διέμεινε
3289 1731 3397 1802 γὰρ
3419 1731 3584 1803 ὥσπερ

319 1815 600 1886 singulare
649 1815 820 1870 decus
875 1817 1200 1871 amiserunt.
1256 1815 1367 1870 Nec
1425 1823 1610 1871 tamen
1672 1831 1901 1885 prorsus

2006 1833 2058 1869 τι
2088 1816 2344 1886 λείψανον
2373 1821 2437 1872 ἐκ
2467 1818 2714 1890 διαδοχῆς
2745 1822 3088 1892 ἐπικρατοῦν
3127 1822 3216 1876 ἔτι
3249 1824 3350 1893 τῆς
3383 1824 3582 1896 κληρου-

319 1907 498 1962 deleta
538 1915 624 1961 est
669 1905 904 1964 celebris
948 1907 1062 1961 haec
1112 1906 1331 1974 generis
1380 1907 1638 1978 dignitas.
1689 1907 1899 1962 Etenim

320 1997 551 2067 hujusce
595 1995 771 2050 tribus
806 1997 1132 2062 auctoritas,
1152 1997 1300 2051 velut
1341 1997 1592 2067 reliquiae
1622 1996 1897 2068 quaedam,

319 2105 416 2158 per
471 2088 880 2144 successionem
946 2085 1130 2142 adhuc
1184 2088 1386 2158 opibus
1445 2101 1610 2159 atque
1667 2089 1901 2160 imperio

318 2181 533 2249 pollens
595 2179 846 2249 perstitit
906 2193 1087 2247 usque
1163 2177 1230 2232 ad
1311 2179 1684 2234 clarissimam
1759 2180 1900 2233 hanc

319 2269 622 2340 Virginem,
647 2271 811 2333 banc,
847 2269 1099 2339 inquam,
1129 2271 1305 2325 solam
1327 2272 1474 2326 inter
1508 2270 1769 2326 mulieres
1789 2269 1902 2326 Deo

317 2362 642 2430 deSponsam
695 2370 926 2416 matrem
967 2375 1033 2415 ae
1077 2361 1384 2430 virginem,
1434 2377 1599 2432 quam
1637 2377 1783 2416 nunc
1829 2378 1896 2418 ex

321 2451 576 2505 ιλιι-ἰῶτα
638 2451 784 2506 tribu
841 2460 1018 2506 ortam
1084 2467 1210 2507 esse
1242 2453 1478 2523 probare
1537 2452 1900 2523 aggrediens,

317 2545 580 2600 orationis
616 2545 728 2614 (2i)
776 2545 989 2614 jactum
1038 2545 1104 2597 ad
1157 2545 1462 2614 Scriptum
1493 2559 1722 2616 scopum
1755 2546 1903 2601 dire-

316 2649 463 2691 ctum
513 2639 725 2708 emitto,
760 2637 808 2690 si
849 2636 1012 2690 modo
1046 2635 1323 2690 Deus'hoc
1355 2637 1487 2690 mihi
1520 2638 1808 2703 concedat,
1843 2646 1903 2692 ut

320 2744 417 2798 pro
464 2727 540 2782 rei
590 2728 858 2797 dignitate
911 2741 1222 2780 sermonem
1284 2727 1490 2783 habere
1547 2743 1768 2798 queam.
1834 2729 1905 2784 At

317 2824 486 2892 enim,
513 2834 546 2873 ο
579 2817 734 2874 beate
767 2817 1052 2882 Mattbrce,
1085 2800 1248 2873 velim
1277 2818 1406 2872 mihi
1441 2821 1705 2890 explices,
1739 2821 1902 2892 quid-

320 2928 442 2967 nam
472 2928 654 2968 causae
692 2913 781 2973 sit,
821 2911 965 2982 quod
999 2923 1054 2966 tu
1103 2913 1156 2966 in
1194 2912 1284 2974 iis,
1322 2928 1556 2983 quorum
1587 2930 1761 2984 genus
1811 2931 1900 2972 reo

317 3019 530 3066 censes,
563 3018 592 3057 a
629 3011 824 3057 sancto
855 3001 1004 3055 Luca
1031 3001 1355 3058 dissentias.
1386 3001 1612 3059 Minime
1634 3020 1785 3072 vero,
1821 3007 1904 3060 in-

315 3096 456 3166 quit,
495 3103 676 3150 mente
727 3095 790 3149 ad
841 3093 1059 3149 divinas
1109 3109 1198 3149 res
1245 3095 1680 3151 conscribendas
1701 3097 1900 3152 eximia

319 3189 580 3258 praeditus
611 3187 922 3252 Mattba-us,
960 3185 1116 3256 prius
1153 3189 1505 3257 publicanus,
1533 3205 1683 3244 nunc
1712 3199 1897 3244 autem

316 3295 647 3337 arcanorum
667 3281 1058 3351 mysteriorum
1080 3280 1378 3350 interpres,
1394 3281 1902 3353 minime,iuquam,

316 3374 426 3426 ulla
464 3379 548 3425 est
583 3371 723 3424 inter
762 3384 860 3424 nos
913 3369 1210 3426 dissensio.
1256 3368 1394 3424 Nam
1457 3371 1573 3435 ille,
1610 3373 1753 3427 velut
1787 3389 1904 3428 ser-

317 3479 535 3517 monem
570 3471 876 3516 retrorsum
910 3460 1163 3527 flectens,
1201 3463 1488 3518 naturales
1527 3471 1713 3533 patres
1759 3481 1903 3536 prae-

315 3554 596 3617 termisit,
658 3553 861 3623 legales
927 3553 1196 3608 duntaxat
1252 3569 1730 3624 commemorans;
1800 3572 1904 3628 ego

317 3652 498 3698 autem
537 3643 873 3697 naturalium
910 3650 1126 3713 patrum
1158 3643 1495 3699 mentionem
1521 3652 1710 3715 aperte
1744 3644 1847 3700 feci
1883 3666 1896 3701 :

316 3753 424 3792 non
460 3745 665 3793 temere
701 3737 752 3791 id
807 3736 1052 3806 quidem,
1095 3751 1274 3807 neque
1298 3737 1459 3792 aliter
1487 3753 1652 3808 quam
1686 3737 1898 3809 Spiritu

315 3829 538 3900 dignum
597 3837 765 3885 esset.
823 3827 1066 3898 Uterque
1109 3829 1256 3883 enim
1316 3835 1600 3893 nostrum,
1636 3837 1896 3899 tanquam

2002 1906 2123 1976 χίας
2153 1912 2358 1978 ταύτης
2379 1909 2440 1962 τδ
2469 1909 2770 1978 ἀξιόλογον,
2811 1911 2974 1983 μέχρι
3027 1914 3141 1983 τῆς
3183 1914 3435 1985 ἀοιδίμου
3457 1917 3582 1988 Παρ-

2002 1999 2177 2063 θένου,
2210 2000 2414 2070 ταύτης
2448 2001 2511 2072 δὴ
2533 2001 2678 2070 λέγω
2704 2003 2802 2070 τῆς
2829 2005 3000 2075 μόνης
3033 2008 3098 2058 ὲν
3123 2007 3351 2073 γυναιξὶ
3369 2007 3579 2078 Θεονυμ-

2003 2090 2202 2161 φεύτου
2235 2093 2441 2163 μητρὸς
2475 2096 2568 2146 καὶ
2597 2093 2897 2159 ἀείπαιδος,
2924 2096 2990 2166 ἢν
3016 2095 3156 2165 ἄρτι
3178 2095 3281 2164 τῆς
3315 2096 3577 2167 Δασιτικῆς

2001 2180 2166 2237 οὖσαν
2195 2185 2584 2240 ἀποδεικνύναι
2620 2187 2792 2255 φυλῆς
2822 2188 3308 2258 παρορμὼμενος,
3331 2188 3424 2242 τοῦ
3447 2189 3573 2256 λόγου

2000 2278 2099 2350 τὴν
2125 2280 2320 2353 βουλὴν
2381 2281 2517 2354 πρὸς
2553 2281 2644 2334 τὸν
2668 2281 2766 2352 τῆς
2811 2282 3037 2353 Γραφῆς
3075 2281 3375 2344 συντείνας
3406 2280 3568 2332 σκοπὸν

2002 2371 2303 2442 ἐπαφίημι,
2341 2372 2478 2426 Θεοῦ
2537 2355 2775 2440 μάλιστά
2829 2391 2919 2440 μοι
2960 2374 3029 2426 τά
3071 2374 3202 2427 κατ’
3234 2373 3396 2439 ἀξίαν
3426 2371 3574 2438 λέγειν

2004 2463 2407 2534 παρεχομένου.
2452 2463 2612 2518 Ἀλλά
2664 2481 2754 2534 μοι
2799 2465 2959 2536 δεῦρο
3005 2465 3252 2537 φράσον,
3291 2458 3338 2518 ὧ
3367 2463 3573 2533 μακάριε

2005 2553 2273 2618 Ματθαῑε,
2301 2555 2382 2618 τίς
2411 2555 2440 2607 ὁ
2491 2554 2603 2608 τῶν
2647 2555 2752 2608 ὑπὸ
2791 2555 2885 2610 σοῦ
2921 2557 3448 2626 γενεαλογουμένων
3463 2554 3577 2624 πρὸς

1952 2697 1956 2700 .
2001 2645 2094 2699 τὸν
2145 2645 2469 2717 ἱεροφάντην
2519 2648 2738 2701 Λουκᾶν
2777 2647 3233 2719 διαφωνούμενος
3286 2647 3457 2716 λόγος.
3489 2647 3572 2707 Οὐ,

2003 2739 2173 2808 φησὶν
2226 2737 2256 2791 ὁ
2305 2735 2817 2808 Θεογραφικὼτατος
2863 2738 2989 2804 νοῦς
3045 2739 3365 2804 Ματθαϊος,
3413 2740 3439 2790 ὁ
3469 2736 3577 2808 πρὶν

2003 2827 2264 2899 τελώνης,
2291 2829 2386 2882 νῦν
2419 2830 2474 2882 δὲ
2495 2830 2604 2883 τῶν
2626 2831 2954 2903 ἀπορρήτων
2981 2832 3307 2903 ῦφηγητὴς,
3330 2832 3426 2884 οὐκ
3453 2829 3574 2882 ἔστιν

2003 2919 2064 2972 ὲν
2094 2921 2250 2990 ἡμῖν,
2283 2919 2384 2974 οῦκ
2431 2920 2576 2973 ἔστιν
2623 2921 2849 2992 οὐδεμία
2899 2921 3212 2989 διαφωνίας
3249 2921 3496 2991 ἔμφασις.
3529 2918 3576 2970 '0

2007 3012 2105 3082 μὲν
2134 3012 2242 3082 γὰρ
2274 3011 2463 3085 ὥσπερ
2499 3011 2840 3078 ἀναποδίζων
2863 3013 2956 3067 τὸν
3002 3013 3194 3082 λόγον,
3234 3014 3442 3084 παρῆκε
3469 3011 3586 3072 τοὺς.

2007 3103 2152 3155 κατὰ
2186 3102 2351 3172 φύσιν
2381 3103 2644 3176 πατέρας,
2672 3103 2780 3156 τῶν
2797 3104 2938 3157 κατά
2960 3103 3130 3173 νόμον
3171 3103 3286 3156 ἔσθ’
3313 3103 3396 3156 ὅτε
3422 3099 3576 3169 μόνων

2002 3194 2358 3265 ἐπιμνησθείς
2381 3212 2396 3227 ο
2436 3194 2546 3263 ἐγὼ
2599 3195 2655 3248 δὲ
2685 3195 2795 3248 τῶν
2831 3196 2973 3250 κατά
3014 3195 3188 3262 φύσιν
3224 3193 3467 3264 πατέρων
3494 3207 3572 3242 σα-

2002 3285 2116 3352 φῶς
2140 3285 2237 3356 τὴν
2262 3285 2484 3356 μνήμην
2517 3285 2848 3356 πεποίημαι,
2889 3286 2992 3339 οὐκ
3033 3286 3278 3355 ἀλόγως,
3315 3283 3428 3337 οὐδὲ
3458 3282 3573 3334 ἀνα-

2001 3374 2130 3441 ξίως
2153 3375 2246 3428 τοῦ
2281 3374 2620 3444 Πνεύματος.
2658 3375 2953 3447 Ἐκάτερος
2979 3377 3090 3447 γὰρ
3121 3378 3219 3446 ὑφ’
3238 3376 3357 3438 ἐνὸς
3379 3373 3464 3426 καὶ
3492 3369 3569 3422 τοῦ

2001 3463 2166 3516 αὐτοῦ
2203 3461 2522 3533 Πνεύματος
2549 3462 2941 3532 ὲμπνεὸμενος,
2981 3462 3050 3516 τά
3098 3462 3336 3532 θατέρου
3371 3459 3570 3525 θάτερος

2003 3559 2084 3618 εἰς
2117 3556 2282 3626 μηδὲν
2303 3553 2604 3608 διαλάττων
2631 3555 2802 3607 ἁποσε
2813 3554 3025 3623 μνύνει.
3075 3557 3316 3609 Σκοπεῖν
3342 3552 3396 3604 δὲ
3420 3550 3492 3602 δεῖ
3513 3544 3572 3598 δι’

2006 3646 2322 3717 ἀκριϐείας,
2374 3646 2691 3716 ἀγαπητοὶ,
2749 3645 2846 3710 τὰς
2899 3647 2994 3700 ὑπ’
3027 3649 3237 3716 ἀμφοῖν
3281 3640 3567 3698 ὲκτεθείσας

2007 3740 2384 3808 γενεαλογίας,
2419 3739 2675 3793 κάκεῖθεν
2707 3739 2945 3810 θηρᾶσαι
2984 3737 3080 3792 τοῦ
3127 3734 3458 3808 ζητουμένου
3485 3723 3566 3796 sit"

2007 3831 2134 3901 εὗρε
2144 3848 2248 3884 σιν.

317 3941 424 3980 uno
445 3925 750 3996 eodemque
773 3925 982 3994 Spiritu
1011 3923 1248 3989 amatus,
1269 3924 1410 3979 alter
1437 3923 1666 3979 alterius
1693 3925 1904 3995 scripta
1935 3927 2050 3982 sive
2076 3927 2186 3981 ulla
2216 3926 2604 3980 immutatione
2634 3923 2990 3978 commendat
3023 3930 3078 3978 et
3119 3921 3346 3976 attollit.
3414 3917 3563 3967 Acen-

317 4031 432 4077 rate
462 4029 669 4084 autem,
713 4037 746 4075 ο
771 4021 1122 4086 ebarissimi,
1162 4023 1380 4092 generis
1421 4024 1621 4077 seriem
1651 4023 1718 4077 ab
1751 4031 1986 4094 utroque
2023 4025 2332 4096 expositam
2406 4023 2785 4095 considerare,
2856 4029 3022 4092 atque
3086 4021 3222 4076 binc
3265 4009 3560 4090 quaestionis

315 4115 646 4172 solutionem
677 4117 945 4186 aucupari
979 4118 1258 4171 convenit.

385 4210 842 4280 Quandoquidem
899 4212 1086 4281 igitur,
1117 4212 1272 4279 juxta
1303 4214 1656 4280 evangelista:
1684 4228 1900 4277 vocem,

314 4317 380 4354 cx
417 4313 649 4370 utroque
689 4318 908 4370 genere,
951 4303 1054 4356 hoc
1092 4311 1180 4357 est
1225 4319 1293 4356 ex
1335 4305 1570 4357 naturali
1623 4305 1898 4375 aelegali,

314 4391 690 4462 generationis
757 4391 1032 4446 certitudo
1089 4391 1544 4457 demonstratur,
1605 4394 1900 4449 Mztttlneus

316 4485 543 4555 proinde
587 4498 727 4551 opus
763 4499 922 4538 suum
958 4485 1254 4550 inchoans,
1305 4485 1465 4539 Liber
1516 4488 1892 4556 generationis,

317 4577 514 4646 inquit,
564 4574 692 4629 Jesu
730 4573 932 4630 Christi
977 4575 1082 4645 ﬁlii
1135 4575 1330 4642 David,
1367 4578 1474 4646 ﬁlii
1531 4578 1806 4632 Abraham
1848 4589 1895 4632 ε.
1931 4623 1978 4679 D

315 4665 610 4735 thuidem
625 4667 690 4722 ad
717 4667 951 4737 id,quod
967 4669 1285 4736 quaerimus,
1306 4671 1740 4740 percipiendum,
1757 4670 1906 4740 prin-

317 4759 520 4830 cipium
544 4759 720 4828 ipsum
743 4801 757 4824 ,
777 4761 861 4814 vel
880 4760 1080 4827 solum,
1103 4761 1428 4817 sulliciebat.
1455 4761 1654 4819 Verum
1681 4763 1770 4817 hic
1794 4778 1899 4818 non

391 4922 416 4951 ε
441 4909 631 4966 Matth.
667 4927 706 4976 ι,
737 4913 784 4966 l.

2072 4211 2294 4282 ’Λμέλει
2323 4210 2504 4263 τοίνυν
2527 4207 2668 4262 κατὰ
2698 4207 2797 4277 τὴν
2829 4206 2922 4260 τοῦ
2953 4207 3276 4276 ἱεροφάντου
3301 4197 3487 4271 φωνὴν.
3507 4192 3556 4294 ἐξ

2001 4303 2280 4373 ἑκατέρων
2307 4299 2415 4353 τῶν
2435 4297 2630 4366 γενῶν,
2677 4297 2820 4365 λέγω
2873 4296 2932 4348 δὲ
2976 4294 3086 4348 τῶν
3132 4292 3272 4348 κατὰ
3307 4288 3557 4358 φύσινκαὶ

2001 4395 2187 4463 νόμον,
2215 4391 2275 4444 τὸ
2313 4391 2555 4460 ἀκριϐὲς
2580 4389 2680 4459 τῆς
2711 4385 3066 4456 γενεαλογίας
3111 4387 3245 4456 ἡμῖν
3286 4381 3548 4436 δείκνυται.

2001 4486 2281 4548 Ματθαῖος
2299 4483 2434 4553 γοῦν
2485 4483 2584 4548 τῆς
2613 4483 2734 4534 κατ’
2782 4482 2945 4534 αὐτὸν
2987 4478 3314 4550 συγγραφῆς
3339 4463 3553 4560 ἀπαρχάς

2006 4593 2185 4647 μενος,
2211 4575 2430 4637 Βίϐλος
2462 4571 2773 4642 γενέσεως,
2829 4569 3026 4638 φησὶν,
3084 4567 3278 4636 Ἰησοῦ
3324 4563 3548 4652 Χριστομ

2006 4667 2140 4721 vim”)
2174 4664 2373 4731 Aa6’16,
2406 4663 2540 4718 υἱοῦ
2571 4660 2846 4730 Ἀϐραάμ.
2871 4660 2982 4715 Καὶ
3007 4660 3168 4730 ἢρκει
3200 4656 3334 4729 πρὸς
3366 4651 3454 4719 τὴν
3471 4660 3548 4696 του

2007 4757 2342 4830 ζητουμένου
2378 4753 2684 4825 κατάληψιν
2711 4753 2844 4806 αὐτὸ
2877 4751 2999 4806 καθ’
3025 4751 3156 4805 αὐτὸ
3189 4751 3248 4802 τὸ
3279 4743 3542 4817 προοίμιον-

1625 5009 2011 5084 consensu
2051 5021 2281 5078 nom.

390 5120 504 5192 (20)
545 5121 588 5174 Α
622 5119 726 5192 Deo
757 5122 1052 5176 excruciati
1096 5126 1326 5192 fuerunt.
1359 5123 1415 5177 Si
1457 5123 1544 5177 hic
1575 5123 1728 5178 locus
1765 5139 1899 5177 con-

309 5191 541 5262 jectum
593 5191 667 5246 sit
723 5207 823 5262 pro
867 5191 1216 5255 κολάσαντος,
1266 5193 1597 5255 καλέσαντος
1653 5193 1896 5247 fortasse

317 5276 424 5316 n0u
461 5262 808 5317 incommode
841 5263 944 5332 legi
980 5279 1141 5332 posse
1193 5265 1529 5316 existimem.
1572 5263 1696 5317 Ihre
1749 5265 1896 5316 enim

317 5335 589 5400 particula
637 5333 820 5387 καίτοι
877 5335 1022 5387 hanc
1073 5333 1370 5387 lectionem
1419 5335 1703 5400 postulare
1750 5335 1893 5387 vide-

315 5411 430 5457 tur.
444 5401 764 5474 gExaggerat
788 5403 933 5457 enim
957 5403 1273 5458 Judazorum
1315 5403 1600 5474 pertidiam
1622 5405 1897 5463 Andreas,

316 5474 410 5541 qui
443 5471 743 5542 Deuurper
772 5484 850 5527 tot
888 5473 1160 5543 supplicia
1192 5489 1291 5527 eos
1318 5471 1701 5543 alritlolorttm
1747 5475 1898 5526 cultu

318 5541 671 5612 revocantem
721 5545 916 5597 audire
963 5541 1327 5612 neglexerint.
1373 5541 1486 5594 lloc
1541 5554 1725 5596 autem
1779 5545 1901 5596 loco

317 5611 724 5666 "s'aziattzenuut
784 5611 1054 5675 imitatur,
1105 5614 1199 5680 qui
1266 5614 1302 5666 2
1366 5620 1514 5669 orat.
1575 5616 1644 5669 de
1703 5613 1899 5667 Pasch.

318 5681 508 5733 eodem
553 5685 826 5735 sermonis
872 5697 1074 5750 genere
1126 5683 1322 5739 utitur.
1373 5698 1498 5734 cum
1537 5684 1762 5748 generis
1794 5684 1898 5736 htt-

321 5751 466 5804 ιιιυηί
512 5752 565 5803 in
617 5753 925 5805 sceleribus
955 5752 1316 5820 pertinaciam
1371 5753 1705 5816 insectatur,
1753 5752 1902 5822 quod

2009 5118 2307 5190 permultis
2360 5118 2711 5171 eruciatuum
2773 5115 3099 5190 generibus_
3139 5092 3541 5190 quttliltllnLjd

2010 5175 2292 5244 iueliorem
2354 5198 2644 5260 propterea
2715 5175 2984 5260 ῐιιέιιιρὴῑιιΒ
3031 5175 3538 5260 minimeredieral‘:

2008 5235 2383 5313 ἕὶἧίἰ”ιᾶἰίἱθιῖ
2394 5235 2407 5240 ”
2427 5235 2508 5309 iri
2522 5235 2687 5310 ’ῥέξαι
2706 5235 3100 5323 amca;
3113 5235 3139 5236 ”
3152 5235 3216 5307 ni
3235 5235 3251 5239 '
3267 5235 3540 5323 ιιιῃιιβιιιράξ

2010 5329 2302 5396 suppliciis
2357 5326 2658 5382 inferendis
2710 5315 2816 5396 sibi
2883 5333 3249 5396 ρτορυηοι-οοι.
3317 5315 3538 5396 “deum:

2010 5371 2363 5452 Sui'éni'mec
2418 5371 2607 5457 vverba,
2659 5395 2840 5447 καίτοι
2883 5371 3264 5465 ¹πολυτρόπως,
3305 5371 3535 5465 ιιεψιθεά

2428 5445 2892 5537 ὶροῗώὶριὶέιάθάι,
2917 5445 2920 5446 ν
2942 5445 3077 5534 μέτ’
3108 5445 3436 5534 parenthesin
3475 5445 3535 5498 le‘

2046 5538 2208 5592 enda.
3012 5564 3023 5574 -
3078 5589 3090 5595 -

2010 5556 2208 5676 scalis).
2238 5605 2514 5661 Orationis
2544 5604 2775 5673 jactum.
2827 5603 2936 5658 Pro
2988 5564 3181 5677 βουλὴν
3211 5604 3314 5658 huc
3340 5598 3441 5677 ιε)εο

2010 5657 3093 5746 λῆξι⁷ἰύεἱηηῐιιίθέειξίιιῴιιηείεήῐηὶτοι.
3139 5657 3232 5727 ἰιτι
3298 5657 3426 5746 ιιιιὶυι
3472 5657 3536 5708 te-

2007 5738 2247 5819 gendum
2291 5738 2418 5802 esse
2452 5738 2641 5815 ape'rte
2672 5738 2881 5799 iudicat
2919 5746 3144 5800 verbum
3179 5738 3450 5811 ἐπαφεημι·
