3840 6312
238 429 351 495 849

1249 435 1332 495 ΙΝ
1367 433 1889 496 NATWITATEM
1919 433 1984 494 B.
2033 433 2318 493 MARL'E.
2363 431 2478 491 ΙΙΙ.

3404 425 3511 487 850

239 545 389 597 Ἀλλ’
408 543 471 596 οὗ
491 544 657 615 μέχρι
675 543 865 598 τούτου
881 544 1029 616 ἔστη.
1053 547 1274 618 [ipe-.361;
1291 549 1400 619 γὰρ
1423 551 1450 602 ὁ
1475 548 1634 617 λόγος
1657 548 1830 617 αὐτῷ,

1973 547 2214 602 obsistit.
2275 545 2488 600 Etenim
2545 542 2721 614 ipsius
2771 529 2953 596 sermo
3003 538 3170 596 etiam
3216 555 3390 608 usque
3452 530 3520 590 ad

241 637 343 688 καὶ
375 635 540 706 μέχρι
581 635 676 689 τοῦ
705 637 806 705 τῆς
843 636 1120 708 Παρθένου
1171 638 1506 710 μνηστῆρος.
1541 639 1755 702 Λουκᾶς
1783 639 1839 690 δὲ

245 723 394 794 μετά
423 726 521 794 τὴν
547 723 691 778 κατὰ
717 725 780 778 τδ
803 723 1088 795 βάπτισμα
1134 725 1228 778 τοῦ
1263 727 1515 797 Σωτῆρος
1549 723 1840 790 ἀνάδειξιν,

248 816 452 886 μικρὸν
505 816 671 870 αὐτοῦ
717 835 819 870 που
858 818 948 871 τὸν
1004 817 1162 884 λόγον
1221 817 1614 890 μετοχετεὺων,
1662 816 1842 870 τοιάδε

246 907 458 976 γράφει
482 924 498 940 ο
546 908 652 962 Ἐν
681 903 792 975 οἷς,
825 911 981 978 φησὶ,
1016 910 1114 962 καί
1145 909 1327 976 αὐτὸς
1353 905 1432 980 ἦν
1471 909 1725 976 Ἰησοῦς.
1763 909 1844 975 ὡς

246 997 405 1052 ἐτῶν
445 998 793 1067 τριάκοντα,
843 1001 1179 1070 ἀρχόμενος
1235 998 1341 1065 ὢν,
1394 1002 1476 1066 ὡς
1520 999 1842 1070 ἐνομίζετο,

249 1091 383 1156 υίὸς
409 1091 639 1162 Ἰωσὴφ
664 1091 773 1146 τοῦ
823 1091 1000 1158 Ἠλεί,
1027 1091 1135 1146 τοῦ
1173 1091 1419 1148 Ματθάν
1442 1133 1457 1158 ,
1512 1092 1620 1146 τοῦ
1676 1093 1841 1158 Λευῒ,

250 1179 361 1235 τοῦ
399 1181 621 1250 Μελχί,
645 1183 740 1236 καὶ
772 1182 900 1252 ἑξῆς
927 1185 1069 1236 κατὰ
1097 1183 1399 1253 ἀναφορὰν,
1443 1183 1551 1246 ἕως
1586 1183 1681 1236 τοῦ
1714 1183 1844 1254 Σὴθ,

251 1272 360 1326 τοῦ
389 1272 602 1342 Ἀδὰμ,
631 1275 738 1328 τοῦ
772 1273 941 1327 Θεοῦ.
967 1275 1081 1326 Οὐκ
1101 1275 1287 1342 ἀγνοεῖ
1307 1273 1352 1326 δ’
1372 1269 1466 1326 οὖν
1499 1273 1592 1341 ὅγε
1618 1272 1845 1341 φιλόπο-

253 1381 344 1426 νος
378 1364 505 1428 νοῦς
535 1365 646 1418 τῶν
679 1365 1090 1437 ἐξητασμὲνων,
1117 1364 1192 1429 ὡς
1221 1366 1348 1428 τοὺς
1388 1367 1488 1435 μὲν
1518 1365 1659 1419 κατὰ
1681 1364 1846 1436 νόμον

256 1455 507 1525 πατέρας
544 1454 786 1519 ἐκείνους
820 1459 887 1528 τῇ
944 1457 1137 1528 Γραφῇ
1203 1457 1389 1510 καλεῖν
1426 1455 1677 1526 σύνηθες,
1720 1457 1848 1519 τοὺς

253 1547 633 1617 προθανόντας
692 1548 789 1618 μὲν
833 1548 1099 1613 ἄπαιδας,
1123 1547 1282 1618 ,πλὴν
1335 1546 1846 1618 παιδοθετηθέντας,

249 1639 320 1692 δι’
356 1639 777 1711 ἀδελφοσπόρου
811 1640 976 1710 γονῆς
1041 1641 1178 1710 μετὰ
1200 1639 1490 1712 κοίμησινο
1523 1641 1650 1702 τοὺς
1676 1639 1734 1692 δέ
1767 1657 1850 1694 τοι

252 1730 400 1784 κατὰ
427 1730 622 1800 φύσιν,
655 1733 920 1797 ἐκείνους,
971 1733 1022 1786 οἳ
1070 1735 1307 1803 μάλιστα
1341 1734 1437 1804 μὲν
1465 1733 1677 1794 ἑαυτοῖς
1715 1733 1851 1802 πρὸς

245 1822 515 1894 διαδοχὴν
552 1823 648 1876 τοῦ
683 1824 875 1892 γένους
889 1825 1080 1896 οἰκείῳ
1115 1825 1304 1897 σπόρῳ
1337 1825 1848 1894 ὲπαιδοποιήσαντο,

1943 636 2184 709 Virginis
2237 651 2500 708 sponsum
2552 649 2878 704 progressus
2933 642 3038 686 est.
3094 629 3519 688 Lurasautem.

1939 738 2064 802 post
2093 730 2397 784 Salvatoris
2429 729 2482 782 in
2515 727 2790 796 baptismo
2817 724 3267 786 declarationem,
3313 723 3522 776 oratio-

1941 837 2066 876 nem
2124 835 2276 875 suam
2337 818 2584 873 nonnihil
2635 816 2937 881 derivans,
2984 813 3051 868 ad
3104 815 3251 868 lumc
3299 813 3522 866 modum

1943 912 2133 970 scribit
2164 930 2177 966 :
2212 910 2355 964 Inter
2385 927 2535 980 quos,
2567 909 2768 980 inquit,
2805 909 2967 962 etiam
2997 906 3156 961 Jesus
3188 917 3328 967 erat,
3358 923 3524 959 anno-

1944 1019 2063 1059 rum
2105 1003 2259 1074 quasi
2314 1003 2537 1071 triginta
2596 1002 2851 1070 incipiens
2905 1017 3040 1062 esse,
3097 1011 3156 1052 ut
3205 997 3522 1066 putabatur.

1943 1098 2088 1168 ﬁlius
2123 1095 2344 1165 Ioseph,
2376 1096 2465 1165 qui
2502 1095 2602 1164 fuit
2642 1093 2787 1153 Heli.
2842 1092 2932 1162 qui
2977 1091 3080 1161 fuit
3130 1089 3381 1152 Mat/ian,
3434 1091 3524 1158 qui

1945 1191 2049 1261 fuit
2080 1189 2222 1252 Levi,
2259 1190 2349 1261 qui
2382 1189 2485 1259 fuit
2521 1186 2739 1247 Heleni.
2779 1198 2831 1243 ct
2871 1187 2948 1243 sic
2980 1185 3242 1252 deinceps
3276 1185 3330 1237 in
3359 1184 3526 1237 altum

1947 1283 2297 1340 ascendendo
2347 1297 2522 1352 usque
2565 1279 2632 1334 ad
2677 1280 2833 1344 Seth,
2865 1278 2956 1348 qui
2983 1278 3088 1348 {uit
3118 1275 3266 1342 Adae,
3300 1276 3391 1345 qui
3428 1275 3527 1341 fuit

1948 1376 2046 1430 Dei
2080 1374 2124 1428 ι.
2157 1373 2294 1428 illud
2327 1389 2492 1444 porro
2533 1371 2759 1426 minime
2790 1372 3026 1441 ignorat,
3054 1370 3306 1439 quisquis
3339 1368 3528 1422 sedula

1947 1477 2000 1523 et
2049 1467 2326 1537 exquisita
2373 1475 2553 1520 mente
2587 1466 2848 1535 praeditus
2879 1474 2987 1530 est,
3010 1481 3076 1518 ex
3103 1479 3204 1516 usu
3235 1462 3532 1531 Scriptura:

1947 1571 2091 1622 esse,
2143 1555 2344 1626 legales
2394 1561 2576 1623 patres
2623 1569 2720 1609 eos
2776 1553 2996 1607 demum
3059 1551 3374 1621 appellare,
3413 1552 3528 1618 qui.

1949 1648 2198 1721 quamvis
2224 1647 2343 1703 sine
2375 1645 2567 1700 liberis
2606 1660 2635 1700 e
2677 1645 2788 1699 vita
2818 1644 3183 1706 decesserint,
3218 1651 3399 1695 tamen
3438 1657 3531 1711 per

1952 1723 2215 1801 sobolem.
2258 1755 2324 1794 ex
2377 1737 2624 1792 fraterno
2663 1737 2878 1791 semine
2931 1744 3056 1806 post
3103 1744 3332 1790 mortem
3376 1749 3530 1789 suam

1951 1841 2155 1895 ortam,
2190 1831 2332 1886 filios
2354 1831 2667 1886 habuerunt
2704 1849 2717 1883 :
2751 1830 3030 1884 naturales
3056 1837 3276 1890 contra,
3308 1843 3404 1882 eos
3441 1827 3531 1896 qui

243 1913 365 1966 ἐσθ’
402 1915 500 1968 ὅτε
541 1915 598 1967 δὲ
629 1916 722 1968 καὶ
746 1918 792 1968 εί
818 1917 1074 1970 τεθνάσιν
1113 1918 1295 1980 αὐτοῖς
1334 1916 1565 1978 ἄπαιδες
1605 1916 1848 1986 ἀδελφοὶ,

1964 1922 2254 1992 praesertim
2307 1919 2529 1991 quidem
2591 1921 2698 1975 sibi
2740 1921 2874 1990 ipsis
2932 1921 2998 1975 ad
3065 1923 3282 1988 generis
3340 1933 3537 1988 propa-

243 2006 315 2058 δι’
337 2006 643 2074 ἀντιγόνου
671 2008 902 2078 σπορᾶς,
925 2008 1026 2076 τὴν
1055 2009 1354 2078 εὐκληρίαν
1382 2008 1460 2078 τῷ
1487 2008 1702 2080 ἀδελφῷ
1737 2026 1876 2063 συν-·

240 2099 590 2170 εισήγαγον.
613 2099 734 2153 Τῶν
761 2101 826 2169 γέ
847 2118 930 2153 τοι
958 2100 1378 2170 εὐαγγελιστῶν,
1399 2103 1426 2154 ὁ
1455 2102 1554 2172 μὲν
1580 2101 1687 2156 τῶν
1715 2103 1856 2156 κατὰ

245 2189 424 2258 φύσιν
457 2191 716 2263 πατέρων
741 2190 919 2262 μόνων
957 2192 1312 2263 ἐπιμνησθεὶς
1358 2195 1484 2256 τοὺς
1516 2192 1658 2246 κατὰ
1691 2194 1855 2259 νόμον

243 2283 558 2354 παρῆκεντ
597 2286 626 2337 ὁ
651 2284 708 2338 δὲ
749 2284 1061 2355 τοῠμπαλιν
1125 2287 1255 2348 τοὺς
1290 2285 1433 2338 κατὰ
1462 2286 1624 2356 φύσιν
1681 2304 1855 2358 παρα-

245 2377 516 2448 δραμὼν,
545 2381 656 2434 τῶν
697 2382 840 2434 κατὰ
879 2382 1046 2452 νόμον
1105 2381 1294 2444 ίδικῶς
1347 2381 1698 2453 επιεμνήσθη⁸
1749 2381 1856 2434 οὐδ’

248 2469 528 2538 ὁπότερος
558 2471 652 2524 τοῦ
684 2472 893 2535 είκότος
927 2473 1285 2542 ἀποσφαλείς.
1305 2473 1484 2527 Καλὸν
1517 2475 1561 2528 δ’
1589 2470 1858 2546 οἶμαικαὶ

267 2563 506 2626 παλαιᾶς
524 2564 660 2634 πρὸς
689 2564 846 2618 τοῦτο
862 2567 1167 2636 μαρτυρίας
1197 2568 1616 2638 ἐπιμνησθῆναι.
1637 2570 1704 2639 ἦν
1730 2569 1858 2636 παρ’

259 2650 620 2720 ἁνδρόςτινος
642 2653 995 2725 πολυῖστορος
1032 2656 1473 2727 παρειλήφαμεν,
1507 2655 1737 2727 ἔχουσαν
1768 2657 1860 2710 ἐπὶ

256 2741 464 2806 λέξεως
503 2742 970 2817 οὕτω;.Ἑπείπερ
997 2747 1048 2799 οἱ
1084 2747 1183 2818 τῆς
1204 2747 1552 2815 γενεαλογίας
1579 2747 1684 2800 τῶν
1698 2748 1861 2817 εὐαγ-

257 2834 537 2901 γελιστῶν
590 2838 980 2909 ὲμφερόμενοι,
1035 2841 1083 2892 οί
1141 2841 1242 2910 μὲν
1315 2839 1615 2906 διεδέξαντο
1672 2841 1862 2905 παῖδες

263 2925 518 3005 πατέρας
581 2927 858 2997 γνησίους,
915 2931 963 2982 oi
989 2930 1067 2994 δὲ,
1097 2931 1306 3000 ἑτέροις
1338 2933 1437 3001 μὲν
1465 2931 1858 3003 ἐγεννήθησαν,

269 3017 477 3088 nep.»
505 3019 562 3071 δὲ
585 3021 842 3086 γεγόνασι
872 3022 1088 3092 κλήσει,
1119 3024 1453 3095 ἀμφοτέρων.
1494 3025 1551 3076 δὲ
1579 3026 1800 3093 γέγονεν
1828 3027 1860 3096 ἡ

275 3107 614 3178 μνήμη,τῶν
630 3126 690 3161 τε
718 3113 1153 3182 γεγεννηκότων,
1180 3113 1274 3164 καὶ
1302 3113 1410 3166 τῶν
1427 3113 1501 3176 ὡς
1533 3115 1861 3182 γεγεννηκό-

274 3215 401 3263 των,
455 3197 636 3262 οὕτως
683 3200 966 3272 οὐδέτερον
1029 3202 1136 3254 τῶν
1180 3202 1529 3271 Εὐαγγιελίων
1579 3204 1857 3272 ψεύδεται.

273 3379 457 3451 λήλοις
483 3381 554 3436 τὰ
585 3382 717 3457 γένη
754 3373 882 3438 τότε
902 3385 1009 3437 ἀπὸ
1029 3388 1121 3437 τοῦ
1151 3385 1514 3455 Σολομῶντος,
1548 3388 1640 3439 καὶ
1673 3386 1732 3440 τὸ
1755 3389 1862 3441 ἀπὸ

270 3472 365 3526 τοῦ
403 3472 969 3536 Νάθαν,ἀναστάσεσι
1005 3475 1236 3542 τέκνων,
1258 3478 1350 3529 καὶ
1377 3477 1854 3548 δευτερογαμίαις.

273 3561 392 3616 Ἵνα
422 3562 486 3614 δὲ
519 3562 692 3632 σαφὲς
810 3564 871 3617 τὸ
933 3564 1252 3636 λεγόμενον,
1287 3566 1387 3637 τὴν
1425 3567 1728 3638 ἐπιπλοκὴν
1753 3569 1863 3622 τῶν

265 3651 452 3722 γενῶν
479 3652 840 3725 διηγήσομαι.
913 3725 920 3733 .

265 3751 590 3814 mentitur,
659 3749 790 3804 dum
857 3744 928 3806 ει⁹
961 3760 1212 3807 naturam
1279 3763 1332 3809 et
1371 3754 1574 3825 legem
1641 3767 1914 3812 numerat.

265 3839 586 3894 liberorum
635 3839 1053 3896 suscitationem
1137 3859 1203 3898 ac
1257 3846 1490 3914 repetita
1555 3847 1906 3902 matrimonia

260 3933 342 3985 sit
371 3929 526 4002 quod
560 3930 709 3993 dico,
749 3947 1009 4002 generum
1045 3935 1459 4003 permistionem
1486 3951 1793 4006 exponam.

354 4023 504 4076 Ἀπὸ
539 4021 634 4075 τοῦ
663 4022 832 4076 Δαόὶδ
851 4022 940 4076 διὰ
977 4023 1327 4093 Σολομῶντος
1349 4026 1449 4090 τὰς
1493 4027 1685 4096 γενεὰς
1734 4047 1868 4082 κατ-

255 4117 403 4188 αριθ
413 4133 523 4185 μου
532 4107 929 4186 μένοιςξτρίτος
949 4116 1058 4169 ἀπὸ
1083 4116 1268 4180 τέλους
1287 4118 1605 4190 εὑρίσκεται
1619 4120 1867 4187 Ματθὰν,

259 4211 329 4274 ὃς
353 4209 628 4276 ἐγέννησε
687 4209 780 4262 τὸν
833 4207 1053 4272 Ἰακὼϐ,
1081 4208 1174 4262 τοῦ
1243 4209 1441 4280 Ἰωσὴφ
1497 4211 1590 4263 τὸν
1635 4213 1867 4284 πατέρα.

286 4297 514 4352 Ἀπδδὲ
549 4296 738 4350 Νάθαν
795 4296 890 4350 τοῦ
943 4297 1110 4351 Δαὸὶδ
1174 4300 1316 4353 κατὰ
1372 4302 1606 4369 Λουκᾶν,
1669 4304 1870 4372 ὁμοίως

273 4389 471 4460 τρίτος
507 4388 617 4441 ἀπὸ
646 4388 838 4452 τέλους
887 4387 1088 4458 Μελχί’
1142 4390 1356 4444 Σκοποῦ
1383 4385 1725 4464 τοίνυνᾛμῖν
1759 4413 1876 4450 κει-

279 4479 456 4550 μένου
518 4477 616 4532 τοῦ
661 4477 884 4549 Ἰωσὴφ,
914 4479 1289 4544 ἀποδεικτέον,
1342 4482 1460 4546 πῶς
1496 4483 1756 4556 ἑκάτερος
1782 4486 1880 4540 αὺ-

273 4571 375 4628 τοῦ
405 4570 591 4640 πατὴρ
643 4570 953 4641 ἱστόρηται,
985 4571 1012 4624 ὃ
1034 4589 1093 4625 τε
1127 4571 1325 4626 Ἰακὼὸ
1366 4574 1475 4627 ἀπὸ
1504 4575 1877 4646 Σολομῶντος,

1955 2013 2232 2084 gationem
2264 2026 2330 2065 ex
2377 2021 2592 2066 suomet
2636 2012 2846 2066 semine
2892 2011 3099 2065 liberos
3143 2019 3532 2078 procrearuut,

1956 2103 2234 2157 interdum
2292 2111 2475 2158 autem
2524 2103 2690 2157 etiam
2747 2103 2886 2174 (22),
2947 2103 2992 2156 si
3039 2103 3281 2172 ipsorum
3337 2103 3536 2156 fratres

1957 2195 2123 2250 nullis
2155 2180 2342 2249 liberis
2383 2194 2591 2249 relictis
2626 2196 2794 2248 vitam
2825 2210 2947 2248 cum
2996 2203 3169 2248 morte
3202 2203 3540 2249 connnutas-

1958 2295 2101 2349 seut,
2131 2303 2226 2356 per
2252 2287 2520 2340 vicarium
2554 2302 2740 2340 semen
2773 2285 3146 2340 han-editatem
3191 2285 3329 2356 ipsis
3369 2287 3538 2340 colle-

1959 2388 2176 2450 gerunt.
2238 2379 2388 2450 Ergo
2451 2380 2589 2434 alter
2672 2380 3180 2449 evangelistarum,
3261 2379 3538 2432 naturales

1959 2473 2224 2527 duntaxat
2272 2479 2458 2540 patres
2508 2486 2992 2540 commemorans,
3051 2461 3276 2540 legales'
3314 2470 3540 2524 silentio

1961 2564 2255 2633 praeteriit;
2296 2563 2436 2616 alter
2472 2578 2692 2617 rursum
2737 2562 3131 2631 pra-terruissis
3172 2560 3537 2618 naturalibus.

1961 2653 2218 2724 legalium
2256 2653 2504 2722 privatim
2544 2653 2880 2707 mentionem
2924 2651 3078 2706 fecit.
3116 2653 3170 2706 iu
3205 2667 3314 2722 quo
3349 2657 3543 2704 neuter

1961 2746 2030 2800 ab
2071 2760 2138 2800 eo
2163 2745 2308 2814 quod
2342 2759 2441 2814 par
2470 2751 2590 2798 erat
2620 2744 2918 2800 aberravit.
2943 2743 3052 2800 Nec
3086 2759 3214 2799 vero
3235 2745 3542 2797 iueonuno-

1961 2839 2089 2894 dum
2141 2838 2304 2893 fuerit
2333 2839 2464 2909 (quo
2517 2839 2733 2909 planius
2801 2837 2946 2892 istud
3017 2833 3362 2904 Ostendatur)
3406 2842 3545 2888 vete-

1962 2929 2041 2983 ris
2106 2944 2322 2998 quoque
2390 2929 2686 2984 testimonii
2741 2929 3079 2990 meminisse,
3143 2925 3285 2996 quod
3334 2940 3363 2978 a
3426 2925 3544 2977 viro

1961 3020 2196 3090 quodam
2229 3021 2340 3090 (25)
2373 3022 2666 3075 multarum
2701 3037 2882 3075 rerum
2917 3018 3235 3087 cognitione
3269 3018 3544 3070 instructo

1963 3114 2293 3184 accepimus.
2343 3114 2400 3166 1ι1
2435 3123 2615 3168 autem
2663 3113 2743 3169 sic
2774 3113 2840 3167 ad.
2875 3114 3099 3166 verbum
3140 3110 3322 3163 habet.
3355 3106 3541 3174 Quan-

342 3217 401 3263 ιν,
455 3200 636 3262 οὕτως
683 3200 966 3272 οὐδέτερον
1029 3202 1136 3254 τῶν
1180 3202 1529 3271 Εὑαγγιελίων
1579 3204 1857 3272 ψεύδεται.
1915 3261 1929 3278 ,
1963 3206 2256 3274 doquidem
2288 3208 2382 3276 qui
2414 3209 2469 3260 in
2501 3205 2708 3261 Christi
2737 3205 3060 3275 geneamgia
3091 3205 3160 3256 ab
3190 3200 3548 3270 evangelistls

342 3290 366 3342 ἱ
399 3289 571 3344 φύσιν
597 3290 889 3344 ἀοιθιιοῦν.
936 3294 1030 3344 καὶ
1069 3295 1263 3344 νόμονο
1296 3294 1582 3344 ὲπεπλάκη
1615 3297 1723 3344 γὰο
1761 3297 1860 3344 ἀλ-
1888 3263 1932 3317 (³
1965 3299 2298 3344 referuntur-
2331 3298 2528 3344 nni-tim
2562 3297 2657 3344 (iiii
2683 3297 2830 3344 veris
2855 3295 3108 3344 nati-ilius
3137 3302 3543 3344 successerunt.

273 3291 366 3342 xui.
399 3291 571 3359 φύσιν
597 3291 889 3361 ἀριθμοῦν,
936 3294 1030 3346 καὶ
1069 3295 1263 3363 νόμονο
1296 3294 1582 3365 ὲπεπλάκη
1615 3297 1723 3366 γὰρ
1761 3297 1860 3348 ἀλ-

1965 3299 2298 3361 referuntur,
2331 3298 2528 3369 partim
2562 3297 2658 3351 filii
2683 3297 2830 3351 veris
2855 3295 3108 3364 patribus
3137 3302 3543 3352 successerunt,

1967 3393 2161 3462 partim
2194 3408 2319 3446 cum
2353 3392 2422 3447 ab
2450 3391 2573 3445 aliis
2606 3391 2774 3462 geniti
2808 3397 3018 3454 essent,
3073 3388 3306 3442 aliorum
3360 3395 3542 3438 tamen

1966 3482 2061 3536 filii
2094 3481 2223 3537 dicti
2247 3491 2401 3548 sunt,
2429 3490 2594 3553 atque
2626 3492 2994 3550 utrorumque
3040 3478 3245 3533 mentio
3274 3475 3414 3530 facta
3439 3483 3547 3536 est,

1968 3575 2072 3631 hoc
2114 3587 2201 3632 est
2253 3585 2307 3631 et
2349 3591 2539 3630 eorum
2575 3575 2670 3644 qui
2716 3581 3052 3645 genuerunt.
3107 3577 3162 3625 et
3205 3584 3398 3625 eorum
3454 3570 3548 3637 qui

1967 3669 2115 3721 velut
2165 3674 2498 3736 genuerunt,
2547 3665 2760 3719 idcirco
2809 3671 3070 3718 neutrum
3125 3659 3547 3727 Evangeliorum

1974 3758 2108 3814 Nam
2173 3771 2288 3815 tum
2362 3759 2588 3814 familia:
2653 3756 3007 3822 Salomonis,
3049 3763 3104 3810 et
3145 3752 3394 3819 Nathan,
3457 3769 3552 3822 per

1979 3850 2124 3906 inter
2189 3867 2248 3906 se
2303 3865 2570 3906 connexa:
2621 3857 2800 3904 erant.
2827 3826 2902 3903 Ut
2965 3857 3146 3901 autem
3201 3844 3551 3916 perspicuum

2045 4032 2089 4084 Α
2121 4028 2324 4084 Davide
2354 4043 2450 4098 per
2469 4026 2817 4081 Salomonem
2837 4021 3220 4094 generationes
3260 4033 3554 4072 recenset:-

1921 4185 1923 4187 _
1977 4118 2146 4182 tibus,
2181 4117 2381 4172 tertius
2425 4129 2453 4169 a
2482 4115 2591 4168 line
2617 4111 2834 4167 Mathan
2867 4110 3156 4180 reperitur,
3181 4105 3552 4178 quiiaeobnm

1975 4210 2198 4279 Josephi
2242 4218 2450 4280 patrem
2490 4207 2702 4277 genuit.
2752 4205 2795 4258 A
2844 4203 3058 4258 Nathau
3101 4210 3280 4255 autem
3338 4199 3554 4252 Doridis

1980 4301 2091 4356 lilio
2117 4301 2273 4371 juxta
2306 4299 2533 4362 Lucam,
2563 4299 2754 4353 eodem
2792 4297 2954 4350 modo
2998 4292 3199 4348 tertius
3227 4308 3254 4343 a
3291 4289 3396 4344 [ine
3422 4287 3556 4342 illc!-

1973 4391 2084 4446 ehi.
2120 4389 2392 4457 Quocirca
2417 4405 2542 4443 cum
2572 4385 2776 4457 Joseph
2829 4385 2989 4440 nobis
3030 4398 3130 4453 pro
3159 4397 3327 4452 scapo
3355 4394 3556 4450 prepo-

1973 4491 2159 4547 natur,
2185 4479 2678 4536 demonstrandum
2713 4488 2800 4533 est
2846 4491 3082 4546 quonam
3126 4485 3286 4545 pacto
3325 4484 3558 4540 uterque.

1978 4576 2150 4646 ipsius
2175 4583 2328 4643 pater
2353 4589 2476 4629 esse
2496 4572 2698 4627 divinis
2722 4571 2944 4624 Litteris
2975 4567 3259 4638 prodatur,
3298 4565 3555 4619 nimirum

277 4663 380 4716 καὶ
426 4661 574 4715 Ἠλεὶ
603 4660 714 4714 ἀπὸ
739 4660 836 4714 τοῦ
884 4662 1100 4733 Νάθαν,
1129 4664 1388 4733 ἑκάτερον
1423 4664 1579 4732 γένος
1605 4667 1863 4736 κατάγον-

1979 4674 2034 4721 et
2070 4664 2269 4735 Joseph
2311 4665 2404 4735 qui
2447 4679 2475 4718 a
2527 4665 2822 4718 Salomone
2871 4671 3052 4715 ortum
3104 4658 3290 4722 traxit,
3329 4667 3385 4712 et
3439 4653 3556 4708 "eli

279 4771 405 4818 τας.
463 4754 579 4807 Καὶ
603 4753 669 4824 δὴ
701 4748 836 4808 οὖνό
856 4771 916 4807 τε
940 4754 1168 4808 Ματθὰν
1225 4755 1320 4808 καὶ
1344 4755 1373 4807 ὁ
1395 4756 1595 4828 Μελχὶ,
1627 4758 1685 4810 ὲν
1716 4758 1874 4830 μέρει

1981 4757 2074 4827 qui
2114 4774 2143 4810 a
2193 4756 2430 4811 Natban.
2481 4756 2626 4826 Ergo
2655 4764 2708 4809 et
2739 4753 2960 4807 Mathan
2992 4760 3047 4806 et
3078 4749 3270 4805 Melchi
3313 4746 3556 4803 eamdem

283 4846 390 4914 τὴν
414 4845 587 4916 αὐτὴν
629 4847 891 4917 ἀγόμενοι
938 4850 1197 4916 γυναῖκα,
1227 4851 1595 4921 ὁμομητρίους
1613 4851 1863 4920 ἀδελφοὺς

1983 4865 2211 4905 uxorem
2253 4850 2500 4905 vicissim
2551 4849 2817 4903 ducentes
2843 4887 2857 4909 ,
2897 4845 3148 4900 uteriuos
3197 4842 3398 4896 fratres
3435 4855 3558 4908 prn-

290 4938 808 5009 ἐπαιδοποιήσαντο,
856 4939 952 4991 τοῦ
978 4940 1144 5011 νόμου
1176 4943 1251 5012 μὴ
1283 4940 1588 5006 κωλύοντος
1617 4943 1877 5014 χηρεύου-

295 5027 471 5102 σα.ηῆ
504 5028 603 5080 καὶ
639 5028 1076 5100 ἀπολελυμένην,
1125 5030 1271 5102 ἄλλῳ
1313 5032 1632 5102 γαμεῖσθαι.
1693 5034 1878 5105 Παρα-

296 5115 501 5170 δέδοται
520 5115 728 5184 τοίνυν,
751 5119 834 5172 ὅτι
862 5119 1080 5190 πρῶτος
1109 5121 1340 5176 Ματθὰν
1357 5121 1507 5176 sane
1532 5123 1876 5192 Σολομῶντος

300 5207 552 5278 κατάγων
581 5212 643 5262 τὸ
670 5209 848 5278 γένος,
905 5210 1001 5264 τὸν
1035 5209 1233 5291 ἰακῲσ
1273 5214 1465 5284 γεννᾷ·
1494 5214 1588 5266 καὶ
1618 5213 1878 5285 τελευτή-

374 5370 396 5410 ¹
437 5370 580 5425 Luc.
615 5384 699 5434 ιιι,
753 5367 826 5424 25
863 5382 1028 5440 seqq.

1981 4948 2263 4993 crearunt.
2303 4939 2490 5009 Neque
2519 4939 2662 4994 enim
2707 4939 2794 4993 lex
2833 4936 3190 5008 prohibebat,
3221 4953 3290 4989 ne
3318 4950 3404 4995 ea,
3441 4948 3563 5000 qum

1986 5031 2242 5084 maritum
2271 5039 2445 5083 morte
2470 5030 2752 5094 amiserat,
2790 5039 2884 5083 aut
2918 5029 2986 5082 ah
3024 5043 3091 5083 eo
3127 5027 3411 5096 repudiata
3446 5025 3562 5076 l’ue-

1985 5130 2090 5186 rat,
2137 5122 2296 5176 alteri
2335 5121 2587 5176 nuberet.
2616 5121 2893 5176 Meritoria:
2935 5119 3118 5189 itaque
3163 5119 3438 5186 proditum
3481 5126 3562 5168 est

1989 5214 2210 5268 Mathau
2244 5216 2507 5286 primum,
2563 5215 2657 5284 qui
2701 5229 2730 5268 a
2763 5212 3057 5268 Salomone
3091 5211 3357 5282 originem
3381 5208 3564 5261 duce-

1600 5463 1604 5468 ’
1653 5454 2040 5512 CUMBEFISII
2070 5457 2298 5515 NOTAE.

369 5552 484 5622 (22)
518 5552 582 5608 Si
615 5555 855 5620 ipsorum
896 5546 1113 5623 fratres.
1165 5550 1481 5621 Legendmn
1521 5551 1607 5605 hic
1627 5553 1690 5623 in
1724 5548 1878 5605 Grae-

301 5621 482 5680 coest
512 5625 561 5676 εί
592 5624 868 5685 τεθνᾶσιν,
895 5621 955 5677 ut
988 5638 1190 5678 sensus
1228 5630 1418 5690 aperte
1441 5621 1709 5676 ostendit.

371 5691 487 5761 (‘23)
528 5691 681 5758 Quod
736 5711 768 5748 α
822 5696 931 5749 viro
968 5693 1217 5763 quodam.
1263 5691 1589 5763 Africanum
1650 5694 1881 5763 iunuere

301 5760 549 5826 videtur,
576 5764 738 5830 cuius
771 5763 840 5818 de
866 5760 1067 5818 hac're
1091 5763 1256 5816 verba
1292 5763 1348 5815 in
1391 5762 1634 5830 medium
1671 5760 1882 5830 profert

307 5832 582 5890 Eusebius
628 5829 769 5890 lib.t
823 5833 1026 5890 Eccles.
1076 5833 1208 5887 hist.
1251 5846 1372 5901 cap.
1425 5832 1477 5885 7.
1525 5829 1686 5887 Hanc,
1713 5847 1879 5902 porro

1990 5553 2168 5628 ipsius
2190 5555 2496 5628 rationem,
2531 5554 2736 5628 quibus
2769 5551 3110 5628 argilliietitis
3133 5550 3446 5628 convellere
3478 5550 3563 5602 ni-

1987 5619 2137 5677 tatur
2181 5623 2496 5684 Osiander.
2549 5619 2675 5677 'vitle
2728 5619 2872 5693 apud
2918 5619 3563 5693 MelchioremCanum,

1989 5694 2134 5748 lib.t
2190 5693 2266 5747 De
2299 5695 2427 5748 locis
2491 5691 2918 5764 tlteolog.,_cap.
2974 5692 3028 5759 5,
3069 5693 3161 5748 ubi
3231 5691 3398 5747 etiam
3433 5691 3566 5763 ipsis

1988 5764 2361 5820 eruditissime
2402 5764 2725 5834 respondet.
