3840 6312
388 345 498 413 879

1551 344 1611 402 S.
1651 339 1977 404 ANDREAE

2081 332 2444 403 RETENSIS
3502 335 3582 401 880

389 473 551 516 sacra
584 469 648 511 ac
680 469 881 510 arcana
931 455 1168 520 ratione,
1223 466 1424 507 munus
1454 466 1677 507 sacrum
1719 470 1816 522 pro
1849 454 1974 507 nni-

2081 455 2345 523 σκίασμα,
2371 454 2482 522 ὅσῳ
2515 451 2608 504 καὶ
2631 451 2792 503 αὑτὸν
2817 451 2907 503 τὸν
2927 447 3108 503 αὐτῶν
3141 447 3324 499 ἄδυτον
3342 450 3378 478 η
3406 449 3584 521 κύριον,

386 545 566 602 versis
588 544 806 609 obiret;
839 551 1162 597 sanctorum
1195 542 1430 594 alterum
1461 540 1739 608 velamen,
1773 544 1824 594 in
1861 557 1969 610 quo

387 634 672 691 mundiale
708 632 1188 702 propitiatorium,
1217 643 1281 686 ac
1316 631 1583 701 prmelara
1615 631 1968 687 Cherubino-

386 739 513 780 rum
543 722 904 779 obumbratio
923 719 1255 790 k-l,quanto
1269 723 1434 777 etiam
1465 723 1642 792 ipsum
1680 722 1968 793 adytorum

387 817 708 880 Dominum,
766 815 913 870 intra
952 824 1202 880 uterum,
1255 823 1482 886 gestans
1530 823 1687 869 utero
1721 815 1775 868 in
1826 814 1973 869 vela-

388 917 577 964 mento
599 907 869 978 operuisti
896 927 908 961 :
937 907 1330 962 candelabrum
1353 905 1762 978 ellycbniorum
1791 919 1856 958 ac
1886 904 1972 958 lu-

390 1013 688 1054 cernarum
713 1007 988 1072 septem“,
1013 1012 1208 1069 nempe
1225 999 1494 1055 donorum
1512 1005 1746 1067 septem,
1791 997 1846 1051 in
1886 995 1972 1050 fu-

391 1093 556 1149 soriis
597 1091 939 1146 illustratum
995 1088 1242 1158 Spiritus
1281 1087 1490 1153 sancti;
1542 1087 1768 1141 lucerna
1816 1087 1974 1140 inex-

392 1180 756 1252 stinguihilis,
789 1177 1016 1232 luminis
1042 1177 1230 1232 omnia
1249 1177 1656 1240 collustrantis,
1679 1190 1843 1245 quam
1877 1175 1975 1227 alit

394 1273 636 1344 mystice,
671 1271 857 1326 oleum
908 1268 1220 1324 unctionis.
1263 1267 1532 1334 Salvesis,
1570 1267 1748 1322 altare
1780 1268 1836 1321 in
1863 1282 1975 1338 quo

393 1367 586 1436 Agnus
646 1361 912 1418 Christus
981 1360 1168 1413 vivum
1245 1357 1586 1413 sacriﬁcium
1644 1357 1976 1428 spiritaliter

395 1455 655 1518 olIertur,
683 1452 890 1506 divina:
923 1464 1117 1505 mensa
1171 1449 1536 1511 initiationis,
1583 1456 1823 1503 mentem
1853 1462 1973 1501 om-

397 1563 519 1603 nem
559 1543 878 1615 superantis
913 1543 1059 1598 sacri
1103 1540 1427 1606 ministerii,
1483 1555 1650 1610 super
1679 1555 1846 1610 quam
1883 1556 1977 1610 pa-

395 1643 484 1696 nis
534 1636 628 1692 ille
681 1634 930 1690 cmlestis
959 1631 1217 1688 Christus
1240 1670 1254 1696 ,
1315 1631 1508 1702 Agnus
1538 1632 1631 1686 ille
1659 1647 1760 1702 pro
1791 1633 1976 1687 omni-

396 1733 497 1788 bus
520 1741 790 1799 tanquam
841 1727 1026 1782 hostia
1077 1726 1419 1795 victimaque
1468 1727 1627 1780 vivus
1672 1733 1970 1790 mactatus,

397 1823 757 1877 immolatur:
809 1817 1102 1874 viviﬁcaris
1142 1831 1340 1871 onmes
1402 1816 1500 1886 qui
1555 1817 1873 1886 percipiunt
1908 1833 1974 1872 ac

2081 1821 2252 1886 ζεται,
2295 1821 2388 1873 καὶ
2422 1795 2736 1890 μετέχεται,
2775 1819 2866 1871 καὶ
2893 1817 3149 1887 ἀνέχεται
3195 1814 3389 1885 χερσὶν
3419 1813 3627 1880 ἁμαρτω-

395 1922 652 1978 sumunt;
706 1909 928 1981 mystici
991 1911 1166 1963 tutius
1235 1908 1421 1962 cultus
1496 1906 1799 1971 cimelium,
1862 1923 1974 1978 quo

395 2008 543 2062 Deus
605 2020 774 2058 carne
831 2009 1135 2066 mactatur,
1197 2014 1262 2054 ac
1318 1999 1576 2054 universa
1636 2001 1972 2067 sanctiﬁcat,

395 2097 744 2170 spiritaliquc
797 2096 1014 2150 ratione
1062 2108 1190 2146 cum
1246 2091 1563 2147 hominibus
1606 2083 1972 2156 conversans,

397 2193 451 2245 in
479 2191 560 2246 eis
606 2187 905 2254 inhabitat,
963 2201 1029 2241 ac
1082 2185 1428 2257 percipitur,
1487 2186 1861 2256 sustinetque,
1917 2195 1976 2241 ut

395 2292 646 2338 versetur
692 2290 1048 2351 peccatorum
1112 2278 1408 2332 manibus:
1462 2286 1631 2348 atque
1687 2286 1745 2332 ut
1801 2279 1975 2336 labris

397 2375 560 2429 luteis
597 2377 986 2435 admoveatur,
1042 2377 1098 2424 et
1129 2369 1183 2423 in
1219 2377 1426 2424 nostra:
1464 2369 1654 2424 carnis
1693 2370 1974 2438 pulverem

397 2463 750 2529 refundalur,
815 2460 1178 2524 commistus,
1226 2475 1337 2516 non
1405 2465 1770 2530 vaporatione
1846 2477 1969 2516 eva-

395 2573 657 2614 nescens.
689 2556 734 2611 0
787 2555 1123 2612 ineﬂabilem
1155 2553 1634 2608 exinanitioneml
1686 2555 1726 2608 Ο
1758 2554 1974 2608 bonita-

397 2651 533 2705 tem!
565 2649 794 2719 quando
847 2648 1011 2703 nobis
1072 2649 1188 2702 hazc
1223 2649 1367 2703 Deus
1431 2665 1528 2719 per
1577 2652 1974 2715 contribulem,

397 2755 464 2794 ac
505 2739 756 2808 ejusdem
795 2737 1354 2809 generisl‘eminam,
1408 2755 1576 2809 supra
1627 2753 1880 2794 naturam
1915 2757 1977 2795 ac

397 2836 630 2901 gratiam
667 2831 988 2886 concessit:
1028 2845 1126 2900 per
1185 2829 1471 2894 feminam,
1531 2832 1778 2902 inquam,
1816 2834 1978 2901 cujus

397 2925 567 2978 animi
615 2924 838 2994 quidem
887 2923 1056 2979 decor
1106 2940 1281 2994 usque
1315 2923 1814 2982 adcoimmensum
1849 2942 1978 2996 pro-

397 3019 566 3080 vexit,
618 3024 676 3070 ut
729 3015 987 3071 Christus
1022 3016 1140 3086 ipse
1193 3016 1500 3072 immensus
1549 3017 1643 3070 ille
1695 3018 1884 3083 decor,
1923 3019 1976 3073 in

2072 544 2217 596 ἔνδον
2237 545 2431 614 νηδύος
2457 545 2549 596 ἐπὶ
2616 543 3084 614 παραπετάσματι
3141 541 3504 604 συνεκάλυπτες
3523 548 3594 612 ὲγ-

2071 638 2332 706 γάστριον
2385 635 2726 705 φέρουσα’ή
2787 634 3122 703 ὲπτάλυχνος
3171 631 3263 682 καὶ
3315 633 3594 697 Amineae;

2070 727 2180 780 τῶν
2227 727 2367 779 ἑπτὰ
2423 727 2778 796 χαρισμάτων
2833 724 3049 794 λυχνία,
3107 724 3250 775 ὲπτὲ
3299 724 3599 794 ὲπαρυστρῖσι

2074 819 2602 888 καταστραπτομένη
2643 816 2739 868 τοῦ
2789 817 3143 886 Πνεύματος·
3177 816 3209 882 ἡ
3255 814 3601 879 ἀκατάσὸεστος

2076 908 2334 979 θρυαλλὶς
2372 907 2465 960 τοῦ
2509 907 2686 976 φωτὸς
2718 906 2811 959 τοῦ
2841 907 3021 959 πάντα
3063 903 3421 972 φωτίσαντος,
3436 905 3490 974 ἦν
3519 909 3608 958 ἐπι-

2075 1000 2264 1071 τρέφει
2329 998 2606 1070 μυστικῶς
2665 998 2726 1050 τὸ
2783 999 2881 1067 τῆς
2911 998 3151 1066 κρίσεως
3201 995 3397 1048 ἔλαιον.
3433 997 3607 1065 Enipei;

2077 1093 2484 1163 θυσιαστήριον,
2546 1094 2604 1144 ἐν
2651 1085 2696 1158 ᾧ
2728 1090 3008 1160 μυστικῶς
3061 1091 3092 1142 6
3137 1087 3335 1158 Ἀμνὸς
3363 1088 3420 1139 τὸ
3447 1087 3610 1160 ζωηρὸν

2075 1184 2446 1254 ὁλοκάρπωμα
2472 1186 2708 1255 Χριστος
2739 1184 3077 1254 ἀναφέρεται
3101 1200 3115 1212 ο
3145 1185 3180 1252 ἡ
3215 1183 3497 1251 θεὸμυστος
3516 1187 3613 1252 τρά-

2077 1275 2220 1340 πεζα
2250 1277 2347 1345 τῆς
2383 1275 2525 1347 ὑπὲρ
2555 1276 2678 1329 νοῦν
2703 1276 3043 1346 ἱερουργίας,
3072 1276 3164 1344 ἐφ’
3193 1275 3260 1344 ἦν
3285 1273 3313 1324 ὁ
3346 1274 3401 1340 ἐξ
3423 1275 3615 1345 οὐρανῶν

2076 1368 2239 1436 ἄρτος
2277 1367 2533 1438 Χριστὸς,
2555 1369 2582 1420 6
2616 1368 2758 1438 ὑπὲρ
2793 1368 3011 1421 πάντων
3028 1365 3232 1436 ’Δμνδς
3250 1365 3324 1426 ὡς
3354 1364 3613 1433 θυμίαμιιη

2078 1458 2172 1511 καὶ
2207 1457 2402 1528 ἱερεῖον
2437 1455 2875 1526 ζωοθυτούμενον
2929 1454 3181 1519 τέθυται,
3217 1449 3502 1514 ζωοποιοῦν
3527 1451 3615 1512 τοὺς

2081 1547 2406 1616 μετέχοντας
2430 1561 2442 1575 ³
2484 1545 2544 1598 τὸ
2566 1545 2745 1614 πάσης
2777 1544 2982 1614 μύστου
3012 1543 3052 1572 ¹⁷
3075 1541 3343 1610 λατρείας
3368 1539 3618 1608 κειμήλιον,

2079 1640 2137 1691 ὲν
2170 1632 2214 1708 ᾧ
2241 1639 2373 1702 Θεὸς
2407 1638 2573 1710 σαρκὶ
2630 1637 3013 1706 σφαγιάζεται,
3052 1635 3151 1687 καὶ
3183 1633 3405 1699 ἁγιάζει
3435 1631 3497 1682 τὰ
3519 1631 3618 1700 σύμ-

2082 1745 2284 1794 παντα,
2334 1727 2431 1782 καὶ
2481 1727 2763 1798 μυστικῶς
2809 1724 3123 1795 ἀνθρώποις
3157 1721 3444 1790 ἐπιδημῶν
3476 1722 3621 1772 ὲνοικν

2075 1912 2182 1967 λῶν
2210 1911 2618 1966 ἀνελίττεσθαι·
2649 1910 2854 1980 χείλεσί
2878 1926 2938 1962 τε
2983 1908 3242 1979 πηλίνοις
3280 1903 3625 1974 προσάγεσθαι,

2077 2006 2172 2059 καὶ
2202 2005 2284 2068 εἰς
2315 2003 2407 2057 τὸν
2433 2001 2561 2073 χοῦν
2600 2005 2695 2073 τῆς
2748 2000 2950 2072 σαρκὸς
2986 1999 3148 2069 ἡμῶν
3182 1994 3516 2065 ἀνακεῖσθαι,
3538 2009 3629 2060 κιρ-

2086 2097 2351 2167 νώμενος,
2384 2097 2447 2148 οὺ
2501 2093 2912 2164 διαπνεόμενος.
2940 2093 3003 2145 Ὢ
3041 2091 3145 2160 τῆς
3183 2088 3465 2160 ἁφράστου

2079 2190 2249 2252 σεωςῑ
2281 2190 2346 2242 Ὢ
2379 2189 2478 2259 τῆς
2497 2188 2908 2260 χρηστότητοςῑ
2940 2188 3020 2240 ὅτι
3057 2185 3150 2238 διὰ
3170 2181 3435 2252 γυναικὸς
3463 2176 3627 2248 ὁμοφύ-

2077 2284 2170 2336 λου
2193 2282 2390 2346 ταῦτα,
2414 2283 2508 2335 καὶ
2529 2279 2848 2348 συγγενοῦς,
2877 2279 3018 2349 ὑπὲρ
3045 2277 3214 2348 φύσιν
3244 2275 3341 2328 καὶ
3371 2273 3509 2326 θέσιν
3527 2268 3626 2332 Θεὸς

2076 2377 2211 2445 ἡμῖν
2266 2373 2594 2445 ἐχαρίσατο·
2665 2371 2947 2440 γυναικὸς,
2991 2366 3059 2442 ἦς
3111 2368 3176 2422 τὸ
3220 2367 3322 2438 μὲν
3362 2363 3458 2433 τῆς
3487 2360 3628 2430 ψυχῆς

2080 2466 2275 2529 κάλλος
2311 2465 2604 2535 ἀπειράκις
2637 2463 2884 2534 ἀπείρως
2915 2466 2992 2525 εἰς
3026 2459 3221 2513 τοῦτον
3261 2456 3496 2525 ἐξῆρται,
3515 2453 3626 2511 ὅπως

2083 2557 2426 2628 καὶΧριστδν
2483 2554 2648 2608 αὑτὸν
2697 2554 2760 2605 τὸ
2795 2553 3080 2623 ἀμήχανον
3125 2549 3333 2610 κάλλος
3367 2547 3442 2608 εἰς
3472 2540 3627 2594 ἐπιθυ·

2084 2655 2212 2720 μέαν
2234 2650 2328 2702 τοῦ
2364 2649 2572 2720 ταύτης
2613 2645 2845 2708 κάλλους
2897 2643 3096 2708 ἐλθεῖν,
3135 2641 3238 2694 καὶ
3285 2639 3387 2708 τὴν
3410 2637 3463 2701 ἐξ
3492 2631 3627 2699 αὐτῆς

2081 2741 2301 2794 ἑλέσθαι
2325 2742 2588 2809 δευτέραν
2619 2738 2896 2805 γέννησιν,
2943 2736 3038 2787 καὶ
3077 2731 3396 2802 ἀπατορίαν
3419 2727 3460 2756 ⁸⁸
3480 2741 3493 2754 ο
3519 2722 3630 2775 οὓτω

2079 2835 2134 2888 δὲ
2161 2838 2252 2887 καὶ
2285 2833 2379 2886 τοῦ
2451 2832 2701 2902 σώματος
2747 2825 3028 2898 εὐπρεπὴς
3068 2827 3101 2894 ἡ
3145 2824 3509 2882 κατάστασις,
3559 2817 3627 2866 καὶ

2091 2929 2218 2998 πρὸς
2248 2926 2502 2980 τοσοῦτον
2520 2924 2895 2992 καθαρότητος
2920 2921 3220 2990 φθάνουσα,
3244 2919 3359 2986 ὅσῳ
3384 2912 3476 2967 καὶ
3493 2907 3628 2977 αὐτὴν

2082 3019 2442 3093 κωρῆσαιτὴν
2466 3017 2756 3088 ἀσώματόν
2782 3031 2841 3066 τε
2869 3011 3359 3082 καὶὰπερὶὶηπτον
3382 3007 3472 3076 τῆς
3497 3004 3628 3069 ὑπερ-

396 3109 520 3176 ejus
550 3107 772 3162 decoris
806 3106 1152 3161 desiderium
1211 3116 1372 3162 actus
1425 3109 1528 3172 sit,
1562 3110 1977 3180 secundamque

2081 3092 2267 3166 ουσίου
2314 3111 2530 3178 φύσεως
2589 3107 2985 3178 μεγαλειότητα
3006 3142 3022 3167 ,
3092 3104 3161 3155 δι’
3196 3103 3322 3164 ἑνὸς
3356 3099 3459 3152 τῶν
3494 3092 3628 3164 τριῶν

395 3213 460 3252 cx
497 3213 558 3252 ea
592 3199 938 3252 nativitatem
987 3199 1240 3266 elegerit,
1282 3213 1520 3268 eamque
1549 3200 1690 3254 adeo
1721 3201 1843 3255 sine
1874 3218 1971 3272 pa-

2086 3202 2259 3273 αὐτῆς
2282 3203 2651 3255 ὑποστάσεων.

398 3297 516 3342 tre:
551 3289 646 3343 sed
693 3298 745 3342 et
781 3295 1034 3358 corporis
1103 3293 1156 3343 in
1204 3298 1420 3343 tantum
1472 3291 1718 3347 furn‘nosa
1769 3297 2016 3363 species,
2093 3305 2358 3364 tantaque
2417 3301 2688 3364 praestans
2766 3289 3032 3360 puritate,
3102 3295 3160 3340 ut
3216 3286 3398 3354 ipsam
3451 3290 3628 3348 «ιυοψιο

400 3387 807 3453 incorpnrcam,
851 3398 914 3436 ac
949 3384 1570 3452 incomprehensibilem
1608 3392 2101 3457 supcrcssentialis
2172 3402 2386 3444 natura:
2437 3387 2824 3457 majestatem,
2886 3399 2983 3452 per
3024 3396 3188 3435 tinam
3269 3381 3434 3434 trium
3493 3372 3627 3443 ipsius

401 3487 770 3546 personarum
806 3485 1011 3541 capere
1046 3473 1289 3528 licuerit.

470 3563 597 3617 [hec
630 3561 799 3616 Maria
837 3562 927 3617 Dei
965 3563 1215 3619 Genitrix
1243 3573 1352 3631 est,
1387 3579 1683 3623 commune
1713 3565 1986 3625 Christia-

401 3666 596 3720 norum
628 3653 876 3706 omnium
947 3653 1302 3724 perfugium;
1352 3655 1531 3725 prima
1581 3659 1744 3727 primi
1800 3660 1985 3729 lapsus

399 3746 701 3815 primorum
751 3752 1040 3812 parentum
1103 3746 1418 3815 reparatio;
1479 3747 1655 3802 vitiati
1697 3749 1983 3803 hominum

398 3836 618 3908 generis
653 3836 718 3889 ad
751 3837 1134 3907 tranquillum,
1166 3852 1230 3892 ac
1256 3839 1392 3894 vitio
1417 3850 1723 3910 expertem,
1757 3840 1985 3895 immur-

399 3929 674 3996 talemque
719 3935 923 3981 statum
958 3929 1278 3996 revocatio;
1315 3929 1548 4000 mystice
1603 3930 1734 3984 olim
1791 3930 1988 3986 adum-

399 4021 555 4074 brata
582 4019 701 4072 rubi
729 4019 909 4090 Moysi
946 4020 1088 4074 visio
1127 4030 1192 4087 n;
1227 4018 1508 4076 Gedeonis
1535 4021 1716 4077 vellus
1753 4027 1803 4087 ο,
1839 4019 1987 4092 quod

402 4111 495 4164 ille
522 4107 771 4180 symbolo
803 4109 1180 4163 humectalum
1215 4125 1244 4164 e
1285 4110 1428 4164 caelo
1459 4110 1586 4166 exili
1633 4112 1814 4182 pluvia
1869 4111 1991 4166 sine

401 4202 635 4270 strepitu
670 4200 882 4267 videns,
915 4202 1063 4270 quod
1087 4203 1387 4272 gerebatur
1419 4205 1472 4257 in
1507 4205 1835 4258 miraculum
1862 4219 1987 4257 ver-

400 4304 545 4357 tens,
575 4307 638 4345 ac
659 4293 900 4361 pluviam
933 4293 1244 4363 insignum,
1270 4306 1476 4349 certam
1503 4297 1580 4350 rei
1610 4295 1982 4364 conjecturam

400 4384 673 4440 sacriﬁcio
695 4383 824 4439 l‘ccit
858 4403 871 4438 :
902 4383 1092 4441 divino
1116 4401 1283 4457 opere
1309 4387 1456 4441 varia
1473 4386 1698 4442 Davidis
1721 4403 1983 4457 purpura,

2151 3564 2300 3635 Αὕτη
2328 3563 2476 3617 ἐστὶν
2501 3564 2533 3633 ἡ
2556 3562 2817 3624 Θεοτόκος
2840 3560 3050 3632 Μαρία,
3092 3560 3153 3614 τὺ
3180 3561 3365 3614 κοινὸν
3414 3557 3626 3614 ἁπάντων

2080 3661 2188 3714 τῶν
2209 3657 2557 3731 Χριστιανῶν
2598 3656 2966 3726 καταφύγιον·
2997 3658 3030 3726 η
3087 3655 3278 3728 πρώτη
3328 3656 3418 3711 τοῦ
3448 3651 3624 3724 πρῶτον

2083 3751 2376 3824 πτώματος
2439 3750 2549 3803 τῶν
2600 3749 2882 3820 προγόνων
2921 3748 3222 3820 ἀνάκλησις
3249 3766 3262 3779 °
3306 3747 3490 3821 ήπρδς
3515 3742 3628 3797 ἀπά-

2084 3843 2236 3898 θειαν
2251 3843 2344 3898 τοῦ
2380 3842 2713 3905 πεπονθότος
2743 3835 2935 3910 γένους
2976 3841 3270 3905 ἐπάνοδος·
3304 3842 3362 3894 τὸ
3401 3840 3525 3894 κατὰ
3547 3835 3624 3904 τὴν

2087 3935 2251 4007 βάτον
2287 3934 2530 3999 Μωσέως
2558 3934 2839 4006 πρόπαλαι
2865 3931 3143 4004 μυστικῶς
3163 3931 3625 4004 σκιογραφοὺμενσν

2081 4029 2265 4098 ὅραμα
2289 4045 2301 4058 ·
2341 4028 2371 4080 6
2400 4027 2562 4090 πόκος
2600 4023 2696 4080 τοῦ
2738 4025 2968 4087 Γεδεὼν,
2994 4025 3052 4080 ὃν
3087 4028 3297 4092 ἐκεῖνος
3325 4020 3624 4098 συμϐολικῶς

2081 4118 2396 4172 νοτισθέντα
2424 4120 2547 4181 ταῖς
2592 4117 2650 4186 ἐξ
2675 4115 2910 4187 οὐρανοῦ
2941 4117 3176 4187 ψεκάσιν
3205 4117 3443 4187 ἀψοφητὶ
3466 4109 3622 4168 θεασά-

2086 4229 2268 4282 μενος,
2319 4212 2399 4274 εἰς
2451 4210 2636 4282 θαῦμα
2671 4211 2876 4282 τρέψας
2913 4210 2972 4262 τὺ
3015 4210 3224 4281 δρᾶμα,
3262 4211 3354 4262 τὸν
3398 4205 3534 4262 ὑετὸν
3561 4203 3622 4260 εἰς

2082 4305 2330 4374 σημεῖον,
2367 4301 2446 4372 τῷ
2473 4303 2658 4374 ἱερείῳ
2690 4305 3173 4373 συνετεκμήρατοο
3216 4303 3248 4372 ἡ
3300 4296 3620 4355 θεοποικιλτος

2080 4395 2175 4448 τοῦ
2198 4395 2361 4449 Δαϐὶδ
2374 4395 2502 4448 άλου
2513 4396 2656 4466 ργὶς,
2671 4394 2780 4465 ήτὸ
2799 4395 2894 4464 τῆς
2913 4392 3116 4465 σαρκὸς
3134 4385 3619 4465 πρόσλημμα,οέονεὶ

399 4486 741 4548 assumptam
802 4493 1027 4534 carnem
1073 4496 1338 4551 purpurae
1390 4481 1565 4536 instar
1619 4480 1728 4536 Deo
1762 4480 1977 4537 Davidis

2087 4486 2396 4557 πορφυρῖδα
2417 4485 2495 4555 τῷ
2517 4485 2636 4556 Θεῷ
2656 4485 2751 4538 τοῦ
2772 4485 2936 4539 Δαϐὶδ
2962 4485 3303 4557 σαρκωθέντι
3324 4484 3616 4559 προσάξασα·

400 4573 694 4626 incarnato
735 4573 1034 4628 tribuens:
1067 4575 1308 4630 thronus
1345 4571 1716 4639 Cherubicus,
1753 4589 1984 4644 praema'

398 4679 542 4734 gnus
569 4664 681 4728 ille,
720 4664 933 4735 igneus,
968 4666 1250 4729 sublimis,
1279 4679 1403 4736 qua:
1445 4665 1649 4736 Regem
1689 4663 1980 4720 Dominum

401 4753 642 4810 Sabaoth
658 4757 777 4810 sinu
797 4759 980 4827 gestet
996 4769 1021 4807 P
1043 4775 1056 4812 :
1082 4757 1833 4828 superliminarecuzlestium
1851 4757 1982 4828 ady-

398 4856 602 4910 torum,
635 4849 725 4902 ubi
761 4849 1053 4918 Seraphim
1103 4851 1209 4906 alis
1243 4859 1412 4916 tecta,
1460 4865 1568 4921 qua
1616 4850 1836 4914 faciem,
1877 4865 1980 4917 qua

400 4937 586 5008 pedes,
611 4937 844 5008 aliisque
881 4942 1141 5006 volantia,
1171 4959 1430 5012 maguum
1467 4941 1605 4997 illud
1639 4957 1703 4995 ac
1730 4943 1975 4998 terribile

396 5030 679 5084 canticum
711 5033 910 5085 stando
926 5033 1190 5098 clamant,
1218 5036 1365 5104 quod
1392 5034 1760 5104 importabilis
1791 5034 1976 5103 gloria:

396 5128 680 5190 aspectum
718 5137 824 5175 non
860 5120 1056 5188 ferant.
1115 5123 1397 5178 leorum
1437 5134 1622 5194 porta,
1679 5137 1777 5192 per
1810 5137 1974 5191 quam

397 5215 551 5269 solus
583 5213 840 5269 transivit
878 5216 1148 5270 cmlorum
1189 5217 1459 5272 Dominus
1486 5227 1514 5266 ει
1547 5257 1560 5279 ,
1591 5215 1797 5269 ηοωὶυὶ
1845 5223 1977 5269 ante

398 5315 589 5377 postve
656 5308 902 5378 pervium
966 5310 1281 5365 concedens
1351 5310 1700 5379 ingressum.
1741 5305 1974 5372 Lzetare,

443 5460 704 5519 k-‘llebr.
747 5481 822 5532 Ix,
879 5466 898 5518 l
936 5480 1089 5535 seqq.

408 5555 547 5611 xuv,
576 5544 630 5597 2.

1189 5476 1230 5503 πη
1255 5465 1572 5535 Zach.w,2.

1687 5469 1910 5524 nExod.
1958 5488 2038 5535 Ill,
2078 5470 2131 5525 5.

2079 4584 2106 4634 6
2139 4579 2473 4651 Χερουὸικὺς
2507 4579 2717 4649 θρόνος,
2762 4581 2790 4632 6
2829 4580 3253 4652 ὑπερμεγέθης,
3283 4585 3312 4635 6
3345 4574 3615 4652 πύρινος,ό

2083 4671 2389 4742 μετέωρος,
2437 4671 2529 4724 τὸν
2577 4671 2812 4724 Βασιλέα
2875 4671 3081 4742 Κύριον
3105 4673 3335 4726 Σαϐαὼθ
3379 4671 3617 4742 ἐγκόλπιον

2081 4760 2358 4832 φέρουσα·
2404 4760 2466 4813 τὸ
2517 4761 2826 4833 ὑπέρθυρον
2877 4764 2986 4814 τῶν
3031 4764 3087 4813 ἐν
3143 4764 3396 4835 οὐρανοῖς
3431 4760 3614 4816 ἀδύτων.

2080 4847 2144 4905 οὗ
2167 4851 2236 4906 τὰ
2257 4853 2512 4924 Σεραφὶμ
2540 4854 2785 4921 εἱστήκει
2821 4855 3244 4924 συνεπτυγμένα
3266 4857 3386 4917 ταῖς
3409 4848 3614 4924 πτέρυξι·

2081 4949 2201 5010 ταῖς
2233 4949 2331 5018 μὲν
2362 4948 2461 5012 τὰς
2523 4949 2697 5016 ὖψεις,
2750 4952 2870 5012 ταῖς
2925 4950 2982 5003 δὲ
3035 4952 3163 5012 τοὺς
3219 4952 3407 5013 πόδας,
3449 4943 3617 5008 ταῖςὸε

2085 5043 2383 5110 ἱπτάμενα,
2416 5041 2561 5111 μέγα
2595 5041 2837 5112 κέκραγε
2868 5041 2958 5094 τὸν
2995 5041 3226 5112 φοϐερὸν
3246 5044 3447 5095 ἐκεῖνον
3469 5040 3618 5109 ὕμνον.

2083 5135 2181 5206 τῆς
2207 5133 2474 5186 ἀστέκτου
2511 5133 2668 5202 δόξης
2716 5135 2815 5202 τὴν
2871 5133 3001 5185 θέαν
3032 5133 3093 5184 οὐ
3129 5134 3388 5203 φέροντα.
3425 5132 3486 5184 Ἦ
3513 5125 3619 5192 πύλη

2084 5223 2192 5276 τῶν
2223 5222 2494 5293 οὐρανῶν,
2524 5222 2590 5275 δι’
2622 5218 2690 5294 ἦς
2721 5224 2880 5292 μόνος
2904 5223 2932 5274 6
2973 5222 3080 5274 τῶν
3115 5222 3366 5293 οὐρανῶν
3387 5219 3620 5283 Δεσπότης

2083 5313 2360 5378 διώδευσε,
2439 5313 2630 5384 μηδεν)⁵
2691 5313 2806 5383 μετ’
2859 5312 3092 5384 αὐτόνῆ
3140 5314 3248 5384 πρὸ
3274 5312 3434 5369 αὑτοῦ
3487 5308 3621 5382 βατὴ*

3387 5479 3412 5522 't
3449 5456 3629 5525 Exerit-3

2244 5478 2270 5506 ο
2307 5468 2489 5525 Judic.
2549 5485 2622 5536 γι,
2673 5469 2760 5525 58.
2878 5481 2905 5521 Ρ
2942 5470 3045 5525 lsa.
3103 5487 3177 5537 vr,
3219 5472 3272 5526 6.

1671 5641 1903 5698 VABIE.
1948 5603 2354 5706 LECTIONES.

468 5749 513 5790 υ
547 5748 677 5824 Leg.
711 5753 889 5807 αὐτῶν
916 5753 1141 5810 ἀδύτων.
1233 5758 1276 5789 ¹⁶
1311 5757 1442 5827 ch.
1480 5756 1646 5827 θῦμα.

1730 5761 1772 5791 ¹⁷
1796 5759 1923 5831 Leg.
1956 5763 2241 5829 μυστικοῦ.

2327 5766 2371 5797 ¹⁸
2413 5764 2552 5820 Maz.
2586 5766 2890 5838 εὐπάτορα.
