3840 6312
157 374 283 444 33')

1211 380 1297 439 IN
1320 381 2019 443 ANNUNTIATIONEM
2045 386 2109 445 B.
2131 387 2438 448 'MARIJE.

2763 295 2802 325 Ι

3352 383 3462 446 8δό

165 485 476 562 φρὸσυνον,
519 486 616 540 τοῦ
651 488 707 541 δὲ
751 488 942 556 γένους
986 488 1308 562 ἀνόρθωσις.
1347 491 1558 545 Οὐκοῦν
1605 495 1774 563 χαρᾶς

1883 496 2015 562 Quae
2069 515 2200 552 vero
2248 498 2528 569 ejusmodi
2569 513 2633 551 at:
2666 507 2871 566 quanta
2939 495 3250 551 festivitas?
3291 494 3459 551 Plane

171 580 479 648 εὐαγγέλια
511 581 753 650 σήμερον
777 597 791 609 ⁸
822 579 960 632 Θεοῦ
990 580 1408 651 φιλανθρωπίας
1437 585 1730 654 μηνύματα
1756 602 1770 617 ’

178 669 529 738 παγκοσμίου
569 668 848 738 σωτηρίας
878 669 1221 738 χαρμόσυνα.
1265 671 1455 735 Πόθεν,
1487 673 1583 724 καὶ
1623 673 1774 743 παρὰ

184 766 349 828 τίνος,
373 763 463 815 καὶ
489 764 630 832 πρὸς
657 762 779 814 τίνα
805 761 1011 829 ἥκοντα
1033 779 1047 826 ;
1074 761 1134 825 se
1154 763 1412 832 ούρανοῦ,
1447 765 1544 817 καὶ
1569 783 1587 815 ι
1622 766 1774 836 παρὰ

191 855 346 920 Θεοῦ,
376 857 467 908 καὶ
498 855 639 924 πρὸς
678 854 953 924 παρθένον
1000 857 1499 927 μεμνηστευμένην
1529 858 1702 926 ἀνδρί.
1747 878 1766 910 ι

189 951 334 1016 Τίςή
359 946 628 1018 παρθένος
646 965 660 1009 ;
688 947 782 1009 Τίς
803 947 830 998 ὁ
847 947 1018 1016 ἀνήρ;
1040 947 1162 1000 τίνα
1180 948 1238 1001 δὲ
1263 949 1475 1013 τούτοις
1495 950 1735 1020 ὀνόματα
1753 969 1767 1016 ;

182 1040 268 1108 Τῇ
292 1039 407 1107 μὲν,
429 1037 628 1105 Μαρία
656 1053 669 1066 ·
702 1036 779 1106 τῷ
806 1036 882 1096 δὲ,
930 1038 1176 1107 Ἰωσήφ.
1205 1038 1532 1110 Ἀμφότεροι
1553 1039 1609 1092 δὲ
1631 1035 1772 1110 ἦσαν

181 1151 210 1183 ι
245 1134 304 1183 ἐκ
337 1129 524 1196 γένους
554 1130 746 1184 Δαδίδ.
787 1150 804 1181 ι
851 1131 1009 1195 Τίνος
1039 1132 1212 1186 ταῦτα
1248 1133 1645 1200 διακονοῦντος,
1677 1138 1770 1190 καὶ

165 1221 304 1276 ὅθεν
335 1223 598 1291 ἥκοντος
643 1221 739 1274 τοῦ
786 1223 1131 1293 ἀρχαγγέλου
1165 1225 1408 1298 Γαϐριὴλ
1450 1228 1508 1294 ἐξ
1542 1227 1768 1296 ὑψίστου

163 1315 583 1378 ἀποσταλέντος
644 1318 724 1376 εἰς
782 1317 1064 1370 διακονίαν
1113 1317 1207 1370 τοῦ
1265 1318 1564 1389 θαύματος.
1620 1319 1768 1374 Ἔδει

161 1405 291 1475 γὰρ
326 1405 418 1459 τοῦ
468 1405 730 1475 Ὑψίστου
775 1408 865 1459 τὸν
903 1407 1242 1480 λειτουργὸν,
1284 1413 1349 1464 ὲκ
1389 1413 1498 1466 τῶν
1529 1413 1768 1482 ύψίστων

155 1499 276 1551 ἐπὶ
337 1498 438 1567 γῆς
499 1501 890 1563 καταπτάντα,
941 1501 1248 1572 παράδοξον
1298 1489 1408 1556 ἐπὶ(
1446 1504 1769 1574 παραδόξοις

152 1593 292 1651 τοῖς
342 1592 631 1660 πράγμασι
694 1592 1045 1663 διακοσμίσαι
1119 1599 1439 1667 μυστήριον.
1517 1598 1583 1650 Τί
1643 1597 1768 1651 τοῦο

151 1698 296 1749 -τος
358 1684 450 1735 τοῦ
519 1683 724 1754 Κυρίου
807 1688 1254 1755 συγκατάθασιν,
1326 1669 1436 1759 τὴν⁹
1527 1692 1767 1764 ᾶρῤητον

171 1774 286 1843 τῆς
339 1776 468 1847 περὶ
538 1778 688 1847 ἡμᾶς
734 1781 1047 1851 οἰκονομίας
1102 1783 1449 1853 φανέρωσιν,
1503 1783 1603 1854 τὴν
1669 1784 1765 1836 ἀπ’

197 1865 374 1928 αίῶνος
426 1868 848 1940 κεκαλυμμένη-,ρ
901 1871 1001 1939 τῆς
1060 1871 1211 1936 θείας
1287 1874 1481 1943 βουλῆς
1511 1875 1606 1928 καὶ
1639 1892 1766 1947 προ-

195 1954 434 2022 γνώσεως
472 1955 703 2026 έκφασιν
749 1961 843 2013 καὶ
882 1960 1196 2029 βεδαίωσιν.
1221 1963 1386 2015 Ἀλλὰ
1429 1965 1529 2017 ποῦ
1564 1965 1762 2030 ταῦτα,

139 2071 146 2075 ·
197 2046 282 2099 καὶ
308 2046 455 2111 πότε,
482 2049 576 2100 καὶ
608 2049 732 2102 ὅτου
767 2053 960 2120 χάρινς
997 2070 1014 2101 ι
1060 2053 1152 2115 Εἰς
1194 2054 1447 2120 Ναζαρὲτ
1484 2055 1636 2107 πόλιν
1667 2058 1768 2125 τῆς

201 2134 488 2200 Γαλιλαίας,
515 2137 595 2207 τῷ
625 2140 756 2208 μηνὶ
785 2140 863 2210 τῷ
883 2141 1048 2212 ἕκτῳ,
1080 2143 1202 2196 καθ’
1236 2143 1294 2196 ὃν
1350 2145 1606 2216 Ἰωάννης
1637 2163 1764 2199 συν-

199 2227 432 2297 εῦιηπτο,
489 2247 507 2280 ι
558 2229 645 2282 ἵνα
679 2232 768 2284 τὸν
817 2234 1112 2303 ἐρχόμενον
1167 2235 1378 2306 κηρύξῃ
1420 2238 1765 2308 ἐγγὰστριον.

207 2317 358 2370 Ὅθεν
402 2321 429 2371 ό
473 2319 710 2398 Γαϐριὴλ
739 2323 874 2393 πρὸς
916 2324 1016 2394 τὴν
1060 2327 1302 2393 ἐπίγειον
1348 2328 1616 2392 παστάδα,
1661 2329 1768 2383 τῶν

205 2407 444 2476 α’.θερίων
482 2411 767 2476 καταπτὰς
807 2415 1093 2484 ὑπερῴων,
1133 2417 1336 2484 ἐπέστη
1375 2421 1441 2489 τῇ
1488 2419 1765 2491 Ναζαρὲτ,

214 2500 382 2570 καὶ-τῇ
423 2503 682 2576 Παρθένῳ
719 2506 1054 2576 προσελθὼν,
1091 2511 1190 2579 τῆς
1234 2512 1517 2579 (inopi-stop
1561 2515 1768 2568 οἰκονο-

213 2589 338 2659 μίας
370 2593 594 2665 ἀψοφητὶ
633 2597 872 2667 διηκόνει
893 2600 954 2651 τὸ
996 2601 1242 2671 μήνυμα.
1297 2603 1466 2656 Τοῦτο
1496 2605 1595 2675 τῆς
1633 2607 1768 2676 πρὸς

209 2683 508 2753 ἀνθρώπους
547 2689 700 2752 θείας
746 2679 1093 2761 καταλλαγῆς
1135 2695 1195 2746 τὸ
1234 2697 1555 2767 μυστήριον.
1600 2699 1772 2753 Τοῦτο

210 2781 631 2852 πανηγυρίζομεν
666 2784 930 2854 σήμερον.
967 2785 1066 2856 τὴν
1109 2787 1201 2839 τοῦ
1235 2788 1372 2841 Θεοῦ
1405 2790 1540 2859 πρὸς
1565 2789 1774 2862 ἀνθρώ-

211 2883 339 2931 meo;
367 2873 672 2941 συνάφειαν,
704 2875 801 2946 τὴν
829 2876 923 2928 τοῦ
969 2877 1397 2950 προσλήμματος
1431 2881 1646 2949 θέωσιν,
1677 2885 1774 2956 τὴν

209 2959 302 3029 τῆς
322 2963 518 3028 εἰκόνος
551 2967 712 3037 ἡμῶν
745 2969 1137 3038 ἀναμόρ·,εωσιν
1156 3013 1169 3032 ,
1209 2974 1308 3031 τὴν
1336 2975 1414 3035 εἰς
1445 2975 1503 3026 ea
1529 2979 1776 3042 κρεῖττον

210 3051 508 3121 ἀλλοίωσιν,
542 3059 644 3128 τὴν
673 3061 754 3122 είς
799 3061 1066 3132 οὐρανοὺς
1112 3057 1320 3133 ῦψωσίν
1356 3065 1447 3118 καὶ
1488 3067 1774 3123 ἀνάϐασιν.

1872 590 2044 644 totius
2115 599 2389 645 creatura:
2460 589 2676 652 laatitia,
2732 605 2798 643 ac
2851 588 3065 657 generis
3117 589 3456 643 emendatio.

1873 678 2016 734 Sunt
2037 698 2170 752 ergo
2217 681 2413 738 fausta:
2441 683 2604 736 hodie
2631 681 3043 748 nuntiationes,
3071 679 3272 734 divinae
3304 683 3456 734 heni-

1872 774 2098 843 gnitatis
2125 775 2615 844 propensiorisque
2661 774 2716 826 in
2757 773 3039 826 hominum
3075 787 3253 842 genus
3285 773 3454 827 studii

1872 864 2328 932 significationes,
2368 866 2557 919 mundi
2613 865 2782 920 totius
2815 865 3014 919 salutis
3047 863 3187 916 festa
3233 865 3456 932 gamlia.

1873 953 2159 1008 Undenam
2188 969 2342 1017 vero,
2376 963 2431 1009 et
2457 968 2487 1008 a
2514 968 2623 1023 quo
2675 953 2765 1006 illa
2816 955 3067 1016 veniunt,
3101 959 3157 1004 et
3189 951 3257 1004 ad
3298 964 3455 1020 quem

1870 1047 2222 1116 diriguntur?
2246 1045 2519 1101 Nimirum
2550 1063 2580 1102 e
2601 1047 2745 1102 cmlo
2793 1055 2959 1116 atque
3000 1063 3019 1096 ι
3058 1060 3086 1097 a
3115 1045 3226 1097 Deo
3247 1085 3261 1109 ,
3303 1053 3359 1099 el
3389 1045 3454 1108 ad

1872 1139 2136 1209 virginem
2207 1140 2600 1208 desponsatam
2664 1139 2786 1192 viro
2818 1149 2863 1192 ³.
2905 1157 2922 1189 ι
2976 1137 3112 1204 Qua:
3144 1137 3237 1190 illa
3266 1136 3457 1206 virgo?

1871 1229 2009 1296 Quis
2052 1231 2142 1286 ille
2174 1231 2295 1285 vir?
2346 1230 2549 1296 Quaeve
2591 1233 2749 1286 hisce
2780 1228 3041 1285 nomina?
3080 1228 3157 1282 llli
3207 1228 3453 1299 quidem.

1872 1321 2090 1386 Maria;
2161 1322 2290 1376 huic
2339 1337 2491 1386 vero,
2535 1319 2752 1388 Ioseph.
2802 1323 2884 1379 Ae.
2923 1329 3084 1375 erant
3109 1319 3274 1373 ambo
3312 1337 3330 1369 ι
3385 1333 3452 1371 ex

1871 1414 2044 1483 stirpe
2073 1412 2262 1468 David.
2303 1432 2321 1464 ι
2356 1412 2606 1478 Quonam
2641 1413 2755 1467 lucc
2801 1419 3150 1480 peraguntur
3179 1409 3451 1467 ministro,

1869 1513 1921 1559 et
1952 1504 2096 1558 unde
2127 1504 2174 1558 is
2199 1505 2389 1557 venit?
2415 1502 2714 1568 Nimirum,
2748 1502 3084 1572 archangelo
3104 1499 3360 1555 Gabrielc
3395 1499 3446 1552 in

1869 1593 2160 1664 stupenda:
2194 1595 2271 1648 rei
2334 1595 2712 1648 ministerium
2774 1593 2844 1647 de
2892 1591 3183 1646 altissimis
3254 1589 3447 1643 misso.

1870 1685 2273 1740 Decebatenim
2320 1686 2631 1740 ministrum
2669 1684 2962 1748 Altissimi,
2995 1681 3065 1735 de
3085 1681 3368 1735 altiss'mis
3397 1678 3450 1730 in

1868 1789 2071 1832 terram
2105 1779 2471 1842 devolantem,
2498 1779 2808 1833 inauditum
2857 1776 3015 1838 illud,
3046 1782 3212 1844 atque
3237 1774 3322 1828 sui
3355 1772 3450 1826 atl-

1870 1873 2164 1927 miratione
2191 1888 2281 1927 res
2311 1871 2668 1926 admirandas
2699 1879 2934 1926 cunctas
2960 1869 3124 1938 longe
3149 1881 3447 1935 superans,

1867 1949 2115 2036 perferre
2167 1969 2597 2017 sacramentum.
2658 1959 2950 2026 Quodnam
3008 1957 3184 2012 illttd?
3233 1957 3356 2023 Quo
3391 1971 3449 2010 se

1878 2059 2038 2112 nobis
2075 2055 2346 2109 Dominus
2371 2051 2664 2108 inclinavit
2700 2069 2712 2106 :
2763 2065 3027 2105 arcanam
3055 2050 3211 2102 illam
3248 2048 3449 2102 divina:

1869 2152 1923 2205 in
1947 2167 2047 2205 nos
2075 2148 2504 2220 dispensationis
2532 2145 3036 2200 manifestatiouem
3063 2142 3242 2211 (44),
3278 2142 3446 2195 divini

1869 2241 2082 2296 consilii
2100 2255 2163 2294 ae
2181 2237 2543 2310 praescientim
2560 2234 2836 2290 occultam
2855 2249 2886 2288 a
2904 2233 3108 2288 sarculo
3127 2230 3451 2286 declaratio-

1870 2349 1992 2387 nem
2017 2347 2080 2387 ac
2114 2330 2604 2386 confirmationem.
2626 2326 2729 2382 Ubi
2756 2337 2939 2381 autem
2961 2325 3097 2388 hinc,
3120 2332 3176 2378 et
3202 2323 3444 2394 quando,

1869 2441 1932 2480 ac
1979 2423 2140 2494 cujus
2173 2421 2388 2493 gratia?
2427 2439 2444 2470 ι
2483 2420 2542 2472 In
2580 2415 2852 2471 Nazareth
2911 2415 3135 2470 civitate
3185 2413 3444 2477 Galilasaa,

1871 2532 2061 2570 mense
2120 2523 2279 2570 sexto
2309 2528 2336 2566 a
2371 2517 2639 2580 concepto
2696 2506 2948 2574 Joonne;
2989 2525 3007 2558 ι
3052 2514 3111 2560 ut
3147 2512 3446 2561 venturum

1872 2614 1923 2667 in
1975 2619 2132 2665 utero
2167 2607 2528 2663 exsistentem
2582 2604 2934 2676 praedicaret.
2979 2602 3170 2672 Itaque
3221 2599 3446 2656 Gabriel

1868 2703 1935 2756 ab
1998 2698 2316 2755 cmlestibus
2348 2695 2415 2750 ad
2465 2705 2742 2751 terrenum
2783 2694 3096 2750 cubiculum
3163 2691 3446 2754 devolans.

1868 2788 2492 2862 supervenitNazareth,
2515 2785 2895 2858 accedensque
2925 2787 2992 2841 ad
3016 2784 3312 2856 Virginem,
3337 2783 3450 2839 ine-
3521 2786 3532 2794 '

1869 2885 2170 2942 narrabilis
2185 2867 2626 2954 dispensationis
2645 2881 2865 2943 nuntio,
2900 2895 2999 2948 pro
3032 2878 3116 2933 sui
3152 2875 3447 2930 ministerii

1872 2975 2120 3038 ratione,
2155 2972 2280 3027 sine
2328 2970 2563 3039 strepitu
2595 2967 2898 3024 defunctus
2924 2974 3030 3022 est.
3059 2965 3171 3021 lloc
3199 2963 3332 3018 illud
3365 2973 3452 3020 est

1872 3068 2076 3122 divina:
2105 3080 2232 3120 cum
2265 3062 2588 3118 hominibus
2624 3059 3101 3115 reconciliationis
3130 3072 3448 3112 sacramen-

213 3154 337 3199 tum.
377 3145 484 3202 lloc
517 3149 648 3204 illud
684 3160 766 3205 est
797 3152 997 3206 divina:
1023 3169 1146 3206 cum
1199 3155 1518 3210 hominibus
1555 3158 2030 3215 reconciliationis
2063 3161 2488 3211 sacramentum.
2519 3149 2632 3206 lloc
2665 3149 2827 3213 illud,
2867 3147 3018 3219 quod
3061 3147 3224 3203 festis
3284 3145 3451 3200 hodie

221 3241 421 3307 Sal'diis
448 3244 684 3302 colimus
715 3263 729 3299 :
765 3248 878 3311 llei,
911 3249 1158 3317 inquam.
1191 3265 1312 3301 cum
1342 3251 1660 3310 hominibus
1681 3256 2025 3318 afﬁnitatem,
2054 3259 2350 3320 assumpta:
2379 3260 2593 3303 natura:
2622 3241 3030 3300 deilicationem
3064 3242 3449 3312 (44').nostr:e

216 3330 454 3401 imaginis
507 3335 750 3390 reforma
783 3337 986 3399 ionctn,
1060 3339 1494 3396 dcntntationcm
1542 3344 1596 3398 in
1661 3347 1877 3410 melius,
1941 3343 2334 3398 exultationem
2371 3340 2423 3394 in
2475 3337 2648 3393 cmlos
2693 3351 2754 3390 ae
2787 3333 3192 3390 ascensionem.

276 3425 367 3478 Δια
395 3427 548 3481 τοῦτο
576 3432 717 3499 χαρᾷ
756 3431 935 3501 χαίρει
977 3433 1041 3484 τὰ
1076 3437 1364 3502 σύμπαντα
1390 3438 1646 3506 σήμερον,
1680 3439 1774 3492 καὶ

1950 3438 2295 3508 Ωυιιρτοριοι·
2334 3440 2534 3488 cuneta
2585 3429 2747 3484 hodie
2805 3427 3013 3498 pariter
3045 3425 3288 3498 gaudent
3319 3442 3451 3497 gau-

218 3518 350 3570 πᾶσα
377 3519 482 3571 τῶν
525 3521 910 3594 ὑπερκοςμίων
959 3524 1241 3593 δυνάμεων
1345 3527 1509 3597 νοητὴ
1547 3526 1768 3582 διακόσ-

224 3624 386 3674 μησις,
441 3613 556 3673 ταῖς
587 3611 761 3673 θείαις
798 3629 859 3662 πε
871 3613 922 3682 ρί
948 3614 1092 3682 ἡμᾶς
1116 3613 1480 3682 καταλλαγαῖς
1505 3616 1769 3669 ἐπισπέν-

131 3747 136 3754 ,
218 3698 365 3752 δεται.
403 3701 555 3753 Φίλον
604 3702 712 3771 γὰρ
758 3704 949 3766 αὐταῖς
989 3704 1124 3773 πρὸς
1160 3705 1290 3757 Θεὸν
1338 3707 1498 3777 ἡμῶν
1536 3708 1771 3778 ἐπανόρ-

214 3784 375 3855 θωμα,
431 3791 574 3861 καὶὴ
603 3792 737 3861 πρὸς
772 3794 872 3860 τὴν
913 3795 1121 3861 ἀμείνω
1167 3795 1503 3850 κατάστασιν
1549 3799 1773 3868 πρόοδος

223 3878 301 3928 καὶ
320 3880 595 3943 ἀνάϐασις.
634 3883 743 3934 Καὶ
781 3885 887 3952 γάρ
919 3887 1023 3936 είσι
1065 3884 1185 3937 λίαν
1221 3887 1522 3956 συμπαθεῖς
1563 3891 1656 3942 καὶ
1687 3907 1773 3958 ιρι-

225 3965 534 4040 λὰνθρωποι,
565 3974 660 4026 ac:
699 3994 715 4025 ι
755 3976 832 4036 είς
869 3975 1144 4029 διακονίαν
1178 3979 1640 4050 ἀποστελλόμεναι
1663 3982 1773 4034 τῶν

231 4060 502 4124 μελλόντων
527 4064 882 4135 κληρονομεῖν
913 4067 1204 4138 σωτηρίαν.
1238 4088 1256 4120 ι
1284 4068 1584 4140 Τοιγαροῦν
1607 4069 1777 4138 ἀγαλ-

229 4147 405 4207 λιάσθω
453 4156 521 4209 τὰ
554 4156 848 4227 σύμπαντα
887 4157 1160 4228 σήμερον,
1198 4161 1292 4213 καὶ
1343 4161 1375 4231 ή
1410 4161 1570 4228 φύσις
1615 4176 1777 4229 σκιρ-

228 4240 368 4297 τὰτω.
406 4247 464 4298 '0
496 4248 729 4318 οὐρανὸς
754 4248 860 4320 γὰρ
883 4248 1239 4318 ὲξανοίγεται,
1267 4253 1298 4322 ἡ
1323 4253 1392 4322 γῆ
1421 4253 1510 4305 τὸν
1543 4252 1778 4306 Βασιλέα

230 4334 301 4387 τοῦ
331 4339 526 4402 παντὸς
550 4339 772 4408 ἀφανῶς
812 4341 1150 4411 ὑποδέχεται.
1193 4332 1446 4413 Ναζαρὲτ
1477 4342 1574 4414 τὴν
1617 4343 1778 4414 Ἑδὲμ

230 4431 536 4502 μιμουμένη,
559 4432 651 4485 τὸν
679 4434 779 4502 τῆς
825 4433 984 4504 Ἐδὲμ
1021 4436 1326 4507 φυτουργὸν
1351 4434 1770 4506 ὲγκολπάζεται.

235 4514 281 4573 ’0
304 4522 488 4592 Πατὴρ
519 4522 626 4576 τῶν
647 4525 970 4596 οἰκτιρμῶν,
989 4526 1088 4596 τὴν
1115 4526 1463 4597 ἀνθρωπίνην
1496 4528 1774 4597 ἐσχατιὰν,

222 4611 287 4683 τῷ
324 4614 470 4685 μόνῳ
520 4617 684 4679 πόνος
729 4617 788 4682 ἐξ
820 4617 985 4672 αὐτοῦ
1030 4619 1344 4692 γεννηθέντι
1376 4618 1771 4692 μνηστεύεται·

281 4770 301 4798 ¹
343 4770 479 4827 Luc.
514 4787 553 4834 ι,
585 4770 674 4838 96,
703 4773 792 4828 27.

1871 3527 1988 3588 dio,
2025 3542 2089 3581 ac
2147 3523 2393 3578 universi
2447 3522 2758 3578 cmlestium
2822 3519 3095 3574 virtutum
3169 3517 3450 3588 spiritales

1871 3616 2113 3677 ordines,
2152 3613 2243 3667 Det
2277 3613 2344 3666 ad
2378 3626 2480 3666 nos
2516 3610 2893 3664 conciliationi
2931 3617 2984 3664 et
3036 3607 3142 3676 ipsi
3171 3609 3452 3663 conciliati

1872 3701 2282 3773 accedunt(45).
2303 3699 2725 3756 Jucundissima
2748 3699 2892 3755 enim
2913 3698 3047 3768 ipsis
3066 3707 3150 3754 est
3175 3708 3366 3753 nostra
3385 3701 3450 3753 .nl

1874 3797 2041 3850 Deum
2078 3809 2201 3848 cum
2262 3791 2652 3846 emendatione
2709 3791 2978 3854 reversio,
3013 3791 3451 3862 progressioque

1876 3888 1940 3942 ad
1985 3885 2263 3968 mﬂiorem
2301 3891 2503 3937 statum
2529 3891 2700 3952 atque
2731 3883 3039 3952 provectio.
3057 3881 3226 3936 Valde
3251 3884 3454 3953 quippe

1879 3976 2268 4032 misericordes
2320 3983 2475 4038 sunt,
2534 3974 3001 4044 propensiorique
3031 3974 3222 4029 studio
3255 3976 3310 4028 in
3353 3976 3452 4029 Ito-

1879 4071 2087 4124 minmn
2114 4084 2308 4138 genus,
2343 4069 2492 4121 velut
2521 4085 2539 4118 ι
2572 4067 2728 4122 missi
2759 4067 2813 4120 in
2837 4081 3028 4121 eorum
3058 4067 3451 4131 ministerium,

1879 4162 1975 4232 qui
2027 4169 2156 4217 sunt
2211 4160 2386 4214 futuri
2425 4160 2672 4215 Incredes
2722 4158 2944 4215 salutis.
2982 4178 3000 4212 ι
3029 4158 3226 4215 Cuncti
3265 4159 3453 4229 itaque

1879 4254 1999 4324 pari
2045 4255 2324 4308 exsultent
2365 4243 2693 4323 gaudiofac
2740 4253 2904 4308 saliat
2965 4260 3185 4317 natura.
3243 4250 3456 4322 Quippe

1881 4344 2080 4398 cmlum
2119 4337 2292 4396 totum
2325 4343 2604 4411 panditur,
2628 4350 2774 4397 terra
2801 4343 3040 4397 universi
3075 4340 3274 4412 Regem
3301 4341 3456 4394 clan-

1881 4436 2068 4489 culum
2124 4435 2410 4504 suscipit:
2461 4433 2718 4500 Nazarel,
2783 4433 2946 4504 Edent
2999 4433 3146 4488 illam
3217 4432 3453 4495 imitata,

1883 4529 2062 4598 ipsum
2089 4529 2182 4598 qui
2215 4526 2378 4582 Edem
2400 4525 2674 4596 plantavit
2708 4526 2829 4580 sinu
2860 4524 3270 4593 complectitur.
3295 4521 3457 4577 Pater

1883 4619 1978 4676 ille
2013 4616 2539 4682 misericordiarum,
2584 4615 2735 4670 solus
2767 4614 2883 4698 ipse
2918 4614 3017 4667 soli
3052 4620 3180 4667 nato
3210 4627 3273 4666 ex
3313 4611 3455 4685 ipso,

1502 4906 1891 4973 COMBEFISH
1935 4907 2168 4968 NOTAE.

223 5029 491 5100 insolubili
551 5028 769 5100 vinculo
823 5027 1104 5100 devinxit,
1166 5036 1224 5081 ttt
1263 5036 1447 5100 totum
1490 5030 1543 5083 in
1597 5030 1778 5100 seipse
1812 5031 1857 5084 D
1884 5029 2243 5100 festationent,
2273 5035 2380 5082 etc.

224 5099 715 5169 gestetiltominem,
753 5106 926 5151 totum
959 5099 1294 5160 salvaturus,
1332 5107 1390 5152 ut
1434 5099 1621 5154 l’atres
1658 5099 1780 5150 nhi-

226 5168 320 5236 que
345 5168 613 5238 adversus
642 5169 1068 5236 Apollinarium,
1099 5177 1233 5231 etc.,
1271 5169 1500 5238 ipseque
1535 5170 1783 5222 Andreas

229 5243 363 5308 tlrat.
395 5239 463 5292 de
489 5237 762 5308 Transiig.
811 5239 1088 5304 interpres
1135 5239 1274 5292 cwlo
1298 5237 1435 5292 toto
1471 5240 1736 5293 aherrans
1768 5256 1779 5290 :

231 5307 591 5362 Plenissimam
652 5307 1099 5378 coinquinationis
1168 5316 1364 5361 nostra:
1429 5310 1785 5378 expiationem

232 5379 450 5432 conceleb
461 5387 543 5430 rat
555 5419 567 5431 .

291 5448 398 5517 (Η)
439 5447 705 5500 Arcanum
734 5448 926 5502 divini:
952 5447 1007 5500 in
1043 5463 1136 5502 nos
1161 5445 1574 5516 dispensationis
1611 5449 1786 5501 mani-

241 5513 578 5578 fes'tationcm.
621 5519 734 5587 Τὴν
785 5520 1024 5588 ἄρρητον
1078 5513 1406 5588 φανέρωσιν.
1455 5517 1664 5572 Scitum
1699 5533 1788 5572 sa-

237 5589 487 5642 cramenti
532 5589 928 5642 incarnationis
963 5588 1113 5642 velut
1147 5588 1471 5656 epithetum,
1507 5595 1566 5642 ut
1605 5594 1659 5642 et
1697 5603 1786 5643 se-

235 5659 551 5730 guens,_1;i;v
573 5658 1007 5730 *κεκαλυμμένην
1032 5657 1269 5728 ἔμφασιν
1286 5657 1548 5730 °__|udente
1571 5656 1787 5730 Andrea

238 5725 284 5780 in
324 5725 625 5792 antithesi;
672 5725 848 5796 quare
881 5725 1076 5797 minus
1115 5736 1238 5795 apte
1296 5725 1581 5797 liopperus
1642 5729 1788 5782 velut

236 5799 532 5867 corrigens,
570 5795 715 5852 illius
780 5795 1103 5852 incredibilis
1146 5795 1557 5868 dispensationis
1611 5799 1782 5851 mani~

1953 5099 2086 5167 (Μ’)
2127 5099 2470 5168 Assumptam
2514 5106 2721 5168 nalttra:
2763 5095 3176 5167 deiﬁralionem.
3221 5097 3332 5168 Τὴν
3365 5099 3457 5152 τοῦ

1883 5166 2316 5241 προσλήμματος
2346 5167 2564 5220 θέωσιν.
2602 5166 2787 5221 Potest
2821 5166 2934 5241 tum
2985 5171 3156 5236 ipsam
3191 5168 3244 5219 itt
3277 5166 3457 5235 seipsa
3507 5181 3516 5204 ι

1884 5239 2163 5295 itidividue
2181 5247 2517 5307 assumptam
2539 5245 2788 5290 naturam
2819 5239 3048 5296 referre.
3069 5246 3185 5307 tum
3205 5245 3456 5307 naturam

1885 5310 2178 5374 universe;
2216 5323 2338 5376 qua:
2367 5304 2421 5362 et
2468 5309 2606 5375 ipsa,
2641 5308 2852 5360 insuis
2882 5308 2990 5360 illis
3028 5304 3314 5376 primitiis,
3355 5321 3458 5359 Sltu

1887 5381 2052 5434 modo
2092 5374 2379 5448 assumpta
2410 5374 2532 5448 fuit,
2569 5391 2632 5428 ae
2667 5377 2885 5448 deitatis
2918 5378 3200 5429 consortio
3230 5374 3454 5428 donata.

1897 5449 2113 5515 Iiopper
2132 5485 2147 5506 .
2177 5444 2474 5516 adoptionis
2510 5455 2705 5499 nostra:
2738 5444 3069 5514 dignitatem.

1964 5513 2074 5588 (45')
2126 5517 2221 5571 Dei
2258 5513 2326 5571 (id
2375 5533 2471 5588 nos
2519 5513 2902 5588 conciliationi,
2956 5524 3005 5568 et
3042 5513 3140 5588 ipsi
3188 5516 3459 5588 conciliati

1892 5583 2170 5644 accedunt.
2203 5589 2337 5652 Ταῖς
2367 5586 2538 5647 θείαις
2572 5586 2703 5654 περὶ
2742 5587 2889 5654 ἡμᾶς
2933 5583 3301 5651 καταλλαγαῖς
3335 5587 3457 5636 ἐπι-

1893 5660 2200 5713 σπένδεται.
2237 5657 2394 5713 Velut
2440 5671 2546 5709 una
2583 5655 2774 5726 libant,
2807 5671 2870 5708 ac
2909 5670 2967 5709 se
3001 5656 3055 5708 in
3091 5655 3280 5709 eadem
3309 5658 3460 5726 pacis

1891 5729 2097 5785 foedera
2168 5727 2463 5788 convenire
2537 5725 2867 5792 ostendunt,
2940 5726 3100 5797 plane
3166 5725 3460 5796 elegantis-

1891 5801 2049 5856 sima.
