3840 6312
218 315 353 384 99.9

884 314 969 379 ΙΝ
1002 316 1663 380 CIRCUMCISIONEM
1693 313 1968 379 DOMINI
2005 317 2101 379 ΕΤ
2139 317 2222 379 IN
2260 317 2755 408 S..BASILIUM.

3407 319 3515 383 930

326 430 501 486 Ἀλλά
550 431 646 485 σῦν
682 429 861 493 αὖτοίς
902 433 1017 495 τοῖς
1061 430 1230 495 θείοις
1268 431 1601 496 ἐπαινέταις,
1655 431 1831 501 πάτερ

2008 432 2325 498 Enimvero,
2372 430 2539 485 Basili
2596 439 2775 501 pater,
2821 431 2916 501 qui
2965 444 3090 486 cum
3127 430 3264 502 ipsis
3307 430 3515 488 divinis

232 521 526 587 Βασίλειε,
557 521 615 575 ὲν
634 520 993 592 πατριαρχῶν
1029 521 1420 576 συναπολαύων
1440 524 1667 594 σκηναῖς
1698 523 1836 576 ἀπο-

236 612 462 666 στόλων
493 627 555 664 τε
595 611 693 664 καὶ
727 609 1025 680 προφητῶν
1067 610 1519 681 μυσταγωγίαις,
1561 610 1658 663 καὶ
1695 628 1837 681 μαρ-

236 702 436 768 τύρων
466 698 1018 770 στεφηφορίαις,”καὶ
1075 699 1328 770 μοναχῶν
1368 699 1631 771 χορείαις,
1677 699 1837 754 θείων

234 809 301 846 τε
336 790 621 864 ίεραρχῶν
651 790 744 844 καὶ
773 790 993 845 πάντων
1028 788 1255 844 δικαίων
1294 791 1743 862 ἀγαθοτρυφίαις,
1767 791 1836 846 τά

236 885 395 955 ὑπὲρ
415 884 580 955 ἡμῶν
623 883 913 955 μνήσθητι,
958 883 1374 955 συνεπαγείρων
1413 885 1492 949 είς
1536 883 1837 956 πρεσϐείαν

236 977 464 1040 πάντας
499 977 836 1047 όμοτκήνους
884 991 1003 1039 σου,
1041 974 1137 1028 τοῦ
1172 974 1564 1030 καθικετεῦσαι
1604 976 1836 1030 πάντοτε

238 1068 375 1140 μὲν,
408 1068 507 1121 καλ⁵
535 1065 631 1122 νῦν
658 1066 716 1120 δὲ
747 1067 841 1121 τὸν
874 1065 1052 1120 κοινὸν
1083 1066 1363 1136 Δεσπότην
1389 1066 1531 1138 ὑπὲρ
1564 1067 1662 1138 τῆς
1697 1068 1836 1122 πᾶν·

230 1173 354 1208 των
406 1156 686 1227 σωτηρίας
709 1154 1088 1225 Χριστιανῶν·
1132 1155 1354 1226 βασιλέα
1388 1157 1736 1228 ’καταρτίζων
1777 1157 1837 1211 ἓν

232 1246 572 1319 δικαιοσύνῃ
625 1247 720 1300 καὶ
765 1246 1083 1313 θεοσεϐείᾳ,
1114 1248 1182 1301 ἶν’
1224 1248 1340 1319 ἔχοι
1378 1248 1514 1303 Θεὸν
1547 1248 1838 1321 σύμμαχον

229 1339 420 1393 αὑτοῦ
456 1342 571 1403 τοῖς
600 1340 835 1410 νοήμασι
858 1379 874 1404 ,
902 1339 996 1393 τὸν
1028 1339 1310 1411 ἀδιάδοχον
1342 1340 1590 1410 βασιλέα,
1619 1340 1752 1413 παρ’
1775 1337 1836 1396 οῦ

228 1431 575 1496 δεσπόζεται
622 1430 869 1485 ἀνωθεν
924 1431 1192 1501 ἄρχοντας
1228 1449 1289 1484 τε
1329 1433 1424 1486 καὶ
1458 1432 1739 1505 ἡγεμόνας
1779 1433 1839 1487 ἐν

230 1521 509 1594 εὐσεϐείᾳ
533 1522 774 1576 διέποιτο
807 1522 1106 1591 ὑπηκόους,
1140 1523 1359 1595 στρατῷ
1387 1525 1834 1597 συμμαχόμενος,

232 1613 343 1667 καὶ
374 1613 470 1666 τὸν
512 1613 701 1667 λοιπὸν
742 1614 874 1668 λαὸν
920 1616 978 1667 ὲν
1008 1614 1235 1686 ὁμονοίᾳ
1273 1617 1341 1686 τῇ
1384 1616 1521 1687 πρὸς
1557 1617 1657 1687 τὴν
1685 1616 1837 1670 θείαν

237 1705 461 1771 πίστιν,
476 1706 572 1759 καὶ
591 1707 657 1776 τῇ
676 1706 811 1777 πρὸς
825 1694 1087 1777 ἀλλήλους
1101 1706 1291 1778 εἰρήνῃ
1309 1706 1619 1777 διακρατῶν
1635 1724 1649 1737 ’
1668 1708 1838 1779 χρίων

1938 522 2284 593 praeconibus
2311 520 2754 592 patriarcharum
2805 520 3083 577 delicieris
3110 521 3511 588 tabernaculis,

1936 613 2431 683 apostolorumque
2481 624 2535 669 et
2587 613 2985 684 prophetarum
3036 613 3214 670 sacris
3245 614 3515 669 initiatio-

1936 706 2122 770 nibus,
2165 711 2584 776 martyrumque
2613 706 2861 770 coronis,
2897 713 2950 760 et
2989 704 3176 760 choris
3210 707 3513 761 monacho-

1937 811 2082 861 rum,
2138 796 2566 866 divinorumque
2639 794 2962 866 praesulnm,
3036 803 3203 865 atque
3264 797 3513 852 omnium

1933 887 2212 956 iustorum
2269 886 2675 957 voluptatibus,
2711 886 2889 942 nostri
2941 887 3274 952 recordare,
3320 901 3515 945 omnes

1939 977 2135 1033 iisdem
2184 985 2365 1032 tecum
2421 976 2794 1033 tabernaculis
2844 991 3220 1047 congregans,
3271 985 3331 1032 ut
3366 995 3515 1035 sem-

1937 1081 2036 1137 per
2080 1080 2147 1121 ac
2205 1065 2368 1122 modo
2414 1065 2469 1119 in
2516 1066 2734 1136 primis,
2787 1054 3071 1120 c'ommuni
3128 1066 3355 1120 Domino
3416 1080 3515 1136 pro

1938 1158 2117 1213 salute
2187 1157 2629 1213 Christianorum
2717 1157 3125 1212 universorum.
3158 1158 3511 1227 supplicent:

1938 1249 2327 1317 imperatorem
2362 1249 2417 1302 in
2454 1247 2667 1316 iustitia
2698 1254 2754 1302 et
2785 1246 3045 1315 religiosa
3090 1246 3298 1317 pietate
3324 1246 3513 1316 dispo-

1938 1345 2117 1402 nens,
2172 1344 2230 1390 ut
2286 1336 2453 1391 Deum
2512 1335 2732 1403 habeat,
2808 1335 3197 1405 imperatorem
3252 1336 3406 1391 illum
3459 1345 3514 1390 et

1941 1443 2157 1500 regem,
2193 1428 2282 1484 cui
2327 1427 2513 1482 nullus
2555 1426 2826 1494 succedit,
2862 1442 2891 1480 a
2927 1442 3037 1497 quo
3091 1429 3232 1483 caelo
3281 1429 3511 1497 regitur.

1937 1519 2058 1589 ejus
2115 1519 2423 1589 adjutorem
2480 1518 2757 1581 consiliis,
2796 1518 3186 1589 principesque
3232 1535 3297 1574 ac
3341 1520 3515 1576 duces

1938 1615 1992 1663 et
2016 1607 2302 1677 subjectos
2336 1608 2537 1678 pietate
2565 1616 2763 1677 regat;
2813 1610 3080 1663 exercitui
3112 1611 3412 1674 auxiliaris,
3449 1625 3514 1664 ac

1938 1697 2202 1768 populum
2258 1698 2536 1769 reliquum
2587 1698 2644 1753 in
2681 1699 2868 1755 divina
2904 1700 3236 1761 concordem
3294 1703 3418 1767 (ide,
3449 1718 3514 1757 ac

240 1798 535 1868 ἀρχιερεῖς
568 1799 624 1850 ἐν
659 1796 933 1868 θεολογίᾳ,
964 1796 1144 1860 καλῶς
1172 1795 1445 1869 κυϐερνᾷν
1478 1797 1576 1869 τὴν
1604 1799 1669 1853 ὲκ
1700 1796 1836 1852 Θεοῦ

1942 1803 2075 1859 pace
2104 1796 2295 1843 mutua
2328 1790 2652 1847 continens:
2690 1806 2904 1862 ungcns
2933 1792 3223 1862 pontiﬁces
3257 1793 3310 1849 in
3364 1794 3520 1849 the».

242 1887 345 1939 καὶ
372 1887 529 1956 παρά
594 1883 690 1938 σοῦ
757 1885 941 1954 σοφῶς
984 1884 1449 1956 πεπαιδευμένην,
1496 1887 1594 1941 καὶ
1656 1887 1840 1952 αὐτοῖς

222 1975 709 2048 ἐμπιστευθεῖσαν
773 1976 1119 2047 Ἐκκλησίαν.
1191 1977 1380 2048 ἰερεῖς
1455 1979 1515 2032 ἂν
1577 1978 1839 2051 εὐλαϐείᾳ

244 2066 548 2138 διατηρῶν,
579 2068 728 2130 ὅπως
753 2066 1063 2138 θεαρέστως
1102 2065 1367 2138 βιοῦντες,
1416 2068 1514 2122 καὶ
1547 2070 1639 2124 τὸν
1668 2069 1839 2141 ῦμνον

247 2158 492 2224 ἐπαξίως
514 2157 595 2225 τῷ
628 2173 689 2210 σε
728 2157 845 2212 νυνί
871 2173 933 2210 τε
973 2156 1403 2230 προσλαϐομένῳ
1442 2159 1540 2214 καὶ⁵
1580 2160 1838 2230 στέψαντι

249 2251 345 2304 καὶ
406 2248 574 2302 παντὶ
634 2247 714 2319 τῷ
765 2247 944 2319 πιστῷ
1001 2248 1161 2319 δήμῳ
1225 2250 1501 2322 περιφανῆ
1555 2252 1792 2319 δείξαντι
1820 2294 1837 2319 ,

252 2340 511 2411 ποιμένα.
541 2339 636 2394 καὶ
666 2341 732 2412 δὴ
770 2340 1076 2412 πλέξωμεν.
1124 2344 1221 2406 '0;
1245 2343 1314 2396 δι’
1345 2345 1494 2416 ἡμᾶς
1520 2344 1840 2417 ἑπτὼχευσε

253 2431 509 2496 πλούσιος
536 2430 634 2497 ῶν,
675 2435 740 2485 ἐκ
768 2432 1007 2503 γαστρὸς
1043 2432 1328 2502 προελθὼν
1370 2438 1735 2510 σαρκοφόρος.
1763 2439 1840 2505 ὡς

244 2517 391 2575 οῐδεν
423 2522 616 2584 αὑτός.
654 2521 712 2574 '0
744 2522 857 2576 ἄνω
894 2522 974 2593 τῷ
1007 2524 1182 2592 [Iath
1217 2525 1710 2599 συγκαθεζόμενος,
1744 2532 1841 2585 καὶ

244 2616 312 2666 ὲν
348 2614 602 2686 σπηλαίῳ
639 2631 698 2666 τε
749 2615 1086 2686 τικτόμενος,
1122 2618 1219 2672 καὶ
1263 2619 1324 2672 ὲν
1368 2619 1545 2692 φάτνῃ
1592 2639 1843 2694 σπαργα-

243 2705 538 2777 νοὺμενος.
587 2707 647 2760 '0
690 2707 795 2761 ὑπὸ
841 2709 1091 2779 ἀγγέλων
1130 2711 1556 2784 ἀνυμνούμενος,
1602 2718 1696 2770 καὶ
1736 2717 1842 2771 ὑπὸ

246 2796 532 2865 ποιμένων
559 2796 994 2868 θαυμαζόμενος.
1032 2800 1090 2854 '0
1118 2804 1185 2873 τῇ
1204 2802 1455 2875 παρούσῃ
1476 2805 1638 2877 ὀγδόῃ
1657 2809 1840 2879 ἡμέρᾳ

249 2887 744 2959 περι-τεμνόμενος,
778 2891 876 2945 καὶ
915 2890 1093 2962 Ἰησοῦ
1120 2896 1498 2966 προσηγορίαν
1525 2896 1838 2968 δεχόμενος.

265 2979 326 3031 '0
353 2978 632 3049 καθάρσια
656 2980 986 3053 προσφέρων
1008 3021 1023 3045 ,
1056 2984 1150 3036 καὶ
1190 2984 1296 3038 ὑπὸ
1329 2985 1558 3057 Συμεὼν
1595 2990 1689 3043 καὶ
1716 2992 1842 3043 Ἀν-

1938 1879 2107 1950 logia,
2138 1889 2197 1935 ut
2232 1878 2536 1936 Ecclesium
2569 1897 2634 1937 ex
2659 1881 2769 1937 Deo
2794 1883 3015 1952 tuisque
3053 1886 3515 1957 prmecptionibus

1940 1969 2221 2040 sapienter
2260 1969 2592 2036 institutam,
2649 1970 2843 2041 eisque
2894 1971 3185 2037 creditam,
3222 1975 3392 2043 probe
3424 1991 3517 2045 gn-

1939 2060 2192 2116 bernent.
2246 2061 2580 2116 Sacerdotes
2621 2062 2914 2133 inpietate
2964 2076 3277 2122 reverentes
3323 2078 3515 2122 custo—

1939 2148 2120 2215 diens,
2156 2156 2218 2203 ut
2266 2150 2467 2220 placite
2521 2149 2633 2205 Deo
2688 2151 2958 2217 viventes,
3006 2153 3169 2208 etiam
3223 2155 3271 2209 ei
3330 2156 3423 2223 qui
3463 2165 3516 2210 te

1941 2254 2092 2295 nunc
2144 2239 2450 2309 assumpsit
2521 2241 2946 2309 coronavitque,
3002 2257 3065 2295 ac
3115 2245 3209 2298 toti
3272 2244 3514 2300 ﬁdelium

1941 2330 2147 2401 populo
2196 2328 2528 2401 praeclarum
2579 2338 2859 2400 pastorem
2894 2330 3166 2393 exhibuit,
3202 2332 3364 2403 digne
3399 2347 3518 2386 om-

1944 2436 2043 2477 nes
2067 2421 2346 2475 canticum
2378 2419 2802 2475 concinuemus.
2837 2420 2921 2484 Ei,
2970 2424 3222 2493 inquam,
3265 2424 3358 2492 qui
3392 2440 3515 2480 cum

1938 2519 2088 2568 esset
2155 2510 2330 2577 dives,
2390 2520 2613 2582 propter
2668 2526 2768 2566 nos
2817 2510 2999 2567 factus
3046 2521 3130 2568 est
3171 2529 3397 2584 pattpz'r,
3448 2529 3517 2568 ex

1940 2611 2102 2659 utero
2142 2618 2268 2658 cum
2313 2617 2481 2658 carne
2539 2616 2887 2672 progressus.
2925 2618 3034 2672 qua
3088 2604 3203 2674 ipse
3234 2605 3388 2659 novit
3423 2620 3516 2657 ra-

1945 2693 2109 2750 tione.
2141 2694 2243 2761 Qui
2276 2695 2330 2749 in
2388 2693 2548 2749 cmlis
2587 2693 2839 2761 considet
2871 2693 3041 2757 l’atri,
3083 2702 3137 2748 et
3169 2696 3420 2751 nascitur
3460 2697 3514 2750 in

1941 2787 2226 2856 spelunca,
2257 2796 2423 2856 atque
2462 2785 2520 2840 in
2552 2786 2786 2856 praesepi
2832 2788 3029 2855 pannis
3064 2787 3380 2840 involvitur.
3413 2788 3515 2843 Cui

1942 2879 2123 2949 angeli
2167 2879 2494 2943 concinunt,
2549 2887 2604 2933 et
2653 2894 2813 2947 quem
2866 2886 3115 2947 pastores
3147 2879 3517 2933 admiratione

1945 2976 2374 3040 prosequuntur.
2425 2967 2529 3034 Qui
2581 2968 2750 3024 haece
2800 2976 2992 3022 octava
3023 2967 3111 3022 die
3147 2967 3514 3022 circumcisus

250 3086 351 3139 νης
372 3070 928 3176 ἀνθομολογούμενος,
956 3074 1049 3126 καὶ
1075 3074 1182 3128 ὑπὸ
1202 3076 1410 3146 Μάγων
1430 3077 1837 3176 δορυφορούμε-

1942 3070 2051 3127 est,
2092 3068 2142 3116 et
2170 3057 2302 3116 Jcsu
2334 3058 2756 3129 appellationem
2794 3060 3023 3129 accepit.
3081 3058 3183 3125 Qui
3218 3059 3374 3114 oﬁert
3410 3060 3520 3130 pia-

1949 3156 2157 3176 -_.I-_--
2204 3154 2416 3176 ι---.ε..,
2495 3164 2537 3176 Α.
2582 3152 2663 3176 -..2
2721 3151 2944 3176 uin.--“
2988 3160 3031 3176 ..ι
3079 3154 3220 3176 ..ι-..ι
3271 3152 3513 3176 -.2..2,-3-..

252 3178 362 3225 νος.
411 3162 470 3215 ’0
497 3161 714 3230 φεύγων
755 3165 835 3227 είς
862 3165 1156 3232 Αίγυπτον,
1186 3169 1281 3222 καὶ
1312 3187 1333 3220 ι
1370 3169 1530 3223 σείων
1556 3151 1837 3242 τὸθχειρο-

1942 3156 2161 3211 culares
2204 3154 2441 3217 hostias,
2490 3164 2544 3209 et
2577 3152 2666 3207 cui
2721 3151 2946 3207 Simcon
2983 3160 3038 3205 et
3068 3154 3222 3207 Anna
3271 3152 3516 3208 vicissim

256 3252 455 3321 ποίητα
476 3250 777 3319 Αἰγύπτου.
832 3270 853 3304 ι
910 3251 969 3306 ’0
1001 3252 1100 3324 τὴν
1141 3254 1356 3309 τελείαν
1393 3257 1586 3329 ἀνδρὸς
1625 3258 1840 3328 ἡλικίαν

257 3339 566 3411 δεχόμενος,
621 3341 718 3396 καὶ
765 3342 873 3397 ὑπὸ
893 3344 1083 3399 δούλου
1150 3344 1588 3418 βαπτιζόμενος,
1626 3349 1721 3403 καὶ
1760 3351 1840 3422 τῷ

260 3430 408 3486 ῦδατι
441 3431 678 3504 βυθίξων
704 3433 802 3505 τὴν
831 3433 927 3488 τοῦ
963 3435 1175 3507 κόσμου
1214 3438 1513 3510 ἁμαρτίαν.
1562 3440 1621 3494 '0
1648 3441 1840 3512 κόσμῳ

259 3525 683 3595 φανερούμενος,
734 3526 830 3580 καὶ
871 3528 976 3580 ὑπὸ
1036 3528 1307 3583 Ἰουδαίων
1363 3531 1715 3602 μισούμενος,
1759 3529 1843 3595 οἷς

256 3614 349 3668 καὶ
391 3616 464 3668 τὰ
505 3614 631 3681 ξένα
656 3616 1122 3689 ἐθαυματούργει.
1163 3619 1364 3685 Τέλος,
1412 3621 1842 3693 παραδιδόμενος

252 3706 350 3759 καὶ
397 3705 804 3777 σταυρούμενος
828 3745 846 3772 ,
895 3704 1017 3762 εἶτα
1064 3709 1162 3762 καὶ
1207 3709 1568 3781 θαπτόμενος,
1620 3712 1709 3767 ῖνα
1750 3712 1841 3766 τὸν

251 3798 386 3870 ᾅδην
414 3798 848 3868 αἰχμαλωτίσας,
879 3800 941 3853 τὸ
972 3800 1072 3869 τῆς
1112 3800 1467 3866 ἀναστάσεως
1491 3807 1605 3868 τοῖς
1642 3805 1702 3857 ὲν
1737 3803 1841 3876 ᾅδῃ

254 3889 641 3962 περιαστράψῃ
662 3891 1014 3961 ἐπάγγελμα.
1046 3893 1143 3955 Ὃς
1161 3893 1258 3947 καὶ
1283 3893 1486 3965 ἀνέστη
1515 3896 1840 3966 τριήμερος,

252 3978 374 4042 δούς
410 3996 507 4049 μοι
530 3980 631 4052 τὴν
667 3979 930 4051 δευτέραν
974 3980 1202 4049 ὀγδοάδα
1240 3984 1501 4054 τιμᾶσθαι
1539 3985 1639 4056 τῆς
1675 3984 1845 4047 ὅντως

253 4070 638 4135 ἀναπαύσεως,
680 4072 762 4136 είς
779 4072 880 4143 τὴν
914 4072 1217 4142 μέλλουσαν
1248 4073 1480 4143 ὀγδοάδα
1506 4075 1606 4146 τῆς
1630 4074 1846 4140 τελείας

252 4160 345 4214 τοῦ
381 4161 590 4231 κόσμου
618 4161 1047 4233 ἀπολυτρώσεως
1068 4165 1330 4233 ἄγουσαν.
1350 4164 1512 4220 Ὅθεν
1538 4167 1633 4221 καὶ
1664 4165 1845 4238 μαθη-

256 4254 376 4316 ταῖς
405 4251 723 4322 ἐμφανίζει,
760 4255 858 4308 καὶ
905 4253 1213 4326 βλεπόντων
1243 4256 1425 4311 αὐτῶν
1463 4257 1547 4321 είς
1579 4258 1845 4326 οὐρανοὺς

257 4344 496 4414 αἴρεται,
531 4344 592 4397 τὸ
620 4345 743 4398 κατ’
781 4345 883 4416 ἐμὲ
917 4347 1176 4401 ταπεινὸν
1203 4347 1428 4418 ἀνυψῶν
1447 4363 1462 4378 ⁶
1495 4349 1591 4403 καὶ
1619 4343 1703 4413 εἷς
1734 4349 1848 4403 Κύ-

1938 3245 2293 3307 conlitentur,
2344 3258 2409 3299 ac
2447 3241 2587 3315 Magi
2643 3243 2908 3300 satellitio
2959 3243 3360 3312 obsequuntur.
3411 3240 3517 3309 Qui

1938 3338 2082 3409 fugit
2110 3338 2164 3393 in
2197 3336 2518 3407 Egyptum,
2554 3343 2609 3391 et
2644 3354 2662 3386 ι
2706 3334 2961 3389 concutit
2992 3333 3311 3389 manttl'acta
3348 3332 3520 3404 Egy-

1938 3429 2043 3500 pti.
2085 3446 2104 3479 ι
2138 3426 2241 3493 Qui
2277 3432 2557 3496 assumpta
2603 3431 2767 3497 aetate
2823 3422 3094 3492 perfecta,
3150 3423 3460 3493 baptizatur
3488 3438 3518 3475 a
3630 3466 3645 3478 .

1940 3534 2122 3581 servo,
2169 3516 2469 3585 mundique
2518 3524 2802 3585 peccatum
2853 3514 3160 3585 submergit
3210 3530 3374 3584 aqua.
3410 3512 3517 3580 Qut

1941 3609 2148 3664 mundo
2205 3606 2615 3668 manifestatus,
2688 3603 2817 3658 odio
2878 3604 2947 3658 ab
3001 3603 3205 3661 Iudaeis
3266 3605 3518 3668 habetur,

1941 3702 2146 3773 quibus
2170 3707 2225 3754 et
2253 3714 2393 3754 nova
2431 3696 2696 3752 miracula
2746 3697 3102 3764 operabatur.
3139 3696 3352 3766 Quique
3399 3706 3522 3751 tan-

1942 3793 2065 3849 dem
2092 3789 2328 3844 traditus
2376 3794 2431 3842 et
2483 3785 2634 3841 cruci
2689 3783 2904 3849 allixus,
2954 3786 3304 3854 postmodum
3353 3785 3518 3840 etiam

1943 3884 2194 3955 sepultus
2231 3888 2338 3944 est,
2371 3888 2433 3933 ut
2483 3876 2762 3946 captivato
2820 3874 3062 3938 inferno,
3094 3876 3522 3945 resurrectionis

1943 3970 2293 4030 annuntiatio
2324 3966 2541 4023 inferno
2573 3966 2945 4020 illucesccret.
3001 3964 3106 4031 Qui
3139 3965 3305 4019 etiam
3335 3981 3516 4022 resur.

1945 4065 2087 4121 rexit
2124 4061 2215 4118 die
2241 4059 2428 4123 tertia,
2463 4056 2588 4112 data
2624 4055 2756 4109 mihi
2791 4054 2986 4119 altera,
3023 4068 3149 4109 vere
3180 4056 3272 4109 illa
3308 4057 3523 4126 requie.

1946 4152 2114 4210 tionis
2144 4156 2358 4216 octava,
2391 4162 2558 4219 quam
2611 4145 2821 4200 honore
2873 4157 3259 4214 prosequerer,
3287 4142 3528 4199 ducente

1946 4246 2012 4302 ad
2090 4243 2332 4299 futuram
2381 4243 2774 4294 consummatae
2852 4233 3246 4303 redemptionis
3331 4237 3519 4289 mundi

1946 4348 2218 4393 octavam.
2273 4329 2643 4399 Quamobrem
2677 4326 2843 4382 etiam
2896 4324 3249 4382 manifestius
3298 4335 3522 4396 apparet

265 4452 375 4505 ρος
402 4438 459 4488 ὲν
488 4435 581 4489 δύο
609 4437 804 4505 φύσεσι
825 4439 1173 4510 γνωρίζεται,
1196 4439 1274 4512 τῷ
1298 4440 1475 4512 Harp!
1502 4442 1598 4495 καὶ
1621 4440 1698 4510 τῷ
1718 4441 1843 4512 θείῳ

1952 4426 2259 4499 discipulis,
2314 4431 2370 4478 et
2420 4421 2556 4491 ipsis
2597 4417 2954 4473 comentibus
3004 4418 3058 4470 in
3093 4417 3294 4471 malum
3322 4417 3522 4480 elatus,

264 4525 542 4596 Πνεὺματι
585 4529 1199 4601 συμπροσκυνούμενος.
1246 4530 1307 4584 '0
1344 4530 1445 4595 τὰς
1472 4532 1567 4586 δύο
1596 4531 1844 4603 θελήσεις

268 4618 462 4689 ὁμοίως
504 4618 601 4672 καὶ
634 4620 920 4691 ἐνεργείας
954 4621 1159 4693 φέρων,
1213 4622 1274 4676 Ὁ
1313 4622 1609 4679 κάντεῦθεν
1640 4624 1845 4695 ληπτδς

274 4709 358 4763 καὶ
394 4709 774 4779 ἀπερίληττος,
822 4712 1070 4783 γραπτδς
1117 4714 1214 4767 καὶ
1256 4715 1704 4786 ἀπερίγρειπτος⁶
1754 4714 1846 4767 τό·

276 4815 389 4860 ποις
431 4797 475 4829 ³⁸
504 4798 598 4851 καὶ
636 4797 1009 4870 εἰκονίσμασιν
1052 4788 1184 4874 ἡμῖν
1227 4805 1719 4875 πμγραφόμενος,
1751 4802 1847 4857 καὶ

281 4893 328 4942 ὲν
349 4890 549 4953 αὐτοῖς,
569 4889 645 4952 ὡς
666 4889 754 4942 διὰ
789 4891 954 4959 μέσον
985 4892 1186 4962 σαρκὸς
1217 4895 1312 4948 καὶ
1336 4894 1668 4965 πνεύματος,
1686 4912 1849 4968 προσ-

282 4981 618 5051 κυνούμενος.
688 4980 815 5043 Τοῖς
869 4982 1092 5047 οἰκείοις
1165 4983 1440 5054 θεολόγοις
1517 4987 1611 5039 καὶ
1681 4988 1849 5041 πᾶσιν

281 5071 441 5137 ἁγίοις
496 5069 927 5140 ἐκτυπούμενος.
992 5072 1283 5127 Κοινωνῶν
1330 5075 1466 5144 ἡμῖν
1504 5073 1591 5143 ἐφ’
1641 5075 1848 5129 ἅπασιν

286 5162 505 5233 ὁμοίως·
555 5161 647 5214 καὶ
674 5164 783 5231 γὰρ
815 5162 880 5231 τῇ
927 5160 1180 5217 ἐντεῦθεν
1222 5166 1596 5237 προσκυνήσει
1631 5164 1709 5233 τῷ
1749 5166 1851 5235 ἀρ-

1950 4519 2213 4575 humiletn
2288 4521 2583 4568 naturam-
2626 4508 2868 4562 hominis
2935 4523 3159 4563 sursum
3229 4507 3521 4572 subvehit,

1951 4622 2203 4677 unusque
2260 4603 2526 4659 Dominus
2581 4600 2635 4653 in
2700 4599 2916 4652 duabus
2969 4598 3226 4668 cognitus
3288 4599 3522 4660 naturis,

1950 4716 2075 4757 cum
2108 4699 2273 4752 Patre
2301 4702 2357 4750 et
2399 4690 2608 4760 Spiritu
2640 4696 2835 4744 sancto
2860 4688 3069 4756 pariter
3095 4687 3381 4744 adoratnr.
3418 4688 3523 4755 Qui

1951 4792 2087 4846 duas
2118 4800 2274 4857 aeque
2327 4783 2640 4838 voluntates
2680 4786 2845 4849 atque
2891 4780 3246 4851 operationcs
3304 4781 3525 4846 haheat,

1953 4895 2131 4952 eoque
2177 4873 2690 4945 comprehensibilis
2755 4871 2827 4927 sit
2875 4881 2931 4926 et
3003 4871 3526 4943 incomprehensus.

1953 4974 2167 5042 Quique
2205 4969 2350 5039 pingi
2400 4982 2463 5021 ac
2520 4965 2762 5022 describi
2800 4965 2995 5033 possit,
3046 4965 3227 5035 sitque
3253 4964 3529 5018 nihilomi-

1955 5080 2061 5121 nus
2091 5057 2637 5126 incircnmscriptus:
2669 5071 2830 5125 quem
2863 5055 3052 5126 ﬁguris
3081 5054 3528 5123 imaginibusque

1956 5151 2390 5228 proscribatuus,
2439 5155 2605 5216 atque
2654 5146 2708 5200 in
2740 5145 2844 5210 eis,
2884 5153 2944 5197 ut
2975 5143 3125 5197 velut
3157 5130 3334 5196 media
3362 5156 3530 5196 carne

1542 5255 1779 5357 mutii:
1817 5291 2222 5354 LECTlONES.

342 5394 379 5428 ³⁸
404 5392 547 5462 Lege
589 5390 799 5449 τύποις.

1545 5474 1937 5534 COMBEFISII
1960 5473 2193 5531 NOTAE.

287 5576 538 5644 deinceps
569 5613 586 5635 ,
638 5574 790 5629 velut
817 5589 886 5628 ex
944 5571 1126 5628 ofﬁcio
1148 5612 1174 5644 γ,
1211 5580 1264 5627 et
1293 5572 1569 5628 secundas
1594 5588 1625 5627 a
1647 5571 1846 5642 primis

292 5647 389 5700 illis
450 5643 900 5712 pr:edicatorihus
958 5654 1012 5697 et
1072 5643 1348 5711 episcopis
1391 5652 1577 5710 mrtcs
1625 5656 1846 5712 gerens,

295 5711 593 5785 quanquam
618 5716 765 5769 nulla
795 5713 1019 5784 propria
1063 5712 1310 5784 subjecta
1346 5712 1518 5783 plebe,
1548 5711 1659 5784 qua
1693 5711 1759 5767 de
1794 5727 1852 5767 re

1953 5568 2021 5623 ad
2045 5564 2516 5636 Amphilochium,
2584 5560 2910 5636 praedicaret
2941 5575 2955 5611 :
3005 5570 3130 5636 nam
3164 5554 3389 5636 Basilio,
3437 5558 3530 5636 qui

1957 5628 2220 5694 assiduus
2279 5635 2539 5704 populum
2584 5628 2838 5704 'poutil'etr
2882 5631 3120 5704 doceret,
3177 5628 3384 5702 ubique
3415 5631 3534 5685 cla-

1959 5708 2242 5775 rissimus,
2266 5698 2453 5761 minus
2485 5698 2721 5775 quadrat
2754 5698 3067 5756 exhortatio
3096 5698 3231 5755 haec.
