3840 6312
256 316 384 384 ⁸3⁸39

269 354 345 382 υό

913 315 996 380 IN
1029 318 1690 381 CIRCUMCISIONEM
1720 316 1995 381 DOMINI
2031 319 2128 382 ET
2166 320 2248 381 ΙΝ
2287 320 2781 410 S..BASILIUM.

3434 322 3542 387 930

358 430 528 487 Ἀλλὰ
576 432 674 486 σῦν
710 429 889 495 αὐτοῖς
930 434 1044 496 τοῖς
1088 431 1257 497 θείοις
1295 433 1628 498 ἐπαινέταις,
1682 433 1857 503 πάτερ

2036 416 2352 501 Enimvero,
2400 432 2566 488 Basili
2623 442 2802 503 pater,
2849 434 2943 504 qui
2992 448 3117 489 cum
3154 434 3291 505 ipsis
3333 434 3542 491 divinis

270 522 553 588 Βασίλειε,
584 522 641 576 ἐν
662 521 1019 593 πατριαρχῶν
1056 523 1447 578 πναπολαὺων
1468 526 1694 596 σκηναῖς
1725 525 1862 578 ἁπο-

272 612 487 666 στόλων
520 629 582 665 τε
622 612 720 665 καὶ
754 610 1051 681 προφητῶν
1093 612 1545 682 μυσταγωγίαις,
1589 612 1684 666 καὶ
1721 630 1864 684 μαρ-

274 703 461 769 τύρων
492 699 1044 771 στεφηφορίαις,ὴιαὶ
1102 700 1354 772 μοναχῶν
1395 702 1657 773 χορείαις,
1704 701 1864 756 θείων

272 809 334 846 τε
366 792 648 865 ἰεραρχῶν
678 791 772 845 καὶ⁵
800 791 1019 846 πάντων
1055 790 1281 846 δικαίων
1321 793 1770 865 ἀγαθοτρυφίαις,
1793 793 1863 848 τὰ

272 885 421 956 ὑπὲρ
441 885 606 956 ήμῶν
650 884 941 956 μνήσθητι,
984 884 1401 956 συνεπαγείρων
1439 887 1518 951 είς
1563 885 1864 958 πρεσϐείαν

272 978 490 1041 πάντας
525 978 862 1047 όμοσκήνους
910 993 1030 1041 σου,
1068 975 1164 1031 τοῦ
1198 975 1590 1031 καθικετεῦσαι
1632 978 1862 1032 πάντοτε

274 1069 402 1139 μὲν,
434 1068 533 1121 καὶ
561 1066 657 1122 νῦν
685 1067 743 1121 δὲ
774 1068 867 1122 τὸν
900 1067 1077 1122 κοινὸν
1110 1069 1389 1139 Δεσπότην
1416 1068 1558 1139 ὑπὲρ
1590 1069 1689 1140 τῆς
1724 1070 1863 1124 παν-

265 1174 383 1209 των
432 1156 713 1228 σωτηρίας
736 1155 1115 1227 Χριστιανῶνο
1157 1156 1380 1228 βασιλέα
1418 1159 1763 1229 καταρτίζων
1803 1160 1864 1213 ἒν

268 1247 598 1320 δικαιοσύνῃ
652 1249 746 1302 καὶ
792 1248 1109 1315 θεοσεϐείᾳ,
1140 1249 1208 1302 ἶν’
1251 1250 1366 1321 ἔχοι
1403 1250 1541 1304 Θεὸν
1572 1249 1864 1323 σύμμαχον

266 1339 446 1394 αὑτοῦ
482 1344 596 1404 τοῖς
625 1341 861 1411 νοήμασι
884 1380 901 1405 ,
929 1340 1023 1394 τὸν
1054 1341 1336 1413 ἀδιάδοχον
1367 1342 1617 1412 βασιλέα,
1645 1342 1779 1415 παρ’
1801 1339 1863 1398 οὗ

265 1431 601 1497 δεσπόζεται
648 1430 895 1485 ἀνωθεν*
950 1432 1217 1502 ἄρχοντας
1254 1450 1315 1486 τε
1355 1434 1451 1488 καὶ
1484 1434 1765 1507 ἡγεμόνας
1806 1435 1866 1490 ἐν

268 1522 535 1595 εὒσεδεία
558 1523 800 1577 διέποιτο
834 1524 1132 1593 ὑπηκόους,
1166 1525 1385 1596 στρατῷ
1413 1527 1861 1599 συμμαχόμενος,

271 1614 371 1668 καὶ
399 1614 495 1667 τὸν
538 1613 727 1668 λοιπὸν
769 1615 900 1669 λαὸν
945 1618 1004 1668 ἐν
1034 1615 1261 1688 ὁμονοίᾳ
1298 1619 1367 1687 τῇ
1409 1618 1547 1688 πρὸς
1583 1619 1683 1689 τὴν
1711 1618 1864 1672 θείαν

276 1706 486 1772 πίστιν,
501 1707 597 1760 καὶ
616 1708 683 1777 τῇ
702 1707 837 1779 πρὸς
850 1695 1113 1779 ἀλλήλους
1127 1707 1317 1779 εἰρήνῃ
1335 1707 1645 1779 διακρατῶν
1661 1725 1676 1738 θ
1694 1709 1864 1781 χρίων

1965 524 2311 595 praeconibus
2338 523 2781 594 patriarcharum
2831 522 3110 580 delicieris
3137 525 3538 592 tabernaculis,

1963 616 2458 686 apostolorumque
2507 626 2562 672 et
2614 616 3012 687 prophetarum
3062 616 3241 673 sacris
3272 618 3541 673 initiatio-

1964 708 2149 772 nibus,
2192 714 2610 779 martyrumque
2640 709 2888 773 coronis,
2924 716 2977 763 et
3016 707 3203 764 choris
3236 710 3541 765 monacho-

1963 814 2108 863 rum,
2164 798 2593 868 divinorumque
2666 797 2988 870 prasulum,
3063 806 3230 868 atque
3291 800 3539 856 omnium

1959 889 2238 958 iustorum
2296 889 2702 959 voluptatibus,
2737 889 2915 945 nostri
2968 890 3300 955 recordare,
3347 906 3541 948 omnes

1965 979 2160 1035 iisdem
2210 987 2391 1035 tecum
2447 979 2820 1035 tabernaculis
2870 994 3247 1051 congregans,
3297 989 3356 1036 ut
3392 998 3541 1038 sctu-

1963 1083 2062 1138 per
2107 1081 2173 1123 ac
2230 1067 2395 1124 modo
2440 1068 2496 1122 in
2542 1070 2760 1138 primis,
2814 1056 3097 1123 c‘ommuni
3154 1070 3380 1124 Domino
3442 1084 3541 1140 pro

1965 1160 2144 1216 salute
2213 1159 2656 1216 Chrisﬁanorum
2744 1160 3151 1215 universorum.
3184 1162 3537 1231 supplicent:

1964 1252 2353 1319 imperatorem
2388 1251 2444 1305 in
2480 1250 2694 1318 iustitia
2725 1257 2780 1304 et
2812 1249 3071 1318 religiosa
3114 1250 3324 1319 pietate
3350 1250 3539 1320 dispo-

1965 1352 2143 1405 nens,
2198 1346 2256 1393 ut
2312 1339 2479 1394 Deum
2538 1338 2758 1405 habeat,
2835 1338 3223 1408 imperatorem
3278 1339 3432 1394 illutn
3484 1348 3540 1394 rt

1967 1445 2184 1502 regem,
2219 1430 2308 1486 cui
2353 1430 2539 1485 nullus
2580 1429 2852 1497 succedit,
2888 1446 2917 1483 a
2953 1445 3064 1499 quo
3117 1431 3257 1486 caelo
3306 1432 3537 1500 regitur,

1963 1521 2084 1591 ejus
2141 1521 2449 1591 adjutorem
2507 1520 2784 1584 consiliis,
2822 1521 3212 1591 principesque
3257 1538 3322 1577 ac
3367 1523 3540 1580 duces

1964 1618 2018 1664 et
2043 1609 2327 1679 subjectos
2362 1610 2564 1680 pietate
2591 1620 2789 1680 regat;
2840 1613 3106 1666 exercitui
3138 1614 3437 1677 auxilians.
3475 1629 3539 1668 ac

1964 1699 2228 1770 populum
2284 1701 2562 1771 reliquum
2612 1700 2670 1756 in
2707 1702 2895 1757 divina
2930 1703 3262 1763 concordem
3318 1706 3444 1771 title,
3475 1721 3539 1760 ac

278 1798 559 1868 ἀρχιερεῖς
592 1800 650 1852 ἐν
685 1797 958 1870 θεολογίᾳ,
990 1798 1170 1862 καλῶς
1199 1798 1471 1871 κυϐερνᾷν
1504 1799 1603 1871 τὴν
1629 1801 1695 1855 ἐκ
1726 1799 1862 1854 Θεοῦ

1967 1805 2101 1861 pace
2131 1798 2321 1846 mutua
2354 1792 2678 1850 continens:
2716 1809 2930 1864 ungens
2958 1795 3248 1865 pontiﬁces
3282 1796 3335 1851 in
3390 1797 3545 1852 theo-

280 1888 372 1940 καὶ
398 1888 554 1956 παρὰ
618 1884 716 1939 σοῦ
784 1886 967 1955 σοφῶς
1010 1885 1475 1958 πεπαιδευμένην,
1522 1889 1620 1942 καὶ
1682 1889 1866 1954 αὐτοῖς

262 1976 735 2049 ἐμπιστευθεῖσαν
798 1977 1145 2048 Ἐκκλησίαν.
1217 1979 1406 2050 ἰερεῖς
1481 1980 1541 2033 ἐν
1603 1980 1865 2052 εὐλαϐείᾳ

280 2067 573 2139 διατηρῶν,
605 2069 753 2131 ὅπως
778 2067 1089 2139 θεαρὲστως
1128 2067 1393 2139 βιοῦντες,
1441 2070 1539 2124 καὶ
1573 2072 1664 2126 τδν
1694 2071 1865 2143 ῦμνον

281 2159 517 2226 ἐπαξίως
539 2158 621 2226 τῷ
654 2174 715 2211 σε
754 2158 871 2213 νυνί
897 2175 958 2211 τε
998 2158 1428 2232 προσλαὸομένῳ
1468 2161 1565 2216 καὶ
1606 2161 1864 2232 στέψαντι

282 2252 371 2305 καὶ
430 2250 599 2303 παντὶ
658 2249 740 2321 τῷ
791 2249 970 2321 πιστῷ
1026 2249 1186 2322 δήμῳ
1250 2252 1527 2324 περιφανῆ
1581 2253 1817 2321 δείξαντι
1846 2296 1862 2321 ,

284 2342 537 2412 ποιμένα.
566 2340 661 2395 καὶ
691 2342 757 2413 δὴ
796 2341 1101 2413 πλέξωμεν.
1148 2345 1246 2408 ’ος
1270 2344 1339 2398 δι’
1370 2347 1520 2417 ἡμᾶς
1545 2346 1865 2418 ἐπτώχευσε

282 2433 534 2497 πλούσιος
561 2430 659 2498 ὢν,
700 2435 766 2487 ἐκ
794 2433 1033 2504 γαστρὸς
1068 2434 1353 2504 προελθὼν
1395 2440 1760 2512 σαρκοφόρος,
1788 2441 1866 2507 ὡς

277 2518 416 2577 οἶδεν
448 2523 641 2586 αὑτός.
680 2522 737 2576 Ὀ
769 2524 882 2578 ἄνω
919 2523 999 2595 τῷ
1032 2525 1207 2594 Πατρῖ
1241 2527 1735 2601 συγκαθεζόμενος,
1770 2534 1866 2587 καὶ

276 2617 337 2668 ἐν
373 2615 627 2687 σπηλαίῳ
664 2632 723 2668 τε
775 2617 1111 2688 τικτόμενος,
1147 2619 1243 2674 καὶ
1288 2621 1348 2674 ιν
1393 2621 1570 2695 φάτνῃ
1617 2641 1868 2696 σπαργα-

274 2706 563 2778 νούμενος.
612 2708 672 2762 '0
715 2709 820 2763 ὑπὸ
866 2711 1116 2780 ἀγγέλων
1155 2713 1581 2786 ἀνυμνούμενος,
1627 2720 1721 2773 καὶ
1762 2720 1867 2773 ὑπο

275 2797 557 2867 ποιμένων
584 2797 1018 2870 θαυμαζόμενος.
1056 2802 1115 2856 ’0
1143 2805 1210 2875 τῇ
1229 2805 1481 2878 παρούσῃ
1501 2807 1663 2880 ὀγδόῃ
1682 2811 1866 2882 ἡμέρα

276 2889 769 2960 πριτεμνόμενος,
803 2892 900 2945 καὶ
939 2892 1118 2964 Ἰησοῦ
1145 2897 1523 2968 προσηγορίαν
1550 2898 1863 2970 δεχόμενος.

291 2980 350 3032 ’0
378 2979 656 3050 καθάρσια
681 2982 1011 3054 προσφέρων
1033 3023 1048 3046 ,
1081 2985 1174 3038 καὶ
1214 2986 1320 3040 ὑπὸ
1354 2987 1583 3059 Συμεὼν
1620 2992 1715 3045 καὶ
1741 2994 1867 3044 Ἀν-

276 3087 377 3141 νης
396 3071 763 3177 ἀνθομολογού
770 3091 953 3144 μενος,
980 3075 1074 3128 καὶ
1100 3075 1206 3130 ὑπὸ
1227 3078 1435 3147 Μάγων
1454 3078 1758 3177 δορυφορού
1766 3100 1863 3153 με-
1890 3116 1935 3174 c

279 3179 387 3226 νος.
436 3163 497 3216 ’0
522 3163 738 3231 φεύγων
779 3166 859 3228 εἰς
886 3166 1181 3233 Αἴγυπτον,
1210 3170 1305 3223 καὶ
1336 3188 1356 3222 ι
1394 3170 1555 3225 σείων
1580 3163 1863 3244 τὰ“χειρο-

280 3252 479 3322 ⁴ιιοίητςιι
501 3252 801 3320 Αἰγύπτου.
857 3271 878 3305 ι
934 3252 994 3307 '0
1025 3254 1124 3325 τὴν
1165 3256 1380 3311 τελείαν
1417 3259 1610 3331 ἀνδρὸς
1649 3260 1865 3329 ἠλικίαν

285 3340 590 3412 δεχόμενος,
645 3342 741 3397 καὶ
790 3343 896 3398 ὑπὸ
917 3344 1108 3400 δούλου
1174 3346 1612 3420 βαπτιζόμενος,
1651 3351 1746 3405 καὶ
1785 3352 1865 3423 τῷ

288 3431 432 3487 ὕδατι
465 3432 702 3504 βυθίξων
728 3434 827 3506 τὴν
856 3434 952 3489 τοῦ
987 3436 1199 3508 κόσμου
1238 3439 1537 3512 ἁμαρτίαν.
1587 3442 1645 3496 '0
1672 3443 1865 3515 κόσμῳ

286 3526 707 3596 φανερούμενος,
758 3527 854 3582 καὶ
895 3528 1000 3581 ὐπό
1059 3530 1330 3585 Ἰουδαίων
1387 3533 1739 3604 μισούμενος,
1783 3530 1867 3597 οἷς

281 3616 372 3669 καὶ
415 3616 488 3669 τὰ
529 3615 656 3682 ξένα
680 3617 1146 3691 ἑθαυματούργει.
1187 3621 1388 3686 Τέλος,
1436 3620 1867 3695 παραδιδόμενος

275 3707 373 3762 καὶ
420 3706 870 3778 σταυρούμενος,
919 3706 1041 3763 εἶτα
1087 3710 1185 3764 καὶ
1231 3711 1593 3783 θαπτόμενος,
1644 3713 1733 3767 ἵνα
1774 3713 1866 3767 τὸν

274 3799 409 3872 ᾅδην
438 3799 871 3870 αἰχμαλωτίσας,
902 3801 964 3854 τὸ
996 3802 1097 3871 τῆς
1136 3802 1491 3867 ἀναστάσεως
1515 3807 1629 3868 τοῖς
1666 3806 1726 3857 ἐν
1762 3804 1865 3877 ᾇδῃ

276 3891 664 3963 περιαστράψῃ
685 3893 1038 3962 ἐπάγγελμα.
1070 3894 1168 3956 ’ος
1185 3894 1282 3948 καὶ⁸
1306 3894 1510 3966 ἀνέστη
1539 3896 1864 3967 τριήμερος,

274 3979 397 4043 δούς
434 3998 530 4050 μοι
553 3982 655 4053 τὴν
691 3981 954 4052 δευτέραν
997 3981 1227 4051 όγδοάδα
1264 3985 1526 4055 τιμᾶσθαι
1562 3986 1663 4056 τῆς
1699 3985 1869 4048 ὅντως

274 4072 661 4138 ἀναπαύσεως,
704 4073 785 4136 εἰς
803 4074 904 4144 τὴν
938 4073 1241 4143 μέλλουσαν
1272 4075 1503 4145 όγδοάδα
1529 4076 1630 4147 τῆς
1654 4075 1869 4140 τελείας

273 4161 368 4216 τοῦ
404 4162 614 4232 κόσμου
641 4162 1071 4234 ἀπολυτρώσεως
1088 4165 1354 4235 ἄγουσαν.
1373 4165 1535 4221 Ὅθεν
1563 4168 1658 4221 καὶ
1688 4166 1868 4239 μαθη-

275 4256 399 4317 ταῖς
428 4253 746 4324 ἐμφανίζει,
784 4256 881 4309 καὶ
928 4254 1237 4327 βλεπόντων
1267 4257 1448 4313 αὐτῶν
1486 4259 1571 4322 εἰς
1603 4259 1869 4328 οὐρανοὺς

275 4346 520 4415 αἴρεται,
555 4345 616 4398 τὸ
643 4346 766 4399 κατ’
805 4346 907 4417 ἐμὲ
940 4348 1200 4402 ταπεινὸν
1226 4348 1486 4419 ἀνυψῶΨ
1519 4349 1615 4405 καί⁵
1643 4344 1726 4414 εἷς
1758 4351 1870 4404 Κύ-

1964 1881 2132 1951 logia.
2164 1892 2223 1936 ut
2257 1880 2562 1938 Ecclesiam
2595 1900 2660 1940 ex
2685 1884 2794 1940 Deo
2819 1886 3041 1955 tuisque
3079 1889 3541 1959 prteeeptionihus

1965 1971 2247 2041 sapienter
2286 1971 2618 2038 institutam,
2674 1973 2869 2044 eisque
2919 1973 3210 2040 creditam,
3248 1978 3418 2046 probe
3450 1994 3543 2048 gu-

1965 2062 2219 2118 bernent.
2272 2063 2606 2119 Sacerdotes
2646 2065 2940 2136 inpietate
2990 2079 3303 2124 reverentes
3349 2081 3541 2125 custo-

1965 2150 2146 2217 diens,
2182 2158 2243 2206 ut
2292 2152 2492 2222 placite
2547 2151 2659 2207 Deo
2714 2154 2984 2219 viventes,
3031 2157 3195 2211 etiam
3248 2158 3297 2211 ci
3355 2159 3449 2227 qui
3488 2169 3542 2213 te

1966 2256 2118 2297 nunc
2170 2241 2476 2311 assumpsit
2546 2244 2971 2312 coronavitque,
3028 2260 3091 2298 ac
3141 2248 3235 2301 toti
3297 2247 3540 2303 fidelium

1966 2332 2173 2403 populo
2222 2330 2553 2402 praeclarum
2605 2340 2884 2403 pastorem
2919 2333 3192 2397 exhibuit,
3227 2335 3389 2406 digne
3425 2350 3543 2389 om-

1969 2438 2068 2479 nes
2093 2423 2371 2478 canticum
2403 2421 2827 2478 concinnemus.
2862 2423 2946 2487 Ei.
2995 2427 3247 2496 inquam,
3290 2427 3383 2495 qui
3417 2443 3540 2483 cum

1963 2521 2113 2571 esset
2180 2512 2355 2579 dives,
2416 2522 2638 2584 propter
2693 2529 2793 2569 nos
2842 2513 3024 2569 factus
3072 2524 3155 2572 est
3196 2532 3422 2587 pauper,
3473 2533 3542 2571 ex

1966 2613 2127 2661 utero
2168 2620 2293 2661 cum
2338 2619 2506 2661 carne
2565 2619 2912 2674 progressus,
2951 2622 3059 2675 qua
3113 2606 3228 2677 ipse
3260 2608 3414 2662 novit
3448 2623 3542 2660 ra-

1970 2696 2134 2752 tione.
2167 2696 2269 2764 Qui
2302 2697 2356 2751 in
2413 2696 2573 2752 etelis
2612 2696 2864 2764 considet
2897 2696 3066 2760 l’atri,
3108 2705 3162 2751 et
3194 2700 3445 2754 nascitur
3485 2700 3540 2753 iu

1966 2790 2251 2858 spelunca,
2282 2798 2449 2858 atque
2487 2788 2545 2843 in
2576 2789 2811 2859 praesepi
2857 2791 3054 2858 pannis
3089 2790 3405 2844 involvitur.
3439 2791 3540 2846 Cui

1968 2882 2147 2952 angeli
2193 2881 2520 2945 concinunt,
2573 2889 2629 2935 et
2678 2896 2838 2950 quem
2892 2889 3139 2951 pastores
3172 2883 3542 2937 admiratione

1970 2979 2399 3042 prosequuntur.
2450 2969 2554 3037 Qui
2606 2970 2775 3026 haece
2825 2979 3017 3025 octava
3048 2971 3136 3027 die
3173 2972 3539 3027 (‘il‘t‘llllltiSllS

1966 3072 2076 3128 est,
2117 3070 2167 3118 et
2195 3060 2327 3119 Jcsu
2359 3061 2781 3132 appellationem
2819 3064 3048 3132 accepit.
3106 3062 3208 3129 Qui
3243 3063 3399 3118 oﬂort
3435 3064 3545 3134 pia-

1966 3158 2186 3213 culares
2229 3140 2466 3220 hostias,
2515 3166 2569 3212 et
2603 3155 2691 3210 cui
2747 3154 2970 3210 Situeou
3008 3163 3062 3209 et
3093 3157 3247 3210 Anna
3296 3156 3540 3212 vicissim

1963 3247 2318 3310 conﬁtentur,
2368 3260 2434 3302 ac
2471 3244 2612 3318 Magi
2668 3246 2933 3302 satellitio
2984 3246 3384 3314 obsequuntur.
3435 3243 3541 3312 Qui

1963 3341 2106 3411 fugit
2135 3340 2188 3394 in
2221 3338 2543 3409 Egyptunt,
2579 3346 2633 3393 et
2669 3356 2686 3389 ι
2731 3337 2987 3392 concutit
3017 3336 3335 3392 manufacta
3372 3335 3545 3407 Egy-

1963 3430 2068 3502 pti.
2109 3448 2128 3482 ι
2163 3429 2266 3494 Qui
2302 3435 2582 3498 assumpta
2627 3434 2791 3501 aetate
2849 3425 3119 3495 perfecta,
3174 3426 3485 3496 baptizatur
3513 3442 3543 3479 a
3654 3470 3669 3482 .

1965 3535 2147 3584 servo,
2193 3518 2494 3587 mundique
2542 3526 2827 3587 peccatum
2877 3517 3184 3587 submergit
3234 3533 3399 3587 aqua.
3435 3516 3541 3584 Qut

1965 3611 2173 3666 mundo
2229 3608 2639 3670 manifestatus,
2713 3606 2842 3661 odio
2903 3606 2972 3659 ab
3025 3605 3229 3662 Iudaeis
3289 3608 3542 3672 habetur,

1965 3703 2170 3774 quibus
2195 3709 2250 3756 et
2277 3716 2417 3756 nova
2456 3698 2720 3753 miracula
2770 3699 3125 3766 operabatur.
3163 3698 3377 3768 Quique
3424 3709 3547 3754 tan-

1966 3795 2090 3850 dem
2117 3791 2353 3846 traditus
2400 3796 2456 3844 et
2507 3787 2659 3843 cruci
2713 3784 2929 3851 aﬂixus,
2979 3787 3328 3856 postmodum
3378 3789 3543 3843 etiam

1968 3885 2219 3957 sepultus
2255 3890 2362 3946 est,
2396 3890 2457 3935 ut
2508 3878 2787 3948 eaptivato
2845 3866 3086 3941 inferno,
3118 3880 3546 3937 resurrectionis

1967 3973 2317 4032 aunuutiatio
2348 3968 2565 4026 inferno
2598 3969 2970 4023 illucesccret.
3025 3967 3130 4033 Qui
3163 3968 3330 4022 etiam
3359 3984 3541 4025 resur.

1969 4066 2111 4123 rexit
2148 4063 2239 4120 die
2265 4061 2453 4124 tertia,
2488 4059 2613 4114 data
2648 4057 2780 4112 mihi
2814 4056 3010 4121 altera,
3048 4071 3173 4112 vere
3204 4059 3296 4112 illa
3333 4061 3547 4129 requie-

1970 4154 2138 4211 tiouis
2169 4158 2383 4218 octava,
2415 4164 2582 4221 quam
2634 4148 2845 4203 honore
2897 4160 3283 4217 prosequerer,
3311 4146 3553 4203 ducente

1970 4247 2036 4303 ad
2114 4244 2356 4301 futuram
2405 4245 2799 4296 consummate
2876 4236 3271 4306 redemptionis
3355 4240 3544 4292 mundi

1970 4349 2242 4394 octavam.
2297 4332 2667 4401 Quamobrem
2701 4329 2867 4384 etiam
2920 4328 3273 4385 manifestius
3321 4338 3546 4400 apparet

281 4454 398 4507 ρος
424 4440 481 4490 ἐν
511 4436 604 4490 δύο
632 4438 827 4507 φύσεσι
848 4441 1197 4511 γνωρίζεται,
1220 4441 1298 4513 τῷ
1321 4442 1499 4513 Πατρὶ
1525 4443 1621 4496 καὶ
1645 4441 1722 4512 τῷ
1742 4442 1866 4513 θείῳ

1975 4428 2283 4499 discipulis,
2339 4433 2394 4479 et
2443 4423 2580 4494 ipsis
2622 4420 2978 4475 comentibus
3028 4422 3082 4473 in
3117 4421 3318 4475 malum
3347 4420 3545 4483 elatus,

280 4527 565 4597 Ιῐνεῦματι
608 4531 1223 4602 συμπροσκυνούμενος.
1270 4532 1331 4586 Ὀ
1368 4532 1468 4597 τὰς
1496 4533 1868 4605 δύοθελήσεις

283 4620 485 4691 ὁμοίως
527 4620 624 4673 καὶ
657 4622 943 4692 ἐνεργείας
977 4623 1183 4695 φέρων,
1236 4623 1297 4678 '0
1336 4624 1633 4681 κάντεῦθεν
1663 4625 1868 4696 ληπτὸς

288 4711 379 4765 καὶ
417 4710 797 4780 ἀπερίληττος,
845 4714 1093 4784 γραπτδς
1141 4716 1237 4768 καὶ
1279 4716 1727 4787 ἁπερίγραπτοςο
1777 4715 1869 4768 τό-

291 4816 409 4862 ποις
454 4799 497 4831 ³¹
527 4799 621 4852 καὶ
660 4799 1032 4872 εἰκονὲσμασιν
1075 4788 1207 4875 ἡμῖν
1251 4807 1742 4877 προγραφόμενος,
1774 4803 1870 4858 καὶ

295 4895 347 4944 ἐν
368 4891 572 4955 αὑτοῖς,
592 4891 668 4954 ὡς
688 4890 777 4945 διὰ
812 4892 977 4961 μέσον
1008 4894 1209 4964 σαρκὸς
1240 4897 1335 4950 καὶ
1360 4896 1691 4967 πνεύματος,
1709 4913 1873 4969 προσο

296 4982 640 5053 κυνοὺμενος.
711 4982 838 5045 Τοῖς
893 4983 1115 5049 οἰκείοις
1189 4985 1463 5055 θεολόγοις
1540 4988 1634 5041 καὶ
1704 4989 1872 5043 πᾶσιν

294 5073 463 5139 ἁγίοις
518 5070 950 5141 ἐκτυπούμενος.
1014 5073 1306 5128 Κοινωνῶν
1353 5077 1489 5146 ἡμῖν
1528 5075 1615 5144 ἐφ’
1664 5077 1871 5130 ἅπασιν

300 5164 528 5235 όμοίως’
577 5162 669 5215 καὶ
697 5166 806 5232 γὰρ
838 5165 904 5233 τῇ
950 5163 1204 5219 ἐντεῦθεν
1244 5167 1619 5238 προσκυνήσει
1654 5166 1732 5235 τῷ
1772 5168 1874 5237 ἀρ-

358 5396 400 5429 "
426 5394 569 5464 Lege
611 5392 822 5451 τύποις.

1974 4520 2237 4576 humilem
2313 4523 2609 4570 naturant-
2650 4511 2892 4564 hominis
2959 4526 3182 4566 sursqu
3253 4510 3545 4576 subvehit,

1975 4624 2227 4679 unusque
2284 4605 2551 4661 Dominus
2605 4602 2659 4656 in
2724 4601 2940 4656 duabus
2993 4601 3250 4671 cognitus
3311 4602 3545 4665 naturis,

1973 4718 2098 4758 cum
2132 4700 2296 4753 Patre
2325 4703 2381 4751 et
2423 4692 2633 4763 Spiritu
2665 4698 2859 4745 sancto
2884 4691 3092 4758 pariter
3119 4690 3404 4747 adorator.
3441 4692 3547 4759 Qui

1974 4795 2111 4848 duas
2141 4802 2297 4859 teque
2351 4785 2664 4840 voluntates
2704 4789 2869 4852 atque
2916 4784 3269 4853 operatioues
3328 4784 3549 4849 haheat,

1976 4896 2154 4953 eoque
2201 4875 2714 4948 comprehensibilis
2779 4874 2851 4930 sit
2899 4883 2955 4929 et
3027 4874 3549 4945 incomprt-ltensus.

1977 4976 2191 5044 Quique
2229 4971 2374 5041 pingi
2424 4984 2487 5023 ac
2543 4967 2786 5024 describi
2824 4967 3019 5035 possit,
3070 4967 3251 5036 sitque
3276 4967 3552 5021 nihilomi-

1978 5081 2084 5122 nus
2115 5060 2660 5128 iucircutnscriptus:
2693 5074 2854 5127 quem
2886 5057 3075 5128 figuris
3104 5056 3551 5126 imaginibusque

1978 5153 2413 5229 proscribatnus,
2462 5157 2628 5218 atque
2678 5148 2732 5202 in
2765 5147 2868 5213 eis,
2908 5155 2968 5200 ut
2998 5145 3148 5199 velut
3180 5132 3357 5198 media
3386 5158 3553 5198 carne

1566 5258 1803 5358 νΑιιιίὲ
1840 5292 2245 5356 LECTIONES.

1568 5476 1959 5536 COMBEFISII
1982 5475 2216 5532 NOTAE.

296 5578 560 5646 deinceps
592 5614 609 5637 ,
661 5576 909 5646 velutex
967 5572 1149 5629 cilicio
1169 5614 1197 5646 _,
1232 5582 1287 5629 et
1315 5574 1592 5630 secundas
1617 5589 1647 5628 a
1671 5572 1870 5644 primis

303 5648 409 5702 illis
472 5644 923 5715 pra-dicaturibus
981 5655 1035 5698 et
1095 5644 1370 5715 episcopis
1406 5653 1600 5715 partes
1648 5658 1869 5715 gerens,

303 5712 615 5789 quanquam
641 5718 787 5770 nulla
817 5714 1041 5785 propria
1085 5712 1333 5787 subjecta
1368 5714 1541 5784 plebe,
1571 5712 1683 5786 qua
1715 5712 1782 5769 de
1816 5729 1875 5769 re

1976 5570 2043 5625 ad
2066 5567 2539 5638 Amphilochium,
2606 5563 2978 5638 ptaediearct:
3028 5575 3152 5614 nam
3187 5559 3411 5638 Basilio,
3459 5561 3552 5638 qui

1980 5632 2244 5695 assiduus
2302 5639 2563 5707 populqu
2608 5632 2862 5707 ’pontifer
2905 5635 3142 5707 doceret,
3199 5632 3407 5706 ubique
3437 5634 3556 5689 «ειε-

1982 5711 2265 5778 rissimus,
2289 5702 2476 5764 minus
2508 5702 2744 5778 quadrat
2778 5703 3090 5760 exhortatio
3119 5702 3254 5759 lucc.
