3840 6312
89 393 194 458 £337

1057 388 1136 448 IN
1158 380 2004 448 TRANSFIGURATIONEM
2043 375 2346 438 DOMINI.

3195 377 3329 440 r983

87 508 214 565 aziﬁa
234 506 320 577 τῆς
354 504 654 568 ἐποπτείας
684 505 717 575 ἢ
767 504 1001 574 εὐωχίας
1027 545 1041 568 ,
1079 505 1112 578 ἢ
1144 505 1244 558 οὐκ
1274 502 1389 558 οἶδα
1427 504 1454 556 ὅ
1479 522 1531 557 τι
1555 504 1650 556 καὶ

1766 498 2158 568 praestiteritmt
2185 493 2309 547 inde
2341 490 2502 562 hujus
2530 489 2650 547 sive
2678 490 3040 562 inspectionis
3061 492 3182 550 sive
3203 509 3336 552 cm;-

89 597 194 674 χρὴ
216 597 403 665 λέγειν,
421 593 501 665 τῷ
519 593 740 665 μεγέθει
762 595 861 666 τῆς
889 596 1134 665 χάριτος,
1159 596 1254 649 καὶ
1276 595 1528 664 γλῶσσαν
1560 595 1653 648 καὶ

96 689 310 742 διάνοιαν
340 684 746 756 ἐκνικώμενος,
789 685 1002 738 ἐνθένδε
1051 687 1402 758 ποιήσασθαι.
1462 688 1522 741 '0
1555 689 1655 758 μὲν

97 777 182 834 οὖν
211 777 476 841 Ματθαῐος
501 777 592 831 τὸν
619 779 824 848 Κύριον
856 781 1068 847 εἰσάγει
1105 784 1218 845 τοῖς
1251 781 1520 852 μαθηταῖς
1551 781 1656 850 φά-

97 890 273 926 σκοντα
299 871 504 935 οὕτως·
552 890 571 924 ι
619 873 792 942 Ἀμὴν
819 872 964 941 λέγω
1019 873 1179 943 ὑμῖν,
1219 873 1326 926 εἰσί
1369 890 1513 937 τινες
1544 874 1655 927 τῶν

88 959 184 1017 ὦδε
209 961 475 1024 ἑστώτων,
512 964 708 1026 οἵτινες
732 965 793 1017 οὐ
826 964 900 1035 μὴ
929 964 1220 1032 γεύσονται
1265 964 1520 1029 θανάτου,
1547 964 1656 1030 ἕως

77 1056 149 1112 Ξιν
178 1055 319 1108 ἴδωσι
371 1056 463 1109 τὸν
513 1055 644 1108 Υίδν
673 1051 769 1109 τοῦ
825 1057 1116 1127 ἀνθρώπου
1152 1057 1448 1126 ἐρχόμενον
1497 1058 1556 1110 ὲν
1586 1060 1654 1129 τῇ

79 1148 320 1219 βασιλεία
347 1146 536 1201 αὐτοῦ.
581 1148 691 1202 Καὶ
720 1147 840 1218 μεθ’
873 1149 1086 1220 ἡμέρας
1133 1148 1194 1213 ἒξ
1233 1149 1656 1220 παραλαμϐάνει

83 1240 114 1291 ὁ
149 1237 344 1308 Ἰησοῦς
382 1238 476 1289 τὸν
507 1238 738 1309 Πέτρον,
788 1238 884 1290 καὶ
912 1238 1173 1292 Ἰάκωϐον
1199 1281 1215 1306 ,
1265 1240 1359 1292 καὶ
1401 1239 1657 1310 Ἰωάννην

87 1331 162 1383 τὸν
182 1329 415 1397 ἀδελφὸν
449 1329 637 1394 αὐτοῦ,
688 1330 784 1382 καὶ
840 1330 1101 1400 ἀναφέρει
1156 1331 1355 1394 αὐτοὺς
1401 1332 1482 1395 είς
1531 1332 1656 1403 ὅρος

84 1421 272 1490 mae»
301 1423 424 1474 κατ’
451 1421 612 1486 ἰδίαν,
645 1422 739 1474 καὶ
778 1421 1178 1493 μετεμορφώθη
1215 1422 1527 1492 ἔμπροσθεν
1561 1423 1657 1476 αὐ-

76 1514 188 1565 τῶν.
219 1513 338 1565 Καὶ
357 1513 604 1583 ἔλαμψεν
631 1513 692 1566 τὸ
723 1513 1014 1584 πρόσωπον
1040 1513 1206 1567 αὑτοῦ
1226 1516 1303 1578 ὠς
1334 1517 1361 1570 ό
1389 1515 1560 1586 ἥλιος,
1590 1515 1659 1570 τὰ

74 1603 122 1655 δὲ
147 1604 347 1672 ἱμάτια
387 1603 556 1657 αὐτοῦ
589 1603 804 1672 ἐγένετο
833 1604 1022 1670 λευκὰ,
1057 1605 1133 1669 ὡς
1162 1607 1224 1658 τὸ
1261 1608 1395 1676 φῶς.
1437 1626 1455 1659 ι
1496 1608 1608 1661 Καὶ
1630 1609 1658 1660 ὁ

71 1695 292 1764 Μάρκος
314 1695 372 1747 δὲ
395 1695 484 1748 διὰ
503 1693 612 1757 τῶν
641 1695 823 1748 αὐτῶν
855 1695 1000 1766 ἵησιν
1019 1697 1096 1760 ὡς
1127 1697 1196 1750 τὰ
1219 1698 1386 1752 πολλὰ
1404 1697 1482 1768 τῷ
1504 1699 1658 1766 Ματ-

67 1785 193 1855 θαίῳ
222 1800 238 1814 ·
281 1787 382 1838 καὶ
425 1789 637 1857 ῥήμασι
685 1786 782 1839 καὶ
829 1788 1063 1858 νοήμασι
1116 1787 1216 1859 τὴν
1262 1789 1399 1858 πρὸς
1449 1791 1657 1842 ἐκεῖνον

1753 590 1905 654 vivii,
1939 599 2032 641 aut
2072 587 2258 641 nescio
2311 599 2419 656 quo
2481 583 2712 639 debeam
2772 587 2995 641 nomine
3056 589 3335 658 appellare

1751 681 1858 751 '(sie
1884 688 1938 734 et
1969 680 2206 749 linguam
2234 687 2289 733 et
2318 686 2559 733 mentem
2591 688 2819 748 superat
2869 679 3065 749 gratim
3121 681 3333 749 magni--

1754 768 1932 838 tudo),
1953 767 2289 838 crepidinem
2319 781 2383 821 ac
2411 766 2828 822 fundamentum
2851 769 3162 838 jaciamus.
3198 769 3339 824 Mat-

1743 861 1929 915 thaeus
1981 874 2112 929 ergo
2177 860 2256 914 sic
2313 860 2607 915 Dominum
2664 862 2974 930 loquentem
3051 863 3340 934 discipulis

1755 950 2007 1004 inducit:
2044 970 2061 1003 ι
2109 950 2279 1005 Amen
2307 950 2439 1006 dico
2469 952 2646 1018 vobis,
2687 961 2816 1007 sunt
2837 953 3059 1022 quidam
3130 954 3199 1010 de
3251 956 3343 1009 hic

1753 1042 2055 1105 stantibus,
2092 1041 2185 1110 qui
2234 1056 2345 1095 non
2388 1042 2687 1111 gustabunt
2739 1053 3011 1111 mortem,
3045 1044 3223 1101 donec
3258 1048 3336 1100 vi—

1755 1132 1920 1188 deant
1951 1130 2152 1186 Filium
2196 1132 2436 1188 hominis
2489 1134 2796 1189 venientem
2873 1135 2929 1190 in
2994 1151 3164 1208 regno
3217 1154 3340 1194 sun.

1756 1226 1824 1280 Et
1859 1234 1981 1294 post
2008 1225 2126 1280 dies
2152 1241 2245 1280 sex
2277 1226 2511 1281 assumit
2553 1224 2716 1283 Jesus
2765 1227 3013 1296 Petrum,
3076 1240 3132 1286 et
3178 1230 3339 1287 Jaco-

1757 1317 1908 1384 bum,
1933 1325 1986 1372 et
2009 1313 2272 1370 Joannem
2296 1316 2526 1372 fratrem
2545 1319 2687 1388 ejus,
2706 1328 2762 1375 ct
2779 1321 2931 1388 ducit
2958 1323 3083 1378 illos
3107 1325 3160 1377 itt
3188 1341 3343 1379 mou-

1737 1415 1865 1465 .tem
1893 1409 2175 1462 excelsum
2209 1422 2458 1462 seorsum
2491 1426 2504 1461 :
2565 1416 2618 1464 et
2655 1410 3079 1482 transfiguratus
3105 1426 3189 1468 est
3219 1424 3344 1469 ante

1757 1515 1852 1555 eos
1877 1532 1892 1552 ι
1917 1499 1979 1552 Ει
2004 1499 2343 1570 resplenduit
2373 1500 2551 1556 facies
2575 1503 2696 1572 ejus
2719 1504 2861 1558 sicut
2883 1506 3003 1560 sol:
3045 1513 3346 1564 vestimen-

1761 1603 1812 1646 ta
1829 1604 2016 1648 autem
2053 1595 2173 1665 ejus
2205 1593 2345 1649 facta
2374 1603 2503 1651 sunt
2529 1597 2786 1661 candida,
2815 1599 2964 1653 sicut
3011 1599 3200 1655 lumen
3227 1599 3276 1656 Ιι.
3320 1621 3337 1652 ι

1756 1683 1866 1739 Sed
1893 1696 1945 1739 et
1987 1683 2202 1740 Marcus
2233 1685 2428 1740 iisdem
2466 1688 2580 1741 fere
2600 1694 2762 1758 atque
2787 1687 3072 1745 Mattheus
3096 1692 3342 1764 vestigiis

1761 1776 2031 1847 graditur,
2054 1776 2348 1846 quamdam
2383 1792 2507 1830 cum
2530 1792 2597 1832 eo
2623 1788 2676 1832 et
2699 1779 2887 1834 verbis
2915 1788 2969 1834 et
2993 1782 3175 1837 sensis
3200 1786 3346 1838 velut

69 1877 318 1946 στέργων
363 1877 664 1942 οἰκείωσιν,
722 1877 800 1940 ὡς
829 1878 924 1930 καὶ
966 1878 1043 1949 τῷ
1068 1879 1218 1949 αὐτῷ
1245 1880 1522 1951 Πνεῦματι
1558 1882 1656 1952 τὴν

1767 1865 2031 1920 aﬂ'ectans
2093 1866 2584 1932 necessitudinem,
2647 1868 2796 1922 velut
2861 1870 3053 1925 eodem
3137 1870 3343 1948 Spiritu

63 1965 232 2035 ἀνοχὴν
303 1966 704 2036 ἔμπνεόμενος,
750 1966 848 2019 καὶ
889 1965 1230 2037 τυπούμενος
1263 1967 1364 2037 τὴν
1399 1967 1659 2022 διάνοιαν.

64 2057 118 2108 Εἰ
143 2059 206 2110 δὲ
241 2059 350 2110 καὶ
379 2059 580 2128 μικρόν
603 2075 654 2111 τι
679 2057 1017 2112 διαλλάττειν
1045 2058 1171 2112 καθ’
1201 2059 1264 2112 ἓν
1301 2059 1364 2130 δὴ
1395 2059 1598 2112 τούτων
1627 2060 1660 2130 ἦ

59 2149 174 2201 κατ’
238 2151 545 2222 ἀμφότερα
579 2150 805 2214 δόξειεν,
847 2151 962 2204 ἀλλ’
1013 2151 1118 2204 οὐκ
1170 2133 1505 2224 ἐναντιότης,
1541 2153 1662 2206 οὐδὲ

70 2241 208 2309 μάχη
250 2241 424 2294 τοῦτο
467 2241 606 2310 πρὸς
657 2243 900 2306 ἐκεῖνον,
935 2242 968 2312 ἢ
1009 2243 1135 2306 τοὺς
1177 2243 1372 2308 ἄλλους
1417 2245 1592 2298 ἐστίν·

69 2333 166 2400 γὰρ
201 2333 391 2403 ἑτέρῳ
415 2335 603 2404 τρόπῳ
625 2334 772 2388 κατὰ
812 2334 914 2406 τὴν
958 2336 1158 2405 φράσιν
1195 2337 1444 2407 ἁψευδῶς
1466 2339 1534 2391 τά
1567 2354 1664 2390 περ

69 2426 372 2492 -πραγμένα
428 2425 717 2496 δηλοῦντες
774 2426 898 2498 (ἵνα
950 2428 1184 2482 συνελὼν
1237 2430 1588 2500 φιλοσοφήσω
1609 2448 1658 2483 τι

73 2521 198 2587 περὶ
227 2520 438 2572 τούτων
455 2520 532 2591 )ῆ
567 2521 636 2574 τὰ
685 2523 1002 2594 παρειμένα
1054 2524 1210 2596 πρὸς
1234 2524 1389 2578 τοῦδε
1433 2527 1592 2595 τυχὸν
1626 2523 1659 2595 ἢ

74 2607 225 2660 τοῦδε
259 2609 369 2662 τῶν
399 2611 828 2679 εὑαΠελιστῶν,
852 2615 1059 2676 ἐκεῖνος
1085 2615 1117 2686 ἢ
1149 2609 1326 2680 οὗτος,
1353 2615 1386 2686 ἢ
1414 2617 1506 2668 καὶ
1537 2617 1660 2669 τού-

79 2715 180 2752 των
228 2700 367 2753 ενιοι
429 2703 842 2772 παραδιδόντες,
893 2704 1180 2774 διαφωνεῖν
1229 2707 1499 2772 δοκοῦσιν,
1539 2705 1660 2762 οὖδέ

83 2794 220 2847 κατὰ
250 2795 448 2864 μικρὸν
473 2795 728 2865 ἀλλήλοις
752 2797 1238 2866 ἀντεπεξάγοντες.
1291 2799 1377 2863 Ὠς
1399 2800 1520 2854 οὒτε
1545 2818 1660 2854 κοι-

83 2884 184 2947 νῶς
208 2885 338 2955 ἑξῆς
371 2887 782 2950 ἇπαντες,-οῡτε
821 2890 927 2960 ἰδίᾳ
969 2891 1080 2944 τῶν
1111 2893 1395 2964 τεσσάρων
1423 2894 1543 2947 οὐδὲ
1577 2890 1659 2959 εἷς

84 2979 324 3048 γέγραφε
361 2981 558 3046 πάντα,
588 2982 688 3034 ὅσα
719 2984 863 3038 κατὰ
895 2986 994 3054 τὴν
1024 2986 1307 3056 ἄφραστον
1345 2987 1660 3057 οἰκονομίαν

89 3070 218 3135 μετὰ
239 3070 445 3139 σαρκὸς
471 3071 501 3122 ὁ
527 3071 701 3140 Λόγος
727 3075 1050 3144 πεποίηκεν,
1095 3077 1124 3128 ὁ
1160 3075 1453 3147 λεγόμενος
1501 3076 1657 3148 σὰρξ,

87 3163 174 3212 καὶ
225 3162 299 3234 μὴ
346 3163 520 3217 λιπὼν
551 3163 612 3216 τὸ
635 3159 776 3217 εἶναι
806 3165 939 3228 Θεός
961 3183 980 3197 ‘
1012 3167 1192 3220 καίτοι
1234 3184 1298 3236 γε
1342 3169 1544 3222 σκοπὸν
1563 3171 1660 3224 ἕνα

85 3250 180 3320 τὴν
207 3252 464 3322 ἀλήθειαν
492 3255 542 3306 oi
563 3255 830 3325 τέσσαρες
862 3255 1102 3326 ἔχοντες,
1128 3259 1225 3311 καὶ
1257 3261 1318 3312 τὸ
1356 3261 1475 3314 ὅλον
1501 3260 1662 3314 am.

89 3361 177 3410 μει
211 3346 299 3398 διά
325 3345 419 3400 τοῦ
473 3347 676 3418 μέρους
727 3347 1136 3420 περιληπτικῶς
1191 3353 1659 3421 συνεκφαίνοντες.

87 3432 189 3490 Οἷα
209 3438 470 3502 πολλάκις
493 3441 705 3507 γίνεται
721 3440 811 3493 διὰ
828 3441 928 3512 τὴν
945 3442 1083 3512 πρὸς
1107 3441 1310 3515 ἄλληλα
1337 3444 1443 3498 τῶν
1463 3445 1662 3514 λογίων

89 3529 178 3580 τοῦ
208 3530 529 3601 Πνεῦματος
562 3533 883 3602 συμφωνίαν
905 3535 998 3587 καὶ
1029 3536 1316 3606 ἁρμονίαν,
1354 3539 1447 3591 καὶ
1477 3533 1564 3593 οἷα
1589 3540 1664 3604 ὡς

91 3622 148 3672 ὲν
172 3623 250 3675 ἑνὶ
283 3623 496 3693 σώματι
520 3625 698 3696 μελῶν
719 3625 898 3697 δίκην,
927 3628 1012 3696 ἐφ’
1044 3629 1294 3700 ἁρμογήν
1324 3649 1382 3684 τε
1418 3634 1512 3686 καὶ
1539 3633 1664 3687 σύν-

91 3710 237 3765 θεσιν
265 3714 324 3767 τὸ
356 3717 580 3786 συνεχὲς
631 3716 918 3772 ἀδιάλυτον
965 3721 1266 3792 φέρουσαν.
1297 3724 1585 3793 Μαρτυρεῖ
1609 3724 1666 3777 δὲ

91 3807 156 3873 τῇ
184 3805 412 3878 ἀληθείᾳ
438 3809 546 3861 τῶν
569 3809 900 3880 λεγομένων,
928 3813 988 3865 οὐ
1017 3813 1086 3866 τὰ
1123 3813 1268 3878 ἰδίως
1295 3816 1425 3883 παρ’
1457 3817 1665 3882 αὐτοῖς,

91 3893 124 3958 ἢ
149 3896 276 3964 παρ’
297 3897 462 3961 ἐνίοις
493 3897 673 3951 αὐτῶν
707 3901 1074 3970 εὑρισκόμενα
1111 3902 1294 3972 μόνον,
1331 3903 1472 3956 ἀλλὰ
1511 3903 1606 3957 καλ⁵
1638 3905 1668 3958 ὀ

93 3983 292 4054 ὑψηλὸς
339 3987 620 4059 Ἰωάννης,
671 3991 798 4044 κατ’
846 3991 978 4045 αὐτὸ
1006 3992 1069 4063 δὴ
1099 3993 1192 4047 τοῦ
1243 3994 1579 4063 Εὖαγγελίου
1606 3993 1668 4048 τδ

93 4072 262 4143 πέρας
283 4079 571 4148 γενόμενος
593 4096 608 4110 ο
641 4097 661 4130 ι
710 4081 864 4134 Ἔστι
893 4081 950 4134 δὲ
974 4085 1066 4136 καὶ
1096 4084 1230 4138 ἄλλα
1255 4084 1448 4151 πολλὰ,
1475 4086 1664 4156 φησὶν,

91 4165 126 4216 a
149 4168 402 4239 ἐποίησεν
431 4173 464 4223 ὁ
507 4172 735 4241 Ἰησοῦς,
789 4175 947 4228 ἅτινα
980 4175 1076 4229 ἐὰν
1111 4177 1392 4248 γράφηται
1434 4178 1558 4231 καθ’
1585 4177 1664 4241 ἓν,

93 4258 211 4313 οὐδὲ
233 4264 395 4318 αὐτὸν
427 4261 585 4336 οἶμαι
613 4266 705 4320 τὸν
727 4269 932 4338 κόσμον
962 4269 1211 4340 χωρῆσαι
1242 4271 1312 4324 τὰ
1345 4271 1667 4342 γραφόμενα

96 4349 288 4416 βιϐλία.
324 4376 344 4408 ι
381 4357 464 4410 Τά
493 4360 634 4412 αὑτά
664 4359 721 4412 δὲ
762 4361 858 4413 καὶ
894 4362 1026 4432 περὶ
1074 4362 1169 4416 τοῦ
1203 4363 1394 4416 Δουκᾶ
1422 4363 1662 4429 λέξεται,

93 4442 154 4504 ὃς
180 4461 236 4512 γε
261 4448 325 4520 δὴ
354 4451 456 4519 τῆς
485 4453 970 4522 μεταμορφώσεως
999 4454 1100 4524 τὴν
1123 4458 1286 4526 χάριν
1311 4455 1668 4527 ἐκδιηγούμε-

1764 1955 1983 2010 amante
2013 1955 2280 2020 animum,
2307 1969 2370 2010 ac
2413 1962 2650 2011 mentem
2678 1956 2978 2013 formante.
3021 1959 3178 2026 Quod
3215 1979 3345 2018 vero

1761 2048 2017 2102 nonnihil
2045 2049 2100 2103 in
2132 2064 2242 2103 uno
2265 2063 2330 2103 ex
2359 2047 2524 2103 dictis
2547 2050 2631 2102 vel
2657 2057 2892 2122 utroque
2913 2053 3132 2109 differre
3167 2056 3350 2110 videa-

1765 2150 1875 2204 tur,
1901 2140 2045 2195 haud
2079 2151 2260 2196 tamen
2299 2155 2363 2196 ea
2393 2143 2777 2208 contrarietas,
2821 2153 2880 2199 ut
2922 2161 3169 2216 pugnare
3217 2165 3345 2204 cum

1759 2235 1860 2288 illo
1891 2242 1985 2288 aut
2019 2233 2144 2290 aliis
2178 2235 2420 2304 putanda
2464 2236 2557 2290 sit.
2601 2235 2725 2290 ideo
2766 2238 2936 2302 enim,
2965 2250 3026 2294 ut
3061 2241 3254 2310 paucis
3281 2249 3348 2295 «te

1765 2325 1852 2380 his
1887 2326 2094 2396 aliquid
2125 2327 2500 2397 philosopher,
2547 2329 2805 2383 videntur
2831 2330 3142 2397 dissonare,
3175 2351 3350 2402 quan-

1763 2434 1931 2488 quam
1974 2434 2044 2474 ne
2085 2419 2369 2473 minimum
2399 2419 2530 2490 quid
2585 2422 2688 2475 sibi
2723 2435 3052 2493 repugnent,
3105 2427 3192 2480 vel
3221 2429 3349 2497 quia

1764 2513 1872 2566 alio
1910 2511 2092 2578 modo,
2120 2513 2265 2583 quod
2300 2523 2511 2584 spectat
2555 2519 2624 2567 ad
2676 2515 2920 2584 phrasim
2973 2526 3028 2572 et
3081 2520 3350 2575 elocutio-

1765 2617 1911 2670 nem,
1951 2618 2074 2674 qua:
2103 2618 2231 2659 vere
2264 2613 2415 2674 gesta
2452 2613 2582 2659 sunt
2613 2607 2891 2676 explicent
2919 2627 2935 2675 ;
2973 2609 3058 2664 vel
3092 2612 3224 2680 quia
3259 2613 3350 2666 hie

1759 2694 1943 2760 illeve,
1967 2696 2254 2751 autetiam
2277 2697 2447 2766 aliqui
2481 2696 2610 2751 huic
2641 2696 2787 2753 forte
2821 2699 2967 2754 illive
2995 2703 3352 2772 evangelista:

1762 2787 1966 2844 omissa
2000 2787 2242 2844 tradant.
2295 2787 2464 2856 Quasi
2513 2805 2693 2860 neque
2750 2807 2859 2846 una
2893 2807 3111 2857 onmcs,
3175 2810 3354 2864 neque

1761 2879 2123 2950 peculiariter
2151 2881 2348 2950 aliquis
2373 2896 2560 2936 eorum
2585 2893 2824 2952 quatuor
2853 2885 3144 2954 scripserit
3165 2875 3354 2939 omuia

1763 2987 2102 3042 quaecunque
2161 2972 2293 3028 fecit
2355 2971 2618 3041 Verbum,
2683 2991 2791 3044 quo
2847 2985 3094 3048 tempore
3157 2981 3356 3033 huma-

1762 3081 1886 3120 nam
1923 3066 2155 3121 salutem
2224 3064 2484 3121 ineffabili
2522 3075 2865 3125 sac'ramento
2928 3069 2985 3126 in
3025 3086 3191 3126 carne
3237 3072 3356 3127 dis-

1765 3160 2031 3230 pensavit.
2075 3158 2340 3225 Verbum,
2384 3159 2630 3231 inquam,
2664 3163 2812 3231 quod
2845 3163 3053 3218 dictum
3081 3177 3163 3220 est
3203 3181 3354 3230 caro,

1769 3267 2084 3322 quanquam
2116 3267 2236 3308 esse
2269 3251 2414 3308 Deus
2446 3253 2672 3308 minime
2729 3255 2911 3310 desit:
2971 3258 3192 3312 tametsi
3249 3274 3356 3312 una

1771 3344 1906 3414 ipsis
1941 3337 2184 3414 quatuor
2213 3343 2438 3410 veritas,
2479 3359 2685 3416 scopus
2724 3347 3008 3416 proposita
3060 3350 3153 3412 sit,
3198 3357 3252 3403 et
3301 3360 3359 3401 ut.

1772 3451 1986 3491 summa
2051 3445 2246 3503 totum,
2343 3436 2549 3492 virtute
2585 3454 2651 3492 ex
2710 3447 2870 3508 parte
2939 3442 3106 3496 simul
3173 3441 3364 3496 decla»

1771 3538 1934 3596 rent;
1969 3531 2116 3600 quod
2157 3545 2264 3584 non
2305 3545 2430 3584 raro
2470 3546 2535 3586 ex
2572 3540 2762 3586 mutua
2805 3533 3154 3602 eloquiorum
3190 3535 3360 3605 Spiri-

1773 3631 1862 3676 tus
1896 3621 2262 3678 consensione
2294 3632 2460 3692 atque
2504 3623 2814 3690 harmonia,
2871 3633 2926 3679 ct
2969 3641 3110 3696 quae,
3179 3628 3361 3681 instar

1771 3711 2145 3764 mctnbrorum
2203 3711 2262 3764 in
2322 3726 2578 3780 corpore,
2630 3713 2980 3768 insolubilem
3039 3729 3357 3786 compagem

1772 3803 2340 3876 compositioncmque
2371 3804 2617 3858 continui
2649 3803 2841 3868 faciat,
2885 3805 3108 3859 accidit.
3163 3803 3356 3872 Porro,

1772 3906 1960 3946 eorum
1996 3907 2118 3962 quae
2153 3892 2302 3946 dicta
2353 3901 2482 3947 sunt
2529 3894 2754 3947 veritati
2813 3893 3208 3964 suffragantur,
3249 3913 3358 3951 nuu

1773 3989 1985 4037 tantum
2007 3998 2129 4054 qua:
2151 3985 2451 4054 peculiaria
2487 3987 2629 4056 apud
2661 4001 2776 4051 eos,
2813 3987 2898 4043 vel
2924 4003 3114 4043 eorum
3146 3991 3362 4061 aliquos

1773 4085 2099 4139 occurrunt,
2136 4073 2230 4128 sed
2267 4075 2430 4129 etiam
2489 4075 2746 4130 sublimis
2808 4075 2900 4130 ille
2954 4075 3220 4145 Joannes,
3265 4084 3357 4133 tthi

1775 4168 1841 4221 ad
1877 4166 2058 4236 ipsum
2102 4165 2383 4238 Evangelii
2421 4166 2584 4222 linem
2619 4170 2738 4220 ait:
2781 4187 2798 4218 ι
2855 4165 3000 4222 Sunt
3059 4179 3244 4225 autem
3309 4186 3362 4225 ιιι

1775 4259 1879 4312 alia
1909 4259 2078 4312 multa
2114 4273 2238 4329 qua:
2272 4259 2405 4314 fecit
2428 4258 2612 4326 Jesus,
2642 4275 2765 4330 qua:
2805 4261 2852 4317 si
2890 4261 3206 4318 scribantur
3265 4280 3362 4335 per

1775 4353 2014 4425 singula,
2044 4367 2145 4408 nec
2182 4353 2363 4422 ipsum
2406 4353 2646 4409 arbitror
2678 4355 2945 4409 mundum
2979 4371 3176 4425 capere
3197 4373 3361 4426 posse

1775 4460 1893 4511 eos,
1949 4445 2040 4517 qui
2079 4446 2362 4501 scribendi
2401 4457 2557 4512 sunt,
2593 4447 2767 4502 libros
2807 4448 2823 4486 ί
2862 4488 2876 4502 .
2912 4466 2932 4499 ›
2990 4446 3227 4517 ldipsutu
3295 4450 3361 4502 de

95 4551 186 4596 νος
222 4541 418 4609 φησίνο
455 4562 475 4594 ‹
523 4543 770 4611 Ἐγένετο
791 4545 849 4598 δὲ
882 4546 1023 4616 μετὰ
1054 4552 1184 4610 τοὺς
1210 4547 1404 4616 λόγους
1441 4547 1661 4612 τούτους

1777 4537 1919 4592 Luca
1956 4539 2279 4604 dixerimus,
2316 4537 2410 4608 qui
2442 4553 2574 4593 sane
2600 4552 2868 4593 enarratis
2896 4540 3130 4609 gratiam
3181 4550 3360 4594 trans-

92 4626 220 4680 ὡσεὶ
243 4634 449 4703 ἡμέραι
483 4635 666 4689 ὀκτώ·
714 4637 808 4690 καὶ
848 4637 1184 4706 παραλαϐὼν
1224 4641 1252 4692 ὁ
1305 4639 1515 4710 Ἰησοῦς
1560 4641 1667 4694 Πέ-

93 4732 234 4786 τρον,
265 4726 360 4776 καὶ
404 4724 687 4793 Ἰάκωϐον,
719 4727 813 4780 καὶ
856 4728 1136 4799 Ἰωάννην,
1164 4729 1331 4798 ἀνέϐη
1361 4731 1440 4793 είς
1460 4729 1522 4783 me
1547 4730 1672 4801 ὅρος

97 4813 509 4878 προσεύξασθαι.
533 4836 628 4867 ι-
652 4837 671 4869 ι
696 4817 966 4886 Ἐγένετο,
995 4821 1149 4889 φησι,
1174 4821 1312 4890 μετὰ
1333 4822 1459 4884 τοὺς
1478 4821 1672 4888 λόγους

95 4899 308 4968 τούτους
337 4906 472 4958 ὡσεὶ
501 4907 707 4978 ἡμέραι
739 4911 904 4964 ὀκτώ.
945 4931 963 4962 ι
991 4910 1058 4963 Τί
1087 4897 1215 4966 ποθέ
1240 4911 1394 4982 δρᾷς,
1423 4907 1467 4965 ὦ
1495 4911 1672 4982 μύστα

91 4993 200 5046 τῶν
227 4999 590 5074 ἀπορρήτωνς
618 5003 684 5054 Τί
707 5001 908 5070 λέγεις,
939 5022 960 5055 ι
991 5003 1248 5072 Ἐγένετο
1276 5003 1417 5074 μετά
1436 5005 1562 5068 τοὺς
1585 5004 1672 5058 λό·

84 5100 216 5152 γους
231 5093 452 5156 τούτους
473 5093 606 5146 ὡσεὶ
627 5095 836 5164 ἡμέραι
856 5094 1036 5162 ὀκτὼς
1064 5116 1083 5148 ι
1109 5097 1217 5150 Καὶ
1249 5096 1300 5148 τί
1327 5097 1394 5150 ἂν
1419 5098 1668 5167 ποιήσαι-

81 5191 212 5244 μεν,
231 5184 324 5236 τοῦ
339 5186 572 5257 Μάρκου
607 5189 701 5238 καὶ
726 5186 820 5239 τοῦ
855 5185 1142 5240 Ματθαίου
1164 5187 1230 5240 δι’
1256 5188 1373 5252 ἐνὸς
1400 5188 1670 5258 στόματος

71 5263 204 5322 οἷῡν
240 5276 490 5346 ἀλλήλοις
535 5277 1050 5348 συμφθεγγομένων
1080 5280 1174 5330 καὶ
1220 5278 1446 5332 τοιαῦτα
1484 5279 1670 5348 λεγόν-

63 5373 223 5412 των·
264 5386 281 5418 ι
311 5368 421 5420 Καὶ
448 5369 568 5439 μεθ’
599 5370 811 5439 ἡμέρας
840 5370 919 5436 ἒξ,
955 5370 1375 5441 παραλαμϐάνει
1399 5373 1428 5424 ὁ
1462 5371 1670 5443 Ἰησοῦς

53 5450 158 5502 τὸν
202 5461 425 5532 Πέτρον,
461 5464 554 5516 καὶ
597 5464 873 5528 Ἰάκωϐον,
908 5467 1002 5518 καὶ
1033 5465 1288 5536 Ἰωάννην
1316 5467 1410 5519 τὸν
1443 5465 1670 5535 ἀδελφὸν

47 5543 284 5605 αὖξοῦ·
320 5555 414 5608 καὶ
446 5556 724 5628 ἀναφέρει
754 5558 954 5621 αὐτοὺς
1009 5561 1090 5622 εἰς
1142 5560 1267 5630 δρος
1315 5558 1519 5628 ὑψηλὸν
1548 5559 1669 5612 κατ’

64 5633 255 5708 Et...“
279 5647 372 5700 καὶ
423 5649 824 5720 μετεμορφώθη
873 5649 1184 5722 ἔμπροσθεν
1214 5650 1391 5704 αὐτῶν
1423 5669 1440 5718 ;
1479 5670 1496 5700 ι
1531 5651 1672 5717 Ναὶ,

177 5821 444 5880 "Matth.
485 5842 596 5892 xvi,
651 5825 756 5891 28;
821 5841 955 5891 μου,
991 5828 1042 5889 1,
1073 5827 1128 5882 ‘2.

411 5921 686 5981 ΡΑτιιοῐ..
720 5922 834 5980 Gn.
868 5921 1108 5981 XCVII.

1215 5827 1423 5884 i.Ioan.
1450 5844 1561 5896 ut,
1606 5827 1698 5882 ‘25.

1773 4630 2137 4700 figurationis,
2163 4631 2238 4683 ita
2267 4631 2344 4682 ait
2380 4646 2393 4680 :
2433 4647 2451 4680 ι
2492 4627 2720 4685 Factum
2768 4637 2851 4683 est
2885 4638 3065 4684 autem
3089 4639 3211 4700 post
3243 4632 3360 4685 haec

1770 4724 1954 4789 verba,
1975 4722 2089 4777 fere
2123 4707 2241 4775 dies
2271 4727 2433 4775 octo:
2463 4721 2874 4791 assumptisque
2901 4719 3064 4777 Jes'us
3093 4721 3278 4788 Petro,
3305 4735 3359 4779 et.

1766 4815 2000 4880 J-acobu,
2039 4824 2096 4870 et
2126 4813 2370 4878 Joanne,
2403 4816 2655 4870 ascendit
2695 4815 2750 4870 in
2779 4824 3022 4872 montem
3057 4831 3112 4877 ut
3133 4824 3351 4895 oraretj.

1770 4909 2000 4965 Factum
2035 4919 2158 4976 est,
2209 4911 2428 4980 inquit,
2466 4920 2591 4980 post
2649 4909 2766 4968 haec
2816 4911 3020 4978 verba,
3077 4912 3190 4968 fere
3237 4913 3354 4968 dirs

1771 5013 1918 5061 octo.
1959 5024 1977 5056 ›
2012 5004 2281 5071 Quidnam
2336 5007 2466 5060 vero
2511 5005 2648 5073 agis,
2676 5022 2709 5058 υ
2736 5013 2914 5076 mysta
2973 5020 3304 5061 arcanorum
3336 5007 3358 5060 ?

1768 5092 1910 5159 Quid
1951 5099 2056 5158 ais,
2099 5117 2116 5141 ι
2155 5092 2379 5148 Factum
2416 5099 2501 5148 est
2525 5104 2646 5164 post
2681 5095 2846 5150 verba
2901 5095 3016 5149 haec
3045 5135 3060 5159 ,
3098 5095 3208 5164 fpre
3239 5096 3356 5148 dies

1768 5187 1930 5240 octo?
1970 5206 1987 5238 ι
2021 5185 2163 5248 Quid
2198 5186 2480 5241 enimvero
2510 5185 2846 5243 fecerimus?
2885 5202 3008 5242 cum
3065 5187 3278 5252 Marcus
3303 5197 3356 5239 rt

1768 5276 2074 5340 Matthaus,
2109 5276 2256 5331 velut
2315 5291 2424 5330 uno
2458 5291 2554 5330 ore
2613 5281 2816 5346 pariter
2871 5277 3248 5346 pronuntient,
3291 5291 3355 5327 ac

1772 5369 1938 5423 verba
1971 5367 2243 5438 ejusmodi
2279 5367 2468 5421 dicant
2498 5385 2511 5422 :
2547 5387 2564 5419 ι
2599 5367 2660 5420 Ει
2692 5379 2814 5438 post
2841 5383 2934 5422 sex
2967 5368 3084 5422 dies
3124 5369 3357 5422 assumit

1771 5459 1932 5515 Jesus
1990 5460 2228 5522 Petrum,
2269 5467 2324 5514 et
2374 5457 2660 5524 Jacobum,
2695 5467 2749 5512 et
2803 5457 3068 5513 Joannem
3133 5457 3354 5512 fratrem

1777 5553 1934 5621 ejus:
1961 5562 2016 5608 et
2041 5552 2195 5606 ducit
2233 5552 2356 5606 illus
2405 5553 2458 5607 in
2491 5560 2733 5606 montem
2765 5552 3046 5606 excelsum
3075 5551 3358 5616 seorsum,

1781 5661 1834 5707 et
1886 5647 2314 5718 transﬁguratus
2346 5655 2432 5702 est
2465 5661 2648 5703 coram
2704 5646 2860 5718 ipsis.
2911 5665 2930 5699 ι
2967 5644 3043 5700 Ita
3087 5645 3244 5716 plane
3278 5647 3355 5699 ait

1783 5829 1793 5876 i
1843 5828 1976 5882 Luc.
2017 5843 2098 5893 is,
2149 5829 2240 5896 28,
2273 5826 2363 5881 9.9.

3003 5916 3075 5979 3!)

3808 513 3814 626 λ
