3840 6312
260 329 393 398 9‘29

922 328 1005 393 IN
1039 330 1699 393 CIRCUMCISIONEM
1730 327 2004 392 D0311.“
2041 330 2137 393 ET
2176 331 2258 392 IN
2296 330 2791 421 S..BASILIUM.

3443 330 3551 395 930

368 444 540 500 Ἀλλά
587 445 684 499 σὺν
718 442 899 507 αὐτοῖς
940 447 1054 509 τοῖς
1098 444 1266 509 θείοις
1305 445 1638 510 ἐπαινέταις,
1692 444 1867 515 πάτερ

2045 445 2361 511 Enimvero,
2410 443 2575 498 Basili
2633 451 2811 513 pater,
2858 443 2952 513 qui
3002 456 3127 498 cum
3163 443 3300 514 ipsis
3343 442 3551 500 divinis

275 535 564 601 Βασίλειε,
594 535 653 589 ἐν
672 534 1030 606 πατριαρχῶν
1066 535 1457 589 συναπολαύων
1477 537 1704 607 σκηναῖς
1736 536 1872 589 ἀπο-

282 626 499 680 στόλων
532 642 592 678 τε
632 625 730 678 καὶ
765 623 1062 694 προφητῶν
1103 624 1555 695 μυσταγωγίαις,
1598 623 1695 677 καὶ
1732 641 1874 695 μαρ-

284 716 474 783 τύρων
504 712 1056 784 στεφηφορίαις,¹καὶ
1112 712 1364 784 μοναχῶν
1405 713 1667 784 χορείαις,
1714 712 1874 767 θείων

285 823 348 860 τε
379 805 658 878 ἱεραρχῶν
688 804 781 858 καὶ
812 804 1030 858 πάντων
1066 803 1291 858 δικαίων
1331 805 1780 876 ἀγαθοτρυφίαις,
1805 804 1874 859 τὰ

288 899 433 969 ὑπὲρ
453 898 617 969 ἡμῶν
660 897 951 969 μνήσθητι,
994 896 1411 969 συνεπαγείρων
1449 898 1528 962 είς
1573 896 1874 969 πρεσϐείαν

288 991 501 1054 πάντας
535 990 873 1060 ὁμοσκήνους
921 1005 1040 1054 σου,
1078 988 1175 1043 τοῦ
1208 988 1601 1043 καθικετεῦσαι
1642 989 1873 1043 πάντοτε

292 1081 416 1153 μὲν,
446 1081 543 1134 καὶ
571 1080 667 1135 νῦν
695 1080 754 1133 δὲ
785 1081 879 1135 τὸν
912 1079 1089 1134 κοινὸν
1121 1080 1401 1150 Δεσπότην
1427 1079 1568 1152 ὑπὲρ
1601 1080 1699 1151 τῆς
1735 1081 1874 1135 παν-

285 1187 396 1222 των
444 1169 723 1240 σωτηρίας
747 1168 1126 1240 Χριστιανῶν·
1169 1169 1391 1240 βασιλέα
1429 1170 1774 1241 καταρτίζων
1814 1171 1875 1224 ἓν

287 1259 609 1333 δικαιοσύνη
661 1261 757 1315 καὶ
804 1260 1120 1327 θεοσεϐείᾳ,
1152 1262 1219 1314 ἶν’
1262 1262 1378 1333 ἔχοι
1415 1262 1552 1316 Θεὸν
1584 1261 1876 1334 σύμμαχον

285 1353 455 1407 αὐτοῦ
492 1356 607 1417 τοῖς
636 1353 873 1425 νοήμασι
896 1392 912 1417 ,
940 1353 1033 1406 τὸν
1066 1353 1348 1425 ἀδιάδοχον
1379 1354 1629 1424 βασιλέα,
1657 1353 1790 1426 παρ’
1813 1350 1874 1410 οὗ

284 1444 612 1510 δεσπόζεται
659 1443 907 1498 ἀνωθεν·
962 1444 1229 1515 ἄρχοντάς
1266 1462 1327 1498 τε
1367 1446 1462 1500 καί⁸
1496 1445 1776 1518 ἡγεμόνας
1817 1446 1877 1500 ὲν

286 1535 547 1608 εὺσεὸείᾳ
571 1536 811 1590 διέποιτο
845 1537 1144 1606 ὑπηκόους,
1178 1537 1397 1609 στρατῷ
1425 1539 1873 1610 συμμαχόμενος,

287 1627 383 1681 καὶ
411 1627 506 1680 τὸν
549 1626 740 1681 λοιπὸν
780 1628 911 1682 λαὸν
957 1630 1016 1681 ὲν
1046 1627 1272 1700 ὁμονοίᾳ
1310 1632 1379 1699 τῇ
1421 1630 1559 1700 πρὸς
1596 1630 1695 1700 τὴν
1723 1629 1875 1683 θείαν

289 1719 499 1786 πίστιν,
513 1720 609 1773 καὶ
628 1721 695 1790 τῇ
714 1720 849 1792 πρδς
863 1719 1125 1791 ἀλλήλους
1140 1720 1329 1791 εἰρήνῃ
1346 1720 1657 1791 διακρατῶν
1673 1737 1687 1750 '
1706 1720 1876 1792 χρίων

1975 535 2320 605 praeconibus
2348 533 2790 605 patriarcharum
2841 532 3119 589 delicieris
3146 534 3548 600 tabernaculis,

1973 626 2468 697 apostolornmque
2517 636 2572 682 et
2624 626 3021 697 prophetarum
3071 626 3251 682 sacris
3282 627 3551 682 initiatio-

1973 719 2159 783 nibus,
2202 724 2620 789 martyrumque
2649 718 2898 783 coronis,
2933 725 2987 772 et
3025 716 3212 773 choris
3246 719 3549 774 monacho-

1974 824 2119 874 rum,
2175 808 2603 878 divinorumque
2676 806 2998 879 praesultnn,
3072 815 3240 877 atque
3301 809 3550 864 omnium

1970 900 2249 969 justorum
2306 899 2713 970 voluptatibus,
2748 899 2925 954 nostri
2977 899 3310 964 recordare,
3357 914 3551 956 omnes

1976 990 2172 1046 iisdem
2222 998 2403 1045 tecum
2458 988 2830 1045 tabernaculis
2880 1003 3256 1060 congregans,
3307 997 3367 1044 ut
3402 1007 3551 1046 sem-

1974 1094 2072 1149 per
2117 1092 2184 1133 ac
2241 1077 2406 1134 modo
2452 1078 2507 1132 in
2553 1079 2771 1148 primis,
2824 1066 3108 1132 Eommuni
3164 1079 3392 1132 Domino
3452 1092 3552 1148 pro

1976 1171 2155 1227 salute
2224 1170 2667 1227 ChriStiannrunt
2754 1170 3549 1239 universorum.supplicent:

1976 1263 2365 1330 imperatorem
2399 1262 2456 1315 in
2491 1260 2705 1328 iustitia
2736 1266 2791 1313 ct
2822 1259 3083 1327 religiosa
3126 1258 3335 1328 pietate
3360 1258 3550 1328 dispo-

1976 1358 2154 1414 nens,
2210 1356 2267 1403 ut
2323 1348 2491 1404 Deum
2550 1347 2769 1415 haheat,
2846 1347 3234 1418 imperatorem
3290 1348 3443 1403 illum
3496 1356 3551 1402 rt

1978 1456 2195 1513 regem,
2231 1441 2320 1496 cui
2364 1440 2551 1495 nullus
2592 1438 2863 1506 sucredit,
2899 1454 2928 1492 a
2964 1454 3075 1509 quo
3128 1440 3268 1494 ctelo
3317 1441 3547 1508 regitur,

1975 1531 2096 1602 ejus
2153 1532 2461 1601 adiutorem
2518 1530 2795 1593 consiliis,
2833 1530 3223 1600 principesque
3269 1547 3335 1585 ac
3379 1532 3552 1588 duces

1976 1629 2030 1675 et
2055 1620 2340 1690 subjectos
2374 1621 2576 1691 pietate
2604 1629 2801 1689 regat;
2851 1622 3118 1675 exercitui
3150 1623 3450 1686 auxilians,
3487 1637 3551 1676 ac

1975 1710 2241 1781 populum
2296 1711 2574 1781 reliquum
2625 1710 2682 1765 in
2719 1711 2906 1766 divina
2942 1712 3274 1773 concordem
3331 1714 3456 1779 (ide,
3487 1730 3551 1769 ac

288 1812 572 1883 ἀρχιερεῖς
605 1813 662 1865 ὲν
698 1810 971 1882 θεολογίᾳ,
1003 1810 1183 1874 καλῶς
1211 1809 1483 1883 κυϐερνᾷν
1516 1811 1615 1882 τὴν
1642 1813 1707 1866 ὲκ
1738 1810 1875 1865 Θεοῦ

1981 1816 2114 1871 pace
2143 1809 2333 1856 mutua
2367 1802 2691 1859 continens:
2728 1818 2942 1874 ungens
2971 1803 3260 1874 poutilices
3294 1804 3348 1861 in
3402 1805 3557 1860 then.

291 1901 383 1953 καὶ
410 1901 567 1969 παρὰ
630 1898 728 1952 σοῦ
796 1899 979 1968 σοφῶς
1022 1898 1487 1970 πεπαιδευμένην,
1534 1900 1632 1954 καὶ
1694 1900 1878 1966 αὐτοῖς

294 1990 748 2063 ἐμπιστευθεῖσαν
811 1990 1158 2060 Ἐκκλησίαν.
1229 1991 1418 2061 Ἰερεῐς
1493 1992 1554 2045 ὲν
1616 1992 1878 2063 εὐλαϐείᾳ

293 2080 586 2153 διατηρῶν,
617 2083 767 2144 ὅπως
791 2080 1102 2152 θεαρὲστως
1140 2079 1406 2151 βιοῦντες,
1454 2082 1552 2135 καὶ
1586 2083 1678 2137 τὸν
1707 2082 1878 2154 ῦμνον

294 2172 530 2239 ἐπαξίως
552 2171 634 2240 τῷ
667 2187 728 2224 σε
767 2170 883 2226 νυνί
910 2187 971 2224 τε
1011 2170 1441 2243 προσλαϐομένῳ
1480 2172 1578 2227 καὶ
1619 2173 1877 2244 στέψαντι

295 2266 385 2318 καὶ
446 2263 612 2316 παντὶ
672 2261 752 2334 τῷ
804 2261 983 2333 πιστῷ
1040 2262 1199 2334 δήμῳ
1263 2264 1540 2335 περιφανῆ
1593 2265 1831 2332 δείξαντι
1859 2307 1875 2332 ,

296 2355 551 2426 ποιμένα.
580 2353 674 2408 καὶ
704 2355 770 2426 δὴ
808 2354 1114 2425 πλέξωμεν.
1162 2357 1259 2420 ’ος
1284 2356 1353 2410 δι’
1384 2359 1533 2428 ἡμᾶς
1559 2357 1879 2430 ὲπτὼχευσε

296 2446 549 2510 πλούσιος
575 2443 672 2511 ὢν,
713 2449 779 2499 εκ
807 2446 1046 2517 γαστρὸς
1082 2446 1367 2517 προελθὼν
1408 2452 1773 2523 σαρκοφόρος.
1802 2452 1879 2518 ὡς

287 2532 432 2590 οἶδεν
463 2536 654 2599 αὑτός.
692 2535 751 2589 '0
782 2536 896 2591 ἄνω
933 2536 1013 2607 τῷ
1045 2538 1221 2606 Πατρὶ
1256 2539 1749 2613 συγκαθεζόμενος,
1783 2545 1880 2598 καὶ

286 2630 351 2681 ὲν
387 2628 639 2700 σπηλαίῳ
677 2645 737 2681 τε
788 2628 1125 2700 τικτόμενος,
1161 2631 1257 2686 καὶ
1302 2633 1363 2686 ἐν
1407 2633 1584 2706 φάτνῃ
1631 2652 1881 2707 σπαργα-

284 2719 578 2791 νούμενος.
626 2721 685 2775 Ὀ
728 2721 834 2776 ὑπὸ
881 2723 1130 2793 ἀγγέλων
1170 2725 1596 2797 ἀνυμνούμενος,
1641 2731 1735 2784 καὶ
1776 2730 1880 2784 ὑπο

286 2810 572 2879 ποιμένων
599 2810 1032 2883 θαυμαζόμενος.
1071 2814 1129 2868 '0
1157 2817 1225 2887 τῇ
1242 2817 1495 2889 παρούσῃ
1516 2818 1677 2890 ὀγδόῃ
1696 2822 1880 2892 ἡμέρα

288 2902 783 2973 περιτεμνόμενος,
817 2904 915 2957 καὶ
954 2904 1132 2976 Ἰησοῦ
1160 2909 1537 2979 προσηγορίαν
1564 2910 1877 2981 δεχόμενος.

302 2993 364 3045 Ὀ
391 2992 670 3064 καθάρσια
695 2995 1026 3067 προσφέρων
1047 3035 1063 3059 ,
1096 2997 1189 3050 καὶ
1229 2998 1336 3052 ὑπὸ
1368 2999 1598 3071 Συμεὼν
1635 3003 1729 3056 καὶ
1755 3005 1881 3056 "Av-

287 3101 390 3154 νης
411 3085 967 3189 ἀνθομολογούμενος,
995 3088 1088 3140 καὶ
1114 3088 1221 3142 ὑπὸ
1242 3090 1449 3159 Μάγων
1469 3090 1877 3189 δορυφορούμε·
1905 3127 1949 3186 c

288 3192 403 3239 νος.
451 3176 511 3229 ’0
536 3176 754 3244 φεύγων
794 3179 874 3241 εἰς
902 3178 1196 3245 Αἴγυπτον,
1226 3182 1321 3235 καὶ
1352 3200 1372 3233 ‹
1409 3182 1570 3236 σείων
1595 3176 1877 3255 τδΓχειρο-

291 3266 495 3335 sto-Zth
516 3265 817 3333 Αἰγύπτου.
872 3284 893 3318 ι
950 3265 1009 3320 '0
1041 3266 1140 3338 τὴν
1181 3268 1396 3322 τελείαν
1432 3270 1625 3342 ἀνδρὸς
1664 3271 1879 3340 ἡλικίαν

293 3354 605 3425 δεχόμενος,
660 3355 757 3410 καὶ⁸
805 3356 912 3412 ὑπὸ
932 3358 1123 3412 δούλου
1189 3358 1627 3432 βαπτιζόμενος,
1666 3362 1761 3416 καὶ
1800 3363 1880 3434 τῷ

297 3444 447 3500 ὕδατι
481 3445 718 3517 βυθίξων
744 3447 842 3519 τὴν
871 3447 966 3502 τοῦ
1002 3449 1214 3520 κόσμου
1253 3451 1552 3523 ἁμαρτίαν.
1602 3453 1661 3507 '0
1687 3454 1881 3525 κόσμῳ

297 3539 723 3609 φανερούμενος,
774 3540 870 3594 καὶ
911 3541 1015 3594 ὑπὸ
1075 3541 1346 3597 Ἰουδαίων
1403 3545 1754 3615 μισούμενος,
1799 3541 1882 3607 οἷς
1942 3596 1949 3601 .

294 3629 387 3682 καὶ
431 3629 504 3683 τὰ
545 3628 671 3695 ξένα
696 3629 1162 3702 ἐθαυματούργει.
1203 3632 1403 3698 Τέλος,
1452 3632 1882 3706 παραδιδόμενος

289 3720 388 3774 καὶ
436 3719 844 3790 σταυρούμενος
868 3759 886 3786 ,
934 3718 1057 3775 εἶτα
1103 3722 1201 3775 καὶ
1247 3722 1609 3794 ϐαπτόμενος,
1660 3724 1749 3779 ἵνα
1790 3724 1881 3778 τὸν

288 3812 425 3885 ᾅδην
453 3812 888 3882 αἰχμαλωτίσας,
918 3814 980 3866 τὸ
1011 3814 1112 3882 τῆς
1152 3814 1507 3879 ἀναστάσεως
1531 3819 1645 3879 τοῖς
1682 3817 1742 3868 ὲν
1777 3815 1881 3888 ᾅδῃ

291 3903 681 3975 περιαστράψῃ
702 3904 1054 3974 ἐπάγγελμα.
1087 3906 1184 3968 Ὃς
1202 3906 1298 3960 καὶ
1323 3906 1526 3976 ἀνέστη
1555 3908 1880 3979 τριήμερος,

290 3992 413 4056 δούς
450 4010 546 4063 μοι
570 3994 671 4066 τὴν
708 3993 970 4064 δευτέραν
1013 3994 1243 4063 ὀγδοάδα
1281 3996 1542 4067 τιμᾶσθαι
1579 3997 1679 4067 τῆς
1715 3996 1885 4060 ὅντως

290 4084 678 4150 ἀναπαύσεως,
721 4085 802 4149 είς
819 4086 920 4156 τὴν
954 4085 1257 4155 μέλλουσαν
1288 4086 1519 4156 όγδοάδα
1546 4087 1646 4158 τῆς
1670 4086 1886 4151 τελείας

291 4174 385 4228 τοῦ
420 4174 632 4245 κόσμου
658 4175 1087 4247 ἀπολυτρώσεως
1108 4177 1370 4246 ἄγουσαν.
1390 4177 1553 4232 Ὅθεν
1579 4180 1674 4233 καὶ
1704 4178 1885 4250 μαθη-

294 4268 416 4329 ταῖς
446 4265 763 4336 ἐμφανίζει,
800 4268 898 4321 καὶ
945 4266 1254 4339 βλεπόντων
1284 4269 1465 4324 αὐτῶν
1502 4270 1588 4333 είς
1620 4270 1886 4339 οὐρανοὺς

295 4358 537 4428 αἴρεται.
572 4358 634 4410 τὸ
661 4358 784 4411 κατ’
822 4358 923 4430 ἐμὲ
957 4360 1217 4413 ταπεινὸν
1243 4360 1502 4430 ἀνυψῶν⁶
1535 4361 1632 4416 καὶ
1660 4355 1743 4425 εἷς
1776 4362 1887 4415 Κύ-

1978 1892 2145 1962 logia.
2177 1902 2236 1947 ut
2270 1891 2574 1948 Ecclesiam
2608 1910 2673 1949 ex
2697 1893 2807 1949 Deo
2832 1895 3053 1965 tuisque
3092 1897 3554 1967 prmeeptionibus

1979 1982 2259 2052 sapienter
2299 1982 2630 2048 institutam,
2687 1983 2882 2053 eisque
2931 1983 3223 2048 creditam,
3260 1986 3430 2054 probe
3462 2002 3555 2056 gn-

1978 2072 2231 2129 bernent.
2284 2074 2619 2129 Sacerdotes
2659 2074 2952 2145 inpietate
3002 2088 3315 2133 reverentes
3361 2089 3553 2134 custo-

1979 2161 2159 2227 diens,
2195 2169 2257 2216 ut
2305 2162 2505 2232 placite
2559 2161 2671 2217 Deo
2727 2164 2996 2228 viventes,
3043 2165 3208 2220 etiam
3261 2167 3309 2220 ci
3368 2167 3555 2235 quite

1980 2267 2131 2307 nunc
2183 2251 2488 2321 assumpsit
2559 2253 2984 2321 coronavitque,
3040 2269 3103 2307 ac
3153 2257 3248 2309 toti
3310 2255 3552 2311 ﬁdelium

1980 2342 2186 2414 populo
2235 2340 2566 2413 praeclarum
2617 2350 2897 2412 pastorem
2931 2342 3205 2405 exhibuit,
3240 2343 3402 2414 digne
3437 2358 3556 2398 orn-

1983 2449 2082 2490 nes
2107 2433 2385 2488 canticum
2417 2432 2840 2488 concinnemus.
2875 2432 2960 2495 Ei.
3009 2435 3260 2504 inquam,
3303 2435 3397 2503 qui
3429 2451 3553 2491 cum

1977 2532 2127 2581 esset
2194 2523 2369 2590 dives,
2430 2532 2651 2594 propter
2706 2538 2806 2578 nos
2856 2522 3037 2578 factus
3085 2533 3169 2580 est
3210 2541 3435 2596 pauper,
3486 2541 3555 2579 ex

1980 2624 2141 2672 utero
2181 2630 2307 2671 cum
2352 2629 2519 2671 carne
2578 2628 2925 2684 progressus.
2964 2630 3072 2684 qua
3127 2615 3242 2686 ipse
3272 2616 3427 2670 novit
3462 2632 3555 2668 ra-

1984 2706 2148 2763 tione.
2180 2706 2282 2774 Qui
2316 2707 2370 2761 in
2427 2706 2587 2761 cmlis
2626 2705 2879 2773 considet
2911 2705 3079 2768 Patri,
3123 2714 3176 2760 et
3207 2707 3459 2762 nascitur
3498 2708 3553 2761 in

1980 2800 2266 2869 spelunca,
2296 2808 2463 2868 atque
2502 2797 2559 2852 in
2591 2797 2825 2868 praesepi
2871 2799 3068 2867 pannis
3103 2798 3419 2852 involvitur.
3452 2799 3554 2854 Cui

1982 2892 2162 2962 angeli
2207 2892 2559 2955 concinunt,_
2588 2899 2643 2945 et
2692 2906 2853 2959 quem
2906 2898 3154 2959 pastores
3186 2890 3556 2944 admiratione

1984 2989 2413 3053 prosequuntur.
2464 2979 2568 3046 Qui
2621 2979 2790 3035 haece
2839 2987 3031 3033 octava
3062 2979 3150 3034 die
3187 2979 3554 3033 circumcisus

1981 3083 2091 3139 est,
2131 3081 2182 3129 et
2210 3069 2341 3129 Jcsu
2373 3070 2796 3142 appellationem
2834 3072 3063 3141 accepit.
3120 3070 3223 3137 Qui
3257 3070 3414 3125 oliert
3449 3071 3560 3142 pia-

1980 3168 2201 3223 culares
2244 3150 2480 3229 hostias,
2529 3175 2584 3221 et
2617 3164 2706 3219 cui
2761 3163 2985 3219 Simeon
3023 3171 3077 3217 et
3108 3165 3262 3218 Anna
3311 3163 3555 3219 vicissim

1978 3257 2333 3319 confitentur,
2383 3270 2448 3311 ac
2486 3254 2627 3328 Magi
2683 3255 2948 3312 satellitio
2999 3254 3399 3322 obsequuntur.
3450 3250 3557 3319 Qui

1978 3351 2122 3421 fugit
2151 3350 2204 3405 in
2236 3349 2558 3419 Egyptum,
2593 3355 2648 3402 et
2683 3366 2702 3398 ι
2745 3345 3001 3400 concutit
3032 3344 3350 3400 manttl'acta
3387 3342 3560 3414 Eg)“

1978 3441 2083 3513 pti.
2125 3458 2144 3492 ι
2178 3438 2281 3505 Qui
2316 3444 2597 3507 assumpta
2642 3443 2806 3510 aetate
2864 3434 3134 3504 perfecta,
3189 3434 3500 3504 baptizatur
3528 3449 3558 3486 a
3669 3477 3685 3489 .

1981 3545 2163 3594 servo,
2209 3528 2509 3597 mundique
2558 3535 2842 3597 peccatum
2893 3526 3199 3596 submergit
3249 3541 3414 3596 aqua.
3450 3522 3557 3592 Qut

1981 3621 2188 3677 mundo
2244 3618 2654 3679 manifestatus,
2728 3615 2857 3670 odio
2918 3616 2987 3669 ab
3040 3614 3244 3671 Judzeis
3305 3616 3558 3680 habetur,

1981 3714 2186 3784 quibus
2211 3719 2265 3766 et
2293 3726 2433 3765 nova
2471 3707 2736 3763 miracula
2786 3708 3141 3776 operabatur.
3179 3707 3392 3777 Quique
3439 3717 3562 3763 tan-

1982 3805 2106 3861 dem
2133 3801 2369 3856 traditus
2416 3806 2472 3854 et
2523 3796 2674 3853 cruci
2729 3794 2944 3861 allixns,
2994 3797 3344 3866 postmodum
3393 3798 3559 3852 etiam

1984 3896 2235 3967 sepultus
2271 3901 2379 3956 est,
2412 3900 2473 3945 ut
2524 3888 2802 3958 captivato
2860 3876 3101 3950 inferno,
3134 3888 3562 3957 resurrectionis

1984 3982 2334 4043 annuntiatio
2365 3979 2581 4035 inferno
2614 3978 2985 4032 illucesccret.
3041 3976 3146 4042 Qui
3179 3978 3346 4032 etiam
3374 3993 3557 4033 resur-
3588 3986 3593 3992 '

1985 4077 2128 4133 rexit
2164 4073 2256 4130 die
2281 4071 2469 4135 tertia,
2503 4068 2629 4123 data
2664 4067 2797 4121 mihi
2831 4066 3026 4130 altera,
3064 4081 3190 4121 vere
3220 4068 3312 4121 illa
3348 4069 3563 4138 requie-

1987 4164 2155 4222 tionis
2185 4169 2399 4227 octava,
2431 4174 2599 4230 quam
2651 4157 2861 4211 honore
2914 4169 3300 4226 prosequerer,
3327 4155 3569 4212 ducente

1986 4258 2052 4314 ad
2131 4255 2373 4311 futuram
2421 4254 2815 4306 consummatae
2893 4245 3287 4315 redemptionis
3372 4249 3560 4301 mundi

1986 4360 2259 4405 octavam.
2314 4341 2684 4410 Quamobrem
2718 4337 2884 4415 etiam
2937 4337 3289 4393 manifestius
3338 4347 3562 4408 apparet

301 4466 415 4519 ρος
441 4452 498 4503 ἐν
528 4449 621 4502 δύο
649 4450 844 4519 φύσεσι
860 4428 1214 4524 γνωρίζεται,
1237 4452 1315 4525 τῷ
1337 4428 1515 4525 liath
1542 4454 1638 4508 καὶ
1662 4452 1738 4523 τῷ
1759 4453 1879 4524 θείῳ

1992 4438 2300 4510 discipulis,
2355 4443 2410 4489 et
2460 4432 2597 4503 ipsis
2638 4428 2995 4485 cetnentibus
3046 4430 3099 4482 in
3134 4430 3334 4483 ctelum
3363 4429 3562 4492 elatus,

300 4540 582 4610 Ιῐνεύματι
626 4542 1241 4614 συμπροσκυνούμενος.
1287 4544 1348 4597 '0
1385 4543 1485 4608 τὰς
1513 4544 1608 4599 δύο
1637 4544 1884 4615 θελήσεις

303 4632 503 4703 ὁμοίως
544 4632 642 4685 καὶ
675 4634 960 4704 ἐνεργείας
994 4634 1200 4707 φέρων,
1254 4635 1315 4689 '0
1353 4635 1650 4692 κάντεῦθεν
1680 4636 1886 4707 ληπτός

309 4724 395 4778 καὶ
433 4723 815 4793 ἀπερίληττος,
863 4725 1111 4796 γραπτὸς
1158 4727 1254 4811 καὶ
1298 4727 1745 4799 ἀπερίγραπτοςο
1795 4726 1887 4779 τό-

311 4829 426 4875 ποις
471 4812 515 4844 ³¹
544 4812 639 4865 καὶ
678 4811 1049 4884 είκονίσμασιν
1093 4817 1225 4887 ἡμῖν
1269 4818 1760 4888 προγραφόμενος,
1792 4814 1889 4869 καὶ

315 4906 364 4957 ἐν
384 4905 590 4967 αὐτοῖς,
610 4904 687 4966 ὡς
707 4902 795 4956 διὰ
831 4904 996 4973 μέσον
1026 4905 1227 4975 σαρκὸς
1258 4908 1353 4961 καὶ
1378 4907 1709 4978 πνεύματος,
1726 4924 1890 4980 προσ·

315 4995 660 5066 κυνούμενος.
729 4994 856 5057 Τοῖς
910 4995 1133 5060 οἰκείοις
1206 4996 1481 5066 θεολόγοις
1558 5000 1652 5051 καὶ
1722 5000 1890 5054 πᾶσιν

312 5085 481 5153 ἁγίοις
536 5082 969 5153 ἐκτυπούμενος.
1032 5084 1324 5139 Κοινωνῶν
1372 5088 1508 5156 ἡμῖν
1546 5086 1633 5155 ἐφ’
1682 5088 1889 5141 ἅπασιν

1991 4530 2254 4587 humilem
2329 4533 2625 4580 naturam-
2667 4520 2908 4574 hominis
2976 4534 3200 4575 sursum
3270 4518 3562 4583 subvehit,

1992 4634 2244 4689 unusque
2301 4615 2568 4671 Dominus
2622 4612 2677 4666 in
2741 4611 2956 4665 duabus
3011 4610 3267 4680 cognitus
3328 4610 3562 4673 naturis,

1991 4728 2115 4768 cum
2149 4710 2314 4763 Patre
2342 4713 2397 4761 et
2440 4702 2650 4773 Spiritu
2682 4708 2876 4756 sancto
2902 4701 3110 4768 pariter
3136 4699 3422 4755 adoratur.
3459 4700 3565 4766 Qui

1992 4804 2129 4859 duas
2159 4812 2315 4869 aeque
2368 4796 2682 4850 voluntates
2722 4799 2886 4861 atque
2933 4792 3287 4864 nperationes
3345 4792 3566 4856 haheat,

1994 4906 2172 4963 eoque
2219 4885 2732 4958 comprehensibilis
2796 4884 2868 4939 sit
2917 4892 2973 4938 et
3044 4883 3567 4954 inromprrhensus.

1995 4986 2209 5054 Quique
2246 4981 2392 5051 pingi
2442 4994 2504 5032 ac
2561 4977 2803 5034 describi
2841 4977 3036 5045 possit,
3088 4977 3269 5045 sitque
3294 4975 3570 5029 nihilomi-

1995 5092 2102 5132 nus
2133 5070 2678 5138 incircumscﬁptus:
2710 5083 2872 5137 quem
2905 5067 3094 5138 ﬁguris
3123 5065 3570 5135 imaginibusque

315 5176 545 5249 ὁμοίως·
594 5174 688 5227 καὶ
716 5178 825 5245 γὰρ
856 5176 922 5245 τῇ
968 5174 1223 5230 ἐντεῦθεν
1263 5153 1638 5249 προσκυνήσει
1672 5177 1751 5246 τῷ
1790 5178 1879 5248 ἀρ·

1996 5164 2431 5240 proscribatnus,
2481 5167 2647 5228 atque
2696 5157 2750 5211 in
2783 5156 2886 5222 cis,
2928 5165 2986 5209 ut
3018 5155 3166 5209 velut
3198 5153 3375 5207 media
3403 5167 3572 5207 carne

375 5409 419 5442 ³⁸
443 5406 587 5477 Lege
629 5404 841 5463 τύποις.

1584 5268 1820 5369 vam/ii;
1858 5303 2264 5366 LECTIONES.

1587 5487 1978 5547 COMBEFlSIl
2001 5485 2235 5543 NOTAE.

312 5590 577 5659 deinceps
610 5627 627 5651 ,
681 5587 929 5659 velutex
986 5584 1216 5659 ofﬁcio,
1252 5593 1306 5639 et
1335 5584 1611 5659 secundas
1636 5600 1667 5640 a
1689 5583 1888 5655 primis

320 5662 428 5715 illis
490 5656 942 5728 pradicatoribns
1000 5667 1054 5728 et
1115 5656 1390 5728 episcopis
1424 5664 1619 5728 partes
1668 5670 1888 5728 gerens,

1995 5580 2063 5636 ad
2087 5576 2558 5649 Amphilochium,
2626 5572 2953 5649 praedicaret
2984 5587 2997 5624 :
3048 5583 3172 5649 nam
3205 5567 3430 5649 Basilio,
3479 5568 3571 5649 qui

1999 5641 2263 5706 assiduus
2321 5648 2582 5717 populum
2627 5641 2882 5719 pomiferi
2925 5643 3162 5719 doceret,
3218 5641 3425 5714 ubitu
3456 5642 3586 5719 cla-p

324 5711 634 5800 quanquam
660 5729 806 5783 nulla
837 5726 1061 5797 propria
1105 5711 1352 5798 subiecta
1388 5711 1561 5795 pl'cbe,
1591 5711 1702 5796 qua
1735 5723 1802 5780 de
1836 5711 1894 5780 re
2001 5721 2284 5788 rissimus,
2309 5711 2495 5773 minus
2527 5711 2763 5787 quadrat
2796 5712 3109 5769 exhortatio
3138 5711 3273 5768 haec.
