3840 6312
119 379 216 444 907

1055 373 1135 434 IN
1157 364 2004 434 TRANSFIGURATIONEM
2043 359 2346 422 DOMINI.

3195 360 3328 423 r982

111 495 232 548 4τίδα
250 492 324 564 τῆς
355 491 654 555 ἐππτεῖας
685 491 718 561 ἦ
769 489 1001 560 εὐωχίας
1026 530 1041 553 ,
1077 490 1111 563 ἢ
1143 490 1244 543 οὐκ
1274 487 1388 542 οἴδα
1426 489 1454 542 ὅ
1478 507 1531 542 τι
1554 489 1650 541 καὶ

1768 482 2159 552 praestiteritmt
2185 477 2308 532 inde
2341 474 2502 545 hujus
2531 473 2649 531 sive
2678 474 3039 546 inspectionis
3061 475 3182 534 sive
3202 493 3336 534 eoi;-

105 584 213 662 jpi}
233 583 404 651 λέγειν,
421 580 500 652 τῷ
518 579 740 651 μεγέθει
763 581 862 652 τῆς
890 582 1134 651 χάριτος,
1159 582 1254 634 καὶ
1276 577 1527 649 γλῶσσαν
1560 581 1653 633 καὶ

106 674 314 729 διάνοιαν
343 670 746 742 ἐκνικώμενος,
789 671 1002 724 ἐνθένδε
1051 673 1402 743 ποιήσασθαι.
1462 673 1521 726 Ὀ
1555 673 1654 743 μὲν

109 763 200 824 σύν
225 764 477 828 Ματθαῐος
501 764 592 817 τὸν
619 765 824 834 Κύριον
857 767 1067 833 εἰσάγει
1105 769 1218 830 τοῖς
1250 767 1520 838 μαθηταῖς
1551 766 1655 835 φά-

109 875 280 911 σκοντα
304 857 505 922 οὕτως*
552 877 571 910 ι
619 859 792 928 Ἀμὴν
819 858 964 926 λέγω
1019 859 1179 928 ὑμῖν,
1219 859 1326 912 εἰσί
1369 875 1513 922 τινες
1544 859 1655 912 τῶν

111 943 202 1004 εὐδε
223 948 475 1010 ἑστώτων,
513 951 708 1012 οἵτινες
732 951 793 1003 ού
826 949 901 1020 μὴ
929 950 1219 1017 γεύσονται
1265 950 1520 1013 θανάτου,
1547 950 1656 1015 ἕως

120 1041 322 1096 avidum
372 1043 464 1095 τὸν
514 1042 644 1094 Υἱὸν
673 1037 769 1095 τοῦ
825 1042 1116 1113 ἀνθρώπου
1153 1043 1448 1112 ἐρχόμενον
1497 1043 1556 1096 ἐν
1586 1045 1653 1114 τῇ

123 1134 323 1204 βασιλείᾳ
348 1132 536 1187 αὑτοῦ.
581 1134 690 1188 Καὶ
721 1130 840 1204 μεθ’
874 1134 1086 1205 ἡμέρας
1134 1133 1194 1199 ἒξ
1233 1135 1656 1205 παραλαμϐάνει

117 1226 138 1276 ὁ
166 1224 346 1295 Ἰησοῦς
383 1224 477 1275 τὸν
507 1223 738 1294 Πέτρον,
788 1223 884 1276 καὶ
912 1223 1173 1277 Ἰάκωϐον
1199 1266 1216 1291 ,
1265 1226 1360 1277 καὶ
1400 1224 1657 1295 Ἰωάννην

109 1315 176 1368 τὸν
194 1316 416 1383 ἀδελφὸν
449 1315 637 1380 αὐτοῦ,
688 1315 785 1368 καὶ
840 1316 1102 1386 ἀναφέρει
1156 1316 1355 1378 αὐτοὺς
1401 1317 1482 1380 εἰς
1531 1317 1656 1387 ὄρος

105 1407 275 1475 ὑύηλὸν
304 1409 425 1460 κατ’
451 1406 612 1470 ἰδίαν,
645 1407 740 1460 καὶ
778 1407 1179 1478 μετεμορφώθη
1215 1407 1528 1477 ἔμπροσθεν
1561 1407 1657 1460 αύ-

98 1499 196 1550 τῶν.
227 1499 338 1551 Καὶ
358 1498 604 1568 ἔλαμψεν
633 1498 694 1550 τὸ
723 1498 1015 1569 πρόσωπον
1042 1498 1208 1552 αὐτοῦ
1227 1500 1304 1563 ὡς
1335 1503 1362 1554 ὀ
1390 1499 1561 1571 ἥλιος,
1591 1500 1658 1554 τά

93 1589 136 1641 δὲ
159 1590 347 1658 ἱμάτια
387 1588 556 1642 αὑτοῦ
589 1588 805 1657 ἐγένετο
834 1588 1022 1655 λευκὰ,
1059 1590 1134 1654 ὡς
1163 1592 1224 1643 τὸ
1261 1592 1396 1660 φῶς,
1437 1611 1456 1643 ι
1497 1593 1608 1645 Καὶ
1631 1593 1658 1645 ὁ

89 1681 292 1750 Μάρκος
313 1680 372 1733 δὲ
394 1680 484 1733 διὰ
503 1678 613 1742 τῶν
642 1680 823 1734 αὐτῶν
855 1680 1001 1751 ῐησιν
1020 1681 1097 1745 ὠς
1128 1681 1197 1734 τά
1219 1682 1388 1736 πολλὰ
1405 1682 1482 1752 τῷ
1505 1684 1658 1751 Ματ-

81 1770 198 1840 θαῖῳ
225 1786 241 1799 ·
282 1773 382 1824 καὶ
425 1773 638 1843 ῥήμασι
686 1771 783 1824 καὶ
830 1773 1064 1842 νοήμασι
1117 1771 1217 1843 τὴν
1263 1774 1400 1842 πρὸς
1450 1775 1658 1826 ἐκεῖνον

82 1863 315 1931 στέργων
363 1863 664 1928 οἰκείωσιν,
723 1862 801 1926 ὡς
829 1863 924 1916 καὶ
966 1863 1044 1933 τῷ
1069 1863 1219 1934 αύτῷ
1247 1864 1523 1935 Πνεύματι
1558 1867 1656 1936 τὴν

75 1950 234 2021 ψυχὴν
301 1951 704 2022 ἐμπνεόμενος,
751 1951 849 2004 καὶ
889 1951 1232 2022 τυπούμενος
1264 1952 1365 2021 τὴν
1400 1951 1660 2007 διάνοιαν.

73 2042 122 2093 Ei
147 2045 205 2096 es
239 2044 347 2096 καὶ
379 2044 580 2114 μικρὸν
603 2061 654 2097 τι
680 2043 1018 2097 διαλλάττειν
1047 2043 1171 2098 καθ’
1203 2043 1265 2098 ἐν
1303 2043 1366 2114 δὴ
1395 2044 1599 2097 τούτων
1629 2045 1661 2114 ἢ

69 2136 174 2186 κατ’
235 2136 545 2207 ἀμφότερα
579 2136 806 2200 δόξειεν,
849 2136 963 2188 ἀλλ’
1013 2137 1119 2190 οὐκ
1171 2117 1506 2209 ἐναντιότης,
1541 2137 1663 2191 οὐδὲ

71 2227 206 2295 μάχη
248 2227 424 2280 τοῦτο
467 2227 606 2296 πρὸς
657 2229 901 2292 ἐκεῖνον,
937 2227 970 2298 ἢ
1011 2229 1136 2292 τοὺς
1178 2229 1373 2292 ἄλλους
1419 2230 1593 2282 ἐστίν·
1629 2229 1661 2300 ἢ

67 2319 162 2387 γὰρ
199 2318 392 2390 ἑτέρῳ
416 2320 604 2390 τρόπῳ
626 2319 772 2374 κατὰ
813 2319 915 2391 τὴν
959 2321 1159 2391 φράσιν
1196 2321 1445 2392 ἁψευδῶς
1467 2323 1536 2375 τά
1568 2339 1665 2374 πε.

70 2411 372 2478 πραγμένα
429 2410 718 2481 δηλοῦντες
775 2412 900 2483 (ἵνα
951 2413 1185 2466 συνελὼν
1238 2415 1589 2485 φιλοσοφήσω
1611 2433 1659 2468 τι

63 2507 192 2573 περὶ
221 2506 474 2574 τούτων)
501 2505 534 2576 ἢ
568 2507 637 2559 τά
687 2508 1003 2579 παρειμένα
1055 2508 1212 2580 πρὸξ
1236 2509 1391 2564 τοῦδε
1434 2511 1594 2579 τυχὸν
1627 2508 1660 2579 ἢ

70 2593 218 2646 τοῦδε
253 2595 368 2648 τῶν
401 2597 829 2665 εὐαγγελιστῶν,
853 2600 1061 2661 ὲκεῖνος
1087 2600 1118 2670 ἢ
1150 2594 1327 2665 οὗτος,
1354 2600 1388 2671 ἦ
1416 2602 1508 2653 καί
1539 2601 1661 2654 τού-

71 2700 174 2738 των
221 2686 366 2739 ενιοι
430 2689 844 2758 παραδιδόντες,
895 2690 1181 2759 διαφωνεῖν
1230 2693 1500 2756 δοκοῦσιν,
1541 2689 1662 2746 οὐδὲ

75 2781 212 2833 κατὰ
245 2780 450 2851 μικρὸν
475 2781 729 2850 ἀλλήλοις
753 2783 1239 2852 άντεπεξάγοντες.
1292 2785 1378 2848 Ὠς
1401 2785 1522 2838 οὗτε
1547 2803 1662 2838 κοι-

75 2870 174 2934 νῶς
200 2871 336 2940 ἑξῆς
372 2873 784 2936 ᾶπαντες,·ούτε
823 2876 929 2945 ἰδίᾳ
971 2875 1082 2928 τῶν
1113 2878 1397 2950 τεσσάρων
1425 2879 1545 2932 οὐδὲ
1580 2875 1661 2944 εἷς

83 2965 323 3034 γέγραφε
361 2966 559 3031 πάντα,
589 2968 689 3020 ὅσα
721 2969 864 3023 κατὰ
897 2972 996 3039 τὴν
1027 2971 1309 3042 ἄφραστον
1347 2972 1662 3042 οἰκονομίαν

99 3057 221 3121 μετὰ
239 3055 448 3125 σαρκὸς
473 3057 503 3108 ὁ
528 3057 702 3126 Λόγος
729 3060 1052 3130 πεποίηκεν,
1098 3062 1126 3113 ὁ
1162 3061 1455 3132 λεγόμενος
1503 3061 1658 3133 σὰρξ,

99 3148 180 3198 καὶ
225 3149 298 3220 μὴ
345 3149 520 3202 λιπὼν
552 3148 614 3202 τὸ
636 3145 777 3203 εἶναι
809 3150 942 3214 Θεός
965 3168 982 3183 ‘
1014 3153 1194 3206 καίτοι
1237 3169 1300 3221 γε
1344 3154 1546 3207 σκοπὸν
1565 3155 1662 3209 ’ἐνα

95 3236 184 3306 τὴν
209 3238 465 3308 ἀλήθειαν
494 3241 543 3292 οἱ
565 3240 832 3310 τέσσαρες
864 3241 1104 3312 ἔχοντες,
1131 3245 1228 3297 καὶ
1259 3245 1320 3297 τὺ
1358 3245 1478 3299 ὅλον
1503 3245 1664 3300 δυνά-

98 3347 181 3396 μει
211 3331 296 3384 διά
323 3332 420 3385 τού
475 3333 678 3404 μέρους
729 3333 1138 3404 περιληπτικῶς
1193 3338 1662 3406 συνεκφαῐνοντες.

97 3417 192 3475 Οἷα
210 3424 472 3488 πολλάκις
494 3426 707 3493 γίνεται
723 3425 814 3478 διὰ
832 3427 930 3497 τὴν
947 3428 1085 3498 πρὸς
1109 3426 1312 3500 ἄλληλα
1339 3430 1445 3483 τῶν
1466 3430 1664 3499 λογίων

96 3515 180 3565 τοῦ
209 3517 531 3588 Πνεύματος
563 3519 885 3588 συμφωνίαν
908 3520 1001 3572 καὶ
1031 3521 1319 3592 ἁρμονίαν,
1356 3525 1450 3576 καὶ
1479 3519 1566 3578 οἷα
1591 3525 1667 3588 ὡς

97 3607 152 3656 ἐν
175 3609 244 3660 ἑνὶ
277 3609 498 3679 σώματι
522 3611 700 3681 μελῶν
722 3610 900 3682 δίκην,
930 3613 1014 3681 ἐφ’
1046 3615 1297 3686 ἁρμογήν
1326 3633 1384 3670 τε
1421 3619 1514 3671 καὶ
1541 3617 1666 3672 σύν-

97 3694 232 3751 θεσιν
257 3700 320 3753 τὸ
357 3703 582 3772 συνεχὲς
633 3702 922 3758 ἀδιάλυτον
968 3706 1268 3777 φέρουσαν.
1300 3709 1587 3778 Μαρτυρεῖ
1612 3709 1669 3762 δὲ

95 3791 158 3857 τῇ
184 3791 414 3864 ἀληθείᾳ
439 3795 549 3847 τῶν
572 3795 902 3866 λεγομένων,
931 3799 991 3850 ού
1019 3798 1088 3851 τὰ
1125 3799 1270 3864 ἰδίως
1298 3801 1428 3868 παρ’
1459 3802 1667 3867 αὐτοῖς,

93 3877 126 3943 ἦ
151 3883 270 3950 παρ’
293 3883 463 3947 ὲνίοις
495 3883 676 3937 αὐτῶν
710 3886 1077 3956 εὑρισκόμενα
1114 3887 1297 3958 μόνον,
1333 3887 1475 3941 ἀλλὰ
1513 3888 1609 3942 καὶ
1641 3890 1670 3942 ὁ

95 3968 288 4039 ὑψηλὸς
339 3973 622 4045 Ἰωάννης,
675 3977 800 4030 κατ’
849 3977 981 4031 αὐτὸ
1009 3977 1072 4049 δὴ
1102 3979 1196 4032 τοῦ
1247 3979 1582 4048 Εὐαγγελίου
1609 3977 1671 4032 τὸ

91 4057 255 4127 πέρας
278 4065 574 4135 γενόμενος
596 4082 610 4096 ο
645 4083 663 4116 ι
712 4067 866 4120 Ἐστι
896 4067 954 4120 δὲ
977 4071 1069 4122 καὶ
1099 4069 1233 4123 ἄλλα
1257 4069 1450 4136 πολλὰ,
1479 4071 1666 4141 φησὶν,

89 4149 122 4200 ἃ.
147 4153 404 4226 ἐποίησεν
431 4159 466 4209 ὁ
510 4157 738 4227 Ἰησοῦς,
792 4160 950 4213 ἅτινα
983 4161 1078 4214 ἐὰν
1114 4162 1394 4234 γράφηται
1437 4163 1562 4216 καθ’
1588 4162 1667 4226 ἓν,

87 4242 202 4298 οὖδί
223 4250 396 4304 αὑτὸν
429 4247 588 4322 οἶμαι
617 4252 708 4305 τὸν
730 4254 935 4324 κόσμον
965 4254 1214 4326 χωρῆσαι
1245 4255 1315 4309 τὰ
1348 4256 1670 4328 γραφόμενα

87 4333 283 4400 βιϐλία.
322 4362 344 4394 ι
382 4342 468 4396 Τά
496 4345 637 4398 αὑτά
667 4345 724 4398 δὲ
765 4346 862 4399 καὶ
897 4347 1028 4418 περὶ
1077 4347 1172 4400 τοῦ
1206 4348 1396 4402 Λουκᾶ
1424 4348 1666 4414 λέξεται,

80 4425 146 4488 ὃς
171 4446 224 4497 τε
252 4434 323 4505 δὴ
354 4437 459 4504 τῆς
488 4439 973 4507 μεταμορφώσεως
1001 4439 1103 4509 τὴν
1126 4443 1289 4511 χάριν
1313 4441 1670 4512 ἐκδιηγούμε-

1753 574 1904 639 vivii,
1938 583 2032 626 aut
2072 571 2258 625 nescio
2311 583 2420 640 quo
2482 567 2711 622 debeam
2771 570 2995 624 nomine
3056 572 3334 642 appellare

1749 666 1858 736 (sic
1884 672 1937 719 et
1969 665 2206 734 linguam
2234 671 2289 716 et
2319 669 2559 717 mentem
2591 671 2819 732 superat
2867 662 3066 733 gratiae
3120 665 3333 732 magni~

1755 753 1931 823 tudo),
1953 751 2288 822 crepidinem
2319 765 2384 805 ac
2412 750 2828 806 fundamentum
2851 752 3161 821 jaciamus.
3198 752 3339 807 Mat-

1745 847 1929 900 thaeus
1981 859 2111 914 ergo
2176 844 2256 898 sic
2310 843 2608 898 Dominum
2665 846 2974 913 loquentem
3051 846 3340 917 discipulis

1753 935 2006 990 inducit:
2043 955 2060 988 ι
2109 935 2278 990 Amen
2309 934 2439 990 dico
2471 936 2648 1001 vobis,
2687 944 2817 990 sunt
2839 936 3058 1006 quidam
3130 937 3199 993 de
3251 939 3344 992 hic

1751 1027 2054 1090 stantibus,
2091 1025 2184 1095 qui
2235 1041 2346 1080 non
2388 1025 2688 1096 gustabunt
2739 1036 3012 1094 mortem,
3046 1028 3222 1084 donec
3258 1031 3337 1083 vi»

1755 1117 1920 1172 deant
1951 1115 2152 1171 Filium
2196 1117 2436 1172 hominis
2489 1117 2797 1172 venientem
2875 1118 2930 1172 in
2995 1135 3164 1191 regno
3218 1137 3340 1176 sun.

1755 1211 1824 1265 Et
1857 1219 1981 1279 post
2008 1210 2125 1265 dies
2152 1225 2246 1265 sex
2277 1210 2512 1265 assumit
2553 1207 2717 1266 Jesus
2766 1210 3014 1279 Petrum,
3077 1223 3133 1269 et
3179 1213 3339 1269 Jaco-

1758 1301 1908 1368 bum,
1933 1309 1987 1356 et
2009 1298 2272 1355 Joannem
2296 1300 2526 1356 fratrem
2545 1302 2688 1372 ejus,
2707 1312 2764 1358 et
2781 1304 2932 1371 ducit
2960 1306 3084 1361 illos
3108 1307 3162 1360 in
3189 1324 3344 1362 mon-

1737 1399 1865 1448 .tem
1893 1393 2175 1447 excelsum
2209 1407 2458 1446 seorsum
2491 1410 2505 1445 :
2565 1399 2619 1447 et
2657 1393 3080 1465 transfiguratus
3107 1409 3190 1452 est
3220 1407 3345 1452 ante

1757 1499 1852 1540 eos
1877 1516 1893 1536 ι
1917 1484 1980 1536 Ει
2003 1483 2344 1554 resplenduit
2375 1485 2551 1540 facies
2576 1487 2696 1556 ejus
2719 1487 2861 1542 sicut
2884 1489 3004 1543 sol:
3046 1496 3346 1547 vestimen-

1761 1587 2017 1632 la'autem
2053 1579 2173 1649 ejus
2207 1577 2345 1633 facta
2375 1587 2504 1635 sunt
2530 1581 2787 1645 candida,
2816 1582 2964 1637 sicut
3013 1582 3202 1638 lumen
3229 1582 3278 1638 ιι.
3321 1604 3338 1635 ι

1755 1667 1866 1723 Sed
1893 1681 1945 1723 et
1989 1668 2203 1724 Marcus
2233 1670 2428 1724 iisdem
2466 1672 2580 1725 fere
2601 1678 2763 1742 atque
2787 1671 3073 1729 Matthaeus
3097 1675 3344 1747 vestigiis

1761 1760 2032 1831 graditur,
2054 1759 2350 1830 quamdam
2384 1776 2508 1814 cum
2531 1776 2598 1816 eo
2623 1772 2676 1816 et
2700 1763 2888 1818 verbis
2916 1771 2970 1818 et
2993 1765 3176 1821 sensis
3201 1769 3346 1821 velut

1698 1849 2032 1918 Baﬂ'ectans
2093 1850 2584 1916 necessitudinem,
2648 1852 2797 1906 velut
2861 1853 3054 1909 eodem
3138 1853 3344 1932 Spiritu

1764 1940 1984 1995 aliiante
2014 1940 2281 2004 animum,
2308 1954 2372 1994 ac
2414 1946 2650 1995 mentem
2679 1940 2980 1998 formantc.
3022 1943 3180 2018 Quod
3215 1963 3346 2002 vero

1761 2032 2017 2086 nonnihil
2047 2033 2101 2087 in
2133 2048 2244 2088 uno
2266 2048 2331 2088 ex
2361 2031 2525 2087 dictis
2548 2033 2633 2086 vel
2658 2041 2893 2106 utroque
2915 2037 3134 2093 differre
3168 2039 3350 2094 vidca-

1767 2134 1876 2188 tnr,
1902 2125 2046 2180 haud
2080 2135 2260 2180 tamen
2301 2140 2364 2180 ea
2393 2126 2779 2192 contrarietas,
2822 2136 2881 2182 ut
2924 2145 3170 2199 pugnare
3218 2148 3345 2187 cum

1759 2218 1860 2272 illo
1893 2226 1987 2272 aut
2021 2218 2146 2274 aliis
2180 2219 2420 2288 putanda
2465 2219 2558 2274 sit.
2601 2218 2726 2274 ideo
2768 2221 2938 2285 enim,
2967 2232 3027 2277 ut
3062 2223 3255 2293 paucis
3282 2231 3349 2278 de

1767 2310 1854 2364 his
1889 2311 2096 2381 aliquid
2128 2311 2502 2381 philosopher,
2547 2312 2806 2366 videntur
2833 2313 3145 2380 dissonare,
3177 2333 3351 2385 quan-

1765 2418 1932 2472 quam
1975 2418 2046 2458 ne
2086 2403 2370 2457 minimum
2401 2403 2532 2474 quid
2587 2406 2690 2458 sibi
2724 2419 3054 2477 repugnent,
3107 2409 3194 2462 vel
3223 2411 3351 2480 quia

1765 2497 1874 2551 alio
1912 2495 2093 2562 modo,
2121 2497 2266 2567 quod
2301 2507 2512 2568 spectat
2556 2503 2625 2552 ad
2677 2499 2922 2568 phrasim
2975 2509 3030 2555 et
3083 2503 3351 2558 elocutio-

1766 2601 1912 2654 nem,
1952 2603 2075 2658 qua:
2105 2603 2232 2644 vere
2265 2597 2417 2659 gesta
2454 2598 2584 2643 sunt
2614 2590 2893 2660 explicent
2921 2611 2937 2658 ς
2975 2593 3060 2648 vel
3093 2595 3224 2663 quia
3261 2595 3352 2648 hii:

1760 2678 1944 2744 iiieve,
1969 2681 2256 2736 autetiam
2279 2681 2449 2751 aliqui
2483 2680 2612 2735 huic
2643 2680 2788 2736 forte
2822 2682 2968 2738 illive
2997 2685 3354 2755 evangelista:

1763 2771 1969 2828 omissa
2001 2772 2244 2828 tradant.
2298 2772 2466 2840 Quasi
2513 2789 2695 2844 neque
2752 2791 2861 2830 una
2895 2791 3113 2840 omnes,
3176 2793 3357 2847 neque

1763 2864 2124 2935 peculiariter
2153 2865 2350 2935 aliquis
2375 2880 2562 2920 eorum
2588 2877 2826 2936 quatuor
2855 2868 3145 2938 scripserit
3167 2857 3356 2922 omnia

1765 2971 2104 3026 quacunque
2163 2956 2295 3012 fecit
2357 2955 2621 3024 Verbum,
2685 2974 2793 3028 quo
2849 2969 3096 3031 tempore
3160 2965 3358 3016 huma-

1764 3065 1888 3104 nam
1925 3051 2158 3106 salutem
2226 3048 2487 3105 ineﬂ‘abili
2525 3058 2866 3108 sacramento
2913 3052 2987 3109 .in
3027 3069 3193 3109 carne
3239 3056 3358 3110 dis-

1717 3207 1731 3224 .
1768 3145 2033 3214 pensavit.
2077 3143 2342 3209 Verbum,
2387 3144 2633 3215 inquam,
2667 3145 2815 3215 quod
2847 3146 3055 3202 dictum
3083 3160 3165 3204 est
3205 3165 3356 3212 caro,

1772 3251 2087 3307 quanquam
2118 3251 2238 3292 esse
2271 3235 2417 3292 Deus
2448 3238 2674 3292 minime
2731 3239 2913 3294 desit:
2973 3241 3194 3296 tametsi
3251 3257 3359 3296 una

1773 3329 1909 3400 ipsis
1944 3321 2186 3399 quatuor
2216 3328 2440 3394 veritas,
2482 3343 2688 3400 scepus
2727 3331 3010 3400 proposita
3062 3334 3156 3396 sit,
3201 3341 3256 3386 ct
3304 3343 3361 3385 ut

1774 3436 1988 3476 summa
2053 3429 2249 3487 totum,
2347 3420 2552 3476 virtute
2588 3438 2654 3477 ex
2713 3430 2872 3492 parte
2942 3425 3108 3479 simul
3176 3424 3366 3480 decla--

1775 3523 1937 3581 rent;
1971 3515 2118 3584 quod
2159 3529 2267 3569 non
2308 3529 2433 3568 raro
2472 3530 2538 3569 ex
2575 3524 2765 3570 mutua
2808 3517 3156 3586 eloquiorum
3192 3519 3362 3588 Spiri-

1775 3615 1864 3661 tus
1899 3606 2265 3662 consensione
2297 3616 2463 3676 atque
2506 3607 2817 3675 harmonia,
2874 3617 2928 3663 ct
2971 3624 3112 3679 quae,
3182 3611 3364 3665 instar

1775 3695 2148 3749 membrorum
2209 3696 2264 3748 in
2325 3709 2581 3764 corpore,
2633 3697 2983 3752 insolubilem
3042 3713 3360 3769 compagem

1775 3787 2344 3861 compositionemque
2375 3788 2620 3842 continui
2652 3788 2844 3852 faciat,
2887 3789 3111 3843 accidit.
3167 3787 3359 3855 Porro,

1775 3891 1963 3930 eorttm
1999 3891 2120 3946 quae
2156 3877 2306 3931 dicta
2356 3885 2486 3931 sunt
2532 3877 2756 3931 veritati
2815 3877 3211 3948 suffragantur,
3252 3897 3361 3934 non

1776 3974 1987 4022 tantum
2010 3983 2132 4038 qua:
2154 3969 2454 4038 peculiaria
2490 3971 2633 4039 apud
2663 3984 2780 4035 eos,
2816 3971 2901 4026 vel
2927 3986 3117 4026 corum
3149 3974 3366 4044 aliquos

1776 4070 2102 4123 occurrunt,
2139 4057 2233 4114 sed
2270 4059 2433 4113 etiam
2492 4058 2749 4113 sublimis
2812 4059 2903 4113 ille
2957 4058 3224 4129 Joannes,
3269 4067 3360 4117 uhi

1778 4152 1844 4205 ad
1880 4150 2062 4221 ipsum
2106 4149 2386 4222 Evangelii
2424 4149 2586 4206 finem
2622 4154 2741 4204 ait:
2783 4170 2801 4201 ι
2859 4149 3004 4206 Sunt
3061 4163 3248 4208 autem
3313 4170 3366 4207 ιιι

1777 4243 1882 4296 alia
1912 4243 2080 4296 multa
2117 4257 2240 4313 quae
2276 4242 2408 4298 fecit
2431 4241 2616 4310 Jesus,
2645 4259 2768 4314 qua:
2809 4245 2854 4300 si
2893 4245 3210 4302 scribantur
3269 4264 3365 4318 pt'r

1777 4337 2018 4409 singula,
2047 4351 2148 4392 nec
2185 4337 2366 4406 ipsum
2409 4337 2649 4392 arbitror
2681 4339 2948 4393 mundum
2982 4355 3180 4409 capere
3201 4356 3366 4410 posse

1777 4445 1896 4496 eos,
1952 4430 2044 4502 qui
2083 4430 2366 4486 scribendi
2405 4440 2561 4495 sunt,
2597 4431 2771 4486 libros
2810 4432 2826 4471 ί
2865 4473 2878 4486 .
2915 4450 2935 4484 ι
2993 4430 3231 4501 Idipsum
3298 4433 3365 4486 de

81 4533 172 4618 ’ξῦς
207 4527 384 4596 φησιν
405 4543 420 4558 ·
458 4548 478 4580 ‹
525 4529 774 4596 Ἐγένετο
795 4530 852 4583 δὲ
885 4531 1025 4601 μετὰ
1057 4537 1187 4596 τοὺς
1213 4533 1407 4601 λόγους
1445 4532 1661 4596 τούτους

1780 4522 1922 4577 Luca
1959 4523 2282 4590 dixerimus,
2319 4522 2413 4593 qui
2445 4538 2578 4578 sane
2605 4537 2872 4578 enarrans
2899 4524 3134 4594 gratiam
3185 4535 3365 4578 trans-

72 4609 202 4668 ὡσεὶ
230 4621 452 4690 ἡμέραι
486 4621 669 4674 ὀκτώ·
718 4622 811 4675 καὶ
851 4622 1188 4692 παραλαϐὼν
1227 4625 1256 4677 ὁ
1309 4625 1518 4696 Ἰησοῦς
1563 4625 1670 4679 Πέ-

69 4716 219 4774 τρον,
253 4713 358 4763 καὶ
405 4711 691 4778 Ἰάκωϐον,
723 4713 817 4765 καὶ
859 4714 1140 4784 Ἰωάννην,
1167 4714 1334 4783 ἀνέϐη
1364 4716 1443 4778 εις
1464 4715 1526 4768 τὸ
1549 4715 1675 4786 ὅρος

71 4800 512 4865 προσεύξασθαι.
535 4821 632 4853 r—
656 4821 675 4854 ι
700 4802 970 4872 Ἐγένετο,
999 4806 1153 4874 φησὶ,
1177 4807 1315 4876 μετά
1336 4807 1462 4870 τοὺς
1481 4806 1676 4873 λόγους

64 4884 304 4954 τούτους
335 4892 475 4944 ὡσεὶ
503 4893 711 4964 ἡμέραι
742 4896 908 4949 ὀκτώ.
949 4917 966 4948 ι
995 4895 1062 4948 Τί
1090 4881 1218 4951 ποθέ
1243 4897 1397 4968 δρᾷς,
1425 4892 1470 4950 ὦ
1499 4896 1675 4967 μύσται

57 4977 179 5032 τῶν
215 4987 594 5059 άπορῤήτων;
621 4988 688 5040 Τί
712 4986 912 5056 λέγεις,
942 5007 964 5040 ι
994 4989 1252 5057 Ἐγένετο
1279 4988 1420 5059 μετά
1439 4990 1566 5052 τοὺς
1588 4990 1675 5043 λό-

53 5084 205 5137 γους
221 5079 455 5142 τούτους
475 5079 610 5132 ὡσεὶ
631 5081 840 5150 ἡμέραι
860 5080 1039 5147 ὀκτώς
1068 5101 1086 5132 ι
1112 5083 1221 5135 Καὶ
1253 5081 1304 5133 τί
1331 5082 1398 5136 ἂν
1422 5083 1671 5152 ποιήσαι-

59 5177 204 5229 μεν.
225 5169 324 5222 τοῦ
340 5172 575 5243 Μάρκου
610 5173 704 5224 καὶ
730 5170 825 5224 τοῦ
860 5171 1146 5225 Ματθαίου
1169 5171 1234 5224 δι’
1259 5173 1377 5237 ἑνὸς
1404 5173 1673 5244 στόματος

53 5249 197 5305 οἷον
237 5260 492 5332 ἀλλήλοις
537 5263 1054 5333 συμφθεγγομένων
1083 5265 1178 5316 καὶ
1224 5263 1451 5318 τοιαῦτα
1488 5265 1674 5334 λεγόν-

49 5359 220 5398 τωεδο
264 5371 283 5402 ι
314 5354 424 5406 Καὶ
451 5355 571 5425 μεθ’
602 5355 816 5424 ἡμέρας
844 5354 923 5421 ἓξ,
959 5355 1380 5426 παραλαμϐάνει
1403 5359 1431 5410 ὁ
1467 5357 1674 5428 Ἰησοῦς

45 5436 158 5488 τὸν
198 5444 428 5516 Πέτρον,
463 5450 557 5502 καὶ
599 5449 878 5513 Ἰάκωϐον,
912 5452 1006 5504 καὶ
1038 5451 1292 5522 Ἰωάννην
1320 5453 1414 5504 τὸν
1447 5451 1674 5520 ἀδελφὸν

45 5529 286 5588 ιῦῗοῠο
324 5541 419 5592 καὶ
450 5542 728 5614 ἀναφέρει
759 5543 958 5606 αὐτοὺς
1014 5546 1094 5606 εἰς
1147 5545 1272 5615 δρος
1320 5543 1524 5614 ὑψηλὸν
1551 5544 1673 5598 κατ’

46 5619 253 5691 ἱξοίιν,
282 5631 378 5684 καὶ
428 5634 828 5704 μετεμορφώθη
879 5635 1189 5707 ἔμπροσθεν
1219 5636 1396 5689 αὐτῶν
1427 5654 1444 5704 ;
1484 5656 1500 5686 ι
1535 5637 1676 5702 Ναὶ,

163 5804 449 5865 ⁸³·Ηειιι1μ
489 5827 600 5878 XVI,
655 5810 760 5877 ΞΜ
826 5827 961 5876 ΠΗ,
996 5813 1047 5872 θ’
1079 5813 1132 5874 2·

418 5907 690 5966 Ρλιτῐιοῐι.
725 5907 839 5966 Gn.
874 5906 1113 5966 XCVII.

1775 4615 2141 4684 figurationis,
2167 4615 2243 4668 ita
2271 4615 2348 4668 ait
2384 4632 2396 4666 :
2437 4633 2455 4666 ι
2496 4613 2724 4671 Factum
2772 4622 2856 4669 est
2888 4623 3068 4669 autem
3093 4624 3215 4685 post
3248 4617 3365 4670 haec

1773 4708 1957 4774 verba,
1978 4707 2092 4762 fere
2125 4691 2246 4761 dies
2275 4713 2438 4760 octo:
2468 4706 2879 4777 assmnptisque
2905 4703 3068 4762 Jes‘Us
3096 4706 3283 4773 Petro,
3309 4720 3364 4763 et

1769 4799 2003 4865 Jacobo,
2043 4809 2099 4854 et
2129 4799 2375 4863 Joanne,
2407 4802 2660 4856 ascendit
2700 4800 2754 4855 in
2784 4809 3026 4858 montem
3061 4809 3356 4879 utoraretj.

1773 4893 2003 4949 Factum
2038 4904 2162 4962 est,
2213 4897 2432 4966 inquit,
2471 4906 2596 4966 post
2653 4895 2770 4953 haec
2820 4896 3025 4963 verba,
3081 4897 3195 4952 fere
3241 4897 3359 4952 dius

1774 4999 1922 5046 octo.
1963 5010 1980 5042 ι
2016 4989 2285 5056 Quidnam
2340 4993 2470 5045 vero
2515 4990 2652 5059 agis,
2680 5008 2713 5044 υ
2740 4999 2918 5061 mysta
2977 5005 3308 5046 arcanorum
3341 4993 3364 5046 τ’

1771 5077 1914 5145 Quid
1955 5085 2060 5143 ais,
2103 5102 2120 5126 ι
2159 5078 2384 5134 Factum
2421 5085 2506 5134 est
2531 5090 2651 5150 post
2686 5079 2851 5135 verba
2906 5080 3020 5134 haec
3049 5121 3064 5144 ,
3103 5081 3214 5150 fpre
3244 5081 3362 5133 dies

1771 5172 1935 5226 octo?
1973 5191 1991 5224 ι
2025 5171 2168 5234 Quid
2201 5173 2484 5227 enimvero
2513 5171 2851 5228 fecerimus?
2889 5187 3013 5227 cum
3069 5173 3282 5226 Marcus
3309 5183 3362 5225 rt

1772 5261 2078 5326 Mattheus,
2113 5261 2260 5317 velut
2320 5277 2428 5315 uno
2463 5277 2558 5316 ore
2617 5266 2821 5332 pariter
2876 5263 3253 5332 pronuntient,
3297 5277 3360 5313 ae.

1776 5355 1942 5408 verba
1975 5353 2248 5424 ejusmodi
2283 5353 2472 5407 dicant
2502 5371 2516 5407 :
2551 5373 2568 5404 ι
2603 5353 2666 5406 Et
2695 5365 2819 5423 post
2846 5369 2939 5408 sex
2971 5354 3090 5408 dies
3129 5354 3362 5408 assumit

1776 5444 1935 5501 Iesus
1994 5446 2233 5509 Petrum,
2275 5453 2330 5500 et
2379 5443 2665 5510 Jacobum,
2699 5454 2754 5498 et
2808 5443 3074 5499 Joannem
3139 5443 3360 5498 fratrem

1781 5539 1938 5607 ejus:
1965 5548 2020 5594 et
2045 5538 2200 5592 ducit
2237 5538 2360 5592 illus
2409 5539 2462 5593 in
2495 5547 2738 5592 tuentem
2770 5538 3050 5592 excelsum
3080 5536 3364 5602 seorsum,

1786 5647 1838 5692 et
1890 5633 2319 5704 transﬁguratus
2351 5641 2436 5688 est
2469 5648 2653 5689 coram
2709 5633 2865 5704 ipsis.
2916 5652 2934 5685 ι
2971 5629 3048 5686 Ita
3091 5631 3250 5702 plane
3285 5633 3361 5685 ait

1219 5811 1427 5870 lJoan.
1455 5829 1566 5881 xxi,
1611 5813 1704 5868 ‘25.
1787 5814 1798 5862 ἑ
1848 5813 1979 5868 Luc.
2021 5830 2101 5880 Ix,
2153 5815 2244 5883 28,
2278 5813 2367 5868 9.9.

3008 5903 3080 5965 30
