3840 6312
118 401 216 468 εει

1088 400 1173 460 IN
1203 401 2051 463 TRANSFIGURATIONEM
2089 404 2397 465 DOMINI.
2486 368 2499 379 ”

3259 409 3368 473 942

118 514 207 570 τοῦ
239 512 445 587 Πατρός
483 529 613 583 μου,
648 511 1099 584 κληρονομήσατε
1137 511 1237 584 τὴν
1272 512 1682 584 ἡτοιμασμένην

1802 514 2009 584 niaque
2097 514 2340 571 caelestis
2423 513 2575 571 illius
2656 514 3015 573 beatitudinis
3106 526 3366 591 tanquam

116 608 241 681 ὑμῖν
291 605 567 680 βασιλείαν
599 606 709 659 ἀπὸ
746 604 1060 674 καταϐολῆς
1113 603 1345 675 κόσμου.
1390 601 1685 657 Ἐπείνασα

118 702 241 773 γάρ,
265 699 357 755 καὶ
379 697 619 753 ἐδώκατέ
652 715 741 769 μοι
781 699 1010 768 φαγεῖν
1062 697 1315 768 ἐδίψησα,
1371 696 1468 750 καὶ
1498 696 1685 750 ἐποτί-

123 791 243 848 σατὲ
274 808 369 863 με·
401 788 553 857 ξένος
594 789 769 861 ἢμην,
800 789 896 843 καὶ
931 787 1270 859 συνηγάγετέ
1298 806 1368 859 με
1387 804 1402 819 ο
1456 787 1684 859 γυμνὸς,

125 884 213 938 καὶ
259 880 612 955 περιεϐάλετέ
671 897 740 951 με
768 895 783 910 ⁸
819 877 1120 952 ἠσθένησα,
1179 880 1275 933 καὶ⁵
1305 876 1688 948 ἐπεσκέψασθέ

131 989 224 1047 με’
247 977 301 1029 ὲν
330 972 549 1045 φυλακῇ
572 972 745 1045 ήμην.
778 973 875 1027 καὶ
918 970 1113 1044 ἧλθετε
1156 972 1296 1042 πρός
1338 988 1426 1043 με.
1460 990 1481 1023 ι
1533 968 1711 1033 Ἐπὶ,

130 1062 215 1123 οὖν
234 1066 465 1122 τοσαῦτα
487 1066 585 1119 καὶ
616 1064 843 1118 τοιαῦτα
870 1064 969 1133 τῆς
1003 1063 1227 1135 ἀγάπης
1251 1064 1320 1118 τὰ
1343 1063 1483 1133 εῐδη,
1517 1061 1690 1117 καθά.

135 1177 227 1232 περ
243 1161 298 1214 ἒν
314 1156 667 1226 Εὑαγγελίοις
702 1153 843 1226 αὐτὴ
877 1153 979 1227 βοᾷ
1024 1153 1287 1226 καθαρῶς
1330 1157 1365 1227 ἡ
1396 1154 1687 1226 ’Λληθειαο

136 1253 210 1308 διὰ
230 1251 284 1305 δὶ
303 1249 399 1322 τῆς
425 1249 506 1312 είς
523 1248 619 1302 τὸν
653 1245 885 1318 πλησίον
914 1246 1157 1317 ἀγάπης,
1179 1247 1213 1318 ἡ
1242 1247 1322 1310 εἰς
1348 1244 1483 1300 Θεὸν
1501 1246 1690 1317 ἀγάπη

138 1343 435 1416 κρατύνεται
449 1357 464 1371 ·
488 1340 559 1394 δι’
581 1341 649 1411 ἢν
663 1340 759 1393 ml.
777 1338 880 1410 τῆς
898 1335 1264 1410 ἐλπιζομένης
1287 1338 1693 1411 μακαριότητος

136 1438 267 1504 ἄξιος
300 1432 697 1497 ἀναδείκνυται,
722 1434 753 1486 ό
782 1430 917 1502 πρὸς
946 1430 1120 1501 αὐτὴν
1157 1431 1400 1501 γνησίως
1433 1447 1694 1484 συντετα-

137 1529 286 1600 μένην
311 1526 447 1598 ἔχων
477 1524 577 1597 τὴν
628 1522 842 1596 δρεξινο
895 1540 918 1574 t
963 1521 1053 1574 Ἐν
1084 1520 1143 1575 δὲ
1166 1523 1287 1585 ταῖς
1318 1521 1440 1575 δυσὶ
1468 1520 1695 1607 ταῦταις

131 1619 355 1679 ἐντολαῖς
380 1616 505 1679 ὅλος
548 1617 579 1669 ό
616 1612 780 1685 νόμος
813 1611 913 1666 καὶ
965 1613 1015 1665 οἱ
1052 1611 1353 1682 προφῆται,
1390 1629 1410 1662 ι
1442 1611 1695 1681 καθάπερ

129 1714 179 1765 ἰν
204 1707 553 1777 Εὐαγγελίοις
599 1708 628 1759 ό
658 1705 821 1773 λόγος
878 1703 1216 1769 συντίθεται,
1252 1702 1528 1774 κρέμαται
1551 1719 1566 1735 ·
1608 1704 1695 1756 ὲν-

122 1801 301 1856 τεῦθεν
341 1799 521 1869 δῆλον,
568 1797 645 1861 ὡς
675 1798 710 1867 ἡ
763 1797 953 1869 ἀγάπη
1004 1797 1240 1867 πράγμά
1270 1797 1420 1848 ἐστιν
1473 1793 1697 1864 ἀγαθῶν

122 1893 366 1947 ἁπάντων
400 1888 902 1961 περιεκτικώτατον
928 1928 944 1953 ,
981 1889 1077 1942 κοιλΙ
1108 1888 1411 1959 ἀκρότατον
1452 1887 1561 1940 τῶν
1608 1886 1696 1940 διά
1726 1873 1770 1928 Β

118 1986 214 2055 τῆς
239 1982 398 2053 ἀγίας
428 1981 657 2054 Γραφῆς
706 1978 1153 2052 φανερουμένων,
1212 1980 1309 2033 καὶ
1358 1978 1512 2033 οὐδέν
1551 1980 1699 2033 ἐστιν

120 2079 314 2150 ἀρετῆς
340 2070 484 2139 εἶδος
513 2114 529 2140 ,
561 2074 631 2128 δι’
662 2067 729 2145 ἦς
771 2071 1059 2146 ἄνθρωπος
1104 2070 1410 2126 οἰκειοῦται
1448 2070 1528 2142 τῷ
1579 2070 1699 2142 Θεῷ

121 2170 211 2223 καὶ
243 2166 612 2230 συνάπτεται,
649 2163 748 2218 καὶ
783 2162 885 2233 τῆς
935 2162 1048 2216 ἀνω
1099 2160 1259 2231 δόξης
1288 2164 1388 2216 καὶ
1422 2160 1702 2233 βασιλείας

122 2262 459 2332 κληρονομεῖ,
512 2258 543 2312 ὃ
599 2257 678 2330 μὴ
727 2255 830 2326 τῆς
856 2255 1080 2326 ἀγάπης
1113 2253 1433 2327 ἐξήρτηται.
1485 2253 1580 2307 καὶ
1605 2246 1700 2307 ὑπ’

124 2356 282 2425 αὑτῆς
310 2350 719 2424 περιείληπται,
763 2348 992 2421 ἀρρήτῳ
1018 2345 1163 2417 λόγῳ
1218 2347 1579 2417 συνεχόμενον
1606 2343 1703 2399 καὶ

126 2442 548 2517 φρουρούμενον.
587 2439 754 2494 Ὅθεν
782 2439 877 2493 καὶ
905 2438 1005 2510 τὴν
1028 2437 1227 2509 ἄκραν,
1259 2437 1337 2500 ὡς
1386 2439 1446 2491 ὲν
1490 2434 1703 2507 ἀνθρὼο

126 2550 265 2598 ποις,
292 2531 615 2604 τελειότητά
664 2547 725 2583 τε
768 2530 866 2584 καὶ
896 2527 1252 2599 καθαρότητα
1298 2527 1401 2596 τῆς
1428 2525 1571 2580 κατὰ
1601 2526 1703 2596 τὴν

128 2627 319 2695 πρᾶξιν
351 2623 701 2695 φιλοσοφίας,
729 2616 799 2694 ἧς
829 2620 984 2684 τέλος
1021 2613 1163 2674 εἷναί
1219 2635 1353 2687 φασι
1388 2618 1451 2671 τὸ
1473 2617 1699 2686 ἀγαθὸν,

124 2719 258 2789 ὅπερ
278 2720 425 2772 ἐστὶν
454 2715 619 2777 αὐτὸς
659 2715 689 2767 ό
732 2713 887 2778 Θεὸς,
931 2713 1069 2784 μόνη
1092 2710 1291 2775 τελέως
1334 2710 1369 2781 ἡ
1397 2709 1586 2783 ἀγάπη
1610 2709 1701 2764 διά

126 2808 220 2877 τῆς
248 2807 430 2873 ἑξάδος
462 2806 574 2859 τῶν
635 2803 853 2859 οἰκείων
909 2802 1094 2875 μερῶν
1122 2800 1529 2873 κατορθωθεῖσα
1572 2818 1702 2856 συν-

132 2899 339 2971 ίστησιο
375 2899 493 2971 μεθ’
523 2898 593 2970 ῆν
626 2898 723 2950 καὶ
743 2895 1112 2968 διαφερόντως
1142 2894 1261 2966 Θεῷ
1309 2894 1573 2948 συνάπτει
1609 2894 1701 2948 τὸν

130 2991 425 3064 ἄνθρωπον,
461 2991 564 3061 τῆς
593 2990 876 3059 θεολογίας
900 2989 961 3042 τὸ
991 2988 1101 3061 πῦρ
1131 2988 1533 3058 ἀναφλέγουσα.

205 3258 343 3313 Ἀλλ’
377 3259 499 3313 ὅτου
518 3256 682 3328 χάριν
703 3252 921 3327 εἴρηται
944 3252 1153 3319 ταῦτα;
1181 3255 1352 3326 Φημὶ,
1382 3255 1464 3309 ὅτι
1499 3256 1546 3309 εἰ
1570 3256 1699 3326 μέλ·
1725 3221 1775 3285 c

131 3353 205 3407 λοι
233 3370 316 3417 τις
346 3352 437 3406 επὶ
471 3350 568 3405 τοῦ
595 3351 755 3420 ὅρους
779 3348 880 3418 τῆς
905 3345 1118 3418 ὑψηλῆς
1147 3344 1402 3416 θεωρίας,
1422 3346 1498 3411 ὡς
1527 3347 1703 3419 μαοη-

133 3447 222 3517 τὴς
260 3445 341 3517 τῷ
390 3443 533 3513 λόγῳ
587 3437 1121 3511 συνεπαρθήσεσθαι,
1177 3438 1277 3508 τῆς
1331 3456 1390 3492 τε
1429 3438 1703 3509 βασιλείας

128 3538 343 3608 ἐκείνης
359 3536 457 3609 τὴν
476 3532 774 3606 ἀπρόσιτον
796 3529 1026 3601 ὄψεσθαι
1056 3528 1235 3596 δόξαν,
1263 3530 1357 3583 καὶ
1380 3530 1477 3600 τῆς
1499 3530 1703 3602 ὁρατῆς

134 3628 288 3683 αὐτοῦ
322 3628 414 3682 καὶ
440 3625 639 3697 νοητῆς
668 3622 987 3692 θεοφανείας
1014 3619 1448 3693 ἀξιωθῆσεσθαιο
1481 3621 1703 3677 ἐπειδὰν

135 3721 336 3792 ἀκούσῃ
359 3717 598 3791 Χριστοῦ
629 3710 1171 3787 προαναφωνοῦντος,
1199 3713 1301 3766 οὐκ
1351 3714 1431 3775 είς
1486 3714 1703 3785 μακρὰν

138 3810 293 3865 αὐτοῦ
320 3811 416 3880 τὴν
441 3807 721 3880 βασιλείαν
753 3804 1074 3861 ἐλεύσεσθαι
1106 3802 1305 3876 (τοῦτο
1336 3802 1445 3874 γάρ
1469 3804 1503 3874 ἡ
1541 3819 1700 3873 μετα·

146 3905 432 3977 μόρφωσις,
456 3903 581 3959 καθ’
626 3902 695 3973 ἢν
742 3901 771 3953 ὁ
819 3898 1203 3963 ἀναλλοίωτος,
1246 3894 1389 3967 ὑπὲρ
1418 3894 1511 3948 τὸν
1552 3893 1704 3966 ἣλιον

152 3995 338 4067 ιλαμψε
358 3996 418 4050 τδ
445 3995 588 4066 ὑπὲρ
618 3994 763 4065 ἡμᾶς
782 3992 877 4046 καὶ
897 3987 1233 4063 ἡμέτερον),
1263 3987 1452 4059 θρέψει
1484 3986 1582 4059 μὲν
1609 3985 1705 4042 καὶ

154 4089 345 4144 micet
371 4087 604 4161 Χριστὸν
641 4082 914 4139 πεινῶντα
935 4082 1033 4137 καὶ
1061 4080 1304 4149 διψῶντα
1345 4079 1443 4152 τὴν
1488 4079 1705 4134 πάντων

157 4184 426 4255 σωτηρίαν.
458 4183 530 4236 Ἦ
577 4182 673 4235 καὶ
724 4177 939 4242 ἄλλως·
985 4175 1074 4230 διά
1132 4173 1241 4227 τῶν
1278 4172 1570 4244 δεομένων,
1614 4171 1705 4226 τὸν

154 4273 299 4326 πᾶσιν
322 4269 720 4327 είσοικισθιντα
753 4268 866 4331 τοῖς
888 4263 1147 4319 λαϐοῦσιν
1174 4261 1340 4317 αὐτὸν
1367 4262 1456 4316 διά
1488 4263 1587 4334 τῆς
1617 4261 1707 4314 πί-

160 4376 337 4429 στεωςο
402 4361 701 4432 συναγάγοι
746 4360 806 4415 δὲ
843 4359 890 4391 ³¹
932 4354 1309 4423 ξενιτεύοντα,
1371 4353 1583 4409 ινδῦσει
1647 4354 1706 4408 δὲ

158 4456 563 4527 γυμνητεύοντα,
584 4451 918 4524 θεραπεύσει
933 4450 990 4505 δὲ
1013 4447 1369 4514 ἀσθενοῦντα,
1392 4447 1488 4500 καὶ
1517 4447 1575 4499 ἐν
1598 4463 1708 4515 φυ-

1789 606 2119 679 magniiicus
2170 608 2228 662 in
2273 606 2438 664 donis
2498 607 2840 666 distribuens
2895 611 2978 667 sic
3018 610 3130 681 jam
3187 611 3365 685 dignis

1792 696 1999 752 habitis
2053 696 2149 767 qui
2209 704 2422 752 starent
2474 712 2504 751 a
2559 696 2817 764 dextris,
2876 698 2958 755 ait
3006 716 3021 754 :
3079 718 3103 754 ι
3154 700 3368 766 Venite,

1790 786 2067 843 benedicti
2115 787 2301 843 Patris
2334 787 2464 854 mei,
2494 788 2772 860 possidete
2817 796 3068 860 paratum
3093 793 3249 850 vobis
3284 810 3372 850 re-

1791 894 1959 950 gnum
1993 893 2025 934 a
2082 878 2483 936 constitutione
2544 880 2759 937 mundi.
2804 879 3028 938 Esurivi
3088 886 3261 951 enim,
3318 896 3374 947 ct

1792 972 2032 1029 dedistis
2074 972 2210 1027 mihi
2254 971 2630 1040 manducare;
2667 974 2845 1042 sitivi,
2874 987 2930 1031 et
2965 975 3202 1035 dedistis
3237 978 3369 1033 mihi

1791 1065 2014 1132 bibere;
2064 1065 2267 1137 hospes
2299 1081 2476 1132 eram,
2512 1073 2566 1121 et
2604 1066 2907 1139 collegistis
2941 1082 3065 1134 me;
3094 1070 3297 1134 nudus,
3318 1078 3374 1125 et

1794 1156 2165 1228 cooperuistis
2220 1148 2423 1226 me;'in
2456 1172 2681 1214 carcere
2727 1173 2901 1224 eram,
2936 1168 2991 1216 et
3033 1161 3270 1217 venistis
3307 1163 3373 1216 ad

1794 1262 1882 1302 me
1909 1256 1968 1300 ιι.
2001 1266 2021 1300 ι
2049 1245 2189 1302 Cum
2222 1247 2392 1317 igitur
2417 1254 2498 1303 tot
2525 1249 2638 1304 sint
2663 1263 2727 1304 ac
2748 1249 2890 1306 tales
2913 1249 3204 1306 charitatis
3228 1254 3377 1307 velut

1795 1338 2029 1408 species,
2059 1335 2523 1409 quemadmodum
2560 1338 2680 1408 ipsa
2721 1339 2776 1393 in
2810 1339 3124 1410 Evatigeliis
3163 1341 3377 1398 Veritas

1797 1429 2089 1486 manifeste
2134 1430 2377 1498 clamat,
2446 1431 2719 1488 charitate
2756 1440 2939 1488 autem
2966 1434 3020 1488 in
3065 1434 3376 1505 proximum

1794 1522 2042 1578 cbaritas
2090 1522 2147 1577 in
2200 1521 2370 1577 Deum
2419 1522 2670 1578 ﬁrmetur
2704 1563 2721 1588 ,
2778 1539 2886 1594 qua
2921 1525 3083 1580 etiam
3151 1542 3276 1582 vere
3314 1541 3379 1580 ac

1798 1611 2012 1669 sincere
2088 1620 2409 1668 contentum
2458 1613 2515 1667 in
2576 1628 2696 1670 eam
2757 1613 3094 1672 desiderium
3143 1616 3375 1683 habens,

1799 1712 2034 1773 speratae
2081 1702 2443 1759 beatitudinis
2494 1704 2697 1774 dignus
2752 1693 3095 1774 ostenditur;
3141 1722 3380 1780 cumque

1805 1813 1824 1847 ι
1858 1792 1925 1849 1η
1963 1794 2180 1851 duobus
2211 1794 2299 1851 his
2334 1794 2608 1851 mandatis
2642 1796 2899 1853 universa
2951 1797 3037 1853 lex
3068 1798 3302 1869 pendeat
3327 1812 3381 1857 et

1801 1886 2098 1958 prophetae,
2120 1896 2155 1923 ιιι
2185 1906 2205 1941 ι
2242 1887 2704 1958 quemadmodum
2737 1889 3022 1960 Scriptura
3048 1891 3103 1946 in
3134 1890 3379 1966 Evange-

1801 1976 1894 2032 liis
1916 1976 2148 2031 statuit:
2180 1976 2309 2032 hinc
2347 1976 2526 2048 palam
2556 1978 2874 2046 conﬁcitur,
2907 1995 3031 2037 esse
3055 1983 3378 2040 charitatem

1802 2083 1914 2138 ιιι-αι
1956 2058 2216 2148 omnibus
2244 2068 2301 2123 in
2364 2066 2651 2140 Scriptura
2698 2071 2977 2141 expressis
3006 2072 3210 2141 bonis,
3267 2091 3379 2133 rem

1803 2161 2057 2217 maxima:
2095 2161 2491 2233 compiexionis
2545 2169 2711 2232 atque
2754 2177 3095 2234 supremam,
3127 2179 3228 2221 nec
3257 2180 3382 2221 esse

1802 2252 1974 2308 ullum
2005 2252 2228 2309 virtutis
2266 2267 2438 2324 genus
2461 2268 2571 2323 quo
2587 2252 2753 2308 homo
2765 2254 3091 2310 concilietur
3112 2271 3178 2311 ac
3199 2258 3382 2314 cohae-

1806 2352 1923 2399 reat
1981 2342 2113 2411 Deo,
2147 2343 2492 2415 gloriamque
2530 2343 2811 2399 caelestem
2843 2354 2897 2400 et
2936 2361 3164 2417 regnum
3201 2350 3384 2421 possi-

1804 2437 1950 2500 deat,
2005 2435 2155 2507 quod
2210 2451 2319 2490 non
2374 2435 2607 2506 pendeat
2638 2450 2668 2490 a
2695 2435 2993 2503 charitate,
3026 2446 3194 2510 atque
3223 2441 3291 2497 ab
3317 2456 3380 2496 ca

1802 2542 2005 2582 arcana
2033 2524 2270 2598 quadam
2316 2528 2533 2583 ratione
2578 2516 3067 2597 comprehensum,
3118 2544 3185 2586 ac
3232 2533 3383 2588 velut

1804 2619 2060 2691 praesidio
2079 2620 2415 2676 custoditum
2433 2619 2720 2676 habeatur.
2740 2618 2925 2687 Quare
2943 2622 3110 2676 etiam
3136 2622 3382 2679 charitas

1802 2711 1952 2776 sola,
1978 2725 2207 2767 suarum
2239 2710 2478 2782 partium
2505 2710 2724 2767 senario
2749 2709 2992 2782 perfecte
3015 2719 3194 2782 gesta,
3225 2729 3383 2768 sum—

1804 2818 1948 2857 mam
1987 2802 2164 2866 illam,
2192 2799 2377 2872 qualis
2408 2807 2587 2872 potest
2634 2816 2759 2857 esse
2788 2800 3054 2869 hominis,
3092 2803 3387 2874 perfectio-

1804 2910 1928 2949 nem
1959 2909 2025 2949 ac
2049 2892 2372 2948 munditiem
2398 2893 2688 2949 constituit
2712 2893 3077 2964 philosophiae
3102 2896 3297 2965 posita:
3329 2895 3384 2950 in

1802 2986 2042 3052 actione,
2109 2984 2272 3055 cujus
2331 2984 2492 3039 finem
2552 2983 2743 3039 dicunt
2799 3000 2925 3040 esse
2972 2986 3201 3049 bonum,
3238 2988 3385 3059 quod

1806 3074 1946 3129 Deus
1969 3073 2086 3143 ipse
2114 3080 2199 3128 est
2240 3089 2254 3125 :
2287 3080 2410 3143 post
2435 3088 2600 3144 quam
2624 3073 2815 3139 etiam,
2848 3074 3162 3130 accendens
3188 3090 3387 3147 nempe

1800 3164 2091 3235 theologia:
2122 3163 2331 3234 ignem,
2372 3163 2587 3235 egregie
2620 3163 2903 3220 hominem
2931 3165 3225 3238 conjungit
3252 3166 3383 3223 Deo.

1874 3252 2166 3308 Enimvero
2214 3267 2479 3324 quorsum
2539 3252 2656 3307 haec
2707 3252 2857 3308 dicta
2894 3255 3064 3309 sunt?
3090 3252 3383 3316 Nimirum.

1803 3347 1932 3417 quia
1984 3347 2032 3403 si
2083 3346 2211 3419 quis
2262 3361 2370 3401 una
2396 3361 2521 3401 cum
2553 3343 2736 3402 Verbo
2765 3355 3029 3417 tanquam
3075 3346 3383 3420 discipulus

1804 3439 1859 3493 in
1888 3448 2131 3495 montem
2160 3437 2418 3494 sublimis
2457 3440 2942 3511 contemplationis
2994 3440 3387 3497 subvehendus

1803 3538 1909 3597 est,
1937 3529 2202 3602 regnique
2226 3531 2375 3586 illius
2419 3530 2857 3588 inaccessibilem
2916 3542 3244 3603 aspecturus
3269 3536 3389 3606 glo-

1804 3624 1966 3687 riam,
2016 3630 2182 3693 atque
2221 3616 2443 3681 visibili
2495 3618 2939 3693 intelligibilique
2970 3624 3388 3697 Deiapparitio-

1805 3729 1875 3769 ne
1903 3712 2315 3780 honestandus;
2367 3721 2664 3784 postquam
2712 3714 3000 3771 Christum
3034 3719 3385 3789 prmioquen-

1802 3810 1915 3859 tem
1946 3803 2212 3869 audierit,
2247 3803 2362 3860 l‘ore
2387 3814 2573 3860 utnon
2597 3806 2770 3862 multo
2788 3816 2913 3876 post
2947 3808 3128 3863 veniat
3157 3825 3385 3880 regnum

1806 3894 2015 3965 ipsius;
2067 3893 2120 3949 id
2149 3895 2296 3949 enim
2324 3902 2411 3950 est
2452 3894 2895 3965 transliguratio,
2944 3912 3055 3968 quo
3083 3898 3131 3955 is
3163 3900 3258 3971 qui
3298 3901 3387 3956 in-

1807 3984 2090 4043 variabilis
2114 3992 2221 4051 est,
2258 4000 2423 4056 quam
2443 4000 2542 4057 pro
2560 3987 2720 4044 nobis
2741 3996 3101 4060 nostramque
3128 4002 3385 4046 naturam

1808 4078 2027 4146 induit,
2082 4079 2364 4134 illustrius
2421 4077 2541 4133 sole
2595 4077 2929 4134 illuminavit
2985 4098 2999 4135 :
3061 4081 3385 4151 ejusmodi,

1805 4172 2052 4243 inquam,
2082 4169 2368 4227 Christum
2412 4168 2772 4238 esurientem,
2823 4171 3099 4229 sitientem
3153 4156 3385 4251 salutem

1807 4269 2074 4334 omnium,
2167 4265 2380 4338 paverit
2437 4272 2491 4321 et
2551 4267 2847 4337 potaverit.
2898 4267 3006 4323 Aut
3053 4269 3221 4324 etiam
3283 4270 3391 4324 alio

1808 4360 2115 4425 intellectu,
2167 4359 2239 4414 ita
2295 4358 2578 4415 Christum
2636 4358 2690 4412 in
2736 4359 2993 4417 omnibus
3042 4360 3384 4417 habitantem

1807 4453 1903 4523 qui
1939 4452 2119 4523 ipsum
2162 4450 2268 4508 lide
2302 4461 2693 4522 susceperunt,
2725 4466 2822 4522 per
2841 4467 3046 4524 egenos
3089 4453 3345 4509 habuerit
3372 4493 3386 4516 .

153 4540 274 4620 λαιῇ
296 4547 688 4620 καθειργμένον
710 4540 772 4600 οὗ
806 4542 1136 4616 παρόψεται,
1168 4539 1319 4611 πόθῳ
1353 4538 1448 4594 τοῦ
1480 4538 1700 4609 εὐεργε-

1809 4543 2092 4616 collegerit
2142 4557 2275 4601 vero
2309 4542 2585 4613 hospitem
2619 4581 2637 4608 ,
2673 4542 2880 4597 nudum
2918 4544 3179 4610 induerit,
3230 4544 3386 4599 infir-

150 4640 248 4693 τείν
289 4639 531 4712 σφοδρῶς
584 4638 976 4709 ἐπειγόμενοςο
1033 4634 1129 4687 καὶ
1174 4632 1267 4687 διά
1296 4631 1395 4703 τὴν
1416 4631 1700 4700 ἐπαινετὴν

1810 4650 1960 4691 mum
2001 4634 2304 4700 curaverit,
2360 4633 2644 4691 detentum
2674 4633 2731 4690 in
2763 4648 2991 4692 carcere
3029 4650 3140 4691 non
3169 4650 3385 4707 spreve-

141 4727 245 4783 τῶν
288 4732 463 4786 καλῶν
512 4729 848 4799 ἀπληστίαν,
901 4727 964 4780 οῦ
1019 4726 1180 4797 μέχρι
1209 4724 1320 4778 τῶν
1366 4723 1700 4796 φαινομένων

1808 4727 1895 4791 rit,
1982 4723 2365 4780 vehementius
2434 4723 2737 4795 instigante
2811 4724 3088 4782 desiderio
3150 4725 3389 4783 faciendi

134 4824 389 4892 στήσεται
409 4842 425 4856 ·
456 4822 580 4877 οὐδὲ
610 4824 689 4893 τῇ
707 4821 840 4893 περὶ⁵
868 4819 938 4873 τά
966 4818 1073 4885 ἔξω
1132 4817 1500 4890 φιλοφροσύνῃ
1548 4833 1700 4888 περι·

1808 4818 1980 4883 bene;
2013 4829 2078 4870 ac
2102 4829 2277 4886 neque
2317 4815 2371 4868 in
2403 4815 2475 4869 iis
2506 4830 2630 4886 quae
2671 4815 3034 4888 aspectabilia
3065 4827 3217 4884 sunt,
3248 4833 3387 4888 pro-

120 4914 367 4987 §plssrut
411 4915 512 4987 τὴν
542 4915 624 4978 είς
654 4915 743 4967 τὸν
769 4911 1157 4983 φιλάνθρωπον
1202 4909 1482 4978 Δεσπότην
1523 4908 1700 4977 φιλαν.

1810 4914 1933 4978 pter
1985 4904 2316 4958 laudabilem
2366 4902 2635 4959 bonorum
2690 4904 3060 4962 insatietatem
3119 4908 3339 4963 steterit
3371 4948 3386 4972 ,

106 4985 375 5073 θρωπίαν
395 5021 409 5035 °
456 4985 605 5061 οὕτω
633 5002 744 5072 γάρ
776 5001 968 5075 θαρρῶ
1004 5000 1208 5069 λέγειν,
1241 4997 1573 5054 ἀποσκοπῶν
1624 4999 1700 5061 εἰς

1825 5012 2003 5080 neqpe
2031 5010 2185 5052 suam
2217 4995 2272 5048 in
2314 4994 2608 5067 benignum
2640 4995 2933 5053 Dominum
2961 5007 3183 5069 totaque
3215 4999 3392 5055 homi-

95 5090 222 5174 Fh,
245 5112 263 5147 ι
303 5097 415 5166 Ἐφ’
433 5097 563 5150 ὅσον
584 5094 669 5148 ἐνὶ
692 5092 900 5147 τούτων
927 5090 1038 5145 τῶν
1063 5090 1361 5162 ἐλαχίστων
1387 5091 1700 5160 ἐποιήσατε,

1816 5106 1947 5145 nmn
1996 5103 2171 5161 genus
2210 5087 2577 5163 propensier
2636 5101 2938 5155 amantem,
2992 5089 3383 5174 humanitatem

74 5162 259 5255 διμοὶ
285 5162 575 5259 ἐποιήσατε
596 5199 611 5215 ⁸
653 5204 673 5238 ι
719 5184 859 5239 ἀλλά
908 5184 1002 5239 καὶ
1033 5182 1298 5255 ἐνδοτέρω
1338 5182 1579 5253 χωρήσει
1610 5179 1700 5234 τοῦ

1817 5180 2154 5253 benignitate
2205 5185 2259 5233 et
2297 5162 2676 5235 benevolentia
2739 5181 2795 5235 in
2837 5181 2890 5236 id
2918 5181 3065 5250 quod
3096 5162 3380 5237 externum

63 5269 482 5351 ‘awopévou,
524 5279 623 5333 καὶ
664 5278 773 5332 τῶν
800 5276 1051 5349 ψυχικῶν
1085 5274 1425 5347 παθημάτων
1452 5273 1700 5345 φροντίδα

1819 5278 2016 5345 paret,
2064 5269 2341 5325 diliinierit
2388 5284 2453 5325 ac
2513 5272 2853 5327 arctaverit:
2907 5272 3067 5342 plane
3119 5274 3263 5327 enim
3306 5272 3388 5327 sic

56 5360 414 5443 ξδιιοιήσεειιαι
436 5412 455 5438 ,
488 5373 586 5426 καὶ
641 5370 883 5442 ίατρείαν
916 5368 1195 5441 ἑπινοήσει
1221 5368 1322 5439 τὴν
1352 5368 1665 5440 πρέπουσαν
1691 5380 1700 5394 ·

1816 5365 2025 5420 audens
2072 5361 2218 5425 dico,
2262 5360 2332 5416 ad
2364 5361 2494 5417 illud
2523 5363 2823 5434 respiciens
2851 5362 2997 5433 quod
3024 5362 3229 5418 dictum
3264 5374 3345 5417 est
3372 5378 3382 5415 :

63 5449 238 5535 ᾏαὶ
267 5482 285 5515 ι
312 5462 723 5535 κατασκηνώσει
747 5462 848 5533 μὶν
876 5463 956 5525 είς
983 5460 1328 5533 τόπον⁶χλόης
1360 5480 1381 5513 ι
1416 5461 1700 5532 θρέμματα

1821 5477 1840 5509 ι
1879 5453 2129 5523 Quandiu
2153 5452 2362 5509 fecistis
2404 5454 2498 5508 uni
2531 5458 2609 5509 ex‘
2654 5454 2742 5510 his
2779 5452 3057 5520 minimis,
3094 5453 3226 5508 mihi
3259 5452 3390 5509 l'eci.

103 5529 329 5617 ἶογικὰ
354 5557 446 5610 καὶ
470 5529 909 5626 ἀρτιπαγῖγπρδς
930 5529 1236 5618 εὐσέϐειαν,
1266 5529 1294 5605 ι.
1313 5553 1408 5606 ἐπὶ
1435 5529 1492 5606 δὲ
1518 5529 1700 5613 ῦδατος

1834 5549 1933 5604 stis
1963 5552 1989 5581 ο
2027 5560 2041 5596 :
2084 5564 2103 5596 ι
2156 5543 2290 5614 quin
2348 5544 2654 5616 penetrabit
2681 5543 2748 5599 ad
2793 5543 3055 5599 interiora
3089 5541 3210 5614 ejus
3240 5545 3386 5615 quod

217 5671 257 5697 ‘
280 5668 457 5725 Matth.
491 5688 614 5738 xxv,
649 5672 841 5728 34-36.
922 5680 950 5709 ιι
978 5668 1170 5744 Matth.
1198 5683 1331 5736 xxu,
1372 5666 1465 5722 40.
1585 5673 1610 5701 °
1639 5664 1978 5727 MattltJ“,
2013 5659 2104 5715 40.

1421 5780 1655 5841 VARLE
1688 5776 2091 5839 LECTIONES.

256 5878 294 5911 ³³
317 5874 471 5935 Forte
505 5880 625 5945 μιν.
1096 5886 1105 5891 ”
2079 5904 2083 5908 ν
