3840 6312
101 292 216 368 919
1033 294 1117 356 IN
1148 289 1873 354 TRANSFIGURATION
1880 293 1987 353 ΕΜ
2028 296 2326 372 DOMINI.
3249 285 3355 350 950

120 408 438 480 αστράπτον;
491 405 565 459 Τὸ
612 404 805 468 κάλλος
850 404 912 458 τὸ
962 404 1268 474 ἀμήχανον,
1308 402 1370 456 τὸ
1406 401 1513 454 τῶν
1561 401 1717 471 span

1817 402 1968 512 ulgur
2006 405 2316 478 eﬂ‘ulgens?
2353 405 2492 474 Quid
2551 403 2906 476 pulchritudo
2941 401 3034 458 illa
3071 379 3352 470 incompa-

133 501 252 559 στῶν
305 499 562 552 ἁπάντων
606 496 938 567 ὑψηλότατόν
993 512 1053 548 τε
1109 497 1203 548 καὶ
1254 493 1607 566 τιμιώτατον,
1651 492 1681 546 ὃ

1817 501 1994 566 abilis,
2025 500 2168 554 inter
2200 500 2381 554 omnia
2408 512 2528 568 qua:
2571 504 2806 568 possunt
2856 493 3126 556 adamari,
3163 491 3360 547 celsis-

43 590 46 598 “
132 597 226 656 τοῖς
254 591 446 662 ὁρῶσιν
504 589 844 660 εὐφροσύνης
894 587 1322 642 ἀκαταπαύστου
1359 586 1682 645 καθίσταται

1817 593 1921 645 ima
1951 591 2042 645 illa
2100 605 2164 645 ac
2193 588 2618 660 pretiosissima,
2679 601 2802 658 quae
2843 585 3029 655 jugem
3065 581 3356 653 quamdam

43 686 48 712 ⁵
138 685 385 753 πρόξενον,
432 683 543 751 ὅσῳ
599 679 1114 748 καταλαμϐάνεσθαι
1160 679 1307 732 δοκεῖ
1347 676 1686 747 φανερούμε-

1817 685 2027 739 ntitiam
2053 683 2456 752 aspicientibus
2484 679 2704 743 all'erat,
2729 687 3006 748 quantum
3038 671 3364 729 manifesta-

135 792 236 839 vav;
265 775 332 827 Τὸ
355 773 410 825 δὲ
450 773 682 843 κρύφιον
722 776 814 827 καί¹
841 773 1133 845 θειότερον,
1175 773 1268 826 καὶ
1309 772 1526 826 πάντων
1564 787 1685 822 και-

49 871 58 877 “
131 869 349 932 νότατον,
406 868 490 928 τίς
535 867 662 929 νοῦς
709 865 741 935 ἦ
781 866 938 934 λόγος
984 865 1018 936 ἢ
1067 866 1278 934 ὕψεται,
1329 863 1362 934 ἢ
1411 863 1685 934 ἐκφράσαι

32 964 54 970 ”
133 963 432 1031 δυνήσεταις
465 961 526 1012 Et
555 958 665 1030 γὰρ
704 961 769 1012 τὰ
810 959 1001 1028 ίμάτια
1023 958 1270 1022 τοιαῦτα,
1299 957 1388 1010 διὰ
1412 958 1511 1026 τὴν
1545 956 1688 1009 ἐνδο-

137 1053 212 1108 θεν
245 1050 650 1120 ὲκϐλυζομένην
688 1050 883 1120 αὐγὴν,
923 1049 1167 1103 ποταπὸν
1203 1049 1310 1120 ἄρα
1339 1048 1400 1100 τὸ
1447 1047 1553 1100 ὑπὸ
1579 1046 1690 1099 τῶν

43 1175 48 1178 -
136 1144 442 1212 ἐσθημάτων
481 1142 972 1211 περιστελλόμενόν
1015 1158 1072 1194 τε
1116 1139 1212 1193 καὶ
1249 1138 1688 1212 καλυπτόμενον,

132 1238 195 1298 ὡς
232 1211 374 1306 ὑπὲρ
412 1237 604 1304 ὅρασιν
643 1236 739 1288 καὶ
772 1235 1007 1304 γνῶσιν;
1060 1235 1121 1287 El
1153 1229 1246 1286 οὖν
1291 1233 1422 1286 αὐτὸ
1466 1211 1695 1302 ἐφ’ὶαυ-

91 1335 96 1338 ’
129 1325 212 1381 τοῦ
235 1327 462 1394 γένοιτο.
493 1328 676 1379 πᾶσαν
720 1325 1010 1396 περιϐολὴν
1041 1324 1438 1393 ὲκδυσάμενοψ
1467 1321 1520 1376 τί
1566 1322 1694 1375 τοῦ·

128 1435 178 1471 το
209 1417 382 1484 λόγως
424 1416 560 1469 ἀλλά
590 1417 677 1470 διὰ
721 1417 889 1486 μόνης
920 1415 1016 1486 τῆς
1056 1415 1220 1483 ἁγίας
1259 1411 1426 1466 αὑτοῦ
1477 1411 1693 1482 στολῆς,

126 1511 184 1580 ἣν
207 1513 271 1562 ἐκ
313 1508 658 1579 παρθενικῶν
693 1508 941 1578 αἱμάτων
973 1506 1548 1576 κατασκευασάμενος,
1609 1503 1696 1558 διὰ

124 1601 210 1654 τού
251 1599 570 1670 Πνεύματος
620 1599 898 1671 μυστικῶς
934 1598 1114 1669 ἑαυτῷ
1163 1598 1526 1669 περιὲπηξεν,
1557 1599 1696 1668 ὅπερ

124 1693 264 1746 ἐστὶν
310 1693 384 1756 ὡς
411 1690 552 1746 εἶδον
584 1694 719 1747 αὐτὸ
756 1693 1180 1764 φανερούμενον,
1221 1693 1302 1755 τίς
1345 1692 1372 1742 ὁ
1400 1690 1692 1761 ὁψὸμενος;

1787 777 1936 828 tione
1969 772 2360 842 comprehendi
2381 770 2636 827 videtur?
2656 768 2948 824 Occultum
2985 779 3116 820 vero
3140 763 3277 818 illud
3302 777 3366 815 ae

1793 865 2036 920 divinius
2068 864 2412 933 maximeque
2431 877 2656 927 novum,
2682 860 2806 930 quis
2828 858 2913 913 vel
2943 856 3254 911 intellectus
3281 851 3367 907 vel

1795 962 1996 1024 oratio,
2038 957 2122 1012 vel
2145 958 2331 1013 videre
2378 956 2553 1028 possit
2581 955 2665 1010 vel
2693 950 2994 1009 enarrare?
3026 949 3160 1004 Nam
3186 948 3234 1003 si
3259 962 3368 1001 ve-

1795 1053 2054 1108 stimenta
2081 1050 2213 1105 talia
2240 1057 2369 1105 sunt
2401 1063 2469 1103 ex
2509 1046 2810 1117 splendore
2856 1044 3011 1097 intus
3036 1045 3332 1096 emanante
3351 1075 3366 1101 ,

1791 1143 1982 1212 quale,
2027 1155 2182 1208 rogo,
2214 1147 2554 1210 quantumve
2601 1133 2769 1190 fuerit
2798 1131 2971 1203 quod,
3003 1129 3152 1184 velut
3184 1127 3366 1182 visum

1791 1248 2066 1305 superans
2099 1239 2156 1288 et
2212 1231 2523 1295 scientiam,
2559 1228 2663 1283 sub
2707 1223 3054 1282 vestimentis
3092 1219 3372 1289 obtegitur

1793 1336 1847 1382 et
1876 1325 2122 1382 celatur?
2145 1325 2202 1380 Si
2233 1339 2365 1393 ergo
2399 1323 2577 1392 ipsqu
2633 1319 2784 1374 nullo
2815 1325 3131 1372 contectum
3164 1311 3369 1366 amictu

1796 1418 1850 1472 in
1887 1419 2072 1486 seipso
2115 1415 2430 1470 constiterit
2467 1431 2482 1466 :
2519 1412 2647 1482 quid
2705 1411 2810 1464 hoc
2863 1406 3028 1462 dico?
3053 1406 3166 1459 imo
3195 1403 3245 1458 si
3275 1415 3375 1471 per

1797 1510 1968 1564 solam
1989 1522 2148 1562 suam
2173 1508 2320 1566 illam
2351 1513 2601 1561 sanctam
2634 1501 2908 1564 tunicam,
2929 1510 3094 1567 quam
3111 1508 3180 1547 ex
3206 1491 3374 1562 virgi-

1797 1603 1916 1658 neis
1938 1599 2299 1667 sanguinibus
2321 1610 2417 1667 per
2441 1593 2708 1664 Spiritum
2746 1596 3061 1644 contextam
3110 1582 3217 1640 sibi
3273 1581 3376 1651 ipsi

1798 1709 1996 1748 arcana
2025 1692 2239 1746 ratione
2258 1687 2529 1758 adiunxit,
2558 1684 2609 1738 id
2633 1683 2776 1754 quod
2806 1690 2911 1748 est,
2972 1677 3134 1748 quale
3164 1675 3199 1729 ii
3231 1673 3380 1728 vide-

127 1784 236 1837 Οὐκ
271 1785 420 1836 ἔστιν
454 1784 631 1846 οὐδὲν,
663 1784 762 1837 ούκ
784 1784 922 1847 ἐστι,
942 1783 1052 1836 τῶν
1078 1785 1134 1836 ὲν
1158 1785 1223 1852 τῇ
1256 1781 1431 1835 κτίσει
1463 1781 1694 1852 θεωρου-

1817 1793 1961 1848 ·υιιι,
1995 1798 2117 1838 sese
2178 1753 2473 1835 videndum
2529 1753 2843 1846 praebuerit,
2896 1770 3020 1841 quis
3065 1763 3383 1837 aspexerit?

130 1877 327 1945 μένων,
359 1875 387 1928 ὃ
423 1878 666 1946 χωρήσει
705 1875 898 1928 τούτου
939 1876 1038 1945 τὴν
1070 1874 1378 1946 ὑπερϐολὴν
1421 1873 1521 1942 τῆς
1563 1873 1702 1941 λαμ-

127 1967 414 2035 πρότητος.
441 1965 519 2017 'El
557 1967 666 2035 γὰρ
692 1966 786 2018 καὶ
829 1965 1018 2037 μηδενὶ
1056 1964 1165 2018 τῶν
1209 1965 1426 2018 πάντων
1475 1964 1702 2016 ἀκοινώ-

131 2058 290 2126 νητόν
331 2059 440 2110 ἐστι
484 2057 544 2109 τὸ
589 2057 829 2125 ἀγαθὸν,
890 2058 1004 2112 ἀλλ’
1060 2058 1182 2128 οὐχὶ
1227 2056 1371 2122 ὅλον,
1417 2056 1445 2109 ὃ
1482 2055 1534 2108 τί
1581 2057 1702 2108 ποτ’

135 2151 304 2212 ἐστὶν,
347 2150 458 2203 ἀλλ’
487 2149 616 2202 ὅσον
644 2150 737 2203 καὶ
774 2151 922 2214 ὅπως
947 2152 1061 2213 τοῖς
1101 2149 1420 2220 μετέχουσιν
1459 2149 1703 2217 ἐφικτὸν,

141 2242 378 2310 χωρητὸν
421 2243 678 2310 γίνεται·
718 2243 814 2297 καὶ
862 2240 1023 2296 τοῦτο
1066 2243 1134 2296 δι’
1168 2243 1346 2313 ἄκραν
1394 2241 1708 2310 ἀγαθότητα

141 2335 256 2393 ταῖς
311 2331 697 2402 ἀπειροδὼροις
754 2331 1112 2401 ὲλλάμψεσιν,
1155 2332 1338 2384 ὁδεῦον
1383 2333 1478 2386 ἐπὶ
1530 2332 1708 2386 πάντα

147 2422 236 2474 καί
260 2423 638 2493 προχεόμενον.
686 2423 986 2490 Ἀπόδειξις
1019 2425 1074 2476 δὲ
1101 2423 1210 2476 τῶν
1237 2423 1546 2492 λεγομένων
1579 2421 1710 2475 αὐτὸ

152 2515 215 2565 ἂν
252 2514 332 2580 εἴη
356 2515 408 2567 τὸ
445 2516 722 2586 μακάριον
765 2514 936 2578 πάθος
980 2517 1158 2568 ἐκεῖνο
1185 2517 1278 2568 καὶ
1307 2514 1707 2586 πολυύμνητον,

152 2606 385 2674 ὅπερέπὶ
419 2607 509 2660 τοῦ
536 2607 698 2673 ὅρους
736 2607 1070 2663 πεπόνθασιν
1112 2607 1161 2659 oi
1192 2607 1500 2672 ἀπόστολοι,
1546 2607 1712 2677 ἡνίκα

152 2690 210 2740 τὸ
255 2691 534 2781 ἀπρόσιτον
579 2695 675 2747 καὶ
712 2694 940 2764 ἄχρονον
970 2695 1086 2763 φῶς
1129 2697 1230 2766 τὴν
1267 2695 1477 2750 οἰκείαν
1535 2696 1713 2766 σάρκα

158 2784 604 2854 μεταμορφῶσαν,
642 2785 720 2856 τῷ
747 2786 1144 2857 ὑπερϐάλλοντι
1180 2788 1278 2859 τῆς
1310 2788 1516 2853 οἰκείας
1545 2806 1714 2858 φωτο·

157 2872 361 2938 ϐλυσίας
389 2877 728 2948 ύπερουσίως
757 2877 1097 2949 ἐλάμπρυνε.

1801 1877 1944 1930 Nihil
2004 1890 2158 1938 sane,
2201 1873 2340 1928 nihil
2395 1869 2560 1926 fuerit
2590 1869 2645 1922 in
2707 1865 2935 1927 creatis,
3000 1859 3148 1932 quod
3193 1856 3382 1913 excel-

1803 1969 2004 2023 lentem
2060 1965 2208 2020 illius
2229 1963 2574 2033 splendorem
2606 1971 2806 2027 capere
2829 1953 3026 2024 possit.
3055 1949 3381 2017 Quanquam

1803 2062 1947 2118 enim
1978 2059 2125 2136 nulla
2153 2058 2368 2128 penitus
2393 2068 2482 2109 res
2509 2065 2701 2107 exsors
2722 2049 2792 2104 sit
2816 2047 2942 2102 boni
2969 2038 3379 2101 communione,

1807 2134 2233 2224 haudquaquam
2281 2155 2464 2202 tamen
2501 2153 2686 2198 totum
2723 2138 2869 2211 quod
2897 2145 2986 2192 est
3016 2134 3137 2204 capi
3164 2139 3380 2202 potest;

1810 2244 1903 2300 sed
1935 2250 2198 2313 quantum
2232 2247 2286 2296 et
2321 2234 2598 2308 quomodo
2638 2233 2707 2287 iis
2739 2231 2830 2300 qui
2879 2225 3179 2298 participes
3231 2229 3382 2282 sunt,

1809 2351 2132 2392 concessum
2189 2334 2301 2388 sit:
2335 2329 2504 2400 idque
2565 2341 2688 2382 cum
2743 2340 2814 2380 ex
2864 2325 2998 2396 ipsa,
3039 2333 3140 2374 sua
3187 2313 3385 2372 summi

1808 2429 1936 2484 boni
1967 2428 2203 2492 ratione,
2236 2425 2522 2479 immensae
2573 2417 2888 2489 largitionis
2925 2408 3389 2470 illustrationibus

1812 2538 1907 2593 per
1936 2519 2121 2575 omnia
2149 2525 2261 2580 eat,
2291 2533 2358 2571 ac
2385 2532 2444 2571 se
2461 2512 2758 2572 diliundat.
2783 2508 3037 2564 Probarit
3061 2512 3242 2562 autem
3267 2516 3389 2570 qua:

1801 2615 2046 2671 dicimus
2083 2613 2202 2681 ipsa
2237 2610 2328 2664 illa
2358 2609 2516 2664 beata
2551 2606 2898 2670 multumque
2930 2595 3227 2653 laudabilis
3253 2607 3389 2664 apo-

1814 2707 2078 2763 stolorum
2099 2703 2153 2756 in
2180 2710 2368 2756 monte
2399 2698 2639 2761 aﬂ'ectiu,
2664 2692 2887 2766 quando
2910 2691 3002 2745 lux
3030 2689 3120 2744 illa
3145 2687 3394 2741 inacccs-

1815 2798 1996 2854 sibilis
2029 2806 2084 2851 et
2124 2793 2411 2863 antiquior
2443 2798 2718 2859 tempore,
2751 2799 2906 2842 suam
2961 2782 3136 2852 ipsius
3169 2776 3392 2832 transti-

1817 2902 2066 2964 gnralam
2158 2880 2817 2952 carnem,_.cxsuperanti
2900 2873 3112 2947 pr0prii
3167 2867 3395 2924 luminis

1818 2960 2109 3040 dili‘usione
2143 2995 2208 3035 ac
2243 2979 2391 3033 velut
2440 2972 2796 3041 scaturigine,
2838 2967 3038 3022 eximie
3072 2960 3393 3018 illustravit.

216 3056 320 3126 Τὴν
341 3057 442 3128 γὰρ
479 3058 674 3111 ἀκτῖνα
703 3059 805 3127 τῆς
841 3057 1075 3128 ἀμώμου
1109 3058 1311 3126 σαρκὸς
1340 3057 1562 3128 ἐκείνης
1613 3059 1713 3127 φέ-

1888 3075 2025 3129 Cum
2053 3073 2200 3126 enim
2245 3064 2698 3124 incontaminataa
2751 3058 2941 3114 carnis
2973 3055 3122 3110 illius
3154 3050 3394 3112 radium,

160 3164 262 3216 ρειν
290 3149 347 3202 ού
375 3150 718 3220 δυνηθέντες,
747 3151 780 3220 ἣ
807 3153 869 3204 ὲκ
893 3153 992 3221 τῆς
1027 3148 1123 3202 τοῦ
1149 3150 1325 3218 Λόγου
1350 3150 1624 3221 θεότητος,
1657 3151 1716 3214 ὃς

161 3241 221 3309 τῇ
256 3241 412 3312 σαρκὶ
454 3242 578 3294 καθ’
621 3243 917 3294 ὑπόστασιν
963 3243 1161 3314 ἦνωτο,
1194 3242 1283 3294 διά
1332 3242 1536 3313 ταύτης
1579 3243 1718 3311 ὑπὲρ

167 3333 310 3401 φύσιν
350 3335 609 3404 ὲπήγαζε,
663 3335 954 3388 πίπτουσιν
1017 3335 1110 3388 ἐπὶ
1167 3336 1477 3406 πρόσωπον.
1511 3336 1574 3386 Ὢ
1626 3335 1720 3389 τοῦ

169 3424 453 3494 θαύματοςί
509 3427 632 3480 κατ’
685 3427 946 3480 ἔκστασιν
989 3427 1327 3496 τελεωτάτην
1354 3427 1454 3496 τῆς
1482 3427 1720 3496 φύσεως,

172 3517 308 3588 ὕπνῳ
347 3519 499 3590 βαρεῖ
549 3521 643 3574 καὶ
697 3519 848 3590 φόϐῳ
891 3521 1276 3591 κρατούμενοι,
1316 3519 1590 3591 μύσαντες
1624 3520 1722 3586 τὰς

170 3609 448 3680 αἰσθήσεις,
486 3613 666 3665 πᾶσαν
704 3613 895 3683 νοεράν
923 3612 1138 3682 κίνησιν
1164 3614 1256 3666 καὶ
1276 3613 1558 3685 ἀντίληψιν
1585 3633 1727 3670 παν-

173 3701 321 3764 τελῶς
354 3705 556 3756 ἑαυτῶν
590 3703 1040 3770 ἀποπαύσαντες,
1069 3703 1213 3758 οὕτω
1257 3708 1397 3760 κατά
1434 3706 1526 3761 τὸν
1582 3707 1728 3762 θεῖον

176 3793 359 3846 ἐκεῖνον
388 3797 477 3849 καὶ
507 3797 830 3866 ὐπὲρφωτον
869 3797 966 3849 καὶ
995 3796 1226 3867 ἀόρατον
1255 3798 1471 3867 γνόφον,
1509 3799 1586 3869 τῷ
1605 3799 1728 3869 Θεῷ

178 3886 514 3952 συνεγένοντοο
553 3887 632 3958 τῷ
661 3888 782 3958 μηδ’
803 3888 953 3952 κδλως
973 3888 1126 3957 ὁρᾷν,
1157 3889 1218 3940 τὸ
1247 3888 1418 3952 ὅντως
1452 3892 1582 3962 όρᾷν
1613 3893 1728 3944 εἰσ-

177 3971 443 4044 δεχόμενοι,
477 3981 568 4033 καὶ
598 3980 676 4050 τῷ
701 3982 932 4051 πάσχειν
965 3983 1280 4048 ἀγνώστως,
1303 3983 1402 4052 τὴν
1421 3982 1540 4035 καθ’
1566 3984 1731 4054 ὑπερ-

178 4066 292 4136 οχὴν
315 4071 502 4136 γνῶσιν
532 4072 908 4141 ποριζόμενοι,
932 4073 1025 4125 καὶ
1057 4072 1153 4143 τὴν
1179 4075 1359 4144 πάσης
1389 4077 1580 4146 νοερᾶς
1605 4079 1727 4129 ἐπι·-

181 4159 378 4222 στασίας
405 4161 743 4234 ὑψηλοτέραν
779 4165 1110 4236 ἐγρήγορσιν
1151 4167 1732 4240 ύπομυσταγωγούμε-

176 4263 265 4302 νοι.
289 4252 389 4304 Καὶ
419 4254 628 4321 γίνεται
657 4256 978 4327 παραδόξως
1000 4258 1104 4310 ἐπὶ
1123 4259 1426 4328 παραδόξου
1464 4261 1557 4314 τοῦ
1590 4262 1732 4332 πρά.

177 4353 380 4407 γματος,
430 4345 596 4408 ὕπνος
649 4347 681 4416 ἡ
741 4349 1092 4419 ἐγρήγορσις·
1150 4351 1348 4419 μᾶλλον
1395 4351 1451 4404 δὲ
1503 4355 1530 4406 ὀ
1563 4351 1730 4417 ὕπνος

1819 3187 1884 3226 ex
1920 3167 2084 3224 Verbi
2128 3160 2478 3235 hypostatice
2528 3157 2704 3213 eidem
2769 3151 2913 3208 uniti
2965 3146 3256 3204 divinitate
3299 3157 3398 3214 per

1823 3264 1998 3332 ipsam
2047 3254 2452 3312 admirabiliter
2494 3257 2811 3305 manantem
2837 3245 2982 3300 ferre
3005 3256 3112 3297 non
3145 3246 3398 3311 possent,

1827 3331 2064 3406 «cadunt
2096 3349 2148 3402 in
2174 3346 2368 3400 faciem
2389 3353 2436 3397 ι.
2465 3360 2486 3394 ι
2517 3338 2562 3396 0
2595 3336 2954 3394 miraculum!
2983 3331 3256 3388 Nimirum
3273 3345 3397 3400 per-

1823 3442 2130 3500 fectissimo
2161 3455 2191 3492 a
2218 3445 2414 3492 natura
2443 3447 2702 3498 excessu,
2742 3443 2938 3485 somno
2967 3426 3117 3498 gravi
3156 3434 3212 3480 et
3249 3431 3394 3478 metu

1823 3541 2133 3606 occupante
2162 3529 2482 3585 claudentes
2515 3538 2737 3588 sensus,
2771 3527 2937 3590 atque
2972 3518 3040 3574 ab
3070 3515 3217 3573 omni
3243 3529 3401 3585 pror-

1825 3643 1921 3684 sus
1949 3621 2312 3681 intellectuali
2335 3627 2486 3673 motu
2505 3632 2570 3671 ac
2593 3613 2948 3686 perceptione
2981 3618 3286 3672 cessantes,
3318 3607 3392 3660 ita

1826 3723 1881 3776 in
1912 3719 2098 3774 divina
2127 3717 2221 3769 illa
2249 3719 2303 3768 et
2325 3707 2764 3766 luminosissima
2789 3720 2854 3759 ac
2878 3702 3142 3758 invisibili
3171 3699 3404 3771 caligine

1827 3825 1953 3866 cum
1984 3807 2096 3862 Deo
2144 3801 2436 3873 congressi
2503 3805 2656 3861 sunt,
2709 3795 2804 3866 qui
2843 3793 2983 3849 nihil
3014 3791 3126 3860 jam
3185 3791 3404 3860 penitus

1826 3901 2100 3960 videntes,
2122 3894 2176 3950 id
2208 3891 2356 3964 quod
2409 3905 2537 3946 vere
2595 3886 2786 3942 videre
2832 3891 2940 3948 est,
2998 3881 3402 3944 admitterent;

1827 3991 2206 4063 patientesque
2263 3985 2448 4053 ignota
2497 3979 2735 4050 quadam
2799 3974 3016 4029 ratione
3052 4011 3067 4035 ,
3127 3970 3404 4026 excellen-

1828 4061 1938 4140 tem
1997 4079 2440 4150 adipiscerentur
2489 4070 2776 4129 scientiam
2813 4106 2830 4132 ,
2879 4064 3142 4133 omnique
3193 4061 3402 4116 intelle-

1830 4175 1998 4233 ctuali
2060 4172 2404 4243 inspectione
2455 4164 2839 4222 sublimiorem
2895 4157 3144 4228 vigiliam
3202 4167 3405 4208 arcane

1832 4268 2200 4324 addiscerent.
2232 4263 2310 4317 Ac
2337 4257 2664 4315 mirabiliter
2689 4251 2890 4308 accidit
2914 4252 2970 4305 in
2999 4247 3082 4303 rei
3113 4245 3405 4307 miraculo,

1833 4369 1893 4415 ut
1927 4357 2110 4429 vigilia
2175 4367 2403 4410 somnus
2451 4349 2605 4405 ﬁeret
2635 4365 2649 4414 ;
2702 4352 2865 4415 atque
2895 4340 3057 4406 adeo,
3085 4346 3144 4394 ut
3179 4351 3408 4393 somnus

177 4428 500 4506 ἐγρήγορσις,
519 4439 647 4508 τῇδε
675 4440 881 4511 ἐρημίᾳ
909 4441 1016 4494 τῶν
1051 4444 1364 4509 γνωστικῶν
1391 4445 1717 4516 ἀντιλήψεων

1833 4451 2043 4520 vigilia,
2095 4448 2179 4504 cui
2221 4443 2534 4502 cessatione
2577 4454 2605 4492 a
2635 4435 2845 4492 sciendi
2906 4429 3362 4503 perceptionibus
3391 4465 3407 4490 ,

177 4535 270 4574 των
292 4524 423 4597 ὑπὲρ
459 4528 623 4595 φύσιν
662 4530 762 4598 τὴν
791 4530 992 4598 γνῶσιν
1029 4532 1412 4602 πιστούμενος.
1450 4537 1513 4587 Ὢ
1547 4537 1628 4600 τίς
1664 4536 1730 4590 ἄν

180 4630 256 4714 μοι
285 4617 391 4687 δοίη
432 4620 592 4688 λόγον
629 4621 906 4689 τοσοῦτον,
947 4623 1144 4676 ὁπόσον
1194 4625 1287 4678 καὶ
1318 4625 1610 4697 βούλομαιί
1648 4629 1730 4692 τίς

176 4707 199 4753 ὁ
225 4707 331 4812 κατ’
363 4709 519 4812 ἀξίαν
547 4711 964 4812 συνεπαρθῆναι
985 4711 1063 4782 τῷ
1091 4717 1376 4786 μυστηρίῳ
1403 4717 1729 4790 δυνάμενος;

178 4801 288 4849 ποία
311 4801 469 4867 νοερά
503 4802 720 4868 κίνησις
745 4808 880 4873 πρὸς
919 4804 1080 4857 τοῦτο
1131 4807 1371 4877 βλέψασα
1412 4811 1594 4880 μόνον,
1644 4813 1732 4866 τὲ-

178 4886 282 4940 λεον
318 4891 478 4955 εὐθὺς
511 4895 614 4946 οὐκ
636 4895 1058 4962 ἀποσϐέννυται,
1089 4902 1494 4972 παραχωροῦσά
1524 4905 1602 4972 τῷ
1637 4908 1734 4961 ἀν-

179 4981 360 5068 εςςίκτῳ
396 4985 488 5038 τοῦ
537 4985 846 5057 θαύματος;
874 4990 1032 5042 τοῦτο
1074 4993 1166 5044 καὶ
1209 4993 1375 5047 Δαϐίδ
1430 4959 1731 5068 πόρρωθεν,

181 5065 331 5142 οἶμαι,
357 5079 811 5150 προκατανοήσας
829 5077 908 5148 τῷ
937 5083 1230 5152 πνεύματι,
1259 5085 1319 5138 τὸ
1341 5065 1617 5155 βασιλικὸν
1641 5065 1735 5145 καί

185 5168 780 5264 ῗῳφητικὸνᾹὸργα-ιον,
816 5172 1010 5242 ὲνθέῳ
1037 5175 1265 5244 στόματι
1310 5179 1447 5248 πρὸς
1498 5182 1590 5234 τὸν
1626 5183 1734 5236 τῶν

187 5259 302 5308 ὅλων
317 5259 444 5313 Θεὸν
465 5261 656 5334 ὲξεϐόη
666 5281 724 5317 σε
740 5263 934 5331 λέγων·
963 5265 1189 5337 «Θαϐὼρ
1219 5269 1310 5321 καὶ
1338 5271 1552 5341 Ἐρμὼν
1574 5274 1632 5326 ἐν
1657 5274 1734 5341 τῷ

190 5343 383 5416 ὀνόματί
418 5327 518 5405 σου
555 5327 1000 5421 ἀγαλλιάσονται.
1039 5375 1058 5407 ι
1085 5327 1196 5410 Καὶ
1239 5361 1321 5411 ὃτι
1485 5327 1738 5430 ἀγαλλιά-

198 5445 797 5539 ιξοντιτμπροηγόρευσε.
827 5447 892 5500 Τί
939 5446 1014 5510 δὲ,
1065 5449 1157 5500 καὶ
1214 5445 1467 5514 domitat
1497 5453 1621 5506 ὅσον
1673 5455 1739 5507 δι’

199 5530 443 5599 ἀκριϐείας
491 5535 643 5590 ἔσται
676 5537 776 5608 τῆς
821 5539 1302 5610 μεταμορφώσεως
1329 5544 1389 5596 τὸ
1419 5547 1738 5618 μυστήριον,

258 5719 274 5743 ⁸
299 5709 476 5768 Matth.
513 5733 645 5774 xvu.
677 5719 729 5769 6.
812 5731 836 5757 ει
863 5715 1008 5773 Psal.
1051 5735 1320 5784 Lxxxvm,
1360 5724 1424 5776 l3

1835 4542 2066 4599 scientia
2115 4551 2284 4608 supra
2321 4542 2576 4590 naturam
2618 4545 2679 4585 ac
2707 4528 2949 4584 divinior
2984 4524 3325 4580 crederetur.
3366 4515 3412 4574 Ο

1831 4636 1957 4706 quis
1997 4632 2215 4689 dederit
2274 4629 2382 4682 vim
2427 4633 2636 4679 tantam
2693 4619 2990 4682 orationis,
3048 4621 3310 4686 quantam
3359 4619 3413 4666 ct

1832 4726 2022 4796 cupio!
2055 4723 2191 4790 Quis
2215 4720 2377 4789 digne
2407 4719 2544 4772 satis
2605 4713 2785 4766 valeat
2831 4721 3198 4777 coassurgere
3225 4719 3414 4760 sacra-

1834 4817 2064 4874 mento?
2113 4813 2247 4880 Quis
2305 4805 2676 4877 intelligentiae
2721 4811 2908 4858 motus
2957 4799 3044 4855 vel
3091 4814 3158 4854 eo
3205 4805 3410 4853 tantum

1841 4909 2114 4978 aSpiciens
2135 4945 2149 4970 ,
2221 4916 2331 4956 non
2382 4897 2610 4954 omnino
2642 4893 2827 4950 statim
2861 4892 3248 4962 exstinguatur
3275 4930 3290 4953 ,
3320 4903 3414 4943 ce-

1841 4977 1978 5056 dens
2027 4993 2296 5050 miraculo
2336 4988 2480 5060 quod
2533 4993 2771 5056 nequeat
2825 4984 2962 5039 satis
3011 4980 3271 5053 percipi?
3303 4977 3414 5033 Hoc

1842 5093 1974 5163 puto
2000 5097 2053 5144 et
2083 5086 2252 5142 David
2277 5084 2390 5154 jam
2424 5083 2554 5136 olim
2587 5079 2784 5150 spiritu
2826 5074 3194 5147 praicogitans
3214 5112 3230 5136 ,
3253 5085 3415 5140 rega-

1842 5158 1891 5240 le
1947 5179 2081 5237 illud
2141 5192 2205 5231 ac
2261 5172 2642 5244 prOpheticum
2705 5182 2971 5238 organum
3005 5205 3021 5229 ,
3079 5162 3186 5217 Deo
3233 5158 3411 5214 alliam

1839 5289 1954 5336 ore,
2008 5271 2075 5326 ad
2131 5268 2520 5323 universorum
2579 5263 2749 5317 Deum
2800 5253 3133 5314 exclamavit
3176 5251 3408 5304 dicens:

1843 5387 1861 5419 ‹
1888 5365 2110 5421 Thabor
2137 5371 2192 5418 et
2210 5359 2452 5416 llermon
2485 5356 2541 5412 in
2571 5353 2793 5409 nomine
2819 5358 2912 5403 tuo
2935 5341 3355 5402 exsultabant‘.
3388 5357 3406 5390 ι

1840 5457 1982 5513 Sane
2018 5468 2172 5519 vero,
2198 5448 2454 5522 praedixit
2479 5447 2594 5500 fore
2625 5451 2685 5497 ut
2705 5440 2988 5496 exsultent
3040 5450 3054 5487 :
3093 5429 3222 5502 quid
3260 5442 3409 5492 vero,

1840 5557 1894 5606 et
1919 5547 2118 5619 quale,
2166 5521 2220 5602 et
2270 5554 2532 5615 quantum
2589 5542 2844 5594 accurate
2891 5529 3115 5586 omnino
3169 5521 3410 5576 futurum
