3840 6312
254 268 350 331 953

1239 286 1318 346 IN
1357 288 2193 351 TRANSFIGURATIONEM
2236 293 2547 355 DOI‘tllNI.

3407 297 3514 362 954

249 381 625 450 4ηρύττουσα,
656 387 689 458 ἡ
725 390 814 442 ἐπὶ
849 389 939 443 τὸν
987 392 1258 465 Ἰορδάνην
1291 398 1487 468 μικρὸν
1524 399 1827 467 ἐμπροσθεκι

1941 401 2120 456 lurnba
2145 404 2234 456 illa
2262 405 2408 459 haud
2445 407 2516 460 ita
2551 407 2760 478 pridem
2797 409 3060 465 adrolans
3085 411 3150 465 ad
3175 409 3466 466 Jordauem
3494 429 3511 467 :

242 477 577 528 καταπτᾶσαι
601 483 918 551 περιστερά·
944 484 1007 536 τὸ
1031 485 1255 556 Πνεῦμα
1280 488 1340 539 τὸ
1371 489 1544 557 ἅγιον,
1573 491 1632 543 τὸ
1653 492 1837 546 κατιὸν

239 559 456 617 ἄνωθεν
495 569 555 618 ἐν
617 570 748 622 εῖδει
789 577 1146 646 περιστερᾶς.
1197 579 1291 632 καὶ
1349 579 1509 648 μένον
1552 584 1638 634 ἐπ’
1676 584 1836 636 αὑτὸν

239 651 456 710 ἐκεῖνον
509 660 601 713 τὸν
653 663 1073 734 βαπτιζόμενον,
1113 671 1207 722 καὶ
1243 689 1260 720 ι
1301 670 1652 740 βαπτίζοντα,
1697 676 1836 728 κατά

250 744 340 836 τὴν
380 753 696 824 μαρτυρίαν
713 756 983 822 Ἰωάννου,
1017 761 1075 813 ἐν
1114 761 1386 830 πνεύματι
1415 765 1506 817 καὶ
1536 766 1692 836 πυρί’
1733 786 1750 818 ι
1777 769 1836 819 ἐν

246 831 284 904 ᾧ
340 844 442 896 καὶ
470 847 571 916 τὴν
616 847 815 919 μονὴν,
842 853 891 902 ει
919 849 1064 905 οὕτω
1109 855 1212 924 χρὴ
1245 856 1431 923 φάναι,
1464 857 1606 910 κατά
1637 859 1740 929 τὴν
1774 862 1833 912 ἐν

239 929 512 1002 ἀλλήλαις
560 939 670 992 τῶν
698 941 1057 996 ὐποστάσεων
1093 945 1322 1016 ἵδρυσιν,
1351 947 1670 1002 ἀδιάστατον
1695 950 1827 1020 ἔχει.

241 1023 437 1080 Ταῦτα
465 1028 521 1081 δὲ
550 1030 679 1099 περὶ
707 1031 808 1102 τῆς
847 1035 1075 1104 νεφέλης
1096 1038 1236 1090 νοεῖν
1271 1039 1591 1109 ἐναγόμεθα,
1621 1043 1710 1095 τὸν
1733 1042 1830 1112 μέ-

240 1133 348 1184 γαν
389 1119 709 1174 ’Δπόστολον
752 1123 848 1176 καὶ
893 1126 1023 1196 περὶ
1045 1126 1218 1181 ταῦτα
1249 1129 1568 1185 διδάσκαλον
1595 1133 1826 1202 ἔχοντες,

239 1207 306 1272 ὃς
333 1210 639 1281 Κορινθίοις
684 1213 1048 1282 ἐπιστέλλων,
1091 1235 1110 1267 ι
1142 1218 1216 1271 Οὐ
1249 1218 1410 1286 θέλω,
1443 1223 1628 1292 φησὶν,
1684 1224 1828 1294 ὑμᾶς

241 1300 482 1366 ἀγνοεῖν,
531 1300 774 1370 ἀδελφοὶ,
809 1305 890 1357 ὅτι
923 1306 973 1358 οἱ
1009 1308 1247 1378 πατέρες
1287 1312 1446 1380 ἡμῶν
1491 1314 1691 1378 πάντες
1723 1315 1827 1368 ὑπὸ

239 1391 353 1463 τὴν
375 1391 588 1462 νεφέλην
616 1387 777 1464 ἦσαν,
810 1398 904 1450 καὶ
933 1398 1137 1463 πάντες
1153 1399 1238 1452 διὰ
1260 1405 1358 1472 τῆς
1388 1401 1660 1476 θαλάσσης
1679 1407 1827 1477 διῆλ-

241 1484 366 1550 θον,
400 1485 486 1537 καὶ
505 1485 702 1550 πάντες
738 1490 818 1552 είς
845 1489 936 1542 τὸν
968 1491 1213 1562 Μωῦσῆν
1245 1493 1655 1567 ἐϐαπτίσθησαν
1675 1499 1734 1552 ἐν
1756 1501 1820 1570 τῇ

236 1575 444 1647 νεφέλῃ
477 1577 567 1630 καὶ
594 1579 653 1631 ἐν
674 1582 741 1650 τῇ
771 1579 1032 1655 θαλάσσῃ.
1065 1600 1084 1634 ι
1123 1585 1200 1654 Τῇ
1234 1584 1333 1655 μὲν
1358 1587 1554 1660 νεφέλῃ
1579 1589 1640 1641 τὸ
1663 1590 1826 1644 πνεῦ-

1941 509 2134 561 nempe
2158 495 2396 565 Spiritus
2431 503 2920 572 sanctus.Spiritus
2939 506 3098 572 quide
3117 504 3260 558 caelo
3290 502 3514 558 dt‘St:Ctt-

1938 581 2012 635 dit
2045 585 2314 639 columbae
2363 587 2566 654 specie,
2632 597 2925 658 manetque
2951 605 3117 658 super
3148 591 3299 644 illum
3329 592 3508 661 ipsum

1936 675 2028 742 qui
2063 674 2373 744 baptizatur
2393 688 2439 740 θ,
2468 696 2486 728 ι
2513 677 2886 749 baptizatque,
2909 681 3064 746 juxta
3094 679 3512 738 Joannis‘testi-

1938 767 2199 830 monium,
2225 765 2278 818 iu
2310 767 2509 836 spiritu
2541 775 2595 821 et
2621 769 2728 838 igni
2776 780 2791 818 :
2821 784 2840 818 ι
2893 771 2946 825 in
2971 775 3508 840 (iuuetcuntimtam,

1933 856 1978 910 si
2009 856 2082 908 ita
2138 857 2305 911 liceat-
2369 858 2542 928 loqui,
2615 864 2958 915 mansionem
3018 862 3202 925 habet,
3264 879 3362 932 pro
3417 865 3506 918 illa

1934 949 2370 1016 personarumin
2401 967 2459 1004 se
2491 951 2724 1006 invicem
2772 953 2920 1007 velut
2980 953 3132 1006 ﬁrma
3179 954 3306 1009 sedc
3336 968 3386 1010 et
3420 958 3512 1011 iu-

1933 1043 2203 1095 cessione.
2268 1041 2349 1095 Ad
2397 1044 2544 1097 hunc
2584 1052 2766 1098 autem
2803 1045 2871 1097 de
2897 1046 3041 1099 nube
3087 1061 3331 1110 sensum,
3391 1063 3514 1100 ma—

1931 1134 2024 1202 gni
2054 1133 2303 1203 Apostoli
2333 1135 2580 1188 doctrina
2610 1136 2888 1201 subvehit,
2921 1138 2992 1190 ita
3026 1136 3093 1192 de
3131 1137 3217 1193 his
3249 1139 3502 1192 scriben-

1931 1226 2002 1281 tis
2039 1226 2106 1279 ad
2171 1226 2490 1281 Corinthios
2522 1245 2535 1280 :
2567 1245 2584 1277 ι
2612 1225 2748 1281 Nolo
2800 1243 2896 1281 vos
2942 1228 3216 1297 ignorare,
3280 1228 3497 1293 fratres,

1928 1313 2188 1382 quoniam
2230 1321 2413 1382 patres
2445 1315 2615 1368 nostri
2647 1330 2841 1370 omnes
2870 1317 2971 1369 sub
3001 1317 3143 1371 nube
3174 1316 3414 1383 fuerunt,
3442 1329 3499 1373 et

1927 1418 2119 1458 omnes
2153 1417 2306 1457 mare
2337 1404 2699 1469 transierunt,
2721 1411 2775 1458 et
2805 1419 2997 1459 omnes
3023 1405 3078 1458 in
3111 1404 3290 1476 Moyse
3315 1407 3498 1475 bapti-

1930 1495 2035 1548 zati
2110 1503 2261 1559 sunt,
2296 1495 2350 1548 in
2403 1496 2572 1560 nube,
2615 1496 2750 1548 etin
2789 1496 2925 1549 mari
2952 1505 3001 1550 ε.
3026 1515 3044 1548 ι
3079 1496 3232 1551 Nube
3284 1498 3500 1567 quidem

1928 1602 2025 1642 ceu
2085 1594 2215 1657 typo
2261 1595 2663 1655 representans
2723 1587 2988 1654 Spiritum
3027 1627 3041 1651 ,
3113 1589 3250 1642 mari
3317 1597 3501 1642 autem

241 1683 355 1737 μα,
389 1671 448 1738 τῇ
475 1667 529 1722 δέ
555 1667 800 1744 θαλάσσῃ
832 1672 895 1726 τὺ
929 1673 1073 1746 ὕδωρ
1090 1677 1294 1744 τυπῶν,
1335 1678 1396 1744 ἐξ
1422 1673 1496 1734 ὧν
1529 1683 1623 1735 καὶ
1649 1683 1717 1736 δι’
1747 1679 1822 1739 ὧν

1927 1693 2154 1748 aquam,
2177 1693 2243 1733 ex
2269 1677 2474 1747 quibus
2501 1685 2554 1732 et
2576 1693 2606 1732 a
2639 1679 2841 1748 quibus
2868 1679 2987 1732 fons
3019 1688 3105 1733 est
3133 1680 3499 1750 baptismatis,

245 1761 285 1829 ἡ
319 1759 460 1831 πηγὴ
490 1743 864 1834 βαπτίσματος
888 1782 902 1796 ⁸
931 1743 1130 1837 μᾶλλον
1151 1770 1208 1824 δὲ
1237 1771 1337 1841 τῆς
1377 1773 1719 1843 θεογενεσίας
1761 1778 1822 1832 τὸ

1923 1743 2007 1822 vel
2050 1767 2234 1837 potius
2267 1743 2464 1822 divinae
2493 1743 2802 1824 nativitatis
2835 1784 3089 1838 magnum
3117 1743 3247 1824 illu-d
3281 1779 3333 1823 et
3365 1743 3503 1840 ριιιέ

245 1849 396 1918 μέγα
419 1850 578 1922 δῶρον
601 1855 694 1907 καὶ
723 1856 1029 1912 κάλλιστον.
1068 1861 1178 1915 Καὶ
1209 1863 1316 1936 γάρ
1331 1865 1432 1918 οὐκ
1460 1865 1607 1920 ἐστιν
1623 1868 1818 1936 ἄλλως,

249 1941 286 2010 ἦ
325 1945 384 1995 ἐν
413 1941 486 2012 τῷ
532 1945 644 2016 Υίῷ
675 1947 768 2002 τὸν
817 1950 1053 2022 Πατέρα,
1087 1953 1120 2024 ἢ
1154 1955 1212 2008 ἐν
1240 1954 1318 2026 τῷ
1353 1955 1530 2030 Πατρλ⁸
1575 1959 1668 2014 τὸν
1693 1961 1820 2015 Υἰδν

257 2034 674 2106 ἐνοπτρίζεσθαι,
714 2039 796 2092 ὅτι
846 2042 920 2112 μὴ
945 2045 1004 2096 ἐν
1042 2045 1120 2116 τῷ
1149 2047 1427 2118 Πνεύματι
1465 2051 1542 2122 τῷ
1575 2053 1736 2124 ἁγίῳ·
1790 2054 1819 2108 ὃ

259 2125 406 2196 παρά
423 2125 510 2180 τοῦ
540 2129 751 2201 Πατρὸς
783 2133 1142 2205 ἐκπορεύεται
1171 2139 1290 2208 μὲν,
1335 2139 1450 2210 Υἱῷ
1484 2141 1540 2196 δὲ
1573 2146 1695 2196 κατ’
1725 2146 1818 2198 οὐ·

260 2217 376 2271 σίαν
400 2219 753 2294 ἐμφιλοχωρεῖ
778 2226 871 2278 καὶ
899 2228 1257 2298 ἀναπαύεται,
1289 2232 1364 2297 ὡς
1393 2233 1697 2304 ὁμοοὺσιον,
1723 2237 1816 2290 καὶ

259 2308 546 2382 δμόθρονον,
571 2315 662 2369 καὶ
691 2317 969 2389 ὁμότιμον.

329 2402 597 2459 Κάνταῦθα
617 2407 819 2478 τοίνυν,
845 2401 936 2465 »ἰαὶ
967 2415 1026 2467 ἐν
1053 2413 1132 2486 τῷ
1177 2417 1419 2491 Ἰορδάνῃ
1449 2419 1510 2474 τὸ
1532 2422 1664 2476 αὐτὸ
1715 2423 1814 2493 τῆς

265 2491 468 2562 Τριὰδος
485 2500 810 2569 φανεροῦται
835 2506 1150 2576 μυστήριον,
1181 2508 1254 2579 τῷ
1287 2511 1691 2584 ὐπερηνωμένῳ
1719 2491 1812 2568 καὶ

272 2585 427 2679 πάντη
465 2591 734 2664 μοναδικῷ
765 2595 866 2666 τῆς
897 2599 1277 2672 ὑπερανάρχου
1313 2603 1563 2676 θεότητος
1589 2609 1810 2679 συνεχό-

259 2678 408 2740 μενόν
440 2697 494 2734 τε
522 2685 615 2736 καὶ
651 2686 1044 2759 ἐκφαινόμενον
1069 2692 1157 2746 διὰ
1183 2693 1291 2748 τῶν
1319 2696 1496 2750 αὐτῶν
1527 2678 1806 2768 ῥημάτων.

257 2769 536 2844 Προσθήσω
555 2776 632 2842 δὲ,
663 2779 745 2832 ὅτι
775 2781 870 2834 καὶ
889 2785 1252 2854 πραγμάτων,
1285 2788 1362 2859 τῷ
1397 2805 1460 2857 γε
1494 2790 1652 2854 θείως
1681 2809 1810 2845 σκο-

253 2863 428 2956 ¹ιιοῦντι
465 2869 558 2922 καὶ
599 2872 784 2926 πᾶσαν
817 2873 1322 2950 ὑπεραναϐεσηκότι
1351 2881 1448 2951 τὴν
1486 2883 1684 2949 κτίσιν,
1743 2887 1806 2956 τῇ

249 2952 429 3027 ὁδηγίᾳ
457 2958 548 3012 τοῦ
598 2961 933 3035 Πνεύματος.
971 2967 1141 3022 Τοῦτό
1190 2972 1307 3024 ἐστι
1340 2971 1460 3026 δι⁹ὃ
1499 2977 1564 3044 τῇ
1611 2952 1806 3047 νεφέλῃ

1921 1860 2260 1914 cherrimum
2323 1860 2549 1916 donum.
2622 1859 2813 1930 Neque
2877 1865 3023 1915 enim
3102 1861 3206 1914 alia
3288 1864 3501 1918 ratione

1923 1960 2124 2021 potest,
2180 1951 2264 2005 vel
2298 1949 2462 2006 Pater
2495 1950 2550 2004 in
2581 1951 2744 2026 Filio,
2773 1952 2857 2006 vel
2883 1952 3056 2007 Filius
3088 1955 3322 2007 iul’atre
3351 1955 3499 2008 velut

1919 2043 1976 2097 in
2016 2043 2239 2112 speculo
2291 2041 2531 2107 elucere,
2571 2056 2732 2110 quam
2785 2057 2894 2111 qua
2926 2042 2980 2095 in
3012 2041 3222 2110 Spiritu
3281 2049 3495 2106 sancto,

1917 2137 2011 2208 qui
2054 2151 2084 2190 a
2115 2135 2278 2190 Patre
2317 2133 2590 2205 procedit,
2645 2135 3006 2204 libensquein
3045 2133 3184 2187 Filio
3232 2143 3416 2188 manet
3440 2145 3497 2189 et

1918 2230 2257 2300 requiescit,
2329 2237 2587 2297 tanquam
2642 2227 2886 2298 ejusdem
2961 2226 3267 2292 essentiac,
3329 2238 3493 2299 atque

1914 2323 2111 2394 aequali
2157 2323 2285 2377 sede
2333 2333 2388 2376 et
2415 2321 2644 2376 honore.
2761 2373 2772 2384 _

1985 2412 2123 2467 Tum
2179 2412 2268 2466 hic
2315 2425 2483 2482 ergo,
2531 2418 2644 2464 tum
2684 2409 2741 2463 in
2772 2406 3012 2464 Jordane
3048 2407 3193 2462 idem
3250 2408 3496 2464 declara-

1913 2503 2342 2574 turgTrinitatis
2407 2501 2752 2574 mysterium,
2787 2500 2936 2570 quod
2971 2501 3209 2553 maxima
3241 2501 3492 2553 omnino-

1911 2614 2018 2669 que
2044 2595 2484 2667 singularissima
2512 2595 2719 2648 unitate
2743 2593 3246 2647 iutemeratissimae
3270 2592 3492 2646 deitatis

1911 2690 2192 2755 consistit,
2227 2688 2534 2758 iisdemque
2595 2685 2778 2740 verbis
2810 2683 3212 2738 manifestatur.
3251 2681 3489 2737 Addide-

1911 2783 2013 2838 t-im
2077 2795 2204 2835 vero
2234 2787 2288 2834 et
2318 2779 2483 2833 rebus
2534 2774 2753 2839 iisdem,
2789 2774 2834 2828 si
2871 2773 2995 2843 quis
3026 2772 3209 2826 divina
3253 2771 3490 2841 quadam

1887 2873 2125 2928 ratione
2148 2871 2476 2932 consideret,
2516 2881 2852 2937 omnemque
2883 2864 3243 2920 transcendat
3271 2873 3495 2917 creatu-

1911 2980 2050 3029 ram,
2091 2962 2302 3033 Spiritu
2355 2961 2518 3016 duce.
2571 2959 2704 3012 Eam
2733 2959 2803 3013 ob
2839 2973 2951 3012 rem
2987 2955 3170 3012 eximii
3203 2955 3493 3024 praecipui-

251 3047 724 3149 περιλαειφθέντες,
759 3059 852 3111 καὶ
872 3059 950 3129 τῷ
985 3062 1123 3129 φωτὶ
1150 3063 1245 3117 τοῦ
1279 3065 1571 3135 προσώπου
1601 3045 1806 3138 Κυρίου

1920 3069 2018 3125 que
2051 3051 2308 3123 apostoli,
2335 3051 2374 3105 ii
2401 3049 2555 3120 digni
2605 3049 2802 3110 habiti,
2827 3047 2921 3117 qui
2977 3045 3488 3115 transliguratiunis

232 3138 418 3192 πᾶσαν
446 3143 676 3215 ὀπτικήν
698 3147 979 3218 ἐνέργειαν
1000 3153 1385 3223 ἀφαιρεθέντες
1407 3157 1458 3208 oi
1485 3157 1807 3228 προκριθέν-

233 3243 332 3290 τες
368 3229 473 3284 τῶν
503 3233 840 3302 ἀποστόλων,
868 3242 967 3308 τῆς
997 3241 1090 3293 ἐπὶ
1119 3241 1212 3295 τοῦ
1254 3243 1416 3314 ὅρους
1443 3239 1809 3320 μὲταμορφώ-

236 3334 376 3383 σεως
401 3323 633 3379 ἐπόπται
661 3344 720 3381 τε
753 3330 1008 3398 γενέσθαι
1036 3334 1131 3386 καὶ
1161 3335 1444 3407 μάρτυρες
1465 3337 1808 3403 ἀξιωθέντες,

231 3409 340 3475 ἔξω
366 3415 581 3469 πάντων
617 3419 860 3487 ἐγένοντο
890 3424 998 3475 τῶν
1026 3425 1338 3495 δρωμένων,
1371 3427 1448 3482 ἔτι
1481 3429 1538 3482 δέ
1569 3431 1661 3484 καὶ
1691 3433 1812 3484 ἐαυ-

235 3501 374 3569 τῶν,
413 3507 501 3559 ἵνα
532 3508 593 3561 τὸ
632 3511 814 3582 πάσης
851 3511 1104 3578 θειόσεὼς
1142 3516 1185 3550 ³⁸
1235 3533 1294 3570 τε
1339 3519 1432 3572 καὶ
1469 3521 1810 3591 ἀφαιρέσεως

227 3593 536 3664 ἐκόεὸηκὸς
579 3600 702 3653 καθ’
741 3602 1400 3676 ὑπεροχὴν-ὑπερούσιον,
1455 3612 1521 3680 τῇ
1553 3609 1809 3678 ἐκφάνσει

227 3684 320 3734 τοῦ
357 3687 555 3754 Λόγου,
598 3692 777 3782 καὶτῇ
807 3696 1116 3749 ἐπισκιάσει
1148 3697 1242 3750 τοῦ
1276 3699 1602 3770 πνεύματος,
1629 3703 1720 3754 καὶ
1741 3704 1807 3773 τῇ

220 3777 442 3832 ἄνωθεν
469 3783 532 3834 ἐκ
553 3783 651 3852 τῆς
675 3777 903 3856 νεφέλης
936 3789 1214 3863 φερομένῃ
1257 3795 1408 3862 φωνῇ
1432 3792 1526 3845 τοῦ
1553 3794 1804 3864 γεννήτο-

221 3889 348 3942 ρος,
376 3873 448 3927 δι’
492 3875 754 3946 ἀόλεψξας
795 3881 889 3933 καὶ
918 3884 1190 3950 ἀγνωσίας
1235 3885 1564 3939 παιδευθῶσι
1605 3891 1810 3957 μυστή-

219 3979 367 4030 ριον.
414 3963 552 4019 ’Υπὺ
608 3969 779 4039 ταύτῃ
828 3970 1068 4038 γίνονται
1116 3978 1181 4045 τῇ
1217 3975 1416 4050 νεφέλῃ
1467 3978 1672 4047 Μωσῆς
1715 3980 1809 4032 καὶ

234 4057 450 4123 Ἠλίας,
481 4059 574 4112 καὶ
599 4060 678 4131 τῷ
705 4062 880 4132 Ἰησοῦ
917 4065 1299 4132 συλλαλοῦντες
1329 4069 1569 4140 ὼρῶντο,
1601 4072 1692 4124 καὶ
1709 4072 1809 4141 τὴν

228 4147 407 4210 ἐξοδον
458 4149 624 4204 αὐτοῦ
664 4152 762 4223 τὴν
794 4154 884 4208 διά
931 4159 1166 4229 σταυροῦ
1199 4161 1594 4231 προμηνύουσι.
1630 4157 1732 4216 Ὦν
1779 4163 1808 4214 ὁ

232 4241 327 4306 μὲν
360 4241 454 4294 τὸν
483 4244 752 4312 γραπτὸν,
779 4245 852 4310 ὡς
887 4247 1058 4319 ἔφθην
1094 4249 1284 4312 εἰπὼν,
1314 4252 1342 4304 ὁ
1373 4251 1430 4304 δέ
1456 4253 1548 4304 τὸν
1580 4254 1808 4320 φυσικὸν

229 4331 388 4399 νόμον
427 4331 597 4402 δηλοῖ.
633 4333 728 4385 ’Ὶν’
753 4335 782 4386 ὀ
823 4334 889 4388 δι’
918 4336 1244 4408 ἀμφοτέρων
1279 4355 1298 4389 ι
1338 4338 1659 4409 πολυμερῶς
1712 4339 1806 4393 καὶ

1912 3145 1965 3198 in
2023 3151 2206 3198 monte
2258 3142 2598 3209 inspectores
2645 3145 2833 3192 essent
2883 3145 2934 3190 et
2997 3142 3209 3199 testes,
3262 3133 3490 3187 interci-

1910 3241 2096 3312 piente
2141 3238 2307 3304 nube,
2344 3251 2408 3290 ac
2459 3236 2580 3288 luce
2627 3247 2657 3286 a
2712 3229 2997 3285 Dominico
3048 3228 3200 3284 vultu
3252 3227 3492 3282 micante

1909 3334 2088 3388 risum
2145 3345 2361 3385 omnem
2412 3327 2708 3390 adimente,
2761 3322 3018 3378 omnibus
3065 3321 3169 3377 sub
3201 3329 3484 3391 aspectum

1909 3424 2234 3481 cadentibus
2259 3429 2615 3478 excesserunt
2661 3436 2673 3472 :
2707 3419 2773 3473 ad
2803 3419 2921 3472 haec
2940 3431 3069 3472 vero
3095 3425 3149 3470 et
3175 3415 3373 3483 seipsis
3394 3454 3408 3478 ,
3431 3421 3490 3466 ut

1911 3516 2073 3572 Verbi
2117 3513 2422 3570 occultiore
2473 3511 2750 3575 doctrina,
2773 3519 2827 3565 et
2856 3507 3282 3564 obumbratione
3311 3505 3490 3575 Spiri—

1911 3617 2023 3674 tus,
2057 3623 2122 3662 ac
2155 3606 2434 3660 Geuitoris
2491 3618 2624 3658 voce
2650 3603 2717 3656 de
2745 3601 2888 3656 ccelo
2940 3601 3132 3664 missa,
3189 3600 3339 3654 velut
3387 3613 3492 3653 cae-

1909 3703 2073 3755 citate
2098 3707 2153 3756 et
2181 3699 2549 3769 ignoratione,
2575 3697 2626 3751 id
2659 3697 2794 3750 tanti
2844 3700 3254 3749 sacramentum
3313 3691 3490 3746 disce-

1908 3799 2054 3855 rent,
2085 3790 2232 3860 quod
2262 3791 2435 3843 totius
2469 3789 2762 3859 positionis
2790 3794 2844 3841 et
2874 3783 3182 3854 negationis
3215 3782 3327 3851 (li)
3354 3782 3490 3835 emi-

1910 3889 2131 3936 nentem
2191 3880 2520 3936 substantia:
2547 3876 2939 3948 perfectionem
2964 3889 3129 3944 supra
3154 3872 3373 3926 modum
3394 3887 3490 3925 ex-

1911 3974 2150 4029 cederet.
2189 3970 2304 4026 Sub
2337 3971 2440 4024 hac
2495 3968 2641 4023 nube
2671 3967 2899 4023 veniunt
2923 3964 3104 4020 Moses
3135 3969 3188 4017 ct
3221 3962 3388 4022 Elias.
3423 3975 3487 4014 ac

1909 4065 2011 4120 visi
2043 4072 2173 4119 sunt
2214 4063 2600 4132 colloquentes
2650 4074 2774 4114 cum
2801 4056 2956 4122 Jesu,
3000 4053 3484 4126 praeuuntiautque

1909 4155 2287 4227 cjusfuturmn
2305 4167 2594 4209 excessum
2616 4166 2710 4221 per
2731 4147 3264 4217 crucem.;Quorutn,
3283 4143 3483 4204 utdixi.

1910 4250 2004 4303 ille
2039 4247 2257 4318 quidem
2302 4245 2566 4314 scriptam
2606 4244 2805 4311 legem,
2845 4239 2934 4294 hic
2959 4245 3144 4292 autem
3175 4234 3483 4288 naturalem

1911 4339 2136 4394 indicat.
2190 4336 2345 4392 Adeo
2400 4343 2460 4389 ut.
2521 4331 2788 4396 Verbum,
2845 4327 2994 4401 quod
3065 4345 3084 4379 ι
3123 4322 3484 4380 multifariam

229 4421 606 4494 πολυτρόπως,
639 4443 658 4475 ι
685 4426 1060 4491 ἀποστολικῶς
1082 4430 1803 4499 εἰπεῖν.άναγινωσκόμενος

1920 4430 2212 4500 [mutisque
2267 4426 2450 4482 modis
2493 4425 2521 4465 h
2561 4443 2580 4476 ι
2619 4423 2841 4495 legitur,
2895 4429 2955 4476 ιιι
3007 4417 3254 4490 Apostoli
3307 4413 3487 4467 verbis

229 4513 397 4581 Λόγος
421 4553 437 4577 ,
462 4514 558 4569 τοῦ
591 4518 688 4587 μὲν
719 4517 966 4590 ποιητὴς.
995 4520 1088 4573 τοῦ
1113 4519 1170 4572 δὲ
1193 4521 1483 4593 πληρωτὴς
1507 4525 1804 4595 γνωρισθῇ·

228 4604 314 4656 καὶ
342 4603 425 4675 νῷ
457 4605 560 4675 μὲν
585 4607 734 4670 τέλος
764 4607 955 4663 ἑαυτὸν
988 4609 1149 4680 ἐπιθῇ
1184 4611 1246 4663 τὸ
1286 4612 1576 4683 μακάριον,
1609 4613 1700 4665 τὸν
1746 4612 1804 4664 δὲ

231 4697 610 4752 παλαιωθέντα
646 4700 745 4771 ήδη
787 4701 882 4754 καὶ
907 4701 1232 4774 διαρρυέντα
1261 4707 1373 4768 τοῖς
1403 4704 1639 4774 λογικοῖς
1701 4705 1804 4758 ὑπὸ

290 4894 314 4921 ο
351 4879 518 4936 Joan.
553 4894 592 4941 1,
624 4879 716 4935 55.

1915 4522 2130 4591 loquar,
2156 4519 2388 4574 alterius
2418 4515 2642 4587 quidem
2688 4519 3126 4585 cognosceretur
3160 4514 3374 4566 auctor,
3410 4503 3488 4555 al-

1912 4613 2088 4668 terius
2115 4624 2248 4666 vero
2296 4613 2769 4664 consummator:
2828 4612 2992 4674 atque
3051 4599 3209 4655 alteri
3263 4594 3484 4666 quidem

1911 4705 2132 4759 beatum
2169 4717 2232 4758 se
2282 4701 2464 4773 ipsum
2518 4698 2682 4755 finem
2716 4696 3061 4768 adiungeret,
3114 4693 3340 4747 alteram
3369 4685 3484 4760 jam

780 4877 929 4935 limo
946 4879 1132 4939 Matth.
1160 4872 1422 4948 In,H.¢|
1460 4882 1678 4945 Cor.'x,
1723 4883 1774 4947 ί,
1807 4882 1864 4937 2.
1941 4881 1970 4922 ιι
2000 4879 2169 4935 llebr.
2201 4896 2241 4946 ι,
2300 4879 2353 4932 ι.

1472 4994 1707 5051 νΑιιιίΕ
1764 4991 2176 5050 LECTIONES.

287 5089 336 5122 ³⁵
369 5085 539 5140 Forte
575 5082 798 5148 Oscam;

1544 5170 1932 5228 COMBEFISII
1963 5171 2201 5228 NOTAE.

296 5267 410 5336 (ll)
441 5265 628 5322 Totius
651 5265 932 5334 positionis
960 5274 1009 5319 et
1034 5265 1354 5336 negationis,
1375 5273 1480 5319 etc.
1521 5264 1596 5336 Τὸ
1627 5263 1809 5332 πάσης

230 5333 430 5400 (licetqu
453 5354 514 5390 τε
563 5333 660 5391 καὶ
689 5336 1037 5407 ἀφαιρέσεως
1082 5333 1202 5407 Duo
1235 5343 1368 5407 sunt
1426 5333 1571 5388 modi
1609 5348 1814 5402 eugno-

234 5407 417 5461 scendi
451 5407 661 5468 divina,
712 5405 948 5477 quorum
986 5405 1073 5477 hic
1105 5405 1246 5459 alter
1278 5405 1441 5458 altior
1487 5412 1806 5477 est;quau-

238 5491 394 5544 quam
428 5485 484 5532 ct
523 5477 644 5547 ipse
699 5475 1186 5547 d‘elicieutissimus
1226 5493 1240 5529 :
1273 5483 1330 5528 ut
1357 5489 1465 5544 quo
1501 5487 1602 5547 nec

243 5542 360 5618 quid
405 5554 492 5602 est
519 5542 564 5613 ,⁷
596 5547 871 5618 novimus.
934 5545 1258 5618 Mysterittm.
1314 5542 1446 5618 ergo
1499 5542 1802 5618 ἐκσεὸηκὸς

247 5612 352 5688 ω’
407 5612 706 5688 ὑπεροχὴν,
758 5612 1084 5688 ὑπεροὺσιον
1127 5616 1310 5684 πάσης
1358 5612 1559 5688 θέσεως
1589 5629 1648 5664 τε
1689 5612 1801 5665 ήκαὶ

249 5683 615 5758 ἀφαιρέσεως
640 5683 1008 5744 “ιέγριαιιίίιιιιι
1043 5689 1096 5741 iu
1121 5683 1323 5743 monte.
1376 5683 1623 5740 Trinitas
1688 5691 1793 5746 est,

1910 5281 2030 5334 quae
2065 5265 2305 5334 seipsam
2356 5264 2588 5319 doceat:
2623 5261 2850 5334 omnino
2883 5257 3154 5334 excedens
3209 5250 3476 5334 quidquid

1909 5323 1976 5390 de
2002 5337 2114 5390 Deo
2135 5323 2482 5404 concipimus
2505 5347 2670 5404 supra
2703 5328 3098 5404 substantiam,
3134 5337 3198 5376 ac
3219 5323 3479 5404 subitam-
3583 5383 3588 5386 ξ

1907 5388 2446 5469 ιίαξ-ριιίιὶιιοηείιιιιιι
2479 5388 2824 5464 affirmando,
2849 5406 2972 5469 tum
3032 5388 3303 5469 negando.
3338 5388 3478 5468 Sunt

1676 5488 1800 5528 eum
1905 5459 1995 5530 hic
2039 5459 2233 5529 omnia
2284 5459 2442 5528 valde
2489 5471 2719 5542 mystica
2749 5459 3021 5522 et'devota
3050 5502 3065 5526 ,
3111 5459 3294 5542 ponus
3328 5459 3474 5542 serio

1902 5529 2216 5600 lacuna-uda
2246 5556 2297 5599 et
2323 5529 2587 5598 trahenda
2612 5539 2676 5595 ad
2707 5551 2908 5601 mores,
2932 5549 3095 5604 quam
3114 5529 3474 5602 longioribus

1899 5615 2228 5672 commentis
2260 5615 2556 5669 onerauda.
