3840 6312
151 367 262 435 355
1256 367 1340 429 IN
1369 368 1734 428 LAZARUM
1771 365 2420 440 QUATRIDUANUM.
3346 369 3452 433 ρει
3491 427 3496 430 ,

152 496 353 532 aut:
387 476 448 530 τὸ
486 479 717 549 πρᾶγμα
741 477 892 550 δηλοῖ
916 479 944 530 ὀ
971 476 1222 554 Χριστὸς,
1253 479 1346 533 καί
1384 498 1405 531 ι
1449 481 1588 552 Φησι
1623 484 1757 554 παῤ·

1877 480 2006 536 tatis
2039 480 2335 548 velamine,
2367 493 2485 534 rem
2521 479 2782 537 Christus
2809 481 2957 537 clare
3008 481 3204 552 aperit.
3233 492 3288 539 et
3312 491 3334 536 ἢ
3365 485 3456 541 Ait

151 569 346 642 ρησίᾳ
370 586 385 600 ·
413 569 661 638 Λάζαρος
691 568 988 623 ἀπέθανεν.
1019 551 1040 620 ί
1070 569 1258 633 Οὕτως
1276 551 1584 641 ἡγνόονντὸ
1609 551 1766 642 λεγύ-

1877 570 2164 625 manil‘este
2202 589 2215 626 :
2247 569 2493 627 Lazarus
2527 582 2783 627 mortuus
2808 579 2914 628 est.
2957 591 2977 624 ι
3021 551 3096 626 Ita
3125 576 3278 645 quod
3301 577 3456 632 dice-

150 679 342 734 μενον
368 678 382 690 ·
415 663 510 714 καὶ
539 661 777 731 τοσούτῳ
815 661 1000 726 πλέον,
1024 662 1134 734 ὅσῳ
1169 665 1261 716 καὶ
1293 665 1768 736 παρηλλαγμένως

1877 660 2035 716 batur
2059 662 2379 717 nesciebant
2413 679 2428 716 :
2459 678 2522 718 ac
2575 679 2642 718 eo
2667 664 2926 733 amplius,
2975 681 3087 735 quo
3141 642 3314 720 etiam
3357 669 3455 723 ab-

144 754 258 826 τὴν
301 753 708 825 ἀνθυποφορὰν
741 755 1021 809 ἐποιοῦντο
1068 756 1161 809 τοῦ
1209 756 1391 823 λόγον.
1444 758 1607 812 Μάλα
1637 759 1768 826 γοῦν

1877 767 2010 807 sone
2043 768 2104 806 ac
2129 760 2418 824 peregrine
2473 771 2572 826 per
2601 756 2974 825 ohjectionem
3003 763 3276 815 sermonis
3305 765 3456 818 exci-

145 845 526 913 εὑττρεπῶςὸ
549 846 753 916 Κύριος
784 847 1137 918 θριαμϐεύων
1165 847 1228 900 τὸ
1246 849 1496 919 πρᾶγμα,
1521 849 1767 920 παρευθὺ

1877 844 2117 913 piebant.
2179 845 2487 900 Admodum
2545 863 2677 918 ergo
2731 864 2976 920 congrue
3027 867 3140 905 rem
3194 853 3453 911 Christus

144 939 471 1009 ἐπιφέρει·
529 958 548 991 ι
596 941 848 1006 Λάζαρος
903 940 1199 994 ἀπέθανεν.
1249 961 1268 991 ι
1342 940 1557 994 Ὠσανεὶ
1609 941 1768 996 τοῦτο

1877 937 2168 991 traducens
2193 937 2629 996 infert.dicens:
2663 959 2680 992 ι
2709 939 2955 997 Lazarus
2991 953 3245 999 mortuus
3283 954 3387 1000 est.
3421 965 3441 999 ι

142 1033 350 1099 λέγων
369 1047 385 1064 ·
431 1032 630 1093 Γνῶτε,
655 1033 820 1104 φησι,
854 1032 942 1086 διὰ
970 1032 1072 1102 τῆς
1110 1033 1426 1101 ἐκφάνσεως
1453 1033 1512 1086 τὸ
1540 1034 1765 1104 γενησό-

1877 1026 2041 1093 Quasi
2072 1027 2225 1082 dicat
2260 1044 2274 1082 :
2309 1027 2544 1094 Scitote,
2584 1030 2877 1099 inquit,ex
2911 1033 3367 1102 interpretatione
3395 1047 3452 1091 ct

147 1139 375 1192 μενον·
411 1142 431 1172 ι
475 1122 784 1192 Πορεύομαι
811 1123 918 1191 γὰρ
948 1123 1034 1174 ἵνα
1069 1122 1342 1187 ἐξυπνίσω
1367 1124 1550 1178 αὐτόν.
1597 1144 1615 1174 ι
1655 1124 1768 1178 Καὶ

1877 1117 2120 1172 doctrina
2183 1120 2329 1190 quod
2368 1127 2454 1174 est
2509 1120 2756 1175 futurum
2807 1141 2822 1177 :
2863 1142 2880 1172 ‹
2910 1122 3066 1178 Vado
3119 1126 3265 1178 enim
3327 1135 3448 1180 uta

145 1213 335 1264 τσῦτο
379 1209 788 1280 ἀφιλοκόμπὼς
811 1227 824 1240 ⁸
867 1211 927 1264 ού
966 1211 1075 1282 γὰρ
1100 1212 1571 1284 φιλοτιμούμενος,
1601 1214 1675 1276 ὡς
1703 1215 1768 1270 ἄν

1877 1223 2070 1264 somno
2107 1209 2344 1262 excitem
2405 1225 2557 1264 eum.
2600 1229 2619 1260 ι
2655 1211 2717 1278 Et
2795 1212 2900 1267 hoc
2929 1213 3049 1272 sine
3089 1214 3358 1283 jactautia
3395 1224 3450 1269 ct

143 1319 240 1361 τις
279 1300 462 1368 φαίη,
493 1298 616 1352 οὔτε
650 1299 975 1368 ἀδυναμίας,
1007 1301 1040 1368 ἢ
1073 1301 1299 1368 ἀγνοίας
1331 1285 1768 1373 ἁποξραινόμενος

1877 1297 2014 1352 fastu
2047 1317 2062 1364 ;
2103 1314 2211 1352 non
2243 1300 2388 1354 enim
2453 1302 2724 1370 glorians,
2769 1311 2829 1356 ut
2864 1304 2935 1356 ita
2998 1304 3202 1370 dicam,
3239 1322 3304 1360 ac
3344 1308 3448 1363 sibi

145 1395 408 1462 ῥήματα
432 1408 448 1421 ·
483 1389 599 1442 ἀλλ’
625 1390 760 1460 ὁμοῦ
782 1393 978 1457 πάντα,
1009 1391 1070 1444 τὸ
1099 1393 1286 1462 σοφὸν,
1317 1394 1410 1447 καὶ
1433 1412 1768 1465 προγνωστι-

1877 1391 2118 1460 placens,
2175 1407 2358 1460 neque
2439 1393 2778 1464 impotentiae
2849 1396 3017 1449 verba
3073 1397 3294 1453 lovutus
3356 1411 3452 1454 aut

145 1483 284 1542 χόν,
335 1483 442 1532 καὶ
483 1481 710 1533 δυνατὸν
761 1482 1094 1550 ὑποφαίνων,
1142 1482 1178 1536 ἃ
1227 1486 1321 1537 καὶ
1362 1487 1576 1557 προσῆν
1621 1488 1770 1559 αύτῷ

144 1573 316 1627 κατὰ
346 1573 540 1643 φύσιν.
583 1573 674 1636 Ὠς
713 1573 823 1644 γὰρ
867 1575 966 1646 ἤδη
998 1577 1282 1646 παρόντων
1320 1577 1428 1632 τῶν
1471 1579 1766 1651 ἐσομένων,

150 1665 461 1737 προῦλεγε
492 1664 593 1729 τὰς
624 1665 901 1731 ἐκϐάσεις.

1873 1483 2234 1553 ignorantiae;
2264 1483 2358 1536 sed
2393 1483 2447 1536 in
2515 1485 2778 1538 omnibus
2819 1486 2982 1540 simul
3016 1495 3073 1541 et
3121 1490 3449 1556 sapientiam

1869 1583 1923 1630 et
1944 1575 2345 1644 praascientiam
2368 1584 2418 1628 et
2435 1577 2736 1645 potentiam
2785 1579 3108 1642 ostendens,
3137 1596 3257 1649 quae
3285 1585 3450 1635 etiam

1874 1683 1974 1736 per
2009 1676 2263 1720 naturam
2296 1667 2372 1720 illi
2432 1669 2685 1721 aderant.
2726 1667 2890 1722 Velut
2920 1669 3108 1724 futura
3158 1675 3448 1740 pra'scntia

1867 1759 1979 1827 jam
2005 1767 2210 1826 essent,
2242 1767 2477 1814 eventus
2512 1760 2866 1827 praedicebat.

247 1863 269 1895 ι
309 1846 574 1916 Λάζαρος
602 1846 842 1900 ἀπέθανε
863 1862 875 1876 ⁸
925 1848 1021 1901 καὶ
1053 1850 1229 1921 χαίρω
1255 1851 1324 1904 δι’
1359 1853 1536 1924 ὑμᾶς,
1568 1857 1648 1909 ὅτι
1672 1857 1770 1910 οὐκ
1802 1824 1845 1880 Β

162 1937 328 2007 ἧμην
371 1939 534 1990 ἐκεῖ·
569 1936 687 1991 ἀλλ’
718 1939 944 2008 ἄγωμεν
978 1940 1115 2012 πρὸς
1152 1942 1335 1996 αὐτόν.
1376 1962 1395 1995 ι
1437 1945 1620 2016 Ὁρᾷς,
1655 1948 1771 2013 πῶς

169 2028 482 2100 μετριάξει
523 2031 604 2099 τῷ
641 2031 817 2102 Myro;
858 2033 953 2086 καὶ
1001 2037 1067 2104 τῇ
1111 2037 1251 2090 κατὰ
1302 2038 1468 2108 μέρος
1511 2041 1770 2110 ἐκφάνσει

167 2121 269 2176 τοῦ
299 2124 672 2193 προκειμένου
709 2123 913 2178 σκοποῦ
933 2167 948 2189 ,
976 2126 1078 2198 τὴν
1115 2127 1292 2198 ὁρμὴν
1343 2131 1603 2185 ἐπιτείνει
1635 2135 1770 2204 πρὸς

165 2213 272 2284 τὴν
310 2214 410 2267 τοῦ
459 2215 739 2283 θαύματος
774 2215 1036 2283 ἐνδειξιν;
1069 2218 1142 2271 Ού
1186 2219 1296 2288 γὰρ
1330 2221 1664 2291 παρέζευξεν
1695 2224 1772 2288 ὠς

170 2306 232 2357 ἐν
256 2305 361 2375 τῷ,
394 2309 768 2374 κεκοίμηται,
796 2307 1099 2371 κάνταῦθα,
1131 2327 1148 2359 ι
1179 2310 1493 2380 Πορεύομαι
1518 2313 1770 2365 ἴνα-ἀνα-

175 2401 372 2470 στήσω
397 2400 562 2452 αὐτόν
587 2415 601 2429 ·
642 2417 661 2449 ι
695 2399 829 2452 ἀλλὰ
877 2403 1182 2470 σιωπήσας,
1210 2421 1228 2453 ι
1264 2404 1480 2474 Χαίρω,
1518 2407 1673 2475 φησι,
1703 2406 1770 2458 δι’

182 2493 352 2562 Epig,
391 2493 482 2545 ἵνα
506 2490 858 2562 πιστεύσητε,
885 2492 970 2545 ὅτι
997 2494 1095 2546 οὐκ
1136 2489 1205 2565 ἦν
1231 2496 1364 2548 ἐκεῖ.
1403 2515 1422 2549 ι
1460 2497 1535 2549 Ού
1563 2501 1674 2568 γὰρ
1705 2499 1771 2553 ἂν

177 2585 458 2653 παρόντος
490 2583 626 2652 ἐμοῦ
653 2584 815 2653 τυχὸν
852 2584 994 2637 κατὰ
1031 2585 1092 2637 τὸ
1136 2586 1479 2657 ἀνθρώπινον
1505 2588 1748 2658 δηλονότι

175 2652 482 2746 κατίσχυεν
505 2677 534 2728 ὁ
566 2652 799 2739 θάνατος
819 2691 833 2703 ·
877 2693 896 2726 ι
945 2675 1083 2728 Ἀλλ’
1113 2652 1334 2746 ἄγωμεν
1366 2678 1502 2750 πρὸς
1525 2652 1709 2736 α’ύτόν.
1746 2652 1770 2732 ί

175 2768 342 2828 Τίνος
364 2769 586 2831 ἓνεκεν;
628 2768 748 2822 ἰνα
784 2767 1114 2835 πιστεύσητε
1139 2768 1234 2820 καὶ
1257 2771 1484 2838 νεκροὺς
1510 2770 1770 2824 δύνασθαί

178 2879 246 2931 με
279 2861 628 2924 δεσποτικῶς
654 2861 897 2930 ἀνιστᾷν.
931 2877 949 2910 ι
990 2859 1241 2929 Λάζαρος
1271 2862 1560 2916 ἀπέθανεν.
1587 2882 1606 2914 ι
1644 2863 1771 2916 Ὅτε

179 2954 282 3023 μὲν
339 2953 570 3023 ἀσαφῶς
608 2949 1001 3019 κεκοιμῆσθαι
1047 2951 1341 3021 προῦλεγε,
1387 2952 1575 3005 τοῦτον
1620 2955 1772 3022 φίλον

177 3045 394 3110 ἐκάλει,
429 3042 740 3106 συσκιὰζων
767 3045 830 3114 τῇ
857 3042 952 3096 τοῦ
997 3043 1153 3112 φίλον
1187 3043 1534 3116 προσηγορίᾳ
1560 3044 1652 3097 τὸν
1679 3044 1774 3099 θά-

176 3154 384 3191 νατον·
421 3137 510 3190 ὅτε
552 3137 610 3190 δὲ
653 3135 937 3206 παρρησία
980 3133 1241 3188 τεθνᾶναί
1273 3151 1444 3206 φησιν
1493 3135 1678 3202 αὐτὸν,
1709 3137 1770 3190 τὸ

180 3234 370 3300 φίλος
399 3231 692 3301 ἀποσιωπᾷ
716 3245 727 3256 ·
756 3229 832 3299 τῷ
861 3231 934 3300 μὴ
963 3229 1286 3299 νομισθῆναι
1323 3229 1643 3300 περιπαθῶς
1671 3231 1768 3283 αὑ-

185 3323 280 3377 τοῦ
311 3321 690 3393 περιέχεσθαι.
725 3323 800 3374 οὺ
833 3322 942 3390 γὰρ
972 3322 1284 3392 οἰκονομίας
1313 3321 1493 3392 μόνον,
1519 3322 1656 3377 ἀλλὰ
1679 3325 1773 3378 καὶ

185 3415 476 3478 agema;
515 3414 740 3480 ἔνδειξις
781 3409 885 3485 ἦν’
935 3415 1034 3483 τῆς
1063 3415 1164 3484 μὲν
1192 3415 1262 3468 τὰ
1296 3414 1614 3486 ἀνθρώπινα
1637 3456 1651 3482 ,
1677 3417 1774 3470 καὶ

187 3513 288 3564 ὅσα
313 3509 414 3577 τῆς
449 3507 685 3577 φυσικῆς
705 3505 991 3568 ἀσθενείας
1007 3506 1084 3576 τῷ
1101 3506 1491 3577 προσλήμματι
1513 3525 1774 3578 παραχω-

194 3602 393 3673 ρούσης
412 3618 424 3630 ·
455 3600 555 3668 τῆς
576 3599 630 3652 δέ
655 3600 721 3652 τὰ
752 3598 889 3657 θεῖα,
917 3600 1011 3651 καὶ
1049 3599 1150 3652 ὃσα
1185 3599 1284 3670 τῆς
1309 3600 1499 3669 θεῖκῆς
1521 3601 1772 3665 ἐξουσίας

191 3687 265 3758 τῷ
282 3687 675 3756 προσλήμματι
699 3683 1138 3755 περικοπτούσης
1159 3684 1256 3738 ³⁶.‹
1280 3686 1471 3753 Χαίρω
1484 3685 1595 3746 οὖν,
1617 3689 1769 3755 φησι,

191 3781 256 3834 δι’
296 3781 465 3850 ὑμᾶς,
514 3779 602 3831 ἵνα
664 3776 1038 3844 πιστεύσητε,
1082 3776 1164 3830 ὅτι
1219 3778 1321 3830 οὐκ
1376 3779 1526 3847 ήμην
1574 3781 1708 3833 ἐκεῖ.
1747 3797 1768 3830 ι

194 3871 416 3935 Βλέπεις
454 3869 730 3940 πανταχοῦ
758 3869 854 3940 τὴν
880 3870 1067 3922 πίστιν
1091 3870 1276 3932 αὐτοῖς
1294 3870 1769 3939 κατασπείροντα;

195 3965 278 4036 Τῷ
317 3965 393 4035 μὴ
437 3963 587 4028 δόξαι
631 3964 770 4033 τάχα
799 3961 1189 4032 προσποιητῶς
1229 3960 1632 4031 ἐσχηματίσθαι
1680 3963 1770 4014 τὸν

118 4091 121 4096 -
196 4055 440 4109 θάνατον.
487 4055 645 4107 Ἤτοι
691 4054 766 4124 μὴ
806 4052 989 4106 δοῦναι
1022 4055 1206 4122 χώραν
1247 4053 1406 4122 τυχὸν
1449 4052 1525 4122 τῷ
1557 4053 1770 4123 θανάτῳ

195 4143 574 4218 περιγενέσθαι
619 4143 729 4197 τοῦ·
779 4143 1032 4214 φίλου,ἧ
1077 4143 1328 4207 ἐξελάσαι
1378 4144 1479 4214 τήν
1523 4144 1698 4205 νόσον,
1735 4145 1767 4216 ἢ

195 4236 507 4310 ἀναρρῶσαι
545 4235 638 4288 τὸν
701 4235 973 4304 κείμενον.
1048 4232 1230 4286 Ταῦτα
1278 4233 1387 4303 γὰρ
1436 4234 1502 4286 ἂν
1545 4235 1765 4305 συνέϐη,

196 4333 340 4401 φησὶ,
373 4328 641 4398 παρόντος
671 4325 826 4397 ἐμοῦ.

269 4416 782 4488 Ἀνθρωπινώτερον
813 4417 870 4469 δέ
923 4433 1042 4478 πως
1102 4410 1241 4468 εἶναι
1281 4416 1430 4468 δοκεῖ
1468 4415 1546 4478 τὸ,
1589 4433 1607 4467 ι
1651 4415 1767 4468 Οὐκ

1950 1869 1968 1898 ι
2008 1849 2249 1904 Lazarus
2312 1861 2571 1904 mortuus
2595 1859 2679 1905 est
2715 1869 2728 1905 :
2757 1859 2811 1905 et
2842 1851 3055 1920 gaudeo
3089 1861 3317 1923 propter
3349 1869 3450 1909 vos

1873 1944 2131 2011 quoniam
2168 1961 2278 1999 non
2310 1959 2458 1998 eram
2484 1943 2556 1997 ibi
2605 1943 2738 1997 :sed
2771 1958 2965 1998 camus
3019 1945 3084 1997 ad
3108 1961 3252 1999 eum.
3301 1965 3320 1997 ι
3360 1947 3452 2000 Vi-

1873 2036 1971 2091 des
1999 2045 2058 2090 ut
2092 2037 2342 2090 modeste
2400 2035 2682 2104 loquatur,
2745 2049 2810 2087 ac
2841 2035 3158 2104 particulari
3224 2039 3452 2106 exposi-

1873 2135 2026 2188 tione
2052 2133 2320 2205 propositi
2367 2130 2521 2197 ﬁnis,
2547 2130 2613 2183 ad
2653 2130 2902 2183 miraculi
2931 2129 3324 2183 exhibitionem
3357 2129 3454 2182 de-

1874 2224 2139 2279 siderium
2200 2223 2582 2278 vehementius
2641 2220 2935 2275 intendat?
2983 2218 3102 2272 Non
3129 2221 3274 2274 enim
3307 2223 3451 2275 sicut

1874 2329 1996 2367 cum
2034 2314 2128 2376 ait,
2187 2314 2448 2378 dormire,
2487 2313 2563 2365 ita
2602 2313 2706 2365 huc
2747 2313 2872 2365 loco
2897 2310 3149 2378 adjunxit
3183 2331 3195 2365 :
3235 2330 3253 2362 ι
3293 2311 3452 2366 Vado

1876 2413 1934 2457 ut
1965 2405 2200 2460 excitem
2263 2419 2388 2459 eum
2427 2425 2441 2458 :
2499 2415 2518 2447 ι
2547 2403 2640 2458 sed
2673 2417 2739 2456 eo
2788 2418 3109 2472 suppresso,
3144 2422 3162 2454 ι
3203 2401 3452 2465 Gaudeo,

1875 2493 2073 2562 inquit,
2144 2501 2370 2562 propter
2411 2507 2506 2547 vos
2541 2531 2556 2556 ,
2615 2498 2672 2544 ut
2739 2491 2980 2545 credatis
3033 2492 3292 2560 quoniam
3342 2507 3452 2546 non

1873 2599 2025 2639 eram
2066 2583 2164 2638 ibi.
2213 2603 2230 2636 ι
2270 2583 2478 2637 Forsan
2521 2583 2665 2637 enim
2711 2597 2797 2636 me
2845 2593 3134 2650 praesente,
3163 2596 3273 2651 qua
3304 2583 3454 2635 scili-

1873 2684 1960 2731 cet
1989 2691 2112 2731 sum
2158 2675 2344 2738 homo,
2409 2689 2558 2728 mors
2623 2687 2735 2726 non
2799 2673 3226 2740 praevaluisset:
3289 2691 3307 2723 ι
3347 2672 3452 2728 Sed

1873 2783 2063 2822 eamus
2092 2767 2157 2822 ad
2189 2783 2334 2822 eum.
2375 2785 2393 2818 ι
2432 2765 2618 2831 Quare
2647 2765 2671 2818 ?
2708 2765 2776 2820 Ut
2805 2765 3071 2828 credatis,
3105 2763 3252 2833 quod
3284 2765 3451 2818 etiam

1874 2869 2122 2914 mortuos
2159 2873 2259 2927 pro
2295 2857 2564 2911 arbitratu
2599 2869 2653 2911 et
2688 2871 2750 2911 ex
2781 2856 3009 2926 imperio
3054 2856 3298 2910 excitare
3331 2871 3455 2924 pos-

1873 2949 2000 3004 sim.
2039 2967 2059 3000 t
2093 2947 2336 3001 Lazarus
2387 2956 2640 3000 mortuus
2670 2953 2777 3000 est.
2818 2964 2837 2996 ι
2873 2944 3008 2998 Cum
3069 2945 3292 3013 quidem
3343 2945 3456 2998 ob-

1874 3041 2100 3096 scurius
2121 3039 2354 3092 dormire
2378 3038 2717 3107 praediceret,
2745 3037 2982 3089 amicum
3019 3035 3169 3090 illum
3201 3035 3452 3089 vocabat:

1873 3146 1999 3184 cum
2031 3139 2214 3184 autem
2240 3130 2316 3181 ait
2343 3126 2634 3181 manifeste
2659 3136 2960 3189 mortuum,
3019 3133 3164 3202 tacet
3201 3141 3320 3180 eam
3358 3141 3455 3179 vo-

1873 3239 1992 3278 cem
2031 3241 2044 3276 :
2077 3229 2138 3274 ut
2175 3237 2244 3276 ne
2309 3229 2621 3290 putaretur,
2682 3218 3084 3273 vehementiori
3142 3216 3339 3272 affectu
3375 3217 3454 3271 illi

1875 3312 2210 3382 implicatus.
2251 3309 2370 3365 Non
2394 3311 2540 3365 enim
2571 3310 2685 3364 sola
2717 3308 3178 3378 dispensatiotili)
3210 3317 3327 3363 erat
3358 3323 3459 3362 ex—

1875 3401 2139 3464 hibenda,
2180 3400 2274 3454 sed
2318 3407 2374 3454 et
2407 3399 2710 3454 auctoritas
2748 3417 2761 3452 :
2797 3398 2888 3452 illa
2938 3398 3210 3468 quidquid
3267 3386 3459 3451 hum/a-

1874 3508 2006 3548 num
2039 3501 2122 3547 est
2162 3491 2500 3546 inﬁrmitatis
2540 3490 2895 3560 permittente
2921 3489 3098 3552 carni,
3145 3490 3248 3544 ista
3278 3488 3455 3544 eidem

1875 3585 2150 3639 tribuente
2178 3583 2366 3637 divina
2394 3593 2448 3638 et
2477 3582 2756 3652 quidquid
2788 3595 2872 3637 est
2898 3585 3200 3652 potestatis
3225 3583 3452 3637 divinae.

1878 3694 1899 3727 ι
1937 3675 2186 3736 Gaudeo,
2249 3675 2438 3743 itaque
2483 3674 2683 3742 inquit,
2729 3682 2953 3742 propter
2986 3688 3106 3739 vos,
3145 3683 3204 3727 ut
3246 3673 3450 3728 creda-

1873 3765 1963 3829 tis,
1997 3766 2258 3833 quoniam
2300 3779 2408 3818 non
2450 3779 2600 3819 eram
2638 3765 2735 3818 ibi.
2777 3783 2796 3815 ι
2853 3761 3042 3829 Vides,
3082 3773 3140 3817 ut
3169 3764 3370 3828 ubique
3399 3764 3454 3818 in

1872 3857 1954 3910 eis
1979 3855 2103 3909 ﬁdei
2130 3855 2300 3923 iaciat
2334 3855 2582 3909 semina?
2605 3854 2675 3909 Ut
2704 3869 2772 3908 ne
2805 3853 2949 3909 forte
2998 3871 3146 3910 mors
3177 3856 3457 3910 videretur

1871 3947 2125 4000 simulate
2149 3945 2402 4000 conﬁcta.
2438 3942 2514 3998 Ne
2560 3945 2776 3998 scilicet
2802 3943 2989 4000 forsan
3045 3961 3154 4000 non
3185 3946 3341 4000 daret
3373 3947 3456 4000 lo-

1873 4051 1997 4090 cum
2034 4035 2196 4090 morti
2252 4044 2309 4090 ut
2335 4033 2569 4088 amicum
2599 4045 2602 4047 ‘
2628 4034 2932 4090 incesseret
2961 4053 2976 4090 :
3011 4045 3104 4090 aut
3156 4037 3455 4105 expelleret

1874 4129 2130 4183 morbum
2164 4146 2176 4181 :
2214 4137 2308 4181 aut
2334 4127 2628 4194 pristinum
2668 4127 2836 4181 robur
2889 4128 3100 4197 jacenti
3151 4138 3449 4182 assereret.

1875 4220 2076 4290 Utique
2099 4222 2266 4278 enim.
2295 4221 2493 4290 inquit,
2522 4233 2609 4274 me
2639 4227 2910 4289 praesente
2941 4219 3057 4274 haec
3094 4219 3451 4275 accidissent.

1942 4404 2114 4457 Porro
2139 4401 2356 4456 videtur
2381 4399 2516 4455 illud
2551 4417 2564 4453 :
2601 4417 2620 4451 ι
2656 4397 2775 4453 Νοη
2800 4413 2948 4454 eram
2984 4398 3086 4464 ibi,
3121 4398 3216 4454 sed
3266 4413 3454 4454 eanms

195 4515 334 4585 ἢμην
363 4514 504 4576 ἐκεῖ,
533 4510 650 4564 ἀλλ’
680 4512 903 4579 ἄγωμεν
941 4509 1076 4580 πρὸς
1105 4507 1288 4562 αὐτόν.
1321 4527 1340 4560 ι
1383 4507 1538 4560 Κατὰ
1565 4507 1674 4578 γὰρ
1707 4507 1767 4560 τδ

1877 4497 1940 4550 ad
1973 4511 2094 4551 eum
2123 4513 2138 4556 ;
2176 4514 2194 4546 ι
2240 4494 2405 4564 paulo
2438 4490 2699 4546 humilius
2728 4498 2780 4545 et
2814 4489 3116 4544 secundum
3151 4491 3451 4546 hominem.

199 4605 542 4674 φαινόμενον,
561 4603 622 4655 οὐ
652 4621 724 4656 πα
735 4603 856 4674 ρῆν.
881 4603 1052 4671 Σῶμα
1077 4600 1187 4670 γὰρ
1199 4599 1261 4652 τὸ
1282 4601 1441 4671 τριχῆ
1457 4599 1766 4665 διαστατὸν,

203 4699 254 4750 ἐν
282 4697 597 4767 περιγραφῇ
629 4693 843 4762 πέφυκε
865 4734 879 4756 ,
918 4693 1013 4745 καὶ
1045 4693 1144 4762 τὴν
1184 4694 1264 4755 είς
1305 4692 1568 4744 τόπον-ὲκ
1600 4691 1766 4744 τόπου

213 4788 496 4859 μετάϐασιν
512 4787 746 4856 δέχεται.
776 4785 948 4838 Τοῦτο
973 4785 1082 4856 γὰρ
1113 4785 1274 4854 φύσις
1294 4784 1462 4855 αὐτῷ·
1483 4783 1586 4838 κᾶν
1601 4785 1684 4838 ὅτι
1700 4785 1766 4855 τῇ

213 4875 336 4940 πρὸς
355 4873 415 4926 τὸ
438 4874 593 4926 Θεῖον
618 4871 812 4926 ἐνώσει
837 4873 897 4924 τὸ
918 4872 1198 4942 ὑπερφυὲς
1228 4871 1656 4943 κατεπλούτησε,
1675 4870 1776 4939 τῆς

215 4967 433 5036 φυσικῆς
458 4963 742 5019 ἀπώλεσεν
765 4963 918 5018 οὐδὲν
955 4963 1236 5034 ἰδιότητος.
1271 4963 1430 5016 Κατὰ
1449 4963 1506 5016 δὲ
1533 4963 1596 5016 τὸ
1619 4963 1774 5016 νοού-

218 5076 388 5128 μενον,
427 5059 513 5122 τίς
561 5057 734 5112 αὑτοῦ
794 5055 1076 5119 παντελῶς
1124 5054 1514 5110 ἀπολέλειπται
1567 5054 1770 5120 τόπος;

1870 4588 2026 4653 Quod
2078 4587 2228 4640 enim
2257 4595 2376 4640 erat
2431 4584 2608 4638 oculis
2665 4581 3001 4651 subjectum,
3067 4596 3307 4650 praesens
3343 4595 3452 4634 non

1870 4691 2008 4736 erat.
2041 4678 2258 4748 Corpus
2306 4677 2453 4732 enim
2497 4675 2786 4745 tripliciter
2837 4673 3119 4728 divisibile
3161 4680 3214 4726 et
3242 4672 3452 4726 disten-

1879 4780 2020 4837 tum,
2052 4769 2536 4836 circumscriptum
2569 4773 2674 4830 est,
2710 4764 3061 4834 suscipitque
3098 4773 3210 4818 uta
3250 4766 3368 4818 loco
3396 4763 3450 4816 in

1879 4867 2064 4920 locum
2111 4861 2330 4928 migret.
2364 4857 2490 4913 Haec
2517 4859 2663 4912 enim
2710 4857 2789 4912 illi
2823 4866 3021 4910 natura
3063 4864 3170 4920 est,
3201 4864 3260 4910 ut
3285 4856 3450 4909 etiam

1877 4958 2083 5012 unione
2113 4953 2180 5008 ad
2223 4951 2417 5018 Deum,
2447 4950 2592 5022 quod
2646 4958 2900 5004 naturam
2923 4956 3150 5018 superat
3171 4948 3329 5002 diviti
3355 4960 3451 4999 ae-

1877 5047 2132 5105 cessione
2190 5043 2474 5114 adeptum.
2511 5041 2651 5095 nihil
2707 5040 2829 5110 ejus
2881 5039 3134 5095 amiserit
3161 5037 3308 5108 quod
3339 5036 3388 5090 ei
3419 5049 3450 5088 a

1460 5225 1700 5282 VARI/E
1722 5222 2130 5282 LECTIONES.

281 5401 319 5433 ³⁵
346 5398 506 5454 Forte
539 5395 827 5465 περιποιού
837 5409 958 5464 σης.

1509 5474 1892 5536 CUﬂBEFlS—Il
1925 5475 2157 5534 NOTAE.

287 5588 384 5653 (t3)
413 5585 533 5640 Non
554 5586 692 5638 enim
721 5576 1234 5653 sola__dis_pe_nstttio_.
1293 5573 1489 5653 Posset
1513 5572 1670 5653 reddi
1686 5574 1777 5653 ῥιι-
1867 5581 2063 5653 auctor
2090 5585 2202 5626 non
2235 5577 2459 5653 tantum
2491 5567 2659 5622 fuisse
2681 5562 3250 5653 gealirbegndaguyerum
3279 5568 3447 5653 etiam

236 5644 467 5717 raruatia,
499 5652 802 5721 οἰκονομία.
840 5644 1326 5721 Vox"theologica,
1374 5644 1536 5714 cujus
1559 5644 1604 5697 si

1686 5643 1773 5695 iti-
1864 5658 1987 5711 qua:
2017 5645 2197 5711 ipsum
2235 5639 2482 5694 Verbum
2539 5636 2693 5692 carni
2731 5635 2930 5688 tribuit
2957 5632 3168 5711 divina,
3197 5639 3255 5711 ut
3281 5634 3450 5684 mmi-

236 5659 467 5717 taruatia,
499 5659 802 5721 οἰκονομία.
841 5659 952 5702 νυκ
995 5659 1326 5716 ιΠΘΟΙΟΒΙΟἱΙ,
1374 5659 1536 5714 CIIJUB
1559 5659 1773 5766 Slwlll-
1864 5659 1987 5711 qua:
2017 5659 2197 5711 lpSlH'“
2246 5659 2482 5694 vernum
2539 5659 2693 5692 Cﬂl‘lll
2731 5659 2930 5688 trtuuu
2957 5659 3168 5692 IIIVllIiI,
3199 5659 3255 5684 υι
3281 5659 3444 5684 nlull-

235 5726 356 5779 ratio
378 5720 583 5779 Graecis
616 5720 962 5791 amplissima
1035 5733 1097 5772 ea
1118 5715 1427 5791 _siguiﬁcat,
1457 5729 1579 5784 quae
1681 5727 1772 5791 εις-
1863 5727 1982 5766 rum
2025 5712 2166 5791 idem
2192 5717 2490 5791 utrumque
2542 5715 2960 5791 agnusverettrr,
2991 5701 3444 5791 lieus'ebhoma;

235 5772 1060 5852 bo"chunione—"accesserant
1117 5772 1356 5842 hu'iuana
1393 5772 1424 5838 ε’
1449 5772 1624 5856 caque
1689 5783 1766 5836 ait
1859 5798 1984 5854 qua:
2017 5792 2101 5838 est
2138 5782 2278 5836 tanti
2311 5772 2643 5835 sacramenti
2675 5777 2960 5830 confessio
2988 5772 3269 5826 absoluta.
