  <div class='ocr_page' id='page_1' title='image "/cluster/home/n/w/nwhite01/storage/ocr_20150623/97/hvd.32044019208503/573.png"; bbox 0 0 3840 6312; ppageno 0'>
   <div class='ocr_carea' id='block_1_1' title="bbox 367 315 474 381">
    <p class='ocr_par' dir='ltr' id='par_1_1' title="bbox 367 315 474 381">
     <span class='ocr_line' id='line_1_1' title="bbox 367 315 474 381; baseline -0.009 -1"><span class='ocrx_word' id='word_1_1' title='bbox 367 315 474 381; x_wconf 78' lang='lat'><strong>967</strong></span> 
     </span>
    </p>
   </div>
   <div class='ocr_carea' id='block_1_2' title="bbox 1527 312 2412 375">
    <p class='ocr_par' dir='ltr' id='par_1_2' title="bbox 1527 312 2412 375">
     <span class='ocr_line' id='line_1_2' title="bbox 1527 312 2412 375; baseline -0.003 -1"><span class='ocrx_word' id='word_1_2' title='bbox 1527 317 1590 375; x_wconf 88' lang='lat' dir='ltr'><strong>S.</strong></span> <span class='ocrx_word' id='word_1_3' title='bbox 1619 315 1947 374; x_wconf 55' lang='lat' dir='ltr'><strong>ANDREJE</strong></span> <span class='ocrx_word' id='word_1_4' title='bbox 1987 312 2412 374; x_wconf 78' lang='lat' dir='ltr'><strong>CRETENSIS</strong></span> 
     </span>
    </p>
   </div>
   <div class='ocr_carea' id='block_1_3' title="bbox 3548 307 3634 368">
    <p class='ocr_par' dir='ltr' id='par_1_3' title="bbox 3548 307 3634 368">
     <span class='ocr_line' id='line_1_3' title="bbox 3548 307 3634 368; baseline 0 0"><span class='ocrx_word' id='word_1_5' title='bbox 3548 307 3634 368; x_wconf 61' lang='grc' dir='ltr'>εδει</span> 
     </span>
    </p>
   </div>
   <div class='ocr_carea' id='block_1_4' title="bbox 371 416 1973 501">
    <p class='ocr_par' dir='ltr' id='par_1_4' title="bbox 371 429 1952 501">
     <span class='ocr_line' id='line_1_4' title="bbox 371 429 1952 501; baseline -0.003 -15"><span class='ocrx_word' id='word_1_6' title='bbox 371 440 566 487; x_wconf 88' lang='lat' dir='ltr'><strong>natura</strong></span> <span class='ocrx_word' id='word_1_7' title='bbox 616 429 897 501; x_wconf 85' lang='lat' dir='ltr'><strong>proprium</strong></span> <span class='ocrx_word' id='word_1_8' title='bbox 950 435 1056 484; x_wconf 90' lang='lat' dir='ltr'><strong>est.</strong></span> <span class='ocrx_word' id='word_1_9' title='bbox 1120 429 1277 496; x_wconf 90' lang='lat' dir='ltr'><strong>Quod</strong></span> <span class='ocrx_word' id='word_1_10' title='bbox 1319 437 1499 483; x_wconf 81' lang='lat' dir='ltr'><strong>autrm</strong></span> <span class='ocrx_word' id='word_1_11' title='bbox 1560 430 1626 483; x_wconf 90' lang='lat' dir='ltr'><strong>ad</strong></span> <span class='ocrx_word' id='word_1_12' title='bbox 1656 429 1706 484; x_wconf 88' lang='lat' dir='ltr'><strong>id</strong></span> <span class='ocrx_word' id='word_1_13' title='bbox 1739 437 1952 498; x_wconf 85' lang='lat' dir='ltr'><strong>spectat</strong></span> 
     </span>
    </p>
   </div>
   <div class='ocr_carea' id='block_1_5' title="bbox 2081 416 3645 501">
    <p class='ocr_par' dir='ltr' id='par_1_5' title="bbox 2081 416 3645 500">
     <span class='ocr_line' id='line_1_5' title="bbox 2081 416 3645 500; baseline -0.005 -19"><span class='ocrx_word' id='word_1_14' title='bbox 2081 451 2086 500; x_wconf 63' lang='grc' dir='ltr'><strong>ι</strong></span> <span class='ocrx_word' id='word_1_15' title='bbox 2123 431 2271 490; x_wconf 83' lang='grc' dir='ltr'>ποῖος</span> <span class='ocrx_word' id='word_1_16' title='bbox 2301 427 2402 479; x_wconf 70' lang='grc' dir='ltr'><strong>οὐκ</strong></span> <span class='ocrx_word' id='word_1_17' title='bbox 2437 423 2549 493; x_wconf 82' lang='grc' dir='ltr'>ἕχει</span> <span class='ocrx_word' id='word_1_18' title='bbox 2582 422 2743 485; x_wconf 80' lang='grc' dir='ltr'>τόπος</span> <span class='ocrx_word' id='word_1_19' title='bbox 2763 420 2940 475; x_wconf 72' lang='grc' dir='ltr'>αὐτόν</span> <span class='ocrx_word' id='word_1_20' title='bbox 2967 435 2984 482; x_wconf 89' lang='lat'><strong>;</strong></span> <span class='ocrx_word' id='word_1_21' title='bbox 3029 417 3066 488; x_wconf 82' lang='grc' dir='ltr'>ἦ</span> <span class='ocrx_word' id='word_1_22' title='bbox 3092 416 3209 468; x_wconf 85' lang='grc' dir='ltr'>τίνι</span> <span class='ocrx_word' id='word_1_23' title='bbox 3236 417 3524 486; x_wconf 76' lang='grc' dir='ltr'>χωρητικός</span> <span class='ocrx_word' id='word_1_24' title='bbox 3549 423 3645 473; x_wconf 75' lang='grc' dir='ltr'>ἐστι</span> 
     </span>
    </p>
   </div>
   <div class='ocr_carea' id='block_1_6' title="bbox 370 521 1958 594">
    <p class='ocr_par' dir='ltr' id='par_1_6' title="bbox 370 521 1958 594">
     <span class='ocr_line' id='line_1_6' title="bbox 370 521 1958 594; baseline -0.003 -18"><span class='ocrx_word' id='word_1_25' title='bbox 370 522 514 594; x_wconf 90' lang='lat' dir='ltr'><strong>quod</strong></span> <span class='ocrx_word' id='word_1_26' title='bbox 544 522 825 576; x_wconf 89' lang='lat' dir='ltr'><strong>intellectu</strong></span> <span class='ocrx_word' id='word_1_27' title='bbox 864 521 1197 590; x_wconf 70' lang='lat' dir='ltr'><strong>percipitur,</strong></span> <span class='ocrx_word' id='word_1_28' title='bbox 1229 521 1358 590; x_wconf 85' lang='lat' dir='ltr'><strong>quis</strong></span> <span class='ocrx_word' id='word_1_29' title='bbox 1406 522 1562 575; x_wconf 89' lang='lat' dir='ltr'><strong>locus</strong></span> <span class='ocrx_word' id='word_1_30' title='bbox 1607 521 1836 574; x_wconf 83' lang='lat' dir='ltr'><strong>omnino</strong></span> <span class='ocrx_word' id='word_1_31' title='bbox 1871 521 1958 574; x_wconf 88' lang='lat' dir='ltr'><strong>cui</strong></span> 
     </span>
    </p>
   </div>
   <div class='ocr_carea' id='block_1_7' title="bbox 370 612 1964 682">
    <p class='ocr_par' dir='ltr' id='par_1_7' title="bbox 370 612 1964 682">
     <span class='ocr_line' id='line_1_7' title="bbox 370 612 1964 682; baseline -0.001 -12"><span class='ocrx_word' id='word_1_32' title='bbox 370 617 464 672; x_wconf 81' lang='lat' dir='ltr'><strong>ille</strong></span> <span class='ocrx_word' id='word_1_33' title='bbox 489 613 678 669; x_wconf 97' lang='lat' dir='ltr'><strong>desit?</strong></span> <span class='ocrx_word' id='word_1_34' title='bbox 703 622 797 666; x_wconf 91' lang='lat' dir='ltr'><strong>aut</strong></span> <span class='ocrx_word' id='word_1_35' title='bbox 839 612 1020 681; x_wconf 82' lang='lat' dir='ltr'><strong>qualis</strong></span> <span class='ocrx_word' id='word_1_36' title='bbox 1051 627 1176 666; x_wconf 89' lang='lat' dir='ltr'><strong>eum</strong></span> <span class='ocrx_word' id='word_1_37' title='bbox 1211 628 1322 668; x_wconf 88' lang='lat' dir='ltr'><strong>non</strong></span> <span class='ocrx_word' id='word_1_38' title='bbox 1359 613 1526 668; x_wconf 87' lang='lat' dir='ltr'><strong>habet</strong></span> <span class='ocrx_word' id='word_1_39' title='bbox 1558 613 1756 667; x_wconf 89' lang='lat' dir='ltr'><strong>locus?</strong></span> <span class='ocrx_word' id='word_1_40' title='bbox 1787 627 1964 682; x_wconf 83' lang='lat' dir='ltr'><strong>quove</strong></span> 
     </span>
    </p>
   </div>
   <div class='ocr_carea' id='block_1_8' title="bbox 372 701 1966 774">
    <p class='ocr_par' dir='ltr' id='par_1_8' title="bbox 372 701 1966 774">
     <span class='ocr_line' id='line_1_8' title="bbox 372 701 1966 774; baseline -0.003 -14"><span class='ocrx_word' id='word_1_41' title='bbox 372 708 499 761; x_wconf 92' lang='lat' dir='ltr'><strong>loco</strong></span> <span class='ocrx_word' id='word_1_42' title='bbox 540 703 663 774; x_wconf 89' lang='lat' dir='ltr'><strong>capi</strong></span> <span class='ocrx_word' id='word_1_43' title='bbox 699 702 928 773; x_wconf 89' lang='lat' dir='ltr'><strong>potest?</strong></span> <span class='ocrx_word' id='word_1_44' title='bbox 965 720 982 754; x_wconf 77' lang='grc' dir='ltr'><strong>ι</strong></span> <span class='ocrx_word' id='word_1_45' title='bbox 1024 701 1252 757; x_wconf 80' lang='lat' dir='ltr'><strong>Gaudeo</strong></span> <span class='ocrx_word' id='word_1_46' title='bbox 1291 703 1462 774; x_wconf 79' lang='lat' dir='ltr'><strong>igitur</strong></span> <span class='ocrx_word' id='word_1_47' title='bbox 1505 712 1726 773; x_wconf 78' lang='lat' dir='ltr'><strong>prepter</strong></span> <span class='ocrx_word' id='word_1_48' title='bbox 1754 719 1873 766; x_wconf 87' lang='lat' dir='ltr'><strong>vos,</strong></span> <span class='ocrx_word' id='word_1_49' title='bbox 1908 712 1966 756; x_wconf 89' lang='lat' dir='ltr'><strong>ut</strong></span> 
     </span>
    </p>
   </div>
   <div class='ocr_carea' id='block_1_9' title="bbox 373 794 1964 864">
    <p class='ocr_par' dir='ltr' id='par_1_9' title="bbox 373 794 1964 864">
     <span class='ocr_line' id='line_1_9' title="bbox 373 794 1964 864; baseline -0.002 -14"><span class='ocrx_word' id='word_1_50' title='bbox 373 796 638 860; x_wconf 91' lang='lat' dir='ltr'><strong>credatis,</strong></span> <span class='ocrx_word' id='word_1_51' title='bbox 703 795 962 864; x_wconf 88' lang='lat' dir='ltr'><strong>quoniam</strong></span> <span class='ocrx_word' id='word_1_52' title='bbox 1021 811 1132 849; x_wconf 90' lang='lat' dir='ltr'><strong>non</strong></span> <span class='ocrx_word' id='word_1_53' title='bbox 1192 811 1340 850; x_wconf 89' lang='lat' dir='ltr'><strong>eram</strong></span> <span class='ocrx_word' id='word_1_54' title='bbox 1390 795 1488 849; x_wconf 90' lang='lat' dir='ltr'><strong>ibi.</strong></span> <span class='ocrx_word' id='word_1_55' title='bbox 1525 815 1543 848; x_wconf 73' lang='grc' dir='ltr'><strong>ι</strong></span> <span class='ocrx_word' id='word_1_56' title='bbox 1599 795 1741 861; x_wconf 85' lang='lat' dir='ltr'><strong>Quid</strong></span> <span class='ocrx_word' id='word_1_57' title='bbox 1773 794 1964 850; x_wconf 80' lang='lat' dir='ltr'><strong>dicis?</strong></span> 
     </span>
    </p>
   </div>
   <div class='ocr_carea' id='block_1_10' title="bbox 372 886 1964 956">
    <p class='ocr_par' dir='ltr' id='par_1_10' title="bbox 372 886 1964 956">
     <span class='ocr_line' id='line_1_10' title="bbox 372 886 1964 956; baseline -0.002 -13"><span class='ocrx_word' id='word_1_58' title='bbox 372 889 492 943; x_wconf 84' lang='lat' dir='ltr'><strong>Non</strong></span> <span class='ocrx_word' id='word_1_59' title='bbox 557 903 682 943; x_wconf 86' lang='lat' dir='ltr'><strong>eras</strong></span> <span class='ocrx_word' id='word_1_60' title='bbox 705 887 802 950; x_wconf 89' lang='lat' dir='ltr'><strong>ibi,</strong></span> <span class='ocrx_word' id='word_1_61' title='bbox 831 886 924 956; x_wconf 85' lang='lat' dir='ltr'><strong>qui</strong></span> <span class='ocrx_word' id='word_1_62' title='bbox 970 886 1173 956; x_wconf 88' lang='lat' dir='ltr'><strong>ubique</strong></span> <span class='ocrx_word' id='word_1_63' title='bbox 1221 888 1372 948; x_wconf 89' lang='lat' dir='ltr'><strong>ades,</strong></span> <span class='ocrx_word' id='word_1_64' title='bbox 1403 896 1458 941; x_wconf 89' lang='lat' dir='ltr'><strong>et</strong></span> <span class='ocrx_word' id='word_1_65' title='bbox 1511 887 1710 954; x_wconf 81' lang='lat' dir='ltr'><strong>imples</strong></span> <span class='ocrx_word' id='word_1_66' title='bbox 1777 886 1964 940; x_wconf 83' lang='lat' dir='ltr'><strong>omnia</strong></span> 
     </span>
    </p>
   </div>
   <div class='ocr_carea' id='block_1_11' title="bbox 374 978 1966 1048">
    <p class='ocr_par' dir='ltr' id='par_1_11' title="bbox 374 978 1966 1048">
     <span class='ocr_line' id='line_1_11' title="bbox 374 978 1966 1048; baseline -0.003 -12"><span class='ocrx_word' id='word_1_67' title='bbox 374 980 626 1036; x_wconf 87' lang='lat' dir='ltr'><strong>deitate?</strong></span> <span class='ocrx_word' id='word_1_68' title='bbox 664 980 788 1033; x_wconf 90' lang='lat' dir='ltr'><strong>Non</strong></span> <span class='ocrx_word' id='word_1_69' title='bbox 826 995 951 1033; x_wconf 88' lang='lat' dir='ltr'><strong>eras</strong></span> <span class='ocrx_word' id='word_1_70' title='bbox 989 979 1100 1032; x_wconf 85' lang='lat' dir='ltr'><strong>ibi?</strong></span> <span class='ocrx_word' id='word_1_71' title='bbox 1150 978 1403 1044; x_wconf 77' lang='lat' dir='ltr'><strong>Maxime,</strong></span> <span class='ocrx_word' id='word_1_72' title='bbox 1436 980 1638 1048; x_wconf 84' lang='lat' dir='ltr'><strong>inquit,</strong></span> <span class='ocrx_word' id='word_1_73' title='bbox 1666 993 1820 1032; x_wconf 86' lang='lat' dir='ltr'><strong>eram</strong></span> <span class='ocrx_word' id='word_1_74' title='bbox 1859 995 1872 1030; x_wconf 91' lang='lat'><strong>:</strong></span> <span class='ocrx_word' id='word_1_75' title='bbox 1909 985 1966 1031; x_wconf 86' lang='lat' dir='ltr'><strong>at</strong></span> 
     </span>
    </p>
   </div>
   <div class='ocr_carea' id='block_1_12' title="bbox 378 1069 1966 1142">
    <p class='ocr_par' dir='ltr' id='par_1_12' title="bbox 378 1069 1966 1142">
     <span class='ocr_line' id='line_1_12' title="bbox 378 1069 1966 1142; baseline -0.004 -16"><span class='ocrx_word' id='word_1_76' title='bbox 378 1089 486 1127; x_wconf 88' lang='lat' dir='ltr'><strong>non</strong></span> <span class='ocrx_word' id='word_1_77' title='bbox 521 1072 668 1142; x_wconf 87' lang='lat' dir='ltr'><strong>quod</strong></span> <span class='ocrx_word' id='word_1_78' title='bbox 694 1081 908 1142; x_wconf 83' lang='lat' dir='ltr'><strong>spectat</strong></span> <span class='ocrx_word' id='word_1_79' title='bbox 932 1071 998 1126; x_wconf 89' lang='lat' dir='ltr'><strong>ad</strong></span> <span class='ocrx_word' id='word_1_80' title='bbox 1025 1087 1253 1140; x_wconf 87' lang='lat' dir='ltr'><strong>corpus,</strong></span> <span class='ocrx_word' id='word_1_81' title='bbox 1290 1072 1385 1126; x_wconf 91' lang='lat' dir='ltr'><strong>sed</strong></span> <span class='ocrx_word' id='word_1_82' title='bbox 1421 1069 1571 1140; x_wconf 90' lang='lat' dir='ltr'><strong>quod</strong></span> <span class='ocrx_word' id='word_1_83' title='bbox 1605 1069 1673 1124; x_wconf 91' lang='lat' dir='ltr'><strong>ad</strong></span> <span class='ocrx_word' id='word_1_84' title='bbox 1709 1069 1966 1140; x_wconf 86' lang='lat' dir='ltr'><strong>majesta-</strong></span> 
     </span>
    </p>
   </div>
   <div class='ocr_carea' id='block_1_13' title="bbox 377 1160 1967 1233">
    <p class='ocr_par' dir='ltr' id='par_1_13' title="bbox 377 1160 1967 1233">
     <span class='ocr_line' id='line_1_13' title="bbox 377 1160 1967 1233; baseline -0.004 -13"><span class='ocrx_word' id='word_1_85' title='bbox 377 1167 450 1220; x_wconf 90' lang='lat' dir='ltr'><strong>tis</strong></span> <span class='ocrx_word' id='word_1_86' title='bbox 483 1166 684 1220; x_wconf 66' lang='lat' dir='ltr'><strong>divinae</strong></span> <span class='ocrx_word' id='word_1_87' title='bbox 717 1164 970 1233; x_wconf 79' lang='lat' dir='ltr'><strong>gloriam.</strong></span> <span class='ocrx_word' id='word_1_88' title='bbox 1008 1181 1027 1214; x_wconf 77' lang='grc' dir='ltr'><strong>ι</strong></span> <span class='ocrx_word' id='word_1_89' title='bbox 1070 1161 1175 1217; x_wconf 90' lang='lat' dir='ltr'><strong>Sed</strong></span> <span class='ocrx_word' id='word_1_90' title='bbox 1200 1178 1391 1217; x_wconf 87' lang='lat' dir='ltr'><strong>eamus</strong></span> <span class='ocrx_word' id='word_1_91' title='bbox 1417 1162 1486 1216; x_wconf 91' lang='lat' dir='ltr'><strong>ad</strong></span> <span class='ocrx_word' id='word_1_92' title='bbox 1512 1179 1694 1218; x_wconf 63' lang='lat' dir='ltr'><strong>eum.»</strong></span> <span class='ocrx_word' id='word_1_93' title='bbox 1727 1160 1967 1229; x_wconf 87' lang='lat' dir='ltr'><strong>Tempus</strong></span> 
     </span>
    </p>
   </div>
   <div class='ocr_carea' id='block_1_14' title="bbox 378 1252 1968 1327">
    <p class='ocr_par' dir='ltr' id='par_1_14' title="bbox 378 1252 1968 1327">
     <span class='ocr_line' id='line_1_14' title="bbox 378 1252 1968 1327; baseline -0.004 -15"><span class='ocrx_word' id='word_1_94' title='bbox 378 1269 459 1312; x_wconf 89' lang='lat' dir='ltr'><strong>est</strong></span> <span class='ocrx_word' id='word_1_95' title='bbox 495 1267 554 1312; x_wconf 92' lang='lat' dir='ltr'><strong>ut</strong></span> <span class='ocrx_word' id='word_1_96' title='bbox 589 1257 917 1327; x_wconf 81' lang='lat' dir='ltr'><strong>impleamus</strong></span> <span class='ocrx_word' id='word_1_97' title='bbox 945 1257 1094 1324; x_wconf 80' lang='lat' dir='ltr'><strong>leges</strong></span> <span class='ocrx_word' id='word_1_98' title='bbox 1127 1255 1382 1309; x_wconf 75' lang='lat' dir='ltr'><strong>amicitiae</strong></span> <span class='ocrx_word' id='word_1_99' title='bbox 1415 1272 1427 1308; x_wconf 88' lang='lat'><strong>:</strong></span> <span class='ocrx_word' id='word_1_100' title='bbox 1455 1263 1674 1324; x_wconf 85' lang='lat' dir='ltr'><strong>tempus</strong></span> <span class='ocrx_word' id='word_1_101' title='bbox 1703 1260 1763 1308; x_wconf 91' lang='lat' dir='ltr'><strong>ut</strong></span> <span class='ocrx_word' id='word_1_102' title='bbox 1791 1252 1968 1308; x_wconf 86' lang='lat' dir='ltr'><strong>domi-</strong></span> 
     </span>
    </p>
   </div>
   <div class='ocr_carea' id='block_1_15' title="bbox 2060 510 3641 590">
    <p class='ocr_par' dir='ltr' id='par_1_15' title="bbox 2060 510 3641 590">
     <span class='ocr_line' id='line_1_15' title="bbox 2060 510 3641 590; baseline -0.008 -16"><span class='ocrx_word' id='word_1_103' title='bbox 2060 521 2244 590; x_wconf 80' lang='grc' dir='ltr'>τόπῳ;</span> <span class='ocrx_word' id='word_1_104' title='bbox 2293 537 2312 568; x_wconf 72' lang='grc' dir='ltr'><strong>ι</strong></span> <span class='ocrx_word' id='word_1_105' title='bbox 2364 517 2557 588; x_wconf 82' lang='grc' dir='ltr'>Χαίρω</span> <span class='ocrx_word' id='word_1_106' title='bbox 2608 515 2782 568; x_wconf 77' lang='grc' dir='ltr'>τοίνυν</span> <span class='ocrx_word' id='word_1_107' title='bbox 2824 514 2902 566; x_wconf 78' lang='grc' dir='ltr'>δι’</span> <span class='ocrx_word' id='word_1_108' title='bbox 2953 511 3142 578; x_wconf 79' lang='grc' dir='ltr'>ὑμᾶς,</span> <span class='ocrx_word' id='word_1_109' title='bbox 3195 510 3288 562; x_wconf 80' lang='grc' dir='ltr'>ἵνα</span> <span class='ocrx_word' id='word_1_110' title='bbox 3341 512 3641 580; x_wconf 71' lang='grc' dir='ltr'><strong>πιστεύσητε,</strong></span> 
     </span>
    </p>
   </div>
   <div class='ocr_carea' id='block_1_16' title="bbox 2059 597 3645 682">
    <p class='ocr_par' dir='ltr' id='par_1_16' title="bbox 2059 597 3645 682">
     <span class='ocr_line' id='line_1_16' title="bbox 2059 597 3645 682; baseline -0.011 -17"><span class='ocrx_word' id='word_1_111' title='bbox 2059 613 2141 665; x_wconf 83' lang='grc' dir='ltr'>ὅτι</span> <span class='ocrx_word' id='word_1_112' title='bbox 2174 613 2273 665; x_wconf 75' lang='grc' dir='ltr'><strong>οὐκ</strong></span> <span class='ocrx_word' id='word_1_113' title='bbox 2297 612 2446 682; x_wconf 78' lang='grc' dir='ltr'>ἥμην</span> <span class='ocrx_word' id='word_1_114' title='bbox 2469 611 2607 662; x_wconf 80' lang='grc' dir='ltr'>ἐκεῖ.</span> <span class='ocrx_word' id='word_1_115' title='bbox 2656 627 2673 658; x_wconf 76' lang='grc' dir='ltr'><strong>ι</strong></span> <span class='ocrx_word' id='word_1_116' title='bbox 2714 606 2779 659; x_wconf 89' lang='grc' dir='ltr'>Τί</span> <span class='ocrx_word' id='word_1_117' title='bbox 2807 605 3053 674; x_wconf 83' lang='grc' dir='ltr'>λέγεις;</span> <span class='ocrx_word' id='word_1_118' title='bbox 3082 603 3207 654; x_wconf 83' lang='grc' dir='ltr'><strong>Οὔκ</strong></span> <span class='ocrx_word' id='word_1_119' title='bbox 3233 597 3303 671; x_wconf 72' lang='grc' dir='ltr'><strong>ἧς</strong></span> <span class='ocrx_word' id='word_1_120' title='bbox 3334 601 3461 666; x_wconf 77' lang='grc' dir='ltr'>ἐκεῖ,</span> <span class='ocrx_word' id='word_1_121' title='bbox 3486 603 3511 654; x_wconf 84' lang='grc' dir='ltr'><strong>ὀ</strong></span> <span class='ocrx_word' id='word_1_122' title='bbox 3535 621 3645 658; x_wconf 77' lang='grc' dir='ltr'>παν-</span> 
     </span>
    </p>
   </div>
   <div class='ocr_carea' id='block_1_17' title="bbox 2061 693 3643 772">
    <p class='ocr_par' dir='ltr' id='par_1_17' title="bbox 2061 693 3643 772">
     <span class='ocr_line' id='line_1_17' title="bbox 2061 693 3643 772; baseline -0.004 -16"><span class='ocrx_word' id='word_1_123' title='bbox 2061 702 2230 772; x_wconf 80' lang='grc' dir='ltr'>ταχοῦ</span> <span class='ocrx_word' id='word_1_124' title='bbox 2275 701 2489 772; x_wconf 82' lang='grc' dir='ltr'>παρὼν,</span> <span class='ocrx_word' id='word_1_125' title='bbox 2532 705 2627 754; x_wconf 75' lang='grc' dir='ltr'>καὶ</span> <span class='ocrx_word' id='word_1_126' title='bbox 2665 701 2733 754; x_wconf 70' lang='grc' dir='ltr'><strong>τὰ</strong></span> <span class='ocrx_word' id='word_1_127' title='bbox 2788 700 2988 752; x_wconf 77' lang='grc' dir='ltr'>πάντα</span> <span class='ocrx_word' id='word_1_128' title='bbox 3046 693 3290 765; x_wconf 78' lang='grc' dir='ltr'>πληρῶν</span> <span class='ocrx_word' id='word_1_129' title='bbox 3328 697 3396 765; x_wconf 82' lang='grc' dir='ltr'><strong>τῇ</strong></span> <span class='ocrx_word' id='word_1_130' title='bbox 3439 694 3643 766; x_wconf 75' lang='grc' dir='ltr'>θεότητι;</span> 
     </span>
    </p>
   </div>
   <div class='ocr_carea' id='block_1_18' title="bbox 2066 785 3640 865">
    <p class='ocr_par' dir='ltr' id='par_1_18' title="bbox 2066 785 3640 865">
     <span class='ocr_line' id='line_1_18' title="bbox 2066 785 3640 865; baseline -0.004 -16"><span class='ocrx_word' id='word_1_131' title='bbox 2066 795 2181 850; x_wconf 81' lang='grc' dir='ltr'><strong>Οὔκ</strong></span> <span class='ocrx_word' id='word_1_132' title='bbox 2221 791 2290 865; x_wconf 76' lang='grc' dir='ltr'><strong>ἦς</strong></span> <span class='ocrx_word' id='word_1_133' title='bbox 2336 796 2485 859; x_wconf 64' lang='lat' dir='ltr'><strong>Emi;</strong></span> <span class='ocrx_word' id='word_1_134' title='bbox 2521 793 2649 858; x_wconf 78' lang='grc' dir='ltr'>Ναὶ,</span> <span class='ocrx_word' id='word_1_135' title='bbox 2701 793 2855 862; x_wconf 63' lang='grc' dir='ltr'>φησι,</span> <span class='ocrx_word' id='word_1_136' title='bbox 2905 793 3102 860; x_wconf 67' lang='grc' dir='ltr'><strong>ἢμην.</strong></span> <span class='ocrx_word' id='word_1_137' title='bbox 3175 785 3324 838; x_wconf 80' lang='grc' dir='ltr'>Ἀλλ’</span> <span class='ocrx_word' id='word_1_138' title='bbox 3365 786 3427 837; x_wconf 87' lang='grc' dir='ltr'>οὔ</span> <span class='ocrx_word' id='word_1_139' title='bbox 3460 789 3578 841; x_wconf 69' lang='grc' dir='ltr'>κατὰ</span> <span class='ocrx_word' id='word_1_140' title='bbox 3603 792 3640 842; x_wconf 68' lang='grc' dir='ltr'><strong>τί</strong></span> 
     </span>
    </p>
   </div>
   <div class='ocr_carea' id='block_1_19' title="bbox 2065 871 3648 957">
    <p class='ocr_par' dir='ltr' id='par_1_19' title="bbox 2065 871 3648 957">
     <span class='ocr_line' id='line_1_19' title="bbox 2065 871 3648 957; baseline -0.005 -17"><span class='ocrx_word' id='word_1_141' title='bbox 2065 887 2244 957; x_wconf 68' lang='grc' dir='ltr'>σῶμα,</span> <span class='ocrx_word' id='word_1_142' title='bbox 2277 877 2417 938; x_wconf 71' lang='grc' dir='ltr'>κατὰ</span> <span class='ocrx_word' id='word_1_143' title='bbox 2436 883 2493 937; x_wconf 82' lang='grc' dir='ltr'>δὲ</span> <span class='ocrx_word' id='word_1_144' title='bbox 2521 883 2582 938; x_wconf 84' lang='grc' dir='ltr'>τὸ</span> <span class='ocrx_word' id='word_1_145' title='bbox 2617 883 2798 936; x_wconf 75' lang='grc' dir='ltr'>θεῖκὺν</span> <span class='ocrx_word' id='word_1_146' title='bbox 2818 883 2927 950; x_wconf 85' lang='grc' dir='ltr'><strong>τῆς</strong></span> <span class='ocrx_word' id='word_1_147' title='bbox 2964 879 3143 950; x_wconf 80' lang='grc' dir='ltr'><strong>δόξης</strong></span> <span class='ocrx_word' id='word_1_148' title='bbox 3176 871 3422 948; x_wconf 80' lang='grc' dir='ltr'>ἀξίωμα.</span> <span class='ocrx_word' id='word_1_149' title='bbox 3462 896 3480 928; x_wconf 84' lang='grc'><strong>‹</strong></span> <span class='ocrx_word' id='word_1_150' title='bbox 3523 879 3648 933; x_wconf 67' lang='lat' dir='ltr'><strong>‘Aijii</strong></span> 
     </span>
    </p>
   </div>
   <div class='ocr_carea' id='block_1_20' title="bbox 2061 969 3650 1046">
    <p class='ocr_par' dir='ltr' id='par_1_20' title="bbox 2061 969 3650 1046">
     <span class='ocr_line' id='line_1_20' title="bbox 2061 969 3650 1046; baseline -0.005 -14"><span class='ocrx_word' id='word_1_151' title='bbox 2061 979 2286 1046; x_wconf 77' lang='grc' dir='ltr'>ἄγωμεν</span> <span class='ocrx_word' id='word_1_152' title='bbox 2322 976 2458 1046; x_wconf 81' lang='grc' dir='ltr'>πρὸς</span> <span class='ocrx_word' id='word_1_153' title='bbox 2507 975 2692 1029; x_wconf 84' lang='grc' dir='ltr'>αὐτόν.</span> <span class='ocrx_word' id='word_1_154' title='bbox 2731 994 2750 1026; x_wconf 73' lang='grc' dir='ltr'><strong>ι</strong></span> <span class='ocrx_word' id='word_1_155' title='bbox 2797 975 3032 1043; x_wconf 83' lang='grc' dir='ltr'>Καιρός</span> <span class='ocrx_word' id='word_1_156' title='bbox 3105 973 3234 1024; x_wconf 76' lang='grc' dir='ltr'>ἐστι</span> <span class='ocrx_word' id='word_1_157' title='bbox 3293 969 3566 1039; x_wconf 76' lang='grc' dir='ltr'>πληρῶσαι</span> <span class='ocrx_word' id='word_1_158' title='bbox 3601 973 3650 1024; x_wconf 67' lang='grc' dir='ltr'><strong>τὰ</strong></span> 
     </span>
    </p>
   </div>
   <div class='ocr_carea' id='block_1_21' title="bbox 2065 1065 3646 1141">
    <p class='ocr_par' dir='ltr' id='par_1_21' title="bbox 2065 1065 3646 1141">
     <span class='ocr_line' id='line_1_21' title="bbox 2065 1065 3646 1141; baseline -0.004 -15"><span class='ocrx_word' id='word_1_159' title='bbox 2065 1071 2242 1138; x_wconf 84' lang='grc' dir='ltr'>θεσμὰ</span> <span class='ocrx_word' id='word_1_160' title='bbox 2267 1073 2366 1140; x_wconf 83' lang='grc' dir='ltr'><strong>τῆς</strong></span> <span class='ocrx_word' id='word_1_161' title='bbox 2403 1071 2622 1141; x_wconf 79' lang='grc' dir='ltr'><strong>φιλίας·</strong></span> <span class='ocrx_word' id='word_1_162' title='bbox 2664 1070 2855 1141; x_wconf 77' lang='grc' dir='ltr'>καιρὸς</span> <span class='ocrx_word' id='word_1_163' title='bbox 2892 1068 3092 1134; x_wconf 81' lang='grc' dir='ltr'>δεῖξαι</span> <span class='ocrx_word' id='word_1_164' title='bbox 3136 1067 3244 1138; x_wconf 82' lang='grc' dir='ltr'><strong>τὴν</strong></span> <span class='ocrx_word' id='word_1_165' title='bbox 3292 1065 3564 1120; x_wconf 78' lang='grc' dir='ltr'>αὐθεντίαν</span> <span class='ocrx_word' id='word_1_166' title='bbox 3579 1068 3646 1120; x_wconf 67' lang='grc' dir='ltr'><strong>το]</strong></span> 
     </span>
    </p>
   </div>
   <div class='ocr_carea' id='block_1_22' title="bbox 2065 1157 3647 1235">
    <p class='ocr_par' dir='ltr' id='par_1_22' title="bbox 2065 1157 3647 1235">
     <span class='ocr_line' id='line_1_22' title="bbox 2065 1157 3647 1235; baseline -0.008 -18"><span class='ocrx_word' id='word_1_167' title='bbox 2065 1164 2331 1235; x_wconf 76' lang='grc' dir='ltr'>κράτουςο</span> <span class='ocrx_word' id='word_1_168' title='bbox 2382 1162 2574 1233; x_wconf 72' lang='grc' dir='ltr'>καιρὸς</span> <span class='ocrx_word' id='word_1_169' title='bbox 2614 1163 2849 1231; x_wconf 78' lang='grc' dir='ltr'><strong>πεδῆσαι</strong></span> <span class='ocrx_word' id='word_1_170' title='bbox 2890 1159 3058 1228; x_wconf 76' lang='grc' dir='ltr'>λόγῳ</span> <span class='ocrx_word' id='word_1_171' title='bbox 3101 1157 3204 1210; x_wconf 78' lang='grc' dir='ltr'><strong>τὸν</strong></span> <span class='ocrx_word' id='word_1_172' title='bbox 3254 1157 3503 1220; x_wconf 85' lang='grc' dir='ltr'>θάνατον,</span> <span class='ocrx_word' id='word_1_173' title='bbox 3539 1162 3647 1228; x_wconf 71' lang='grc' dir='ltr'>φωνῇ</span> 
     </span>
    </p>
   </div>
   <div class='ocr_carea' id='block_1_23' title="bbox 2063 1244 3240 1320">
    <p class='ocr_par' dir='ltr' id='par_1_23' title="bbox 2063 1244 3240 1320">
     <span class='ocr_line' id='line_1_23' title="bbox 2063 1244 3240 1320; baseline -0.004 -13"><span class='ocrx_word' id='word_1_174' title='bbox 2063 1253 2122 1308; x_wconf 84' lang='grc' dir='ltr'>δὲ</span> <span class='ocrx_word' id='word_1_175' title='bbox 2152 1255 2310 1307; x_wconf 80' lang='grc' dir='ltr'>λῦσαι</span> <span class='ocrx_word' id='word_1_176' title='bbox 2335 1244 2429 1307; x_wconf 75' lang='grc' dir='ltr'><strong>τοῦ</strong></span> <span class='ocrx_word' id='word_1_177' title='bbox 2464 1253 2758 1316; x_wconf 84' lang='grc' dir='ltr'>τεθνεῶτος</span> <span class='ocrx_word' id='word_1_178' title='bbox 2785 1251 2855 1304; x_wconf 78' lang='grc' dir='ltr'>τὰ</span> <span class='ocrx_word' id='word_1_179' title='bbox 2883 1251 3240 1320; x_wconf 76' lang='grc' dir='ltr'>σπάργανα.</span> 
     </span>
    </p>
   </div>
   <div class='ocr_carea' id='block_1_24' title="bbox 379 1341 3647 1418">
    <p class='ocr_par' dir='ltr' id='par_1_24' title="bbox 379 1341 3647 1418">
     <span class='ocr_line' id='line_1_24' title="bbox 379 1341 3647 1418; baseline -0.002 -15"><span class='ocrx_word' id='word_1_180' title='bbox 379 1350 456 1403; x_wconf 90' lang='lat' dir='ltr'><strong>nii</strong></span> <span class='ocrx_word' id='word_1_181' title='bbox 491 1350 886 1404; x_wconf 83' lang='lat' dir='ltr'><strong>auctoritatem</strong></span> <span class='ocrx_word' id='word_1_182' title='bbox 950 1348 1296 1418; x_wconf 81' lang='lat' dir='ltr'><strong>probemus:</strong></span> <span class='ocrx_word' id='word_1_183' title='bbox 1349 1355 1572 1417; x_wconf 84' lang='lat' dir='ltr'><strong>tempus</strong></span> <span class='ocrx_word' id='word_1_184' title='bbox 1627 1356 1687 1400; x_wconf 88' lang='lat' dir='ltr'><strong>ut</strong></span> <span class='ocrx_word' id='word_1_185' title='bbox 1743 1356 1972 1400; x_wconf 86' lang='lat' dir='ltr'><strong>mortem</strong></span> <span class='ocrx_word' id='word_1_186' title='bbox 2012 1361 2271 1404; x_wconf 85' lang='lat' dir='ltr'><strong>sermone</strong></span> <span class='ocrx_word' id='word_1_187' title='bbox 2299 1347 2746 1418; x_wconf 86' lang='lat' dir='ltr'><strong>eompediamus,</strong></span> <span class='ocrx_word' id='word_1_188' title='bbox 2775 1355 2957 1416; x_wconf 86' lang='lat' dir='ltr'><strong>utque</strong></span> <span class='ocrx_word' id='word_1_189' title='bbox 2990 1360 3143 1400; x_wconf 81' lang='lat' dir='ltr'><strong>voce</strong></span> <span class='ocrx_word' id='word_1_190' title='bbox 3205 1341 3456 1397; x_wconf 80' lang='lat' dir='ltr'><strong>defuncti</strong></span> <span class='ocrx_word' id='word_1_191' title='bbox 3513 1344 3647 1397; x_wconf 70' lang='lat' dir='ltr'><strong>solva-</strong></span> 
     </span>
    </p>
   </div>
   <div class='ocr_carea' id='block_1_25' title="bbox 379 1445 768 1499">
    <p class='ocr_par' dir='ltr' id='par_1_25' title="bbox 379 1445 768 1499">
     <span class='ocr_line' id='line_1_25' title="bbox 379 1445 768 1499; baseline -0.008 0"><span class='ocrx_word' id='word_1_192' title='bbox 379 1461 500 1499; x_wconf 91' lang='lat' dir='ltr'><strong>mus</strong></span> <span class='ocrx_word' id='word_1_193' title='bbox 541 1445 768 1498; x_wconf 80' lang='lat' dir='ltr'><strong>fascias.</strong></span> 
     </span>
    </p>
   </div>
   <div class='ocr_carea' id='block_1_26' title="bbox 459 1532 1975 1606">
    <p class='ocr_par' dir='ltr' id='par_1_26' title="bbox 459 1532 1975 1606">
     <span class='ocr_line' id='line_1_26' title="bbox 459 1532 1975 1606; baseline 0.003 -22"><span class='ocrx_word' id='word_1_194' title='bbox 459 1553 476 1584; x_wconf 77' lang='grc' dir='ltr'><strong>ι</strong></span> <span class='ocrx_word' id='word_1_195' title='bbox 515 1535 660 1588; x_wconf 83' lang='lat' dir='ltr'><strong>Dixit</strong></span> <span class='ocrx_word' id='word_1_196' title='bbox 701 1549 832 1601; x_wconf 78' lang='lat' dir='ltr'><strong>ergo</strong></span> <span class='ocrx_word' id='word_1_197' title='bbox 886 1532 1271 1602; x_wconf 88' lang='lat' dir='ltr'><strong>Tbomas,qui</strong></span> <span class='ocrx_word' id='word_1_198' title='bbox 1319 1532 1522 1588; x_wconf 85' lang='lat' dir='ltr'><strong>dicitur</strong></span> <span class='ocrx_word' id='word_1_199' title='bbox 1585 1533 1874 1606; x_wconf 82' lang='lat' dir='ltr'><strong>Didymus,</strong></span> <span class='ocrx_word' id='word_1_200' title='bbox 1907 1533 1975 1589; x_wconf 83' lang='lat' dir='ltr'><strong>ad</strong></span> 
     </span>
    </p>
   </div>
   <div class='ocr_carea' id='block_1_27' title="bbox 380 1623 1972 1694">
    <p class='ocr_par' dir='ltr' id='par_1_27' title="bbox 380 1623 1972 1694">
     <span class='ocr_line' id='line_1_27' title="bbox 380 1623 1972 1694; baseline -0.001 -14"><span class='ocrx_word' id='word_1_201' title='bbox 380 1625 790 1694; x_wconf 82' lang='lat' dir='ltr'><strong>condiscipulos</strong></span> <span class='ocrx_word' id='word_1_202' title='bbox 815 1623 1053 1679; x_wconf 89' lang='lat' dir='ltr'><strong>:Eamus</strong></span> <span class='ocrx_word' id='word_1_203' title='bbox 1071 1633 1123 1678; x_wconf 90' lang='lat' dir='ltr'><strong>et</strong></span> <span class='ocrx_word' id='word_1_204' title='bbox 1141 1639 1263 1688; x_wconf 86' lang='lat' dir='ltr'><strong>nos,</strong></span> <span class='ocrx_word' id='word_1_205' title='bbox 1287 1633 1344 1678; x_wconf 92' lang='lat' dir='ltr'><strong>ut</strong></span> <span class='ocrx_word' id='word_1_206' title='bbox 1368 1625 1674 1681; x_wconf 89' lang='lat' dir='ltr'><strong>moriamur</strong></span> <span class='ocrx_word' id='word_1_207' title='bbox 1689 1643 1814 1682; x_wconf 82' lang='lat' dir='ltr'><strong>eum</strong></span> <span class='ocrx_word' id='word_1_208' title='bbox 1840 1642 1928 1682; x_wconf 89' lang='lat' dir='ltr'><strong>eo.</strong></span> <span class='ocrx_word' id='word_1_209' title='bbox 1953 1647 1972 1679; x_wconf 72' lang='grc' dir='ltr'><strong><em>ο</em></strong></span> 
     </span>
    </p>
   </div>
   <div class='ocr_carea' id='block_1_28' title="bbox 382 1716 1972 1788">
    <p class='ocr_par' dir='ltr' id='par_1_28' title="bbox 382 1716 1972 1788">
     <span class='ocr_line' id='line_1_28' title="bbox 382 1716 1972 1788; baseline -0.001 -15"><span class='ocrx_word' id='word_1_210' title='bbox 382 1719 640 1788; x_wconf 88' lang='lat' dir='ltr'><strong>Prompta</strong></span> <span class='ocrx_word' id='word_1_211' title='bbox 700 1731 828 1778; x_wconf 78' lang='lat' dir='ltr'><strong>vox,</strong></span> <span class='ocrx_word' id='word_1_212' title='bbox 865 1731 930 1772; x_wconf 90' lang='lat' dir='ltr'><strong>ac</strong></span> <span class='ocrx_word' id='word_1_213' title='bbox 959 1717 1099 1772; x_wconf 89' lang='lat' dir='ltr'><strong>duos</strong></span> <span class='ocrx_word' id='word_1_214' title='bbox 1153 1716 1420 1786; x_wconf 89' lang='lat' dir='ltr'><strong>quosdam</strong></span> <span class='ocrx_word' id='word_1_215' title='bbox 1453 1717 1689 1774; x_wconf 83' lang='lat' dir='ltr'><strong>aﬂ&#39;ectus</strong></span> <span class='ocrx_word' id='word_1_216' title='bbox 1730 1727 1860 1773; x_wconf 87' lang='lat' dir='ltr'><strong>nata</strong></span> <span class='ocrx_word' id='word_1_217' title='bbox 1893 1718 1972 1773; x_wconf 89' lang='lat' dir='ltr'><strong>si-</strong></span> 
     </span>
    </p>
   </div>
   <div class='ocr_carea' id='block_1_29' title="bbox 384 1807 1974 1881">
    <p class='ocr_par' dir='ltr' id='par_1_29' title="bbox 384 1807 1974 1881">
     <span class='ocr_line' id='line_1_29' title="bbox 384 1807 1974 1881; baseline 0 -19"><span class='ocrx_word' id='word_1_218' title='bbox 384 1811 668 1881; x_wconf 74' lang='lat' dir='ltr'><strong>gnificare,</strong></span> <span class='ocrx_word' id='word_1_219' title='bbox 725 1819 840 1862; x_wconf 88' lang='lat' dir='ltr'><strong>tum</strong></span> <span class='ocrx_word' id='word_1_220' title='bbox 895 1807 1158 1861; x_wconf 90' lang='lat' dir='ltr'><strong>nimi-rum</strong></span> <span class='ocrx_word' id='word_1_221' title='bbox 1217 1823 1506 1863; x_wconf 79' lang='lat' dir='ltr'><strong>accensam</strong></span> <span class='ocrx_word' id='word_1_222' title='bbox 1567 1811 1682 1865; x_wconf 83' lang='lat' dir='ltr'><strong>vim</strong></span> <span class='ocrx_word' id='word_1_223' title='bbox 1741 1810 1974 1873; x_wconf 86' lang='lat' dir='ltr'><strong>amoris,</strong></span> 
     </span>
    </p>
   </div>
   <div class='ocr_carea' id='block_1_30' title="bbox 2154 1529 3653 1602">
    <p class='ocr_par' dir='ltr' id='par_1_30' title="bbox 2154 1529 3653 1602">
     <span class='ocr_line' id='line_1_30' title="bbox 2154 1529 3653 1602; baseline -0.006 -14"><span class='ocrx_word' id='word_1_224' title='bbox 2154 1553 2173 1585; x_wconf 71' lang='grc' dir='ltr'><strong><em>α</em></strong></span> <span class='ocrx_word' id='word_1_225' title='bbox 2214 1530 2382 1587; x_wconf 74' lang='grc' dir='ltr'>Εἶπεν</span> <span class='ocrx_word' id='word_1_226' title='bbox 2412 1529 2506 1588; x_wconf 78' lang='grc' dir='ltr'><strong>οὖν</strong></span> <span class='ocrx_word' id='word_1_227' title='bbox 2536 1533 2741 1602; x_wconf 80' lang='grc' dir='ltr'><strong>Θωμᾶς</strong></span> <span class='ocrx_word' id='word_1_228' title='bbox 2773 1534 2802 1586; x_wconf 89' lang='lat'><strong>6</strong></span> <span class='ocrx_word' id='word_1_229' title='bbox 2830 1531 3161 1600; x_wconf 78' lang='grc' dir='ltr'>λεγόμενος</span> <span class='ocrx_word' id='word_1_230' title='bbox 3198 1529 3433 1597; x_wconf 77' lang='grc' dir='ltr'><strong>Δίδυμος</strong></span> <span class='ocrx_word' id='word_1_231' title='bbox 3457 1532 3554 1594; x_wconf 79' lang='grc' dir='ltr'>τοῖς</span> <span class='ocrx_word' id='word_1_232' title='bbox 3572 1551 3653 1602; x_wconf 61' lang='grc' dir='ltr'>με-</span> 
     </span>
    </p>
   </div>
   <div class='ocr_carea' id='block_1_31' title="bbox 2076 1620 3645 1696">
    <p class='ocr_par' dir='ltr' id='par_1_31' title="bbox 2076 1620 3645 1696">
     <span class='ocr_line' id='line_1_31' title="bbox 2076 1620 3645 1696; baseline -0.002 -19"><span class='ocrx_word' id='word_1_233' title='bbox 2076 1625 2267 1696; x_wconf 83' lang='grc' dir='ltr'><strong>θηταῖς</strong></span> <span class='ocrx_word' id='word_1_234' title='bbox 2291 1643 2302 1652; x_wconf 92' lang='grc'>·</span> <span class='ocrx_word' id='word_1_235' title='bbox 2349 1627 2610 1694; x_wconf 77' lang='grc' dir='ltr'>Ἄγωμεν</span> <span class='ocrx_word' id='word_1_236' title='bbox 2646 1624 2742 1677; x_wconf 77' lang='grc' dir='ltr'>καὶ</span> <span class='ocrx_word' id='word_1_237' title='bbox 2790 1624 3000 1694; x_wconf 84' lang='grc' dir='ltr'><strong>ἡμεῖς,</strong></span> <span class='ocrx_word' id='word_1_238' title='bbox 3037 1621 3137 1673; x_wconf 76' lang='grc' dir='ltr'>ἵνα</span> <span class='ocrx_word' id='word_1_239' title='bbox 3188 1620 3539 1690; x_wconf 76' lang='grc' dir='ltr'><strong>ἀποθάνωμεν</strong></span> <span class='ocrx_word' id='word_1_240' title='bbox 3561 1625 3645 1690; x_wconf 79' lang='grc' dir='ltr'>μετ’</span> 
     </span>
    </p>
   </div>
   <div class='ocr_carea' id='block_1_32' title="bbox 2073 1712 3648 1789">
    <p class='ocr_par' dir='ltr' id='par_1_32' title="bbox 2073 1712 3648 1789">
     <span class='ocr_line' id='line_1_32' title="bbox 2073 1712 3648 1789; baseline -0.003 -18"><span class='ocrx_word' id='word_1_241' title='bbox 2073 1717 2263 1773; x_wconf 73' lang='grc' dir='ltr'>αὑτοῦ.</span> <span class='ocrx_word' id='word_1_242' title='bbox 2303 1736 2322 1769; x_wconf 75' lang='grc' dir='ltr'><strong>ι</strong></span> <span class='ocrx_word' id='word_1_243' title='bbox 2355 1718 2641 1789; x_wconf 87' lang='grc' dir='ltr'>Πρόθυμος</span> <span class='ocrx_word' id='word_1_244' title='bbox 2667 1720 2701 1788; x_wconf 69' lang='grc' dir='ltr'><strong>ἡ</strong></span> <span class='ocrx_word' id='word_1_245' title='bbox 2727 1716 2900 1787; x_wconf 74' lang='grc' dir='ltr'>φωνὴ,</span> <span class='ocrx_word' id='word_1_246' title='bbox 2937 1714 3050 1768; x_wconf 77' lang='grc' dir='ltr'>καὶ</span> <span class='ocrx_word' id='word_1_247' title='bbox 3081 1713 3188 1766; x_wconf 75' lang='grc' dir='ltr'><strong>δύο</strong></span> <span class='ocrx_word' id='word_1_248' title='bbox 3207 1712 3377 1765; x_wconf 82' lang='grc' dir='ltr'>τινῶν</span> <span class='ocrx_word' id='word_1_249' title='bbox 3403 1714 3648 1784; x_wconf 68' lang='grc' dir='ltr'>ὲνδεικτικὴ</span> 
     </span>
    </p>
   </div>
   <div class='ocr_carea' id='block_1_33' title="bbox 2030 1803 3646 1878">
    <p class='ocr_par' dir='ltr' id='par_1_33' title="bbox 2030 1803 3646 1878">
     <span class='ocr_line' id='line_1_33' title="bbox 2030 1803 3646 1878; baseline -0.004 -14"><span class='ocrx_word' id='word_1_250' title='bbox 2030 1849 2047 1864; x_wconf 90' lang='grc'><strong>.</strong></span> <span class='ocrx_word' id='word_1_251' title='bbox 2071 1807 2367 1862; x_wconf 79' lang='grc' dir='ltr'><strong>διαθέσεων</strong></span> <span class='ocrx_word' id='word_1_252' title='bbox 2392 1823 2404 1836; x_wconf 88' lang='grc'><strong>·</strong></span> <span class='ocrx_word' id='word_1_253' title='bbox 2443 1807 2712 1878; x_wconf 83' lang='grc' dir='ltr'><strong>διαπύρου</strong></span> <span class='ocrx_word' id='word_1_254' title='bbox 2752 1823 2813 1860; x_wconf 88' lang='grc' dir='ltr'>τε</span> <span class='ocrx_word' id='word_1_255' title='bbox 2853 1807 3133 1876; x_wconf 77' lang='grc' dir='ltr'>φίλτρου,</span> <span class='ocrx_word' id='word_1_256' title='bbox 3177 1803 3281 1858; x_wconf 82' lang='grc' dir='ltr'><strong>ἆτε</strong></span> <span class='ocrx_word' id='word_1_257' title='bbox 3323 1803 3418 1856; x_wconf 80' lang='grc' dir='ltr'>καὶ</span> <span class='ocrx_word' id='word_1_258' title='bbox 3452 1806 3646 1868; x_wconf 58' lang='lat'><strong>105;!)-</strong></span> 
     </span>
    </p>
   </div>
   <div class='ocr_carea' id='block_1_34' title="bbox 384 1896 1973 1992">
    <p class='ocr_par' dir='ltr' id='par_1_34' title="bbox 384 1899 1973 1970">
     <span class='ocr_line' id='line_1_34' title="bbox 384 1899 1973 1970; baseline 0 -16"><span class='ocrx_word' id='word_1_259' title='bbox 384 1901 532 1956; x_wconf 88' lang='lat' dir='ltr'><strong>velut</strong></span> <span class='ocrx_word' id='word_1_260' title='bbox 566 1915 686 1970; x_wconf 64' lang='lat' dir='ltr'><strong>qua:</strong></span> <span class='ocrx_word' id='word_1_261' title='bbox 725 1901 891 1953; x_wconf 86' lang='lat' dir='ltr'><strong>etiam</strong></span> <span class='ocrx_word' id='word_1_262' title='bbox 948 1899 1111 1962; x_wconf 91' lang='lat' dir='ltr'><strong>alios,</strong></span> <span class='ocrx_word' id='word_1_263' title='bbox 1173 1908 1232 1953; x_wconf 91' lang='lat' dir='ltr'><strong>ut</strong></span> <span class='ocrx_word' id='word_1_264' title='bbox 1260 1914 1425 1954; x_wconf 89' lang='lat' dir='ltr'><strong>cursu</strong></span> <span class='ocrx_word' id='word_1_265' title='bbox 1498 1902 1719 1955; x_wconf 78' lang='lat' dir='ltr'><strong>concito</strong></span> <span class='ocrx_word' id='word_1_266' title='bbox 1751 1901 1819 1954; x_wconf 89' lang='lat' dir='ltr'><strong>ad</strong></span> <span class='ocrx_word' id='word_1_267' title='bbox 1857 1914 1973 1954; x_wconf 91' lang='lat' dir='ltr'><strong>mo-</strong></span> 
     </span>
    </p>
   </div>
   <div class='ocr_carea' id='block_1_35' title="bbox 2081 1896 3649 1992">
    <p class='ocr_par' dir='ltr' id='par_1_35' title="bbox 2081 1896 3649 1970">
     <span class='ocr_line' id='line_1_35' title="bbox 2081 1896 3649 1970; baseline -0.002 -18"><span class='ocrx_word' id='word_1_268' title='bbox 2081 1899 2204 1962; x_wconf 87' lang='grc' dir='ltr'>λους</span> <span class='ocrx_word' id='word_1_269' title='bbox 2229 1899 2324 1953; x_wconf 69' lang='grc' dir='ltr'><strong>ἐπὶ</strong></span> <span class='ocrx_word' id='word_1_270' title='bbox 2349 1900 2440 1952; x_wconf 84' lang='grc' dir='ltr'><strong>τὸν</strong></span> <span class='ocrx_word' id='word_1_271' title='bbox 2471 1901 2568 1952; x_wconf 80' lang='grc' dir='ltr'>σὺν</span> <span class='ocrx_word' id='word_1_272' title='bbox 2597 1899 2674 1970; x_wconf 79' lang='grc' dir='ltr'>τῷ</span> <span class='ocrx_word' id='word_1_273' title='bbox 2705 1899 3028 1969; x_wconf 78' lang='grc' dir='ltr'><strong>διδασκάλῳ</strong></span> <span class='ocrx_word' id='word_1_274' title='bbox 3063 1896 3322 1951; x_wconf 84' lang='grc' dir='ltr'>θάνατον</span> <span class='ocrx_word' id='word_1_275' title='bbox 3349 1900 3533 1968; x_wconf 82' lang='grc' dir='ltr'>χωρεῖν</span> <span class='ocrx_word' id='word_1_276' title='bbox 3551 1915 3649 1967; x_wconf 63' lang='grc' dir='ltr'>πρι-</span> 
     </span>
    </p>
   </div>
   <div class='ocr_carea' id='block_1_36' title="bbox 385 1991 1970 2062">
    <p class='ocr_par' dir='ltr' id='par_1_36' title="bbox 385 1991 1970 2062">
     <span class='ocr_line' id='line_1_36' title="bbox 385 1991 1970 2062; baseline -0.004 -14"><span class='ocrx_word' id='word_1_277' title='bbox 385 1992 634 2048; x_wconf 89' lang='lat' dir='ltr'><strong>riendutn</strong></span> <span class='ocrx_word' id='word_1_278' title='bbox 690 2005 815 2044; x_wconf 89' lang='lat' dir='ltr'><strong>cum</strong></span> <span class='ocrx_word' id='word_1_279' title='bbox 874 1991 1146 2060; x_wconf 82' lang='lat' dir='ltr'><strong>magistro</strong></span> <span class='ocrx_word' id='word_1_280' title='bbox 1217 2005 1607 2062; x_wconf 83' lang='lat' dir='ltr'><strong>preperarent,</strong></span> <span class='ocrx_word' id='word_1_281' title='bbox 1656 1992 1970 2046; x_wconf 83' lang='lat' dir='ltr'><strong>excitaret:</strong></span> 
     </span>
    </p>
   </div>
   <div class='ocr_carea' id='block_1_37' title="bbox 387 2080 1966 2150">
    <p class='ocr_par' dir='ltr' id='par_1_37' title="bbox 387 2080 1966 2150">
     <span class='ocr_line' id='line_1_37' title="bbox 387 2080 1966 2150; baseline -0.001 -13"><span class='ocrx_word' id='word_1_282' title='bbox 387 2096 499 2139; x_wconf 91' lang='lat' dir='ltr'><strong>tum</strong></span> <span class='ocrx_word' id='word_1_283' title='bbox 528 2083 746 2138; x_wconf 88' lang='lat' dir='ltr'><strong>mollem</strong></span> <span class='ocrx_word' id='word_1_284' title='bbox 781 2081 1050 2150; x_wconf 76' lang='lat' dir='ltr'><strong>ignaviain</strong></span> <span class='ocrx_word' id='word_1_285' title='bbox 1083 2096 1148 2136; x_wconf 90' lang='lat' dir='ltr'><strong>ac</strong></span> <span class='ocrx_word' id='word_1_286' title='bbox 1185 2080 1558 2136; x_wconf 84' lang='lat' dir='ltr'><strong>ell‘eminatum</strong></span> <span class='ocrx_word' id='word_1_287' title='bbox 1590 2081 1869 2147; x_wconf 89' lang='lat' dir='ltr'><strong>timorem,</strong></span> <span class='ocrx_word' id='word_1_288' title='bbox 1905 2091 1966 2137; x_wconf 91' lang='lat' dir='ltr'><strong>ut</strong></span> 
     </span>
    </p>
   </div>
   <div class='ocr_carea' id='block_1_38' title="bbox 387 2173 1976 2248">
    <p class='ocr_par' dir='ltr' id='par_1_38' title="bbox 387 2173 1976 2248">
     <span class='ocr_line' id='line_1_38' title="bbox 387 2173 1976 2248; baseline -0.003 -16"><span class='ocrx_word' id='word_1_289' title='bbox 387 2179 670 2248; x_wconf 87' lang='lat' dir='ltr'><strong>quodnon</strong></span> <span class='ocrx_word' id='word_1_290' title='bbox 702 2175 884 2228; x_wconf 87' lang='lat' dir='ltr'><strong>adhuc</strong></span> <span class='ocrx_word' id='word_1_291' title='bbox 947 2173 1273 2230; x_wconf 87' lang='lat' dir='ltr'><strong>imminebat</strong></span> <span class='ocrx_word' id='word_1_292' title='bbox 1350 2174 1712 2243; x_wconf 74' lang='lat' dir='ltr'><strong>coniectaret.</strong></span> <span class='ocrx_word' id='word_1_293' title='bbox 1768 2174 1976 2229; x_wconf 83' lang='lat' dir='ltr'><strong>Verum</strong></span> 
     </span>
    </p>
   </div>
   <div class='ocr_carea' id='block_1_39' title="bbox 387 2265 1976 2338">
    <p class='ocr_par' dir='ltr' id='par_1_39' title="bbox 387 2265 1976 2338">
     <span class='ocr_line' id='line_1_39' title="bbox 387 2265 1976 2338; baseline -0.001 -16"><span class='ocrx_word' id='word_1_294' title='bbox 387 2269 553 2332; x_wconf 87' lang='lat' dir='ltr'><strong>absit,</strong></span> <span class='ocrx_word' id='word_1_295' title='bbox 583 2276 643 2322; x_wconf 92' lang='lat' dir='ltr'><strong>ut</strong></span> <span class='ocrx_word' id='word_1_296' title='bbox 673 2267 766 2338; x_wconf 89' lang='lat' dir='ltr'><strong>qui</strong></span> <span class='ocrx_word' id='word_1_297' title='bbox 792 2281 892 2320; x_wconf 85' lang='lat' dir='ltr'><strong>sua</strong></span> <span class='ocrx_word' id='word_1_298' title='bbox 929 2280 1031 2321; x_wconf 91' lang='lat' dir='ltr'><strong>nos</strong></span> <span class='ocrx_word' id='word_1_299' title='bbox 1087 2265 1413 2322; x_wconf 74' lang='lat' dir='ltr'><strong>infidelitate</strong></span> <span class='ocrx_word' id='word_1_300' title='bbox 1465 2265 1589 2321; x_wconf 81' lang='lat' dir='ltr'><strong>ﬁdei</strong></span> <span class='ocrx_word' id='word_1_301' title='bbox 1634 2265 1976 2322; x_wconf 87' lang='lat' dir='ltr'><strong>carbonibus</strong></span> 
     </span>
    </p>
   </div>
   <div class='ocr_carea' id='block_1_40' title="bbox 387 2357 1979 2429">
    <p class='ocr_par' dir='ltr' id='par_1_40' title="bbox 387 2357 1979 2429">
     <span class='ocr_line' id='line_1_40' title="bbox 387 2357 1979 2429; baseline 0 -16"><span class='ocrx_word' id='word_1_302' title='bbox 387 2361 605 2414; x_wconf 90' lang='lat' dir='ltr'><strong>duravit</strong></span> <span class='ocrx_word' id='word_1_303' title='bbox 626 2357 1121 2428; x_wconf 77' lang='lat' dir='ltr'><strong>lirmavitque(H),</strong></span> <span class='ocrx_word' id='word_1_304' title='bbox 1141 2357 1210 2412; x_wconf 86' lang='lat' dir='ltr'><strong>ad</strong></span> <span class='ocrx_word' id='word_1_305' title='bbox 1227 2365 1434 2412; x_wconf 83' lang='lat' dir='ltr'><strong>tantam</strong></span> <span class='ocrx_word' id='word_1_306' title='bbox 1453 2357 1804 2414; x_wconf 84' lang='lat' dir='ltr'><strong>timiditatem</strong></span> <span class='ocrx_word' id='word_1_307' title='bbox 1823 2359 1979 2429; x_wconf 82' lang='lat' dir='ltr'><strong>igna-</strong></span> 
     </span>
    </p>
   </div>
   <div class='ocr_carea' id='block_1_41' title="bbox 388 2449 1978 2522">
    <p class='ocr_par' dir='ltr' id='par_1_41' title="bbox 388 2449 1978 2522">
     <span class='ocr_line' id='line_1_41' title="bbox 388 2449 1978 2522; baseline 0.001 -17"><span class='ocrx_word' id='word_1_308' title='bbox 388 2454 640 2522; x_wconf 79' lang='lat' dir='ltr'><strong>viamque</strong></span> <span class='ocrx_word' id='word_1_309' title='bbox 667 2452 970 2506; x_wconf 78' lang='lat' dir='ltr'><strong>devenerit.</strong></span> <span class='ocrx_word' id='word_1_310' title='bbox 1003 2452 1203 2508; x_wconf 88' lang='lat' dir='ltr'><strong>Demus</strong></span> <span class='ocrx_word' id='word_1_311' title='bbox 1227 2465 1362 2520; x_wconf 80' lang='lat' dir='ltr'><strong>ergo</strong></span> <span class='ocrx_word' id='word_1_312' title='bbox 1393 2449 1584 2516; x_wconf 77' lang='lat' dir='ltr'><strong>fuisse,</strong></span> <span class='ocrx_word' id='word_1_313' title='bbox 1611 2466 1721 2506; x_wconf 90' lang='lat' dir='ltr'><strong>non</strong></span> <span class='ocrx_word' id='word_1_314' title='bbox 1746 2451 1978 2521; x_wconf 65' lang='lat' dir='ltr'><strong>ignaviae</strong></span> 
     </span>
    </p>
   </div>
   <div class='ocr_carea' id='block_1_42' title="bbox 387 2539 1980 2609">
    <p class='ocr_par' dir='ltr' id='par_1_42' title="bbox 387 2539 1980 2609">
     <span class='ocr_line' id='line_1_42' title="bbox 387 2539 1980 2609; baseline -0.002 -12"><span class='ocrx_word' id='word_1_315' title='bbox 387 2544 575 2609; x_wconf 88' lang='lat' dir='ltr'><strong>verba,</strong></span> <span class='ocrx_word' id='word_1_316' title='bbox 609 2543 704 2598; x_wconf 88' lang='lat' dir='ltr'><strong>sed</strong></span> <span class='ocrx_word' id='word_1_317' title='bbox 731 2542 1022 2597; x_wconf 72' lang='lat' dir='ltr'><strong>audentiae.</strong></span> <span class='ocrx_word' id='word_1_318' title='bbox 1077 2539 1186 2596; x_wconf 86' lang='lat' dir='ltr'><strong>Par</strong></span> <span class='ocrx_word' id='word_1_319' title='bbox 1252 2541 1402 2598; x_wconf 90' lang='lat' dir='ltr'><strong>enim</strong></span> <span class='ocrx_word' id='word_1_320' title='bbox 1437 2550 1548 2607; x_wconf 89' lang='lat' dir='ltr'><strong>est,</strong></span> <span class='ocrx_word' id='word_1_321' title='bbox 1587 2544 1830 2596; x_wconf 80' lang='lat' dir='ltr'><strong>excitato</strong></span> <span class='ocrx_word' id='word_1_322' title='bbox 1866 2541 1980 2596; x_wconf 79' lang='lat' dir='ltr'><strong>fer-</strong></span> 
     </span>
    </p>
   </div>
   <div class='ocr_carea' id='block_1_43' title="bbox 389 2629 1974 2702">
    <p class='ocr_par' dir='ltr' id='par_1_43' title="bbox 389 2629 1974 2702">
     <span class='ocr_line' id='line_1_43' title="bbox 389 2629 1974 2702; baseline 0.001 -17"><span class='ocrx_word' id='word_1_323' title='bbox 389 2648 522 2688; x_wconf 86' lang='lat' dir='ltr'><strong>vore</strong></span> <span class='ocrx_word' id='word_1_324' title='bbox 567 2631 1030 2702; x_wconf 87' lang='lat' dir='ltr'><strong>propensiorique</strong></span> <span class='ocrx_word' id='word_1_325' title='bbox 1059 2629 1256 2686; x_wconf 71' lang='lat' dir='ltr'><strong>aﬁectu</strong></span> <span class='ocrx_word' id='word_1_326' title='bbox 1310 2631 1584 2687; x_wconf 89' lang='lat' dir='ltr'><strong>contortis</strong></span> <span class='ocrx_word' id='word_1_327' title='bbox 1636 2630 1974 2693; x_wconf 87' lang='lat' dir='ltr'><strong>visceribus,</strong></span> 
     </span>
    </p>
   </div>
   <div class='ocr_carea' id='block_1_44' title="bbox 388 2719 1976 2796">
    <p class='ocr_par' dir='ltr' id='par_1_44' title="bbox 388 2719 1976 2796">
     <span class='ocr_line' id='line_1_44' title="bbox 388 2719 1976 2796; baseline -0.004 -16"><span class='ocrx_word' id='word_1_328' title='bbox 388 2725 613 2796; x_wconf 74' lang='lat' dir='ltr'><strong>dignum</strong></span> <span class='ocrx_word' id='word_1_329' title='bbox 645 2722 854 2792; x_wconf 89' lang='lat' dir='ltr'><strong>aliquid</strong></span> <span class='ocrx_word' id='word_1_330' title='bbox 886 2736 985 2776; x_wconf 89' lang='lat' dir='ltr'><strong>sua</strong></span> <span class='ocrx_word' id='word_1_331' title='bbox 1022 2721 1115 2774; x_wconf 90' lang='lat' dir='ltr'><strong>illa</strong></span> <span class='ocrx_word' id='word_1_332' title='bbox 1143 2721 1524 2776; x_wconf 84' lang='lat' dir='ltr'><strong>benevolentia</strong></span> <span class='ocrx_word' id='word_1_333' title='bbox 1557 2719 1614 2774; x_wconf 90' lang='lat' dir='ltr'><strong>in</strong></span> <span class='ocrx_word' id='word_1_334' title='bbox 1647 2720 1976 2790; x_wconf 80' lang='lat' dir='ltr'><strong>magistrum</strong></span> 
     </span>
    </p>
   </div>
   <div class='ocr_carea' id='block_1_45' title="bbox 391 2813 1974 2886">
    <p class='ocr_par' dir='ltr' id='par_1_45' title="bbox 391 2813 1974 2886">
     <span class='ocr_line' id='line_1_45' title="bbox 391 2813 1974 2886; baseline -0.006 -11"><span class='ocrx_word' id='word_1_335' title='bbox 391 2817 656 2875; x_wconf 88' lang='lat' dir='ltr'><strong>sensisse.</strong></span> <span class='ocrx_word' id='word_1_336' title='bbox 687 2813 848 2877; x_wconf 86' lang='lat' dir='ltr'><strong>Nam,</strong></span> <span class='ocrx_word' id='word_1_337' title='bbox 881 2814 1198 2886; x_wconf 89' lang='lat' dir='ltr'><strong>inquit,qui</strong></span> <span class='ocrx_word' id='word_1_338' title='bbox 1229 2814 1298 2868; x_wconf 90' lang='lat' dir='ltr'><strong>ab</strong></span> <span class='ocrx_word' id='word_1_339' title='bbox 1331 2828 1396 2868; x_wconf 92' lang='lat' dir='ltr'><strong>eo</strong></span> <span class='ocrx_word' id='word_1_340' title='bbox 1427 2813 1714 2882; x_wconf 84' lang='lat' dir='ltr'><strong>signorum</strong></span> <span class='ocrx_word' id='word_1_341' title='bbox 1742 2813 1974 2881; x_wconf 84' lang='lat' dir='ltr'><strong>gratiam</strong></span> 
     </span>
    </p>
   </div>
   <div class='ocr_carea' id='block_1_46' title="bbox 392 2905 1975 2978">
    <p class='ocr_par' dir='ltr' id='par_1_46' title="bbox 392 2905 1975 2978">
     <span class='ocr_line' id='line_1_46' title="bbox 392 2905 1975 2978; baseline -0.004 -15"><span class='ocrx_word' id='word_1_342' title='bbox 392 2911 727 2978; x_wconf 89' lang='lat' dir='ltr'><strong>accepimus,</strong></span> <span class='ocrx_word' id='word_1_343' title='bbox 783 2921 892 2978; x_wconf 89' lang='lat' dir='ltr'><strong>qua</strong></span> <span class='ocrx_word' id='word_1_344' title='bbox 949 2907 1322 2976; x_wconf 63' lang='lat' dir='ltr'><strong>prteeellimus</strong></span> <span class='ocrx_word' id='word_1_345' title='bbox 1377 2906 1607 2971; x_wconf 90' lang='lat' dir='ltr'><strong>multos,</strong></span> <span class='ocrx_word' id='word_1_346' title='bbox 1670 2905 1801 2974; x_wconf 92' lang='lat' dir='ltr'><strong>quid</strong></span> <span class='ocrx_word' id='word_1_347' title='bbox 1863 2919 1975 2959; x_wconf 90' lang='lat' dir='ltr'><strong>non</strong></span> 
     </span>
    </p>
   </div>
   <div class='ocr_carea' id='block_1_47' title="bbox 392 2996 1976 3067">
    <p class='ocr_par' dir='ltr' id='par_1_47' title="bbox 392 2996 1976 3067">
     <span class='ocr_line' id='line_1_47' title="bbox 392 2996 1976 3067; baseline -0.004 -13"><span class='ocrx_word' id='word_1_348' title='bbox 392 3001 746 3057; x_wconf 89' lang='lat' dir='ltr'><strong>debuerimus</strong></span> <span class='ocrx_word' id='word_1_349' title='bbox 798 2998 963 3062; x_wconf 80' lang='lat' dir='ltr'><strong>ferre,</strong></span> <span class='ocrx_word' id='word_1_350' title='bbox 1007 2998 1052 3054; x_wconf 91' lang='lat' dir='ltr'><strong>si</strong></span> <span class='ocrx_word' id='word_1_351' title='bbox 1088 3007 1473 3067; x_wconf 87' lang='lat' dir='ltr'><strong>properantem</strong></span> <span class='ocrx_word' id='word_1_352' title='bbox 1539 2996 1606 3050; x_wconf 91' lang='lat' dir='ltr'><strong>ad</strong></span> <span class='ocrx_word' id='word_1_353' title='bbox 1665 2996 1976 3066; x_wconf 87' lang='lat' dir='ltr'><strong>passionem</strong></span> 
     </span>
    </p>
   </div>
   <div class='ocr_carea' id='block_1_48' title="bbox 393 3086 1980 3158">
    <p class='ocr_par' dir='ltr' id='par_1_48' title="bbox 393 3086 1980 3158">
     <span class='ocr_line' id='line_1_48' title="bbox 393 3086 1980 3158; baseline -0.003 -12"><span class='ocrx_word' id='word_1_354' title='bbox 393 3088 853 3146; x_wconf 87' lang='lat' dir='ltr'><strong>deseruerimus?</strong></span> <span class='ocrx_word' id='word_1_355' title='bbox 889 3088 1050 3154; x_wconf 89' lang='lat' dir='ltr'><strong>Eum,</strong></span> <span class='ocrx_word' id='word_1_356' title='bbox 1088 3090 1344 3158; x_wconf 90' lang='lat' dir='ltr'><strong>inquam,</strong></span> <span class='ocrx_word' id='word_1_357' title='bbox 1373 3087 1468 3157; x_wconf 91' lang='lat' dir='ltr'><strong>qui</strong></span> <span class='ocrx_word' id='word_1_358' title='bbox 1497 3086 1564 3142; x_wconf 91' lang='lat' dir='ltr'><strong>ad</strong></span> <span class='ocrx_word' id='word_1_359' title='bbox 1614 3093 1826 3141; x_wconf 88' lang='lat' dir='ltr'><strong>tantum</strong></span> <span class='ocrx_word' id='word_1_360' title='bbox 1877 3101 1980 3141; x_wconf 84' lang='lat' dir='ltr'><strong>nos</strong></span> 
     </span>
    </p>
   </div>
   <div class='ocr_carea' id='block_1_49' title="bbox 393 3177 1979 3251">
    <p class='ocr_par' dir='ltr' id='par_1_49' title="bbox 393 3177 1979 3251">
     <span class='ocr_line' id='line_1_49' title="bbox 393 3177 1979 3251; baseline -0.003 -17"><span class='ocrx_word' id='word_1_361' title='bbox 393 3182 582 3251; x_wconf 66' lang='lat' dir='ltr'><strong>gloriae</strong></span> <span class='ocrx_word' id='word_1_362' title='bbox 604 3179 855 3249; x_wconf 81' lang='lat' dir='ltr'><strong>provexit</strong></span> <span class='ocrx_word' id='word_1_363' title='bbox 887 3179 1122 3247; x_wconf 83' lang='lat' dir='ltr'><strong>apicem.</strong></span> <span class='ocrx_word' id='word_1_364' title='bbox 1147 3189 1200 3232; x_wconf 87' lang='lat' dir='ltr'><strong>ut</strong></span> <span class='ocrx_word' id='word_1_365' title='bbox 1224 3187 1438 3231; x_wconf 87' lang='lat' dir='ltr'><strong>montes</strong></span> <span class='ocrx_word' id='word_1_366' title='bbox 1489 3177 1654 3232; x_wconf 88' lang='lat' dir='ltr'><strong>etiam</strong></span> <span class='ocrx_word' id='word_1_367' title='bbox 1701 3177 1979 3246; x_wconf 86' lang='lat' dir='ltr'><strong>possimus</strong></span> 
     </span>
    </p>
   </div>
   <div class='ocr_carea' id='block_1_50' title="bbox 2076 1989 3643 2063">
    <p class='ocr_par' dir='ltr' id='par_1_50' title="bbox 2076 1989 3643 2063">
     <span class='ocr_line' id='line_1_50' title="bbox 2076 1989 3643 2063; baseline -0.001 -19"><span class='ocrx_word' id='word_1_368' title='bbox 2076 1991 2352 2063; x_wconf 87' lang='grc' dir='ltr'>τροπάδην</span> <span class='ocrx_word' id='word_1_369' title='bbox 2391 1992 2752 2045; x_wconf 85' lang='grc' dir='ltr'>διανιστῶσα·</span> <span class='ocrx_word' id='word_1_370' title='bbox 2804 1991 3022 2056; x_wconf 76' lang='grc' dir='ltr'>δειλίας</span> <span class='ocrx_word' id='word_1_371' title='bbox 3073 2007 3142 2042; x_wconf 80' lang='grc' dir='ltr'><strong>τε</strong></span> <span class='ocrx_word' id='word_1_372' title='bbox 3197 1989 3493 2059; x_wconf 78' lang='grc' dir='ltr'><strong>ἀνάνδρου,</strong></span> <span class='ocrx_word' id='word_1_373' title='bbox 3521 1989 3582 2052; x_wconf 86' lang='grc' dir='ltr'>ὡς</span> <span class='ocrx_word' id='word_1_374' title='bbox 3601 1991 3643 2042; x_wconf 70' lang='grc' dir='ltr'><strong>τὸ</strong></span> 
     </span>
    </p>
   </div>
   <div class='ocr_carea' id='block_1_51' title="bbox 2079 2080 3645 2157">
    <p class='ocr_par' dir='ltr' id='par_1_51' title="bbox 2079 2080 3645 2157">
     <span class='ocr_line' id='line_1_51' title="bbox 2079 2080 3645 2157; baseline -0.005 -18"><span class='ocrx_word' id='word_1_375' title='bbox 2079 2087 2250 2157; x_wconf 81' lang='grc' dir='ltr'>μήπω</span> <span class='ocrx_word' id='word_1_376' title='bbox 2291 2086 2466 2156; x_wconf 77' lang='grc' dir='ltr'>παρὸν</span> <span class='ocrx_word' id='word_1_377' title='bbox 2514 2083 2986 2148; x_wconf 80' lang='grc' dir='ltr'>ὑποτοπάζεσθαι,</span> <span class='ocrx_word' id='word_1_378' title='bbox 3053 2082 3212 2135; x_wconf 81' lang='grc' dir='ltr'>Ἀλλ’</span> <span class='ocrx_word' id='word_1_379' title='bbox 3240 2082 3368 2136; x_wconf 79' lang='grc' dir='ltr'>οὐκ,</span> <span class='ocrx_word' id='word_1_380' title='bbox 3391 2080 3454 2134; x_wconf 79' lang='grc' dir='ltr'>ἂν</span> <span class='ocrx_word' id='word_1_381' title='bbox 3482 2083 3549 2142; x_wconf 81' lang='grc' dir='ltr'>εἰς</span> <span class='ocrx_word' id='word_1_382' title='bbox 3579 2097 3645 2132; x_wconf 67' lang='grc' dir='ltr'>τι.</span> 
     </span>
    </p>
   </div>
   <div class='ocr_carea' id='block_1_52' title="bbox 2081 2171 3637 2248">
    <p class='ocr_par' dir='ltr' id='par_1_52' title="bbox 2081 2171 3637 2248">
     <span class='ocr_line' id='line_1_52' title="bbox 2081 2171 3637 2248; baseline -0.006 -17"><span class='ocrx_word' id='word_1_383' title='bbox 2081 2176 2270 2231; x_wconf 82' lang='grc' dir='ltr'>σοῦτον</span> <span class='ocrx_word' id='word_1_384' title='bbox 2296 2176 2588 2248; x_wconf 72' lang='grc' dir='ltr'><strong>ἀνανδρίας</strong></span> <span class='ocrx_word' id='word_1_385' title='bbox 2620 2176 2822 2248; x_wconf 75' lang='grc' dir='ltr'>ἤλασεν</span> <span class='ocrx_word' id='word_1_386' title='bbox 2841 2216 2856 2239; x_wconf 88' lang='grc'><strong>,</strong></span> <span class='ocrx_word' id='word_1_387' title='bbox 2882 2175 3082 2242; x_wconf 71' lang='grc' dir='ltr'>ἄπαγε</span> <span class='ocrx_word' id='word_1_388' title='bbox 3103 2215 3118 2233; x_wconf 88' lang='grc'><strong>.</strong></span> <span class='ocrx_word' id='word_1_389' title='bbox 3152 2176 3184 2226; x_wconf 97' lang='lat'><strong>6</strong></span> <span class='ocrx_word' id='word_1_390' title='bbox 3211 2173 3304 2226; x_wconf 70' lang='grc' dir='ltr'><strong>διὰ</strong></span> <span class='ocrx_word' id='word_1_391' title='bbox 3333 2171 3432 2243; x_wconf 85' lang='grc' dir='ltr'><strong>τῆς</strong></span> <span class='ocrx_word' id='word_1_392' title='bbox 3450 2171 3637 2223; x_wconf 69' lang='grc' dir='ltr'>κατ’τῦο</span> 
     </span>
    </p>
   </div>
   <div class='ocr_carea' id='block_1_53' title="bbox 2079 2263 3640 2339">
    <p class='ocr_par' dir='ltr' id='par_1_53' title="bbox 2079 2263 3640 2339">
     <span class='ocr_line' id='line_1_53' title="bbox 2079 2263 3640 2339; baseline -0.006 -16"><span class='ocrx_word' id='word_1_393' title='bbox 2079 2269 2172 2323; x_wconf 83' lang='grc' dir='ltr'><strong>τὸν</strong></span> <span class='ocrx_word' id='word_1_394' title='bbox 2203 2269 2460 2332; x_wconf 80' lang='grc' dir='ltr'><strong>ἀπιστίας</strong></span> <span class='ocrx_word' id='word_1_395' title='bbox 2497 2269 2644 2338; x_wconf 82' lang='grc' dir='ltr'>ἡμᾶς</span> <span class='ocrx_word' id='word_1_396' title='bbox 2682 2267 2974 2339; x_wconf 79' lang='grc' dir='ltr'><strong>στομώσας</strong></span> <span class='ocrx_word' id='word_1_397' title='bbox 3021 2268 3150 2329; x_wconf 86' lang='grc' dir='ltr'>τοῖς</span> <span class='ocrx_word' id='word_1_398' title='bbox 3187 2266 3292 2335; x_wconf 85' lang='grc' dir='ltr'><strong>τῆς</strong></span> <span class='ocrx_word' id='word_1_399' title='bbox 3334 2264 3546 2324; x_wconf 85' lang='grc' dir='ltr'>πίστεως</span> <span class='ocrx_word' id='word_1_400' title='bbox 3575 2263 3640 2314; x_wconf 68' lang='grc' dir='ltr'><strong>ἂν·</strong></span> 
     </span>
    </p>
   </div>
   <div class='ocr_carea' id='block_1_54' title="bbox 2081 2351 3638 2432">
    <p class='ocr_par' dir='ltr' id='par_1_54' title="bbox 2081 2351 3638 2432">
     <span class='ocr_line' id='line_1_54' title="bbox 2081 2351 3638 2432; baseline -0.008 -16"><span class='ocrx_word' id='word_1_401' title='bbox 2081 2361 2294 2432; x_wconf 79' lang='grc' dir='ltr'>θραξιν.</span> <span class='ocrx_word' id='word_1_402' title='bbox 2341 2359 2647 2430; x_wconf 81' lang='grc' dir='ltr'>Εὔτολμίας</span> <span class='ocrx_word' id='word_1_403' title='bbox 2677 2359 2803 2422; x_wconf 77' lang='grc' dir='ltr'>οὖν,</span> <span class='ocrx_word' id='word_1_404' title='bbox 2849 2360 2950 2412; x_wconf 84' lang='grc' dir='ltr'><strong>οὔκ</strong></span> <span class='ocrx_word' id='word_1_405' title='bbox 3006 2355 3326 2428; x_wconf 78' lang='grc' dir='ltr'>ἀνανδρίας</span> <span class='ocrx_word' id='word_1_406' title='bbox 3370 2351 3571 2407; x_wconf 81' lang='grc' dir='ltr'>δεδόσθω</span> <span class='ocrx_word' id='word_1_407' title='bbox 3592 2352 3638 2403; x_wconf 69' lang='grc' dir='ltr'><strong>τὰ</strong></span> 
     </span>
    </p>
   </div>
   <div class='ocr_carea' id='block_1_55' title="bbox 2081 2442 3637 2523">
    <p class='ocr_par' dir='ltr' id='par_1_55' title="bbox 2081 2442 3637 2523">
     <span class='ocr_line' id='line_1_55' title="bbox 2081 2442 3637 2523; baseline -0.019 0"><span class='ocrx_word' id='word_1_408' title='bbox 2081 2454 2322 2523; x_wconf 59' lang='lat' dir='ltr'><strong>(“iV-“ao</strong></span> <span class='ocrx_word' id='word_1_409' title='bbox 2345 2451 2506 2515; x_wconf 67' lang='grc' dir='ltr'><strong>Εἰκὸς</strong></span> <span class='ocrx_word' id='word_1_410' title='bbox 2529 2451 2638 2523; x_wconf 75' lang='grc' dir='ltr'>γὰρ</span> <span class='ocrx_word' id='word_1_411' title='bbox 2666 2451 2828 2506; x_wconf 74' lang='grc' dir='ltr'>αὑτὸν</span> <span class='ocrx_word' id='word_1_412' title='bbox 2859 2451 3232 2514; x_wconf 78' lang='grc' dir='ltr'>ἀναζέσαντα</span> <span class='ocrx_word' id='word_1_413' title='bbox 3261 2449 3357 2500; x_wconf 75' lang='grc' dir='ltr'>καὶ</span> <span class='ocrx_word' id='word_1_414' title='bbox 3393 2442 3637 2516; x_wconf 77' lang='grc' dir='ltr'>περιπσθέο</span> 
     </span>
    </p>
   </div>
   <div class='ocr_carea' id='block_1_56' title="bbox 2083 2535 3635 2617">
    <p class='ocr_par' dir='ltr' id='par_1_56' title="bbox 2083 2535 3635 2617">
     <span class='ocr_line' id='line_1_56' title="bbox 2083 2535 3635 2617; baseline -0.009 -18"><span class='ocrx_word' id='word_1_415' title='bbox 2083 2563 2274 2617; x_wconf 87' lang='grc' dir='ltr'>στερον</span> <span class='ocrx_word' id='word_1_416' title='bbox 2299 2544 2698 2617; x_wconf 78' lang='grc' dir='ltr'>συστραφέντα,</span> <span class='ocrx_word' id='word_1_417' title='bbox 2719 2543 2912 2596; x_wconf 83' lang='grc' dir='ltr'>παθεῖν</span> <span class='ocrx_word' id='word_1_418' title='bbox 2932 2559 2988 2595; x_wconf 84' lang='grc' dir='ltr'>τι</span> <span class='ocrx_word' id='word_1_419' title='bbox 3017 2542 3132 2611; x_wconf 84' lang='grc' dir='ltr'><strong>τῆς</strong></span> <span class='ocrx_word' id='word_1_420' title='bbox 3163 2538 3310 2610; x_wconf 80' lang='grc' dir='ltr'>πρὸς</span> <span class='ocrx_word' id='word_1_421' title='bbox 3329 2537 3418 2591; x_wconf 77' lang='grc' dir='ltr'><strong>τὸν</strong></span> <span class='ocrx_word' id='word_1_422' title='bbox 3436 2535 3635 2588; x_wconf 67' lang='grc' dir='ltr'>διδάσκε-</span> 
     </span>
    </p>
   </div>
   <div class='ocr_carea' id='block_1_57' title="bbox 2080 2626 3634 2706">
    <p class='ocr_par' dir='ltr' id='par_1_57' title="bbox 2080 2626 3634 2706">
     <span class='ocr_line' id='line_1_57' title="bbox 2080 2626 3634 2706; baseline -0.011 -13"><span class='ocrx_word' id='word_1_423' title='bbox 2080 2639 2172 2693; x_wconf 90' lang='grc' dir='ltr'><strong>λον</strong></span> <span class='ocrx_word' id='word_1_424' title='bbox 2227 2637 2440 2700; x_wconf 87' lang='grc' dir='ltr'>εὐνοίας</span> <span class='ocrx_word' id='word_1_425' title='bbox 2493 2637 2666 2703; x_wconf 79' lang='grc' dir='ltr'>ἄξιον.</span> <span class='ocrx_word' id='word_1_426' title='bbox 2714 2636 2776 2688; x_wconf 84' lang='lat' dir='ltr'><strong>E!</strong></span> <span class='ocrx_word' id='word_1_427' title='bbox 2826 2635 2934 2706; x_wconf 78' lang='grc' dir='ltr'>γάρ</span> <span class='ocrx_word' id='word_1_428' title='bbox 2974 2635 3100 2688; x_wconf 80' lang='grc' dir='ltr'><strong>τῶν</strong></span> <span class='ocrx_word' id='word_1_429' title='bbox 3151 2632 3401 2704; x_wconf 80' lang='grc' dir='ltr'><strong>σημείων</strong></span> <span class='ocrx_word' id='word_1_430' title='bbox 3443 2629 3531 2698; x_wconf 82' lang='grc' dir='ltr'><strong>τὴν</strong></span> <span class='ocrx_word' id='word_1_431' title='bbox 3564 2626 3634 2696; x_wconf 72' lang='grc' dir='ltr'><strong>χά-</strong></span> 
     </span>
    </p>
   </div>
   <div class='ocr_carea' id='block_1_58' title="bbox 2083 2721 3631 2803">
    <p class='ocr_par' dir='ltr' id='par_1_58' title="bbox 2083 2721 3631 2803">
     <span class='ocr_line' id='line_1_58' title="bbox 2083 2721 3631 2803; baseline -0.003 -19"><span class='ocrx_word' id='word_1_432' title='bbox 2083 2749 2194 2803; x_wconf 87' lang='grc' dir='ltr'>ριν,</span> <span class='ocrx_word' id='word_1_433' title='bbox 2237 2730 2396 2800; x_wconf 78' lang='grc' dir='ltr'>φησὶ,</span> <span class='ocrx_word' id='word_1_434' title='bbox 2433 2729 2530 2782; x_wconf 75' lang='grc' dir='ltr'>καὶ</span> <span class='ocrx_word' id='word_1_435' title='bbox 2563 2727 2766 2793; x_wconf 78' lang='grc' dir='ltr'>τᾶλλα,</span> <span class='ocrx_word' id='word_1_436' title='bbox 2813 2721 2895 2792; x_wconf 75' lang='grc' dir='ltr'><strong>οἷς</strong></span> <span class='ocrx_word' id='word_1_437' title='bbox 2939 2727 3062 2780; x_wconf 80' lang='grc' dir='ltr'>τῶν</span> <span class='ocrx_word' id='word_1_438' title='bbox 3085 2723 3308 2779; x_wconf 81' lang='grc' dir='ltr'>πολλῶν</span> <span class='ocrx_word' id='word_1_439' title='bbox 3340 2721 3631 2792; x_wconf 72' lang='grc' dir='ltr'><strong>διαφέρομεν.</strong></span> 
     </span>
    </p>
   </div>
   <div class='ocr_carea' id='block_1_59' title="bbox 2082 2808 3632 2892">
    <p class='ocr_par' dir='ltr' id='par_1_59' title="bbox 2082 2808 3632 2892">
     <span class='ocr_line' id='line_1_59' title="bbox 2082 2808 3632 2892; baseline -0.01 -17"><span class='ocrx_word' id='word_1_440' title='bbox 2082 2823 2388 2892; x_wconf 69' lang='grc' dir='ltr'>εἰλήφαμεν</span> <span class='ocrx_word' id='word_1_441' title='bbox 2423 2820 2555 2892; x_wconf 90' lang='grc' dir='ltr'>παρ’</span> <span class='ocrx_word' id='word_1_442' title='bbox 2597 2819 2787 2883; x_wconf 83' lang='grc' dir='ltr'>αὐτοῦ,</span> <span class='ocrx_word' id='word_1_443' title='bbox 2822 2821 2874 2871; x_wconf 89' lang='grc' dir='ltr'>τί</span> <span class='ocrx_word' id='word_1_444' title='bbox 2906 2819 2972 2873; x_wconf 80' lang='grc' dir='ltr'>ἂν</span> <span class='ocrx_word' id='word_1_445' title='bbox 3011 2816 3359 2888; x_wconf 80' lang='grc' dir='ltr'>πεισόμεθα,</span> <span class='ocrx_word' id='word_1_446' title='bbox 3391 2816 3436 2866; x_wconf 87' lang='grc' dir='ltr'><strong>εί</strong></span> <span class='ocrx_word' id='word_1_447' title='bbox 3464 2808 3632 2881; x_wconf 69' lang='grc' dir='ltr'>πρδςτδ</span> 
     </span>
    </p>
   </div>
   <div class='ocr_carea' id='block_1_60' title="bbox 2083 2899 3632 2984">
    <p class='ocr_par' dir='ltr' id='par_1_60' title="bbox 2083 2899 3632 2984">
     <span class='ocr_line' id='line_1_60' title="bbox 2083 2899 3632 2984; baseline -0.009 -17"><span class='ocrx_word' id='word_1_448' title='bbox 2083 2915 2277 2968; x_wconf 83' lang='grc' dir='ltr'>παθεῖν</span> <span class='ocrx_word' id='word_1_449' title='bbox 2327 2913 2683 2984; x_wconf 75' lang='grc' dir='ltr'>ἐπειγόμενον</span> <span class='ocrx_word' id='word_1_450' title='bbox 2735 2912 3193 2982; x_wconf 72' lang='grc' dir='ltr'>καταλείψαιμεν</span> <span class='ocrx_word' id='word_1_451' title='bbox 3241 2907 3334 2960; x_wconf 78' lang='grc' dir='ltr'><strong>τὸν</strong></span> <span class='ocrx_word' id='word_1_452' title='bbox 3393 2905 3470 2966; x_wconf 83' lang='grc' dir='ltr'><strong>είς</strong></span> <span class='ocrx_word' id='word_1_453' title='bbox 3517 2899 3632 2954; x_wconf 76' lang='grc' dir='ltr'>τοῦτο</span> 
     </span>
    </p>
   </div>
   <div class='ocr_carea' id='block_1_61' title="bbox 2081 2989 3629 3072">
    <p class='ocr_par' dir='ltr' id='par_1_61' title="bbox 2081 2989 3629 3072">
     <span class='ocr_line' id='line_1_61' title="bbox 2081 2989 3629 3072; baseline -0.016 -5"><span class='ocrx_word' id='word_1_454' title='bbox 2081 3001 2237 3071; x_wconf 69' lang='grc' dir='ltr'>δόξης</span> <span class='ocrx_word' id='word_1_455' title='bbox 2272 3003 2418 3072; x_wconf 80' lang='grc' dir='ltr'>ἡμᾶς</span> <span class='ocrx_word' id='word_1_456' title='bbox 2449 3003 2813 3070; x_wconf 80' lang='grc' dir='ltr'>ἀναγαγόντα,</span> <span class='ocrx_word' id='word_1_457' title='bbox 2839 3001 2916 3065; x_wconf 84' lang='grc' dir='ltr'><strong>ὡς</strong></span> <span class='ocrx_word' id='word_1_458' title='bbox 2945 3002 3049 3054; x_wconf 70' lang='grc' dir='ltr'>καὶ</span> <span class='ocrx_word' id='word_1_459' title='bbox 3093 3001 3202 3070; x_wconf 83' lang='grc' dir='ltr'><strong>ὄρη</strong></span> <span class='ocrx_word' id='word_1_460' title='bbox 3240 2994 3489 3050; x_wconf 84' lang='grc' dir='ltr'>δύνασθαι</span> <span class='ocrx_word' id='word_1_461' title='bbox 3513 2989 3629 3061; x_wconf 78' lang='grc' dir='ltr'>μεθιο</span> 
     </span>
    </p>
   </div>
   <div class='ocr_carea' id='block_1_62' title="bbox 2084 3083 3630 3167">
    <p class='ocr_par' dir='ltr' id='par_1_62' title="bbox 2084 3083 3630 3167">
     <span class='ocr_line' id='line_1_62' title="bbox 2084 3083 3630 3167; baseline -0.01 -18"><span class='ocrx_word' id='word_1_462' title='bbox 2084 3097 2238 3167; x_wconf 81' lang='grc' dir='ltr'>στᾷν,</span> <span class='ocrx_word' id='word_1_463' title='bbox 2257 3099 2352 3149; x_wconf 83' lang='grc' dir='ltr'>καὶ</span> <span class='ocrx_word' id='word_1_464' title='bbox 2370 3095 2406 3150; x_wconf 77' lang='grc' dir='ltr'><strong>ἃ.</strong></span> <span class='ocrx_word' id='word_1_465' title='bbox 2427 3096 2632 3150; x_wconf 83' lang='grc' dir='ltr'>τούτων</span> <span class='ocrx_word' id='word_1_466' title='bbox 2649 3095 2873 3167; x_wconf 77' lang='grc' dir='ltr'>μείζονα</span> <span class='ocrx_word' id='word_1_467' title='bbox 2893 3096 3063 3166; x_wconf 73' lang='grc' dir='ltr'>δρᾷνς</span> <span class='ocrx_word' id='word_1_468' title='bbox 3087 3091 3309 3148; x_wconf 81' lang='grc' dir='ltr'>Οὐκοῦν</span> <span class='ocrx_word' id='word_1_469' title='bbox 3329 3083 3630 3156; x_wconf 74' lang='grc' dir='ltr'>συνεψώμεθε</span> 
     </span>
    </p>
   </div>
   <div class='ocr_carea' id='block_1_63' title="bbox 2082 3181 3626 3256">
    <p class='ocr_par' dir='ltr' id='par_1_63' title="bbox 2082 3181 3626 3256">
     <span class='ocr_line' id='line_1_63' title="bbox 2082 3181 3626 3256; baseline -0.01 -18"><span class='ocrx_word' id='word_1_470' title='bbox 2082 3184 2157 3245; x_wconf 81' lang='grc' dir='ltr'><strong>ὡς</strong></span> <span class='ocrx_word' id='word_1_471' title='bbox 2213 3184 2280 3238; x_wconf 86' lang='grc' dir='ltr'>ἂν</span> <span class='ocrx_word' id='word_1_472' title='bbox 2307 3185 2401 3238; x_wconf 76' lang='grc' dir='ltr'>καὶ</span> <span class='ocrx_word' id='word_1_473' title='bbox 2445 3184 2714 3256; x_wconf 79' lang='grc' dir='ltr'>ζήσαιμεν</span> <span class='ocrx_word' id='word_1_474' title='bbox 2768 3184 2952 3250; x_wconf 78' lang='grc' dir='ltr'>ζῶντι,</span> <span class='ocrx_word' id='word_1_475' title='bbox 2992 3186 3096 3237; x_wconf 72' lang='grc' dir='ltr'>καὶ</span> <span class='ocrx_word' id='word_1_476' title='bbox 3163 3181 3449 3250; x_wconf 77' lang='grc' dir='ltr'>θνήσκοντι</span> <span class='ocrx_word' id='word_1_477' title='bbox 3481 3188 3626 3227; x_wconf 80' lang='grc' dir='ltr'>σνντε-</span> 
     </span>
    </p>
   </div>
   <div class='ocr_carea' id='block_1_64' title="bbox 398 3261 1973 3348">
    <p class='ocr_par' dir='ltr' id='par_1_64' title="bbox 398 3267 1973 3336">
     <span class='ocr_line' id='line_1_64' title="bbox 398 3267 1973 3336; baseline 0.001 -13"><span class='ocrx_word' id='word_1_478' title='bbox 398 3269 722 3331; x_wconf 84' lang='lat' dir='ltr'><strong>transt‘erre,</strong></span> <span class='ocrx_word' id='word_1_479' title='bbox 760 3282 824 3321; x_wconf 92' lang='lat' dir='ltr'><strong>ac</strong></span> <span class='ocrx_word' id='word_1_480' title='bbox 857 3268 1066 3336; x_wconf 85' lang='lat' dir='ltr'><strong>majora</strong></span> <span class='ocrx_word' id='word_1_481' title='bbox 1113 3269 1198 3321; x_wconf 92' lang='lat' dir='ltr'><strong>his</strong></span> <span class='ocrx_word' id='word_1_482' title='bbox 1232 3268 1440 3322; x_wconf 75' lang='lat' dir='ltr'><strong>facere.</strong></span> <span class='ocrx_word' id='word_1_483' title='bbox 1485 3267 1630 3336; x_wconf 77' lang='lat' dir='ltr'><strong>Ergo</strong></span> <span class='ocrx_word' id='word_1_484' title='bbox 1661 3283 1854 3324; x_wconf 87' lang='lat' dir='ltr'><strong>eamus</strong></span> <span class='ocrx_word' id='word_1_485' title='bbox 1886 3284 1973 3324; x_wconf 92' lang='lat' dir='ltr'><strong>co-</strong></span> 
     </span>
    </p>
   </div>
   <div class='ocr_carea' id='block_1_65' title="bbox 2081 3261 3624 3348">
    <p class='ocr_par' dir='ltr' id='par_1_65' title="bbox 2083 3261 3624 3348">
     <span class='ocr_line' id='line_1_65' title="bbox 2083 3261 3624 3348; baseline 0.001 -19"><span class='ocrx_word' id='word_1_486' title='bbox 2083 3277 2366 3348; x_wconf 81' lang='grc' dir='ltr'>θναίημεν.</span> <span class='ocrx_word' id='word_1_487' title='bbox 2406 3276 2723 3348; x_wconf 86' lang='grc' dir='ltr'>Προθυμίας</span> <span class='ocrx_word' id='word_1_488' title='bbox 2753 3279 2782 3330; x_wconf 89' lang='lat'><strong>6</strong></span> <span class='ocrx_word' id='word_1_489' title='bbox 2818 3277 3012 3345; x_wconf 77' lang='grc' dir='ltr'>λόγοςι</span> <span class='ocrx_word' id='word_1_490' title='bbox 3050 3271 3354 3344; x_wconf 75' lang='grc' dir='ltr'>εὐτολμίας</span> <span class='ocrx_word' id='word_1_491' title='bbox 3386 3270 3417 3339; x_wconf 79' lang='grc' dir='ltr'><strong>ἡ</strong></span> <span class='ocrx_word' id='word_1_492' title='bbox 3444 3261 3624 3333; x_wconf 75' lang='grc' dir='ltr'>γνιὶιμηι</span> 
     </span>
    </p>
   </div>
   <div class='ocr_carea' id='block_1_66' title="bbox 399 3356 1983 3421">
    <p class='ocr_par' dir='ltr' id='par_1_66' title="bbox 399 3356 1983 3421">
     <span class='ocr_line' id='line_1_66' title="bbox 399 3356 1983 3421; baseline 0.001 -10"><span class='ocrx_word' id='word_1_493' title='bbox 399 3359 580 3421; x_wconf 82' lang='lat' dir='ltr'><strong>mites,</strong></span> <span class='ocrx_word' id='word_1_494' title='bbox 601 3356 759 3411; x_wconf 89' lang='lat' dir='ltr'><strong>utvel</strong></span> <span class='ocrx_word' id='word_1_495' title='bbox 786 3357 1146 3410; x_wconf 86' lang='lat' dir='ltr'><strong>convivamus</strong></span> <span class='ocrx_word' id='word_1_496' title='bbox 1173 3356 1398 3420; x_wconf 87' lang='lat' dir='ltr'><strong>viventi,</strong></span> <span class='ocrx_word' id='word_1_497' title='bbox 1431 3356 1515 3412; x_wconf 89' lang='lat' dir='ltr'><strong>vel</strong></span> <span class='ocrx_word' id='word_1_498' title='bbox 1544 3357 1801 3412; x_wconf 89' lang='lat' dir='ltr'><strong>morienti</strong></span> <span class='ocrx_word' id='word_1_499' title='bbox 1831 3375 1983 3414; x_wconf 79' lang='lat' dir='ltr'><strong>com-</strong></span> 
     </span>
    </p>
   </div>
   <div class='ocr_carea' id='block_1_67' title="bbox 398 3445 1984 3509">
    <p class='ocr_par' dir='ltr' id='par_1_67' title="bbox 398 3445 1984 3509">
     <span class='ocr_line' id='line_1_67' title="bbox 398 3445 1984 3509; baseline 0.001 -6"><span class='ocrx_word' id='word_1_500' title='bbox 398 3449 727 3503; x_wconf 87' lang='lat' dir='ltr'><strong>inoriamur.</strong></span> <span class='ocrx_word' id='word_1_501' title='bbox 789 3445 986 3502; x_wconf 87' lang='lat' dir='ltr'><strong>Sermo</strong></span> <span class='ocrx_word' id='word_1_502' title='bbox 1013 3448 1217 3509; x_wconf 87' lang='lat' dir='ltr'><strong>alacer,</strong></span> <span class='ocrx_word' id='word_1_503' title='bbox 1271 3450 1490 3503; x_wconf 83' lang='lat' dir='ltr'><strong>animus</strong></span> <span class='ocrx_word' id='word_1_504' title='bbox 1546 3452 1723 3504; x_wconf 84' lang='lat' dir='ltr'><strong>audax</strong></span> <span class='ocrx_word' id='word_1_505' title='bbox 1754 3459 1811 3505; x_wconf 90' lang='lat' dir='ltr'><strong>et</strong></span> <span class='ocrx_word' id='word_1_506' title='bbox 1845 3453 1984 3506; x_wconf 86' lang='lat' dir='ltr'><strong>bene</strong></span> 
     </span>
    </p>
   </div>
   <div class='ocr_carea' id='block_1_68' title="bbox 401 3540 1978 3602">
    <p class='ocr_par' dir='ltr' id='par_1_68' title="bbox 401 3540 1978 3602">
     <span class='ocr_line' id='line_1_68' title="bbox 401 3540 1978 3602; baseline -0.001 -6"><span class='ocrx_word' id='word_1_507' title='bbox 401 3541 618 3596; x_wconf 80' lang='lat' dir='ltr'><strong>ﬁdens!</strong></span> <span class='ocrx_word' id='word_1_508' title='bbox 663 3559 681 3592; x_wconf 72' lang='grc' dir='ltr'><strong>Ι</strong></span> <span class='ocrx_word' id='word_1_509' title='bbox 709 3540 912 3595; x_wconf 88' lang='lat' dir='ltr'><strong>Eamus</strong></span> <span class='ocrx_word' id='word_1_510' title='bbox 977 3548 1031 3594; x_wconf 68' lang='lat' dir='ltr'><strong>Pl</strong></span> <span class='ocrx_word' id='word_1_511' title='bbox 1061 3555 1184 3602; x_wconf 87' lang='lat' dir='ltr'><strong>nos,</strong></span> <span class='ocrx_word' id='word_1_512' title='bbox 1221 3549 1281 3594; x_wconf 92' lang='lat' dir='ltr'><strong>ut</strong></span> <span class='ocrx_word' id='word_1_513' title='bbox 1344 3543 1649 3597; x_wconf 88' lang='lat' dir='ltr'><strong>moriamur</strong></span> <span class='ocrx_word' id='word_1_514' title='bbox 1674 3559 1797 3598; x_wconf 88' lang='lat' dir='ltr'><strong>cum</strong></span> <span class='ocrx_word' id='word_1_515' title='bbox 1832 3559 1920 3599; x_wconf 68' lang='grc' dir='ltr'><strong>ΘΟ.</strong></span> <span class='ocrx_word' id='word_1_516' title='bbox 1959 3563 1978 3595; x_wconf 69' lang='grc' dir='ltr'><strong>ι</strong></span> 
     </span>
    </p>
   </div>
   <div class='ocr_carea' id='block_1_69' title="bbox 400 3631 1983 3700">
    <p class='ocr_par' dir='ltr' id='par_1_69' title="bbox 400 3631 1983 3700">
     <span class='ocr_line' id='line_1_69' title="bbox 400 3631 1983 3700; baseline 0.001 -14"><span class='ocrx_word' id='word_1_517' title='bbox 400 3632 543 3700; x_wconf 88' lang='lat' dir='ltr'><strong>Quid</strong></span> <span class='ocrx_word' id='word_1_518' title='bbox 577 3633 661 3687; x_wconf 86' lang='lat' dir='ltr'><strong>ais</strong></span> <span class='ocrx_word' id='word_1_519' title='bbox 687 3633 710 3686; x_wconf 71' lang='grc' dir='ltr'><strong><em>Ἰ</em></strong></span> <span class='ocrx_word' id='word_1_520' title='bbox 738 3631 858 3686; x_wconf 85' lang='lat' dir='ltr'><strong>Non</strong></span> <span class='ocrx_word' id='word_1_521' title='bbox 888 3631 1073 3686; x_wconf 89' lang='lat' dir='ltr'><strong>vidisti</strong></span> <span class='ocrx_word' id='word_1_522' title='bbox 1140 3632 1436 3696; x_wconf 86' lang='lat' dir='ltr'><strong>traditum,</strong></span> <span class='ocrx_word' id='word_1_523' title='bbox 1494 3640 1548 3686; x_wconf 89' lang='lat' dir='ltr'><strong>et</strong></span> <span class='ocrx_word' id='word_1_524' title='bbox 1611 3641 1843 3688; x_wconf 89' lang='lat' dir='ltr'><strong>mortem</strong></span> <span class='ocrx_word' id='word_1_525' title='bbox 1882 3649 1983 3688; x_wconf 89' lang='lat' dir='ltr'><strong>an—</strong></span> 
     </span>
    </p>
   </div>
   <div class='ocr_carea' id='block_1_70' title="bbox 402 3723 1986 3796">
    <p class='ocr_par' dir='ltr' id='par_1_70' title="bbox 402 3723 1986 3796">
     <span class='ocr_line' id='line_1_70' title="bbox 402 3723 1986 3796; baseline 0 -16"><span class='ocrx_word' id='word_1_526' title='bbox 402 3725 677 3781; x_wconf 90' lang='lat' dir='ltr'><strong>nuntias?</strong></span> <span class='ocrx_word' id='word_1_527' title='bbox 714 3725 912 3792; x_wconf 73' lang='lat' dir='ltr'><strong>Quaero</strong></span> <span class='ocrx_word' id='word_1_528' title='bbox 966 3739 1204 3778; x_wconf 74' lang='lat' dir='ltr'><strong>etenam.</strong></span> <span class='ocrx_word' id='word_1_529' title='bbox 1272 3723 1378 3779; x_wconf 90' lang='lat' dir='ltr'><strong>Ubi</strong></span> <span class='ocrx_word' id='word_1_530' title='bbox 1440 3725 1658 3796; x_wconf 86' lang='lat' dir='ltr'><strong>pelvis?</strong></span> <span class='ocrx_word' id='word_1_531' title='bbox 1717 3727 1822 3782; x_wconf 85' lang='lat' dir='ltr'><strong>Ubi</strong></span> <span class='ocrx_word' id='word_1_532' title='bbox 1857 3741 1986 3782; x_wconf 83' lang='lat' dir='ltr'><strong>vero</strong></span> 
     </span>
    </p>
   </div>
   <div class='ocr_carea' id='block_1_71' title="bbox 403 3817 1982 3888">
    <p class='ocr_par' dir='ltr' id='par_1_71' title="bbox 403 3817 1982 3888">
     <span class='ocr_line' id='line_1_71' title="bbox 403 3817 1982 3888; baseline 0 -14"><span class='ocrx_word' id='word_1_533' title='bbox 403 3822 606 3876; x_wconf 80' lang='lat' dir='ltr'><strong>cohors</strong></span> <span class='ocrx_word' id='word_1_534' title='bbox 636 3832 762 3873; x_wconf 87' lang='lat' dir='ltr'><strong>cum</strong></span> <span class='ocrx_word' id='word_1_535' title='bbox 795 3833 904 3888; x_wconf 89' lang='lat' dir='ltr'><strong>qua</strong></span> <span class='ocrx_word' id='word_1_536' title='bbox 964 3817 1238 3888; x_wconf 87' lang='lat' dir='ltr'><strong>proditor,</strong></span> <span class='ocrx_word' id='word_1_537' title='bbox 1266 3818 1532 3872; x_wconf 85' lang='lat' dir='ltr'><strong>simulato</strong></span> <span class='ocrx_word' id='word_1_538' title='bbox 1581 3819 1742 3875; x_wconf 89' lang='lat' dir='ltr'><strong>amici</strong></span> <span class='ocrx_word' id='word_1_539' title='bbox 1769 3820 1982 3884; x_wconf 89' lang='lat' dir='ltr'><strong>habitu,</strong></span> 
     </span>
    </p>
   </div>
   <div class='ocr_carea' id='block_1_72' title="bbox 404 3910 1987 3975">
    <p class='ocr_par' dir='ltr' id='par_1_72' title="bbox 404 3910 1987 3975">
     <span class='ocr_line' id='line_1_72' title="bbox 404 3910 1987 3975; baseline -0.001 -7"><span class='ocrx_word' id='word_1_540' title='bbox 404 3911 707 3968; x_wconf 78' lang='lat' dir='ltr'><strong>beneﬁcum</strong></span> <span class='ocrx_word' id='word_1_541' title='bbox 741 3910 1048 3964; x_wconf 88' lang='lat' dir='ltr'><strong>traditurus</strong></span> <span class='ocrx_word' id='word_1_542' title='bbox 1081 3910 1296 3965; x_wconf 89' lang='lat' dir='ltr'><strong>accedit</strong></span> <span class='ocrx_word' id='word_1_543' title='bbox 1321 3910 1345 3963; x_wconf 87' lang='lat'><strong>?</strong></span> <span class='ocrx_word' id='word_1_544' title='bbox 1368 3910 1473 3966; x_wconf 91' lang='lat' dir='ltr'><strong>Ubi</strong></span> <span class='ocrx_word' id='word_1_545' title='bbox 1503 3926 1634 3966; x_wconf 91' lang='lat' dir='ltr'><strong>vero</strong></span> <span class='ocrx_word' id='word_1_546' title='bbox 1676 3912 1870 3975; x_wconf 58' lang='lat' dir='ltr'><strong>turbas,</strong></span> <span class='ocrx_word' id='word_1_547' title='bbox 1906 3912 1987 3966; x_wconf 80' lang='lat' dir='ltr'><strong>fa-</strong></span> 
     </span>
    </p>
   </div>
   <div class='ocr_carea' id='block_1_73' title="bbox 402 4000 1984 4073">
    <p class='ocr_par' dir='ltr' id='par_1_73' title="bbox 402 4000 1984 4073">
     <span class='ocr_line' id='line_1_73' title="bbox 402 4000 1984 4073; baseline 0 -16"><span class='ocrx_word' id='word_1_548' title='bbox 402 4019 518 4068; x_wconf 87' lang='lat' dir='ltr'><strong>ces,</strong></span> <span class='ocrx_word' id='word_1_549' title='bbox 543 4003 713 4073; x_wconf 80' lang='lat' dir='ltr'><strong>ligna,</strong></span> <span class='ocrx_word' id='word_1_550' title='bbox 753 4000 948 4072; x_wconf 73' lang='lat' dir='ltr'><strong>gladii.</strong></span> <span class='ocrx_word' id='word_1_551' title='bbox 1005 4015 1132 4057; x_wconf 90' lang='lat' dir='ltr'><strong>cum</strong></span> <span class='ocrx_word' id='word_1_552' title='bbox 1186 4001 1393 4072; x_wconf 89' lang='lat' dir='ltr'><strong>quibus</strong></span> <span class='ocrx_word' id='word_1_553' title='bbox 1433 4001 1583 4056; x_wconf 89' lang='lat' dir='ltr'><strong>velut</strong></span> <span class='ocrx_word' id='word_1_554' title='bbox 1617 4002 1684 4056; x_wconf 91' lang='lat' dir='ltr'><strong>ad</strong></span> <span class='ocrx_word' id='word_1_555' title='bbox 1717 4003 1984 4058; x_wconf 76' lang='lat' dir='ltr'><strong>latrantem</strong></span> 
     </span>
    </p>
   </div>
   <div class='ocr_carea' id='block_1_74' title="bbox 402 4092 1984 4163">
    <p class='ocr_par' dir='ltr' id='par_1_74' title="bbox 402 4092 1984 4163">
     <span class='ocr_line' id='line_1_74' title="bbox 402 4092 1984 4163; baseline 0.001 -16"><span class='ocrx_word' id='word_1_556' title='bbox 402 4093 696 4148; x_wconf 67' lang='lat' dir='ltr'><strong>exierunt?</strong></span> <span class='ocrx_word' id='word_1_557' title='bbox 726 4092 844 4147; x_wconf 84' lang='lat' dir='ltr'><strong>Non</strong></span> <span class='ocrx_word' id='word_1_558' title='bbox 899 4101 984 4148; x_wconf 88' lang='lat' dir='ltr'><strong>est</strong></span> <span class='ocrx_word' id='word_1_559' title='bbox 1015 4093 1193 4147; x_wconf 88' lang='lat' dir='ltr'><strong>adhuc</strong></span> <span class='ocrx_word' id='word_1_560' title='bbox 1240 4094 1516 4160; x_wconf 89' lang='lat' dir='ltr'><strong>osculum,</strong></span> <span class='ocrx_word' id='word_1_561' title='bbox 1543 4095 1984 4163; x_wconf 86' lang='lat' dir='ltr'><strong>comprehensio,</strong></span> 
     </span>
    </p>
   </div>
   <div class='ocr_carea' id='block_1_75' title="bbox 403 4183 1986 4255">
    <p class='ocr_par' dir='ltr' id='par_1_75' title="bbox 403 4183 1986 4255">
     <span class='ocr_line' id='line_1_75' title="bbox 403 4183 1986 4255; baseline -0.001 -15"><span class='ocrx_word' id='word_1_562' title='bbox 403 4186 662 4241; x_wconf 84' lang='lat' dir='ltr'><strong>adduetio</strong></span> <span class='ocrx_word' id='word_1_563' title='bbox 717 4185 785 4239; x_wconf 87' lang='lat' dir='ltr'><strong>ad</strong></span> <span class='ocrx_word' id='word_1_564' title='bbox 843 4184 1078 4248; x_wconf 84' lang='lat' dir='ltr'><strong>Annam,</strong></span> <span class='ocrx_word' id='word_1_565' title='bbox 1131 4183 1414 4236; x_wconf 87' lang='lat' dir='ltr'><strong>damnatio</strong></span> <span class='ocrx_word' id='word_1_566' title='bbox 1497 4185 1642 4253; x_wconf 91' lang='lat' dir='ltr'><strong>apud</strong></span> <span class='ocrx_word' id='word_1_567' title='bbox 1699 4185 1986 4255; x_wconf 85' lang='lat' dir='ltr'><strong>Caiphatn,</strong></span> 
     </span>
    </p>
   </div>
   <div class='ocr_carea' id='block_1_76' title="bbox 404 4273 1988 4348">
    <p class='ocr_par' dir='ltr' id='par_1_76' title="bbox 404 4273 1988 4348">
     <span class='ocr_line' id='line_1_76' title="bbox 404 4273 1988 4348; baseline 0 -18"><span class='ocrx_word' id='word_1_568' title='bbox 404 4277 767 4348; x_wconf 67' lang='lat' dir='ltr'><strong>praesentatio</strong></span> <span class='ocrx_word' id='word_1_569' title='bbox 795 4289 895 4344; x_wconf 89' lang='lat' dir='ltr'><strong>pro</strong></span> <span class='ocrx_word' id='word_1_570' title='bbox 933 4274 1194 4328; x_wconf 90' lang='lat' dir='ltr'><strong>tribunali</strong></span> <span class='ocrx_word' id='word_1_571' title='bbox 1256 4273 1442 4339; x_wconf 89' lang='lat' dir='ltr'><strong>Pilati,</strong></span> <span class='ocrx_word' id='word_1_572' title='bbox 1511 4275 1774 4340; x_wconf 91' lang='lat' dir='ltr'><strong>ludibria,</strong></span> <span class='ocrx_word' id='word_1_573' title='bbox 1814 4277 1988 4332; x_wconf 87' lang='lat' dir='ltr'><strong>cocci-</strong></span> 
     </span>
    </p>
   </div>
   <div class='ocr_carea' id='block_1_77' title="bbox 401 4366 1988 4434">
    <p class='ocr_par' dir='ltr' id='par_1_77' title="bbox 401 4366 1988 4434">
     <span class='ocr_line' id='line_1_77' title="bbox 401 4366 1988 4434; baseline 0 -11"><span class='ocrx_word' id='word_1_574' title='bbox 401 4385 564 4424; x_wconf 88' lang='lat' dir='ltr'><strong>neum</strong></span> <span class='ocrx_word' id='word_1_575' title='bbox 602 4368 1010 4430; x_wconf 87' lang='lat' dir='ltr'><strong>indumentum,</strong></span> <span class='ocrx_word' id='word_1_576' title='bbox 1064 4379 1267 4420; x_wconf 86' lang='lat' dir='ltr'><strong>coroiia</strong></span> <span class='ocrx_word' id='word_1_577' title='bbox 1323 4366 1536 4434; x_wconf 90' lang='lat' dir='ltr'><strong>spinea,</strong></span> <span class='ocrx_word' id='word_1_578' title='bbox 1571 4367 1852 4434; x_wconf 87' lang='lat' dir='ltr'><strong>calamus,-</strong></span> <span class='ocrx_word' id='word_1_579' title='bbox 1894 4384 1988 4424; x_wconf 78' lang='lat' dir='ltr'><strong>ro-</strong></span> 
     </span>
    </p>
   </div>
   <div class='ocr_carea' id='block_1_78' title="bbox 402 4457 1982 4530">
    <p class='ocr_par' dir='ltr' id='par_1_78' title="bbox 402 4457 1982 4530">
     <span class='ocr_line' id='line_1_78' title="bbox 402 4457 1982 4530; baseline -0.001 -14"><span class='ocrx_word' id='word_1_580' title='bbox 402 4463 572 4530; x_wconf 84' lang='lat' dir='ltr'><strong>Iaphi,</strong></span> <span class='ocrx_word' id='word_1_581' title='bbox 636 4470 818 4529; x_wconf 86' lang='lat' dir='ltr'><strong>sputa,</strong></span> <span class='ocrx_word' id='word_1_582' title='bbox 909 4457 1342 4529; x_wconf 79' lang='lat' dir='ltr'><strong>ﬂagellationes,</strong></span> <span class='ocrx_word' id='word_1_583' title='bbox 1405 4457 1657 4513; x_wconf 88' lang='lat' dir='ltr'><strong>verbera.</strong></span> <span class='ocrx_word' id='word_1_584' title='bbox 1729 4458 1982 4514; x_wconf 88' lang='lat' dir='ltr'><strong>Nondum</strong></span> 
     </span>
    </p>
   </div>
   <div class='ocr_carea' id='block_1_79' title="bbox 403 4550 1982 4620">
    <p class='ocr_par' dir='ltr' id='par_1_79' title="bbox 403 4550 1982 4620">
     <span class='ocr_line' id='line_1_79' title="bbox 403 4550 1982 4620; baseline -0.001 -14"><span class='ocrx_word' id='word_1_585' title='bbox 403 4553 612 4608; x_wconf 80' lang='lat' dir='ltr'><strong>Pilatus</strong></span> <span class='ocrx_word' id='word_1_586' title='bbox 675 4552 922 4606; x_wconf 88' lang='lat' dir='ltr'><strong>abluitur</strong></span> <span class='ocrx_word' id='word_1_587' title='bbox 947 4564 1112 4620; x_wconf 86' lang='lat' dir='ltr'><strong>aqua,</strong></span> <span class='ocrx_word' id='word_1_588' title='bbox 1142 4557 1196 4603; x_wconf 91' lang='lat' dir='ltr'><strong>et</strong></span> <span class='ocrx_word' id='word_1_589' title='bbox 1229 4563 1428 4602; x_wconf 89' lang='lat' dir='ltr'><strong>cruore</strong></span> <span class='ocrx_word' id='word_1_590' title='bbox 1486 4550 1775 4617; x_wconf 89' lang='lat' dir='ltr'><strong>polluitur.</strong></span> <span class='ocrx_word' id='word_1_591' title='bbox 1829 4551 1982 4605; x_wconf 86' lang='lat' dir='ltr'><strong>Non-</strong></span> 
     </span>
    </p>
   </div>
   <div class='ocr_carea' id='block_1_80' title="bbox 399 4640 1985 4710">
    <p class='ocr_par' dir='ltr' id='par_1_80' title="bbox 399 4640 1985 4710">
     <span class='ocr_line' id='line_1_80' title="bbox 399 4640 1985 4710; baseline -0.001 -12"><span class='ocrx_word' id='word_1_592' title='bbox 399 4643 530 4698; x_wconf 88' lang='lat' dir='ltr'><strong>dum</strong></span> <span class='ocrx_word' id='word_1_593' title='bbox 561 4652 828 4707; x_wconf 52' lang='lat' dir='ltr'><strong>estcrux,</strong></span> <span class='ocrx_word' id='word_1_594' title='bbox 873 4642 1118 4696; x_wconf 87' lang='lat' dir='ltr'><strong>nonduin</strong></span> <span class='ocrx_word' id='word_1_595' title='bbox 1149 4641 1312 4704; x_wconf 83' lang='lat' dir='ltr'><strong>clavi,</strong></span> <span class='ocrx_word' id='word_1_596' title='bbox 1369 4640 1560 4710; x_wconf 83' lang='lat' dir='ltr'><strong>aisque</strong></span> <span class='ocrx_word' id='word_1_597' title='bbox 1596 4659 1610 4695; x_wconf 89' lang='lat'><strong>:</strong></span> <span class='ocrx_word' id='word_1_598' title='bbox 1646 4658 1665 4692; x_wconf 74' lang='grc' dir='ltr'><strong>ι</strong></span> <span class='ocrx_word' id='word_1_599' title='bbox 1705 4641 1906 4697; x_wconf 81' lang='lat' dir='ltr'><strong>Eamus</strong></span> <span class='ocrx_word' id='word_1_600' title='bbox 1927 4653 1985 4697; x_wconf 88' lang='lat' dir='ltr'><strong>et</strong></span> 
     </span>
    </p>
   </div>
   <div class='ocr_carea' id='block_1_81' title="bbox 400 4731 1984 4801">
    <p class='ocr_par' dir='ltr' id='par_1_81' title="bbox 400 4731 1984 4801">
     <span class='ocr_line' id='line_1_81' title="bbox 400 4731 1984 4801; baseline -0.001 -13"><span class='ocrx_word' id='word_1_601' title='bbox 400 4751 524 4798; x_wconf 86' lang='lat' dir='ltr'><strong>nos,</strong></span> <span class='ocrx_word' id='word_1_602' title='bbox 562 4742 622 4788; x_wconf 90' lang='lat' dir='ltr'><strong>ut</strong></span> <span class='ocrx_word' id='word_1_603' title='bbox 659 4736 963 4788; x_wconf 89' lang='lat' dir='ltr'><strong>moriamur</strong></span> <span class='ocrx_word' id='word_1_604' title='bbox 994 4749 1116 4787; x_wconf 90' lang='lat' dir='ltr'><strong>cum</strong></span> <span class='ocrx_word' id='word_1_605' title='bbox 1159 4748 1225 4787; x_wconf 89' lang='lat' dir='ltr'><strong>eo</strong></span> <span class='ocrx_word' id='word_1_606' title='bbox 1257 4731 1282 4786; x_wconf 83' lang='lat'><strong>?</strong></span> <span class='ocrx_word' id='word_1_607' title='bbox 1314 4751 1333 4784; x_wconf 77' lang='grc' dir='ltr'><strong>ι</strong></span> <span class='ocrx_word' id='word_1_608' title='bbox 1374 4731 1542 4796; x_wconf 88' lang='lat' dir='ltr'><strong>Sane,</strong></span> <span class='ocrx_word' id='word_1_609' title='bbox 1567 4732 1765 4801; x_wconf 90' lang='lat' dir='ltr'><strong>inquit.</strong></span> <span class='ocrx_word' id='word_1_610' title='bbox 1810 4731 1984 4787; x_wconf 89' lang='lat' dir='ltr'><strong>Futu-</strong></span> 
     </span>
    </p>
   </div>
   <div class='ocr_carea' id='block_1_82' title="bbox 402 4821 1982 4894">
    <p class='ocr_par' dir='ltr' id='par_1_82' title="bbox 402 4821 1982 4894">
     <span class='ocr_line' id='line_1_82' title="bbox 402 4821 1982 4894; baseline 0 -14"><span class='ocrx_word' id='word_1_611' title='bbox 402 4841 460 4880; x_wconf 88' lang='lat' dir='ltr'><strong>ra</strong></span> <span class='ocrx_word' id='word_1_612' title='bbox 491 4826 648 4894; x_wconf 89' lang='lat' dir='ltr'><strong>quasi</strong></span> <span class='ocrx_word' id='word_1_613' title='bbox 678 4825 790 4892; x_wconf 89' lang='lat' dir='ltr'><strong>jam</strong></span> <span class='ocrx_word' id='word_1_614' title='bbox 815 4834 1022 4886; x_wconf 83' lang='lat' dir='ltr'><strong>essent,</strong></span> <span class='ocrx_word' id='word_1_615' title='bbox 1064 4823 1363 4892; x_wconf 84' lang='lat' dir='ltr'><strong>prospicio.</strong></span> <span class='ocrx_word' id='word_1_616' title='bbox 1421 4821 1557 4878; x_wconf 87' lang='lat' dir='ltr'><strong>Nam</strong></span> <span class='ocrx_word' id='word_1_617' title='bbox 1618 4824 1756 4885; x_wconf 89' lang='lat' dir='ltr'><strong>scio,</strong></span> <span class='ocrx_word' id='word_1_618' title='bbox 1793 4839 1982 4880; x_wconf 86' lang='lat' dir='ltr'><strong>resus-</strong></span> 
     </span>
    </p>
   </div>
   <div class='ocr_carea' id='block_1_83' title="bbox 401 4913 1979 4980">
    <p class='ocr_par' dir='ltr' id='par_1_83' title="bbox 401 4913 1979 4980">
     <span class='ocr_line' id='line_1_83' title="bbox 401 4913 1979 4980; baseline 0 -10"><span class='ocrx_word' id='word_1_619' title='bbox 401 4915 596 4971; x_wconf 88' lang='lat' dir='ltr'><strong>citabit</strong></span> <span class='ocrx_word' id='word_1_620' title='bbox 657 4914 922 4968; x_wconf 83' lang='lat' dir='ltr'><strong>Lazarum</strong></span> <span class='ocrx_word' id='word_1_621' title='bbox 961 4913 1318 4969; x_wconf 62' lang='lat' dir='ltr'><strong>:Judaeorum</strong></span> <span class='ocrx_word' id='word_1_622' title='bbox 1383 4915 1646 4970; x_wconf 88' lang='lat' dir='ltr'><strong>accendet</strong></span> <span class='ocrx_word' id='word_1_623' title='bbox 1693 4915 1979 4980; x_wconf 90' lang='lat' dir='ltr'><strong>invidiam,</strong></span> 
     </span>
    </p>
   </div>
   <div class='ocr_carea' id='block_1_84' title="bbox 400 5005 1986 5078">
    <p class='ocr_par' dir='ltr' id='par_1_84' title="bbox 400 5005 1986 5078">
     <span class='ocr_line' id='line_1_84' title="bbox 400 5005 1986 5078; baseline -0.001 -13"><span class='ocrx_word' id='word_1_624' title='bbox 400 5023 572 5078; x_wconf 84' lang='lat' dir='ltr'><strong>eaque</strong></span> <span class='ocrx_word' id='word_1_625' title='bbox 599 5007 817 5061; x_wconf 88' lang='lat' dir='ltr'><strong>interim</strong></span> <span class='ocrx_word' id='word_1_626' title='bbox 847 5005 1101 5060; x_wconf 87' lang='lat' dir='ltr'><strong>evenient</strong></span> <span class='ocrx_word' id='word_1_627' title='bbox 1135 5024 1149 5059; x_wconf 88' lang='lat'>:</span> <span class='ocrx_word' id='word_1_628' title='bbox 1186 5025 1203 5058; x_wconf 75' lang='grc' dir='ltr'><strong>ι</strong></span> <span class='ocrx_word' id='word_1_629' title='bbox 1235 5005 1439 5061; x_wconf 85' lang='lat' dir='ltr'><strong>Eamus</strong></span> <span class='ocrx_word' id='word_1_630' title='bbox 1473 5014 1528 5061; x_wconf 91' lang='lat' dir='ltr'><strong>et</strong></span> <span class='ocrx_word' id='word_1_631' title='bbox 1550 5022 1671 5072; x_wconf 88' lang='lat' dir='ltr'><strong>nos,</strong></span> <span class='ocrx_word' id='word_1_632' title='bbox 1693 5017 1752 5062; x_wconf 91' lang='lat' dir='ltr'><strong>tit</strong></span> <span class='ocrx_word' id='word_1_633' title='bbox 1783 5009 1986 5063; x_wconf 92' lang='lat' dir='ltr'><strong>moria-</strong></span> 
     </span>
    </p>
   </div>
   <div class='ocr_carea' id='block_1_85' title="bbox 403 5097 1983 5172">
    <p class='ocr_par' dir='ltr' id='par_1_85' title="bbox 403 5097 1983 5172">
     <span class='ocr_line' id='line_1_85' title="bbox 403 5097 1983 5172; baseline 0 -16"><span class='ocrx_word' id='word_1_634' title='bbox 403 5117 526 5156; x_wconf 88' lang='lat' dir='ltr'><strong>mttr</strong></span> <span class='ocrx_word' id='word_1_635' title='bbox 559 5115 686 5155; x_wconf 86' lang='lat' dir='ltr'><strong>cum</strong></span> <span class='ocrx_word' id='word_1_636' title='bbox 717 5116 802 5155; x_wconf 78' lang='lat' dir='ltr'><strong>eo.</strong></span> <span class='ocrx_word' id='word_1_637' title='bbox 846 5118 865 5150; x_wconf 71' lang='grc' dir='ltr'><strong>ι</strong></span> <span class='ocrx_word' id='word_1_638' title='bbox 914 5097 1030 5152; x_wconf 87' lang='lat' dir='ltr'><strong>Non</strong></span> <span class='ocrx_word' id='word_1_639' title='bbox 1075 5098 1252 5154; x_wconf 82' lang='lat' dir='ltr'><strong>solum</strong></span> <span class='ocrx_word' id='word_1_640' title='bbox 1314 5100 1554 5168; x_wconf 82' lang='lat' dir='ltr'><strong>explicat</strong></span> <span class='ocrx_word' id='word_1_641' title='bbox 1584 5101 1714 5169; x_wconf 85' lang='lat' dir='ltr'><strong>quid</strong></span> <span class='ocrx_word' id='word_1_642' title='bbox 1742 5102 1861 5172; x_wconf 90' lang='lat' dir='ltr'><strong>ipse</strong></span> <span class='ocrx_word' id='word_1_643' title='bbox 1887 5104 1983 5155; x_wconf 82' lang='lat' dir='ltr'><strong>lia—</strong></span> 
     </span>
    </p>
   </div>
   <div class='ocr_carea' id='block_1_86' title="bbox 403 5191 1852 5262">
    <p class='ocr_par' dir='ltr' id='par_1_86' title="bbox 403 5191 1852 5262">
     <span class='ocr_line' id='line_1_86' title="bbox 403 5191 1852 5262; baseline -0.002 -12"><span class='ocrx_word' id='word_1_644' title='bbox 403 5197 528 5250; x_wconf 80' lang='lat' dir='ltr'><strong>beat</strong></span> <span class='ocrx_word' id='word_1_645' title='bbox 552 5194 744 5259; x_wconf 87' lang='lat' dir='ltr'><strong>animi,</strong></span> <span class='ocrx_word' id='word_1_646' title='bbox 787 5193 882 5247; x_wconf 90' lang='lat' dir='ltr'><strong>sed</strong></span> <span class='ocrx_word' id='word_1_647' title='bbox 910 5192 1052 5248; x_wconf 88' lang='lat' dir='ltr'><strong>idem</strong></span> <span class='ocrx_word' id='word_1_648' title='bbox 1083 5191 1246 5246; x_wconf 90' lang='lat' dir='ltr'><strong>etiam</strong></span> <span class='ocrx_word' id='word_1_649' title='bbox 1281 5192 1335 5246; x_wconf 93' lang='lat' dir='ltr'><strong>in</strong></span> <span class='ocrx_word' id='word_1_650' title='bbox 1369 5193 1540 5247; x_wconf 88' lang='lat' dir='ltr'><strong>sociis</strong></span> <span class='ocrx_word' id='word_1_651' title='bbox 1569 5204 1852 5262; x_wconf 86' lang='lat' dir='ltr'><strong>provocat.</strong></span> 
     </span>
    </p>
   </div>
   <div class='ocr_carea' id='block_1_87' title="bbox 2091 3355 3616 3438">
    <p class='ocr_par' dir='ltr' id='par_1_87' title="bbox 2091 3355 3616 3438">
     <span class='ocr_line' id='line_1_87' title="bbox 2091 3355 3616 3438; baseline -0.012 -17"><span class='ocrx_word' id='word_1_652' title='bbox 2091 3385 2110 3418; x_wconf 79' lang='grc' dir='ltr'><strong>ι</strong></span> <span class='ocrx_word' id='word_1_653' title='bbox 2156 3369 2414 3438; x_wconf 76' lang='grc' dir='ltr'>’Ἄγωμεν</span> <span class='ocrx_word' id='word_1_654' title='bbox 2435 3368 2528 3422; x_wconf 71' lang='grc' dir='ltr'>καὶ</span> <span class='ocrx_word' id='word_1_655' title='bbox 2547 3369 2731 3438; x_wconf 81' lang='grc' dir='ltr'>ἡμεῖς,</span> <span class='ocrx_word' id='word_1_656' title='bbox 2761 3367 2850 3422; x_wconf 74' lang='grc' dir='ltr'>ἵνα</span> <span class='ocrx_word' id='word_1_657' title='bbox 2882 3368 3260 3436; x_wconf 79' lang='grc' dir='ltr'>ἀποθάνωμεν</span> <span class='ocrx_word' id='word_1_658' title='bbox 3291 3362 3405 3433; x_wconf 80' lang='grc' dir='ltr'>μετ’</span> <span class='ocrx_word' id='word_1_659' title='bbox 3428 3355 3616 3411; x_wconf 71' lang='grc' dir='ltr'>αὑτοῦ.»</span> 
     </span>
    </p>
   </div>
   <div class='ocr_carea' id='block_1_88' title="bbox 2086 3449 3623 3530">
    <p class='ocr_par' dir='ltr' id='par_1_88' title="bbox 2086 3449 3623 3530">
     <span class='ocr_line' id='line_1_88' title="bbox 2086 3449 3623 3530; baseline -0.011 -18"><span class='ocrx_word' id='word_1_660' title='bbox 2086 3459 2153 3512; x_wconf 86' lang='grc' dir='ltr'>Τί</span> <span class='ocrx_word' id='word_1_661' title='bbox 2196 3453 2411 3526; x_wconf 58' lang='grc' dir='ltr'>λὲἤειςς</span> <span class='ocrx_word' id='word_1_662' title='bbox 2455 3458 2624 3512; x_wconf 84' lang='grc' dir='ltr'>Οὔπω</span> <span class='ocrx_word' id='word_1_663' title='bbox 2681 3459 3073 3530; x_wconf 88' lang='grc' dir='ltr'>προδιδόμενον</span> <span class='ocrx_word' id='word_1_664' title='bbox 3137 3453 3306 3520; x_wconf 75' lang='grc' dir='ltr'>εἶδες,</span> <span class='ocrx_word' id='word_1_665' title='bbox 3355 3454 3444 3507; x_wconf 76' lang='grc' dir='ltr'>καὶ</span> <span class='ocrx_word' id='word_1_666' title='bbox 3483 3449 3623 3502; x_wconf 79' lang='grc' dir='ltr'>θανεῖν</span> 
     </span>
    </p>
   </div>
   <div class='ocr_carea' id='block_1_89' title="bbox 2085 3537 3616 3622">
    <p class='ocr_par' dir='ltr' id='par_1_89' title="bbox 2085 3537 3616 3622">
     <span class='ocr_line' id='line_1_89' title="bbox 2085 3537 3616 3622; baseline -0.008 -18"><span class='ocrx_word' id='word_1_667' title='bbox 2085 3551 2440 3622; x_wconf 78' lang='grc' dir='ltr'>ἁπαγγέλλῃς</span> <span class='ocrx_word' id='word_1_668' title='bbox 2467 3551 2623 3620; x_wconf 85' lang='grc' dir='ltr'><strong>Ζητῶ</strong></span> <span class='ocrx_word' id='word_1_669' title='bbox 2654 3554 2714 3605; x_wconf 82' lang='grc' dir='ltr'><strong>τὸ</strong></span> <span class='ocrx_word' id='word_1_670' title='bbox 2739 3553 2976 3605; x_wconf 88' lang='grc' dir='ltr'>δεῖπνον.</span> <span class='ocrx_word' id='word_1_671' title='bbox 3017 3572 3038 3604; x_wconf 74' lang='grc' dir='ltr'><strong>ι</strong></span> <span class='ocrx_word' id='word_1_672' title='bbox 3091 3551 3207 3606; x_wconf 85' lang='grc' dir='ltr'><strong>Ποῦ</strong></span> <span class='ocrx_word' id='word_1_673' title='bbox 3230 3552 3258 3604; x_wconf 89' lang='lat'><strong>6</strong></span> <span class='ocrx_word' id='word_1_674' title='bbox 3292 3546 3506 3617; x_wconf 78' lang='grc' dir='ltr'>νιπτήρς</span> <span class='ocrx_word' id='word_1_675' title='bbox 3537 3537 3616 3592; x_wconf 68' lang='grc' dir='ltr'><strong>Ποῦ</strong></span> 
     </span>
    </p>
   </div>
   <div class='ocr_carea' id='block_1_90' title="bbox 2086 3627 3618 3715">
    <p class='ocr_par' dir='ltr' id='par_1_90' title="bbox 2086 3627 3618 3715">
     <span class='ocr_line' id='line_1_90' title="bbox 2086 3627 3618 3715; baseline -0.01 -20"><span class='ocrx_word' id='word_1_676' title='bbox 2086 3642 2142 3695; x_wconf 84' lang='grc' dir='ltr'>δὲ</span> <span class='ocrx_word' id='word_1_677' title='bbox 2175 3643 2209 3712; x_wconf 81' lang='grc' dir='ltr'><strong>ἡ</strong></span> <span class='ocrx_word' id='word_1_678' title='bbox 2244 3645 2464 3713; x_wconf 87' lang='grc' dir='ltr'>σπεῖρα,</span> <span class='ocrx_word' id='word_1_679' title='bbox 2498 3642 2618 3712; x_wconf 85' lang='grc' dir='ltr'>μεθ’</span> <span class='ocrx_word' id='word_1_680' title='bbox 2657 3639 2725 3715; x_wconf 75' lang='grc' dir='ltr'><strong>ἦς</strong></span> <span class='ocrx_word' id='word_1_681' title='bbox 2765 3646 2794 3696; x_wconf 91' lang='lat'><strong>6</strong></span> <span class='ocrx_word' id='word_1_682' title='bbox 2833 3643 3105 3715; x_wconf 77' lang='grc' dir='ltr'>προδότης</span> <span class='ocrx_word' id='word_1_683' title='bbox 3136 3641 3425 3710; x_wconf 77' lang='grc' dir='ltr'>ἐπέρχεται</span> <span class='ocrx_word' id='word_1_684' title='bbox 3463 3627 3618 3702; x_wconf 74' lang='grc' dir='ltr'>φιλικῷ</span> 
     </span>
    </p>
   </div>
   <div class='ocr_carea' id='block_1_91' title="bbox 2085 3721 3612 3808">
    <p class='ocr_par' dir='ltr' id='par_1_91' title="bbox 2085 3721 3612 3808">
     <span class='ocr_line' id='line_1_91' title="bbox 2085 3721 3612 3808; baseline -0.006 -21"><span class='ocrx_word' id='word_1_685' title='bbox 2085 3735 2164 3804; x_wconf 84' lang='grc' dir='ltr'><strong>τῷ</strong></span> <span class='ocrx_word' id='word_1_686' title='bbox 2191 3737 2539 3807; x_wconf 77' lang='grc' dir='ltr'>προσχήματι</span> <span class='ocrx_word' id='word_1_687' title='bbox 2587 3735 2884 3808; x_wconf 77' lang='grc' dir='ltr'>προδώσων</span> <span class='ocrx_word' id='word_1_688' title='bbox 2916 3737 3006 3790; x_wconf 78' lang='grc' dir='ltr'><strong>τὸν</strong></span> <span class='ocrx_word' id='word_1_689' title='bbox 3050 3735 3382 3808; x_wconf 74' lang='grc' dir='ltr'>εὐεργέτηνς</span> <span class='ocrx_word' id='word_1_690' title='bbox 3421 3729 3476 3780; x_wconf 79' lang='lat' dir='ltr'><strong>Oi</strong></span> <span class='ocrx_word' id='word_1_691' title='bbox 3500 3721 3612 3794; x_wconf 73' lang='grc' dir='ltr'>ὄχλοι</span> 
     </span>
    </p>
   </div>
   <div class='ocr_carea' id='block_1_92' title="bbox 2084 3809 3614 3900">
    <p class='ocr_par' dir='ltr' id='par_1_92' title="bbox 2084 3809 3614 3900">
     <span class='ocr_line' id='line_1_92' title="bbox 2084 3809 3614 3900; baseline -0.007 -20"><span class='ocrx_word' id='word_1_692' title='bbox 2084 3826 2142 3880; x_wconf 79' lang='grc' dir='ltr'>δὲ</span> <span class='ocrx_word' id='word_1_693' title='bbox 2171 3826 2273 3882; x_wconf 81' lang='grc' dir='ltr'><strong>ποῦ</strong></span> <span class='ocrx_word' id='word_1_694' title='bbox 2299 3844 2314 3892; x_wconf 86' lang='grc'><strong>;</strong></span> <span class='ocrx_word' id='word_1_695' title='bbox 2338 3829 2393 3880; x_wconf 82' lang='grc' dir='ltr'>αἱ</span> <span class='ocrx_word' id='word_1_696' title='bbox 2423 3828 2599 3898; x_wconf 84' lang='grc' dir='ltr'>δᾷδες,</span> <span class='ocrx_word' id='word_1_697' title='bbox 2640 3829 2710 3881; x_wconf 72' lang='grc' dir='ltr'>τὰ</span> <span class='ocrx_word' id='word_1_698' title='bbox 2740 3828 2896 3892; x_wconf 82' lang='grc' dir='ltr'>ξύλα,</span> <span class='ocrx_word' id='word_1_699' title='bbox 2925 3831 2980 3882; x_wconf 82' lang='grc' dir='ltr'>αἱ</span> <span class='ocrx_word' id='word_1_700' title='bbox 3014 3829 3314 3900; x_wconf 79' lang='grc' dir='ltr'>μάχαιραι,</span> <span class='ocrx_word' id='word_1_701' title='bbox 3347 3817 3454 3890; x_wconf 81' lang='grc' dir='ltr'>μεθ’</span> <span class='ocrx_word' id='word_1_702' title='bbox 3479 3809 3540 3867; x_wconf 81' lang='grc' dir='ltr'>ὧν</span> <span class='ocrx_word' id='word_1_703' title='bbox 3559 3811 3614 3870; x_wconf 76' lang='grc' dir='ltr'><strong>ὡς</strong></span> 
     </span>
    </p>
   </div>
   <div class='ocr_carea' id='block_1_93' title="bbox 2087 3904 3607 3992">
    <p class='ocr_par' dir='ltr' id='par_1_93' title="bbox 2087 3904 3607 3992">
     <span class='ocr_line' id='line_1_93' title="bbox 2087 3904 3607 3992; baseline 0.001 -23"><span class='ocrx_word' id='word_1_704' title='bbox 2087 3918 2181 3971; x_wconf 77' lang='grc' dir='ltr'><strong>ἐπὶ</strong></span> <span class='ocrx_word' id='word_1_705' title='bbox 2195 3918 2398 3990; x_wconf 77' lang='grc' dir='ltr'>λῃστὴν</span> <span class='ocrx_word' id='word_1_706' title='bbox 2419 3918 2684 3989; x_wconf 69' lang='grc' dir='ltr'>ὲξῄεσαν;</span> <span class='ocrx_word' id='word_1_707' title='bbox 2711 3919 2864 3973; x_wconf 89' lang='grc' dir='ltr'>οὔπω</span> <span class='ocrx_word' id='word_1_708' title='bbox 2894 3919 2953 3974; x_wconf 80' lang='grc' dir='ltr'><strong>τὸ</strong></span> <span class='ocrx_word' id='word_1_709' title='bbox 2974 3921 3211 3992; x_wconf 84' lang='grc' dir='ltr'>φίλημα,</span> <span class='ocrx_word' id='word_1_710' title='bbox 3241 3918 3272 3986; x_wconf 84' lang='grc' dir='ltr'><em>ἡ</em></span> <span class='ocrx_word' id='word_1_711' title='bbox 3294 3915 3379 3966; x_wconf 77' lang='grc' dir='ltr'><strong>ἐπὶ</strong></span> <span class='ocrx_word' id='word_1_712' title='bbox 3407 3904 3607 3992; x_wconf 34' lang='lat' dir='ltr'><strong>Iunii”?</strong></span> 
     </span>
    </p>
   </div>
   <div class='ocr_carea' id='block_1_94' title="bbox 2089 3990 3610 4082">
    <p class='ocr_par' dir='ltr' id='par_1_94' title="bbox 2089 3990 3610 4082">
     <span class='ocr_line' id='line_1_94' title="bbox 2089 3990 3610 4082; baseline -0.005 -18"><span class='ocrx_word' id='word_1_713' title='bbox 2089 4012 2438 4082; x_wconf 84' lang='grc' dir='ltr'>κατάκρισις,</span> <span class='ocrx_word' id='word_1_714' title='bbox 2472 4013 2505 4080; x_wconf 90' lang='grc' dir='ltr'><strong>ή</strong></span> <span class='ocrx_word' id='word_1_715' title='bbox 2545 4011 2639 4064; x_wconf 77' lang='grc' dir='ltr'><strong>ἐπὶ</strong></span> <span class='ocrx_word' id='word_1_716' title='bbox 2670 4011 2917 4082; x_wconf 78' lang='grc' dir='ltr'><strong>βήματος</strong></span> <span class='ocrx_word' id='word_1_717' title='bbox 2949 3990 3189 4066; x_wconf 82' lang='grc' dir='ltr'>Πιλάτου</span> <span class='ocrx_word' id='word_1_718' title='bbox 3231 3990 3610 4074; x_wconf 71' lang='grc' dir='ltr'>παράστασιςιοί</span> 
     </span>
    </p>
   </div>
   <div class='ocr_carea' id='block_1_95' title="bbox 2088 4085 3604 4174">
    <p class='ocr_par' dir='ltr' id='par_1_95' title="bbox 2088 4085 3604 4174">
     <span class='ocr_line' id='line_1_95' title="bbox 2088 4085 3604 4174; baseline -0.012 -18"><span class='ocrx_word' id='word_1_719' title='bbox 2088 4103 2416 4173; x_wconf 70' lang='grc' dir='ltr'>ὲμπαιγμοὶ,</span> <span class='ocrx_word' id='word_1_720' title='bbox 2448 4103 2508 4156; x_wconf 85' lang='grc' dir='ltr'><strong>τὸ</strong></span> <span class='ocrx_word' id='word_1_721' title='bbox 2537 4105 2790 4156; x_wconf 86' lang='grc' dir='ltr'><strong>κόκκινον</strong></span> <span class='ocrx_word' id='word_1_722' title='bbox 2824 4103 3052 4174; x_wconf 80' lang='grc' dir='ltr'>ἔνδυμα,</span> <span class='ocrx_word' id='word_1_723' title='bbox 3091 4107 3119 4158; x_wconf 83' lang='grc' dir='ltr'><strong>ὁ</strong></span> <span class='ocrx_word' id='word_1_724' title='bbox 3149 4098 3424 4155; x_wconf 83' lang='grc' dir='ltr'>άκάνθινος</span> <span class='ocrx_word' id='word_1_725' title='bbox 3450 4085 3604 4174; x_wconf 47' lang='grc' dir='ltr'>στέφαῖ</span> 
     </span>
    </p>
   </div>
   <div class='ocr_carea' id='block_1_96' title="bbox 2089 4170 3605 4265">
    <p class='ocr_par' dir='ltr' id='par_1_96' title="bbox 2089 4170 3605 4265">
     <span class='ocr_line' id='line_1_96' title="bbox 2089 4170 3605 4265; baseline -0.018 -7"><span class='ocrx_word' id='word_1_726' title='bbox 2089 4170 2198 4259; x_wconf 71' lang='grc' dir='ltr'>νὸς,</span> <span class='ocrx_word' id='word_1_727' title='bbox 2231 4195 2260 4246; x_wconf 74' lang='grc' dir='ltr'><em>ὃ</em></span> <span class='ocrx_word' id='word_1_728' title='bbox 2285 4170 2552 4265; x_wconf 65' lang='grc' dir='ltr'>δέᾶλαμος,</span> <span class='ocrx_word' id='word_1_729' title='bbox 2597 4195 2664 4249; x_wconf 85' lang='grc' dir='ltr'>τὰ</span> <span class='ocrx_word' id='word_1_730' title='bbox 2699 4170 3044 4265; x_wconf 78' lang='grc' dir='ltr'>ῥαπίσματα,</span> <span class='ocrx_word' id='word_1_731' title='bbox 3080 4196 3148 4248; x_wconf 78' lang='grc' dir='ltr'><strong>τὰ</strong></span> <span class='ocrx_word' id='word_1_732' title='bbox 3183 4186 3534 4265; x_wconf 59' lang='grc' dir='ltr'>ὲμπτύσματα,</span> <span class='ocrx_word' id='word_1_733' title='bbox 3563 4170 3605 4223; x_wconf 67' lang='grc' dir='ltr'>αἱ</span> 
     </span>
    </p>
   </div>
   <div class='ocr_carea' id='block_1_97' title="bbox 2091 4263 3603 4354">
    <p class='ocr_par' dir='ltr' id='par_1_97' title="bbox 2091 4263 3603 4354">
     <span class='ocr_line' id='line_1_97' title="bbox 2091 4263 3603 4354; baseline 0.004 -21"><span class='ocrx_word' id='word_1_734' title='bbox 2091 4263 2523 4352; x_wconf 78' lang='grc' dir='ltr'>φραγελλὼσεις,</span> <span class='ocrx_word' id='word_1_735' title='bbox 2551 4286 2606 4336; x_wconf 81' lang='grc' dir='ltr'>αἱ</span> <span class='ocrx_word' id='word_1_736' title='bbox 2642 4263 2930 4354; x_wconf 80' lang='grc' dir='ltr'>μάστιγες.</span> <span class='ocrx_word' id='word_1_737' title='bbox 2964 4283 3132 4336; x_wconf 85' lang='grc' dir='ltr'>Οὔπω</span> <span class='ocrx_word' id='word_1_738' title='bbox 3164 4278 3385 4336; x_wconf 76' lang='grc' dir='ltr'><strong>Πιλᾶτος</strong></span> <span class='ocrx_word' id='word_1_739' title='bbox 3403 4263 3603 4354; x_wconf 49' lang='grc' dir='ltr'>νιπάὲθ</span> 
     </span>
    </p>
   </div>
   <div class='ocr_carea' id='block_1_98' title="bbox 2090 4349 3598 4443">
    <p class='ocr_par' dir='ltr' id='par_1_98' title="bbox 2090 4349 3598 4443">
     <span class='ocr_line' id='line_1_98' title="bbox 2090 4349 3598 4443; baseline -0.001 -19"><span class='ocrx_word' id='word_1_740' title='bbox 2090 4389 2177 4435; x_wconf 91' lang='grc' dir='ltr'>νος</span> <span class='ocrx_word' id='word_1_741' title='bbox 2223 4370 2376 4425; x_wconf 80' lang='grc' dir='ltr'>ὕδατι</span> <span class='ocrx_word' id='word_1_742' title='bbox 2403 4373 2497 4425; x_wconf 74' lang='grc' dir='ltr'>καὶ</span> <span class='ocrx_word' id='word_1_743' title='bbox 2554 4372 2915 4443; x_wconf 83' lang='grc' dir='ltr'>μολυνόμενος</span> <span class='ocrx_word' id='word_1_744' title='bbox 2952 4375 3166 4443; x_wconf 78' lang='grc' dir='ltr'>αἵματι.</span> <span class='ocrx_word' id='word_1_745' title='bbox 3209 4365 3368 4422; x_wconf 75' lang='grc' dir='ltr'>Οὔπω</span> <span class='ocrx_word' id='word_1_746' title='bbox 3397 4349 3598 4443; x_wconf 43' lang='grc' dir='ltr'><strong>στανίδςν</strong></span> 
     </span>
    </p>
   </div>
   <div class='ocr_carea' id='block_1_99' title="bbox 2088 4442 3597 4536">
    <p class='ocr_par' dir='ltr' id='par_1_99' title="bbox 2088 4442 3597 4536">
     <span class='ocr_line' id='line_1_99' title="bbox 2088 4442 3597 4536; baseline -0.017 -20"><span class='ocrx_word' id='word_1_747' title='bbox 2088 4463 2240 4517; x_wconf 88' lang='grc' dir='ltr'>οὔπω</span> <span class='ocrx_word' id='word_1_748' title='bbox 2277 4459 2430 4536; x_wconf 78' lang='grc' dir='ltr'>ἧλοι·</span> <span class='ocrx_word' id='word_1_749' title='bbox 2475 4466 2572 4518; x_wconf 70' lang='grc' dir='ltr'>καὶ</span> <span class='ocrx_word' id='word_1_750' title='bbox 2617 4442 2828 4533; x_wconf 82' lang='grc' dir='ltr'>λέγεις,</span> <span class='ocrx_word' id='word_1_751' title='bbox 2879 4483 2898 4515; x_wconf 77' lang='grc' dir='ltr'><strong>ι</strong></span> <span class='ocrx_word' id='word_1_752' title='bbox 2930 4442 3187 4534; x_wconf 53' lang='grc' dir='ltr'>Ἀνωμεν</span> <span class='ocrx_word' id='word_1_753' title='bbox 3231 4458 3322 4512; x_wconf 73' lang='grc' dir='ltr'>καὶ</span> <span class='ocrx_word' id='word_1_754' title='bbox 3352 4442 3597 4536; x_wconf 32' lang='lat' dir='ltr'><strong>ﬁnem-iv:</strong></span> 
     </span>
    </p>
   </div>
   <div class='ocr_carea' id='block_1_100' title="bbox 2089 4533 3594 4626">
    <p class='ocr_par' dir='ltr' id='par_1_100' title="bbox 2089 4533 3594 4626">
     <span class='ocr_line' id='line_1_100' title="bbox 2089 4533 3594 4626; baseline 0.005 -18"><span class='ocrx_word' id='word_1_755' title='bbox 2089 4533 2446 4625; x_wconf 85' lang='grc' dir='ltr'>ἀποθάνωμεν</span> <span class='ocrx_word' id='word_1_756' title='bbox 2489 4555 2604 4626; x_wconf 80' lang='grc' dir='ltr'>μετ’</span> <span class='ocrx_word' id='word_1_757' title='bbox 2628 4556 2830 4622; x_wconf 76' lang='grc' dir='ltr'>αὐτοῦς</span> <span class='ocrx_word' id='word_1_758' title='bbox 2874 4575 2892 4607; x_wconf 77' lang='grc' dir='ltr'><strong>ι</strong></span> <span class='ocrx_word' id='word_1_759' title='bbox 2927 4555 3060 4620; x_wconf 67' lang='grc' dir='ltr'>Ναὶ,</span> <span class='ocrx_word' id='word_1_760' title='bbox 3093 4533 3272 4624; x_wconf 62' lang='grc' dir='ltr'>φησίν·</span> <span class='ocrx_word' id='word_1_761' title='bbox 3299 4546 3381 4607; x_wconf 69' lang='grc' dir='ltr'>Ὦς</span> <span class='ocrx_word' id='word_1_762' title='bbox 3409 4533 3594 4626; x_wconf 68' lang='grc' dir='ltr'><strong>παρδνῖα</strong></span> 
     </span>
    </p>
   </div>
   <div class='ocr_carea' id='block_1_101' title="bbox 2088 4619 3594 4728">
    <p class='ocr_par' dir='ltr' id='par_1_101' title="bbox 2088 4619 3594 4728">
     <span class='ocr_line' id='line_1_101' title="bbox 2088 4619 3594 4728; baseline -0.013 -29"><span class='ocrx_word' id='word_1_763' title='bbox 2088 4619 2383 4716; x_wconf 75' lang='grc' dir='ltr'>προὸλέπω</span> <span class='ocrx_word' id='word_1_764' title='bbox 2422 4619 2502 4698; x_wconf 39' lang='grc' dir='ltr'><strong>τὰ.</strong></span> <span class='ocrx_word' id='word_1_765' title='bbox 2536 4619 2827 4716; x_wconf 50' lang='grc' dir='ltr'>μέλλονταξ</span> <span class='ocrx_word' id='word_1_766' title='bbox 2871 4619 3193 4717; x_wconf 74' lang='grc' dir='ltr'>Ἀναστήσει</span> <span class='ocrx_word' id='word_1_767' title='bbox 3233 4639 3354 4710; x_wconf 84' lang='grc' dir='ltr'>γὰρ,</span> <span class='ocrx_word' id='word_1_768' title='bbox 3381 4625 3497 4688; x_wconf 78' lang='grc' dir='ltr'>οἶδα,</span> <span class='ocrx_word' id='word_1_769' title='bbox 3529 4619 3594 4728; x_wconf 40' lang='grc' dir='ltr'><strong>τδδ</strong></span> 
     </span>
    </p>
   </div>
   <div class='ocr_carea' id='block_1_102' title="bbox 2090 4729 3584 4822">
    <p class='ocr_par' dir='ltr' id='par_1_102' title="bbox 2090 4729 3584 4822">
     <span class='ocr_line' id='line_1_102' title="bbox 2090 4729 3584 4822; baseline -0.011 -27"><span class='ocrx_word' id='word_1_770' title='bbox 2090 4740 2377 4810; x_wconf 77' lang='grc' dir='ltr'>Λάζαρον·</span> <span class='ocrx_word' id='word_1_771' title='bbox 2427 4741 2623 4809; x_wconf 70' lang='grc' dir='ltr'>ἀνάψει</span> <span class='ocrx_word' id='word_1_772' title='bbox 2673 4741 2780 4794; x_wconf 83' lang='grc' dir='ltr'>τῶν</span> <span class='ocrx_word' id='word_1_773' title='bbox 2835 4743 3106 4797; x_wconf 83' lang='grc' dir='ltr'>Ἰουδαίων</span> <span class='ocrx_word' id='word_1_774' title='bbox 3157 4740 3244 4792; x_wconf 73' lang='grc' dir='ltr'>τὸν</span> <span class='ocrx_word' id='word_1_775' title='bbox 3291 4730 3477 4822; x_wconf 65' lang='grc' dir='ltr'>φθόνον.</span> 
     </span>
    </p>
   </div>
   <div class='ocr_carea' id='block_1_103' title="bbox 2087 4815 3582 4905">
    <p class='ocr_par' dir='ltr' id='par_1_103' title="bbox 2087 4815 3582 4905">
     <span class='ocr_line' id='line_1_103' title="bbox 2087 4815 3582 4905; baseline -0.011 -17"><span class='ocrx_word' id='word_1_776' title='bbox 2087 4833 2342 4902; x_wconf 83' lang='grc' dir='ltr'>τηνικάδε</span> <span class='ocrx_word' id='word_1_777' title='bbox 2374 4832 2546 4886; x_wconf 82' lang='grc' dir='ltr'>ταῦτα</span> <span class='ocrx_word' id='word_1_778' title='bbox 2585 4833 2948 4905; x_wconf 76' lang='grc' dir='ltr'>συμϐήσεται.</span> <span class='ocrx_word' id='word_1_779' title='bbox 3003 4853 3020 4886; x_wconf 74' lang='grc' dir='ltr'><strong>ι</strong></span> <span class='ocrx_word' id='word_1_780' title='bbox 3052 4836 3300 4902; x_wconf 73' lang='grc' dir='ltr'>’Ἄγωμεν</span> <span class='ocrx_word' id='word_1_781' title='bbox 3339 4823 3420 4877; x_wconf 71' lang='grc' dir='ltr'>καὶ</span> <span class='ocrx_word' id='word_1_782' title='bbox 3448 4815 3582 4905; x_wconf 47' lang='grc' dir='ltr'>ἡμεῖῖν</span> 
     </span>
    </p>
   </div>
   <div class='ocr_carea' id='block_1_104' title="bbox 2090 4900 3580 4996">
    <p class='ocr_par' dir='ltr' id='par_1_104' title="bbox 2090 4900 3580 4996">
     <span class='ocr_line' id='line_1_104' title="bbox 2090 4900 3580 4996; baseline -0.01 -20"><span class='ocrx_word' id='word_1_783' title='bbox 2090 4924 2178 4976; x_wconf 77' lang='grc' dir='ltr'><strong>ἵνα</strong></span> <span class='ocrx_word' id='word_1_784' title='bbox 2211 4924 2571 4996; x_wconf 79' lang='grc' dir='ltr'>ἀποθάνωμεν</span> <span class='ocrx_word' id='word_1_785' title='bbox 2617 4925 2737 4995; x_wconf 87' lang='grc' dir='ltr'>μετ’</span> <span class='ocrx_word' id='word_1_786' title='bbox 2781 4925 2970 4980; x_wconf 81' lang='grc' dir='ltr'>αὐτοῦ.</span> <span class='ocrx_word' id='word_1_787' title='bbox 3016 4944 3034 4976; x_wconf 75' lang='grc' dir='ltr'><strong>ι</strong></span> <span class='ocrx_word' id='word_1_788' title='bbox 3069 4926 3142 4980; x_wconf 85' lang='grc' dir='ltr'>Οὔ</span> <span class='ocrx_word' id='word_1_789' title='bbox 3179 4924 3238 4975; x_wconf 77' lang='grc' dir='ltr'><strong>τὸ</strong></span> <span class='ocrx_word' id='word_1_790' title='bbox 3263 4908 3433 4972; x_wconf 79' lang='grc' dir='ltr'>ἑαυτοῦ</span> <span class='ocrx_word' id='word_1_791' title='bbox 3469 4900 3580 4996; x_wconf 62' lang='grc' dir='ltr'>λέγξι</span> 
     </span>
    </p>
   </div>
   <div class='ocr_carea' id='block_1_105' title="bbox 2093 4986 3580 5087">
    <p class='ocr_par' dir='ltr' id='par_1_105' title="bbox 2093 4986 3580 5087">
     <span class='ocr_line' id='line_1_105' title="bbox 2093 4986 3580 5087; baseline -0.007 -19"><span class='ocrx_word' id='word_1_792' title='bbox 2093 5016 2279 5086; x_wconf 85' lang='grc' dir='ltr'>μόνον,</span> <span class='ocrx_word' id='word_1_793' title='bbox 2332 4986 2484 5070; x_wconf 40' lang='grc' dir='ltr'>ἀλλὰ.</span> <span class='ocrx_word' id='word_1_794' title='bbox 2515 4986 2630 5070; x_wconf 45' lang='grc' dir='ltr'>καὶ.</span> <span class='ocrx_word' id='word_1_795' title='bbox 2657 5017 2765 5074; x_wconf 83' lang='grc' dir='ltr'><strong>τῶν</strong></span> <span class='ocrx_word' id='word_1_796' title='bbox 2806 5017 3084 5087; x_wconf 85' lang='grc' dir='ltr'>συννόμων</span> <span class='ocrx_word' id='word_1_797' title='bbox 3130 5009 3370 5082; x_wconf 82' lang='grc' dir='ltr'>διεγείρει</span> <span class='ocrx_word' id='word_1_798' title='bbox 3412 4996 3463 5051; x_wconf 81' lang='grc' dir='ltr'>τδ</span> <span class='ocrx_word' id='word_1_799' title='bbox 3483 4986 3580 5059; x_wconf 61' lang='grc' dir='ltr'><strong>ΨΡ⁶’</strong></span> 
     </span>
    </p>
   </div>
   <div class='ocr_carea' id='block_1_106' title="bbox 2091 5124 2261 5175">
    <p class='ocr_par' dir='ltr' id='par_1_106' title="bbox 2091 5124 2261 5175">
     <span class='ocr_line' id='line_1_106' title="bbox 2091 5124 2261 5175; baseline 0 -17"><span class='ocrx_word' id='word_1_800' title='bbox 2091 5124 2261 5175; x_wconf 80' lang='grc' dir='ltr'>νημα.</span> 
     </span>
    </p>
   </div>
   <div class='ocr_carea' id='block_1_107' title="bbox 1723 5285 2382 5344">
    <p class='ocr_par' dir='ltr' id='par_1_107' title="bbox 1723 5285 2382 5344">
     <span class='ocr_line' id='line_1_107' title="bbox 1723 5285 2382 5344; baseline 0 -2"><span class='ocrx_word' id='word_1_801' title='bbox 1723 5285 2111 5344; x_wconf 77' lang='lat' dir='ltr'><strong>COMBEFISII</strong></span> <span class='ocrx_word' id='word_1_802' title='bbox 2148 5287 2382 5344; x_wconf 71' lang='grc' dir='ltr'><strong>ΝΟΤᾹΞ.</strong></span> 
     </span>
    </p>
   </div>
   <div class='ocr_carea' id='block_1_108' title="bbox 473 5381 1966 5453">
    <p class='ocr_par' dir='ltr' id='par_1_108' title="bbox 473 5381 1966 5453">
     <span class='ocr_line' id='line_1_108' title="bbox 473 5381 1966 5453; baseline -0.001 -17"><span class='ocrx_word' id='word_1_803' title='bbox 473 5382 582 5453; x_wconf 71' lang='grc' dir='ltr'><strong>(Μ)</strong></span> <span class='ocrx_word' id='word_1_804' title='bbox 620 5382 723 5453; x_wconf 76' lang='lat' dir='ltr'><strong>Qui</strong></span> <span class='ocrx_word' id='word_1_805' title='bbox 765 5397 862 5434; x_wconf 78' lang='lat' dir='ltr'><strong>sua</strong></span> <span class='ocrx_word' id='word_1_806' title='bbox 913 5397 1004 5436; x_wconf 79' lang='lat' dir='ltr'><strong>nos</strong></span> <span class='ocrx_word' id='word_1_807' title='bbox 1055 5381 1392 5453; x_wconf 66' lang='lat' dir='ltr'><strong>inﬁdelitate,</strong></span> <span class='ocrx_word' id='word_1_808' title='bbox 1431 5381 1588 5453; x_wconf 75' lang='lat' dir='ltr'><strong>ﬁdei</strong></span> <span class='ocrx_word' id='word_1_809' title='bbox 1649 5382 1966 5453; x_wconf 77' lang='lat' dir='ltr'><strong>carbonibus</strong></span> 
     </span>
    </p>
   </div>
   <div class='ocr_carea' id='block_1_109' title="bbox 399 5451 1966 5523">
    <p class='ocr_par' dir='ltr' id='par_1_109' title="bbox 399 5451 1966 5523">
     <span class='ocr_line' id='line_1_109' title="bbox 399 5451 1966 5523; baseline 0 -17"><span class='ocrx_word' id='word_1_810' title='bbox 399 5451 628 5513; x_wconf 71' lang='lat' dir='ltr'><strong>duravit,</strong></span> <span class='ocrx_word' id='word_1_811' title='bbox 655 5451 1006 5520; x_wconf 77' lang='lat' dir='ltr'><strong>ﬁrmauitque.</strong></span> <span class='ocrx_word' id='word_1_812' title='bbox 1040 5451 1354 5523; x_wconf 83' lang='grc' dir='ltr'>Στομὼσας,</span> <span class='ocrx_word' id='word_1_813' title='bbox 1405 5452 1604 5523; x_wconf 83' lang='lat' dir='ltr'><strong>domter</strong></span> <span class='ocrx_word' id='word_1_814' title='bbox 1644 5452 1696 5523; x_wconf 72' lang='grc' dir='ltr'>ιιι</span> <span class='ocrx_word' id='word_1_815' title='bbox 1741 5461 1966 5519; x_wconf 79' lang='lat' dir='ltr'><strong>trcmpe;</strong></span> 
     </span>
    </p>
   </div>
   <div class='ocr_carea' id='block_1_110' title="bbox 399 5522 1971 5592">
    <p class='ocr_par' dir='ltr' id='par_1_110' title="bbox 399 5522 1971 5592">
     <span class='ocr_line' id='line_1_110' title="bbox 399 5522 1971 5592; baseline -0.001 -14"><span class='ocrx_word' id='word_1_816' title='bbox 399 5531 660 5590; x_wconf 83' lang='lat' dir='ltr'><strong>concepta</strong></span> <span class='ocrx_word' id='word_1_817' title='bbox 713 5539 840 5592; x_wconf 76' lang='lat' dir='ltr'><strong>vox,</strong></span> <span class='ocrx_word' id='word_1_818' title='bbox 895 5522 1219 5592; x_wconf 72' lang='lat' dir='ltr'><strong>egregiaque</strong></span> <span class='ocrx_word' id='word_1_819' title='bbox 1277 5522 1616 5591; x_wconf 85' lang='lat' dir='ltr'><strong>metaphora.</strong></span> <span class='ocrx_word' id='word_1_820' title='bbox 1684 5522 1738 5592; x_wconf 85' lang='lat' dir='ltr'><strong>ld</strong></span> <span class='ocrx_word' id='word_1_821' title='bbox 1805 5538 1971 5590; x_wconf 83' lang='lat' dir='ltr'><strong>porro</strong></span> 
     </span>
    </p>
   </div>
   <div class='ocr_carea' id='block_1_111' title="bbox 402 5589 1969 5662">
    <p class='ocr_par' dir='ltr' id='par_1_111' title="bbox 402 5589 1969 5662">
     <span class='ocr_line' id='line_1_111' title="bbox 402 5589 1969 5662; baseline 0 -16"><span class='ocrx_word' id='word_1_822' title='bbox 402 5589 657 5662; x_wconf 73' lang='lat' dir='ltr'><strong>praestitit</strong></span> <span class='ocrx_word' id='word_1_823' title='bbox 723 5589 961 5646; x_wconf 77' lang='lat' dir='ltr'><strong>Thomas</strong></span> <span class='ocrx_word' id='word_1_824' title='bbox 990 5589 1261 5662; x_wconf 23' lang='lat' dir='ltr'><strong>isua’illa</strong></span> <span class='ocrx_word' id='word_1_825' title='bbox 1302 5589 1533 5645; x_wconf 84' lang='lat' dir='ltr'><strong>accensa</strong></span> <span class='ocrx_word' id='word_1_826' title='bbox 1592 5589 1969 5654; x_wconf 75' lang='lat' dir='ltr'><strong>confessione.</strong></span> 
     </span>
    </p>
   </div>
   <div class='ocr_carea' id='block_1_112' title="bbox 406 5661 1967 5727">
    <p class='ocr_par' dir='ltr' id='par_1_112' title="bbox 406 5661 1967 5727">
     <span class='ocr_line' id='line_1_112' title="bbox 406 5661 1967 5727; baseline 0 -13"><span class='ocrx_word' id='word_1_827' title='bbox 406 5661 658 5714; x_wconf 79' lang='lat' dir='ltr'><strong>Dominus</strong></span> <span class='ocrx_word' id='word_1_828' title='bbox 693 5677 854 5721; x_wconf 72' lang='lat' dir='ltr'><strong>meus,</strong></span> <span class='ocrx_word' id='word_1_829' title='bbox 885 5669 935 5714; x_wconf 79' lang='lat' dir='ltr'><strong>et</strong></span> <span class='ocrx_word' id='word_1_830' title='bbox 978 5661 1116 5716; x_wconf 75' lang='lat' dir='ltr'><strong>Deus</strong></span> <span class='ocrx_word' id='word_1_831' title='bbox 1165 5675 1318 5714; x_wconf 78' lang='lat' dir='ltr'><strong>meus</strong></span> <span class='ocrx_word' id='word_1_832' title='bbox 1343 5677 1361 5714; x_wconf 91' lang='lat'><strong><em>:</em></strong></span> <span class='ocrx_word' id='word_1_833' title='bbox 1389 5677 1452 5714; x_wconf 84' lang='lat' dir='ltr'><strong>ex</strong></span> <span class='ocrx_word' id='word_1_834' title='bbox 1498 5676 1603 5727; x_wconf 88' lang='lat' dir='ltr'><strong>qua</strong></span> <span class='ocrx_word' id='word_1_835' title='bbox 1637 5669 1830 5714; x_wconf 76' lang='lat' dir='ltr'><strong>auctor</strong></span> <span class='ocrx_word' id='word_1_836' title='bbox 1860 5677 1967 5714; x_wconf 87' lang='lat' dir='ltr'><strong>non</strong></span> 
     </span>
    </p>
   </div>
   <div class='ocr_carea' id='block_1_113' title="bbox 403 5728 1970 5797">
    <p class='ocr_par' dir='ltr' id='par_1_113' title="bbox 403 5728 1970 5797">
     <span class='ocr_line' id='line_1_113' title="bbox 403 5728 1970 5797; baseline -0.001 -14"><span class='ocrx_word' id='word_1_837' title='bbox 403 5731 544 5783; x_wconf 86' lang='lat' dir='ltr'><strong>male</strong></span> <span class='ocrx_word' id='word_1_838' title='bbox 586 5728 814 5797; x_wconf 68' lang='lat' dir='ltr'><strong>colligit,</strong></span> <span class='ocrx_word' id='word_1_839' title='bbox 870 5729 1043 5782; x_wconf 76' lang='lat' dir='ltr'><strong>fuisse</strong></span> <span class='ocrx_word' id='word_1_840' title='bbox 1082 5728 1348 5782; x_wconf 81' lang='lat' dir='ltr'><strong>Thomam</strong></span> <span class='ocrx_word' id='word_1_841' title='bbox 1397 5728 1557 5784; x_wconf 82' lang='lat' dir='ltr'><strong>fortis</strong></span> <span class='ocrx_word' id='word_1_842' title='bbox 1603 5729 1970 5797; x_wconf 85' lang='lat' dir='ltr'><strong>audentisque</strong></span> 
     </span>
    </p>
   </div>
   <div class='ocr_carea' id='block_1_114' title="bbox 402 5793 1965 5868">
    <p class='ocr_par' dir='ltr' id='par_1_114' title="bbox 402 5793 1965 5868">
     <span class='ocr_line' id='line_1_114' title="bbox 402 5793 1965 5868; baseline 0.001 -17"><span class='ocrx_word' id='word_1_843' title='bbox 402 5797 589 5868; x_wconf 74' lang='lat' dir='ltr'><strong>animi.</strong></span> <span class='ocrx_word' id='word_1_844' title='bbox 625 5793 945 5864; x_wconf 85' lang='lat' dir='ltr'><strong>Quanquam</strong></span> <span class='ocrx_word' id='word_1_845' title='bbox 979 5798 1124 5852; x_wconf 89' lang='lat' dir='ltr'><strong>enim</strong></span> <span class='ocrx_word' id='word_1_846' title='bbox 1159 5799 1238 5852; x_wconf 87' lang='lat' dir='ltr'><strong>sic</strong></span> <span class='ocrx_word' id='word_1_847' title='bbox 1285 5798 1428 5866; x_wconf 64' lang='lat' dir='ltr'><strong>loqui</strong></span> <span class='ocrx_word' id='word_1_848' title='bbox 1474 5799 1662 5867; x_wconf 72' lang='lat' dir='ltr'><strong>gratiae</strong></span> <span class='ocrx_word' id='word_1_849' title='bbox 1697 5797 1830 5851; x_wconf 73' lang='lat' dir='ltr'><strong>fuit-</strong></span> <span class='ocrx_word' id='word_1_850' title='bbox 1874 5793 1965 5852; x_wconf 80' lang='lat' dir='ltr'><strong>illa</strong></span> 
     </span>
    </p>
   </div>
   <div class='ocr_carea' id='block_1_115' title="bbox 2075 5351 3563 5469">
    <p class='ocr_par' dir='ltr' id='par_1_115' title="bbox 2075 5351 3563 5469">
     <span class='ocr_line' id='line_1_115' title="bbox 2075 5351 3563 5469; baseline -0.005 -31"><span class='ocrx_word' id='word_1_851' title='bbox 2075 5396 2285 5466; x_wconf 73' lang='lat' dir='ltr'><strong>tamen,</strong></span> <span class='ocrx_word' id='word_1_852' title='bbox 2309 5384 2501 5469; x_wconf 37' lang='lat' dir='ltr'><strong>“quia</strong></span> <span class='ocrx_word' id='word_1_853' title='bbox 2548 5383 2755 5469; x_wconf 61' lang='lat' dir='ltr'><strong>suavis,</strong></span> <span class='ocrx_word' id='word_1_854' title='bbox 2810 5351 3563 5469; x_wconf 40' lang='lat' dir='ltr'><strong>consentanee’lia-3172mm:</strong></span> 
     </span>
    </p>
   </div>
   <div class='ocr_carea' id='block_1_116' title="bbox 2081 5428 3554 5537">
    <p class='ocr_par' dir='ltr' id='par_1_116' title="bbox 2081 5428 3554 5537">
     <span class='ocr_line' id='line_1_116' title="bbox 2081 5428 3554 5537; baseline -0.006 -29"><span class='ocrx_word' id='word_1_855' title='bbox 2081 5428 2637 5537; x_wconf 42' lang='lat' dir='ltr'><strong>imprin&#39;iitragitque,</strong></span> <span class='ocrx_word' id='word_1_856' title='bbox 2681 5428 2834 5506; x_wconf 69' lang='lat' dir='ltr'><strong>illum</strong></span> <span class='ocrx_word' id='word_1_857' title='bbox 2890 5453 3054 5537; x_wconf 66' lang='lat' dir='ltr'><strong>etiam</strong></span> <span class='ocrx_word' id='word_1_858' title='bbox 3118 5449 3330 5537; x_wconf 46' lang='lat' dir='ltr'><strong>animum</strong></span> 
     </span>
    </p>
   </div>
   <div class='ocr_carea' id='block_1_117' title="bbox 2081 5504 3556 5608">
    <p class='ocr_par' dir='ltr' id='par_1_117' title="bbox 2081 5504 3556 5608">
     <span class='ocr_line' id='line_1_117' title="bbox 2081 5504 3556 5608; baseline 0.001 -31"><span class='ocrx_word' id='word_1_859' title='bbox 2081 5504 2460 5608; x_wconf 48' lang='grc' dir='ltr'>ᾖὲίᾎίίδῖίᾜξᾷ</span> <span class='ocrx_word' id='word_1_860' title='bbox 2494 5504 2793 5608; x_wconf 43' lang='lat' dir='ltr'><strong>anteit...</strong></span> <span class='ocrx_word' id='word_1_861' title='bbox 2839 5504 2994 5603; x_wconf 50' lang='lat' dir='ltr'><strong>seu.</strong></span> <span class='ocrx_word' id='word_1_862' title='bbox 3043 5504 3556 5608; x_wconf 34' lang='lat' dir='ltr'><strong>partes..‘0&quot;‘m&#39;:a::2€</strong></span> 
     </span>
    </p>
   </div>
   <div class='ocr_carea' id='block_1_118' title="bbox 2082 5576 3548 5676">
    <p class='ocr_par' dir='ltr' id='par_1_118' title="bbox 2082 5576 3548 5676">
     <span class='ocr_line' id='line_1_118' title="bbox 2082 5576 3548 5676; baseline -0.018 -28"><span class='ocrx_word' id='word_1_863' title='bbox 2379 5576 2528 5675; x_wconf 66' lang='lat' dir='ltr'><strong>illata</strong></span> <span class='ocrx_word' id='word_1_864' title='bbox 2574 5576 2914 5676; x_wconf 59' lang='lat' dir='ltr'><strong>praedicatio,</strong></span> <span class='ocrx_word' id='word_1_865' title='bbox 2952 5576 3137 5676; x_wconf 23' lang='lat' dir='ltr'><strong>utsvix‘</strong></span> <span class='ocrx_word' id='word_1_866' title='bbox 3181 5576 3548 5676; x_wconf 35' lang='lat' dir='ltr'><strong>qtiisq&#39;tititkn‘inall?‘</strong></span> 
     </span>
    </p>
   </div>
   <div class='ocr_carea' id='block_1_119' title="bbox 2080 5653 3504 5786">
    <p class='ocr_par' dir='ltr' id='par_1_119' title="bbox 2080 5653 3504 5786">
     <span class='ocr_line' id='line_1_119' title="bbox 2080 5653 3504 5786; baseline -0.022 -67"><span class='ocrx_word' id='word_1_867' title='bbox 2080 5664 2260 5786; x_wconf 56' lang='lat' dir='ltr'><strong>(situlus</strong></span> <span class='ocrx_word' id='word_1_868' title='bbox 2318 5666 2526 5733; x_wconf 81' lang='lat' dir='ltr'><strong>majora</strong></span> <span class='ocrx_word' id='word_1_869' title='bbox 2574 5653 2677 5733; x_wconf 73' lang='lat' dir='ltr'><strong>pro</strong></span> <span class='ocrx_word' id='word_1_870' title='bbox 2721 5663 2922 5716; x_wconf 86' lang='lat' dir='ltr'><strong>dilecto</strong></span> <span class='ocrx_word' id='word_1_871' title='bbox 2991 5653 3217 5715; x_wconf 78' lang='lat' dir='ltr'><strong>Domino</strong></span> <span class='ocrx_word' id='word_1_872' title='bbox 3261 5653 3446 5722; x_wconf 66' lang='lat' dir='ltr'><strong>gessisse</strong></span> <span class='ocrx_word' id='word_1_873' title='bbox 3494 5653 3504 5679; x_wconf 61' lang='grc' dir='ltr'><strong>ι</strong></span> 
     </span>
     <span class='ocr_line' id='line_1_120' title="bbox 2119 5742 2298 5786; baseline -0.011 0"><span class='ocrx_word' id='word_1_874' title='bbox 2119 5742 2298 5786; x_wconf 87' lang='lat' dir='ltr'><strong>eatur.</strong></span> 
     </span>
    </p>
   </div>
   <div class='ocr_carea' id='block_1_120' title="bbox 2119 5742 2298 5788">
    <p class='ocr_par' dir='ltr' id='par_1_120' title="bbox 2119 5742 2298 5788">
     <span class='ocr_line' id='line_1_121' title="bbox 2119 5742 2298 5788; baseline -0.022 0"><span class='ocrx_word' id='word_1_875' title='bbox 2119 5742 2298 5788; x_wconf 86' lang='lat' dir='ltr'><strong>eatur.</strong></span> 
     </span>
    </p>
   </div>
   <div class='ocr_carea' id='block_1_121' title="bbox 3748 2345 3770 3938">
    <p class='ocr_par' dir='ltr' id='par_1_121' title="bbox 3757 2731 3759 3426">
     <span class='ocr_line' id='line_1_122' title="bbox 3757 2731 3759 2874; baseline 0 0"><span class='ocrx_word' id='word_1_876' title='bbox 3757 2731 3759 2874; x_wconf 53' lang='grc' dir='ltr'>γ</span> 
     </span>
     <span class='ocr_line' id='line_1_123' title="bbox 3757 3289 3759 3426; baseline 0 -14"><span class='ocrx_word' id='word_1_877' title='bbox 3757 3317 3759 3398; x_wconf 58' lang='grc' dir='ltr'><strong>ι</strong></span> 
     </span>
    </p>
   </div>
  </div>
