3840 6312
114 415 214 487 973

1173 415 1255 478 1N
1288 416 1650 479 LAZARUM
1675 404 2331 482 ’OUA'rmDUANUM.

3261 417 3367 485 971

109 530 180 588 τὸ
200 522 456 599 ίαχυρύν;
488 520 661 593 Εἶδες,
690 527 770 592 εἰς
819 528 942 581 οἷαν
988 527 1160 601 αὐτὴν
1201 530 1556 586 ἐπεσπάσατο
1593 528 1684 583 πί-

1790 530 1961 587 venis.
2003 552 2022 583 ι
2054 530 2309 589 Vidistin’
2344 531 2621 588 sermonis
2645 529 2987 587 efficaciam?
3029 531 3363 593 Vidistin’in

116 637 251 686 aztv;
299 620 379 683 ὡς
422 619 518 673 καὶ
570 619 857 690 δογμάτων
895 620 1181 692 ἀκριϐείας
1215 621 1548 693 ἐφάψασθαι.
1582 621 1682 693 τὴν

111 713 209 786 ηιὸ
248 710 453 785 μικροῦ
509 712 888 785 σῃαλλομένην
930 713 1001 766 δι’
1049 713 1356 784 ἁπλότητα.
1391 715 1536 768 Ὅσα
1572 712 1683 783 γὰρ

110 809 198 862 ἐπὶ
243 804 486 876 Χριστοῦ
526 804 863 876 διομολογεϊν
911 806 1021 861 ἔδει
1046 849 1062 870 ,
1121 806 1577 879 περιφραστικῶς
1625 807 1684 860 ὲν

115 901 305 973 βραχεῖ
362 896 705 969 διηγόρευσε.
759 915 778 949 ι
820 897 929 952 Ναὶ
956 898 1103 967 γάρ’
1153 895 1268 965 ἐγὼ
1316 896 1681 961 πεπίστευκα,

112 992 291 1061 (φησιν.
329 989 414 1042 ὅτι
441 991 508 1042 σὺ
541 982 594 1041 εἶ
626 989 656 1041 ό
699 988 937 1059 Χριστὸς
968 989 997 1043 ό
1032 987 1160 1052 Υἱὸς
1190 988 1286 1042 τοῦ
1320 987 1481 1049 Θεοῦ,
1523 987 1551 1041 ό
1604 987 1685 1050 είς

110 1085 193 1141 τὸν
215 1082 426 1151 κόσμον
463 1080 783 1151 ἐρχόμενος,
818 1098 837 1131 ι
881 1078 1151 1151 ἀριδὴλως
1182 1080 1500 1152 κηρύξασαυ
1541 1077 1684 1133 κατά

110 1173 304 1231 ταυτόν
336 1190 396 1227 τε
452 1172 571 1244 ἅμα
607 1171 701 1226 τὸν
731 1171 833 1241 τῆς
866 1171 1169 1241 θεολογίας,
1214 1171 1309 1226 καὶ
1341 1171 1446 1240 τῆς
1474 1171 1685 1225 οἰκονο-

114 1268 234 1340 μίας
274 1262 688 1337 περιληπτικῶς
722 1264 1050 1336 συνεπέρανε
1080 1263 1256 1333 λόγον.

180 1457 203 1492 ι
240 1439 356 1493 Καὶ
379 1435 563 1501 τοῦτο,
598 1437 785 1507 φησιν,
808 1436 1060 1502 είποῦσα,
1096 1437 1307 1508 ἀπῆλθε
1339 1439 1435 1493 καὶ
1469 1437 1685 1509 sedim-

114 1549 167 1587 σε
188 1532 297 1603 τὴν
322 1530 559 1601 ἀδελφὴν
588 1530 781 1599 αὐτῆς,
814 1528 991 1600 λάθρα
1029 1530 1261 1584 εἰποῦσα
1280 1547 1294 1562 ο
1342 1531 1400 1584 '0
1429 1531 1687 1585 διδάσκα-

110 1628 195 1689 ὶος
220 1627 483 1696 πάρεστι,
530 1621 627 1676 καὶ
687 1623 858 1689 φωνεῖ
914 1636 995 1674 σε.
1030 1620 1269 1695 Ἐκείνη,
1304 1623 1380 1686 ὡς
1429 1622 1684 1694 ἤκουσεν,

110 1718 323 1790 ἠγέρθη
370 1716 532 1786 ταχὺ,
585 1713 681 1768 καὶ
729 1713 930 1785 ἤρχετο
969 1712 1105 1784 πρὸς
1139 1714 1323 1770 αὐτόν.
1361 1733 1378 1764 ι
1431 1714 1587 1767 Κατὰ
1625 1714 1687 1767 τὸ

114 1813 225 1863 ἴσον
255 1809 355 1877 τῆς
399 1805 578 1877 λύπης
603 1802 698 1858 τοῦ
732 1802 967 1871 ἀδελφοῦ
1011 1803 1112 1876 τὴν
1160 1803 1337 1875 χαρὰν
1391 1802 1682 1873 δεξαμένη.

130 1898 208 1960 Ὠς
238 1898 351 1967 γὰρ
380 1894 543 1966 μόνον
574 1893 809 1964 ἥκουσεν
850 1893 933 1946 ὅτι
965 1890 1176 1960 Ἰησοῦς
1212 1892 1358 1962 ἥκει,
1393 1891 1593 1944 αὐτίκα
1632 1891 1691 1944 τὸ
1725 1874 1763 1928 Β

119 1990 209 2059 μὲν
241 1987 439 2051 πένθος
497 1985 754 2049 ἀπέθετο,
788 1983 888 2054 τῆς
916 1983 973 2038 δὲ
1027 1983 1262 2048 πίστεως
1300 1984 1361 2036 τὸ
1391 1983 1511 2047 ζέον
1550 2000 1691 2055 παρ-

120 2080 304 2146 έδειξε.
346 2078 675 2151 Πρεπόντως
729 2072 823 2130 οὖν
881 2077 979 2130 καὶ
1028 2077 1062 2148 ἡ
1111 2076 1313 2148 Μάρθα
1364 2075 1587 2147 χρῆται,
1627 2076 1689 2130 ού

122 2170 505 2243 δημηγοροῦσα
552 2168 790 2240 Χριστοῦ
831 2167 931 2241 τὴν
986 2168 1303 2238 ὑπόσχεσιν.
1343 2166 1525 2238 Ἑώρα
1580 2167 1690 2238 γὰρ

124 2267 243 2329 τοὺς
272 2264 543 2334 παρόντας
580 2261 794 2334 όχλους,
824 2260 875 2315 οἳ
919 2258 1310 2332 παρεκάθηντο
1339 2257 1438 2331 τὴν
1466 2258 1692 2329 Μαρίαν

127 2348 622 2421 παραμυθούμενοι,
660 2348 720 2413 ἐξ
747 2342 822 2402 ὧν
858 2343 1002 2419 ἦσαν
1031 2346 1082 2401 οἶ
1123 2347 1438 2417 διεφθόνουν
1473 2347 1690 2419 θαυμα-

126 2441 432 2514 τουργοῦντι
474 2440 720 2511 Χριστῷο
779 2459 797 2491 ι
839 2438 897 2494 '0
929 2439 1248 2504 διδάσκαλος
1293 2441 1551 2511 πάρεστι,
1596 2439 1692 2494 καὶ

130 2536 289 2601 φωνεῖ
313 2549 389 2587 σε.
418 2550 436 2583 ι
487 2532 587 2587 Ἐκ
614 2528 712 2583 τοῦ
757 2532 1037 2601 παρεῖναι,
1074 2530 1234 2601 φησι,
1269 2530 1332 2583 τὸ
1363 2529 1691 2602 τελούμενον

132 2623 337 2679 σκόπει.
367 2625 434 2678 Ού
465 2621 960 2695 παραμυθούμενος
980 2623 1129 2694 ἥκει,
1153 2622 1213 2676 οὐ
1247 2621 1687 2696 ψυχαγωγήσων.

134 2716 202 2769 Ἡ
232 2718 339 2787 γὰρ
387 2716 453 2772 ἂν
481 2717 577 2772 καὶ
628 2716 734 2790 π’ρδ
771 2717 963 2770 τούτου
1005 2715 1223 2784 ἀφῖκτο.
1253 2715 1501 2769 Ζωώσων
1539 2716 1688 2786 ἥκει,

124 2810 436 2881 ἀναστήσων
454 2809 546 2864 τὸν
573 2808 862 2878 σύγγονον.
901 2825 922 2858 ι
957 2807 1023 2860 Ἦ
1052 2805 1108 2860 δὲ
1145 2805 1307 2879 μόνον
1334 2805 1409 2869 ὡς
1431 2807 1689 2878 ἤκουσεν,

118 2900 324 2972 ἠγέρθη
356 2901 511 2972 ταχὺ,
537 2900 629 2954 καὶ
656 2899 860 2972 ἧρχετο
888 2897 1029 2969 πρὸς
1060 2896 1246 2951 αὐτόν.
1277 2914 1297 2947 ι
1338 2896 1453 2951 Οὔκ
1480 2898 1692 2971 ἐρωτή-

128 3009 279 3056 casa,
318 2992 354 3063 ἢ
387 2993 522 3064 πρὸς
580 2990 776 3063 μικρὸν
812 2989 1191 3061 ἀναμείνασαο
1241 2988 1359 3043 ἀλλ’
1393 2988 1471 3053 ὡς
1509 2990 1690 3061 ἄνπερ

134 3084 211 3137 τὶν
258 3083 486 3154 ἀδελφὸν
543 3084 603 3135 ἐν
648 3081 840 3154 χερσὶν
899 3080 1099 3151 ἔχουσα
1154 3078 1367 3144 ζῶντα,
1412 3080 1689 3154 δρομαίως

137 3174 390 3242 ἀνίστατο,
440 3174 536 3229 καὶ
579 3173 718 3244 πρὸς
764 3171 862 3243 τὴν
926 3170 1072 3241 ζωὴν
1095 3170 1371 3243 ἀνεπήδα,
1423 3170 1598 3242 μικρὰ
1650 3169 1685 3241 ἢ

140 3265 267 3318 σᾶδὲν
314 3265 420 3320 τῶν
472 3263 873 3336 συμπαρόντων
923 3261 1292 3334 φροντίσασα·
1345 3279 1364 3313 ι
1403 3259 1572 3315 Ούπω
1630 3260 1689 3314 δὲ

42 3354 51 3365 ’
148 3359 335 3430 Ἰησοῦς
372 3358 619 3431 ιληλύθει
654 3357 733 3422 είς
758 3357 859 3427 τὴν
896 3356 1114 3428 κώμην,
1146 3354 1262 3429 ἀλλ’
1303 3353 1383 3408 ἔτι
1421 3350 1490 3426 ἦν
1527 3355 1584 3408 ἐν
1609 3353 1688 3424 τῷ

144 3450 289 3522 τόπῳ,
319 3453 447 3505 ὅπου
481 3451 792 3521 ὑπήντησεν
824 3446 974 3518 αύτῷ
1016 3449 1050 3518 ἡ
1088 3445 1309 3516 Μάρθα.
1356 3464 1375 3498 ι
1421 3445 1688 3499 Τοσοῦτον

145 3540 402 3609 ἔσπευσεν,
434 3542 509 3606 ὡς
539 3541 626 3596 ἐπ’
680 3539 846 3595 αὐτοῦ
875 3539 1082 3609 φθάσαι
1122 3537 1219 3593 τοῦ
1244 3537 1410 3591 τόπου
1452 3537 1545 3591 τὸν
1576 3535 1690 3591 Κύ-

151 3648 259 3699 ριον.
300 3634 681 3706 Σχολαιότερον
735 3631 845 3703 γὰρ
892 3628 1189 3700 ἐπορεύετο
1217 3628 1305 3683 δια
1343 3627 1440 3700 τὴν
1469 3628 1688 3701 δύσεριν

150 3724 231 3777 τῶν
256 3725 525 3779 Ἰουδαίων
575 3723 855 3785 ὑπόνοιαν,
894 3721 990 3774 τοῦ
1030 3720 1106 3792 μὴ
1151 3719 1302 3787 δόξαι
1360 3720 1687 3792 κατεπιτρέ-

149 3830 239 3882 χειν
270 3816 346 3887 τῷ
389 3816 654 3885 θαύματι,
690 3812 805 3866 ἀλλ’
864 3812 941 3875 ὡς
987 3812 1053 3865 ὲκ
1087 3812 1406 3882 προτροπῆς
1452 3810 1562 3864 τῶν
1592 3828 1690 3880 γυ-

147 3904 286 3959 ναίων
308 3904 661 3975 καλούμενος.
689 3902 848 3956 Ἐπεὶ
893 3899 1028 3972 μηδὲ
1077 3903 1336 3972 παρεῖναι
1370 3900 1685 3971 βεὸούλητο,

148 3997 184 4048 εί
208 3998 278 4069 μὴ
301 3999 639 4071 προτραπεὶς
669 3996 898 4068 ἐκλήθη,
922 3994 1003 4065 τῷ
1037 3995 1114 4065 μὴ
1140 3993 1506 4067 προσποίησιν
1535 4011 1690 4066 νομι-

149 4088 310 4159 σθῆναι
347 4090 406 4144 τὸ
457 4089 716 4160 πρᾶγμα.
771 4088 861 4151 Ὠς
905 4083 999 4142 οὖν
1032 4081 1172 4141 εἶδον
1221 4085 1323 4158 τὴν
1373 4087 1595 4159 Μαρίαν
1638 4088 1689 4141 oi.

150 4182 260 4251 περὶ
289 4182 453 4252 αὐτὴν
493 4180 740 4234 Ἰουδαῖοι
782 4178 997 4249 ταχέως
1056 4178 1154 4249 μὲν
1185 4178 1521 4241 ἀναστᾶσαν,
1548 4178 1689 4249 δρο-

155 4270 299 4335 μαίως
334 4271 388 4326 δὲ
411 4272 513 4343 τῆς
534 4271 714 4333 οίκίας
740 4270 1005 4335 ἐκϐᾶσαν,
1032 4268 1285 4332 δόξαντες
1316 4268 1518 4322 ὡσανεὶ
1550 4268 1688 4340 πρὸς

147 4360 203 4415 τὺ
230 4367 473 4435 μνημεῖον
529 4362 782 4417 σπεύδειν
809 4360 1003 4432 αὐτὴν,
1058 4359 1141 4413 ἵνα
1180 4357 1344 4429 τυχὸν
1394 4358 1686 4430 σπαρὰξῃ,

150 4455 231 4506 καὶ
257 4460 513 4521 κωκυτοῖς
542 4454 636 4509 τὸν
662 4454 927 4523 σύγγονον
963 4450 1326 4522 ἀποδύρηται,
1363 4449 1688 4519 συνεξῆλθον

1786 639 1947 693 quam
1980 639 2100 679 eam
2156 625 2426 695 pertraxit
2471 623 2675 680 fidem?
2701 622 2794 679 Sic
2821 623 3105 691 nimirum,
3137 634 3195 680 ut
3241 642 3368 698 quae

1786 714 1953 786 paulo
1986 717 2247 787 superius
2288 732 2355 773 ex
2397 716 2757 788 simplicitate
2795 716 3052 780 errabat,
3106 729 3366 774 accurata

1784 805 1951 863 etiam
1985 807 2244 877 dogmata
2266 808 2533 878 attigerit.
2563 805 2843 879 Quidquid
2869 808 3014 863 enim
3046 809 3114 863 de
3141 808 3368 867 Christo

1786 897 2076 968 oportebat
2101 898 2375 964 confiteri,
2392 899 2539 954 brevi
2561 899 3055 955 circumlocutione
3077 899 3364 957 disseruit.

1785 988 1925 1045 Nam
1951 991 2185 1048 dicendo
2225 1011 2239 1048 :
2288 1011 2307 1044 ι
2341 990 2583 1063 Utique,
2609 1007 2713 1064 ego
2744 993 2990 1061 credidi,
3021 995 3153 1064 quia
3197 1003 3253 1050 tu
3305 1008 3368 1050 es

1785 1078 2044 1137 Christus
2067 1079 2242 1138 Filius
2278 1079 2376 1138 Dei
2405 1081 2504 1153 qui
2530 1082 2587 1138 in
2618 1081 2887 1139 mundum
2930 1085 3087 1141 venis
3125 1103 3139 1140 :
3169 1103 3189 1138 ι
3220 1085 3370 1141 clare

1789 1171 1843 1227 iu
1894 1188 2066 1227 nomn
2118 1172 2323 1243 pariter
2365 1182 2422 1230 et
2475 1174 2766 1247 theologia
2819 1191 2885 1231 ac
2949 1174 3263 1241 Trinitatis,
3314 1188 3389 1234 et.

1788 1268 2113 1321 (economite
2135 1280 2200 1320 ac
2241 1266 2643 1323 incarnationis
2661 1267 2971 1324 doctrinam
2990 1270 3370 1342 complexione
3414 1336 3437 1349 ‘

1788 1357 2088 1413 conclusit.

1866 1469 1885 1501 ι
1929 1448 1991 1503 Ει
2024 1465 2173 1515 cum,
2216 1449 2419 1523 inquit,
2461 1449 2564 1506 hoc
2603 1448 2857 1516 dixisset,
2905 1450 3067 1523 abiit,
3105 1463 3160 1508 ct
3198 1468 3368 1510 voca-

1790 1542 1867 1595 vit
1926 1556 2177 1597 sororem
2238 1557 2396 1597 suam
2460 1542 2737 1605 silentio,
2809 1543 3042 1601 dicens:
3106 1544 3372 1616 Magister

1789 1633 1966 1693 adest,
2005 1641 2059 1687 et
2100 1640 2259 1687 vocat
2298 1641 2369 1688 te.
2410 1632 2509 1687 Illa
2540 1640 2599 1687 ut
2635 1634 2877 1701 audivit,
2931 1637 3179 1692 surrexit
3230 1639 3368 1701 cito,

1789 1725 2022 1782 etvenit
2058 1724 2125 1780 ad
2167 1741 2315 1781 cum.
2347 1745 2368 1778 ι
2416 1723 2634 1781 Gaudio
2673 1726 3026 1798 perfunditur
3066 1745 3168 1800 pro
3206 1731 3372 1786 modo

1791 1826 2074 1888 concepta:
2105 1818 2172 1872 de
2204 1827 2378 1874 morte
2422 1819 2611 1873 fratris
2661 1821 2925 1877 tristitiae.
2960 1818 3029 1876 Ut
3060 1824 3208 1877 enim
3251 1831 3373 1878 tan-

1792 1919 1906 1964 tum
1938 1910 2152 1966 audivit
2185 1909 2408 1965 venisse
2439 1908 2652 1977 Jcsum,
2687 1913 2983 1973 confestim
3014 1914 3239 1987 quidem
3275 1915 3374 1968 de-

1789 2001 1976 2073 posuit
2016 2002 2246 2067 luctum,
2279 2000 2406 2056 fidei
2450 2017 2580 2057 vero
2620 2002 2895 2059 fervorem
2942 2004 3215 2061 exhibuit.
3264 2006 3371 2062 Sed

1788 2104 1841 2149 et
1894 2091 2106 2147 Martha
2159 2091 2424 2147 decenter
2467 2092 2600 2164 agit,
2658 2109 2769 2149 non
2822 2095 3102 2165 publicata
3163 2096 3371 2157 Christi

1792 2187 2179 2256 promissione.
2217 2184 2457 2241 Videbat
2495 2187 2643 2243 enim
2678 2186 3235 2247 circumassidentem
3260 2191 3375 2247 Μα-

1794 2278 1887 2335 riu:
1915 2279 2295 2341 consolantem
2323 2278 2565 2344 turbam,
2594 2279 2650 2337 in
2673 2294 2780 2350 qua
2817 2288 3007 2339 essent
3034 2283 3127 2353 qui
3149 2282 3375 2341 Christo

1794 2370 2056 2427 miracula
2105 2369 2292 2426 edenti
2357 2369 2689 2427 inviderent.
2735 2388 2755 2423 ι
2806 2369 3068 2443 Magister
3105 2375 3283 2441 adest,
3318 2386 3375 2432 ct

1792 2468 1955 2519 vocat
1980 2468 2052 2517 te.
2088 2479 2108 2515 ι
2158 2460 2233 2519 Ex
2257 2460 2581 2531 praesentia,
2614 2461 2821 2533 inquit,-
2845 2479 3017 2533 pcnsa
3065 2466 3210 2536 quod
3249 2483 3374 2538 pcr-

1791 2554 1994 2625 agitur.
2029 2550 2151 2611 Non
2212 2553 2366 2611 venit
2399 2559 2459 2608 ut
2487 2553 2812 2609 consoletur
2846 2572 2862 2610 :
2896 2570 3004 2610 non
3053 2565 3113 2611 ut
3142 2558 3376 2613 deliuiat

1791 2647 2031 2701 animos.
2064 2643 2284 2714 Alioqui
2326 2644 2482 2713 prius
2520 2644 2685 2707 etiam
2733 2645 3069 2701 advenisset.
3109 2647 3272 2707 Venit
3313 2657 3376 2704 ut

1792 2737 1960 2793 vitam
1997 2737 2278 2803 restituat,
2311 2744 2371 2792 ut
2402 2735 2629 2793 fratrem
2658 2739 2981 2795 rcsuscitet.
3011 2758 3030 2791 ι
3074 2738 3167 2795 Illa
3191 2750 3375 2798 autem

1793 2840 1848 2884 ut
1883 2830 2064 2886 solum
2091 2830 2324 2892 audivit,
2364 2830 2607 2885 surrexit
2628 2829 2762 2890 cito,
2814 2844 2869 2886 et
2905 2832 3059 2887 venit
3094 2831 3160 2885 ad
3184 2849 3369 2889 cum.»

1790 2921 1937 2977 Nihil
1968 2923 2298 2993 interrogat,
2333 2936 2436 2977 nec
2469 2921 2556 2977 vel
2583 2922 2871 2981 minimum
2907 2933 3204 2981 cunctatur
3232 2943 3245 2981 :
3276 2926 3372 2981 sed

1792 3014 1952 3087 quasi
1994 3015 2181 3069 vivum
2215 3014 2448 3070 fratrem
2492 3013 2718 3069 haberet
2756 3014 2810 3069 in
2856 3016 3151 3095 manibus,
3195 3019 3375 3090 surgit

1792 3107 2036 3172 concite,
2069 3116 2123 3161 et
2159 3106 2227 3163 ad
2257 3107 2425 3161 vitam
2481 3105 2721 3177 prosilit,
2754 3122 2948 3177 parum
2975 3116 3069 3164 aut
3104 3109 3243 3165 nihil
3275 3126 3375 3182 pa-

1715 3218 1759 3275 c
1793 3197 1925 3252 riter
1973 3196 2238 3255 collectos
2283 3210 2488 3255 curans
2524 3215 2538 3251 :
2582 3215 2600 3249 ι
2631 3195 2890 3253 Nondum
2941 3199 3094 3257 enim
3145 3209 3376 3257 venerat

1794 3287 1955 3345 Jesus
2001 3287 2056 3343 in
2098 3286 2433 3343 castellum:
2480 3287 2577 3344 sed
2628 3297 2750 3345 erat
2783 3288 2964 3345 adhuc
3007 3291 3058 3345 in
3096 3291 3190 3348 illo
3222 3293 3371 3359 loco,

1792 3377 1885 3433 ubi
1918 3384 2243 3433 occurrerat
2264 3375 2314 3432 ei
2358 3374 2589 3431 Martha.
2624 3395 2643 3429 ι
2678 3374 2865 3449 Usque
2907 3379 3045 3435 adeo
3075 3381 3375 3439 festinave-

1792 3476 1897 3531 rat,
1925 3475 1985 3523 ιιι
2025 3467 2082 3521 ἰιι
2116 3466 2236 3537 ipso
2271 3466 2393 3520 loco
2431 3465 2792 3521 anteverterit
2828 3458 3142 3524 Dominum.
3187 3469 3370 3526 Moro-

1791 3560 1908 3617 sius
1947 3560 2095 3614 enim
2132 3557 2426 3615 incedebat
2481 3557 2554 3612 ob
2587 3555 2905 3614 Judzeorum
2955 3563 3369 3623 contentiosam

1790 3650 2213 3706 a-stimationeut
2245 3669 2260 3705 :
2300 3658 2357 3703 ut
2381 3666 2448 3704 nc
2477 3648 2766 3703 videretur
2792 3651 2910 3717 ipse
2939 3651 3004 3706 ad
3039 3654 3368 3710 miraculum

1788 3758 2141 3816 procurrere,
2182 3741 2277 3797 sed
2310 3742 2470 3812 quasi
2522 3741 2816 3797 mulierum
2853 3751 3046 3813 rogatu
3082 3747 3370 3803 accedere.

1790 3832 1924 3888 Nam
1975 3846 2155 3901 neque
2187 3831 2379 3885 venire
2427 3830 2696 3896 voluerat,
2747 3830 2853 3883 nisi
2915 3846 3107 3885 earum
3158 3835 3372 3891 accitus

1789 3923 2201 3987 obsecratione,
2253 3931 2313 3975 ut
2358 3937 2428 3977 ne
2474 3936 2562 3976 res
2605 3920 2892 3977 simulatio
2928 3933 3240 3993 putaretur.
3302 3927 3373 3983 Ut

1790 4025 1970 4070 autem
2000 4012 2196 4076 Judaei,
2224 4013 2317 4084 qui
2354 4021 2515 4068 erant
2548 4028 2675 4067 cum
2717 4013 2912 4078 Maria,
2962 4016 3221 4071 viderunt
3259 4018 3373 4073 cito

1788 4108 2119 4171 surrexisse,
2155 4122 2217 4162 ac
2254 4106 2418 4162 domo
2445 4106 2721 4161 concitam
2760 4108 2965 4172 exisse,
2994 4110 3373 4169 existimantes

1787 4200 1936 4255 velut
1969 4199 2036 4255 ad
2069 4209 2488 4256 monumentum
2522 4214 2845 4271 properare,
2877 4209 2935 4255 ut
2960 4218 3019 4257 se
3057 4203 3241 4257 forsan
3271 4219 3373 4257 un-

1787 4290 1989 4362 guibus
2028 4290 2330 4357 laceraret,
2381 4290 2712 4357 ululatuque
2754 4290 3069 4362 deploraret
3118 4289 3371 4356 fratrem,

1789 4396 1897 4435 uua
1923 4382 2136 4453 egressi
2164 4384 2313 4446 sunt,
2352 4383 2505 4436 velut
2543 4383 2612 4439 ab
2649 4398 2717 4439 eo
2757 4382 2947 4437 fratris
2978 4383 3129 4439 luctu
3182 4383 3371 4454 prohi-

1788 4471 1978 4528 bituri.
2018 4471 2213 4527 Divina
2254 4488 2387 4528 vero
2441 4473 2786 4542 providentia
2836 4488 2925 4527 res
2959 4472 3274 4542 gerebatur,
3311 4482 3370 4529 ut

146 4546 283 4619 αὐτῇ,
316 4548 545 4603 κωλύειν
567 4546 755 4617 ὥσπερ
782 4544 1100 4616 βουλόμενοι.
1125 4543 1224 4612 τῆς
1252 4542 1348 4595 ἐπὶ
1373 4541 1449 4613 τῷ
1471 4543 1684 4614 ἀδελῳῷ

1790 4571 1840 4617 et
1864 4564 1942 4618 illi
1976 4565 2260 4633 adessent,
2282 4582 2392 4636 quo
2435 4541 2540 4621 sub
2567 4582 2760 4623 corum
2813 4541 3104 4622 obtutibus
3156 4562 3365 4623 editum

147 4632 434 4712 θρηνῳδίας.
465 4641 542 4695 re
579 4640 637 4694 δὲ
662 4636 731 4710 ἦν
761 4638 926 4711 ἔργον
968 4635 1280 4706 οἰκονομίας
1316 4640 1684 4707 συμπαρεῖναι

147 4730 416 4800 κάκείνους,
449 4731 519 4787 ἵν’
552 4729 640 4783 ἐπ’
676 4730 864 4799 ὕψεσιν
893 4727 1077 4782 αὐτῶν
1107 4726 1170 4779 τὸ
1198 4725 1387 4797 θαῦμα
1418 4727 1682 4799 πραχθὲν,

152 4821 222 4893 μὴ
240 4822 534 4896 ἀμάρτυρον
1254 4856 1275 4873 .

217 4934 233 4966 ι
263 4916 315 4972 Ἦ
356 4914 451 4973 οὖν
504 4916 719 4987 Μαρία,
750 4916 826 4981 ὡς
868 4912 1031 4988 ἦλθεν
1075 4917 1209 4971 ὅπου
1256 4913 1326 4989 ἦν
1374 4916 1404 4968 ὁ
1451 4912 1683 4983 Ἰησοῦς,

142 4996 296 5061 ἰδοῦσα
318 5008 501 5073 αὐτὸν,
550 5007 747 5061 ἔπεσεν
784 5004 951 5060 αὖτοῦ
1006 5006 1145 5077 πρὸς
1182 5008 1314 5068 τοὺς
1360 5004 1550 5067 πόδας,
1592 5001 1685 5055 λέ-

136 5104 312 5163 Ὗουσα⁶
344 5098 545 5173 Κύριε,
588 5099 639 5152 εί
690 5095 760 5171 ἧς
801 5091 937 5164 ὧδε,
969 5098 1073 5151 οὐκ
1116 5097 1183 5152 ἂν
1229 5095 1470 5150 ἀπέθανὲ
1523 5110 1627 5165 μου
1656 5093 1686 5146 ό

150 5188 351 5261 ἀδελφός.
379 5212 400 5245 ι
437 5194 586 5247 ’Ῑσον
608 5191 809 5263 ῑχουσα
844 5194 910 5264 τῇ
941 5192 1144 5261 ἀδελφῇ
1173 5188 1234 5243 τὸ
1265 5188 1542 5260 φρόνημα,
1571 5187 1686 5249 τοῖς

164 5280 317 5352 ὁμοίοις
358 5285 528 5358 αὐτῆς
563 5285 909 5357 συμφέρεται
954 5285 1185 5356 ῥήμασι.
1219 5282 1422 5335 Σκόπει
1454 5276 1550 5334 οὖν
1582 5278 1685 5331 ὅσα

166 5372 207 5425 ἐν
230 5376 377 5447 μικρῷ
397 5377 525 5431 τότε
550 5378 587 5449 ἡ
623 5376 819 5447 Μαρία
847 5377 1014 5431 ποιεῖ.
1048 5372 1382 5446 Προστρέχει
1421 5371 1498 5436 ὡς
1540 5367 1681 5440 Θεῷ,

169 5468 455 5536 προσπίπτει,
506 5465 975 5541 παρρησιάζεται,
1017 5464 1290 5519 δείκνυσιν
1333 5464 1418 5518 ὅτι
1451 5462 1682 5532 τέθνηκε

170 5553 389 5630 Λάζαροςο
421 5559 483 5612 οὐ
512 5557 692 5613 ταῦτα
718 5557 777 5611 δὲ
815 5556 998 5627 μόνον,
1029 5555 1146 5610 ἀλλ’
1177 5557 1261 5609 ὅτι
1302 5556 1397 5609 καὶ
1430 5554 1683 5626 πρόωρος

171 5641 391 5712 Havete;
425 5647 672 5718 γέγονεν,
709 5647 945 5723 ἀπόντος
976 5645 1167 5701 αὐτοῦ.
1204 5645 1339 5698 Τότε
1377 5644 1488 5715 γὰρ
1519 5643 1683 5714 τυχὸν

170 5731 278 5805 λέγει
306 5740 747 5814 παραγεγονέναι,
782 5739 871 5793 ὅτε
898 5739 974 5809 μὴ
997 5738 1096 5810 τὴν
1116 5736 1413 5808 θεραπείαν
1439 5738 1468 5788 ὀ
1494 5735 1683 5806 καιρὸς

169 5818 409 5901 ἔπεδίχετο,
444 5829 896 5900 συγκλυσθεῖσαν
926 5829 1131 5885 ὡσανεὶ
1161 5828 1242 5899 τῷ
1288 5825 1526 5896 θανάτῳ.
1570 5825 1680 5879 Καὶ

1787 4654 2120 4712 miraculum
2151 4658 2577 4730 haudquaquam
2615 4665 2783 4713 testes
2819 4656 3188 4714 desideraret.

1866 4935 1885 4970 ι
1922 4916 2094 4972 Maria
2121 4933 2254 4989 ergo
2288 4933 2411 4972 cum
2443 4917 2682 4973 venisset
2701 4918 2791 4973 ubi
2822 4926 2941 4973 erat
2963 4915 3148 4982 Iesus,
3173 4919 3367 4977 videns
3452 4922 3459 4929 “

1785 5025 1936 5071 eum,
1972 5008 2172 5063 cecidit
2204 5006 2271 5062 ad
2322 5008 2487 5074 pedes
2529 5008 2671 5077 ejus,
2707 5016 2761 5063 et
2795 5009 2931 5064 dicit
2965 5010 3014 5064 ei
3052 5027 3064 5062 :
3108 5009 3362 5074 Domine,

1785 5101 1830 5158 si
1864 5101 2069 5156 fuisses
2107 5099 2217 5163 hic,
2256 5115 2365 5153 non
2397 5107 2546 5154 esset
2596 5109 2852 5155 mortuus
2901 5100 3070 5184 frater
3116 5117 3291 5154 lltt'lls.
3339 5120 3357 5153 ι

1786 5190 1989 5245 Eodem
2038 5205 2164 5244 cum
2216 5205 2413 5244 sorore
2459 5206 2648 5255 sensu,
2695 5192 2891 5247 iisdem
2924 5207 2988 5245 ac
3023 5193 3139 5261 ipsa
3177 5193 3364 5245 verbis

1785 5281 2162 5352 congreditur.
2225 5278 2363 5335 Vide
2413 5282 2580 5352 igitur
2625 5298 2791 5351 quam
2855 5294 2986 5336 tunc
3040 5283 3093 5335 iu
3143 5283 3365 5335 modico

1787 5374 1954 5428 multa
1998 5372 2209 5427 fecerit.
2244 5371 2502 5427 Occurrit
2533 5382 2590 5425 ut
2640 5371 2773 5435 Deo,
2806 5372 3031 5432 accidit.
3066 5372 3178 5440 agit
3227 5371 3366 5424 fidu-

1785 5465 1892 5530 cia,
1926 5461 2172 5519 ostendit
2229 5472 2504 5516 mo~tuum
2558 5463 2824 5517 Lazarum
2859 5480 2873 5516 :
2910 5477 3011 5516 nec
3062 5462 3111 5515 id
3154 5461 3358 5524 solum,

1785 5568 1973 5607 verum
2012 5552 2177 5606 etiam
2209 5551 2354 5620 quod
2389 5566 2538 5606 mors
2562 5552 2854 5603 immatura
2886 5532 3113 5605 absente
3131 5562 3199 5602 eo
3223 5564 3362 5604 con-

1784 5623 1991 5714 tigerit.
2020 5638 2178 5693 Tunc
2213 5641 2360 5694 enim
2409 5639 2554 5695 forte
2585 5642 2659 5695 ait
2693 5640 2984 5694 advenisse
3006 5677 3021 5700 ,
3069 5653 3195 5694 cum
3242 5637 3359 5708 jam

1786 5743 2023 5805 tempus,
2060 5733 2206 5787 velut
2239 5743 2414 5787 morte
2444 5732 2834 5801 praecludente,
2871 5731 3218 5786 curationem
3250 5745 3360 5786 non

1785 5828 2072 5897 rcc‘pcret.
2112 5822 2188 5879 Ex
2216 5825 2287 5879 iis
2318 5839 2556 5894 namque
2580 5824 2905 5895 conjectura
2930 5833 3038 5888 est,
3065 5823 3359 5893 agnovisse
