3840 6312
114 300 229 368 9'17
1211 309 1299 372 IN
1334 307 1698 371 LAZARUM
1734 303 2384 378 QUATRIDUANUM.
3309 295 3421 363 978

109 417 467 489 Φιλούμενος
495 418 697 487 ἐφίλει,
726 418 826 474 καὶ
861 419 1113 486 εἰκότως.
1157 440 1177 474 ι
1205 420 1355 491 Ἐγὼ
1391 421 1521 493 γὰρ,
1563 436 1672 492 φησ

1778 416 2104 486 ιιιιιοιηοᾱο
2134 415 2354 471 amabat
2389 413 2561 471 cum!
2602 431 2622 466 ι
2660 411 2767 482 Qui
2807 411 3121 480 amabatur,
3168 412 3411 468 amabat.

107 512 249 574 τοὺς
273 510 381 581 ἐμὲ
420 509 739 580 φιλοῦντας,
766 512 988 582 ἀγαπῶ.
1020 532 1041 565 ι
1073 544 1145 556 --
1171 534 1190 567 ι
1222 514 1331 568 Ἴδε
1375 514 1495 578 πῶς
1538 514 1718 583 ἐφίλει

110 602 309 657 αὐτόν.
345 620 367 654 ι
400 603 563 657 Ἔστι
593 620 713 669 πως
742 606 839 658 καὶ
868 604 1267 678 θαυμαζόντων
1293 609 1322 661 6
1354 607 1537 676 λόγος,
1578 604 1719 663 ἀλλᾶ

110 695 213 747 καὶ
244 695 700 764 βασκαινόντων·
734 695 813 761 ὥς
841 714 999 761 τινας
1030 698 1245 767 λέγειν·
1277 716 1301 751 ι
1335 699 1453 752 Οὐκ
1480 697 1716 770 ἠδύνατο

108 775 273 843 οὗτος
298 784 333 835 6
351 782 585 848 ἀνοίξας
603 784 728 849 τοὺς
759 785 1077 855 ὀφθαλμοὺς
1101 788 1196 841 τοῦ
1228 788 1456 858 τυφλοῦ,
1485 788 1715 859 ποιῆσαι

110 873 202 926 ἵνα
240 871 324 943 μὴ
371 875 474 927 καὶ
519 868 678 939 οὗτος
730 877 1070 950 ἀποθάνῃς»
1104 880 1216 934 Καὶ
1262 881 1314 934 εἰ
1359 880 1544 951 ἡνοιξε
1583 883 1712 946 τοὺς

108 965 444 1037 ὀφθαλμοὺς
478 967 577 1023 τοῦ
603 968 830 1040 τυφλοῦ,
853 971 906 1024 τί
940 989 1073 1026 ποτε
1114 973 1264 1044 αὖτῷ
1294 973 1712 1038 διαπιστοῦντες

40 1120 45 1121 γ
107 1057 223 1110 τότε
279 1056 647 1130 βλασφήμοις
711 1059 894 1129 λόγοις
952 1060 1243 1128 mollisse;
1284 1062 1351 1118 Τί
1415 1064 1711 1129 τοσαύταις

104 1149 373 1220 ὲνείρατε
424 1151 521 1205 τὸν
561 1147 621 1206 εῦ
656 1153 904 1207 παθόντα
930 1154 1181 1221 πλοκαῖς,
1230 1157 1537 1230 κρίνοντες,
1577 1160 1709 1214 ἀνα-

108 1241 425 1310 κρίνοντες,
448 1242 536 1306 τίς
559 1245 655 1297 καὶ
678 1244 868 1312 πόθεν,
900 1246 997 1299 καὶ
1038 1248 1310 1315 ποταπὸς,
1337 1253 1434 1303 καὶ
1454 1251 1509 1303 τί
1548 1251 1705 1322 ποιή-

108 1346 194 1392 σας
234 1330 464 1402 ἀνέῳξε
501 1348 599 1386 σου
626 1335 755 1398 τοὺς
793 1334 1142 1405 ὀφθαλμούς;
1191 1338 1332 1402 τέως
1364 1338 1465 1410 μὲν
1508 1339 1705 1410 ὁμολο-

104 1424 249 1489 γεῖτε
274 1422 407 1488 νῦν,
442 1425 492 1479 εί
525 1426 621 1481 καὶ
641 1425 888 1493 ἄκοντες,
913 1429 1198 1500 ἀνεῳγότα
1223 1429 1352 1494 τοὺς
1380 1430 1701 1502 ὀφθαλμοὺς

104 1514 183 1569 τοῦ
229 1516 479 1586 τυφλοῦ.
516 1519 649 1573 Δίον
676 1520 771 1573 ἀπ’
800 1520 1015 1576 ἐκείνου
1045 1524 1143 1578 καὶ
1168 1523 1327 1579 τοῦτο
1359 1524 1698 1597 θαυμάζεινο

105 1610 263 1679 ὑμεῖς
324 1610 383 1663 δὲ
430 1612 658 1665 κάκεῖνο
688 1612 979 1669 καὶτοῦτο
1020 1615 1302 1682 κακίζετε.
1352 1618 1557 1689 Ἔργον
1584 1618 1695 1692 γὰρ

105 1702 265 1756 τοῦτο
295 1704 607 1778 Ἰουδαϊκῆς
657 1709 1057 1781 προαιρέσεως.
1103 1710 1240 1764 Πότε
1281 1711 1393 1782 γὰρ
1441 1712 1501 1765 οὐ
1550 1728 1692 1783 παρ-

1825 504 1997 563 Plane
2049 506 2281 562 merito:
2328 523 2347 558 ι
2386 503 2501 577 Ego
2532 503 2706 571 enim,
2744 502 2951 575 inquit,
2994 503 3292 576 diligentes
3328 518 3418 560 me

1825 596 1996 670 diligo
2013 606 2095 653 κ.»
2119 626 2191 638 -
2206 616 2225 651 ι
2246 596 2390 654 Ecce
2418 596 2700 669 quomodo
2726 596 2951 652 amabat
2966 594 3127 651 eum!
3153 592 3418 652 «Videtur

1818 698 1875 746 et
1909 690 2304 746 admirantium
2336 704 2521 746 sermo
2542 729 2561 756 ,
2594 689 2692 746 sed
2737 676 2810 746 ‘et
2843 688 3161 744 invidorum
3200 706 3214 743 :
3250 687 3328 743 ita
3353 696 3416 744 ut

1817 782 1989 855 aliqui
2009 784 2293 840 dicerent:
2321 781 2469 839 «Non
2490 766 2713 854 poterat
2728 781 2841 848 hic,
2859 782 2957 852 qui
2979 781 3197 852 aperuit
3213 781 3412 867 oculos

1814 876 1973 942 caeci,
2004 868 2190 934 facere
2215 887 2275 933 ut
2298 877 2390 933 bic
2421 892 2532 933 non
2574 875 2924 932 moreretur?
2953 893 2974 928 ι
3004 874 3171 945 Atqui
3202 874 3251 931 si
3277 873 3410 930 caeci

1816 969 2035 1039 aperuit
2059 968 2280 1033 oculos,
2319 983 2423 1024 cur
2454 980 2587 1025 tunc
2620 968 2668 1024 ei
2704 975 2903 1038 negata
2940 965 3043 1022 fide
3068 963 3411 1038 blasphemis

1810 1074 1940 1117 eum
1974 1060 2279 1132 impetistis
2317 1060 2710 1117 sermonibus?
2738 1058 2850 1116 Cur
2885 1074 3011 1116 eum
3048 1057 3143 1130 qui
3181 1071 3411 1128 accepe-

1810 1159 1898 1207 rat
1937 1153 2273 1210 beneficium
2308 1161 2420 1208 tam
2457 1153 2651 1210 multis
2687 1152 3008 1211 inseruistis
3038 1151 3405 1223 quaestionum

1808 1243 2069 1306 nexibus.
2101 1246 2274 1302 semel
2295 1246 2567 1303 etiterum
2587 1246 2912 1318 iudicantes
2940 1252 2995 1302 et
3022 1244 3400 1316 exquirentes.

1805 1338 1957 1409 quis,
1989 1348 2044 1394 et
2076 1340 2255 1409 cujas,
2291 1347 2347 1397 et
2386 1339 2568 1411 qualis
2591 1381 2607 1407 ,
2646 1347 2706 1395 et
2743 1339 2883 1412 quid
2932 1337 3141 1395 faciens
3183 1337 3403 1409 aperuit

1804 1428 1903 1485 tibi
1987 1430 2224 1488 oculos?
2278 1430 2438 1487 Nunc
2506 1432 2753 1499 interim,
2801 1446 3121 1504 quanquam
3195 1430 3397 1498 inviti,

1802 1523 2107 1592 agnoscitis
2151 1525 2440 1595 aperuisse
2489 1525 2685 1582 oculos
2732 1526 2891 1595 caeci.
2938 1524 3210 1581 Caeterum
3271 1538 3390 1579 cum

1802 1615 1937 1671 illud
1964 1615 2295 1673 miraculum
2326 1617 2458 1675 huic
2486 1618 2714 1674 deberet
2740 1616 3171 1674 admirationem
3199 1613 3396 1672 conci-

1800 1705 1959 1774 liare,
1995 1722 2095 1764 vos
2130 1707 2318 1779 potius
2371 1715 2673 1780 utrumque
2719 1707 3074 1777 vituperatis.
3120 1705 3241 1761 Hoc
3293 1703 3396 1761 Ju-

108 1793 388 1863 ωργίσατε
442 1796 707 1868 Χριστόνς
759 1800 890 1854 ¹ιιθότε
936 1801 1038 1854 οὐκ
1081 1802 1422 1874 ἠπειθήσατε
1464 1801 1672 1857 τοιαῦτα

1794 1798 1991 1856 daicus
2037 1802 2259 1859 animus
2310 1800 2477 1858 habet
2519 1802 2731 1874 operis.
2779 1800 3014 1869 Quando
3070 1799 3217 1856 enim
3277 1814 3389 1853 nun

112 1888 196 1942 καὶ
220 1888 472 1943 τοσαῦτα
502 1889 827 1964 τεθεαμένοι
860 1894 1165 1964 septiens;

184 2107 205 2141 ι
248 2089 312 2143 '0
346 2090 558 2162 Ἰησοῦς
592 2087 690 2148 οὖν
736 2093 901 2151 πάλιν
946 2096 1437 2175 ἐμϐριμησάμενος
1467 2101 1690 2175 ἔρχεται

123 2182 191 2244 είς
218 2181 279 2234 τὸ
314 2187 620 2255 μνημεῖον⁹
667 2182 738 2259 ἦν
782 2187 839 2242 δὲ
872 2172 1170 2261 σπήλαιονο
1206 2211 1225 2246 ι
1279 2172 1689 2266 σκοτεινῆήτῶν

135 2275 396 2330 Ἰουδαίων
437 2278 672 2350 καρδία⁹
719 2301 740 2335 ι
781 2283 895 2338 Καὶ
922 2283 1071 2349 λίθος
1125 2285 1381 2342 ἐπέκειτο
1424 2290 1632 2345 ἐπάνω.
1662 2309 1682 2343 ι

126 2364 229 2435 Τῆς
261 2367 515 2434 ἀπιστίας
542 2369 605 2425 τὸ
654 2372 894 2444 σκληρὸν
930 2375 1023 2431 καὶ
1060 2377 1374 2434 ἀντίτυπον.
1412 2397 1431 2431 ι
1458 2380 1625 2449 Λέγει
1660 2382 1690 2436 6

138 2456 365 2526 Ἰησοῦν
398 2461 602 2531 Ἄρατε
633 2462 727 2517 τὸν
756 2464 923 2520 λίθον.
954 2485 975 2519 ι
1015 2466 1120 2521 Τὸν
1164 2467 1338 2539 βαρὺν
1384 2469 1482 2540 τῆς
1529 2471 1689 2525 ἀπει-

124 2544 273 2611 θείας
293 2550 652 2609 ἀποκυλίσατε
678 2555 851 2625 λίθον,
876 2557 967 2612 ῐνα
987 2558 1047 2613 τὸ
1069 2559 1394 2632 θνησιμαῖον
1421 2562 1688 2633 ἀναγάγω

119 2638 208 2692 τοῦ
240 2644 584 2715 γράμματος.
613 2665 633 2700 ι
664 2649 870 2721 Ἄρατε
926 2651 1020 2706 τὸν
1057 2652 1239 2708 λίθονο
1279 2674 1298 2707 ›
1343 2655 1436 2709 τὸν
1486 2655 1688 2711 δυσϐά-

118 2746 343 2788 στακτον
375 2738 466 2791 τοῦ
499 2739 667 2812 νόμου
691 2741 880 2813 ζυγὸν,
904 2746 994 2799 ἵνα
1023 2746 1114 2801 τὸν
1145 2747 1414 2813 ζωοποιὺν
1449 2750 1551 2821 τῆς
1589 2751 1699 2827 καίἼ

114 2840 264 2891 pcto;
306 2830 618 2905 ἀναλάὗητε
651 2835 831 2907 λόγον.
867 2857 886 2891 ι
930 2840 1133 2912 Ἄρατε
1179 2843 1272 2897 τὸν
1320 2843 1500 2899 λίθον’
1535 2865 1556 2899 ι
1593 2845 1685 2899 τὸν

108 2916 187 2980 ὡς
216 2921 479 2995 κᾶλυμμι
503 2927 756 3003 κείμενον
785 2933 883 2986 καὶ
906 2932 1182 3005 βαροῦντα
1211 2937 1305 2992 τὸν
1342 2940 1489 2994 νοῦν.
1537 2942 1685 2995 Ἑδυ-

114 3012 287 3085 vitan
316 3018 477 3083 αὐτὸς
500 3020 614 3087 ἐγὼ
635 3022 728 3076 τὸν
752 3023 900 3078 λίθον
931 3028 1289 3097 ἀποκυλίσαι,
1317 3032 1434 3086 ἀλλ’
1462 3033 1550 3087 ἶνα
1587 3037 1682 3088 καὶ

1794 1894 2166 1951 exacerbastis
2205 1895 2522 1952 Christum?
2553 1894 2775 1967 quando
2808 1904 2888 1949 tot
2925 1894 3201 1964 tantisque
3235 1891 3372 1947 visis

1794 1983 2065 2056 prodigiis
2086 2001 2196 2042 non
2234 1987 2668 2059 inobsequentes
2690 1985 2913 2043 fuistis?

1869 2113 1889 2149 ι
1926 2094 2092 2155 Iesus
2126 2114 2261 2171 ergo
2294 2116 2514 2157 rursum
2549 2100 2813 2167 fremens,
2871 2097 3022 2154 venit
3073 2095 3141 2152 ad
3186 2109 3389 2152 manu-

1792 2196 2059 2245 mentum.
2102 2190 2232 2246 Erat
2261 2201 2446 2249 autem
2473 2194 2778 2265 spelunca:
2812 2211 2831 2245 ι
2864 2204 3063 2261 nempe
3096 2203 3199 2245 cor
3227 2194 3389 2244 tene-

1793 2278 2091 2336 hricosum'
2113 2281 2442 2339 Judreorum
2473 2303 2489 2339 :
2520 2303 2540 2337 ι
2576 2284 2645 2339 Et
2676 2283 2818 2355 lapis
2853 2281 3239 2354 superpositus
3266 2288 3386 2334 erat

1790 2371 1866 2428 ei.
1895 2390 1915 2426 ι
1943 2371 2295 2434 infidelitatis
2318 2376 2553 2435 durities
2577 2386 2633 2435 et
2650 2376 2990 2435 resistentia.
3017 2395 3037 2428 ι
3068 2371 3379 2430 AitJesus:

1792 2460 1990 2520 Tollite
2022 2447 2299 2536 lapidem:
2326 2487 2346 2520 ι
2393 2467 2682 2526 Revolvite
2731 2482 2958 2540 gravem
2992 2462 3383 2521 iuobedientia:

1789 2553 2055 2625 lapidem,
2089 2566 2150 2613 ut
2182 2560 2330 2632 quod
2361 2561 2543 2619 littera
2562 2562 2730 2617 habet
2745 2560 2946 2616 lethale
2969 2556 3292 2623 subveham,
3315 2571 3380 2611 ac

1789 2646 1991 2703 faciam
2022 2650 2334 2724 spirituale.
2362 2671 2383 2707 ι
2427 2651 2629 2710 Tollite
2658 2652 2896 2725 lapidem
2924 2670 2940 2708 :
2980 2669 2999 2703 ι
3018 2649 3212 2721 jugum
3240 2646 3378 2719 legis

1787 2748 2010 2809 portatu
2067 2742 2308 2813 diﬂicile,
2352 2751 2416 2800 ut
2462 2745 2752 2816 recipiatis
2807 2741 3089 2799 vivificum
3144 2739 3374 2796 verbum

1787 2835 1995 2904 gratiae.
2036 2854 2055 2889 ι
2093 2836 2295 2895 Tollite
2316 2838 2552 2910 lapidem
2587 2857 2602 2893 :
2652 2857 2672 2891 ι
2707 2854 2831 2894 eum
2863 2837 3055 2907 utique
3092 2834 3188 2906 qui
3225 2834 3375 2889 velut

1787 2926 2105 2996 impositum
2164 2930 2410 2986 velamen
2483 2938 2681 3003 gravat
2740 2930 3008 2984 animum.
3057 2925 3370 2981 Potuissem

1787 3035 1889 3091 ego
1948 3022 2233 3078 revolvere
2292 3023 2578 3094 lapidem:
2637 3039 2829 3080 verum
2890 3032 2951 3078 ut
2999 3021 3104 3092 ipsi
3152 3033 3371 3091 quoque

119 3104 207 3174 τῆς
240 3107 507 3175 δυσωδίας
538 3113 881 3170 ἀντιλάϐοιτε
905 3134 921 3149 ο
947 3112 1010 3174 οὗ
1050 3119 1114 3192 δὴ
1165 3121 1324 3193 χάριν
1373 3123 1506 3193 ὑμῖν
1558 3128 1672 3179 ὲπι-

1788 3111 2105 3191 percipiatis
2136 3112 2369 3170 fetorem
2398 3156 2413 3180 ,
2446 3114 2660 3171 idcirco
2695 3115 2886 3186 jubco,
2920 3124 2980 3170 ut
3008 3128 3104 3170 vos
3139 3112 3365 3168 tollatis.

118 3195 291 3286 τρέπω
322 3200 412 3255 τὸν
443 3201 595 3259 λίθον
622 3205 811 3278 ἐξᾶραι
838 3207 935 3261 τοῦ
959 3210 1261 3281 μνήματος.
1300 3231 1319 3264 ι
1350 3212 1557 3286 ’Ἄρατε
1586 3216 1677 3268 τὸν

118 3284 251 3342 λίθον
272 3306 285 3320 ·
316 3310 335 3343 ι
367 3293 453 3347 ἴνα
492 3295 654 3366 ὑμεῖς
687 3301 1100 3373 μαρτυρήσητε,
1121 3303 1205 3357 ὅτι
1235 3306 1330 3358 καὶ
1365 3284 1458 3359 τοῦ
1497 3308 1673 3376 τάφου

118 3377 200 3430 τὸν
228 3380 369 3437 λίθον
395 3385 781 3453 ἐξεκυλίσατε..
810 3411 828 3443 ι
856 3393 1062 3465 Ἀρατε
1089 3395 1179 3450 τὸν
1211 3396 1379 3452 λίθον.
1428 3418 1447 3450 ι
1486 3398 1676 3470 Ὑμεῖς

118 3471 448 3543 οῐἹουδαῖοι,
497 3479 599 3551 οὐχ
644 3484 692 3536 οε
737 3482 983 3556 μαθηταί
1030 3504 1168 3556 μου,
1222 3488 1308 3542 ἵνα
1361 3490 1436 3561 μὴ
1482 3490 1674 3562 αὔριον

116 3561 288 3634 εἴπητε
320 3568 395 3630 ὡς
427 3571 525 3625 ἐπὶ
556 3573 651 3627 τοῦ
682 3577 888 3646 τυφλοῦ
911 3594 927 3610 ο
957 3574 1106 3654 *Αρα
1141 3575 1298 3646 οὗτός
1338 3584 1519 3651 ἐστιν;
1559 3581 1672 3657 ἄρα

126 3650 335 3725 ἐκεῖνος
373 3659 460 3716 ἵνα
494 3662 569 3734 μὴ
594 3665 789 3738 εἴπητε
811 3669 893 3722 ὃτι
926 3650 1086 3726 ἄλλον
1120 3673 1236 3726 ἀντ’
1261 3673 1422 3728 ἄλλον
1446 3650 1669 3749 ήγειρα.

140 3748 360 3838 ε’ᾹΔρατε
393 3753 486 3807 τὸν
519 3755 694 3823 λίθον,
736 3778 757 3811 ι
791 3763 840 3814 εί
875 3762 971 3817 τοῦ
1000 3763 1282 3837 θαύματος
1316 3766 1444 3821 ἰδεῖν
1478 3768 1539 3822 τὸ
1574 3748 1672 3838 μέ-

132 3835 263 3929 γεθος
298 3841 571 3911 βούλεσθε.
611 3867 630 3900 ι
655 3850 820 3918 Λέγει
862 3853 1013 3926 αὐτῷ
1062 3835 1340 3929 ήήἀδελφὴ
1391 3858 1486 3914 τοῦ
1518 3835 1671 3914 τετε-

132 3921 413 4025 ξευτηκότος
440 3938 643 4012 Μάρθα
659 3958 673 3973 ·
694 3944 887 4014 Κύριε,
915 3921 1018 4018 ί]δῆ
1038 3921 1178 4013 ὄξει·
1203 3921 1528 4024 τεταρταῖος
1556 3954 1668 4025 γάρ

133 4014 271 4116 iactv.
303 4043 327 4116 ἶ
349 4025 595 4101 Ἡμέρας
615 4034 725 4106 γάρ
754 4030 869 4108 εἶχε
898 4014 1174 4112 τέσσαρας
1202 4043 1260 4096 ἐν
1286 4014 1364 4115 tri.)
1397 4014 1664 4116 written,

132 4107 178 4161 ἐν
200 4109 275 4178 αἷς
298 4112 362 4189 ἦν
406 4120 809 4197 διαφθαρῆναι
848 4129 939 4183 τὸν
972 4107 1268 4189 τεθνεῶτα.
1302 4107 1662 4208 ι’νίίδηηόζει,

133 4213 404 4281 τεταρταῖος
429 4215 539 4288 γάρ
564 4218 731 4273 ἐστιν.
767 4239 788 4271 ι
824 4223 1109 4290 Ἀπιστίας
1142 4229 1236 4280 καὶ
1265 4226 1572 4299 δισταγμοῦ
1603 4228 1665 4282 τδ

136 4297 276 4369 ῥῆμα.
324 4307 467 4378 Πλὴν
511 4311 571 4362 ἐν
621 4313 733 4375 τοῖς
780 4314 1061 4383 μεγίστοις
1115 4317 1391 4389 θαύμασιν
1434 4297 1664 4375 ἀπιστία

136 4397 411 4481 ξεροτρέχειν
431 4399 683 4456 εἴθισται.
714 4421 733 4454 ι
755 4405 896 4476 Ἤδη
921 4405 1056 4471 ὄζει.
1102 4427 1121 4460 ι
1174 4408 1537 4481 Ἐπαρθέντος
1564 4411 1660 4465 τοῦ

1790 3221 1808 3253 ι
1838 3201 2038 3261 Tollite
2060 3205 2299 3276 lapidem
2328 3223 2343 3260 :
2379 3225 2399 3259 ι
2438 3214 2497 3262 ιιι
2532 3208 2638 3279 ipsi
2663 3214 2833 3265 testes
2865 3208 2993 3264 sitis
3039 3214 3223 3262 vestra
3249 3206 3369 3277 ipsa

1783 3307 1951 3363 opera
1982 3295 2213 3351 revoluti
2246 3294 2453 3367 lapidis
2483 3297 2743 3368 sepulcri.
2779 3316 2800 3352 ι
2825 3296 3024 3352 Tollite
3046 3292 3286 3365 lapidem
3312 3310 3362 3347 ε»

1784 3402 1881 3441 vos
1910 3384 2110 3453 Judaei,
2143 3404 2252 3445 non
2288 3390 2554 3460 discipuli
2597 3390 2737 3456 mei,
2770 3399 2831 3447 ut
2857 3406 2926 3447 ne
2956 3391 3101 3447 velut
3130 3390 3185 3444 iu
3215 3402 3366 3444 οωοο

1779 3479 2047 3547 postridie
2076 3482 2334 3538 dixeritis
2364 3500 2378 3539 :
2406 3482 2671 3555 Nunquid
2703 3484 2815 3550 bic,
2847 3483 3095 3555 nunquid
3146 3482 3272 3538 ille?
3307 3490 3365 3535 ut

1779 3585 1849 3625 ne
1870 3571 2038 3626 alium
2083 3589 2182 3642 pro
2219 3575 2328 3629 alio
2358 3576 2694 3630 suscitatum
2733 3579 3060 3634 causemini.
3118 3597 3137 3631 ι
3163 3575 3364 3634 Tollite

1778 3661 2070 3731 lapidem:
2109 3683 2130 3716 ι
2193 3666 2239 3718 si
2293 3662 2547 3721 miraculi
2609 3668 3045 3738 magnitudinem
3112 3680 3364 3738 spectare

1778 3754 1970 3809 vultis.
2010 3773 2029 3807 ι
2078 3754 2222 3810 Dicit
2263 3758 2315 3811 ei
2362 3757 2595 3812 Martha
2624 3774 2787 3815 soror
2827 3760 2949 3828 ejus
2977 3761 3071 3831 qui
3108 3769 3361 3816 mortuus

1775 3843 1954 3902 fuerat
1982 3865 1995 3902 :
2019 3845 2265 3913 Domine,
2286 3847 2398 3918 jam
2423 3848 2589 3918 fetet;
2616 3850 3025 3922 quatriduanus
3050 3861 3135 3908 est
3156 3853 3353 3907 cuium

1774 3940 2023 3996 Habebat
2054 3942 2202 3997 enim
2235 3950 2472 4014 quatuor
2516 3945 2638 4001 dies
2663 3946 2718 4001 in
2746 3954 3126 4012 monumenta,
3154 3946 3209 4000 in
3234 3945 3359 4018 qui-
3426 3936 3431 3943 ’

1772 4032 1879 4089 bus
1920 4044 2132 4104 poterat
2176 4048 2430 4094 mortuus
2476 4040 2915 4111 computruisse.
2959 4057 2979 4093 ι
3030 4038 3150 4095 Jatu
3186 4041 3355 4105 fetet;

1770 4126 2176 4195 quatriduanus
2202 4138 2286 4186 est
2307 4132 2475 4187 enim.
2512 4151 2531 4184 ι
2559 4134 2797 4189 Verbum
2826 4143 2909 4190 est
2938 4147 3046 4188 non
3077 4133 3356 4189 credentis

1769 4226 1824 4271 et
1847 4216 2176 4278 dubitantis.
2210 4222 2482 4279 Czeterum
2526 4225 2821 4282 consuevit
2847 4224 3145 4281 infidelitas
3171 4226 3355 4281 maxi-

1769 4311 1876 4367 mis
1942 4327 2283 4383 praecurrere
2338 4317 2652 4373 miraculis.
2724 4337 2744 4371 ι
2782 4317 2905 4374 Jam
2971 4318 3125 4374 fetet.
3165 4337 3184 4371 ι
3241 4317 3355 4375 Hoc

1768 4401 1908 4457 dixit
1935 4402 2176 4473 Martha,
2216 4423 2341 4463 cum
2379 4409 2604 4465 sublato
2640 4411 2823 4482 lapide
2871 4412 3097 4467 odorem
3146 4412 3352 4468 sensis-

134 4473 253 4572 λίθου
276 4488 364 4558 τῆς
397 4491 578 4562 ὀσμῆς
609 4473 934 4565 αίσοομένή,
979 4497 1140 4552 τοῦτο
1167 4473 1327 4554 εἶπεν
1358 4502 1391 4571 ή
1437 4502 1658 4572 Μάρθα.

1778 4501 1867 4546 set.
1904 4492 1968 4548 Et
2005 4496 2224 4564 quidem
2257 4499 2405 4569 quod
2458 4473 2713 4556 dicebat:
2734 4518 2845 4557 non
2881 4501 3157 4557 credentis
3187 4511 3347 4557 erat:

133 4568 223 4629 Καὶ
257 4580 309 4633 τὸ
350 4583 447 4649 μὲν
498 4585 651 4655 ῥῆμα
688 4586 1085 4661 διαπιστούσης
1134 4586 1233 4662 ἦν’
1298 4568 1663 4648 συνεϐάλλετο

130 4666 237 4754 γοῦν
269 4671 404 4742 ὅμως
445 4674 526 4746 τῷ
559 4675 824 4749 θαύματι,
863 4680 975 4753 ὅσῳ
1022 4683 1118 4736 καὶ
1154 4683 1357 4754 μᾶλλον
1406 4685 1660 4754 ἐφαίνετο

133 4752 331 4817 διαλυθὲν
359 4768 419 4820 τὸ
448 4767 632 4840 σῶμα.
663 4787 682 4822 ι
712 4771 910 4843 Κύριε,
946 4774 1049 4845 ἤδη
1078 4752 1214 4841 ὄζει.
1238 4794 1257 4827 ι
1290 4778 1382 4849 Μὴ
1429 4752 1659 4849 πλησιά-

138 4867 231 4945 τεῇς,
260 4860 424 4931 φησὶν,
454 4863 543 4918 ἵνα
587 4865 664 4936 μὴ
686 4866 973 4941 ἀηδισθῇς.
1008 4887 1027 4920 ι
1057 4869 1196 4941 Ἤδη
1221 4869 1360 4935 ὄζει.
1396 4891 1416 4924 ι
1465 4875 1658 4945 Μῦρον

142 4944 344 5020 ὑπάρχων
369 4954 589 5023 εὐῶδες,
622 4958 697 5030 μὴ
743 4960 1122 5034 προσεγγίσῃς
1151 4962 1230 5032 τῷ
1269 4963 1472 5028 ὄζοντι.
1514 4944 1659 5021 «K6-

152 5050 223 5104 ρει,
244 5041 323 5113 ἤδη
349 5044 480 5110 ὄζει.
515 5065 535 5099 ι
569 5048 870 5104 Ἐπιτείνει
907 5051 970 5105 τὸ
1003 5051 1191 5123 θαῦμα
1210 5054 1303 5108 τοῦ
1328 5057 1554 5124 γυναίου
1596 5058 1657 5113 τὸ

154 5126 277 5199 ῥῆμα.
313 5135 466 5205 Λέγει
501 5139 643 5213 αὐτῇ
673 5142 702 5195 6
755 5142 999 5216 Ἰησοῦς*
1032 5166 1052 5199 ι
1082 5146 1197 5201 Οὐκ
1229 5142 1387 5202 εῖπόν
1429 5166 1530 5214 σοι,
1573 5151 1657 5205 ὅτι

153 5216 217 5308 ὲίιν
236 5227 522 5303 πιστεύσῃς,
564 5230 689 5300 ὕψει
721 5233 821 5303 τὴν
866 5234 1026 5301 δόξαν
1067 5235 1161 5290 τοῦ
1195 5236 1367 5304 Θεοῦ;
1399 5259 1418 5291 ι
1460 5240 1652 5308 Τοῦτο,

154 5306 269 5400 οἱονεί
290 5330 389 5380 πως
419 5319 700 5385 ὀνειδίζων
730 5322 901 5396 αὐτὴν
928 5324 1056 5396 ἔφη.
1087 5325 1324 5398 Εὔδηλον
1358 5331 1466 5400 γὰρ
1491 5330 1569 5394 ὠς
1591 5306 1654 5386 ού

157 5398 318 5496 adunati
356 5409 691 5480 ἀμφισολίας
722 5414 1062 5488 ἀπήλλακτο,
1097 5419 1166 5474 δι’
1194 5414 1268 5477 ὧν
1302 5398 1653 5496 ἐσφαλμένοις

157 5486 318 5548 Muttito
332 5497 427 5562 τὰς
455 5500 804 5574 ἀποκρίσεις.

205 5752 226 5786 ι
243 5745 363 5809 Prov.
389 5769 500 5822 rut,
529 5756 618 5812 l7.

1767 4584 2088 4643 conferebat
2149 4599 2331 4646 tamen
2382 4591 2450 4646 ad
2503 4593 2858 4658 miraculum,
2911 4601 3121 4665 quanto
3181 4595 3348 4649 etiam

1764 4679 2017 4749 corporis
2053 4681 2319 4736 resolutio
2375 4680 2551 4752 magis
2580 4681 2986 4739 innotescebat.
3025 4701 3045 4735 ι
3090 4682 3346 4747 Domine,

1759 4767 1873 4837 jam
1919 4769 2071 4828 fetet.
2111 4790 2131 4825 ι
2169 4770 2248 4828 Ne
2309 4772 2574 4842 propius,
2625 4772 2829 4844 inquit,
2885 4776 3212 4842 accesseris,
3276 4792 3348 4833 ne

1766 4859 2073 4916 molestiam
2136 4862 2364 4925 sentias,
2393 4877 2457 4919 ac
2499 4865 2787 4920 stomacho
2819 4867 3116 4923 movearis.
3150 4885 3170 4920 ι
3222 4865 3343 4923 Jam

1755 4950 1910 5007 fetet.
1950 4971 1970 5005 ι
2005 4952 2083 5009 Ne
2114 4954 2208 5024 qui
2261 4957 2595 5014 suaveolens
2625 4968 2973 5031 unguentum
3019 4976 3101 5030 cs,
3149 4960 3340 5018 fetenti

1755 5046 2303 5117 appropinquaveris.
2345 5067 2365 5100 ι
2394 5047 2648 5116 Domine,
2670 5050 2785 5121 jam
2818 5051 3005 5108 fetet.»
3026 5053 3341 5126 Magniﬁcat

1755 5136 2090 5192 miraculum
2105 5139 2332 5193 verbum
2358 5139 2628 5197 mulieris.
2656 5139 3069 5199 DiciteiJesus':
3096 5162 3114 5195 ι
3146 5142 3340 5200 Nonne

1755 5228 1870 5284 dixi
1925 5228 2048 5295 tibi,
2110 5233 2373 5301 quoniam
2404 5231 2452 5287 si
2482 5233 2789 5291 credideris
2812 5273 2828 5300 ,
2871 5235 3077 5291 ridebis
3104 5235 3334 5305 gloriam

1759 5320 1887 5376 Dei?
1927 5340 1946 5374 ι
2022 5321 2139 5376 Hoc
2191 5321 2368 5391 dixit,
2397 5324 2549 5380 velut
2590 5326 2640 5380 ei
2683 5325 3093 5396 quodammodo
3136 5340 3333 5395 expro-

1759 5413 1949 5469 brans.
2012 5412 2239 5468 Clarum
2297 5414 2445 5468 enim
2504 5421 2628 5479 cst,
2678 5431 2741 5470 ex
2792 5415 2946 5470 falsis
2983 5430 3124 5485 quas
3167 5415 3333 5471 dabat

1756 5502 2265 5573 rcspousionibus,
2308 5519 2422 5559 non
2475 5502 2645 5559 fuisse
2715 5503 2784 5560 ab
2837 5504 2986 5559 omni
3051 5504 3332 5562 dubietate

1756 5599 2000 5653 liberam.

3793 5902 3802 6025 ί
