3840 6312
216 367 308 434 961

1282 377 1361 438 ΙΝ
1405 379 1769 442 LAZARUM
1809 383 2438 454 QUATRIDUANUM

3359 400 3466 465 963?.

219 481 414 552 σηπότα
447 479 690 551 προϊέναι
705 479 800 534 τοῦ
814 480 1116 552 μνήματος,
1133 482 1194 536 οὐ
1221 484 1280 536 τὸ
1299 486 1460 556 τυχὸν
1488 482 1556 557 ἦν
1573 487 1774 559 θαῦμα,

1895 491 2054 557 tatio,
2090 492 2331 561 taboque
2377 492 2672 549 delluentis
2707 511 2737 551 e
2788 510 3147 558 monumento
3179 513 3466 576 processio

218 574 326 628 οὐδὲ
361 573 466 625 τῶν
499 571 677 624 ἄλλων
703 571 958 638 ἐλαττον,·
992 567 1068 627 ὧν
1098 576 1440 646 ἑωράκεισαν
1459 595 1474 610 ·
1503 579 1619 632 ἀλλ’
1640 573 1781 634 ὲκεί-

223 684 331 726 νους
355 665 451 718 οὐκ
503 663 772 716 ἐδυσώπει
807 665 868 716 τὸ
916 665 1369 737 μεγαλούργημα,
1435 669 1468 738 ἢ
1510 671 1593 724 ὅτι
1626 671 1784 741 μόνον

222 759 341 826 ὓλην
355 759 418 828 τῇ
454 755 600 824 σφῶν
633 757 910 828 βασκανίᾳ
933 758 1244 829 παρείχετο.
1267 760 1436 827 Δόξαν
1461 759 1556 815 οὖν
1579 762 1784 833 ταύτην

214 851 356 919 λέγει
383 849 584 917 σαφῶς,
613 849 716 918 τὴν
743 849 834 902 διὰ
868 851 1104 922 σταυροῦ
1139 854 1576 924 προσγινομένην
1611 856 1781 926 αὐτῷ,

220 942 297 994 τὸν
323 941 456 1011 ὑπὲρ
484 940 642 1009 ἡμῶν
681 940 924 1012 ἑλομένῳ
979 942 1211 996 θάνατον
1253 945 1530 998 ὑπελθεῖν.
1575 947 1637 999 El
1671 947 1782 1019 γάρ

213 1051 288 1085 τοι
319 1033 410 1084 καὶ
438 1031 540 1100 πρὸ
559 1029 773 1093 ’παντὸς
803 1031 998 1095 αἰῶνος
1029 1033 1127 1103 τὴν
1143 1035 1414 1106 πατρικὴν
1443 1033 1588 1106 εἶχεν
1623 1037 1781 1102 δόξαν

211 1125 282 1186 ὡς
309 1123 434 1185 Θεὸς
463 1123 554 1175 καὶ⁵
591 1122 730 1175 Θεοῦ
773 1122 898 1186 Υἱὸς
961 1128 1392 1196 συνουσιωμένος
1425 1129 1592 1197 αὐτῷ,
1644 1130 1780 1182 ἀλλά

213 1215 424 1281 καὶτῆς
463 1214 737 1280 παναγίας
792 1213 960 1266 αὑτοῦ
1012 1217 1215 1284 σαρκὸς
1269 1218 1330 1268 τὺ
1372 1219 1644 1288 μακάριον
1672 1219 1779 1271 πά-

213 1307 300 1368 θος
329 1305 476 1369 δόξαν
508 1307 753 1374 ἡγεῖται,
794 1308 1142 1378 παγκοσμῖου
1176 1310 1452 1380 σωτηρίας
1488 1312 1780 1382 γενόμενον

208 1401 294 1452 αῐτ
301 1415 398 1452 ιον.

288 1537 425 1590 Ἀλλ’
467 1537 558 1590 ἐπὶ
603 1538 705 1608 τὴν
763 1538 879 1592 ὁδὸν
939 1537 1204 1610 ἔλθωμεν,
1264 1541 1331 1612 ἣν
1360 1543 1393 1612 ἡ
1421 1541 1652 1611 ἀληθινὴ
1682 1543 1780 1612 τῆς

204 1628 357 1695 ζωῆς
385 1628 495 1687 ὁδὸς
525 1625 850 1697 παρέδειξεν
883 1629 910 1681 ὁ
943 1629 1199 1698 Χριστὸς,
1239 1630 1443 1682 εἰπών’
1483 1649 1501 1680 ι
1543 1630 1781 1693 Μείζονα

201 1718 407 1786 ταύτης
435 1719 654 1788 ἀγάπης
683 1719 864 1783 οὐδεὶς
894 1719 1130 1789 ἔχει,ῐνα
1169 1737 1250 1782 τις
1280 1719 1377 1790 τὴν
1406 1720 1582 1791 ψυχὴν
1613 1719 1779 1773 αὑτοῦ

1889 597 2000 636 non
2039 585 2265 654 vulgare
2316 587 2650 642 miraculum
2684 600 2824 654 erat,
2863 608 2964 647 nec
2996 597 3294 668 quidquam
3330 603 3467 660 visis

1887 675 2016 728 aliis
2048 676 2287 731 habebat
2328 680 2533 734 minus.
2567 680 2635 732 At
2673 697 2781 735 non
2829 683 3085 740 ﬂectebat
3125 693 3312 760 operis
3348 711 3466 748 ma-

1885 766 2139 834 gnitudo,
2194 784 2292 822 nec
2348 770 2498 823 aliud
2560 786 2724 839 quam
2782 776 3066 828 materiam
3103 778 3468 852 l'omitemquc

1885 854 2111 909 invidia:
2157 857 2533 913 ministrabat.
2573 859 2724 914 Ilanc
2752 877 2886 932 ergo
2933 865 3082 920 clare
3115 868 3347 936 gloriam
3379 872 3464 926 di-

1883 945 1982 1010 eit,
2014 961 2138 1015 qua:
2166 949 2215 1000 ei
2254 963 2318 1000 ex
2348 963 2536 1014 crure,
2588 967 2751 1020 quam
2789 969 2887 1022 pro
2921 956 3083 1011 nobis
3123 958 3292 1014 voluit
3333 964 3467 1014 sub-

1885 1036 2026 1130 ire,.
2063 1041 2326 1092 accessit.
2364 1038 2498 1092 Nam
2535 1041 2664 1094 licet
2719 1055 2846 1097 ante
2877 1061 3042 1100 omne
3075 1051 3340 1104 smculum
3371 1068 3467 1122 pa-

1882 1128 2118 1190 ternam,
2156 1137 2216 1182 ιιι
2271 1128 2415 1183 Deus
2445 1146 2509 1184 ac
2557 1130 2735 1186 Filius
2771 1133 2886 1198 Dei,
2925 1141 3202 1193 communi
3233 1158 3353 1195 cum
3395 1159 3460 1197 eo

1883 1220 2226 1282 substantia,
2285 1221 2509 1276 haberet
2563 1225 2821 1292 gloriam,
2881 1243 2994 1281 sua:
3049 1242 3229 1285 tamen
3294 1236 3458 1289 etiam

1883 1314 2286 1366 sacratissima:
2345 1314 2532 1368 carnis
2591 1315 2804 1369 beatam
2854 1318 3166 1387 passionem
3227 1323 3456 1392 gloriam

1882 1399 2058 1463 ducit,
2096 1402 2246 1456 velut
2278 1403 2472 1456 mtmdi
2506 1404 2678 1459 totius
2712 1407 2909 1459 salutis
2961 1424 3209 1464 causam.

1953 1533 2156 1588 Verum
2215 1535 2284 1589 ad
2330 1536 2472 1590 viam
2534 1538 2852 1604 redeamus,
2896 1556 3062 1610 quam
3117 1544 3276 1599 nobis
3335 1562 3462 1602 vera

1884 1624 2008 1678 vit:e
2041 1626 2124 1678 via
2162 1627 2424 1683 Christus
2475 1632 2828 1697 monstravit,
2871 1633 3106 1689 dicens:
3140 1656 3157 1688 ι
3202 1636 3462 1707 Major-em

1883 1718 1985 1772 hac
2009 1717 2342 1774 charitatem
2368 1736 2529 1774 nemo
2560 1721 2748 1786 habet,
2773 1740 2938 1793 quam
2971 1735 3026 1778 ut
3048 1728 3285 1782 animam
3307 1747 3462 1784 suam

204 1809 271 1880 θῇ
310 1811 442 1878 ὑπὲρ
493 1809 600 1862 τῶν
645 1809 816 1877 φίλων
855 1811 1040 1866 αὑτοῦ.
1081 1831 1100 1862 ι
1133 1812 1287 1884 ᾚδει
1332 1811 1442 1882 γὰρ
1498 1813 1774 1883 προϊόντος

1884 1817 2051 1879 ponat
2103 1811 2231 1880 quis
2299 1827 2400 1881 pro
2457 1813 2653 1868 amicis
2704 1817 2823 1870 suis
2855 1823 2902 1870 ⁸.
2957 1835 2976 1866 ι
3015 1816 3252 1872 Noverat
3313 1822 3460 1874 enim

203 1903 297 1955 τοῦ
340 1900 633 1970 θαύματος,
673 1901 968 1964 Ἰουδαίους
999 1901 1098 1971 μὲν
1121 1901 1396 1954 ἀνασείειν
1411 1902 1537 1964 τοὺς
1559 1901 1771 1971 ὄχλους,

205 1995 300 2047 καὶ
329 1991 570 2062 θορυϐεῖν
629 1990 945 2060 μέλλοντας,
994 1992 1253 2059 Καϊάφαν
1283 1992 1343 2046 δὲ
1370 1994 1770 2064 μανησόμενον,

207 2082 393 2137 ἑαυτὸν
423 2082 478 2134 δὲ
512 2081 603 2133 τὸν
627 2079 716 2133 διὰ
748 2082 982 2150 σταυροῦ
1013 2084 1334 2153 πεισόμενον
1369 2085 1618 2139 θάνατον.
1651 2087 1774 2140 Ὅτι

211 2177 269 2230 δὲ
329 2179 470 2247 φίλος
518 2181 546 2231 ό
595 2179 870 2249 Λάζαρος,
901 2175 963 2228 τὸ
1017 2178 1250 2248 πρᾶγμα
1277 2177 1446 2246 δηλοῖ.
1484 2198 1502 2230 ι
1552 2179 1771 2246 Ἢγάπα

216 2271 340 2339 γὰρ,
372 2271 549 2340 φησὶν,
579 2273 606 2324 ὁ
653 2269 863 2341 Ἰησοῦς
880 2269 977 2340 τὴν
1010 2268 1240 2340 Μάρθαν
1281 2269 1376 2323 καὶ
1405 2269 1503 2340 τὴν
1537 2269 1772 2341 ἀδελφὴν

221 2361 397 2430 αὐτῆς,
423 2362 630 2415 καὶτὸν
663 2363 938 2433 Λάζαρον.
979 2381 998 2414 ι
1035 2363 1148 2415 Καὶ
1179 2362 1257 2426 τίς
1297 2362 1439 2416 οὕτω
1480 2365 1772 2433 μακάριος,

221 2453 291 2516 ὡς
317 2455 647 2524 ἀγαπηθῆναι
687 2454 795 2508 ὑπὸ
851 2454 1091 2526 Χριστοῦ
1150 2455 1252 2525 τῆς
1283 2456 1673 2526 αύτοαγάπης;
1709 2455 1774 2509 Τί

218 2546 313 2597 καὶ
341 2545 663 2614 θαυμαστὸν,
723 2546 775 2597 εί
829 2544 925 2597 καὶ
981 2547 1239 2613 γυναῖκες
1293 2545 1684 2616 ἀρῤενωθεῖσαι
1715 2547 1775 2600 τὸ

224 2635 476 2706 φρόνημα,
519 2637 674 2706 παρά
729 2635 826 2689 τοῦ
893 2636 1101 2700 πάντας
1144 2637 1372 2690 καλέσαι
1402 2639 1537 2710 πρὸς
1581 2639 1772 2692 ἑαυτὸν

221 2725 442 2790 ἐλθόντος
470 2728 798 2796 ὴγαπῶντο;
829 2726 1091 2780 Τοσοῦτον
1119 2728 1176 2781 δὲ
1209 2728 1269 2781 τὸ
1290 2729 1479 2799 περιὸν
1504 2730 1601 2798 τῆς
1636 2730 1773 2798 πρὸς

215 2817 398 2880 αὐτοὺς
425 2818 666 2889 ἀγάπης,
699 2819 773 2883 ὡς
806 2821 901 2872 καὶ
938 2819 996 2872 τὺ
1019 2818 1204 2890 θαῦμα
1232 2819 1290 2872 τὸ
1330 2822 1411 2884 είς
1437 2821 1528 2873 τὸν
1574 2820 1776 2888 σύγγο-

223 2925 300 2960 νον
326 2911 424 2963 τῶν
449 2911 622 2965 ἄλλων
651 2913 751 2964 ὑπε
763 2913 988 2982 ρεξᾶραι
1008 2897 1302 2982 θαυμάτων
1331 2915 1395 2982 τῇ
1436 2914 1776 2987 μεγαλοφυῖᾳ

222 2997 302 3050 τοῦ
324 2998 608 3070 δράματος.
653 3020 672 3052 ι
728 3002 817 3064 Ὠς
847 2997 942 3054 οὖν
991 3002 1226 3066 ἤκουσεν
1261 3003 1342 3055 ὅτι
1387 3002 1622 3069 ἀσθενεῖ,
1653 3005 1773 3057 τότε

223 3089 327 3156 μὲν,
361 3094 542 3163 φησιν,
608 3093 822 3164 ἔμεινεν
878 3095 939 3146 ἐν
967 3088 1010 3161 ᾧ
1049 3090 1117 3164 ἦν
1157 3095 1308 3166 τόπῳ
1353 3095 1445 3148 δύο
1471 3098 1708 3166 ἡμέρας.
1752 3115 1770 3146 ι

1887 1899 2004 1956 fore
2044 1910 2104 1956 ut
2135 1905 2387 1957 miraculi
2441 1921 2742 1975 progressu
2793 1907 2967 1964 Judaei
3011 1912 3233 1980 quidem
3270 1915 3462 1967 conci-

1887 2001 2064 2047 tarent
2117 2003 2172 2048 et
2225 1999 2629 2052 conturbareut
2689 2001 2924 2070 plebem,
2987 2002 3226 2072 Caipbas
3275 2014 3459 2059 autem

1884 2083 2099 2138 insania
2131 2084 2373 2141 ferretur
2407 2087 2544 2156 (l2),
2586 2097 2756 2156 utque
2803 2091 2920 2160 ipse
2959 2107 3130 2146 cruce
3161 2095 3460 2148 sustineret

1888 2183 2144 2228 mortem.
2180 2174 2377 2242 Porro,
2436 2178 2585 2248 quod
2650 2179 2896 2235 Lazarus
2927 2182 3142 2236 amicus
3174 2194 3339 2251 esset,
3371 2202 3461 2238 res

1885 2265 2068 2332 palam
2104 2267 2260 2323 facit.
2303 2288 2322 2320 ι
2365 2269 2638 2340 Diligebat
2677 2272 2850 2336 enim,
2893 2273 3096 2342 inquit,
3127 2272 3286 2330 Jesus
3316 2277 3461 2329 Mar-

1887 2353 2057 2420 tham,
2087 2365 2140 2412 et
2171 2374 2421 2414 sororem
2459 2361 2604 2429 ejus,
2661 2370 2716 2415 et
2753 2361 3046 2418 Lazarum.
3105 2385 3123 2417 ι
3160 2364 3297 2432 Quis
3330 2384 3462 2422 vero

1887 2460 2062 2518 usque
2111 2448 2249 2504 adeo
2313 2451 2532 2514 beatus,
2586 2460 2646 2506 ut
2698 2468 2727 2506 a
2764 2453 2990 2508 Christo
3041 2455 3321 2527 diligatur,
3364 2462 3456 2529 qui

1887 2537 2005 2608 ipsa
2035 2549 2090 2594 et
2135 2543 2447 2600 subsistens
2497 2543 2730 2599 dilectio
2763 2547 2891 2600 est?
2945 2547 3084 2614 Quid
3129 2560 3308 2603 autem
3352 2553 3458 2604 mi-

1887 2647 2029 2698 rum,
2060 2641 2119 2687 ut
2152 2635 2411 2692 mulieres
2457 2637 2605 2692 virili
2655 2641 2939 2710 proposito
2989 2650 3042 2695 et
3073 2657 3239 2696 sensu
3291 2645 3456 2696 animi

1889 2723 1937 2776 is
1971 2723 2248 2792 diligeret,
2287 2727 2380 2796 qui
2416 2737 2648 2783 venerat
2681 2741 2739 2784 ut
2775 2731 2842 2785 ad
2886 2747 2946 2785 sc
2969 2747 3165 2787 omnes
3197 2735 3460 2788 vocaret?

1885 2812 2060 2869 Tanta
2095 2832 2226 2871 vero
2259 2819 2380 2888 ejus
2411 2821 2465 2874 in
2493 2835 2592 2877 eos
2626 2821 2944 2878 dilectionis
2971 2826 3296 2880 excellentia
3333 2826 3458 2888 fuit.

1885 2907 2137 2962 utetiam
2168 2910 2478 2965 exbibitum
2523 2912 2578 2965 in
2625 2912 2854 2968 fratrem
2908 2916 3238 2969 miraculum
3276 2919 3460 2987 aperis

1887 2999 2268 3066 magnitudine
2310 3009 2363 3054 et
2409 3005 2732 3070 prmstantia
2765 3005 2998 3074 reliquis
3048 3008 3333 3062 miraculis
3362 3025 3460 3064 su-

1887 3091 2270 3158 perextulerit.
2301 3110 2320 3142 ι
2361 3090 2430 3146 Ut
2467 3109 2599 3162 ergo
2633 3095 2846 3148 audivit
2881 3098 3007 3166 quia
3047 3098 3458 3165 inlirntabatur,

221 3179 357 3246 Τίνος
385 3185 580 3250 ένεκας
634 3186 863 3257 Προῄδει
891 3186 1000 3256 γὰρ
1027 3187 1115 3249 ’ὡς
1163 3189 1380 3249 πάντως
1412 3186 1730 3258 τεθνήξεται
1760 3204 1772 3218 ·

1884 3190 2016 3233 tunc
2039 3183 2285 3250 quidem,
2309 3183 2512 3253 inquit,
2538 3185 2740 3238 mansit
2768 3186 2822 3240 in
2854 3188 3045 3242 eodem
3083 3191 3206 3244 loco
3242 3192 3457 3250 duobus

218 3274 296 3325 καὶ
327 3275 594 3345 περιελεῖν
657 3277 826 3331 θέλων
875 3279 982 3330 τῶν
1029 3276 1309 3347 θηρευτῶν
1359 3279 1458 3341 τὰς
1515 3279 1773 3349 ὑποψίας,

212 3365 334 3429 τέως
355 3367 451 3437 τὴν
489 3369 666 3439 ὁρμὴν
693 3369 1080 3434 ἀναϐάλλεται,
1115 3371 1183 3423 ἵν’
1231 3372 1581 3436 ἀποπνεύσας
1607 3377 1775 3444 ταφῇ,

203 3457 392 3529 καὶμὴ
424 3460 788 3532 ἀπειροκαλία
820 3478 902 3524 τις
937 3461 1167 3532 νομισθῇ
1202 3463 1262 3515 τὸ
1303 3464 1439 3532 μετὰ
1469 3463 1568 3534 τὴν
1607 3465 1777 3535 ἀκοὴν

183 3548 352 3612 εὐθὺς
411 3552 657 3621 ὁρμῆσαι
712 3552 850 3622 πρὸς
903 3553 1005 3623 τὴν
1060 3553 1156 3606 τοῦ
1203 3553 1480 3623 θαύματος
1527 3554 1774 3619 ἔνδειξιν.

188 3654 206 3686 ι
251 3641 495 3696 Ἔπειτα
521 3642 659 3710 μετά
692 3642 870 3708 τοῦτο,
907 3641 1054 3711 λέγει
1092 3647 1204 3706 τοῖς
1255 3644 1561 3714 μαθηταῖς’
1599 3647 1779 3713 ’Δγω-

171 3744 280 3792 μεν
329 3735 420 3796 εἰς
477 3732 578 3803 τὴν
639 3734 899 3786 Ἰουδαίαν
949 3734 1131 3787 πάλιν.
1176 3755 1193 3788 ι
1227 3736 1501 3804 Εύτολμὶα
1539 3737 1595 3789 δὲ
1621 3735 1778 3789 τοῦτο

161 3817 530 3897 θεοπρεπὴς,
586 3827 677 3878 καὶ
709 3825 768 3878 τὸ
824 3826 1016 3880 παθεῖν
1055 3827 1274 3880 ἑλέσθαι
1317 3828 1775 3898 προθυμουμένης

169 3911 388 3988 ιἔνυχῆς,
415 3918 517 3970 καὶ
544 3918 678 3988 πρὸς
708 3919 881 3990 πέρας
909 3919 1064 3987 ἄγειν
1097 3919 1158 3972 τὸ
1201 3920 1302 3986 τῆς
1339 3921 1651 3991 οἰκονομίας
1677 3937 1778 3990 μυ-

187 4015 430 4082 στήριον.
448 4029 466 4060 ι
482 4011 748 4079 Λέγουσιν
766 4010 914 4081 αὐτῷ
937 4013 985 4064 οἱ
1011 4011 1252 4083 μαθηταί
1276 4028 1289 4041 ,
1323 4012 1632 4075 Ῥαδϐὶννῦν
1653 4013 1779 4083 ﬁt.

178 4109 298 4157 τουν
323 4118 391 4154 σε
405 4101 460 4154 οἱ
480 4101 724 4154 Ἰουδαῖοι
756 4103 1005 4166 λιθάσαι,
1027 4104 1121 4155 καὶ
1146 4101 1307 4156 πάλιν
1337 4103 1568 4171 ὑπάγεις
1588 4105 1705 4155 ἐκεῖ
1724 4119 1770 4168 ;»

168 4185 578 4264 Λίικροψυχίας
604 4195 673 4246 τὰ
700 4195 942 4265 ῥήματα,
969 4195 1061 4246 καὶ
1083 4195 1286 4262 μᾶλλον
1311 4195 1557 4261 ἀγνοίας*
1585 4195 1644 4247 ού
1666 4194 1776 4264 γὰρ

165 4281 258 4353 ⁴ἔέόε
269 4305 385 4340 σαν
403 4286 464 4338 τδ
484 4289 1023 4356 πραγματευόμενον,
1045 4288 1166 4340 ἐπεὶ
1185 4289 1283 4340 οὒκ
1297 4287 1362 4341 ἂν
1376 4288 1771 4358 ἐδυσχέραινον.

158 4381 269 4434 οὐκ
297 4381 376 4434 ἂν
394 4380 676 4443 τοιαύταις
707 4381 946 4450 ἐχρῶντο
977 4384 1204 4450 φωναῖς,
1243 4381 1304 4433 τὸ
1337 4381 1533 4436 ἇναλκι
1559 4381 1652 4434 τοῦ
1683 4381 1774 4434 νοῦ

1877 3270 2095 3326 diebus.
2146 3291 2164 3322 ι
2199 3271 2569 3338 Quamobrem
2604 3275 2856 3330 mansit?
2883 3275 3090 3347 Nempe
3125 3279 3456 3336 moriturum

1879 3363 2108 3418 mnniuo
2143 3368 2505 3434 praeviderat;
2562 3371 2870 3438 volensque
2919 3372 3256 3426 venantibus
3286 3384 3338 3427 et
3365 3389 3459 3429 ca-

1878 3457 2168 3522 ptantibus
2197 3461 2548 3527 suspiciones
2597 3460 2836 3526 auferre,
2885 3477 2946 3516 se
2983 3462 3206 3517 interim
3238 3464 3459 3519 cohibet

1875 3554 2262 3614 etcunctatur,
2293 3549 2511 3617 quoille
2547 3550 2804 3604 exbalato
2837 3549 3036 3618 spiritu
3071 3552 3324 3606 tradatur
3370 3568 3458 3607 se-

1878 3638 2134 3706 pulturae,
2201 3649 2366 3707 utque
2412 3657 2480 3694 ne
2539 3651 2738 3710 praeter
2787 3641 3056 3696 decorum
3121 3645 3459 3700 rusticiusve

1879 3729 2202 3792 haberetur,
2245 3731 2390 3797 quod
2423 3734 2489 3782 ad
2525 3733 2758 3799 primam
2794 3734 2982 3785 statim
3009 3735 3352 3790 auditionem
3391 3737 3457 3790 ad

1876 3819 2134 3874 miraculi
2193 3821 2598 3875 exbibitioncm
2659 3824 3052 3891 proruissetai
3090 3823 3298 3880 Deinde
3336 3837 3460 3894 post

1878 3913 2016 3978 haec,
2089 3912 2226 3968 dicit
2285 3914 2575 3983 discipulis
2624 3915 2790 3970 suis:
2854 3915 3058 3970 Eamus
3116 3918 3170 3970 in
3212 3915 3456 3972 .Iudteain

1879 4005 2100 4059 iterum.
2154 4023 2172 4056 ι
2225 4003 2423 4058 Divina
2482 4003 2599 4058 haec
2640 4005 2903 4059 audentia
2937 4015 3042 4072 est,
3077 4015 3132 4062 et
3171 4009 3340 4062 animi
3393 4013 3458 4063 ad

1877 4099 2188 4154 obeundam
2255 4101 2596 4170 passionem,
2655 4106 2708 4151 et
2769 4108 3178 4153 sacramentum
3264 4103 3461 4156 salutis

1879 4190 2137 4244 humana:
2182 4189 2249 4244 ad
2304 4189 2468 4243 linem
2507 4187 2892 4242 deducendum
2940 4189 3165 4243 alacris.
3203 4207 3220 4240 ι
3262 4189 3461 4244 Dicunt

1877 4282 1927 4336 ei
1974 4280 2279 4351 discipuli:
2347 4280 2546 4343 liabbi,
2604 4295 2754 4334 nunc
2808 4282 3130 4348 quaerebant
3181 4288 3233 4334 te
3282 4278 3457 4334 Judaei

1879 4374 2149 4445 lapidare,
2191 4383 2244 4430 et
2275 4375 2472 4429 iterum
2509 4373 2668 4428 vadis
2701 4373 2874 4427 illuc?
2913 4391 2929 4424 ι
2968 4371 3110 4427 Sunt
3145 4374 3314 4427 verba
3343 4374 3458 4428 ba-c

157 4466 485 4543 δηλούσαις
542 4474 634 4524 καὶ
690 4472 972 4542 ἄνανδρον.
1001 4473 1154 4542 "Atta.
1185 4473 1240 4524 δὲ
1281 4473 1522 4542 καὶπερὶ
1549 4472 1648 4543 τὴν
1680 4473 1771 4525 πί-

1884 4467 2072 4535 pusilli
2106 4467 2298 4528 animi,
2332 4481 2395 4521 ac
2427 4466 2704 4536 praecipue
2733 4466 2927 4520 nescii.
2962 4464 3082 4521 Non
3111 4468 3258 4521 enim
3290 4482 3459 4519 nove-

159 4577 297 4616 στιν
369 4561 455 4613 ἔτι
506 4561 566 4613 τὸ
617 4562 825 4629 ἀπαγὲς
878 4561 1096 4631 ἔχοντες
1127 4601 1142 4622 ,
1195 4559 1424 4622 εἰκότως
1476 4559 1770 4612 ἐδεδίεσαν.

164 4650 359 4707 Ὅθεν
398 4650 600 4717 εὔλογα
628 4651 806 4718 λέγειν
837 4651 1056 4705 ἐδόκουν
1076 4667 1089 4681 ·
1113 4669 1132 4702 ι
1165 4650 1278 4703 Νῦν
1301 4650 1527 4718 ἐζήτουν
1555 4667 1612 4702 σε
1653 4648 1775 4702 Ἰου-

161 4738 323 4798 δαῖοι
351 4744 595 4808 λιθάσαι,
628 4746 722 4797 καὶ
750 4743 913 4797 πάλιν
945 4744 1178 4812 ὑπάγεις
1220 4745 1374 4809 ὲκεῖ;
1420 4743 1718 4814 Ἀπεκρίθη
1747 4745 1775 4796 ό

188 4836 417 4906 Ἰησοῦς
441 4853 454 4864 ·
485 4838 620 4906 Οὐχὶ
651 4835 858 4890 δώδεκα
885 4831 1025 4907 ὧραί
1064 4837 1169 4890 είσι
1221 4835 1321 4906 τῆς
1355 4836 1602 4906 ήμέρας;
1649 4836 1775 4889 Ἐάν

127 4929 146 4956 ⁵
176 4945 276 4992 τις
297 4933 577 4999 περιπατῇ
609 4931 666 4981 ὲν
690 4932 754 5000 τῇ
787 4929 974 5000 ἡμέρα
1003 4929 1063 4981 ού
1097 4929 1452 5000 προσκόπτει,
1473 4929 1555 4981 ὅτι
1577 4927 1638 4980 τὸ
1661 4927 1775 4997 φῶς

187 5022 286 5073 τοῦ
305 5022 512 5091 κόσμου
551 5021 746 5075 τούτου
792 5022 1001 5092 βλέπει.
1047 5023 1173 5076 Ἐάν
1207 5022 1264 5075 δέ
1291 5039 1372 5085 τις
1406 5024 1683 5092 περιπατῇ
1706 5023 1771 5092 τῇ

190 5116 348 5166 νυκτὶ
373 5113 731 5184 προσκόπτει,
771 5115 851 5168 ότι
899 5115 959 5182 τρ
994 5113 1109 5184 φῶς
1151 5115 1250 5168 οὐκ
1288 5116 1432 5168 ἔστιν
1467 5116 1523 5167 έν
1545 5113 1713 5184 αὑτῷ·
1749 5133 1768 5166 ³

275 5310 290 5329 ὐ
320 5294 474 5350 Jo.iu.
511 5312 599 5359 xv,
637 5295 725 5348 15.

1881 4567 2007 4612 rant
2032 4558 2168 4628 quid
2197 4560 2273 4614 rei
2307 4569 2588 4628 ageretur.
2617 4556 2775 4612 Haud
2800 4558 3007 4626 quippe
3042 4559 3269 4612 moleste
3300 4558 3458 4610 tulis-

1882 4658 2035 4706 sent:
2059 4650 2490 4720 haudquaquam
2514 4650 2650 4703 tales
2677 4656 3038 4719 usurpassent
3057 4663 3240 4712 voces,
3258 4649 3456 4715 quibus

1883 4743 2158 4798 imbellem
2189 4743 2432 4796 animum
2459 4743 2945 4812 edeminatumque
2967 4739 3341 4796 ostenderent.
3376 4739 3456 4792 Ad

1885 4835 2000 4889 haec
2031 4851 2185 4898 vero,
2223 4835 2327 4888 lide
2381 4833 2625 4888 nondum
2679 4834 2860 4897 ﬁrma,
2911 4849 3022 4888 non
3077 4832 3351 4886 immerito
3387 4834 3459 4884 ti-

1883 4935 2165 4982 nmcrunt.
2223 4923 2382 4981 Unde
2426 4925 2530 4979 sibi
2584 4941 2827 4994 congrue
2869 4926 3199 4981 videbantur
3229 4926 3456 4981 dicere:

1887 5038 1906 5071 ι
1944 5016 2102 5072 Nunc
2135 5017 2458 5088 quaerebant
2519 5026 2570 5070 te
2598 5015 2769 5070 Judaei
2831 5017 3115 5086 lapidare,
3163 5024 3218 5070 et
3261 5017 3457 5070 iterum

1887 5111 2046 5165 vadis
2100 5109 2275 5164 illuc?
2326 5106 2637 5178 Respondit
2690 5106 2898 5163 .lesus:
2940 5105 3134 5162 Nonne
3164 5107 3456 5163 duodecim

1522 5441 1912 5498 COMDEFISH
1943 5441 2176 5497 NOTJE.

268 5594 377 5664 (i2)
409 5593 646 5662 Caipltas
678 5600 851 5646 autem
883 5588 1100 5664 insania
1156 5583 1404 5664 ferretur.
1439 5581 1767 5664 Μανησόμετ

211 5650 306 5719 νον.
357 5650 675 5718 Proximum
727 5672 809 5715 est
842 5659 917 5728 τῷ
963 5650 1392 5728 μαντησόμενον,
1450 5667 1560 5730 quq
1623 5650 1765 5730 haud

207 5737 358 5800 flnbie
408 5745 604 5786 auctor
665 5723 902 5800 respetii
935 5723 1370 5800 z'Afuitquea'et-e
1401 5731 1458 5800 ut
1512 5723 1578 5774 ab
1647 5723 1768 5800 ipso

203 5793 288 5858 illa
354 5805 638 5876 prepbetia
696 5793 862 5873 μανία
885 5807 935 5855 et
977 5793 1130 5852 furor
1169 5797 1390 5866 quidem
1445 5793 1766 5861 impotentis

1876 5583 1945 5635 ab
1978 5581 2181 5635 invidia
2224 5581 2418 5654 _auin_ti
2448 5598 2462 5644 ;
2504 5577 2787 5654 prophetia
2814 5582 3062 5654 tantum!
3091 5583 3148 5626 ut
3179 5589 3209 5654 a
3244 5569 3461 5654 Spiritu

1878 5661 2094 5716 sancto,
2134 5662 2191 5705 ut
2223 5651 2338 5720 ipse
2372 5644 2620 5707 Joannes
2653 5646 2972 5703 insinuavit.
3012 5644 3226 5713 Deperit
3257 5645 3312 5698 in
3341 5659 3461 5697 ver-

1877 5725 2033 5776 sione
2067 5725 2154 5778 ille
2197 5724 2368 5790 lepos.
