3840 6312
137 391 253 459 ειιε

1245 392 1329 453 ΙΝ
1359 393 1722 454 LAZARUM
1760 391 2409 465 QUATRIDUANUM.

3336 396 3441 460 968
3481 454 3488 456 _

141 521 342 557 στατα
372 501 436 555 τὸ
473 505 706 574 πρᾶγμα
731 503 934 576 δηλοῖὸ
962 501 1213 579 Χριστὸς,
1243 504 1336 558 καί
1374 523 1395 557 ‹
1437 507 1577 578 Φησι
1612 509 1747 579 παῤ-

1863 506 1994 561 tatis
2029 505 2324 574 velamine,
2357 520 2474 562 rem
2510 505 2771 563 Christus
2798 507 2946 564 clare
2997 508 3194 578 aperit,
3223 517 3322 566 ett
3354 512 3445 567 Ait

143 595 336 666 ρησίᾳ
355 611 372 625 ·
400 593 650 663 Λάζαρος
681 593 978 648 ἀπέθανεν.
1009 577 1030 646 ί
1060 593 1248 658 Οὕτως
1265 577 1573 667 ὴγνόουνντδ
1598 577 1756 668 λεγο-

144 703 332 759 μενον
354 703 369 715 ·
403 688 499 738 καὶ
529 686 768 756 τοσούτῳ
806 687 990 752 πλέον,
1013 687 1124 759 ὅσῳ
1158 690 1250 742 καὶ
1283 689 1757 761 παρηλλαγμένως

139 779 251 851 τὴν
295 778 698 850 ἀνθυποφορὰν
731 780 1010 834 ἐποιοῦντο
1057 781 1151 834 τοῦ
1199 781 1380 849 λόγου.
1433 783 1596 836 Μάλα
1626 784 1758 852 γοῦν

141 869 516 938 εὐπρεπῶςό
540 871 744 941 Κύριος
775 871 1126 942 θριαμϐεύων
1155 871 1217 926 τὸ
1236 874 1486 944 πρᾶγμα,
1511 875 1756 944 παρευθὺ

140 963 460 1034 ἐπιφέρει·
517 983 537 1016 ι
585 965 838 1031 Λάζαρος
892 965 1188 1019 ἀπέθανεν.
1239 986 1258 1016 ο
1331 965 1546 1019 Ὠσανεὶ
1597 966 1757 1022 τοῦτο

139 1057 339 1124 λέγων
358 1072 376 1088 ο
421 1056 621 1118 Γνῶτε,
644 1057 810 1128 φησι,
843 1057 931 1121 διὰ
959 1057 1061 1127 τῆς
1100 1057 1415 1126 ἐκφάνσεως
1442 1058 1502 1112 τὸ
1529 1060 1754 1130 γενησό-

144 1163 366 1217 μενον·
401 1166 422 1197 ι
463 1147 775 1216 Πορεύομαλι
801 1147 908 1216 γὰρ
938 1148 1023 1200 ἵνα
1058 1147 1331 1212 ἐξυπνίσω
1356 1149 1539 1203 αὐτόν.
1585 1168 1604 1200 ι
1644 1150 1757 1203 Καὶ

143 1237 326 1288 τοῦτο
370 1235 778 1305 ἁφιλοκόμπως
801 1253 814 1265 ·
856 1237 916 1288 οὐ
956 1236 1064 1307 γὰρ
1089 1237 1560 1309 φιλοτιμούμενος,
1590 1239 1664 1301 ὡς
1692 1240 1758 1294 ἄν

141 1344 235 1387 τις
275 1325 450 1393 φαίη,
481 1323 606 1376 οὔτε
639 1323 965 1393 ἀδυναμίας.
997 1326 1029 1394 ἢ
1063 1325 1288 1393 ἀγνοίας
1320 1309 1759 1397 ἀποφαινόμενος

145 1421 399 1487 ῥήματα
421 1432 436 1447 °
472 1414 588 1468 ἀλλ’
613 1415 750 1484 ὁμοῦ
772 1417 966 1482 πάντα,
998 1417 1060 1468 τὸ
1088 1417 1275 1487 σοφὸν,
1305 1419 1399 1472 καὶ
1423 1437 1760 1490 προγνωστι-

145 1508 279 1567 κὸν,
328 1508 431 1558 καὶ
471 1506 699 1558 δυνατὸν
749 1507 1083 1574 ὑποφαίνων,
1131 1507 1168 1561 ἃ
1216 1511 1310 1562 καὶ
1351 1511 1564 1582 προσῆν
1610 1514 1759 1584 αὐτῷ

146 1599 310 1652 κατὰ
337 1599 528 1668 φύσιν.
571 1598 664 1662 Ὠς
703 1598 812 1669 γὰρ
856 1600 955 1671 ήδη
986 1602 1272 1671 παρόντων
1309 1603 1417 1657 τῶν
1460 1605 1755 1676 ἐσομένων,

149 1691 450 1762 προύλεγε
480 1689 581 1754 τὰς
612 1690 891 1756 ἐκϐάσεις.

241 1889 264 1921 ι
302 1871 562 1942 Λάζαρος
591 1871 831 1925 ἀπέθανε
852 1887 864 1900 ·
914 1873 1010 1926 καὶ
1041 1875 1218 1947 χαίρω
1244 1876 1312 1930 δι’
1347 1879 1525 1950 ὑμᾶς,
1557 1881 1637 1935 ὅτι
1660 1882 1759 1936 οὐκ

158 1962 321 2032 ἥμην
362 1963 486 2014 ἐκεῖ
509 1977 522 1989 ·
556 1961 675 2016 ἀλλ’
707 1964 932 2033 ἄγωμεν
967 1965 1104 2036 πρὸς
1141 1967 1324 2021 αὐτόν.
1364 1987 1383 2020 ο
1425 1971 1608 2042 Ὁρᾷς,
1643 1974 1759 2039 πῶς

165 2053 470 2125 μετριάζει
511 2056 592 2125 τῷ
630 2056 806 2128 λόγῳς
847 2059 942 2111 καὶ
990 2062 1056 2129 τῇ
1101 2061 1238 2114 κατὰ
1290 2063 1456 2133 μέρος
1499 2067 1759 2136 ἐκφάνσει

162 2147 262 2200 τοῦ
291 2149 660 2218 προκειμένου
698 2148 902 2203 σκοποῦ
923 2192 937 2215 ,
963 2151 1066 2223 τὴν
1103 2153 1281 2223 ὁρμὴν
1331 2155 1591 2210 ἐπιτείνει
1624 2161 1758 2229 πρὸς

161 2239 265 2309 τὴν
303 2240 400 2292 τοῦ
448 2240 728 2308 θαύματος
763 2241 1024 2308 ἔνδειξινς
1057 2243 1129 2296 Οὐ
1174 2244 1284 2314 γὰρ
1318 2247 1652 2317 παρέζευξεν
1683 2249 1759 2314 ὡς

163 2331 224 2382 ἐν
250 2329 352 2400 τῷ,
384 2333 755 2399 κεκοίμηται,
785 2332 1087 2396 κάνταῦθα,
1118 2352 1136 2384 ι
1167 2335 1480 2405 Πορεύομαι
1505 2338 1594 2390 ἵνα
1621 2339 1758 2391 ἁνα-

167 2426 361 2495 στήσω
386 2425 551 2476 αὐτόν
576 2439 589 2454 ·
631 2442 650 2474 ι
684 2423 818 2477 ἀλλὰ
865 2428 1169 2494 σιωπήσας,
1198 2446 1216 2477 ι
1252 2429 1468 2499 Χαίρω,
1506 2433 1661 2500 φησὶ,
1691 2431 1758 2484 δι’

173 2519 341 2586 Epig,
381 2518 470 2570 ἵνα
493 2515 847 2586 πιστεύσητε,
873 2517 959 2570 ὅτι
986 2519 1084 2570 οὐκ
1123 2515 1192 2590 ἦν
1219 2521 1351 2572 ἐκεῖ.
1390 2541 1409 2573 ι
1448 2522 1523 2574 Οὐ
1551 2525 1662 2593 γὰρ
1693 2524 1759 2578 ἂν

169 2611 446 2677 παρόντος
478 2608 615 2676 ἐμοῦ
641 2609 803 2678 τυχὸν
841 2609 982 2662 κατά
1020 2609 1080 2662 τὸ
1125 2611 1466 2682 ἀνθρώπινον
1493 2613 1757 2702 δηλονότι,

169 2703 470 2771 κατίσχυεν
493 2702 522 2753 ὁ
554 2701 786 2764 θάνατος
807 2716 820 2727 ·
865 2717 884 2750 ι
933 2699 1071 2753 Ἀλλ’
1101 2701 1322 2772 ἄγωμεν
1354 2703 1490 2775 πρὸς
1513 2706 1696 2761 αὐτόν.
1733 2699 1753 2758 ὁ

167 2793 332 2852 Τίνος
353 2793 574 2856 ἓνεκενς
617 2791 735 2847 ἰνα
772 2791 1101 2860 πιστεύσητε
1127 2793 1222 2845 καὶ
1245 2796 1472 2863 νεκροὺς
1498 2795 1758 2849 δύνασθαί

169 2904 236 2956 με
269 2885 617 2948 δεσποτικῶς
642 2885 886 2955 ἁνιστᾷν.
919 2902 937 2935 ι
979 2884 1229 2954 Λάζαρος
1259 2887 1547 2942 ἀπέθανεν.
1575 2907 1594 2939 ι
1632 2889 1758 2942 Ὅτε

170 2979 272 3048 μὲν
327 2977 557 3047 ἀσαφῶς
597 2974 989 3044 κεκοιμῆσθαι
1036 2975 1329 3046 προῦλεγε,
1375 2977 1563 3030 τοῦτον
1608 2980 1760 3048 φίλον

167 3071 382 3134 ἐκάλει,
417 3067 729 3131 συσκιάζων
754 3070 818 3139 τῇ
845 3067 940 3121 τοῦ
985 3068 1140 3136 φίλου
1175 3069 1522 3141 προσηγορίᾳ
1548 3069 1640 3122 τὸν
1667 3069 1761 3130 θά-

167 3179 372 3216 νατονο
409 3162 498 3214 ὅτε
540 3162 600 3216 δὲ
642 3159 926 3231 παρρησία
969 3158 1229 3213 τεθνᾶναί
1261 3176 1432 3230 φησιν
1480 3161 1665 3228 αὑτὸν,
1697 3162 1758 3215 τὸ

169 3259 358 3325 φίλος
387 3256 680 3326 ἀποσιωπᾷ
704 3269 716 3280 ·
743 3253 820 3324 τῷ
848 3255 922 3324 μὴ
951 3254 1274 3324 νομισθῆναι
1310 3255 1630 3325 περιπαθῶς
1658 3256 1756 3308 αὺ-

173 3347 270 3402 τοῦ
299 3347 678 3417 περιέχεσθαι.
713 3348 788 3400 οὐ
821 3347 930 3415 γὰρ
961 3347 1272 3416 οἰκονομίας
1300 3346 1481 3417 μόνον,
1507 3347 1644 3402 and:
1667 3350 1761 3403 καὶ

175 3441 464 3503 αὑθεντίας
503 3439 728 3505 ἔνδειξις
769 3434 838 3510 ἦν
858 3455 872 3468 ·
923 3440 1022 3508 τῆς
1051 3440 1151 3510 μὲν
1179 3440 1250 3494 τὰ
1283 3439 1602 3510 ἀνθρώπινα
1624 3481 1639 3506 ,
1665 3442 1761 3495 καὶ

176 3537 276 3590 ὅσα
303 3535 402 3602 τῆς
437 3533 674 3602 φυσικῆς
693 3531 978 3594 ἀσθενείας
994 3531 1072 3601 τῷ
1089 3531 1292 3602 προσλή
1303 3549 1478 3601 μματι
1501 3550 1732 3604 παραχω
1744 3564 1762 3576 -

183 3627 381 3698 ρούσης
401 3643 413 3656 ’
443 3626 544 3694 τῆς
564 3625 618 3677 δέ
641 3625 708 3677 τὰ
739 3623 877 3683 θεῖα,
906 3625 999 3676 καὶ
1037 3625 1138 3678 ὅσα
1171 3625 1271 3694 τῆς
1295 3626 1486 3695 θεῖκῆς
1509 3627 1760 3691 ἐξουσίας

180 3713 254 3783 τῷ
271 3712 664 3782 προσλήμματι
687 3708 1126 3780 περικοπτούσης
1147 3710 1244 3763 ³⁶.ι
1267 3712 1458 3780 Χαίρω
1471 3710 1582 3772 οὖν,
1604 3715 1756 3780 φησι,

181 3807 245 3860 δι’
285 3807 452 3875 ὑμᾶς,
502 3804 590 3856 ἵνα
653 3802 1026 3870 πιστεύσητε,
1070 3801 1152 3855 ὅτι
1207 3803 1307 3856 οὐκ
1363 3805 1512 3874 ήμην
1561 3808 1695 3859 ἐκεῖ.
1735 3823 1754 3856 ι

183 3897 404 3960 Βλέπεις
441 3894 718 3965 πανταχοῦ
746 3895 842 3965 τὴν
867 3895 1055 3948 πίστιν
1079 3895 1262 3958 αὐτοῖς
1281 3897 1720 3966 κατασπείροντα
1741 3913 1756 3962 ;

185 3991 267 4061 Τῷ
304 3989 380 4061 μὴ
423 3989 574 4053 δόξαι
619 3989 758 4058 τάχα
786 3986 1176 4057 προσποιητῶς
1216 3987 1619 4057 ἐσχηματίσθαι
1666 3990 1758 4041 τὸν

113 4117 115 4120 -
185 4081 426 4135 θάνατον.
475 4081 633 4132 Ἤτοι
679 4079 753 4149 μὴ
794 4077 976 4131 δοῦναι
1009 4080 1193 4148 χώραν
1235 4079 1393 4148 τυχὸν
1435 4079 1512 4149 τῷ
1544 4079 1756 4149 θανάτῳ

187 4169 561 4245 περιγενέσθαι
606 4169 716 4222 τοῦ·
767 4169 1020 4240 φίλου,ἥ
1064 4168 1316 4232 ἐξελάσαι
1365 4170 1467 4240 τὴν
1510 4171 1685 4233 νόσον,
1721 4171 1753 4242 ἢ

185 4262 494 4336 ἀναρρῶσαι
533 4261 626 4314 τὸν
689 4261 960 4329 κείμενον.
1036 4257 1218 4311 Ταῦτα
1265 4258 1374 4328 γὰρ
1424 4260 1490 4312 ἂν
1531 4261 1752 4330 συνέϐη,

187 4358 325 4427 φησι,
359 4354 628 4423 παρόντος
659 4351 814 4422 ἐμοῦ.

253 4441 770 4514 ’Δνθρωπινώτερον
800 4443 857 4494 δέ
910 4459 1028 4503 πως
1089 4435 1228 4493 εἶναι
1268 4441 1417 4493 δοκεῖ
1455 4440 1534 4503 τὸ,
1576 4458 1594 4492 ι
1638 4441 1754 4494 υύκ

1861 595 2153 651 manifeste
2191 616 2204 651 :
2236 595 2482 653 Lazarus
2516 608 2772 653 mortuus
2797 605 2904 654 est.
2947 618 2966 650 ›
3010 601 3085 653 lta
3113 603 3268 676 quod
3289 603 3444 658 dice-

1859 685 2024 741 batur
2047 688 2368 743 nesciebant
2403 706 2418 743 :
2448 704 2511 745 ac
2563 705 2630 744 eo
2655 691 2915 760 amplius,
2963 707 3076 761 quo
3138 695 3303 747 etiam
3346 695 3444 749 ah-

1859 793 1999 832 sone
2032 794 2094 832 ac
2118 785 2407 849 peregrine
2462 797 2561 852 per
2589 783 2963 852 ohjectionem
2991 789 3266 842 sermonis
3294 791 3444 844 exci-

1857 869 2106 938 piebant.
2168 871 2476 926 Admodum
2534 889 2666 944 ergo
2719 890 2964 946 congrue
3017 893 3129 931 rem
3183 880 3441 937 Christus

1861 962 2158 1017 traducens
2181 962 2618 1022 infert.dicens:
2651 984 2668 1018 ι
2698 965 2944 1023 Lazarus
2979 980 3234 1025 mortuus
3272 981 3376 1026 est.
3410 991 3430 1025 ι

1859 1051 2030 1118 Quasi
2061 1052 2214 1107 dicat
2249 1069 2264 1108 :
2299 1053 2532 1120 Scitote,
2573 1057 2865 1125 inquit,ex
2900 1059 3356 1129 interpretatione
3383 1073 3440 1118 et

1859 1142 2110 1198 doctrina
2173 1145 2318 1215 quod
2357 1153 2443 1200 est
2498 1146 2744 1200 futurum
2795 1167 2810 1203 :
2851 1168 2868 1198 ι
2899 1147 3054 1204 Vado
3108 1153 3254 1205 enim
3316 1161 3437 1207 uta

1860 1249 2058 1288 somno
2096 1235 2333 1288 excitem
2393 1251 2546 1290 eum.
2589 1255 2608 1286 ι
2643 1236 2706 1302 Ει
2784 1237 2889 1293 hoc
2917 1240 3038 1298 siue
3078 1241 3347 1310 jactautia
3384 1251 3438 1296 et

1859 1322 2003 1378 t‘astu
2036 1342 2050 1389 ;
2091 1340 2200 1378 non
2232 1325 2377 1380 enim
2441 1328 2712 1396 glorians,
2758 1337 2817 1382 ut
2852 1331 2923 1382 ita
2986 1331 3191 1397 dicam,
3227 1349 3292 1386 ac
3332 1336 3437 1389 sibi

1862 1416 2107 1484 placens,
2165 1432 2346 1486 neque
2428 1418 2766 1488 impotentiae
2837 1423 3005 1475 verba
3061 1423 3282 1480 Ιονιιιιις
3344 1437 3440 1481 aut

1862 1509 2223 1578 ignorantiae;
2252 1509 2346 1562 sed
2382 1509 2436 1562 in
2503 1511 2766 1564 omnibus
2807 1512 2972 1566 simul
3005 1522 3061 1567 et
3110 1517 3437 1582 sapientiam

1859 1609 1912 1655 et
1934 1601 2334 1669 praescientiam
2356 1609 2406 1654 et
2424 1603 2725 1670 potentiam
2775 1605 3096 1667 ostendens,
3124 1622 3246 1675 quae
3273 1611 3439 1662 etiam

1863 1708 1962 1762 per
1997 1701 2251 1746 naturam
2284 1692 2360 1746 illi
2420 1694 2674 1747 aderant.
2714 1693 2878 1749 Velut
2909 1695 3096 1750 futura
3146 1702 3436 1767 praesentia

1856 1785 1968 1852 jam
1993 1792 2198 1848 essent,
2231 1793 2465 1839 eventus
2499 1785 2854 1853 praedicebat.

1938 1895 1956 1923 σ
1996 1875 2238 1929 Lazarus
2299 1886 2560 1930 mortuus
2583 1885 2667 1930 est
2703 1896 2716 1931 :
2745 1885 2799 1930 et
2830 1877 3044 1946 gaudeo
3078 1888 3305 1950 propter
3337 1897 3438 1936 vos

1861 1969 2119 2036 quoniam
2157 1987 2266 2024 non
2298 1984 2447 2023 eram
2472 1969 2546 2022 ibi
2594 1969 2726 2023 :sed
2759 1984 2953 2025 eamus
3007 1971 3072 2024 ad
3097 1988 3241 2026 eum.
3289 1992 3308 2024 ι
3348 1973 3441 2026 Vi-

1861 2061 1959 2116 des
1987 2070 2046 2114 ut
2081 2061 2330 2116 modeste
2389 2061 2671 2130 loquatur,
2734 2076 2798 2113 ac
2830 2061 3146 2130 particulari
3212 2065 3440 2132 exposi-

1861 2160 2014 2213 tione
2040 2159 2308 2230 propositi
2357 2155 2510 2222 ﬁnis,
2536 2156 2602 2209 ad
2640 2155 2890 2208 miraculi
2919 2155 3312 2210 exhibitionem
3345 2157 3443 2208 de-

1861 2249 2127 2305 siderium
2187 2249 2570 2303 vehementius
2629 2245 2924 2301 intendat?
2972 2244 3090 2298 Non
3117 2247 3262 2300 enim
3296 2249 3439 2302 sicut

1861 2355 1984 2392 cum
2022 2339 2116 2401 ait,
2175 2339 2436 2403 dormire,
2476 2339 2551 2390 ita
2590 2339 2695 2391 hoc
2736 2339 2860 2391 loco
2885 2337 3137 2403 adjuuxit
3171 2357 3184 2391 :
3223 2356 3241 2389 ι
3281 2337 3440 2393 Vado

1864 2439 1922 2482 ut
1952 2429 2188 2484 excitem
2251 2445 2376 2484 eum
2417 2451 2430 2483 :
2488 2441 2507 2473 ι
2535 2428 2629 2484 sed
2661 2444 2727 2482 eo
2777 2444 3098 2498 suppresso,
3132 2448 3150 2480 ι
3191 2427 3440 2492 Gaudeo,

1863 2518 2061 2588 inquit,
2133 2526 2358 2588 propter
2400 2532 2495 2572 vos
2530 2557 2544 2582 ,
2603 2524 2661 2570 ut
2727 2517 2968 2571 credatis
3021 2517 3280 2585 quoniam
3330 2533 3440 2572 non

1860 2624 2012 2664 eram
2053 2609 2152 2663 ibi.
2199 2629 2218 2661 ι
2258 2609 2466 2664 Forsan
2509 2608 2654 2663 enim
2699 2623 2785 2662 me
2834 2619 3122 2676 praesente,
3151 2623 3261 2677 qua
3291 2610 3442 2662 scili-

1861 2709 1947 2757 cet
1977 2717 2099 2757 sum
2145 2701 2333 2764 homo,
2396 2715 2546 2753 mors
2611 2713 2723 2752 non
2787 2700 3214 2766 praevaluisset:
3277 2718 3295 2749 ι
3335 2699 3440 2754 Sed

1861 2809 2050 2848 eamus
2079 2793 2144 2848 ad
2177 2809 2322 2848 eum.
2363 2811 2381 2843 ι
2420 2791 2607 2857 Quare
2636 2791 2659 2844 ἲ
2697 2791 2765 2846 Ut
2793 2791 3059 2854 credatis,
3093 2790 3240 2860 quod
3273 2792 3440 2845 etiam

1861 2895 2110 2939 mortuos
2147 2899 2247 2953 pro
2283 2883 2552 2937 arbitratu
2588 2895 2641 2938 et
2676 2897 2738 2937 ex
2769 2882 2998 2951 imperio
3042 2883 3286 2936 excitare
3319 2898 3443 2951 pos~

1861 2975 1988 3030 sim.
2027 2993 2046 3025 ι
2081 2973 2323 3027 Lazarus
2375 2981 2628 3026 mortuus
2658 2979 2765 3026 est.
2807 2989 2826 3022 ι
2861 2971 2996 3024 Cum
3057 2972 3280 3039 quidem
3330 2971 3443 3024 ob-

1861 3065 2087 3122 scurius
2109 3065 2343 3118 dormire
2366 3063 2704 3133 prmdiceret,
2733 3061 2970 3114 amicum
3007 3061 3156 3115 illum
3190 3062 3440 3115 vocabat:

1861 3171 1986 3210 cum
2019 3164 2202 3209 autem
2227 3155 2304 3207 ait
2332 3151 2622 3207 manifeste
2647 3161 2948 3214 mortuum,
3006 3158 3152 3228 tacet
3189 3167 3308 3206 eam
3345 3167 3442 3205 vo-

1859 3264 1980 3303 cem
2018 3266 2031 3301 :
2065 3255 2126 3300 ut
2162 3263 2232 3301 ne
2296 3254 2609 3316 putaretur,
2670 3243 3072 3298 vehementiori
3130 3243 3327 3298 all'ectu
3363 3243 3442 3297 illi

1862 3337 2198 3407 implicatus.
2239 3335 2358 3390 Non
2382 3337 2528 3391 enim
2559 3335 2673 3390 sola
2705 3333 3166 3403 dispensatio(l3)
3199 3343 3316 3388 erat
3346 3349 3446 3388 ex-

1864 3427 2126 3488 hibenda,
2167 3425 2262 3480 sed
2306 3433 2361 3479 et
2395 3425 2698 3479 auctoritas
2736 3442 2749 3478 :
2785 3424 2876 3477 illa
2926 3423 3197 3494 quidqttid
3255 3411 3447 3476 hum’a-

1862 3533 1993 3572 num
2026 3526 2109 3572 est
2149 3516 2487 3571 inﬁrmitatis
2527 3515 2882 3586 permittente
2908 3515 3086 3579 carui,
3133 3516 3235 3570 ista
3265 3513 3442 3570 eidem

1862 3611 2137 3664 tribuente
2165 3609 2354 3662 divina
2381 3617 2436 3663 et
2464 3608 2744 3678 quidquid
2775 3620 2859 3662 est
2885 3610 3187 3677 potestatis
3213 3609 3439 3662 divinae.

1865 3719 1886 3752 ι
1923 3699 2172 3762 Gaudeo,
2236 3701 2425 3768 itaque
2471 3699 2670 3767 inquit,
2715 3708 2940 3768 propter
2973 3713 3094 3764 vos,
3133 3709 3192 3753 ut
3234 3699 3438 3754 creda-

1859 3791 1949 3856 tis,
1983 3791 2245 3859 quouiam
2286 3804 2395 3843 non
2437 3805 2587 3844 eram
2625 3790 2722 3843 ibi.
2765 3809 2783 3841 ι
2840 3787 3029 3854 Vides,
3069 3798 3127 3842 ut
3156 3790 3358 3853 ubique
3387 3790 3441 3844 iu

1859 3884 1940 3937 eis
1965 3880 2088 3934 ﬁdei
2117 3881 2287 3949 iaciat
2321 3881 2569 3934 semina?
2592 3879 2662 3934 Ut
2692 3895 2759 3932 ne
2791 3878 2936 3934 forte
2984 3897 3133 3936 mors
3163 3882 3444 3936 videretur

1857 3973 2111 4027 simulate
2136 3970 2388 4025 conﬁcta.
2425 3967 2502 4024 Ne
2547 3969 2762 4023 scilicet
2789 3968 2975 4025 forsan
3032 3986 3140 4026 non
3173 3971 3328 4026 daret
3360 3973 3443 4026 lo-

1859 4077 1984 4117 cum
2021 4061 2182 4116 morti
2238 4059 2555 4114 utamicum
2615 4059 2962 4115 incesseret:
2998 4070 3091 4115 aut
3143 4063 3441 4130 expelleret

1860 4156 2116 4210 morbum
2151 4172 2162 4206 :
2201 4163 2294 4208 aut
2319 4153 2614 4220 pristinum
2655 4151 2822 4206 robur
2876 4153 3086 4221 jacenti
3139 4165 3436 4208 assereret.

1861 4247 2063 4317 Utique
2085 4248 2252 4304 enim.
2281 4246 2480 4316 inquit,
2508 4258 2594 4298 me
2625 4251 2897 4314 praesente
2929 4243 3043 4298 haec
3080 4244 3437 4300 accidissent.

1791 1850 1834 1905 Β

1921 4381 2102 4484 Ῥοιτο
2127 4427 2342 4482 videtur
2367 4425 2503 4480 illud
2537 4443 2550 4478 :
2587 4443 2606 4476 ι
2642 4421 2762 4478 Νοη
2787 4437 2934 4478 eram
2969 4422 3072 4489 ibi,
3107 4422 3202 4478 sed
3252 4437 3440 4478 eamus

185 4541 319 4612 ἥμην
350 4513 492 4602 ἐκεῖ,
521 4535 638 4590 ἀλλ’
667 4537 890 4604 ἄγωμεν
926 4534 1062 4606 πρὸς
1092 4533 1275 4588 αὐτόν.
1308 4552 1326 4585 ι
1371 4533 1524 4585 Κατὰ
1552 4533 1661 4604 γὰρ
1693 4533 1754 4586 τὸ

1863 4523 1927 4576 ad
1961 4537 2081 4578 eum
2110 4539 2124 4581 ;
2163 4540 2181 4572 ι
2226 4519 2392 4589 paulo
2424 4516 2686 4571 humilius
2714 4523 2768 4570 et
2801 4513 3102 4570 secundum
3138 4515 3437 4572 hominem.

186 4631 530 4700 φαινόμενον,
548 4628 609 4680 οὐ
639 4646 712 4681 πα
722 4629 842 4699 ρῆν.
867 4628 1038 4698 Σῶμα
1063 4626 1174 4696 γὰρ
1187 4624 1248 4678 τὸ
1269 4625 1428 4696 τριχῆ
1443 4625 1752 4691 διαστατον,

189 4725 234 4776 ἐν
265 4721 583 4792 περιγραφῇ
617 4719 830 4788 πέφυκε
851 4760 866 4782 ,
904 4719 1000 4771 καὶ
1031 4719 1130 4788 τὴν
1171 4719 1251 4780 είς
1292 4718 1460 4770 τόπον
1479 4719 1556 4769 -ἐκ
1587 4717 1754 4770 τόπου

195 4814 484 4886 μετάϐασιν
500 4812 734 4881 δέχεται.
763 4811 934 4864 Τοῦτο
959 4811 1069 4882 γὰρ
1099 4811 1261 4881 φύσις
1281 4809 1449 4881 αὐτῷ·
1470 4809 1573 4864 κᾶν
1589 4811 1753 4881 ὅτιτῇ

197 4901 322 4966 πρὸς
343 4899 403 4952 τὸ
425 4899 580 4952 Θεῖον
606 4896 798 4952 ἐνώσει
823 4899 884 4951 τὺ
904 4898 1184 4968 ὑπερφυὲς
1215 4897 1642 4968 κατεπλούτησε,
1661 4896 1762 4965 τῆς

200 4992 420 5060 φυσικῆς
445 4989 729 5045 ἀπώλεσεν
752 4989 904 5043 οὐδὲν
941 4990 1222 5059 ἰδιότητος.
1256 4989 1417 5043 Κατὰ
1436 4989 1493 5042 δέ
1520 4989 1583 5042 τὸ
1607 4988 1761 5042 νοού-

204 5101 375 5154 μενον,
414 5084 500 5148 τίς
549 5083 721 5136 αὑτοῦ
781 5081 1062 5145 παντελῶς
1110 5080 1500 5136 ἀπολέλειπται
1554 5080 1758 5146 τόπος;

1857 4613 2012 4679 Quod
2065 4612 2214 4665 enim
2243 4620 2362 4665 erat
2418 4609 2594 4663 oculis
2651 4607 2988 4676 subjectum,
3054 4621 3294 4674 praesens
3329 4620 3438 4660 non

1856 4717 1995 4762 erat.
2027 4704 2244 4773 Corpus
2292 4703 2440 4758 enim
2483 4700 2772 4771 lripliciter
2825 4697 3105 4753 divisibile
3147 4705 3201 4752 et
3229 4697 3438 4750 disten-

1865 4806 2006 4863 tum,
2039 4795 2523 4862 circumscriptum
2556 4798 2660 4856 est,
2697 4791 3047 4860 suscipitque
3084 4799 3196 4844 uta
3236 4790 3354 4842 loco
3382 4787 3436 4842 in

1866 4893 2050 4946 locum
2097 4887 2316 4954 migret.
2351 4883 2477 4938 Haec
2503 4884 2649 4938 enim
2696 4883 2776 4937 illi
2809 4891 3008 4936 natura
3049 4889 3156 4945 est,
3187 4888 3246 4934 ut
3271 4881 3436 4934 etiam

1864 4983 2070 5038 unione
2099 4979 2166 5034 ad
2210 4977 2404 5043 Deum,
2434 4976 2579 5048 quod
2633 4984 2885 5030 naturam
2909 4981 3135 5044 superat
3157 4973 3316 5027 diviti
3341 4985 3437 5025 ac-

1864 5073 2118 5130 cessione
2177 5069 2460 5140 adeptum.
2498 5059 2638 5121 nihil
2693 5066 2816 5136 ejus
2867 5064 3120 5120 amiserit
3147 5062 3294 5134 quod
3325 5062 3374 5116 ei
3405 5076 3437 5114 a

1447 5251 1686 5309 VARM‘Z
1709 5248 2116 5308 LECTIONES.

266 5427 304 5459 “
333 5425 494 5480 Forte
527 5421 814 5491 περιποιού
824 5437 944 5491 σης.

1495 5500 1879 5562 ΟΟΜΒΕΕΊΞΙΙ
1912 5502 2143 5561 NOTAE.

270 5613 370 5678 (l3)
403 5611 521 5665 Non
541 5612 678 5664 enim
707 5604 1219 5678 antaddispensatio.
1277 5600 1476 5678 Posset
1498 5599 1657 5678 reddi
1673 5601 1764 5678 ᾔρ-

223 5669 456 5742 carnalia,
486 5679 789 5747 οἰκονομία.
827 5669 1311 5742 νι)κ”ιιιεοιοκὶςθ,
1360 5671 1522 5740 cujus
1545 5669 1760 5793 siqvid-

223 5751 342 5793 min
365 5747 569 5793 Cra-ein
603 5747 948 5793 mnnlissima
1021 5760 1082 5793 ea
1115 5741 1412 5793 silmilicat.
1443 5755 1565 5793 (tum
1667 5753 1758 5792 er-

222 5751 342 5804 ratio
365 5741 569 5804 Graecis
603 5741 948 5816 amplissima
1021 5760 1082 5798 ea
1102 5741 1412 5819 signiﬁcat,
1443 5755 1565 5810 quae
1620 5741 1758 5819 Ven-

223 5819 276 5874 bo
322 5836 382 5876 cx
443 5821 644 5875 unione
694 5823 1046 5873 accesserunt
1102 5816 1342 5868 huutana
1379 5829 1391 5864 :
1435 5825 1610 5881 eaque
1675 5816 1752 5862 ait

1855 5609 2050 5654 auctor
2078 5613 2188 5653 non
2233 5605 2445 5652 tantum
2476 5595 2644 5650 fuisse
2679 5589 3008 5650 exhibenda,
3041 5601 3231 5642 verum
3266 5595 3434 5642 etiam

1851 5685 1974 5738 qua:
2004 5671 2183 5738 ipsum
2222 5666 2466 5721 Verbum
2525 5663 2679 5720 carni
2717 5662 2916 5716 tribuit
2942 5659 3154 5738 divina,
3183 5666 3242 5738 ut
3268 5661 3436 5712 nimi-

1850 5729 1969 5793 rum
2012 5729 2153 5792 idem
2178 5745 2475 5806 utrumque
2527 5742 2946 5806 agnosceretur,
2976 5731 3197 5806 Deusct
3229 5729 3430 5794 homo;

1845 5824 1971 5880 qua:
2003 5818 2088 5864 est
2124 5809 2264 5862 tanti
2297 5800 2629 5863 sacramenti
2660 5805 2946 5861 confessio
2973 5800 3256 5854 absoluta.
