3840 6312
253 384 256 386 η
349 335 456 400 967

1508 336 1572 395 S.
1603 335 1928 394 ANDRE£
1968 333 2394 394 CRETENSIS

3519 320 3612 382 953

353 460 549 507 natura
598 450 879 521 proprium
932 457 1037 505 est.
1102 449 1259 516 Quod
1300 457 1481 504 autem
1542 451 1608 504 ad
1637 451 1688 504 id
1721 456 1933 519 spectat

2063 472 2068 521 ι
2105 451 2253 511 ποῖος
2283 447 2383 499 οὔκ
2418 443 2530 514 ἔχει
2564 442 2724 505 τόπος
2745 440 2945 505 αὔτόν;
2984 440 3151 511 ῆτίνι
3177 435 3488 510 χωρητικός
3517 438 3625 488 ἐστι

353 542 496 614 quod
526 543 807 596 intellectu
846 541 1178 610 percipitur,
1211 541 1340 610 quis
1387 542 1544 596 locus
1589 541 1817 594 omnino
1852 541 1940 594 cui

353 637 446 692 ille
472 633 660 690 desit?
684 642 778 687 aut
821 633 1002 702 qualis
1033 648 1157 686 eum
1193 648 1304 688 non
1339 634 1508 688 habet
1540 633 1738 688 locus?
1768 649 1945 703 quove

354 728 480 781 loco
522 723 645 794 capi
681 722 908 793 potest?
945 741 964 774 ι
1005 721 1234 777 Gaudeo
1273 724 1443 794 igitur
1487 732 1708 793 propter
1736 740 1855 786 vos,
1890 733 1947 777 ιιι

355 817 619 880 credatis,
683 815 944 885 quoniam
1003 832 1114 870 non
1174 831 1323 870 eram
1372 815 1470 870 ibi.
1507 836 1525 868 ι
1581 815 1723 882 Quid
1755 814 1946 870 dicis?

354 908 474 963 Non
539 923 664 963 eras
687 908 784 971 ibi,
813 907 906 977 qui
951 907 1156 976 ubique
1203 908 1354 970 ades,
1385 916 1440 961 et
1493 907 1691 975 imples
1759 907 1946 960 onmia

356 1001 608 1056 deitate?
646 1001 770 1054 Non
807 1015 933 1054 eras
970 1000 1082 1052 ibi?
1132 998 1385 1064 Maxime,
1417 1000 1620 1068 inquit,
1647 1013 1802 1053 eram
1840 1015 1853 1050 :
1891 1005 1948 1051 at

360 1110 468 1146 non
503 1092 650 1163 quod
675 1100 890 1162 spectat
914 1091 979 1146 ad
1006 1107 1234 1161 corpus,
1272 1092 1366 1146 scd
1402 1089 1553 1160 quod
1587 1089 1655 1145 ad
1690 1089 1948 1160 majesta-

359 1186 432 1240 tis
465 1187 665 1240 divinae
698 1185 951 1253 gloriam.
989 1201 1008 1234 ι
1051 1181 1156 1237 Sed
1181 1199 1373 1237 eamus
1399 1183 1468 1236 ad
1494 1199 1676 1238 eum.»
1709 1181 1948 1249 Tempus

359 1289 442 1332 est
477 1287 536 1332 ut
571 1277 899 1346 impleamus
926 1277 1075 1344 leges
1107 1275 1364 1330 amicitia:
1397 1291 1409 1328 :
1437 1283 1655 1344 tempus
1685 1281 1744 1328 ut
1772 1272 1950 1327 domi-

2041 542 2226 610 tom'p;
2276 557 2294 589 ι
2346 538 2539 608 Χαίρω
2590 535 2764 588 τοίνυν
2808 533 2876 586 δι’
2919 533 3086 600 ὑμᾶς,
3138 533 3228 584 ἴνα
3289 528 3621 596 πιστεύσητε,

2041 633 2123 686 ὅτι
2156 633 2254 684 οὔκ
2278 632 2428 702 ἥμην
2451 630 2590 682 ἐκεῖ.
2637 646 2655 678 ι
2695 627 2760 679 Τί
2790 626 3007 694 λέγειςς
3032 625 3148 678 Οὔκ
3172 620 3243 695 ἧς
3278 623 3419 684 ἐκεῖ,
3448 621 3476 671 ὁ
3502 637 3626 672 παν-

2043 722 2212 793 ταχοῦ
2257 721 2471 793 παρὼν,
2515 725 2609 774 καὶ
2645 721 2715 774 τὰ
2769 719 2950 773 πάντα
3001 717 3228 788 πληρῶν
3271 717 3346 785 τῇ
3397 713 3626 782 Ostiam;

2048 816 2164 870 Οὔκ
2203 811 2271 885 ἧς
2318 816 2467 880 ὲκεῖ;
2502 813 2631 878 Ναὶ,
2683 814 2838 883 φησι,
2879 813 3050 882 ήμην.
3117 808 3264 861 Ἀλλ’
3311 806 3380 859 οὔ
3418 805 3553 857 κατά
3581 807 3621 856 τε

2047 908 2226 977 σῶμα,
2258 897 2398 960 καξᾶ
2418 904 2474 958 δὲ
2503 903 2565 958 τὸ
2599 903 2778 956 eam
2799 903 2899 971 τῆς
2930 901 3087 972 δόξης
3118 895 3376 970 ἀξίωμα.
3421 915 3441 947 ι
3492 897 3634 950 Ἀλλά

2043 999 2268 1066 ἄγωμεν
2303 997 2440 1067 πρὸς
2489 995 2674 1049 αὐτόν.
2712 1014 2731 1046 ι
2779 995 2988 1064 Καιρός
3053 996 3171 1046 ἐστι
3231 989 3538 1060 πληρῶσαι
3579 989 3636 1040 τὰ

2047 1091 2224 1158 θεσμά
2249 1093 2348 1160 τῆς
2385 1091 2604 1162 φιλίας’
2645 1089 2837 1162 καιρὸς
2871 1089 3042 1156 δεῖξαι
3081 1089 3182 1160 τὴν
3231 1085 3539 1142 αὐθεντίαν
3558 1084 3634 1138 τοῦ

2047 1184 2313 1255 κράτουςο
2364 1182 2556 1253 καιρὸς
2597 1183 2831 1250 πεδῆσαι
2871 1180 3013 1250 λόγῳ
3050 1179 3143 1232 τὸν
3191 1179 3467 1240 θάνατον,
3508 1178 3636 1245 φωνῇ

2044 1274 2104 1328 δὲ
2134 1275 2292 1328 λῦσαι
2316 1263 2411 1327 cbo
2445 1273 2740 1336 τεθνεῶτος
2766 1271 2836 1325 τά
2863 1273 3177 1342 σπάργανα.

361 1370 437 1423 nii
473 1370 868 1438 auctoritatem
931 1368 1277 1438 probemus:
1331 1375 1553 1438 tempus
1608 1377 1668 1422 ut
1725 1375 1954 1420 mortem
1993 1381 2253 1424 sermone
2281 1367 2728 1438 compediamus,
2757 1375 2928 1436 utque
2956 1381 3088 1421 voce
3145 1363 3412 1420 defuncti
3479 1363 3638 1417 solva-

360 1480 481 1518 mus
523 1465 750 1518 fascias.

440 1573 457 1604 ι
496 1554 641 1607 Dixit
682 1569 813 1621 ergo
869 1552 1252 1623 Thomas,qui
1301 1553 1504 1608 dicitur
1567 1553 1856 1626 Didymus,
1889 1553 1957 1609 ad

361 1645 772 1714 condiscipulos
797 1644 1035 1699 :Eamus
1053 1653 1104 1698 et
1123 1660 1245 1708 nos,
1269 1654 1325 1698 ut
1350 1646 1656 1701 moriamur
1671 1663 1796 1702 cum
1822 1663 1910 1702 eo.
1935 1666 1954 1699 ο

363 1738 622 1808 Prompta
682 1752 810 1799 vox,
847 1751 912 1792 ac
941 1737 1081 1792 duos
1135 1736 1402 1806 quosdam
1435 1739 1670 1794 aﬂ'ectus
1712 1747 1841 1793 nata
1875 1737 1954 1793 si-

365 1830 650 1900 gniﬁcare,
707 1839 822 1882 tum
877 1829 1140 1882 nimi-rum
1199 1843 1487 1884 accensam
1549 1831 1664 1886 vim
1721 1830 1955 1893 amoris,

2137 1573 2155 1605 ι
2195 1550 2364 1607 Εἶπεν
2393 1549 2487 1609 οὖν
2518 1553 2724 1622 Θωμᾶς
2754 1554 2783 1606 ὁ
2812 1551 3106 1621 λεγόμενος
3139 1551 3386 1620 Δίδυμος
3415 1552 3528 1614 τοῖς
3551 1571 3646 1621 μα-

2058 1645 2249 1716 θηταῖς
2272 1662 2284 1673 ’
2331 1646 2592 1715 ’Ἄγωμεν
2627 1644 2724 1698 καὶ
2772 1645 2967 1714 ἡμεῖς,
2997 1643 3084 1695 ἵνα
3131 1643 3514 1712 ἀποθάνωμεν
3539 1645 3641 1711 μετ’

2055 1736 2245 1793 αὑτοῦ.
2285 1756 2303 1789 ι
2337 1737 2622 1809 Πρόθυμος
2649 1740 2683 1808 ἡ
2709 1736 2880 1808 φωνὴ,
2915 1736 3009 1789 καὶ
3037 1735 3131 1788 δύο
3149 1734 3319 1788 τινῶν
3349 1736 3644 1805 ὲνδεικτικὴ

2011 1869 2029 1884 .
2053 1827 2348 1881 διαθέσεων
2373 1844 2386 1856 °
2425 1827 2694 1898 διαπύρου
2734 1843 2794 1880 τε
2833 1827 3082 1896 φίλτρου,
3122 1826 3219 1880 άτε
3260 1826 3368 1879 καὶ
3408 1829 3538 1888 τοὺς
3565 1827 3643 1880 ἀ)-

365 1922 513 1976 velut
547 1935 668 1990 quae
708 1920 873 1972 etiam
931 1920 1093 1982 alios,
1155 1928 1214 1973 ut
1241 1934 1408 1974 cursu
1480 1921 1702 1975 concito
1733 1921 1802 1974 ad
1838 1935 1954 1974 mo—

2063 1919 2185 1982 λους
2211 1919 2306 1973 ἐπὶ
2331 1920 2422 1973 τὸν
2452 1921 2549 1973 σὺν
2579 1919 2656 1990 τῷ
2687 1919 2993 1989 διδασκάλῳ
3023 1918 3260 1973 θάνατον
3287 1923 3506 1991 χωρεῖν
3527 1937 3644 1988 προ-

365 2013 616 2068 riendum
671 2025 796 2065 cum
856 2011 1128 2080 magistro
1198 2024 1589 2082 pr0perarent,
1637 2012 1952 2066 excitaret:

367 2115 480 2158 tum
510 2103 728 2157 mollem
762 2101 1032 2170 ignaviam
1065 2117 1130 2156 ac
1166 2101 1540 2156 edeminatum
1571 2102 1851 2167 timorem,
1887 2111 1947 2157 ut

339 2197 652 2267 quodnon
684 2195 866 2248 adhuc
929 2193 1254 2250 imminebat
1332 2194 1694 2264 coniectaret.
1751 2194 1957 2250 Verum

369 2289 534 2352 absit,
565 2296 624 2342 ut
654 2287 747 2357 qui
773 2302 873 2340 sua
911 2300 1012 2341 nos
1068 2285 1395 2342 inﬁdelitate
1448 2285 1571 2341 fidei
1616 2285 1958 2342 carbonibus

368 2381 586 2434 duravit
607 2377 1103 2449 lirmavitqueﬂi),
1122 2377 1192 2432 ad
1209 2385 1416 2432 tantam
1435 2379 1786 2434 timiditatem
1805 2380 1961 2450 igna-

370 2474 621 2542 viamque
647 2471 952 2526 devenerit.
984 2471 1186 2528 Demus
1210 2485 1344 2541 ergo
1375 2469 1566 2536 fuisse,
1593 2487 1704 2526 non
1727 2472 1960 2541 ignaviae

369 2564 556 2630 verba,
591 2563 686 2617 sed
713 2562 1004 2617 audentiae.
1060 2559 1169 2614 Par
1235 2562 1384 2617 enim
1419 2570 1531 2626 est,
1570 2563 1813 2617 excitato
1848 2561 1962 2616 fcr-

371 2668 504 2707 vore
549 2651 1011 2721 propensiorique
1041 2649 1238 2705 aﬂectu
1292 2651 1566 2706 contortis
1619 2650 1956 2715 visceribus,

370 2745 594 2815 dignum
627 2741 836 2811 aliquid
867 2755 967 2796 sua
1004 2740 1096 2794 illa
1125 2741 1507 2795 benevolentia
1539 2739 1596 2794 in
1630 2741 1957 2810 magistrum

373 2835 637 2894 sensisse.
669 2833 830 2896 Nam,
863 2833 1179 2905 inquit,qui
1211 2833 1280 2886 ab
1312 2848 1378 2887 eo
1409 2833 1697 2902 signorum
1725 2833 1956 2901 gratiam

374 2930 709 2998 accepimus,
765 2940 874 2996 qua
930 2925 1304 2995 prtecellimus
1359 2925 1590 2990 multos,
1653 2925 1784 2994 quid
1845 2939 1956 2978 non

373 3020 727 3076 debuerimus
779 3017 944 3082 ferre,
988 3017 1033 3072 si
1069 3025 1455 3087 properantem
1521 3016 1588 3070 ad
1646 3015 1958 3086 passionem

375 3107 835 3166 deseruerimus?
871 3107 1032 3174 Eum,
1071 3109 1325 3178 inquam,
1354 3105 1449 3176 qui
1479 3105 1546 3160 ad
1596 3113 1807 3161 tantum
1859 3121 1961 3161 nos

375 3202 563 3271 gloria:
585 3200 837 3269 provexit
869 3199 1420 3267 apicem.ulmontes
1470 3197 1636 3251 etiam
1683 3196 1960 3266 possimus

2058 2011 2334 2084 τροπάδην
2373 2012 2734 2065 διανιστῶσα·
2783 2011 2988 2076 δειλίας
3033 2028 3092 2064 τε
3142 2011 3460 2082 ἀνάνδρου,
3493 2012 3566 2075 ὡς
3591 2011 3643 2064 τὸ

2061 2107 2231 2177 μήπω
2272 2105 2448 2177 παρὸν
2496 2103 2960 2169 ὔποτοπάςεσθαι.
3015 2104 3157 2157 Ἀλλ’
3183 2105 3310 2160 οὐκ-
3338 2105 3411 2158 ἂν
3443 2105 3525 2166 εἰς
3562 2120 3641 2156 το.

2062 2196 2251 2252 σοῦτον
2277 2195 2570 2268 ἀνανδρίας
2601 2196 2803 2267 ἤλασεν
2823 2236 2838 2260 ,
2863 2195 3042 2264 ἄπαγε
3059 2237 3072 2255 ,
3103 2198 3132 2249 ό
3156 2195 3246 2249 διὰ
3273 2195 3383 2266 τῆς
3404 2194 3527 2247 κατ’
3549 2194 3636 2246 αὖ·

2060 2289 2153 2342 τὸν
2184 2289 2442 2352 ἀπιστίας
2478 2289 2625 2358 ἡμᾶς
2663 2287 2949 2359 στομώσας
2990 2288 3102 2350 τοῖς
3137 2288 3236 2357 τῆς
3279 2288 3523 2349 πίστεως
3558 2286 3639 2339 ἀνα

2063 2380 2276 2452 θραξιν.
2321 2380 2628 2450 Εὺτολμίας
2659 2379 2784 2443 οὔν,
2831 2379 2932 2432 οὔκ
2978 2378 3270 2450 ἀνανδρίας
3315 2377 3554 2432 δεδόσθω
3579 2376 3638 2428 τά

2063 2474 2304 2543 ῥήματα.
2328 2471 2487 2536 Εἰκὸς
2511 2472 2620 2543 γάρ
2647 2471 2810 2526 αὑτὸν
2840 2470 3182 2534 ἀναζέσαντα
3209 2471 3306 2523 καὶ
3346 2467 3635 2540 περιπαθέ-

2065 2582 2256 2638 στερον
2281 2565 2680 2637 συστραφέντα,
2700 2563 2893 2617 παθεῖν
2913 2580 2964 2614 τι
2989 2563 3090 2632 τῆς
3118 2561 3258 2632 πρὸς
3277 2561 3374 2616 τὸν
3393 2561 3634 2614 διδάσκα-

2061 2659 2154 2712 λον
2208 2657 2422 2720 εὐνοίας
2473 2657 2646 2722 ἄξιον.
2695 2656 2758 2709 Ei
2807 2654 2915 2727 γὰρ
2953 2655 3064 2708 τῶν
3109 2655 3359 2726 σημείων
3406 2655 3509 2725 τὴν
3548 2651 3632 2722 χά-

2065 2769 2175 2822 ριν,
2219 2751 2378 2821 φησὶ,
2414 2750 2512 2802 καὶ
2544 2747 2746 2813 τᾶλλα,
2794 2742 2876 2811 οἷς
2920 2747 3030 2800 τῶν
3050 2747 3260 2801 πολλῶν
3293 2747 3632 2819 διαφέρομεν,

2064 2843 2370 2912 εἰλήφαμεν
2405 2840 2536 2912 παρ’
2578 2839 2768 2903 αὑτοῦ,
2803 2841 2855 2891 τί
2887 2838 2954 2892 ἂν
2987 2839 3316 2910 πεισόμεθα,
3353 2842 3402 2891 εἰ
3433 2835 3631 2909 πρδςτδ

2064 2935 2258 2988 παθεῖν
2309 2933 2664 3004 ἐπειγόμενον
2717 2932 3152 3002 καταλείψαιμεν
3197 2931 3291 2984 τὸν
3355 2931 3440 2994 είς
3490 2927 3631 2982 τοῦτο

2061 3022 2219 3090 δόξης
2253 3023 2400 3092 ἡμᾶς
2431 3023 2794 3090 ἀναγαγόντα,
2821 3021 2897 3085 ὼς
2925 3023 3021 3075 καὶ
3061 3021 3163 3091 ὅρη
3199 3020 3466 3074 δύνασθαι
3492 3017 3628 3091 μεθι-

2065 3117 2220 3187 στᾷν,
2238 3120 2334 3169 καὶ
2352 3115 2387 3170 ἃ
2408 3115 2614 3170 τούτων
2631 3115 2854 3188 μείζονα
2873 3115 3035 3186 δρᾷνς
3057 3114 3270 3169 Οὐκοῦν
3290 3112 3628 3184 συνεψὼμεθα

2063 3204 2138 3265 ὡς
2194 3204 2261 3258 ἂν
2289 3205 2382 3257 καὶ
2427 3205 2695 3276 ζήσαιμεν
2749 3204 2933 3269 ζῶντι,
2972 3206 3067 3257 καὶ
3128 3203 3425 3274 θνήσκοιηι
3461 3219 3627 3256 συντε-

380 3289 703 3352 transl‘erre,
742 3303 806 3342 ac
837 3288 1048 3356 majora
1094 3289 1180 3342 his
1213 3287 1422 3342 facere.
1468 3287 1612 3357 Ergo
1643 3303 1836 3344 eamus
1868 3304 1954 3344 co-

2065 3297 2348 3367 θναὶημεν.
2387 3295 2705 3367 Προθυμίας
2734 3299 2763 3350 ὁ
2799 3297 2990 3365 λόγοςί
3026 3295 3321 3366 εὐτολμίας
3355 3297 3389 3366 ὴ
3419 3293 3623 3364 γνώμηι

380 3380 562 3441 mites,
583 3377 741 3430 utvel
767 3377 1128 3430 convivamus
1155 3377 1380 3440 viventi,
1413 3376 1498 3432 vel
1526 3377 1782 3432 morienti
1813 3394 1965 3432 com-

381 3469 709 3523 moriamur.
771 3466 967 3522 Sermo
995 3468 1198 3529 alacer,
1253 3471 1473 3524 animus
1528 3472 1705 3524 audax
1736 3478 1792 3524 et
1827 3472 1966 3526 bene

384 3561 600 3617 ﬁdens!
646 3580 663 3612 ι
689 3560 894 3616 Eamus
959 3569 1012 3614 et
1042 3575 1165 3623 nos,
1203 3570 1263 3615 ut
1326 3563 1631 3617 moriamur
1656 3579 1779 3618 cum
1814 3579 1902 3618 eo.
1941 3582 1960 3615 ι

382 3652 525 3720 Quid
559 3653 692 3708 ais?
720 3651 840 3707 Non
869 3651 1054 3706 vidisti
1121 3652 1417 3717 traditum,
1476 3660 1530 3707 et
1593 3661 1824 3708 mortem
1864 3668 1964 3707 an-

384 3746 660 3801 nuntias?
696 3745 895 3812 Quaero
947 3759 1185 3800 caenam.
1254 3744 1359 3800 Ubi
1421 3746 1640 3816 pelvis?
1698 3746 1803 3802 Ubi
1838 3760 1968 3801 vero

384 3841 588 3896 cohors
618 3853 746 3894 cum
777 3854 886 3909 qua
945 3837 1220 3908 proditor,
1248 3839 1513 3892 simulato
1562 3839 1724 3894 amici
1750 3839 1964 3903 habitu,

385 3931 690 3988 beneﬁcum
723 3931 1028 3984 traditurus
1062 3930 1278 3985 accedit
1303 3930 1326 3983 ?
1350 3929 1454 3985 Ubi
1483 3946 1615 3985 vero
1657 3931 1852 3996 turbze,
1889 3931 1968 3985 fa-

384 4038 500 4088 ces,
525 4023 695 4092 ligna,
735 4021 930 4092 gladii,
986 4036 1114 4076 cum
1167 4021 1375 4092 quibus
1414 4021 1564 4076 velut
1599 4021 1666 4076 ad
1699 4022 1966 4078 latronem

383 4113 678 4168 exierunt?
708 4112 826 4167 Non
881 4121 966 4168 est
996 4113 1174 4167 adhuc
1221 4113 1497 4179 osculum,
1524 4114 1966 4183 comprehensio,

385 4206 644 4261 adductio
699 4205 768 4259 ad
825 4204 1059 4268 Annam,
1112 4202 1396 4256 damnatio
1477 4204 1624 4273 apud
1681 4204 1968 4274 Caipbam,

386 4296 749 4368 praesentatio
777 4309 877 4364 pro
914 4294 1175 4348 tribunali
1237 4292 1423 4359 Pilati,
1493 4295 1755 4361 ludibria,
1795 4297 1970 4352 cocci-

383 4405 546 4444 neum
585 4387 990 4449 indumentum,
1045 4399 1249 4439 coroita
1305 4386 1518 4455 spinea,
1553 4387 1832 4454 calamus,-
1877 4404 1969 4444 co-

383 4482 553 4550 laphi,
618 4489 800 4548 sputa,
892 4477 1323 4549 ﬂagellationes,
1387 4477 1638 4534 verbera.
1710 4478 1964 4534 Nondum

385 4573 594 4627 Pilatus
657 4571 904 4626 abluitur
930 4584 1093 4640 aqua,
1123 4577 1177 4623 et
1211 4583 1409 4622 cruore
1467 4570 1756 4638 polluitur.
1810 4571 1964 4624 Non-

381 4664 512 4718 dum
543 4671 810 4727 estcrux,
854 4661 1100 4716 nondum
1130 4661 1294 4724 clavi,
1351 4660 1540 4730 aisque
1577 4680 1590 4716 :
1627 4679 1646 4712 ι
1686 4661 1888 4717 Eamus
1908 4673 1966 4717 et

382 4771 505 4819 nos,
543 4762 604 4808 ut
641 4755 944 4808 moriamur
975 4768 1098 4807 cum
1140 4768 1206 4807 eo
1239 4751 1263 4806 l'
1296 4772 1314 4804 ι
1355 4753 1523 4816 Sane,
1549 4752 1746 4822 inquit.
1791 4751 1965 4806 Futu-

383 4861 442 4900 ra
473 4847 630 4914 quasi
660 4845 771 4913 jam
797 4854 1004 4906 essent,
1046 4843 1344 4913 prospicio.
1401 4842 1539 4898 Nam
1599 4844 1737 4905 scio,
1774 4859 1962 4899 resus-

383 4936 577 4992 citabit
640 4935 904 4988 Lazarum
943 4933 1300 4989 :Judzeorum
1364 4935 1628 4990 accendet
1675 4935 1960 5000 invidiam,

381 5044 554 5099 eaque
581 5028 798 5082 interim
829 5026 1082 5082 evenient
1117 5046 1130 5082 :
1167 5047 1184 5079 ι
1217 5027 1419 5083 Eamus
1453 5035 1510 5082 et
1532 5042 1652 5092 nos,
1675 5037 1733 5081 ut
1763 5029 1968 5082 moria-

385 5138 508 5177 mttr
541 5137 667 5176 cum
699 5137 784 5176 eo.
828 5139 847 5172 ι
895 5118 1012 5174 Non
1057 5120 1233 5175 solum
1295 5123 1536 5190 explicat
1565 5121 1696 5189 quid
1724 5121 1842 5191 ipse
1869 5123 1965 5175 ha-

385 5217 509 5271 beat
534 5215 725 5279 animi,
769 5215 863 5269 sed
892 5214 1034 5271 idem
1064 5215 1227 5268 etiam
1262 5215 1316 5267 in
1351 5214 1521 5267 sociis
1551 5223 1834 5283 provocat.

2073 3405 2092 3438 ι
2137 3389 2394 3458 ’Ἄγωμεν
2416 3389 2510 3440 καὶ
2528 3389 2713 3458 ἡμεῖς,
2742 3388 2832 3442 ῖνα
2862 3387 3226 3457 ἀποθάνοιμεν
3259 3391 3379 3457 μετ’
3406 3387 3576 3440 αὐτοῦ.
3603 3405 3619 3436 ι

2067 3478 2134 3532 Τί
2177 3473 2392 3546 λέγειςς
2437 3477 2606 3531 Οὔπω
2663 3479 3049 3550 προδιδόμενον
3108 3474 3274 3544 εἶδες,
3326 3483 3422 3534 καὶ
3467 3482 3625 3533 θανεῖν

2067 3571 2422 3641 ἀπαγγέλλῃ;
2449 3571 2605 3641 Ζητῶ
2636 3573 2696 3625 τὸ
2720 3572 2956 3625 δεῖπνον.
2998 3592 3016 3624 ι
3065 3573 3176 3626 Ποῦ
3200 3575 3228 3627 ὁ
3263 3575 3497 3646 νιπτήρ;
3532 3571 3623 3625 Ποῦ

2067 3662 2125 3715 δὲ
2157 3663 2190 3732 ἡ
2225 3665 2446 3732 σπεῖρα,
2479 3663 2599 3732 μεθ’
2639 3659 2706 3734 ἧς
2747 3665 2776 3716 6
2814 3663 3080 3734 προδότης
3109 3664 3406 3734 ἐπέρχεται
3449 3663 3624 3734 etiam};

2067 3754 2145 3824 τῷ
2172 3757 2520 3826 προσχήματι
2568 3755 2864 3828 προδώσων
2897 3757 2986 3810 τὸν
3029 3758 3362 3829 εὐεργέτην;
3405 3760 3466 3811 Οί
3496 3757 3624 3828 θχλοι

2066 3845 2124 3900 δὲ
2153 3846 2254 3902 ποῦ
2281 3863 2295 3912 ;
2320 3849 2375 3900 αι
2404 3848 2581 3918 δᾷδες,
2622 3849 2692 3900 τά
2722 3847 2877 3912 ξύλα,
2905 3850 2961 3901 αἱ
2995 3849 3290 3920 μάχαιραι,
3324 3848 3442 3918 μεθ’
3471 3843 3540 3901 ὧν
3562 3848 3624 3909 ὡς

2069 3938 2162 3990 ἐπὶ
2177 3937 2380 4010 λῃστὴν
2401 3938 2666 4009 ἑξῄεσαν;
2693 3939 2846 3992 οὔπω
2875 3939 2934 3994 τὺ
2955 3941 3187 4011 φίλημα,
3215 3943 3248 4010 ὴ
3272 3944 3364 3994 ἐπὶ
3393 3940 3622 4008 Καῖάςαι

2071 4031 2420 4102 κατάκρισις,
2454 4033 2487 4100 ἡ
2526 4031 2620 4084 ὲπὶ
2652 4031 2898 4102 βήματος
2929 4032 3164 4085 Πιλάτου
3207 4033 3564 4101 παράστασις,
3583 4029 3626 4079 oi

2069 4123 2398 4192 ὲμπαιγμοὶ,
2430 4122 2490 4175 τὸ
2520 4124 2772 4176 κόκκινον
2805 4123 3033 4194 ἔνδυμα,
3070 4127 3098 4178 ὁ
3126 4124 3416 4186 ἀκάνθινος
3447 4121 3623 4187 στέφα-

2070 4229 2180 4279 νος,
2213 4215 2242 4266 ὁ
2267 4213 2533 4285 κάλαμος,
2578 4215 2646 4269 τὰ
2681 4215 3024 4285 ῥαπίσματα,
3060 4216 3126 4268 τά
3162 4215 3542 4285 ὲμπτῦσματα,
3576 4211 3624 4264 σί

2071 4303 2504 4372 φραγελλὼσεις,
2533 4305 2588 4356 αἱ
2623 4304 2911 4374 μάστιγες.
2945 4302 3112 4356 Οὔπω
3143 4303 3376 4366 Πιλᾶτος
3396 4301 3624 4368 νιπτόμε-

2071 4409 2158 4455 νος
2204 4391 2358 4445 ὔδατι
2385 4393 2478 4445 καὶ
2536 4392 2898 4463 μολυνόμενος
2933 4394 3147 4462 αἵματι.
3189 4391 3361 4446 Οὔπω
3394 4389 3620 4460 σταυρὸς.

2069 4482 2222 4537 οὔπω
2258 4479 2412 4555 ἧλοι·
2457 4486 2554 4538 καὶ
2599 4483 2811 4553 λέγεις,
2861 4503 2880 4534 ι
2911 4486 3169 4554 ’Ἄγωμεν
3213 4485 3310 4538 καὶ
3343 4486 3517 4553 ἡμεῖς,
3552 4482 3620 4532 ἵνα

2071 4575 2427 4645 ἀποθάνωμεν
2471 4575 2586 4645 μετ’
2609 4576 2813 4641 αὐτοῦ;
2855 4595 2874 4626 ι
2909 4575 3042 4641 Ναὶ,
3075 4575 3260 4645 φησίν.
3289 4575 3380 4638 Ὠς
3411 4573 3621 4644 παρόντα

2069 4665 2364 4736 προδλέπω
2403 4666 2471 4718 τὰ
2518 4667 2806 4736 μέλλοντα.
2853 4667 3177 4736 Ἀναστήσει
3219 4667 3350 4736 γάρ,
3381 4659 3513 4727 οῖδα,
3547 4662 3621 4716 τὸν

2071 4760 2358 4831 Λάζαρον·
2408 4761 2604 4830 ἀνάψει
2655 4761 2763 4814 τῶν
2817 4762 3089 4817 Ἰουδαίων
3141 4762 3232 4815 τὸν
3284 4763 3496 4831 φθόνον,
3545 4759 3617 4812 καὶ

2069 4853 2324 4922 τηνικάδε
2355 4852 2528 4906 ταῦτα
2567 4854 2930 4925 συμϐήσεται.
2985 4873 3002 4906 ι
3033 4856 3293 4923 ’Ἄγωμεν
3337 4857 3430 4908 καὶ
3461 4853 3617 4922 ἡμεῖς,

2071 4943 2159 4997 ἴνα
2192 4944 2553 5016 ἀποθάνωμεν
2599 4945 2718 5015 μετ’
2763 4945 2952 5000 αὐτοῦ.
2998 4963 3016 4996 ι
3051 4945 3126 4998 Οὔ
3165 4947 3227 4998 τδ
3257 4945 3452 5000 ἑαυτοῦ
3493 4943 3619 5008 λέγει

2074 5036 2261 5106 μόνον,
2313 5037 2449 5090 ἀλλά
2497 5037 2593 5091 καὶ
2639 5037 2746 5092 τῶν
2787 5036 3067 5106 συννόμων
3114 5036 3380 5108 διεγείρει
3426 5035 3486 5089 τδ
3510 5032 3616 5103 φρά.

2073 5144 2242 5196 νημα.

1704 5304 2092 5364 COMBEFISII
2130 5307 2364 5364 NOTAE.

453 5403 564 5474 (Η)
601 5403 704 5474 ριιὶ
747 5419 843 5456 sua
894 5419 986 5456 nos
1035 5403 1373 5474 infidelitate,
1446 5402 1570 5468 ﬁdei
1630 5401 1948 5474 carbonibus

381 5471 610 5534 duravit,
637 5473 987 5541 ﬁrmauitque.
1021 5471 1336 5543 Στομώσας,
1386 5474 1586 5525 domter
1625 5472 1678 5543 lo
1709 5482 1947 5543 nempe;

381 5552 642 5611 concepta
695 5558 822 5612 vox,
876 5541 1202 5612 egregiaque
1259 5543 1597 5612 metaphora.
1665 5541 1719 5612 Id
1785 5557 1952 5610 porro

383 5609 638 5683 praastitit
705 5609 943 5667 Thomas
972 5609 1243 5683 _s'ua‘illa
1283 5609 1514 5666 accensa
1574 5609 1951 5674 coniessiionc,

387 5681 640 5736 Dominus
673 5697 835 5741 mem,
867 5689 917 5734 et
960 5681 1098 5740 Deus
1141 5695 1300 5735 ancus
1325 5697 1342 5734 :
1371 5697 1433 5734 ex
1479 5695 1584 5746 qua
1618 5687 1811 5734 auctor
1842 5696 1948 5734 non

384 5752 525 5804 male
567 5749 796 5817 colligit,
852 5750 1025 5804 fuisse
1064 5748 1330 5803 Thomam
1379 5749 1538 5802 fortis
1584 5749 1952 5817 audentisqne

384 5817 570 5887 animi.
605 5815 927 5885 Quanquam
961 5819 1106 5873 enint
1141 5819 1220 5872 sic
1267 5819 1410 5886 loqui
1456 5818 1644 5886 gratiae
1678 5817 1812 5871 fuit-
1855 5815 1947 5872 illa

2057 5415 2266 5467 tamen,
2330 5403 2457 5473 quia
2529 5403 2736 5465 suavis,
2791 5410 3182 5473 consentance»
3227 5397 3610 5473 natura,__icre

2063 5469 2618 5544 itnpriniit,'agitqtte,
2661 5474 2814 5526 illum
2871 5473 3035 5544 etiam
3100 5471 3343 5523 animum
3402 5469 3607 5544 subinde

2062 5541 2306 5599 ostendit
2369 5541 2434 5598 ad
2497 5541 2774 5598 extremas
2823 5542 2975 5596 orbis
3023 5549 3229 5610 partes,
3287 5549 3344 5594 et
3404 5541 3607 5593 maxime

2063 5614 2330 5669 barbaras
2361 5615 2510 5667 illata
2555 5612 2896 5682 praedicatio,
2933 5620 2990 5664 ut
3031 5612 3118 5682 vix,
3165 5611 3460 5678 quisquam
3504 5623 3607 5682 apo-

2061 5684 2241 5807 ztolus
2299 5685 2508 5753 majora
2556 5679 2658 5752 pro
2703 5682 2904 5736 dilecto
2972 5681 3206 5736 Domino
3260 5686 3490 5750 gessisse
3549 5679 3606 5729 ri-

2101 5761 2280 5807 eatur.

2101 5761 2280 5808 eatur.

3795 1063 3797 1092 ¹

3796 1171 3797 1222 ι

3796 1225 3797 1296 l

3796 1327 3797 1404 ί

3795 3023 3797 3074 ι

3796 3275 3797 3314 l

3795 3337 3797 3390 1
