3840 6312
157 297 234 364 331
1228 299 1310 358 IN
1334 299 1698 360 LAZARUM
1739 298 2397 370 QUATRIDUANUM-

3291 303 3398 366 982

162 405 232 458 καὶ
270 399 566 468 ἐπιγνῶσιν
593 401 651 455 ὃν
671 402 731 455 ἐν
752 401 830 475 τῷ
865 405 1023 476 τάφῳ
1081 403 1459 458 κατέκλεισαν.
1494 422 1512 454 ι
1537 403 1710 473 Δεῦρο

1829 402 1927 457 rint
1967 404 2073 474 ipsi
2121 420 2333 474 pannos
2376 403 2830 477 circumpositos,
2870 409 3236 482 noverintque
3268 426 3394 469 eum

169 497 251 561 ἔξω.
264 513 280 545 ι
296 492 580 566 Ζωὼθητι,
596 495 688 548 καὶ
703 494 1008 568 ψυχὼθητι,
1028 497 1123 550 καὶ
1143 497 1453 570 βηματίσας
1469 497 1566 568 τῆς
1578 496 1710 570 λάρ-

166 603 285 649 taxo;
345 585 509 653 ἔξιθι.
560 587 782 652 Δίδαξον
840 590 960 654 πῶς
989 591 1047 644 ἐν
1067 591 1198 662 ῥιπῇ
1259 593 1367 644 πᾶν
1401 589 1460 644 τὸ
1483 590 1709 662 πλάσμα

161 676 406 751 ψυχοῦται,
469 677 570 750 τὴν
633 681 821 752 κοινὴν
877 681 986 735 τῶν
1045 681 1258 754 νεκρῶν
1285 683 1588 737 ἀνάστασιν
1612 685 1710 753 τῆς

157 769 307 838 φωνῆς
338 769 715 842 ἀποτελούσης
747 773 848 842 τῆς
871 773 1195 842 σάλπιγγος.
1230 773 1432 846 «Δεῦρο
1459 773 1620 839 ἔξω.»
1643 775 1710 827 Ἦ

156 863 260 932 πνοὴ
293 865 350 915 ἐν
386 862 536 934 ῥισίν
566 879 582 894 ο
605 865 661 917 αί
691 864 889 933 φλέϐες
923 867 1156 936 αἵματος
1181 867 1406 938 πλήρεις
1437 884 1449 896 ·
1485 869 1518 938 ή
1558 866 1712 937 φωνὴ

153 957 221 1010 ἐπὶ
263 955 588 1028 φάρυγγος·
650 960 709 1012 ἐν
755 959 893 1012 ὠσὶν
946 962 975 1014 ὁ
1024 960 1180 1029 λόγος
1216 977 1231 993 ο
1297 962 1354 1014 ἐν
1410 961 1713 1033 ὀφθαλμοῖς

149 1053 192 1105 τὸ
245 1053 380 1122 όρᾷν
413 1068 430 1082 ο
469 1051 564 1104 ἐπὶ
593 1051 780 1123 χώρας
803 1054 836 1121 ἡ
893 1053 1162 1124 ὄσφρησις
1201 1069 1217 1085 ο
1267 1055 1301 1125 ή
1331 1054 1541 1125 βάδισις
1572 1055 1714 1110 κατά

148 1144 284 1214 φύσιν
321 1161 335 1173 ·
371 1146 467 1197 καὶ
495 1145 602 1198 πᾶν
635 1145 696 1197 τὸ
727 1146 926 1215 σκῆνος
956 1145 1283 1217 ἐμψυχωθέν
1331 1147 1712 1218 ἐξωργάνωτο.

150 1235 339 1306 «Δεῦρο
369 1236 493 1300 ἔξω.
526 1255 545 1287 ι
574 1236 808 1290 Ἀπόθου
837 1239 902 1291 τά
929 1239 1244 1308 σπάργανα,
1267 1239 1360 1293 καὶ
1392 1241 1619 1310 ἀνύμνει
1646 1242 1713 1295 τὰ

149 1330 401 1399 ῡπύματω
425 1329 632 1382 ἀπόθου
657 1331 753 1401 τῆς
777 1331 1044 1395 δυσωδίας
1066 1332 1164 1403 τὴν
1190 1333 1407 1404 ἀηδίαν,
1427 1335 1523 1387 καὶ
1547 1351 1717 1404 προσ·

148 1422 278 1474 κύνει
296 1424 393 1489 τῆς
416 1423 670 1489 ἐξουσίας
687 1423 784 1495 τὴν
803 1425 1111 1480 αὑθεντίαν.
1129 1425 1278 1496 Ἐγώ
1302 1444 1384 1480 σοι
1409 1429 1712 1493 ἐπιτάσσω,

153 1514 347 1584 «Δεῦρο
376 1514 534 1581 ἔξω.»
568 1516 597 1568 ό
633 1515 824 1582 εἰπὼν,
859 1535 877 1568 ι
903 1518 1196 1589 Γενηθήτω
1251 1518 1387 1589 φῶς,
1425 1519 1716 1592 Γενηθήτω

149 1606 441 1677 στερέωμα.
460 1627 478 1660 ι
516 1607 658 1676 Ἐγώ
692 1625 774 1662 σοι
797 1611 1274 1682 παρακελεύομαι,
1309 1631 1327 1662 ι
1351 1613 1524 1682 Δεῦρο
1549 1613 1670 1678 ἔξω.
1690 1633 1707 1664 ι

150 1698 250 1750 Ἶνα
281 1699 398 1772 ἴδῃς
416 1717 483 1770 με
504 1700 608 1753 ὑπὸ
627 1700 875 1771 μαθητοῦ
899 1703 1308 1774 προδιδόμενον,
1331 1705 1417 1758 καὶ
1435 1706 1714 1770 Ἰουδαίοις

1810 511 1972 567 quem
2003 496 2055 550 in
2096 498 2307 552 tumulo
2336 497 2674 553 clauserant.
2716 516 2734 550 ι
2778 496 2911 554 Veni
2941 497 3113 558 foras.
3158 521 3177 554 ι
3214 501 3397 558 Viviti—

1811 603 1964 652 care,
2015 590 2265 645 animare
2305 607 2317 643 :
2353 605 2418 644 ac
2493 589 2752 660 gradiens
2799 589 2886 644 cxi
2950 589 3176 648 feretro.
3251 592 3399 651 Doce

1813 680 2093 752 quomodo
2127 680 2446 752 figmentum
2476 688 2646 735 totum
2667 681 2722 734 in
2745 681 2857 735 ictu
2887 681 3032 736 oculi
3064 682 3400 741 sitaniman-

1813 773 1965 838 dum,
1997 787 2350 830 communem
2397 782 2738 830 mortuorum
2777 776 3239 832 resurrectionem
3267 793 3400 834 con-

1816 865 2034 922 ﬁciente
2068 881 2204 923 voce
2255 868 2420 922 tubae.
2475 886 2494 919 ι
2538 865 2670 921 Veni
2706 867 2876 921 foras.
2905 887 2924 918 ι
2964 868 3060 924 Est
3088 867 3318 939 spiritus
3345 871 3399 926 in

1815 957 2078 1023 naribus;
2121 973 2274 1014 venae
2322 958 2493 1028 plenae
2523 967 2652 1014 sunt
2683 957 2986 1030 sanguine;
3024 975 3132 1014 vox
3175 960 3234 1015 in
3273 969 3399 1033 gut-

1818 1055 1965 1110 ture.
1998 1048 2053 1102 in
2079 1049 2309 1106 auribus
2335 1064 2540 1114 sermo,
2569 1050 2622 1104 in
2658 1050 2838 1107 oculis
2865 1051 3034 1119 visio,
3063 1051 3307 1108 olfactus
3343 1053 3398 1108 in

1816 1141 2255 1210 conceptaculis,
2314 1157 2542 1212 gressus
2601 1142 2908 1197 secundum
2965 1153 3220 1200 naturam
3264 1161 3280 1202 :
3319 1153 3402 1200 to-

1817 1238 2046 1302 tumque
2094 1234 2516 1288 tabernaculum
2568 1235 2880 1292 vivificante
2929 1238 3137 1305 anima,
3192 1239 3246 1293 in
3300 1253 3400 1294 sua

1817 1338 2022 1394 organa
2086 1323 2386 1380 formatum
2449 1334 2554 1383 est.
2611 1346 2630 1380 ι
2671 1327 2806 1383 Veni
2871 1327 3043 1386 foras.
3095 1350 3114 1384 ι
3183 1330 3404 1402 Depone

1819 1415 2041 1482 fascias,
2073 1424 2126 1471 et
2162 1419 2395 1474 decanta
2426 1419 2695 1474 miracula
2724 1417 2990 1493 {depone
3040 1423 3406 1480 maleolentize

1818 1507 2234 1572 iusuavitatem,
2266 1519 2320 1566 et
2352 1512 2519 1568 adora
2546 1515 2841 1583 potestatis
2861 1515 3269 1571 auctoritatem.
3293 1515 3405 1588 Ego

1819 1599 1914 1651 tibi
1947 1601 2226 1669 prmcipio,
2257 1622 2274 1654 ι
2316 1601 2450 1659 Veni
2487 1605 2658 1668 foras,
2702 1623 2719 1658 ι
2749 1607 2842 1676 qui
2877 1607 2990 1661 dixi
3019 1627 3032 1662 :
3065 1625 3083 1659 ι
3126 1605 3358 1662 Fiatlux
3387 1625 3403 1671 ;

1819 1688 1941 1744 Fiat
1984 1692 2411 1749 firmamentum.
2450 1714 2469 1747 ι
2511 1697 2618 1768 Ego
2646 1697 2948 1770 tibijnlxeo,
2984 1719 3000 1751 ι
3026 1695 3354 1754 Veniforas.
3381 1717 3400 1752 ι

149 1790 640 1861 ἀπεμπολούμενον,
689 1794 924 1848 Πιλάτου
976 1795 1302 1866 κρινόμενον
1346 1797 1573 1868 βήματι,
1621 1800 1716 1852 καὶ

1829 1780 1891 1836 Ut
1931 1800 2015 1838 me
2040 1802 2068 1840 a
2103 1786 2379 1856 discipulo
2410 1790 2613 1844 videris
2643 1792 2928 1855 traditum,
2958 1802 3012 1846 et
3039 1790 3245 1846 Iudaeis
3272 1807 3405 1847 ven-

150 1884 272 1953 πρδς
304 1885 360 1936 τὸ
381 1885 553 1949 πάθος
597 1887 838 1941 ἐθελοντὶ
879 1888 1255 1958 ἀπαγόμενον.
1279 1890 1401 1944 Ἵνα
1422 1889 1538 1962 ἴδῃς
1584 1892 1719 1944 Ἰου-

149 1975 297 2027 δαίων
326 1975 662 2047 θρασύτητα,
687 1981 755 2031 κά
768 1979 868 2048 μοῦ
889 1979 987 2050 τὴν
1008 1979 1313 2052 πραότητα.
1340 1979 1539 2052 «Δεῦρο
1555 1980 1680 2046 ἔξω.
1696 2002 1714 2035 ι

154 2064 260 2118 Ἷνα
287 2065 398 2138 ἴδῃς
424 2067 562 2136 μετά
579 2067 794 2139 λῃστῶν
824 2087 890 2139 με
909 2069 1337 2141 σταυρούμενον,
1365 2070 1485 2136 ὅξος
1507 2073 1602 2125 καὶ
1630 2089 1721 2144 χο-

154 2156 238 2226 λὴν
256 2158 622 2228 ποτιζόμενον,
652 2163 746 2215 καὶ
768 2161 941 2234 λόγχῃ
956 2163 1058 2233 τὴν
1085 2163 1330 2235 πλευρὰν
1355 2166 1717 2234 τυπτόμενον·

159 2249 234 2303 ἵνα
258 2250 369 2322 ἴδῃς
392 2254 448 2306 ἐν
469 2255 665 2326 ἡμέρᾳ
697 2255 840 2328 μέσῃ
863 2255 924 2308 τὸ
964 2255 1080 2324 φῶς
1137 2259 1595 2328 τυραννούμενον,
1629 2260 1721 2312 καὶ

158 2341 311 2396 νύκτα
358 2342 448 2396 τὸν
483 2345 637 2414 ἥλιον
687 2347 1116 2413 συσκιάζουσαν,
1155 2349 1448 2414 Ἰουδαίους
1473 2350 1720 2423 βλασφη-

161 2432 397 2501 μοῦντας,
424 2437 516 2489 καὶ
568 2437 773 2510 λῃστὴν
802 2440 1180 2509 θεολογοῦντα.
1224 2461 1242 2493 ι
1270 2443 1511 2513 Λάζαρε,
1561 2445 1722 2515 δεῦρο

163 2517 307 2580 ἔξω.)
330 2521 428 2576 Καὶ
455 2524 656 2590 εὐθέως
681 2527 901 2594 ἐξῆλθεν
929 2529 957 2581 ό
977 2530 1276 2602 τεθνηκὼς,
1304 2532 1593 2601 δεδεμένος
1623 2535 1722 2598 τὰς

160 2614 335 2681 χεῖρας
382 2617 466 2668 καὶ
524 2619 868 2686 τοὺς,πόδας
906 2623 1181 2693 κειρίαις,
1215 2625 1311 2677 καὶ
1346 2625 1528 2696 ἡόψις
1556 2626 1720 2680 αὑτοῦ

163 2704 410 2776 σουδαρίῳ
454 2711 814 2782 περιεδέδετο.
873 2731 893 2765 ι
937 2714 1038 2768 Διά
1064 2715 1125 2769 τὸ
1165 2717 1393 2771 ἄπιστον
1435 2718 1543 2772 τῶν
1593 2720 1724 2773 Ἰου-

160 2797 326 2856 δαίων.
359 2803 416 2856 Εἰ
439 2805 547 2876 γὰρ
578 2807 651 2878 μὴ
685 2809 1083 2876 περιέκειτοτά
1110 2812 1379 2881 ἐπιτάφια
1405 2813 1720 2884 σπάργανα,

161 2891 294 2956 εἰκὸς
312 2889 377 2965 ἦν
399 2897 636 2958 ἐκείνους
659 2900 865 2953 εἰπεῖν·
901 2901 976 2954 Ού
1008 2901 1287 2966 τεθνήκει,
1341 2904 1457 2958 ἀλλ’
1493 2907 1552 2958 ἐν
1587 2907 1723 2975 σχή-

163 3001 286 3052 ματι
334 2989 525 3059 νεκροῦ
575 2990 737 3060 δῆθεν
801 2991 1102 3062 ὑπεισῆλθε
1159 2994 1238 3064 τῷ
1297 2997 1566 3068 μνήματι.
1621 2998 1722 3052 Διά

1820 1875 2037 1932 (litum:
2078 1888 2133 1932 ut
2162 1893 2262 1949 pro
2290 1881 2552 1935 tribunali
2587 1881 2749 1936 Pilati
2796 1883 3131 1953 judicatum,
3183 1892 3408 1955 sponte-

1821 1983 1929 2038 que
1960 1969 2027 2023 ad
2067 1970 2384 2039 passionem
2410 1974 2732 2030 abductum.
2757 1972 2828 2029 Ut
2860 1975 3068 2031 videris
3089 1972 3405 2030 Judworum

1821 2060 2081 2116 etfrenem
2146 2064 2438 2119 audaciam
2476 2107 2491 2132 ,
2543 2076 2598 2121 et
2664 2082 2840 2122 meam
2903 2067 3402 2122 mansuetudinem.

1828 2173 1846 2204 ε
1887 2152 2024 2208 Veni
2055 2154 2222 2212 foras.
2268 2178 2286 2210 ι
2323 2155 2392 2213 Ut
2434 2157 2643 2214 videris
2669 2175 2796 2214 cum
2823 2159 3136 2215 latronibus
3186 2158 3406 2214 atlixum

1823 2247 1974 2301 cruci
2013 2265 2027 2302 :
2064 2247 2188 2304 felle
2219 2260 2274 2304 et
2304 2261 2461 2306 aceto
2495 2259 2765 2322 putatum,
2791 2267 2854 2307 ae
2889 2253 3080 2307 lancea
3113 2252 3258 2307 latus
3284 2267 3407 2322 per-

1824 2352 2050 2391 cussum
2089 2356 2102 2393 :
2137 2348 2194 2394 ut
2243 2339 2418 2396 lucem
2457 2342 2662 2396 videris
2713 2342 2820 2396 vim
2875 2341 3107 2397 meridie
3161 2356 3406 2412 passam,

1825 2433 2222 2502 nocturnisque
2278 2434 2451 2490 solem
2523 2433 2762 2490 oliusum
2835 2435 3123 2498 tenebris,
3189 2431 3410 2490 Iudaeos

1824 2524 2294 2594 blasphemantes,
2328 2537 2380 2582 et
2421 2528 2696 2584 latronem
2741 2529 3140 2584 edisserentem
3200 2527 3406 2582 divina.

1831 2638 1849 2670 ι
1882 2618 2104 2683 lazare,
2143 2619 2267 2674 veni
2305 2619 2476 2676 foras.
2515 2619 2580 2673 Et
2612 2621 2800 2676 statim
2838 2621 3046 2691 prodiit
3098 2619 3192 2690 qui
3234 2619 3413 2673 fuerat

1828 2715 2099 2774 mortuus,
2137 2711 2337 2780 ligatus
2373 2727 2571 2767 manus
2624 2711 2842 2767 insti1is
2877 2729 2890 2765 ι
2931 2721 2986 2767 et
3036 2711 3208 2766 facies
3261 2705 3412 2763 illius

1826 2801 2055 2856 sudario
2085 2811 2206 2857 erat
2241 2803 2430 2875 ligata.
2469 2822 2489 2857 ι
2523 2804 2603 2859 0b
2639 2804 3022 2860 infidelitatem
3065 2801 3409 2858 Iudaeorum.

1824 2892 1940 2950 Nisi
1970 2897 2116 2950 enim
2149 2896 2340 2952 fuisset
2389 2897 2681 2954 obvolutus
2739 2897 3141 2968 sepulcralibus
3191 2895 3411 2968 pannis,

1827 2987 2128 3045 verisimile
2165 2998 2249 3045 est
2288 2990 2544 3046 dicturos
2593 3005 2704 3047 non
2751 2990 2925 3048 fuisse
2977 3001 3281 3053 mortuum,
3316 2987 3413 3044 sed

159 3078 307 3132 τοῦτο
328 3083 600 3153 δεδεμένος
627 3086 884 3157 κειρίαις,
909 3087 1001 3140 καὶ
1029 3087 1194 3156 δζων,
1212 3093 1307 3142 καὶ
1338 3091 1722 3164 συγκεκαλυμ-

1829 3081 1975 3152 quod
2008 3083 2278 3138 ementito
2308 3084 2508 3137 mortui
2531 3083 2722 3138 habitu
2751 3083 3147 3154 subingressus
3177 3087 3326 3137 esset
3357 3080 3412 3135 in

161 3170 310 3238 μένος
339 3173 429 3237 τὰς
462 3175 613 3247 ὄψεις
668 3180 764 3232 σὺν
825 3181 938 3242 τοῖς
961 3181 1144 3246 ποσὶν,
1177 3181 1462 3253 ἐξήλλατο,
1493 3184 1578 3239 ἵνα
1615 3203 1725 3257 μη-

155 3259 263 3326 δεὶς
291 3264 534 3338 ἀφορμῆς
556 3269 758 3339 τρόπος
807 3268 957 3342 δοθῇ.

233 3438 624 3526 ιὈξὲἽησοῦς
665 3441 820 3502 εἶπεν
875 3448 1096 3514 αὐτοῖς’
1153 3448 1369 3504 Λύσατε
1422 3452 1584 3507 αὑτῦν
1633 3455 1727 3508 καὶ

157 3528 318 3598 ἀτρετε
353 3534 626 3604 ὑπάγειν.»
663 3540 806 3609 Πρὸς
833 3540 894 3594 τὸ
920 3544 996 3613 μὴ
1020 3541 1168 3614 ἔχειν
1200 3561 1252 3597 τι
1288 3545 1414 3608 τοὺς
1470 3545 1727 3617 ἀγνώμο-

156 3638 253 3686 νας
289 3623 488 3695 λέγειν,
551 3631 750 3697 αὑτοὺς
776 3634 1024 3699 ἐκείνους
1068 3635 1229 3689 λῦσαι
1277 3637 1607 3708 προστάττει
1638 3639 1728 3693 τὸν

153 3712 416 3790 Λάζαρον.
446 3721 659 3777 Ὠσανεὶ
683 3725 880 3795 λέγων’
907 3728 1113 3800 Χερσὶν
1135 3729 1366 3793 οἰκείαις
1388 3730 1544 3800 ὑμεῖς
1566 3731 1729 3785 αὑτὸν

156 3805 369 3875 λύσατε,
395 3813 478 3868 ἶνα
542 3818 822 3890 μάρτυρες
858 3815 954 3891 ἦτε
977 3813 1082 3874 ’τοῦ
1119 3820 1422 3892 θαύματος.
1466 3841 1482 3874 ι
1511 3824 1728 3877 Λύσατε

153 3900 332 3969 αὐτὸν,
357 3907 444 3959 καὶ
469 3908 637 3979 ἄφετε
671 3911 959 3980 ὑπάγειν.»
997 3913 1219 3984 Ἐπειδὴ
1254 3916 1348 3969 τοῦ
1407 3916 1726 3987 ἀναστῆναι,

151 3993 206 4045 τό
237 3995 517 4070 δεδεμένον
540 4001 777 4068 ἐξελθεῖν
804 4005 902 4059 οὑκ
921 4005 1164 4060 ἔλαττον.
1198 4007 1317 4061 Ἵνα
1353 4008 1428 4078 μὴ
1458 4009 1730 4077 φαντασία

149 4101 232 4149 τις
252 4091 472 4164 νομισθῇ
507 4095 566 4146 τὸ
599 4094 944 4165 τελούμενον.
980 4096 1256 4162 «Λύσατε,
1295 4098 1460 4168 φησὶν
1497 4098 1680 4152 αὐτόν.
1705 4116 1722 4148 ι

150 4176 268 4232 Ἵνα
304 4184 393 4236 καὶ
427 4185 547 4256 δψει
573 4187 665 4240 xxi.
693 4189 804 4258 ἀφῇ
838 4189 906 4242 δι’
928 4189 1218 4260 ἀκριϐείας
1242 4191 1484 4260 γνοίητε,
1513 4192 1595 4246 ὅτι
1635 4191 1732 4244 αὑ-

147 4270 237 4336 τὸς
266 4269 350 4346 ἦν.
391 4297 408 4330 ι
428 4281 532 4332 Καὶ
555 4279 722 4349 ἄφετε
765 4281 1018 4350 ὑπάγειν.
1046 4301 1064 4334 ι
1109 4283 1342 4352 Ἰδωμεν
1367 4285 1414 4336 ει
1446 4283 1728 4355 κατισχύει

145 4358 395 4431 θάνατος,
430 4370 502 4440 μὴ
546 4371 900 4444 βουληθέντος
930 4372 1086 4445 ἐμοῦ.
1139 4393 1157 4424 ι
1192 4375 1396 4443 ’Λφετε
1430 4375 1685 4444 ὑπάγειν.
1706 4394 1724 4428 ι

1829 3183 2270 3230 monumentum.
2301 3173 2602 3247 Propterea
2645 3175 2892 3232 exsilivit
2919 3176 3138 3231 vinctus
3181 3174 3414 3236 institis.

1827 3275 1881 3322 ct
1914 3268 2112 3334 fetens,
2162 3267 2412 3340 facieque
2446 3283 2510 3322 ac
2543 3268 2778 3340 pedibus
2819 3267 2983 3325 tectis
3013 3307 3028 3334 ,
3076 3273 3138 3322 ut
3192 3282 3261 3322 ne
3305 3283 3414 3338 qua

1831 3376 2061 3431 prnrsus
2097 3361 2327 3417 daretur
2348 3361 2595 3417 occasio.

1909 3474 1928 3506 ι
1972 3454 2119 3508 Dixit
2149 3463 2335 3510 autem
2371 3455 2452 3509 eis
2481 3452 2646 3510 Jesus
2675 3471 2688 3510 :
2722 3452 2934 3510 Solvite
2967 3468 3118 3521 eum,
3154 3462 3207 3508 et
3252 3452 3417 3507 sinite

1831 3547 2005 3603 abire.
2049 3566 2067 3599 ι
2109 3545 2181 3601 Ut
2229 3563 2297 3603 ne
2336 3545 2473 3618 quid
2537 3546 2766 3616 maligni
2833 3546 3056 3616 possint
3113 3560 3415 3616 opponere,

1826 3637 1980 3708 jubet
2017 3645 2074 3691 ut
2104 3638 2208 3708 ipsi
2238 3639 2456 3693 solvant
2485 3636 2778 3692 Lazarum.
2805 3635 2974 3702 Quasi
2995 3637 3141 3692 dicat
3168 3654 3181 3691 :
3205 3635 3417 3692 Vestris

1834 3731 1939 3802 ipsi
2006 3731 2262 3787 manibus
2325 3732 2558 3795 solvite,
2625 3739 2684 3784 ut
2716 3729 2836 3785 sitis
2904 3737 3073 3786 testes
3139 3729 3416 3785 miraculi.

1838 3842 1856 3875 ι
1899 3823 2106 3878 Solvite
2133 3839 2282 3891 eum,
2313 3832 2367 3878 et
2412 3822 2578 3878 sinite
2617 3821 2793 3878 abire.
2834 3841 2852 3873 ι
2885 3819 3119 3888 Quando
3163 3836 3271 3875 non
3310 3821 3418 3876 mi-

1832 3929 1938 3968 nus
1962 3923 2066 3978 est,
2091 3913 2322 3984 ligatum
2355 3913 2577 3978 exiisse,
2616 3927 2780 3983 quam
2819 3905 3213 3967 resurrexisse.
3253 3909 3322 3966 Ut
3350 3927 3419 3966 ne

1833 4022 1940 4078 qua
1997 4007 2182 4061 illusio
2217 4014 2270 4060 et
2323 4004 2506 4061 inanis
2540 4005 2755 4076 species
2800 4003 3218 4060 existimaretur
3267 4003 3417 4074 quod

1833 4099 1936 4154 fuit
1984 4098 2222 4163 factum,
2264 4117 2283 4150 c
2325 4096 2487 4163 Eum,
2523 4097 2728 4169 inquit,
2765 4095 2982 4152 solvite.
3016 4114 3035 4147 ι
3094 4093 3164 4150 Ut
3202 4103 3256 4149 et
3291 4095 3416 4151 visu

1833 4198 1885 4246 et
1930 4199 2104 4251 tactu,
2159 4197 2316 4246 certo
2371 4205 2496 4246 eum
2545 4188 2720 4244 fuisse
2755 4187 3048 4244 noveritis.
3087 4206 3105 4239 ι
3149 4187 3213 4240 Et
3247 4187 3418 4243 sinite

1833 4282 2008 4337 abire.
2025 4279 2374 4348 nVideamus,
2395 4297 2523 4337 num
2545 4280 2848 4352 quidquam
2864 4294 3012 4336 mors
3027 4279 3317 4351 praavaleat
3331 4295 3419 4334 me

1835 4373 2076 4427 nolente.
2112 4390 2130 4423 ι
2171 4371 2347 4427 Sinite
2397 4373 2571 4427 abire.
2610 4391 2628 4423 ι
2668 4369 2784 4426 Νοιι
2832 4370 2980 4426 enim
3027 4371 3124 4442 qui
3170 4387 3281 4426 non
3341 4371 3417 4425 ita

145 4453 222 4506 οὗ
254 4459 362 4530 γὰρ
384 4461 549 4516 δεῖται
601 4465 949 4534 χειραγωγοῦ
993 4467 1195 4538 νεαραν
1251 4469 1376 4537 ἀρτι
1421 4467 1521 4539 τὴν
1578 4469 1722 4538 ζωὴν

1835 4466 2042 4536 pridem
2076 4473 2378 4535 corruptus
2410 4475 2554 4528 erat,
2606 4464 2770 4520 habet
2801 4480 2939 4534 epus
2981 4464 3142 4530 duce,
3190 4473 3416 4534 accepta

145 4546 380 4619 εἰληχὼς
404 4594 418 4616 ,
442 4557 538 4608 καὶ
592 4555 830 4626 βαδίζειν
859 4554 994 4629 ὀρθά
1027 4558 1318 4629 διδαχθεὶς,
1349 4561 1376 4612 ό
1413 4560 1519 4631 πρὸ
1544 4559 1726 4630 ὀλίγου

153 4638 396 4713 φθαρείς.
426 4647 670 4702 «Λύσατε
694 4651 886 4712 αὑτὸν,
916 4652 1013 4704 καὶ
1042 4652 1210 4720 ἄφετε
1240 4652 1495 4721 ὑπάγειν.
1517 4673 1538 4706 ι
1576 4656 1732 4723 Δεῖγ-

158 4749 250 4799 μα,
279 4739 460 4807 φησιν,
488 4741 731 4809 γενέσθω
758 4745 860 4813 τῆς
885 4743 1076 4814 κοινῆς
1107 4744 1483 4810 ἀναστάσεως,
1510 4746 1600 4798 ὅτε
1629 4746 1730 4814 τῆς

156 4826 356 4898 φθορᾶς
375 4835 453 4898 είς
484 4835 798 4907 ἀφθαρσίαν
876 4837 1188 4911 χωρούσης,
1241 4838 1485 4904 ἅπαντες
1520 4841 1584 4894 ἐκ
1627 4840 1732 4911 γῆς

163 4917 398 4991 χώματος
423 4928 842 4998 ἀναστήσονται.

229 5033 246 5065 ι
267 5016 453 5072 Πολλοὶ
480 5016 575 5073 οὖν
625 5021 874 5086 ἐλθόντες
906 5022 1044 5094 πρὸς
1069 5023 1169 5094 τὴν
1199 5023 1442 5094 Μαρίαν,
1475 5024 1569 5078 καὶ
1603 5023 1728 5077 θεα-

169 5098 715 5181 οάμενοιάἐποίησεν
753 5111 1038 5183 όἸησοῦς,
1102 5114 1436 5168 ἐπίστευσαν
1489 5117 1572 5178 είς
1626 5116 1728 5168 αὖ..

165 5195 265 5253 τόν.
294 5219 312 5252 ι
337 5203 445 5256 Καὶ
493 5205 765 5274 μακάριος
789 5249 804 5270 ,
828 5205 886 5269 ὃς
913 5205 1011 5276 τὴν
1068 5205 1240 5277 καλὴν
1295 5206 1502 5277 ταύτην
1555 5209 1731 5277 ἐμπο-

164 5286 297 5358 βδαν,
354 5293 450 5364 τὴν
499 5296 686 5348 πίστιν
735 5297 1268 5368 ἐπραγματεύσατο’
1318 5297 1377 5362 ὃς
1429 5297 1504 5370 μὴ
1537 5298 1732 5368 ἐξῆλθε

158 5381 255 5455 ’τῆς
303 5387 570 5458 Βηθανίας
617 5389 805 5456 κενὸς,
836 5391 1301 5462 ἀπραγμάτευτος
1328 5407 1342 5422 ⁶
1371 5391 1518 5460 λέγω
1548 5391 1612 5463 δὴ
1633 5392 1733 5462 τῆς

153 5475 402 5548 νηστείας
427 5496 442 5511 ⁸
470 5479 529 5543 ὃς
559 5480 630 5533 τὰ
661 5479 896 5553 λαμπρά
919 5484 1015 5536 καὶ
1039 5481 1196 5554 τίμια
1218 5481 1422 5552 ταύτης
1439 5481 1507 5534 δι’
1531 5483 1736 5551 ἐγκρα-

148 5571 301 5636 ’ξείας
332 5574 426 5626 καὶ
448 5575 686 5643 ἀτυφίας
733 5576 1006 5646 ἐκτήσατο
1025 5593 1038 5606 ·
1068 5576 1127 5640 ὃς
1162 5575 1239 5646 τῷ
1261 5572 1483 5645 Χριστῷ
1520 5574 1736 5626 πιστεύ-

141 5664 258 5728 ἦας
296 5663 503 5730 καλῶς,
556 5668 684 5730 τοὺς
729 5666 933 5730 καλοὺς
991 5667 1340 5738 μαργαρίτας
1394 5664 1503 5718 τῶν
1567 5661 1732 5716 αὑτοῦ

163 5755 499 5825 διεαγμάτων
526 5759 800 5830 ὠνήσατο,
837 5760 1023 5814 πίστιν
1079 5757 1364 5826 δεδωκὼς,
1397 5758 1490 5811 καὶ
1551 5753 1729 5809 λαϐὼν

1833 4557 1997 4613 modo
2027 4558 2139 4610 vita
2170 4557 2393 4627 juvene,
2423 4565 2477 4611 et
2513 4557 2712 4612 doetus
2741 4567 2889 4612 recte
2922 4555 3196 4612 incedere.
3231 4575 3250 4608 ι
3289 4557 3416 4610 Sol-

1832 4649 1942 4702 vite
1985 4664 2135 4710 eum,
2186 4655 2240 4700 et
2289 4647 2455 4701 sinite
2505 4645 2676 4698 abire.
2718 4664 2735 4694 ι
2775 4645 3158 4705 Communem,
3214 4642 3417 4712 inquit,

1831 4739 2298 4794 resurrectionem
2331 4738 2581 4803 exemplo
2638 4737 2918 4799 exhibeat,
2955 4733 3184 4806 quando
3229 4742 3418 4789 trans-

1833 4837 1998 4887 eunte
2066 4829 2430 4898 corruptione
2466 4828 2522 4882 in
2555 4828 2989 4898 corruptionem,
3015 4841 3208 4884 omnes
3228 4841 3418 4883 resur-

1832 4929 1962 4993 gent
1988 4920 2055 4975 de
2092 4928 2255 4973 terra:
2285 4918 2529 4988 pulvere.

1911 5033 1930 5066 ι
1970 5012 2130 5068 Multi
2155 5026 2288 5081 ergo
2314 5026 2380 5064 ex
2413 5007 2620 5064 Iudaeis
2652 5009 2747 5080 qui
2778 5014 3041 5064 venerant
3066 5007 3134 5063 ad
3167 5007 3418 5072 Mariam,

1833 5117 1888 5161 et
1912 5106 2165 5160 viderant
2189 5119 2311 5174 qua:
2339 5103 2467 5158 fecit
2495 5100 2654 5158 Jesus
2676 5141 2690 5165 ,
2723 5101 3082 5156 crediderunt
3114 5101 3167 5154 in
3199 5115 3347 5155 eum.
3394 5117 3414 5151 ι

1837 5198 2006 5252 Porro
2040 5197 2232 5251 beatus
2257 5195 2350 5266 qui
2383 5196 2558 5250 bonas
2583 5195 2682 5250 has
2701 5207 2937 5258 merces,
2959 5191 3141 5256 Iidem,
3168 5191 3416 5260 inquam,

1836 5294 2121 5342 mercatus
2150 5295 2257 5341 est.
2300 5284 2404 5351 Qui
2431 5301 2540 5340 non
2571 5299 2809 5346 vacuus.
2871 5281 3127 5351 nihilque
3170 5279 3420 5349 negotia-

1838 5387 1928 5435 tus
1959 5378 2248 5442 Bethania,
2283 5376 2412 5431 dico
2461 5383 2642 5431 autem
2685 5374 2898 5444 jejunio
2930 5371 3123 5427 exivit.
3164 5368 3271 5436 Qui
3303 5368 3420 5425 sibi

1839 5488 1937 5539 per
1981 5471 2384 5526 continentiam
2439 5477 2493 5524 et
2543 5465 2870 5522 modestiam
2923 5460 3264 5532 comparavit
3298 5475 3422 5532 qua!

1833 5561 2032 5634 jejunii
2059 5558 2352 5630 splendida
2383 5565 2516 5612 sunt
2542 5563 2599 5611 et
2624 5554 2887 5626 pretiosa.
2909 5549 3012 5618 Qui
3031 5549 3257 5606 Clu-isto
3280 5549 3421 5606 bene

1838 5657 2092 5720 credens,
2128 5654 2301 5708 bonas
2321 5649 2594 5704 doctrinae
2626 5647 2805 5719 ipsius
2833 5643 3164 5714 margaritas
3189 5641 3417 5706 coemit,

1849 5753 1979 5807 data
2013 5749 2113 5806 fide
2153 5757 2206 5805 et
2249 5747 2525 5818 agnitione
2557 5753 2803 5815 accepta.
2847 5738 3051 5797 Beatus
3088 5739 3179 5810 qui
3213 5738 3422 5810 nuptiis
