3840 6312
62 258 193 325 935

1311 266 1394 327 IN
1432 265 1692 327 RAMOS
1742 264 2168 326 PALMARUM
2179 310 2194 324 .

3282 262 3388 331 986

42 369 167 440 ὂίᾳ
220 382 355 422 σου.
390 367 549 424 Ἐκεῖ
585 371 613 425 ό
646 371 884 443 Χριστός
918 372 1089 426 ἐστιν.
1130 370 1281 424 Ἐκεῖ
1317 370 1485 425 αὑτοῦ
1532 388 1695 425 κατα-

1804 370 1990 425 corde.
2026 368 2126 425 Est
2182 367 2297 423 illic
2357 366 2640 425 Christus.
2674 368 2758 424 Tu
2806 369 2921 427 illic
2962 372 3015 429 ei
3042 384 3388 443 unguentum

74 461 337 516 διένευσαν
380 461 447 514 τὸ
498 461 692 534 μῦρον.
728 463 876 517 Ἐκεῖ
921 463 990 517 τὰ
1032 463 1266 535 δάκρυα.
1298 462 1436 516 Ἀλλ’
1461 463 1561 517 οὐκ
1588 462 1699 534 ἔχω

88 553 284 627 μῦρον,
324 555 527 624 φησὶν,
571 555 673 609 οὐκ
727 555 1091 628 ἀλάϐαστρον.
1136 556 1253 610 Οὐκ
1298 555 1446 626 ἔχεις
1486 555 1694 626 μῦρον;

92 647 187 703 Ναὶ
226 644 396 715 ἔχεις
433 642 634 717 μῦρον,
678 646 779 718 τὴν
810 648 996 718 χάριν,
1024 648 1370 717 ἁλιάδαστρον
1405 646 1507 717 τὴν
1557 662 1698 716 καρ-

92 738 216 799 δίαν,
244 735 484 809 δάκρυα
507 737 609 806 τὴν
639 737 1046 809 ἐξομολόγησιν,
1089 739 1284 810 τρίχας
1309 738 1436 801 τοὺς
1466 738 1698 800 λεπτοὺς

94 827 472 899 στεναγμούς.
501 828 690 883 Ταῦτα
730 831 1090 903 προσένεγκε,
1122 829 1297 885 ταῦτα
1334 829 1696 901 καθιέρωσον,

92 925 209 999 καὶ*
228 921 401 992 λήψῃ
449 921 552 992 τὴν
591 922 808 990 ἄφεσιν.
864 920 1146 991 Πανταχοῦ
1193 922 1341 974 ἐστιν
1376 923 1405 975 ό
1438 922 1695 992 Χριστός.

89 1012 385 1083 Πανταχοῦ
428 1013 771 1084 καλούμενος
825 1013 1081 1080 πάρεστι.
1113 1013 1289 1066 Μόνον
1344 1012 1420 1084 μὴ
1480 1013 1698 1085 παρίτω

97 1105 349 1169 Ἰούδαςο
403 1105 572 1176 μόνον
619 1105 799 1177 ὀρθῶς
830 1104 1137 1159 καλείσθωο
1194 1106 1357 1176 μόνον
1408 1105 1596 1159 ἄδολον
1636 1103 1697 1157 τὸ

83 1200 305 1254 δεῖπνον
334 1198 506 1251 ἔστω.
530 1196 698 1251 Γενοῦ
735 1196 942 1267 Σίμων,
977 1198 1026 1251 ei
1061 1197 1278 1268 βούλει·
1318 1197 1579 1251 κέλευσον
1604 1196 1696 1250 τὸν

86 1290 401 1356 Δεσπότην.
446 1289 611 1344 Ἀλλὰ
640 1290 715 1362 μὴ
751 1290 1012 1362 διστὰσῃς
1052 1291 1129 1355 ὼς
1173 1293 1488 1361 Φαρισαῖος.
1521 1290 1695 1344 Κάλει

88 1385 161 1435 τὸν
202 1380 510 1451 πανταχοῦ
547 1380 796 1452 παρόντα
826 1397 842 1412 ο
896 1381 1035 1436 ἀλλὰ
1083 1381 1158 1454 μὴ
1212 1381 1559 1455 συγκαλέσῃς
1602 1379 1696 1434 τὸν

98 1471 329 1526 Ίοῦδιν.
357 1470 532 1524 Γενοῦ
553 1462 825 1541 Λάζαρος,
848 1472 898 1524 εἰ
933 1471 1133 1543 βούλει,
1158 1471 1236 1544 τῷ
1268 1472 1460 1545 κόσμῳ
1489 1471 1696 1543 νεκρὼ-

92 1581 274 1635 μενος,
313 1562 467 1626 ὄζων
500 1566 614 1628 τοῖς
655 1562 905 1635 μώλωψι,
941 1564 1042 1636 τὴν
1073 1566 1284 1637 σιωπὴν
1321 1565 1396 1629 ὡς
1425 1565 1572 1619 λίθον
1602 1565 1695 1619 ἐπὶ

92 1654 375 1724 στόματος
408 1653 568 1723 ἔχων.
599 1653 816 1708 Μᾶλλον
836 1654 893 1708 δὲ
926 1655 1080 1723 φίλος
1112 1654 1274 1724 γενοῦ
1305 1656 1572 1726 πρότερον
1599 1653 1693 1709 τοῦ

1803 458 2043 515 εσυιιιιθ.
2079 459 2202 514 Sint
2228 458 2341 514 illic
2369 459 2653 531 lacrymae.
2682 460 2776 525 At,
2810 461 3011 529 inquit,
3044 470 3387 531 unguentum

1802 567 1910 606 non
1946 551 2147 617 habeo,
2201 566 2313 606 non
2364 550 2732 607 alabastrum.
2772 549 2893 606 Non
2937 553 3111 609 habes
3139 567 3392 626 unguen-

1803 646 1956 701 tum?
1988 644 2161 701 Plane
2220 644 2392 701 habes
2437 655 2819 715 unguentum:
2860 662 3061 716 nempe
3107 648 3385 715 gratiam,

1802 754 1899 792 cor
1927 737 2267 793 alabastrum
2293 755 2308 805 ;
2343 738 2643 809 lacrymas,
2671 736 3106 805 confessionem;
3132 738 3385 807 capillos,

1800 833 2012 886 minuta
2048 830 2320 900 suspiria.
2356 828 2480 885 Haec
2521 830 2681 895 otl‘er,
2714 830 2830 884 haec
2858 829 3139 896 sacriﬁea,
3167 839 3222 886 et
3248 832 3391 885 acci-

1801 924 1920 991 pies
1948 923 2190 977 veniam.
2245 920 2506 976 Christus
2551 921 2763 991 ubique
2796 930 2904 976 est.
2957 921 3128 977 Adest
3181 921 3388 991 ubique

1801 1022 2074 1066 vocatus:
2134 1012 2301 1066 modo
2353 1027 2467 1067 non
2503 1007 2674 1067 adsit
2739 1010 2961 1067 Judas:
3017 1012 3182 1067 modo
3235 1019 3389 1068 recte

1800 1111 2069 1161 vocetur:
2108 1104 2280 1173 modo
2328 1105 2404 1159 sit
2456 1120 2617 1162 coma
2672 1105 2886 1174 abSque
2930 1105 3079 1161 dolo.
3119 1105 3178 1160 Si
3212 1105 3384 1172 lubet,

1800 1205 1921 1253 esto
1960 1195 2177 1252 Simon.
2236 1196 2411 1251 Invita
2457 1196 2781 1254 Dominum.
2819 1196 2900 1255 Ne
2946 1208 3131 1253 tamen
3160 1198 3388 1253 dubita-

1798 1289 1946 1344 veris
1980 1288 2128 1343 sicut
2177 1287 2520 1345 Pharisaeus.
2554 1288 2707 1344 Voca
2755 1305 2906 1353 eum,
2941 1290 3033 1359 qui
3076 1289 3235 1346 adest
3262 1289 3386 1343 ubi-

1799 1392 1946 1447 que:
1982 1383 2037 1430 at
2087 1391 2158 1432 ne
2205 1378 2373 1433 simul
2425 1377 2624 1433 Judam
2669 1380 2986 1434 vocaveris.
3045 1377 3178 1434 Esto
3212 1378 3258 1433 si
3298 1378 3385 1434 vis

1798 1468 2062 1536 Lazarus,
2094 1470 2188 1540 qui
2216 1470 2424 1525 mundo
2458 1472 2538 1528 sis
2566 1470 2974 1537 mortiﬁcatus;
3002 1471 3099 1542 qui
3154 1471 3281 1526 tabo
3309 1470 3386 1527 fe-

1800 1568 1948 1629 teas;
1982 1561 2077 1632 qui
2131 1561 2186 1616 in
2242 1576 2339 1617 ore
2372 1562 2686 1624 silentium.
2723 1578 2831 1618 ceu
2870 1562 3109 1632 iapidem
3152 1560 3381 1616 habeas.

1797 1652 1972 1723 Magis
2003 1662 2189 1708 autem
2236 1653 2396 1724 prius
2434 1654 2653 1709 Domini
2692 1654 2906 1709 amicus
2949 1660 3091 1710 esto.
3124 1651 3305 1707 Habes
3331 1660 3386 1708 et

90 1747 404 1801 Δεσπὸτου.
434 1747 619 1817 Ἔχεις
646 1746 741 1800 καὶ
766 1747 929 1812 αὐτὸς
954 1748 1210 1818 ἀδελφὰς,
1234 1750 1335 1819 τὴν
1352 1749 1551 1821 ψυχὴν,
1575 1744 1694 1802 εἶτα

1804 1752 1856 1798 tu
1886 1759 2132 1809 sorores,
2174 1747 2415 1816 primum
2451 1746 2720 1813 animam,
2748 1761 2815 1802 ac
2842 1755 2957 1801 tum
2988 1760 3238 1802 carnem.
3275 1742 3386 1799 Fac

92 1839 181 1908 τὴν
227 1837 451 1908 σάρκα.
500 1837 796 1908 Φιλιώθητι
852 1837 934 1910 τῷ
988 1840 1241 1910 Χριστῷ,
1301 1840 1366 1893 ἶν’
1401 1842 1531 1895 ὅταν
1579 1858 1696 1894 κοι-

97 1927 300 2000 μηθῇς,
318 1928 593 1999 πέμψωσι
644 1928 781 2001 πρὸς
812 1929 1042 2000 Ἰησοῦν,
1060 1930 1134 1994 ὡς
1156 1932 1345 2004 Μαρία
1365 1931 1458 1985 καὶ
1473 1931 1695 2002 Μάρθα,

96 2022 128 2089 ή
158 2020 260 2089 μὲν
288 2019 375 2090 τῷ
410 2020 578 2091 λόγῳ,
618 2021 735 2092 ἡδὲ
764 2024 831 2092 τῇ
865 2020 1064 2094 πράξει
1102 2020 1359 2090 λέγουσαι
1384 2037 1398 2052 ’
1444 2043 1464 2075 ι
1498 2022 1693 2098 Κόριε,

101 2111 172 2163 iis
207 2111 273 2164 ὃν
315 2110 500 2180 φιλεῖς
544 2110 781 2166 ἀσθενεῖ.
842 2132 861 2164 ›
895 2113 988 2167 Ἱν’
1010 2114 1140 2167 ὅταν
1165 2115 1365 2177 τελέως
1384 2115 1698 2186 ἁπονεκρω-

103 2203 192 2273 θῇς
226 2203 454 2272 κόσμῳ,
488 2203 582 2257 καὶ
631 2207 744 2269 τοῖς
785 2206 844 2258 ἐν
878 2205 1092 2277 κόσμῳ,
1146 2205 1360 2275 φθάσας
1397 2208 1426 2260 ό
1461 2207 1696 2278 Χριστὸς

106 2294 392 2365 ἀναστήσῃ
428 2311 510 2360 σε,
558 2294 689 2368 λέξῃ
723 2313 782 2350 τε
822 2296 962 2367 πρὸς
1014 2296 1143 2362 τοὺς
1182 2297 1451 2365 ἀγγέλους
1489 2297 1691 2351 αὐτοῦ’

114 2401 133 2433 ι
167 2382 384 2437 Λύσατε
402 2385 584 2449 αὐτὸν,
619 2384 714 2438 καὶ
747 2385 914 2456 ἄφετε
948 2384 1199 2454 ὑπάγειν.
1246 2404 1265 2435 ι
1297 2386 1555 2439 Λύσατε.
1591 2385 1697 2437 Πό-

116 2473 239 2541 θεν;
276 2476 377 2528 Ἐκ
410 2475 519 2529 τῶν
565 2477 781 2548 δεσμῶν
829 2480 929 2548 τῆς
980 2476 1275 2549 ἁμαρτίας.
1312 2475 1597 2546 ’Υπάγειν
1636 2476 1693 2530 δὲ

120 2564 251 2628 ποῦς
282 2566 381 2629 Et;
410 2568 536 2631 τοὺς
561 2567 794 2632 κόλπους
824 2569 919 2621 τοῦ
945 2568 1217 2640 Ἀϐραὰμ,
1252 2569 1330 2631 si;
1363 2569 1463 2631 τὰς
1488 2566 1695 2638 σκηνὰς

118 2654 205 2719 τὰς
227 2658 512 2722 αἰωνίους.
543 2661 622 2724 εἰς
656 2661 756 2730 τὴν
785 2661 882 2730 τῆς
918 2659 1068 2723 θείας
1100 2659 1304 2731 λήξεως
1343 2660 1536 2730 ἀγήρω
1588 2676 1694 2729 μα-

123 2747 432 2819 καριότητα.
460 2744 568 2813 Ἦς
626 2751 836 2820 γένοιτο
891 2751 1102 2815 πάντας
1165 2752 1312 2821 ἡμᾶς
1376 2751 1690 2820 ἐπιτυχεῖν,

128 2839 297 2907 χάριτι
332 2841 429 2894 καὶ
467 2841 845 2915 φιλανθρωπίᾳ
900 2840 995 2895 τοῦ
1045 2842 1252 2905 πάντας
1292 2844 1439 2913 ἡμᾶς
1476 2844 1557 2906 εἰς
1592 2843 1693 2915 τὴν

128 2928 276 2982 αὑτοῦ
308 2931 595 2995 καλοῦντος
634 2933 955 3001 ἐπίγνωσιν,
1002 2933 1243 3004 Χριστοῦ
1295 2932 1391 2986 τοῦ
1435 2932 1691 3004 ἀληθινοῦ

131 3018 250 3074 Θεοῦ
278 3022 435 3094 ἡμῶν
456 3043 471 3057 ο
506 3024 625 3093 μεθ’
648 3019 709 3079 οὗ
738 3024 815 3095 τῷ
840 3026 1015 3095 Πατρὶ
1040 3025 1073 3096 ή
1104 3023 1254 3092 δόξα,
1287 3022 1404 3093 ἅμα
1429 3023 1508 3096 τῷ
1553 3024 1693 3096 ἁγίῳ

136 3111 395 3184 Πνεῦματι
432 3116 514 3179 εἰς
539 3116 634 3170 τὸν
669 3115 844 3172 αἰῶνα
898 3114 1097 3186 Ἀμήν.

726 3249 946 3302 ΛΟΓΟΣ
994 3248 1071 3304 ϐ’.

679 3360 782 3428 Εἰς
827 3360 899 3416 τὰ
947 3362 1117 3416 Buta.

204 3468 331 3533 Χθὲς
380 3472 524 3543 ἡμᾶς
579 3472 718 3542 μετὰ
758 3475 853 3528 τοῦ
890 3475 1163 3529 Δεσπότου
1208 3474 1460 3548 Λάζαρος
1513 3478 1697 3533 ἑστιά-

42 3634 45 3635 ν
158 3575 289 3625 cato,
329 3563 388 3617 τὸ
436 3564 556 3618 καθ’
598 3566 792 3619 ἑαυτὸν
854 3568 989 3638 ἡμῖν
1036 3568 1258 3641 προθεὶς
1316 3570 1397 3632 εἰς
1455 3570 1699 3624 ἑστίασιν

159 3649 340 3724 θαῦμαο
370 3657 607 3727 σήμερον
644 3657 806 3722 αὐτὸς
848 3660 877 3711 ό
920 3657 1055 3723 Θεὸς
1099 3660 1194 3713 καὶ
1224 3660 1397 3728 Λόγος
1437 3661 1529 3713 τὸν
1560 3660 1698 3732 ἠμέ-

157 3755 280 3815 τερον
305 3748 452 3818 ἑστιᾷ
476 3747 637 3818 λόγον
664 3750 795 3820 ὑμῖν
831 3753 944 3813 τοῖς
976 3751 1280 3822 φιλεόρτοις
1330 3751 1423 3805 καὶ
1464 3751 1698 3820 φιλοκά-

153 3832 270 3904 λοις,
299 3844 405 3904 τοῖς
444 3842 540 3909 ἀφ’
572 3840 758 3896 ἱκανοῦ
803 3841 903 3912 μὲν
940 3844 1239 3912 ἠγωνικόσι
1282 3842 1361 3913 τῷ
1403 3843 1557 3914 ἄχθει
1587 3841 1696 3895 τῶν

152 3934 429 4003 συμφορῶν,
450 3933 842 4007 ἐπιρῤωσθεῑσι
861 3934 918 3988 δὲ
936 3934 1002 4005 σή
1012 3951 1073 4002 με
1086 3951 1176 4013 ρον
1201 3935 1306 3988 ὑπὸ
1331 3933 1696 4007 περιχαρείας

146 4023 235 4093 τῆς
259 4028 574 4096 Δεσποτικῆς
596 4026 979 4099 πανηγύρεως.
1014 4027 1123 4081 Καὶ
1164 4026 1310 4096 μάλα
1346 4028 1592 4091 εἰκότως.
1633 4027 1696 4080 Εἰ

142 4113 245 4185 γὰρ
283 4118 430 4183 αὐτὸς
469 4115 563 4173 οἷα
604 4118 741 4183 Θεὸς
766 4119 1015 4184 ἐπιστὰς,
1055 4118 1146 4173 τὸν
1177 4119 1280 4190 ἤδη
1314 4119 1569 4190 μυδῶντα
1601 4119 1697 4174 καὶ

142 4210 387 4279 σεσηπότα
418 4211 528 4264 τῶν
572 4211 700 4284 ᾆδον
738 4211 925 4283 μυχῶν
962 4209 1368 4283 ἁνεζώγρησεν,
1402 4212 1436 4283 ἦ
1467 4230 1569 4265 που
1600 4212 1696 4265 καὶ

137 4297 238 4352 δρῦν
270 4304 349 4356 τοῦ
397 4305 742 4377 γηράσαντος
793 4308 853 4358 ἐν
900 4307 1033 4377 ἡμῖν
1083 4306 1249 4376 λόγου
1304 4304 1586 4376 νευρὼσας
1633 4304 1696 4358 τὸ

152 4392 334 4460 drum,
387 4398 707 4469 σῳριγῶντα
756 4398 924 4464 δείξει
974 4400 1112 4470 πρὸς
1157 4400 1257 4471 τὴν
1311 4399 1696 4470 ἐγηγερμένην

1802 1834 2028 1893 Christo
2078 1840 2311 1901 amicas,
2355 1847 2414 1892 ut
2447 1853 2574 1894 cum
2632 1850 2887 1895 mortuus
2929 1839 3126 1901 fueris,
3158 1838 3385 1893 mittant

1805 1928 1873 1981 ad
1921 1926 2136 1996 Jesum,
2197 1930 2345 1984 sicut
2402 1927 2574 1984 Maria
2620 1939 2674 1983 et
2702 1930 2935 1996 Martha,
2978 1930 3073 1983 iila
3102 1942 3379 1993 sermone,

1805 2019 1922 2073 haec
1957 2034 2126 2090 opere
2159 2019 2412 2076 dicentes
2445 2037 2459 2075 :
2501 2038 2521 2071 ι
2578 2017 2832 2083 Domine,
2864 2033 2995 2081 ecce
3034 2031 3196 2087 quem
3228 2029 3384 2071 amas

1806 2111 2141 2166 inﬁrmatur.
2179 2130 2201 2164 ι
2243 2110 2313 2166 Ut
2346 2127 2472 2167 cum
2514 2110 2690 2166 fueris
2738 2111 2983 2180 perfecte
3014 2105 3385 2163 mortiﬁcatus

1805 2203 2036 2267 mundo,
2075 2212 2131 2258 et
2196 2204 2265 2259 iis
2320 2219 2443 2274 qua:
2502 2213 2636 2259 sunt
2690 2203 2745 2257 in
2804 2200 3033 2267 mundo,
3082 2198 3383 2254 adveniens

1804 2280 2063 2351 Christus
2094 2296 2382 2350 resuscitet
2419 2304 2489 2360 te,
2520 2295 2671 2349 dicat
2700 2308 2831 2349 vero
2871 2291 2942 2347 ad
2969 2291 3193 2362 angelos
3228 2303 3379 2345 suos:

1809 2405 1830 2439 ι
1867 2386 2099 2448 Solvite.
2130 2394 2186 2441 et
2212 2386 2382 2442 sinite
2409 2386 2584 2442 abire.
2627 2404 2645 2438 ι
2684 2385 2903 2440 Solvite.
2937 2381 3137 2439 Unde?
3173 2383 3213 2435 Α
3249 2394 3380 2450 pec-

1803 2479 1910 2533 cati
1945 2478 2205 2534 vinculis.
2234 2478 2356 2545 Quo
2392 2484 2576 2533 autem
2608 2477 2804 2532 abire?
2832 2476 2912 2531 Ad
2936 2474 3173 2531 Abraha:
3198 2473 3377 2528 sinus:

1803 2570 1871 2625 ad
1923 2580 2134 2627 aeterna
2186 2572 2599 2627 tabernacula:
2661 2570 2729 2626 ad
2777 2570 2979 2625 divina:
3029 2567 3235 2639 quietis
3281 2580 3385 2622 ne-

1804 2664 1978 2720 sciam
2014 2664 2158 2720 senii
2208 2663 2633 2720 beatitudinem.
2673 2663 2850 2729 Quam
2903 2678 3004 2719 nos
3042 2676 3238 2718 omnes
3271 2658 3384 2715 uti-

1804 2773 1930 2813 nam
1956 2772 2390 2829 consequamur,
2420 2758 2542 2827 ejus
2591 2756 2770 2829 gratia
2800 2765 2856 2812 et
2889 2756 3252 2818 humanitate,
3283 2751 3382 2823 qui

1803 2861 2000 2903 omnes
2030 2863 2133 2904 nos
2158 2848 2228 2903 ad
2249 2863 2408 2904 suam
2441 2848 2617 2918 ipsius
2642 2855 2805 2903 vocat
2829 2847 3193 2918 agnitionem,
3226 2842 3383 2900 Chri-

1804 2939 1875 2994 sti
1911 2939 2029 2994 Veri
2090 2939 2183 2995 Dei
2224 2939 2442 2995 nostri:
2480 2955 2607 2995 cum
2664 2953 2776 3009 quo
2816 2937 2973 2991 Patri
3030 2935 3227 3008 gloria,
3268 2948 3380 2989 una

1801 3043 1925 3085 cum
1955 3029 2165 3102 Spiritu
2198 3038 2394 3086 sancto
2418 3028 2474 3084 in
2502 3030 2790 3086 saeculum.
2823 3027 3020 3086 Amen.

2391 3249 2649 3308 ORATIO
2687 3251 2776 3307 IX.

2185 3364 2255 3421 In
2282 3383 2464 3423 ramos
2509 3366 2824 3423 Palmarum
2855 3366 2990 3440 (l9).

1867 3480 1982 3538 Nos
2009 3482 2127 3538 heri
2159 3497 2285 3539 cum
2312 3483 2554 3540 Domino
2583 3484 2854 3548 Lazarus,
2887 3482 3142 3539 miraculi
3174 3482 3230 3538 in
3262 3483 3382 3553 ipso

1798 3574 2035 3630 exhibiti
2093 3576 2328 3646 dapibus
2377 3579 2709 3648 propositis,
2759 3579 2909 3633 laute
2957 3578 3190 3641 habuit,
3222 3576 3379 3633 vobis

1801 3666 1968 3721 hodie
2000 3666 2126 3722 festi
2174 3667 2508 3738 honestique
2567 3669 2905 3732 amantibus,
2942 3669 3089 3724 Deus
3147 3670 3265 3741 ipse
3315 3685 3381 3725 ac

1801 3757 1995 3813 Sermo
2025 3773 2342 3815 sermonem
2366 3770 2618 3816 nostrum
2643 3776 2754 3830 quo
2786 3760 3092 3828 epulemini
3129 3763 3379 3831 apponit.

1799 3849 1969 3906 Vobis
2035 3851 2286 3920 inquam,
2341 3850 2509 3921 quia
2568 3863 2651 3906 sat
2703 3851 2878 3905 multo
2927 3860 3199 3920 tempore,
3253 3867 3379 3906 cum

1803 3943 2053 3998 molestia
2108 3943 2491 3997 calamitatum
2554 3951 2842 3998 certamen
2895 3942 3193 4007 habuistis,
3233 3958 3381 3995 nunc

1803 4043 1985 4090 autem
2024 4034 2320 4090 Dominica:
2377 4033 2699 4091 festivitatis
2749 4033 3139 4089 abundantiori
3187 4034 3382 4103 gaudio

1806 4129 1951 4183 vires
2016 4127 2418 4198 resumpsistis.
2472 4128 2549 4180 Ac
2584 4127 2746 4198 plane
2787 4127 3007 4181 merito.
3064 4123 3201 4179 Nam
3257 4140 3379 4179 cum

1804 4219 1945 4289 ipse,
1980 4218 2129 4275 velut
2157 4221 2422 4275 nimirum
2456 4219 2623 4284 Deus,
2675 4217 2939 4274 fetentem
2973 4218 3088 4290 jam
3136 4225 3383 4288 putrem-

1803 4328 1911 4379 que
1973 4312 2128 4367 illum
2187 4328 2252 4368 ex
2309 4310 2515 4368 inferni
2566 4310 2946 4380 penetralibus
2992 4324 3093 4365 ccu
3138 4306 3380 4378 praedam

1801 4404 2039 4458 adventu
2074 4406 2442 4470 revocaverit,
2493 4402 2637 4458 forte
2664 4411 2721 4457 et
2764 4401 2929 4456 modo
2956 4401 3151 4458 senilis
3192 4400 3247 4455 in
3285 4411 3385 4453 no-

174 4482 379 4543 ἑστίασιν.
412 4490 721 4560 Προσέσται
767 4490 878 4560 γὰρ
907 4491 1133 4554 εἰκότως
1168 4490 1319 4560 αὑτῷ
1353 4490 1601 4543 νεανικόν
1644 4508 1695 4544 τι

1805 4497 1892 4551 bis
1922 4497 2194 4553 sermonis
2252 4499 2542 4554 remissam
2578 4498 2686 4551 vim
2722 4497 3020 4557 roborans.
3087 4493 3383 4549 luxurian-

176 4577 244 4626 xa‘t
281 4577 582 4649 θαρσαλέον.
622 4582 1102 4654 ἁνασκιρτήσαντα
1138 4584 1184 4616 ³⁸
1225 4584 1336 4637 τῶν
1372 4585 1697 4656 φωνητικῶν

176 4664 366 4735 ὁΡγέινιιιν
391 4674 764 4745 ἁποπηδῆσαι,
800 4677 933 4747 πρὸς
961 4676 1126 4731 αὑτοῦ
1158 4676 1254 4730 τοῦ
1287 4677 1421 4730 Θεοῦ
1457 4679 1552 4732 καὶ
1592 4679 1697 4732 Λό-

1806 4596 1916 4642 tem
1948 4596 2339 4660 vegetumque,
2384 4601 2443 4645 ut
2474 4593 2754 4646 excitatus
2791 4589 3105 4659 alacrisque
3130 4602 3229 4641 ceu
3256 4600 3383 4637 con-

1809 4679 1955 4734 vivio
1986 4682 2248 4753 excipiat,
2306 4682 2517 4738 fecerit.
2573 4681 2720 4736 Sane
2775 4682 2967 4752 utique
3011 4678 3256 4748 juvenile
3284 4677 3385 4731 a|i¢

179 4767 247 4817 του
282 4764 625 4836 καλούμενον,
668 4767 744 4831 ὡς
788 4769 855 4821 ὲκ
892 4770 1065 4837 τάφου
1115 4769 1207 4823 τὸν
1247 4770 1532 4840 Λάζαρον·
1576 4771 1695 4825 ἴν“ό

1808 4774 1939 4842 quid
1978 4775 2550 4845 atulaciusculumque
2599 4774 2875 4839 habuerit,
2929 4782 2989 4828 ut
3029 4772 3139 4828 Deo
3174 4771 3295 4841 ipso
3330 4777 3385 4824 et

175 4845 271 4920 χθὲς
296 4858 421 4927 ἡμᾶς
445 4858 653 4931 θρέψας
693 4861 773 4932 τῷ
821 4862 946 4914 κατ’
967 4864 1178 4916 ἐκεῖνον
1224 4853 1487 4932 θαύματι,
1524 4862 1698 4935 θρέψῃ

180 4944 253 4999 ἀὶ
282 4950 495 5023 σήμερον
543 4954 574 5007 ὀ
616 4952 782 5017 αὐτὸς
864 4953 1164 5027 ἁδρότερον
1219 4956 1314 5009 καὶ
1376 4954 1696 5025 δαψιλέστε-

1811 4864 2081 4922 Sermone
2136 4875 2392 4932 vocante,
2465 4867 2743 4936 quomodo
2814 4866 3029 4923 vocavit
3082 4882 3114 4922 e
3169 4863 3385 4921 tumulo

1808 4956 2102 5022 Lazarum,
2133 4940 2189 5012 ἰι
2236 4959 2520 5015 vocalibus
2555 4961 2779 5032 organis
2825 4960 2980 5016 velut
3025 4959 3232 5016 saliens
3263 4970 3383 5029 pro-

1422 5128 1655 5187 VARUE
1686 5125 2095 5187 LECTIONES.

267 5218 299 5251 ⁸³
321 5217 466 5276 Forte
487 5219 984 5293 ἀνασκιρτήσαντι.

1440 5332 1832 5392 COMBEFISII
1862 5330 2096 5389 NOTE.

242 5426 323 5497 (l9)
346 5426 582 5500 Celebris
610 5428 908 5500 admodum
935 5428 1055 5486 dies
1086 5439 1170 5486 est
1200 5431 1341 5486 inter
1375 5429 1714 5493 Δεσποτικὰς
1746 5438 1753 5447 “
1820 5427 2032 5500 Stylus.
2064 5430 2123 5479 ut
2154 5424 2205 5477 iu
2243 5421 2572 5500 przecedenti
2598 5420 2664 5475 de
2697 5419 2909 5500 Lazaro
2931 5428 3016 5475 cst
3039 5416 3381 5500 familiarior-

164 5486 350 5568 ξορτὰξ,
394 5499 647 5568 plurimis
687 5499 913 5556 Patrum
966 5502 1246 5555 celebrata
1298 5486 1710 5555 encomiasticis
1817 5486 2445 5568 Iudicataut-tor'statim
2478 5496 2531 5544 in
2563 5490 2815 5553 exordio,
2850 5504 2968 5543 eam
3006 5504 3064 5544 se
3096 5487 3381 5568 habuisse,

168 5558 469 5641 ~orationibus
503 5584 520 5635 ;
561 5572 650 5641 vix
679 5581 864 5626 tamen
897 5573 1005 5625 alia
1038 5572 1407 5641 loculcmiori,
1442 5587 1608 5641 quam
1636 5574 1708 5625 sit
1813 5583 1938 5641 cum
1962 5567 2074 5641 jam
2106 5572 2252 5641 esset
2279 5563 2466 5641 senior
2487 5578 2523 5640 ;_
2556 5576 2663 5629 quo
2708 5558 3386 5641 temporenonnihilllos-

193 5642 267 5697 ista
307 5630 531 5712 Andreae.
606 5639 807 5696 llabuit
863 5642 1007 5697 alius
1070 5639 1279 5712 Regius
1336 5630 1530 5701 codex,
1568 5640 1706 5693 forte
1811 5630 2306 5712 culis'rhetoricis,
2340 5631 2638 5712 phrasique
2687 5630 3093 5701 comptioritac
3131 5630 3383 5686 subtilio-

189 5709 502 5770 ctiammelior
565 5727 632 5767 co
689 5728 797 5780 quo
842 5713 1074 5777 utimur,
1143 5709 1238 5768 sed
1291 5720 1407 5768 crat
1454 5714 1701 5765 ltltiltltls.

1808 5711 1957 5764 ribus
1983 5700 2349 5761 allusionibus
2374 5700 2607 5756 decedit.
