3820 6316
145 361 293 428 1637

1147 362 1229 424 IN
1260 359 1856 422 EXALTATIONEM
1889 357 1950 420 S.
1988 357 2284 420 CRUCIS.
2325 358 2408 418 Ῑῐ.

3267 359 3402 426 1038

134 477 289 532 ποιεῖ
321 477 349 528 ὀ
373 473 530 542 Θεὸς,
569 475 596 528 6
626 474 684 526 ἐν
721 469 872 542 αὐτῷ
899 470 995 524 καὶ
1043 470 1110 524 δι’
1150 470 1315 525 αὐτοῦ
1365 471 1465 544 τὴν
1514 472 1723 539 παγκόο
1754 523 1762 536 ,

1852 469 2141 534 :Iauditur,
2187 469 2316 537 quid
2364 466 2496 522 l'acit
2553 465 2716 528 Deus,
2758 471 2849 538 qui
2902 471 2957 524 in
2999 485 3187 539 cruce,
3223 484 3276 530 et
3307 491 3404 544 per

137 584 310 639 σμιον
357 565 678 636 «σωτηρίαν
709 564 808 634 τῆς
858 563 963 632 γῆς
1011 563 1070 614 ὲν
1104 561 1257 632 μέσῳ
1301 563 1725 632 κατεργασάμε-

131 677 274 727 νος;
307 679 328 712 ι
367 659 446 730 Τῇ
490 657 591 729 μὲν
623 656 873 728 βασιλίδι,
902 655 978 718 ὡς
1005 654 1189 726 μικρῷ
1211 654 1450 736 πρόσθεν
1485 653 1722 724 ἔφαμεν,

136 750 316 806 πόθον
345 751 524 819 ἐνίησι
553 746 776 812 ζέοντα’
816 749 930 810 τοῖς
967 745 1046 812 δὲ,
1075 745 1242 814 φόϐον
1285 745 1569 816 ἐμϐάλλει,
1600 745 1729 816 ὃλην

136 841 325 896 αὐτῶν
360 839 774 910 ἑκταριὶσσοντα
809 836 910 907 τὴν
951 836 1121 906 ζωήν.
1158 837 1219 891 Οἱ
1271 837 1316 890 δ’
1361 837 1586 891 ἐπειδὰν
1631 837 1731 908 τῆς

139 933 378 1005 ἐρεύνης
431 932 493 986 τδ
539 929 917 1002 ἀπαραίτητον
953 924 1114 992 εἶδον,
1174 929 1427 982 ἑκούσιον
1456 929 1519 982 τὸ
1566 928 1731 982 άδού-

139 1026 309 1097 λητον
341 1024 642 1090 δείξαντες,
671 1017 1097 1091 πεφανερώκασι
1134 1022 1196 1074 τὸ
1232 1022 1604 1092 πολυτίμητον
1635 1020 1730 1073 τοῦ

139 1120 424 1173 Δεσπότου
457 1117 708 1187 σημεῖον.
753 1113 810 1169 '0
837 1113 895 1168 δὲ
919 1114 1217 1186 προῆλθεν,
1258 1113 1450 1185 ὥσπερ
1477 1112 1538 1178 ἐξ
1570 1113 1732 1168 άλλου

141 1210 296 1273 τινὸς
333 1206 722 1278 στερεώματος
769 1205 881 1259 τῶν
918 1205 1017 1275 τῆς
1045 1205 1149 1275 γῆς
1193 1203 1534 1275 ὑποχθονίων
1579 1202 1734 1274 ἡλίου

142 1303 330 1371 δίκην,
362 1300 464 1363 τὰς
503 1298 847 1361 Δεσποτικάς
879 1297 1276 1369 ἐξαστράπτων
1310 1297 1560 1360 ἀκτῖνας.
1591 1298 1736 1367 Προ-

146 1392 284 1462 ῆλθε
325 1390 514 1443 τοίνυν
563 1389 628 1443 ὲκ
657 1389 758 1458 τῆς
803 1387 906 1458 γῆς
948 1387 1184 1453 ἀδύτων,
1216 1389 1279 1441 τὸ
1319 1386 1414 1441 τοῦ
1461 1387 1734 1442 Δεσπότου

151 1485 410 1553 σημεῖον,
458 1480 526 1534 δι’
587 1471 672 1532 οὗ·
704 1477 1025 1549 κευθμῶνες
1075 1478 1204 1550 ᾇδου
1255 1479 1736 1546 κατασεισθέντες,

145 1574 335 1644 ψυχάς
365 1572 468 1634 τάς
513 1570 710 1624 αὐτόσε
753 1569 1130 1641 κατεχομένας
1173 1569 1566 1623 ἀπολελύκασι.
1597 1570 1740 1640 Προ-

147 1664 318 1735 ἧλθεν
344 1663 422 1727 ὡς
459 1663 523 1715 ἐκ
557 1661 831 1724 παστάδος
875 1661 1135 1731 νυμφίος,
1175 1661 1287 1714 τῶν
1325 1661 1527 1732 χοῖκῶν
1571 1661 1741 1716 θαλά-

150 1774 298 1829 μων,
331 1758 361 1808 6
393 1752 487 1808 τοῦ
511 1753 720 1824 Κυρίου
750 1754 1008 1824 σταυρὸς,
1039 1753 1106 1806 δι’
1138 1747 1202 1808 οὗ
1235 1753 1314 1824 τῷ
1349 1753 1572 1825 Χριστῷ
1600 1771 1740 1824 νυμο

1828 573 2046 614 crucem
2083 556 2327 611 universi
2375 555 2569 610 mundi
2599 572 2618 607 ι
2657 557 2888 610 salutem
2934 559 2988 612 in
3041 561 3220 622 medio
3247 573 3404 619 terra:

1828 661 2091 720 Operatus
2133 647 2304 703 est'?
2363 666 2382 701 ι
2437 645 2780 718 lmperatrici
2833 648 3080 718 quidem,
3130 661 3190 708 ut
3240 657 3406 725 paulo

1829 750 1959 795 ante
2010 739 2276 802 diximus,
2329 738 2531 794 ardens
2580 739 2827 794 immittit
2881 741 3261 799 desiderium:
3296 748 3408 805 illis

1830 839 2011 884 autem
2059 831 2310 884 timorem
2367 830 2584 896 incutit,
2621 830 2713 900 qui
2767 837 2937 885 totam
2987 833 3209 888 illorum
3241 836 3449 902 vitant.

1831 923 2207 978 conturbaret.
2241 921 2324 975 llli
2362 937 2512 986 vero,
2540 937 2664 977 cum
2695 923 2942 978 viderent
2973 925 3086 980 ﬁeri
3117 943 3222 981 non
3251 943 3412 998 posse

1834 1023 1894 1070 ut
1929 1016 2000 1070 ab
2046 1014 2404 1084 inquisitione
2433 1014 2658 1088 [crucis
2703 1014 2964 1088 latentis]
3024 1017 3409 1086 desisteretur,

1833 1105 2190 1161 ostendentes
2244 1121 2303 1161 se
2335 1120 2436 1162 sua
2464 1117 2662 1176 Sponte
2713 1106 2916 1170 facere,
2941 1109 3084 1178 quod
3136 1109 3414 1166 faciebant

1834 1197 2016 1264 inviti,
2044 1197 2319 1267 imprimis
2358 1197 2735 1252 venerandum
2780 1197 2995 1252 Domini
3035 1201 3252 1267 signum
3295 1217 3412 1252 nta-

1836 1289 2189 1344 nifestarunt.
2225 1288 2318 1343 llla
2365 1298 2572 1355 autem,
2628 1296 2888 1357 tanquam
2924 1305 2991 1344 ex
3026 1290 3136 1342 alio
3175 1289 3412 1358 quodam

1836 1380 2110 1451 processit
2168 1379 2553 1434 ﬁrmamento:
2619 1396 2812 1449 nempe
2851 1397 2919 1434 ex
2969 1388 3126 1434 terra:
3158 1389 3414 1450 penetra-

1839 1474 2008 1536 libus,
2071 1473 2248 1528 instar
2301 1473 2436 1528 solis
2493 1472 2812 1528 Dominicos
2889 1473 3078 1528 radios
3129 1475 3411 1532 emittens.

1839 1563 2118 1619 Processit
2170 1564 2355 1634 itaque
2399 1571 2622 1618 eterra:
2656 1565 2839 1634 adytis
2885 1564 3105 1620 Domini
3161 1565 3406 1635 signum,

1840 1672 1939 1727 per
1969 1655 2114 1726 quod
2170 1655 2474 1711 inferorum
2519 1671 2810 1712 concussa:
2861 1671 3130 1721 cavernae,
3167 1657 3420 1713 absolve-

1843 1755 1973 1802 runt
2026 1749 2262 1810 animas,
2323 1765 2446 1817 qum
2501 1749 2616 1803 illic
2667 1749 3080 1802 detinebantur.
3140 1747 3420 1804 Processit

146 1848 424 1917 φευθεϊσα
472 1847 506 1916 ἠ
559 1846 618 1913 ἐξ
681 1845 852 1898 ἐθνῶν
913 1845 1246 1916 Ἐκκλησία,
1290 1846 1390 1917 τὴν
1443 1846 1739 1916 πολύγονον

1852 1848 2108 1910 tanquam
2153 1855 2220 1894 ex
2277 1841 2450 1894 cubili
2501 1855 2762 1909 sponsus,
2799 1855 2829 1894 e
2875 1841 3113 1897 terrenis
3161 1843 3422 1898 thalamis

157 1940 444 2009 Ἐλλήνων
477 1939 664 1992 άθεῖαν
703 1938 958 1994 ἀπέθετο.
1007 1938 1286 2009 Προῆλθεν
1320 1939 1348 1991 6
1396 1939 1586 2010 νοητὸς
1633 1939 1743 1992 τῶν

147 2032 370 2088 πιστῶν
403 2031 775 2102 μαργαρίτης,
807 2027 886 2100 τῷ
930 2020 1184 2101 στεφάνῳ
1224 2029 1318 2084 τοῦ
1351 2030 1615 2102 Χριστοῦ,
1649 2031 1742 2084 λυ·-

135 2125 349 2197 .χνίτου
380 2123 537 2193 δίκην
568 2123 1096 2192 ἐμπεπορπημένος,
1129 2123 1218 2176 ἵνα
1246 2121 1612 2195 καταστράψῃ
1642 2122 1742 2192 τὴν

153 2217 468 2287 σύμπασαν
507 2213 858 2284 οἰκουμένην.
891 2214 1171 2287 Προῆλθεν
1197 2216 1225 2268 6
1254 2215 1462 2284 κόσμος
1488 2214 1589 2284 τῆς
1625 2214 1746 2267 Ἐκ-

151 2309 423 2380 κλησίας,
453 2309 482 2360 ὁ
514 2307 609 2360 τοῦ
643 2307 850 2379 Κυρίου
882 2307 1132 2378 σταυρὸς,
1164 2307 1294 2376 ὅλην
1326 2305 1499 2378 αὐτὴν
1535 2306 1749 2376 κοσμή-

161 2419 271 2456 σων
298 2402 404 2471 τὴν
433 2399 716 2472 περίγειον
745 2401 944 2455 κτίσιν.
973 2397 1254 2468 Προῆλθεν
1287 2397 1365 2462 ὡς
1399 2399 1466 2451 ὲκ
1499 2399 1746 2469 φρουρᾶς

161 2497 193 2549 6
221 2493 535 2557 ἀνεύθυνος,
565 2492 655 2546 ἵνα
683 2493 812 2555 τοὺς
842 2490 1180 2553 ὑπευθύνους
1210 2488 1654 2560 άνακαλέσηται·
1684 2491 1749 2542 ὲκ

159 2585 275 2639 τῶν
307 2582 549 2655 δεσμῶν,
571 2585 600 2637 6
624 2583 958 2654 άκράτητος,
995 2582 1084 2634 ἵνα
1103 2583 1232 2644 τοὺς
1260 2579 1519 2651 δεσμίους
1550 2579 1749 2643 λυτοὺς

159 2676 591 2746 ἀπεργάσηται·
625 2677 690 2729 ὲκ
727 2674 838 2729 τῶν
864 2674 1158 2728 σκοτεινῶν
1186 2673 1426 2745 χωρίων,
1451 2671 1542 2727 τοῦ
1573 2671 1750 2742 φωτὸς

159 2771 196 2840 ἡ
225 2767 449 2839 λυχνία,
479 2768 568 2837 ἴνα
597 2767 696 2838 τὴν
749 2766 923 2821 νύκτα
962 2765 1175 2821 λύσασα
1226 2767 1325 2837 τῆς
1355 2764 1658 2834 ἀγνωσίας,
1690 2762 1752 2817 τὸ

162 2861 283 2930 φῶς
311 2859 574 2931 ἐκλάμψῃ
606 2859 707 2930 τῆς
737 2855 1113 2927 ἐπιγνώσεως.

235 3117 487 3180 Εἰκότως
516 3117 611 3174 οὖν
653 3117 687 3187 ή
720 3117 1020 3188 Ἐκκλησία
1049 3119 1128 3190 τῷ
1160 3119 1380 3191 σταυρῷ
1406 3118 1501 3173 τοῦ
1542 3118 1750 3192 Κυρίου

167 3212 572 3281 συγχαίρουσα,
601 3209 692 3264 τδν
723 3212 926 3281 ἑαυτῆς
954 3210 1158 3280 χιτῶνα
1193 3211 1521 3276 στολίζεται,
1553 3215 1649 3266 καὶ
1690 3213 1754 3265 τὸ

166 3299 457 3374 νυμφικδν
505 3299 930 3354 ὲκκαλύπτουσα
967 3299 1190 3366 κάλλος,
1239 3299 1609 3370 ἀποσεμνύνει
1654 3301 1754 3370 τῆς

165 3391 394 3464 ἡμέρας
424 3391 488 3444 τὸ
532 3390 848 3462 πρόσωπον.
891 3391 1134 3452 Εἰκότως
1179 3390 1275 3444 καὶ
1319 3392 1346 3444 6
1377 3391 1547 3454 πολὺς
1597 3384 1755 3455 οὗτος

167 3483 302 3546 λαὸς
351 3482 767 3553 συναγήγερται
801 3485 1077 3554 σήμερον,
1120 3483 1209 3535 ἵνα
1255 3483 1473 3536 καὶτὸν
1519 3482 1754 3552 σταυρὸν

172 3574 570 3646 φανερωθέντα
611 3573 881 3644 θεάσηται
917 3573 1182 3645 σήμερον,
1236 3574 1330 3628 καὶ
1373 3573 1466 3626 τὸν
1517 3571 1756 3642 Χριστὸν

173 3669 229 3722 ὲν
258 3666 415 3736 αύτῷ
438 3665 671 3737 συνυψού
681 3683 841 3736 μενον
873 3666 1228 3738 προσκυνήσῃ
1255 3665 1550 3737 θεώμενος.
1591 3666 1758 3735 Ἐφα-

173 3755 390 3831 νερῶθη
441 3759 572 3829 γάρ,
625 3759 714 3837 ἵνα
775 3758 1000 3828 ὑψωθῇ·
1054 3757 1287 3828 ὑψοῦται
1339 3759 1418 3822 δὲ,
1469 3757 1559 3812 ἵνα
1592 3775 1759 3826 φανε-

175 3853 350 3926 ρωθῇ.
385 3852 520 3918 Τίς;
570 3851 630 3906 '0
679 3851 786 3923 πρὸ
841 3851 1042 3924 μικροῦ
1080 3853 1180 3922 μὲν
1230 3854 1286 3905 ὲν
1330 3852 1486 3920 τόπῳ
1528 3851 1756 3922 κρανίου

172 3944 602 4014 κρυπτόμενος,
649 3943 930 4014 πανταχοῦ
989 3945 1049 3998 δὲ
1108 3945 1206 3998 νῦν
1255 3944 1755 4015 προσκυνούμενος.

173 4035 388 4090 Τοῦτον
434 4035 768 4106 ἑορτάζομεν
816 4037 1094 4106 σήμερον·
1144 4035 1336 4088 τοῦτον
1383 4034 1760 4104 πανηγυρίζο-

174 4143 319 4199 μενο
374 4124 537 4180 τοῦτο
589 4127 689 4198 τῆς
748 4127 1034 4198 παρούσης
1083 4127 1277 4198 ἑορτῆς
1321 4127 1384 4179 τὸ
1439 4126 1758 4194 κεφάλαιον.

168 4219 356 4275 Τοῦτο
378 4221 412 4290 ἡ
431 4217 524 4272 τοῦ
552 4220 850 4290 μυστηρίου
879 4221 1207 4289 φανέρωσις.
1238 4218 1380 4274 Ἀλλ’
1405 4217 1522 4289 ὦρα
1553 4217 1760 4282 λοιπὸν,

169 4311 274 4367 καὶ
300 4311 407 4380 τὴν
435 4310 645 4380 ὕψωσιν
677 4311 848 4366 αὑτοῦ
874 4312 971 4366 τοῦ
1018 4310 1255 4384 σταυροῦ
1280 4313 1586 4382 Γραφικαϊς
1616 4328 1760 4382 μαρσ-

170 4404 402 4475 τυρίαις
441 4401 839 4459 πιστώσασθαι.
881 4405 1057 4457 Τοῦτο
1099 4405 1210 4475 γὰρ
1263 4404 1446 4475 μικρῷ
1491 4404 1760 4476 πρότερον

174 4495 568 4566 ὑπεσχόμεθα,
630 4495 736 4549 κᾶν
777 4497 860 4549 ὅτι
917 4496 1252 4567 προδραμὼν
1300 4498 1328 4549 6
1364 4496 1544 4565 λόγος,
1589 4495 1657 4550 τὰ
1704 4496 1763 4548 ὲν

1845 1947 1981 1986 crux
2009 1931 2250 1996 Domini,
2304 1947 2400 2000 per
2428 1948 2591 2001 quam
2632 1932 2859 1986 Christo
2913 1932 3268 2003 desponsata,
3301 1951 3424 2006 qua:

1844 2035 1911 2075 ex
1968 2020 2229 2089 gentibus
2290 2019 2533 2075 Ecclesia
2577 2029 2682 2086 est,
2743 2021 3005 2090 deposuit
3058 2023 3424 2094 multiplicem

1845 2112 2132 2182 gentilium
2193 2113 2554 2182 impietatem.
2603 2113 2885 2169 Processit
2921 2113 3294 2184 intelligibilis
3328 2115 3425 2172 illa

1849 2200 2088 2256 ﬁdelium
2125 2203 2446 2272 margarita.
2499 2217 2719 2257 corona:
2760 2201 2967 2258 Christi
3003 2203 3180 2259 instar
3210 2205 3428 2276 lychni:

1847 2291 1920 2346 tis
1950 2306 2176 2362 gemma:
2227 2306 2292 2346 ac
2321 2292 2644 2347 carbunculi
2682 2291 2804 2363 (60)
2855 2292 3044 2360 inﬁxa,
3101 2301 3160 2348 ut
3203 2296 3426 2350 univer-

1849 2397 1971 2437 sum
2035 2393 2308 2436 terrarum
2361 2383 2552 2438 orbem
2616 2382 2868 2437 irradiet.
2932 2383 3212 2440 Processit
3258 2401 3428 2440 orna-

1846 2483 2095 2530 mentum
2155 2475 2439 2540 Ecclesiae,
2499 2491 2634 2529 crux
2688 2475 2927 2540 Domini,
2993 2482 3054 2530 ιιι
3109 2477 3426 2533 universam

1851 2575 2168 2622 terrestrem
2235 2577 2490 2622 naturam
2545 2567 2899 2623 condecoret.
2966 2567 3248 2624 Processit
3300 2579 3427 2625 tan-

1849 2672 2014 2728 quam
2058 2673 2125 2712 ex
2177 2658 2432 2713 custodia
2465 2659 2676 2722 insons,
2712 2666 2770 2712 ut
2822 2668 3011 2716 sontes
3045 2673 3330 2716 revocaret
3361 2677 3426 2717 ex

1856 2750 2111 2816 vinculis,
2142 2765 2264 2820 qua:
2309 2752 2482 2806 teneri
2538 2751 2731 2821 nequit
2771 2759 2824 2806 et
2863 2751 3085 2821 vinciri,
3121 2761 3182 2808 ut
3213 2755 3430 2809 vinctos

1854 2841 2095 2896 vinculis
2125 2843 2480 2908 exsolveret;
2513 2857 2578 2896 ex
2617 2843 3002 2899 tenehricosis'
3026 2843 3163 2899 locis
3206 2843 3430 2899 lucerna

1833 2920 2018 2998 ‘lucis,
2051 2941 2112 2988 ιιι
2143 2933 2380 3004 disjecta
2417 2933 2743 3004 ignorantiae
2783 2943 2968 2999 nocte,
3007 2935 3102 2990 lux
3159 2936 3432 3007 cognitio-

1854 3024 1943 3081 nis
1973 3024 2276 3096 all'ulgeret.

1925 3115 2060 3175 Jure
2105 3119 2276 3190 igitur
2327 3117 2600 3183 Ecclesia,
2647 3119 2804 3175 cruci
2846 3117 3065 3172 Domini
3119 3117 3430 3189 gratulans,

1859 3222 2008 3268 veste
2039 3227 2137 3268 sua
2187 3212 2474 3277 amicitur,
2515 3220 2570 3268 et
2611 3227 2830 3282 sponsae
2861 3219 3149 3268 ostentans
3180 3211 3432 3282 pulchri-

1853 3305 2119 3371 tudinem,
2151 3302 2260 3359 diei
2284 3303 2451 3373 hujus
2476 3305 2802 3358 cohonestat
2832 3303 3205 3374 praesentiam.
3239 3301 3437 3358 Merito

1852 3399 2016 3452 etiam
2047 3397 2242 3466 ingens
2279 3396 2396 3451 haec
2430 3395 2724 3451 multitudo
2753 3396 2918 3451 hodie.
2949 3406 3282 3467 congregata
3318 3403 3428 3460 est,

1854 3499 1912 3542 ut
1933 3496 1987 3543 et
2013 3504 2232 3544 crucem
2255 3486 2590 3559 patefactam
2639 3488 2802 3543 hodie
2829 3489 3249 3559 contempletur,
3282 3488 3437 3544 Chri-

1855 3589 2110 3648 stumque
2145 3580 2310 3635 simul
2330 3580 2386 3634 in
2407 3581 2496 3633 illa
2515 3580 2818 3634 exaltatum
2855 3581 3044 3635 videns
3075 3581 3266 3635 adoret
3299 3581 3432 3654 (6i).

1856 3671 2129 3726 Patefacta
2168 3673 2312 3727 enim
2354 3681 2456 3735 est,
2507 3680 2566 3727 ut
2597 3674 2874 3728 exaltetur
2932 3692 2945 3727 :
2989 3675 3262 3730 exaltatur
3305 3689 3439 3730 vero

1857 3768 1918 3815 ut
1970 3761 2369 3816 manifestetur.
2435 3761 2744 3827 Quaenam?
2795 3759 2894 3816 Illa
2967 3762 3250 3830 videlicet,
3317 3781 3440 3834 qua:

1861 3855 2022 3924 paulo
2057 3859 2188 3906 ante
2219 3852 2274 3906 in
2315 3852 2438 3906 loco
2487 3852 2756 3906 Calvaria:
2797 3852 3261 3919 abscondehatur,
3291 3868 3440 3908 nunc

1861 3950 2045 3998 autem
2086 3941 2294 4013 ubique
2341 3942 2628 3996 adoratur.
2669 3939 2809 3997 Huic
2844 3942 3006 3997 hodie
3058 3943 3262 3998 festum
3295 3945 3439 3999 diem

1864 4035 2219 4100 dedicamus;
2276 4034 2443 4103 hujus
2475 4035 2650 4105 gratia
2715 4035 2768 4088 in
2822 4050 2993 4090 unum
3053 4037 3440 4092 convenimus.

1865 4126 1983 4182 Hoc
2018 4129 2310 4197 praesentis
2360 4126 2484 4181 festi
2530 4134 2698 4198 caput
2727 4136 2846 4194 est;
2895 4125 3010 4181 haec
3071 4127 3316 4198 mysterii
3348 4127 3446 4180 de-

1865 4221 2120 4275 claratio.
2164 4219 2270 4274 Sed
2309 4220 2423 4289 jam
2475 4228 2693 4290 tempus
2742 4227 2928 4274 monet
2960 4227 3018 4272 ιιι
3055 4218 3442 4274 exaltationem

1869 4313 2048 4383 ipsius
2100 4313 2284 4368 crucis
2335 4311 2637 4382 Scriptura:
2663 4312 2995 4367 testimoniis
3025 4313 3442 4366 conlirmemus.

1873 4404 1988 4458 lloc
2027 4405 2175 4460 enim
2206 4405 2369 4474 paulo
2399 4404 2657 4474 superius
2703 4404 2935 4474 polliciti
2985 4418 3198 4468 sumus,
3230 4403 3447 4457 etiamsi

1874 4512 2220 4567 pra-currens
2242 4498 2442 4563 oratio,
2462 4513 2525 4550 ea
2561 4512 2683 4569 qua:
2713 4498 2768 4551 in
2809 4495 2992 4552 medio
3019 4502 3202 4561 erant,
3224 4503 3449 4566 praeter-

179 4588 340 4658 μέσῳ
362 4587 638 4659 παρῆκεν.
667 4587 816 4641 Ἔδει
841 4587 972 4658 γὰρ,
1013 4587 1123 4642 ἔδει
1146 4590 1382 4661 φανερὸν
1419 4587 1671 4658 γενέσθαι
1701 4584 1762 4640 τὸ

1871 4591 1956 4646 iit.
2002 4589 2311 4663 Oportebat
2361 4592 2549 4657 enim,
2580 4567 2904 4661 ioportebat
2958 4587 3347 4645 absconditum
3395 4598 3449 4643 et

255 4775 281 4807 ³
320 4763 472 4824 Psal.
489 4765 778 4832 uxut,l2.

1515 4894 1910 4952 COMBEFISII
1938 4898 1981 4953 Ν
1988 4898 2147 4953 ΟΤᾹΞ
2161 4940 2173 4953 .

253 5021 372 5093 (60)
400 5019 586 5093 Iusta!
617 5018 867 5088 lychnitis
897 5034 1115 5093 gemuit?
1145 5028 1194 5072 et
1239 5017 1566 5093 carbuncnii.
1599 5017 1768 5093 Δίκην

176 5086 462 5164 λυῂνίτου.
547 5086 683 5164 Si_c___
713 5098 838 5164 apte
898 5086 1152 5164 coluere-t
1203 5087 1394 5164 _priori
1441 5087 1564 5164 _illi
1623 5086 1770 5154 quod

176 5156 753 5233 οιβιίοθ-ιιπροῆλθεν
801 5159 830 5209 6
894 5158 1011 5233 signa
1037 5156 1269 5233 .ﬂIGTl-tl‘l
1308 5156 1497 5226 νοητὸς
1554 5174 1773 5233 μρργα⁴

219 5225 363 5302 ίεὲης.
397 5225 578 5302 Minus
607 5225 739 5302 vero
779 5235 837 5281 ut
861 5225 1178 5281 reddiderat
1213 5226 1511 5302 Cretzerus
1541 5225 1776 5302 :_lnstar

219 5255 363 5302 ιτης.
399 5255 578 5284 mutus
610 5255 739 5280 Vtru
779 5255 837 5281 ιιι
864 5255 1178 5281 Icuu1uct'iu
1213 5255 1511 5281 ursum-uua
1542 5255 1554 5281 ;
1587 5255 1773 5282 luitur

180 5255 785 5372 fantpudistlnaudita
845 5307 993 5352 certe
1045 5297 1402 5372 metaphora,
1442 5309 1526 5372 ut_
1558 5297 1776 5372 dicatur

179 5367 400 5440 lampas
429 5369 577 5438 inﬁgi
612 5369 774 5432 regiae
817 5382 1059 5429 coronzc,
1111 5383 1210 5440 seu
1245 5369 1410 5440 etiam
1459 5367 1667 5440 aliquid
1718 5369 1773 5422 in

179 5437 416 5501 modum
448 5437 750 5509 lampadis;
794 5451 860 5491 ac
915 5452 1024 5492 non
1076 5439 1250 5507 magis
1281 5437 1440 5509 lapis
1471 5439 1766 5509 pretiosus,

181 5513 432 5570 maxime
504 5507 924 5579 carbunculus,
984 5514 1136 5562 totus
1189 5507 1432 5579 entieans
1477 5507 1769 5579 fulgorem

183 5579 684 5655 igneuquualem
717 5577 905 5655 Crates
927 5592 1034 5655 χοι
1075 5577 1351 5655 exprimit.

259 5652 374 5724 (fit)
425 5647 617 5705 Videris
655 5649 894 5724 adoret.-
927 5647 1319 5724 llpoaxuvtjaq
1345 5647 1639 5724 θεώμενος.
1688 5648 1770 5724 Ita

185 5716 458 5790 cum.
488 5734 610 5789 quae
655 5720 818 5774 lectio
845 5718 964 5771 visa
979 5716 1076 5773 est
1103 5716 1411 5790 probatior.
1449 5716 1658 5790 Videns
1684 5717 1771 5772 ni-

193 5787 680 5863 misth'crucem
741 5790 1064 5854 exaltatam,
1105 5787 1173 5845 et
1225 5787 1404 5860 palam
1455 5788 1770 5859 expositam

1867 5016 2212 5071 adorationis
2243 5032 2435 5076 causa.
2472 5017 2524 5071 itt
2565 5032 2627 5072 ea
2665 5017 2788 5073 ﬁdei
2843 5020 3026 5074 oculis
3052 5018 3342 5073 Christum
3372 5020 3454 5073 vi-

1868 5086 2018 5149 deat,
2043 5095 2098 5142 et
2125 5103 2232 5141 una
2265 5089 2491 5152 adoret;
2531 5104 2652 5156 qua:
2681 5096 2771 5143 est
2798 5091 2941 5143 ratio
2991 5089 3114 5144 festi
3143 5087 3452 5143 Evaltatio-
3495 5121 3497 5124 -

1870 5157 1960 5212 nis
1990 5157 2196 5222 crucis,
2225 5166 2356 5212 ante
2381 5159 2506 5226 ejus
2544 5161 2710 5213 etiam
2733 5159 3114 5215 reductionem
3142 5175 3170 5211 a
3199 5157 3452 5222 Perside,

1871 5241 1939 5284 eo
1971 5227 2193 5298 nomine
2221 5229 2488 5298 celebris:
2522 5236 2578 5282 ut
2610 5231 2760 5284 velut
2787 5227 3146 5298 ὲγκαινισμδς
3175 5238 3229 5298 et
3255 5227 3452 5298 trium-

1872 5297 2058 5368 phalis
2111 5296 2252 5364 dies,
2318 5299 2388 5352 ab
2433 5297 2552 5365 ipsa
2608 5295 2847 5362 inventa,
2908 5295 3124 5368 semper
3189 5295 3454 5351 Ecclesiis

1877 5367 2080 5430 fuerit;
2114 5378 2280 5422 aucta
2309 5375 2493 5423 tamen
2520 5367 2814 5436 plurimum
2842 5367 3130 5437 religione,
3154 5382 3184 5418 a
3208 5367 3484 5422 secunda’

1872 5438 1980 5508 illa,
2021 5438 2146 5507 ejus
2177 5439 2454 5508 positione
2505 5454 2602 5507 per
2658 5436 2972 5508 lleracliuni
3033 5436 3456 5508 Hierosolymis.

1875 5507 2064 5563 Refert
2091 5507 2342 5563 Andreas
2381 5507 2448 5561 ad
2495 5510 2613 5578 ipsa
2652 5507 3000 5563 Constantini
3031 5516 3277 5577 tempora
3293 5507 3460 5578 hunc

1873 5580 2040 5633 ritum
2091 5579 2372 5632 elevandae
2420 5577 2623 5640 crucis,
2669 5588 2723 5632 et
2777 5578 3114 5647 exhibenda:
3149 5577 3353 5647 populo
3388 5577 3460 5634 ad

1875 5649 2298 5715 adorationem;
2354 5664 2470 5718 quo
2519 5647 2682 5703 modo
2729 5648 3030 5703 etiamnqu
3077 5646 3307 5704 Taurini
3371 5659 3463 5705 sa-

1876 5733 2032 5790 crum
2077 5718 2385 5782 sudarium,
2418 5720 2658 5788 aliisque
2698 5719 2837 5774 locis
2875 5720 3176 5774 sacra-alia
3209 5719 3463 5790 pignora,

1878 5788 2134 5847 manibus
2173 5790 2498 5860 pontiﬁcum
2528 5789 2860 5862 quandoque
2887 5788 3294 5850 monstrantur:
