3820 6316
187 328 342 389 1045

1250 334 1332 394 ΙΝ
1372 335 1919 402 DORMITIONEM
1951 343 2013 404 S.
2055 345 2342 408 ΜΛΒῙᾹΞ.
2379 348 2426 410 Ι.

3341 352 3486 419 10ίῦ

191 439 463 512 καθάπερ
493 441 716 514 ἀρότρῳ
747 443 847 514 τὴν
869 444 1232 518 ἀνθρωπίνην
1277 448 1442 517 φύσιν
1465 452 1566 524 τὴν
1589 454 1792 525 ἄγονον

1899 470 2064 525 quam
2149 467 2387 520 aratro,
2455 458 2811 516 infecundam
2870 463 3157 518 hominum
3221 475 3490 524 naturam-

193 533 894 607 γεωργήσαντες,-ἁιιθαλῆ
926 555 986 592 τε
1010 539 1116 608 τῆς
1165 539 1498 614 Ἐκκλησίας
1537 546 1606 600 τὰ
1650 546 1783 619 λήϊα

185 621 497 690 δείξαντες,
534 625 805 697 πολύχουν
830 627 942 680 τῶν
965 629 1047 692 είς
1073 629 1310 702 Χριστὸν
1335 637 1784 692 πεπιστευκότων

183 717 287 770 τὸν
315 718 530 790 ἄμητον
559 719 913 788 ἐκομίσαντο.
952 719 1142 792 Τούτῳ
1186 723 1526 796 ῥωννύμενοι
1568 729 1782 799 μάρτυ-

183 825 310 880 ρες,
337 809 435 863 καὶ
469 808 784 874 πίπτοντες,
811 812 939 876 τοὺς
970 811 1268 883 βάλλοντας
1297 815 1546 872 ἔτυπτον.
1576 818 1655 872 Δι’
1687 819 1786 874 αὑ·

185 903 294 958 τοῦ
329 903 572 971 Χριστὸς
601 903 947 977 ἐπεγνώσθη,
979 906 1074 960 καὶ
1105 907 1215 962 τῶν
1245 909 1452 962 πιστῶν
1483 913 1516 981 ἠ
1548 911 1783 983 Ἐκκλη-

189 995 288 1050 σία
323 997 424 1050 διὰ
459 995 668 1061 παντὸς
699 998 800 1067 τὴν
826 999 1051 1071 Γραφὴν
1085 991 1589 1069 ἀναπτύξασα,’τδν
1619 1004 1784 1059 αὑτὸν

175 1089 417 1158 εἰσάγει
459 1090 697 1160 Χριστὸν
733 1091 827 1146 τὸν
881 1091 977 1148 τοῦ
1009 1091 1147 1146 Θεοῦ
1178 1094 1327 1158 Υἱὸν,
1382 1097 1480 1149 καὶ
1525 1097 1784 1153 αὐτόθεον

181 1181 286 1236 καὶ
344 1181 698 1252 αῦτοιιύριον,
752 1182 1157 1253 μεγαλοφώνως
1187 1187 1503 1256 ἐμϐοῶντα·
1541 1207 1560 1241 ι
1609 1190 1675 1244 El'
1699 1209 1784 1255 τις

183 1273 344 1328 θέλει
381 1275 564 1329 ὀπίσω
593 1292 698 1345 μου
744 1275 942 1342 ἐλθεῖν,
985 1279 1400 1352 ἀπαρνησάσθω
1450 1283 1666 1348 ἑαυτὸν,
1690 1287 1785 1338 καὶ

180 1366 393 1436 ἀράτω
423 1367 518 1420 τὸν
574 1367 808 1439 σταυρὸν
853 1367 1044 1433 αὐτοῦ,
1080 1371 1177 1424 καὶ
1205 1371 1576 1428 ἀκολουθείτω
1610 1393 1723 1445 μοι.
1751 1395 1777 1428 a

179 1458 270 1510 Δι’
311 1457 485 1512 αὑτοῦ
519 1458 588 1512 τὰ
625 1459 736 1512 τῶν
768 1460 1114 1530 Χριστιανῶν
1164 1463 1340 1526 ἀνθεῖ,
1373 1464 1468 1517 καὶ
1503 1467 1784 1538 πανταχοῦ

173 1551 605 1604 ἐπεκτείνεται.
642 1552 720 1603 Δι’
747 1550 911 1604 αὐτοῦ
952 1551 1199 1622 βασιλεία
1245 1555 1601 1624 κρατύνεται,
1639 1560 1784 1614 πολι-

176 1641 318 1695 τεία
343 1643 690 1728 στηρίζεται,
709 1643 964 1714 πολέμιοι
989 1644 1266 1711 πίπτουσι,
1289 1647 1462 1719 ὀφρῦς
1485 1651 1784 1723 Βαρϐάρων

177 1740 522 1806 ἁλίσκεται,
568 1740 791 1812 Ἰσραὴλ
859 1741 1336 1810 κατασφάττεται,
1389 1747 1783 1818 κεραυνοῦνται

178 1833 497 1902 δαίμονες·
541 1835 624 1889 ὅτι
669 1834 730 1886 ἐν
783 1832 935 1905 αὐτῷ
979 1834 1076 1888 καὶ
1110 1835 1178 1889 δι’
1234 1835 1403 1892 αὑτοῦ
1443 1839 1784 1911 πιστεύομεν

181 1924 502 1991 σώζεσθαι,
527 1925 620 1980 καὶ
645 1925 812 1988 αὐτός
843 1929 962 1980 ἔστι
994 1928 1056 1982 τδ
1092 1945 1110 1979 ι
1136 1931 1362 2000 σημεῖον
1394 1931 1490 1984 τοῦ
1533 1932 1663 1986 Υῖοῦ
1689 1934 1784 1988 τοῦ

177 2014 522 2086 ἀνθρώπουο
553 2036 574 2070 ι
607 2017 724 2081 καὶ,
759 2037 778 2070 ι
802 2019 894 2073 Ἐν
939 2019 1089 2094 αὐτῷ
1123 2023 1271 2076 πᾶσα
1311 2024 1470 2096 σὰρξ,
1501 2045 1520 2078 ι
1557 2026 1698 2079 κατὰ
1725 2027 1786 2081 τὸ

180 2103 613 2178 γεγραμμένον,
654 2127 674 2162 ι
698 2108 891 2181 ὄψεται
921 2112 983 2167 τὸ
1005 2115 1274 2185 σωτήριον
1293 2115 1388 2170 τοῦ
1409 2117 1545 2171 Θεοῦ
1569 2119 1745 2188 ἡμῶν.
1761 2139 1779 2172 ι

181 2202 332 2267 Καὶ,
367 2220 394 2254 c
435 2203 770 2273 ὐψονταιοί
809 2204 1053 2262 Ἰουδαῖοι
1097 2207 1219 2280 [καὶ
1263 2209 1547 2282 κόψονται]
1595 2213 1679 2276 είς
1725 2212 1785 2266 ὃν

183 2296 587 2368 ἐξεκέντησαν.
615 2317 635 2351 t
667 2298 861 2369 Ἡμεῖς
883 2301 964 2366 δὲ,
984 2301 1100 2356 ὅσοι
1115 2303 1192 2373 τῷ
1215 2306 1355 2373 φωτὶ
1371 2305 1539 2359 αὑτοῦ
1564 2305 1788 2380 επορεύ-

193 2389 405 2462 θημεν,
441 2390 538 2443 σὺν
577 2391 728 2462 αὐτῷ
777 2392 1251 2466 δοξασθησὸμεθα,
1291 2399 1388 2451 καὶ
1427 2397 1787 2469 συμϐασιλεύ-

199 2492 375 2546 σομεν
397 2485 477 2550 τῷ
503 2480 643 2552 Θεῷ,
669 2485 735 2553 τῇ
768 2483 958 2554 Τριάδι
983 2486 1079 2538 σὺν
1103 2486 1358 2556 ἀγγέλοις
1394 2488 1785 2560 περιχορεύον-

197 2588 329 2635 τες·
383 2576 451 2644 τῇ
497 2575 557 2628 ὲν
617 2577 814 2647 Πατρὶ,
862 2580 957 2632 καὶ
998 2579 1137 2650 Υίῷ,
1192 2583 1287 2635 καὶ
1324 2582 1466 2654 ἁγίῳ
1504 2584 1786 2653 Πνεῦματι

197 2665 686 2740 προσκυνουμένῃ.
728 2667 825 2721 νῦν
865 2671 966 2723 καὶ
991 2671 1104 2736 ἀεὶ,
1151 2673 1247 2727 καὶ
1301 2675 1383 2738 είς
1425 2675 1553 2738 τοῦς
1581 2675 1788 2742 αἰῶνας

193 2755 311 2808 τῶν
351 2753 588 2812 αἰώνων.
629 2758 828 2830 Ἀμήν.

809 2983 1031 3037 ΛΟΓΟΣ
1078 2986 1178 3039 IB'.

268 3095 379 3158 εις
410 3092 533 3164 τὴν
567 3096 1351 3209 κοίμηεᾜερξξςειίξγίας
1382 3108 1720 3178 Δεσποίνης
1815 3146 1864 3209 c

735 3168 906 3239 ἡμῶν
934 3168 1247 3229 Θεοτόδὶού.

1881 544 2214 614 coluissent,
2249 555 2305 604 et
2330 548 2557 605 uberem
2602 549 2992 620 virentemque
3021 551 3294 610 Ecclesia
3320 569 3481 627 sege-

1883 641 1992 690 tem
2018 633 2358 703 ell‘ecissent,
2375 653 2592 704 eorum,
2611 639 2786 709 quiin
2815 639 3099 696 Christum
3118 643 3496 700 crediderunt.

1877 742 2142 798 magnam
2214 743 2452 786 messem
2527 741 2910 803 reportatum.
2990 731 3108 790 Hac
3157 737 3478 793 conﬁrmati

1881 829 2179 890 martyres,
2209 835 2336 876 cum
2367 821 2542 876 etiam
2563 821 2913 877 eaderentac
2943 823 3333 880 occiderentur
3361 827 3476 897 (68)

1885 909 2236 987 incessentes
2285 912 2688 984 ferientesque,
2740 915 3138 970 verberabant.
3188 916 3294 974 Per
3322 917 3488 996 illaut-

1880 1001 2141 1061 Cbristus
2180 1005 2404 1078 agnitus
2431 1015 2540 1071 est,
2607 1007 2968 1078 ﬁdeliumque
3018 1007 3272 1065 Ecclesia
3318 1010 3473 1067 Scri-

1881 1105 2112 1166 pturam
2143 1108 2413 1168 perpetuo
2439 1099 2728 1162 evolvens,
2763 1097 3019 1155 eumdem
3076 1099 3291 1155 inducit
3313 1100 3482 1158 Cbrib

1879 1195 2033 1244 stum
2062 1187 2159 1245 Dei
2193 1189 2425 1255 Filium,
2457 1198 2515 1246 et
2568 1191 2749 1261 ipsum
2807 1206 2910 1262 per
2939 1206 3000 1248 se
3033 1190 3229 1257 Deum,
3257 1193 3478 1264 ipsum-

1885 1297 1998 1352 que
2027 1297 2131 1351 per
2177 1297 2239 1337 se
2298 1281 2620 1346 Dominum,
2663 1298 2860 1352 magna
2895 1298 3034 1339 voce
3087 1284 3468 1340 clamantem:

1889 1391 1909 1425 ι
1946 1373 2005 1427 Si
2033 1375 2161 1442 quis
2183 1373 2298 1427 vult
2326 1385 2449 1444 post
2477 1388 2562 1428 me
2582 1374 2793 1439 venire,
2823 1375 3057 1446 abneget
3084 1377 3477 1448 semetipsum,

1881 1471 1939 1520 et
1972 1465 2127 1520 tollat
2184 1479 2406 1519 crucem
2455 1480 2638 1530 suam,
2672 1473 2728 1520 et
2781 1475 3049 1536 sequatur
3092 1483 3178 1522 me
3218 1479 3264 1522 ο.
3307 1486 3328 1520 ι
3363 1467 3476 1525 Per

1887 1557 2064 1628 ipsam
2119 1560 2322 1611 ﬂorent
2355 1571 2445 1612 res
2513 1556 2999 1621 Christianorum,
3049 1566 3105 1614 et
3137 1561 3193 1613 in
3244 1574 3468 1614 omnem

1887 1660 2100 1723 partem
2131 1662 2532 1723 propagentur.
2593 1649 2698 1707 Per
2744 1653 2921 1722 ipsam
2958 1666 3148 1723 regum
3177 1651 3470 1722 imperium

1881 1747 2162 1807 tinuatur.
2193 1747 2504 1816 respublica
2559 1745 2864 1808 stabilitur,
2888 1744 3096 1798 cadunt
3128 1743 3344 1807 hostes,
3375 1757 3473 1798 su-

1891 1839 2182 1908 percilium
2220 1839 2595 1894 Barbarorum
2639 1838 2996 1908 deprimitur,
3023 1836 3223 1892 Ismael
3255 1836 3472 1892 interfi-

1885 1933 2053 1996 citur,
2088 1931 2368 1986 daemones
2400 1929 2636 1984 fulmine
2666 1929 3088 1997 percelluntur,
3124 1925 3388 1996 quoniam
3416 1924 3473 1980 in

1887 2026 2006 2094 ipsa
2065 2031 2119 2078 et
2143 2037 2240 2092 per
2271 2023 2448 2093 ipsam
2487 2036 2588 2076 nos
2621 2022 2809 2074 salvos
2844 2017 2965 2074 fore
2997 2018 3324 2084 credimus;
3361 2023 3475 2073 est-

1886 2133 1995 2188 que
2019 2119 2136 2187 ipsa
2167 2133 2186 2167 ι
2209 2113 2439 2184 Signum
2472 2111 2598 2167 Filii
2651 2111 2894 2168 hominis
2929 2109 2950 2150 ί
2982 2127 3000 2179 ;
3035 2129 3055 2161 ι
3089 2116 3258 2179 atque
3293 2109 3348 2164 in
3377 2124 3469 2176 ea,

1887 2211 2041 2265 sicut
2070 2209 2340 2277 scriptum
2377 2213 2466 2261 est
2505 2222 2517 2258 :
2552 2221 2572 2255 ι
2602 2202 2823 2258 Videbit
2854 2203 3039 2257 omnis
3059 2216 3195 2257 caro
3225 2201 3476 2258 salutare

1887 2300 1985 2357 Dei
2025 2300 2202 2355 nostri
2239 2299 2298 2358 ις
2340 2317 2359 2350 i
2395 2305 2492 2351 et:
2529 2315 2548 2348 ι
2579 2293 2864 2350 Videbunt
2929 2291 3145 2356 Judaei,
3199 2301 3254 2349 et
3308 2292 3470 2364 plan-

1887 2402 2033 2465 gent,
2065 2409 2121 2448 in
2164 2407 2329 2463 quem
2369 2391 2720 2446 conflxerunt
2747 2386 2816 2443 ιιι
2849 2406 2868 2441 ι
2903 2386 3017 2443 Nos
3064 2402 3218 2452 vero,
3272 2386 3368 2457 qui
3417 2388 3482 2442 in.

1888 2485 2098 2542 lumine
2129 2485 2251 2556 ejus
2279 2484 2653 2549 ambulamus,
2687 2497 2815 2538 cum
2849 2481 2965 2552 ipsa
2997 2478 3460 2552 glorificabimur,

1886 2588 1945 2636 et
1971 2578 2328 2649 regnabimus
2357 2576 2527 2632 simul
2563 2591 2689 2631 cum
2753 2573 2885 2638 Deo,
2941 2573 3093 2628 circa
3131 2569 3469 2625 Trinitatem

1888 2654 2024 2728 cum.
2045 2671 2260 2740 angelis
2308 2668 2543 2724 choreas
2592 2669 2862 2722 ducentes
2902 2683 2918 2721 :
2950 2679 3074 2735 qua;
3101 2666 3375 2719 adoratur
3405 2663 3462 2718 in

1887 2763 2075 2827 Patre,
2102 2773 2158 2818 et
2179 2759 2320 2815 Filio
2341 2767 2397 2816 et
2430 2758 2645 2829 Spiritu
2682 2767 2909 2824 sancto,
2942 2770 3094 2812 nunc
3119 2764 3177 2810 et
3229 2769 3468 2825 semper,

1889 2855 2018 2910 etin
2043 2854 2244 2911 saecula
2279 2853 2612 2909 saeculorum
2652 2850 2852 2904 Amen.

2468 2983 2722 3040 ORATIO
2754 2981 2867 3038 XII.

1897 3103 1960 3161 1η
1990 3103 2366 3162 dormitiouem
2410 3097 3050 3241 εαηοιῗεδὶιηῖἓθςεὶρσηε
3081 3097 3324 3153 Domina
3372 3113 3471 3151 no-

2529 3187 2554 3226 s
2583 3186 2676 3227 rte.

2529 3186 2676 3227 ΗΠΒ.

1483 3310 1794 3376 (lnterprete
1845 3311 2192 3372 Combeﬂsio.)

274 3386 434 3439 Ὅσοι
461 3385 524 3441 τὸ
575 3388 774 3443 σεπτὸν
819 3390 978 3444 τοῦτο
997 3392 1096 3460 τῆς
1129 3392 1392 3449 Θεοτόκου
1423 3399 1789 3470 κατειλήφατε

199 3479 459 3549 τέμενος,
498 3479 658 3551 δεῦρό
689 3500 801 3551 μοι,
834 3483 1069 3556 λιπαρῶ,
1097 3489 1586 3558 συνεπαμύνασθαι
1614 3494 1789 3564 σήμε-

199 3585 299 3643 ρον
329 3573 466 3640 περὶ
501 3571 592 3624 τὸν
629 3572 787 3642 λόγον
817 3575 1103 3644 κάμνοντι,
1146 3579 1240 3632 καὶ
1273 3582 1409 3646 πρὸς
1438 3583 1498 3636 τὸ
1531 3583 1665 3652 ὕψος
1695 3585 1791 3638 καὶ

201 3661 375 3730 βάθος
401 3663 781 3731 ἀμηχανοῦντι
803 3715 812 3720 ,
837 3667 932 3720 τοῦ
968 3667 1269 3739 θαύματος.
1304 3669 1422 3727 Εἶθ’
1457 3675 1629 3740 οὕτως
1665 3693 1791 3728 συν-

197 3755 516 3815 αναϐάντις
537 3757 630 3808 ἐπὶ
659 3756 720 3810 τὸ
736 3759 906 3830 ἄκρον
928 3762 1028 3832 τῆς
1053 3765 1363 3834 κεφαλίδος,
1391 3767 1450 3820 τὸ
1470 3768 1534 3837 δὴ
1554 3767 1787 3839 λεγόμε-

199 3860 316 3907 νον,
363 3846 447 3908 είς
495 3846 630 3900 Θεοῦ
665 3850 940 3921 μυστήρια
987 3853 1427 3925 παρακὺψωμεν,
1471 3858 1568 3910 καὶ
1615 3856 1792 3927 λόγων

196 3935 518 4006 ἐπιταφίων
555 3939 901 4010 ἀκούσωμεν.

277 4149 300 4173 ⁸
343 4141 480 4200 Luc.
549 4161 625 4214 Ix,
679 4147 770 4206 εὖ.
853 4148 1092 4206 ίΜιιιιΙι.
1134 4169 1286 4221 utv,
1343 4153 1431 4210 50.
1477 4157 1505 4197 ⁸
1543 4154 1654 4210 lsa.
1693 4173 1779 4222 τι..
1802 4160 1854 4216 5.
1888 4164 1898 4193 "

1961 3398 2242 3466 Quotquot
2276 3395 2330 3450 in
2372 3393 2688 3450 venerabile
2721 3391 2827 3448 hoc
2861 3391 2953 3446 Dei
2987 3389 3290 3446 Genttrtcis
3329 3398 3469 3444 tem-

1889 3491 2035 3560 plum
2071 3488 2447 3551 concessistis,
2484 3486 2693 3549 adeste,
2731 3499 2885 3556 rogo,
2941 3483 3100 3538 hodie
3133 3481 3359 3538 auxilio.
3393 3482 3476 3536 Ia-

1889 3582 2107 3638 boranti
2143 3581 2196 3634 in
2251 3579 2521 3635 sermonis
2553 3593 2749 3648 agone,
2784 3592 2884 3632 uec
2920 3575 3173 3630 miraculi
3220 3574 3471 3628 altitudi-

1890 3689 2013 3729 nem
2055 3671 2596 3740 profuuditatemque
2637 3668 2839 3723 valenti
2880 3669 3018 3723 satis
3049 3667 3290 3737 assequi.
3331 3665 3470 3719 Tum

1891 3778 2023 3818 vero
2053 3762 2256 3832 pariter
2284 3762 2352 3815 ad
2382 3775 2653 3814 summum
2686 3760 2764 3814 rei
2816 3767 3004 3826 caput,
3040 3757 3187 3828 quod
3238 3756 3464 3817 dicitur,

1896 3853 2278 3918 ascendentes,
2309 3853 2363 3905 in
2401 3851 2493 3906 Dei
2532 3857 2877 3905 sacramenta
2916 3849 3066 3904 velut-
3098 3847 3468 3902 iucuinbemlo

1897 3948 2089 4003 oculos
2119 3947 2423 4001 inferamus
2443 3951 2461 4005 ί
2485 3943 2610 4006 70),
2641 3959 2705 3999 ac
2739 3957 3024 3999 sermones
3079 3939 3344 3996 funebres
3374 3954 3472 3993 au-

1899 4039 2139 4095 diamus.

2007 4155 2035 4198 h
2063 4154 2296 4212 Zachar.
2318 4167 2414 4218 xu,
2446 4149 2555 4210 ιο.-

1513 4247 1901 4306 COMBEFISII
1938 4248 2176 4305 NOTAE.

279 4331 396 4402 (68)
439 4332 574 4387 Cum
624 4335 787 4389 etiam
836 4336 1084 4392 caderent
1140 4348 1191 4392 et
1250 4338 1635 4394 occiderentur.
1678 4340 1792 4394 Kal.

207 4409 526 4482 πίπτοντες,
593 4403 739 4482 δῇιιίί
789 4407 1018 4482 clarius,
1075 4420 1132 4462 et
1177 4410 1231 4464 in
1271 4420 1566 4482 martyres,
1613 4421 1793 4465 morte

1901 4357 2045 4395 mam
2073 4341 2195 4409 ejus
2227 4339 2654 4400 solemnitatem,
2699 4335 3092 4409 devotissimus
3121 4336 3295 4409 cliens
3326 4336 3476 4409 cele-

1901 4411 2023 4465 brat
2058 4430 2069 4464 :
2107 4407 2341 4479 totaque
2394 4409 2684 4472 modestia,
2730 4407 2861 4479 quid
2893 4407 2983 4476 pia
3032 4408 3328 4479 traditione
3361 4407 3475 4476 jam

209 4495 333 4542 sua,
362 4491 461 4528 ceu
507 4475 563 4562 in
593 4474 806 4562 Christi
839 4480 1027 4546 praelia
1068 4474 1456 4561 prosternente
1487 4481 1662 4562 hoste,
1714 4484 1794 4562 vi?
1830 4504 1870 4558 υ
1900 4483 2029 4562 olim
2057 4474 2301 4562 Eoi-lesia
2330 4479 2414 4549 pie
2445 4489 2624 4562 teneat
2652 4493 2666 4530 :
2691 4474 2836 4547 quod
2862 4474 3136 4562 eiszeculo
3163 4477 3274 4562 fere
3299 4474 3477 4562 poste-

211 4557 416 4620 etin-es,
455 4549 659 4620 aptius.
684 4545 820 4620 Nam
845 4545 941 4603 est
969 4545 1250 4619 proprium
1284 4566 1472 4604 eorum
1493 4553 1585 4620 qui
1616 4552 1789 4605 occisi

210 4617 420 4670 radunt
458 4617 511 4670 in
553 4617 698 4670 bello
730 4618 813 4682 τδ,
851 4617 1108 4672 πίπτειν·
1147 4621 1426 4687 quomodo
1466 4617 1654 4674 statim
1702 4638 1795 4674 se-

209 4689 402 4754 quitur
441 4705 454 4740 :
495 4687 746 4757 πολὲμιοι
778 4689 1062 4743 πίπτουσι.
1100 4689 1201 4744 Ubi
1235 4690 1421 4745 Gretz.
1451 4690 1662 4747 Cadunt
1690 4691 1795 4745 ini-

211 4759 377 4830 mici:
410 4759 632 4830 melius,
665 4758 859 4814 hostes.
895 4760 996 4815 llic
1026 4769 1209 4815 autem
1249 4764 1412 4828 plane
1461 4778 1746 4830 perperam
1780 4779 1794 4816 :

211 4828 282 4882 Et
334 4829 456 4881 huic
499 4831 875 4897 procideutes:
924 4832 1076 4884 velut
1135 4833 1321 4886 crucis
1388 4828 1794 4898 alienationem,

213 4917 323 4954 non
361 4907 596 4971 mortem
634 4911 933 4971 martyrum
980 4903 1334 4955 victoriosain
1387 4913 1580 4955 auctor
1641 4903 1798 4954 ilice-

211 4979 319 5025 ret.
357 4970 452 5022 Sic
486 4985 661 5038 nuper
693 4970 877 5024 fucum
911 4970 1039 5025 ferit
1085 4973 1138 5026 in
1173 4971 1363 5025 eadem
1398 4989 1534 5041 pene
1567 4972 1798 5027 materia

214 5041 562 5094 adorationis
594 5057 876 5096 sacrarum
914 5057 1135 5106 rerum,
1187 5059 1296 5096 non
1326 5044 1461 5096 nihil
1497 5044 1797 5109 ampullata

215 5127 356 5166 nova
394 5112 657 5164 neoterici
712 5111 1001 5178 cujusdam
1055 5114 1219 5166 unius
1269 5122 1516 5167 veterum
1567 5112 1794 5166 Patrum

212 5185 402 5236 versio
433 5200 446 5234 :
489 5191 550 5234 ut
585 5182 712 5236 inde
745 5184 973 5250 petitum
1009 5184 1278 5238 adversus
1315 5182 1677 5238 Calvinistam
1709 5198 1799 5236 ar-

216 5260 567 5322 gumentum,
601 5253 803 5306 collato
825 5261 998 5324 testu,
1029 5254 1296 5307 nonnullo
1317 5263 1466 5308 certe
1493 5254 1794 5324 arguentis,

216 5334 384 5389 atque
425 5325 636 5376 utinam
665 5339 797 5394 non
843 5323 1111 5394 _Ecclesiae
1168 5324 1401 5387 Christi,
1453 5323 1795 5394 contemptu,

216 5396 505 5461 explosum
543 5394 632 5446 sit.
662 5393 784 5448 Non
827 5391 1028 5449 desunt
1060 5408 1211 5457 vera,
1253 5402 1315 5448 ut
1338 5394 1640 5449 debeamus
1669 5391 1796 5448 eor-

219 5480 416 5529 rogare
454 5464 722 5518 ementita
770 5474 1020 5534 prae-stola
1054 5479 1071 5520 :
1107 5479 1422 5534 quanquam
1460 5481 1563 5519 nec
1605 5465 1794 5520 Gretz.

221 5550 320 5606 nec
380 5535 481 5590 illi.
543 5549 702 5606 qiiem
739 5537 992 5606 honoris
1035 5551 1205 5590 causa
1243 5539 1404 5599 Sileo,
1452 5536 1561 5606 piis
1606 5537 1794 5604 utique

219 5604 356 5656 viris
411 5614 468 5658 et
514 5604 807 5672 religiosis,
859 5607 1158 5675 quidquam
1208 5607 1389 5662 studio
1425 5604 1492 5660 iis
1522 5607 1577 5660 in
1630 5609 1794 5662 rebus

221 5675 365 5745 male
394 5676 753 5745 commissum
781 5677 1081 5745 putandum
1102 5678 1191 5730 sit.

293 5744 410 5816 (O9)
447 5744 670 5816 Tripliui
708 5744 960 5799 enciimio
1008 5749 1224 5816 egregie
1261 5745 1510 5800 Andreas
1549 5744 1787 5802 festivis-

223 5813 419 5869 simam
473 5816 564 5870 Dei
609 5813 902 5871 Geniti'icis
955 5813 1369 5880 Definitionum,
1409 5819 1566 5885 longe
1616 5820 1791 5870 maxi-

1899 4554 2044 4606 riore
2114 4547 2484 4604 Damasus-nus
2524 4548 2944 4615 Germanusque
2976 4547 3325 4618 postmodum
3372 4548 3473 4618 lu-

1898 4624 2149 4676 culeuter
2208 4620 2385 4674 ferere
2419 4659 2432 4682 ,
2525 4626 2746 4673 enarrat
2804 4615 2992 4686 atque
3041 4622 3291 4673 exornat.
3371 4615 3473 4673 Vix
3539 4647 3546 4654 ι

1902 4693 2012 4747 alio
2059 4692 2218 4745 titulo
2274 4690 2591 4743 inveniatur
2617 4688 2759 4756 apud
2806 4691 2970 4741 etiam
3006 4688 3176 4756 medii
3218 4688 3343 4751 arvi,
3375 4704 3476 4743 nec

1899 4762 1974 4816 ita
2019 4763 2274 4830 antiquos
2324 4761 2627 4830 scriptores
2652 4755 2864 4830 sacros,
2904 4774 2966 4830 ea
3003 4755 3244 4830 meinze
3273 4769 3477 4814 nostra:

1897 4825 2249 4897 solemnitas,
2281 4832 2362 4884 sic
2408 4825 2568 4882 etiam
2612 4827 2998 4898 Martyrologio
3029 4825 3278 4883 Romano
3325 4831 3472 4884 anti-

1898 4919 2028 4968 quo,
2059 4902 2272 4964 Adone,
2304 4909 2360 4954 et
2401 4900 2524 4954 aliis
2565 4899 2940 4953 recitantibus
2968 4915 2983 4952 :
3011 4901 3162 4953 velut.
3204 4914 3311 4954 non
3340 4903 3478 4955 satis

1901 4973 2117 5026 fiduciae
2164 4979 2332 5031 esset,
2385 4981 2445 5022 ut
2492 4972 2636 5038 quod
2681 4968 2824 5024 Deus
2873 4969 3128 5024 nonnihil
3175 4971 3474 5025 obscurum

1897 5045 2210 5107 voluisset,
2265 5049 2699 5110 praematurum,
2766 5043 3014 5106 inquam,
3069 5040 3478 5111 Assumptionis

1898 5112 2083 5168 Maria:
2117 5113 2171 5166 in
2229 5126 2472 5181 corpore
2502 5111 2748 5178 glorioso
2778 5112 3148 5179 triumphum,
3197 5113 3320 5181 ipso
3352 5111 3474 5165 festi

1896 5185 2076 5254 palam
2107 5183 2326 5236 nomine
2349 5180 2590 5254 profiteri
2621 5191 2674 5234 et
2709 5196 2956 5235 asserere
2986 5180 3326 5254 viderentur.
3357 5181 3474 5248 Qua

1897 5250 1952 5308 in
1997 5271 2053 5308 re
2088 5253 2460 5322 indulgentior
2510 5250 2613 5306 fuit
2658 5260 3006 5319 posterorum
3059 5253 3272 5322 pietas;
3309 5267 3472 5322 quam

1895 5334 1949 5396 et
1995 5339 2120 5396 ego
2153 5320 2575 5396 indulgentiam,
2597 5322 2738 5396 dum
2766 5331 2820 5396 et
2856 5322 2970 5390 ipsa
3005 5321 3252 5396 modesta
3279 5320 3372 5396 sit,
3412 5336 3475 5373 ac

1897 5389 2056 5448 intra'
2088 5394 2289 5448 limites
2313 5389 2444 5462 ’νισι
2482 5392 2852 5462 credulitatis,
2879 5389 3062 5462 quam
3097 5391 3278 5462 solam
3312 5389 3472 5452 Deus,

1896 5480 2004 5520 non
2036 5473 2248 5518 tantum
2301 5458 2631 5516 venerandae
2673 5461 2751 5514 illi
2795 5461 3134 5527 antiquitati,
3160 5458 3254 5513 sed
3285 5468 3339 5514 et
3379 5477 3476 5527 pu-

1899 5536 2022 5590 tiori
2055 5533 2185 5602 jure
2233 5534 2442 5588 secutis
2481 5533 2662 5595 nobis,
2720 5530 3040 5602 permisisse
3080 5529 3318 5592 videtur,
3351 5545 3478 5584 con-

1894 5608 2098 5661 stiterit
2134 5621 2148 5659 :
2191 5605 2283 5672 qui
2325 5604 2486 5656 velim
2518 5603 2738 5657 sobrius
2769 5616 2914 5661 esse,
2961 5615 3024 5672 ac
3073 5602 3270 5670 pietate
3310 5615 3475 5672 quam

1895 5693 2060 5730 sensu
2105 5671 2405 5736 abundare,
2438 5674 2581 5728 haud
2622 5681 2846 5742 gravate
2878 5671 3222 5742 probaret-im
3253 5686 3319 5726 ac
3355 5671 3472 5726 lau-

1892 5747 2158 5800 tiavot'im.

1963 5817 2074 5888 (70)
2122 5814 2268 5871 Velut
2301 5813 2646 5869 incumbeudo
2701 5813 2876 5869 oculos
2931 5811 3246 5883 inferamus.
3287 5811 3469 5884 Παρει-
