  <div class='ocr_page' id='page_1' title='image "/cluster/home/n/w/nwhite01/storage/ocr_20150623/97/hvd.32044019208503/628.png"; bbox 0 0 3820 6316; ppageno 0'>
   <div class='ocr_carea' id='block_1_1' title="bbox 159 355 314 423">
    <p class='ocr_par' dir='ltr' id='par_1_1' title="bbox 159 355 314 423">
     <span class='ocr_line' id='line_1_1' title="bbox 159 355 314 423; baseline 0 -1"><span class='ocrx_word' id='word_1_1' title='bbox 159 355 314 423; x_wconf 79' lang='grc'><strong>1053</strong></span> 
     </span>
    </p>
   </div>
   <div class='ocr_carea' id='block_1_2' title="bbox 1229 357 2381 426">
    <p class='ocr_par' dir='ltr' id='par_1_2' title="bbox 1229 357 2381 426">
     <span class='ocr_line' id='line_1_2' title="bbox 1229 357 2381 426; baseline 0 -6"><span class='ocrx_word' id='word_1_2' title='bbox 1229 357 1310 420; x_wconf 83' lang='grc' dir='ltr'><strong>ΙΝ</strong></span> <span class='ocrx_word' id='word_1_3' title='bbox 1345 358 1897 422; x_wconf 80' lang='lat' dir='ltr'><strong>DORMITIONEM</strong></span> <span class='ocrx_word' id='word_1_4' title='bbox 1923 360 1987 421; x_wconf 91' lang='lat' dir='ltr'><strong>S.</strong></span> <span class='ocrx_word' id='word_1_5' title='bbox 2021 361 2311 426; x_wconf 65' lang='grc' dir='ltr'><strong>ΜΑΒΙᾸΞ.</strong></span> <span class='ocrx_word' id='word_1_6' title='bbox 2354 361 2381 420; x_wconf 76' lang='grc' dir='ltr'>Ι</span> 
     </span>
    </p>
   </div>
   <div class='ocr_carea' id='block_1_3' title="bbox 2045 193 2074 204">
    <p class='ocr_par' dir='ltr' id='par_1_3' title="bbox 2045 193 2074 204">
     <span class='ocr_line' id='line_1_3' title="bbox 2045 193 2074 204; baseline 0 0"><span class='ocrx_word' id='word_1_7' title='bbox 2045 193 2074 204; x_wconf 55' lang='lat'><strong>.0</strong></span> 
     </span>
    </p>
   </div>
   <div class='ocr_carea' id='block_1_4' title="bbox 3314 355 3455 426">
    <p class='ocr_par' dir='ltr' id='par_1_4' title="bbox 3314 355 3455 426">
     <span class='ocr_line' id='line_1_4' title="bbox 3314 355 3455 426; baseline 0.043 -7"><span class='ocrx_word' id='word_1_8' title='bbox 3314 355 3455 426; x_wconf 69' lang='grc'><strong>1054</strong></span> 
     </span>
    </p>
   </div>
   <div class='ocr_carea' id='block_1_5' title="bbox 153 465 1768 546">
    <p class='ocr_par' dir='ltr' id='par_1_5' title="bbox 153 465 1758 544">
     <span class='ocr_line' id='line_1_5' title="bbox 153 465 1758 544; baseline 0.008 -32"><span class='ocrx_word' id='word_1_9' title='bbox 153 467 332 524; x_wconf 74' lang='grc' dir='ltr'>νάτου</span> <span class='ocrx_word' id='word_1_10' title='bbox 361 466 466 538; x_wconf 71' lang='grc' dir='ltr'>μὲν</span> <span class='ocrx_word' id='word_1_11' title='bbox 495 465 864 535; x_wconf 81' lang='grc' dir='ltr'>ἀπεγεύσατο,</span> <span class='ocrx_word' id='word_1_12' title='bbox 884 468 946 522; x_wconf 79' lang='grc' dir='ltr'>οὐ</span> <span class='ocrx_word' id='word_1_13' title='bbox 977 468 1091 541; x_wconf 73' lang='grc' dir='ltr'>μὴν</span> <span class='ocrx_word' id='word_1_14' title='bbox 1109 467 1169 526; x_wconf 71' lang='grc' dir='ltr'><strong>δδ</strong></span> <span class='ocrx_word' id='word_1_15' title='bbox 1199 469 1416 541; x_wconf 70' lang='grc' dir='ltr'>ἱμεινεν</span> <span class='ocrx_word' id='word_1_16' title='bbox 1448 471 1698 541; x_wconf 82' lang='grc' dir='ltr'><strong>κάτοχος,</strong></span> <span class='ocrx_word' id='word_1_17' title='bbox 1725 473 1758 544; x_wconf 75' lang='grc' dir='ltr'>ἢ</span> 
     </span>
    </p>
   </div>
   <div class='ocr_carea' id='block_1_6' title="bbox 1881 465 3436 546">
    <p class='ocr_par' dir='ltr' id='par_1_6' title="bbox 1881 469 3436 542">
     <span class='ocr_line' id='line_1_6' title="bbox 1881 469 3436 542; baseline 0.004 -15"><span class='ocrx_word' id='word_1_18' title='bbox 1881 473 2037 540; x_wconf 61' lang='lat' dir='ltr'><strong>partis</strong></span> <span class='ocrx_word' id='word_1_19' title='bbox 2073 473 2304 542; x_wconf 76' lang='lat' dir='ltr'><strong>recepit.</strong></span> <span class='ocrx_word' id='word_1_20' title='bbox 2341 471 2400 528; x_wconf 85' lang='lat' dir='ltr'><strong>In</strong></span> <span class='ocrx_word' id='word_1_21' title='bbox 2451 470 2600 528; x_wconf 89' lang='lat' dir='ltr'><strong>hunc</strong></span> <span class='ocrx_word' id='word_1_22' title='bbox 2639 470 2890 530; x_wconf 87' lang='lat' dir='ltr'><strong>arbitror</strong></span> <span class='ocrx_word' id='word_1_23' title='bbox 2913 469 3144 528; x_wconf 78' lang='lat' dir='ltr'><strong>modum</strong></span> <span class='ocrx_word' id='word_1_24' title='bbox 3173 482 3436 542; x_wconf 22' lang='lat' dir='ltr'><strong>,soporata</strong></span> 
     </span>
    </p>
   </div>
   <div class='ocr_carea' id='block_1_7' title="bbox 158 553 1766 633">
    <p class='ocr_par' dir='ltr' id='par_1_7' title="bbox 158 553 1766 633">
     <span class='ocr_line' id='line_1_7' title="bbox 158 553 1766 633; baseline 0.006 -26"><span class='ocrx_word' id='word_1_25' title='bbox 158 553 291 612; x_wconf 68' lang='grc' dir='ltr'>ὅσον</span> <span class='ocrx_word' id='word_1_26' title='bbox 321 561 440 623; x_wconf 84' lang='grc' dir='ltr'>τοῖς</span> <span class='ocrx_word' id='word_1_27' title='bbox 467 562 718 627; x_wconf 77' lang='grc' dir='ltr'><strong>φυσικοῖς</strong></span> <span class='ocrx_word' id='word_1_28' title='bbox 746 554 886 626; x_wconf 71' lang='grc' dir='ltr'>εἶξαι</span> <span class='ocrx_word' id='word_1_29' title='bbox 917 557 1173 629; x_wconf 86' lang='grc' dir='ltr'>θεσμοῖς,</span> <span class='ocrx_word' id='word_1_30' title='bbox 1206 561 1303 614; x_wconf 79' lang='grc' dir='ltr'>καὶ</span> <span class='ocrx_word' id='word_1_31' title='bbox 1329 562 1430 633; x_wconf 82' lang='grc' dir='ltr'><strong>τὴν</strong></span> <span class='ocrx_word' id='word_1_32' title='bbox 1451 563 1766 633; x_wconf 76' lang='grc' dir='ltr'><strong>οἰκονομίαν</strong></span> 
     </span>
    </p>
   </div>
   <div class='ocr_carea' id='block_1_8' title="bbox 161 646 1767 726">
    <p class='ocr_par' dir='ltr' id='par_1_8' title="bbox 161 646 1767 726">
     <span class='ocr_line' id='line_1_8' title="bbox 161 646 1767 726; baseline 0.006 -28"><span class='ocrx_word' id='word_1_33' title='bbox 161 646 485 719; x_wconf 75' lang='grc' dir='ltr'>πληρῶσαι,</span> <span class='ocrx_word' id='word_1_34' title='bbox 541 647 609 719; x_wconf 75' lang='grc' dir='ltr'>ἦν</span> <span class='ocrx_word' id='word_1_35' title='bbox 656 649 714 716; x_wconf 69' lang='grc' dir='ltr'><strong>ἐξ</strong></span> <span class='ocrx_word' id='word_1_36' title='bbox 758 649 1000 722; x_wconf 79' lang='grc' dir='ltr'>ἀρχῆςή</span> <span class='ocrx_word' id='word_1_37' title='bbox 1048 650 1270 706; x_wconf 80' lang='grc' dir='ltr'>πάντων</span> <span class='ocrx_word' id='word_1_38' title='bbox 1321 651 1588 726; x_wconf 77' lang='grc' dir='ltr'><strong>διήκουσα</strong></span> <span class='ocrx_word' id='word_1_39' title='bbox 1636 653 1767 725; x_wconf 75' lang='grc' dir='ltr'>περὶ</span> 
     </span>
    </p>
   </div>
   <div class='ocr_carea' id='block_1_9' title="bbox 165 739 1767 817">
    <p class='ocr_par' dir='ltr' id='par_1_9' title="bbox 165 739 1767 817">
     <span class='ocr_line' id='line_1_9' title="bbox 165 739 1767 817; baseline 0.005 -25"><span class='ocrx_word' id='word_1_40' title='bbox 165 739 324 810; x_wconf 63' lang='grc' dir='ltr'>ἡμᾶς</span> <span class='ocrx_word' id='word_1_41' title='bbox 353 740 594 811; x_wconf 66' lang='grc' dir='ltr'>ἐπήξατο</span> <span class='ocrx_word' id='word_1_42' title='bbox 622 742 858 813; x_wconf 86' lang='grc' dir='ltr'>Πρόνοια</span> <span class='ocrx_word' id='word_1_43' title='bbox 877 757 893 775; x_wconf 86' lang='grc'><strong>·</strong></span> <span class='ocrx_word' id='word_1_44' title='bbox 925 743 1022 796; x_wconf 77' lang='grc' dir='ltr'>καὶ</span> <span class='ocrx_word' id='word_1_45' title='bbox 1047 743 1110 815; x_wconf 78' lang='grc' dir='ltr'>δὴ</span> <span class='ocrx_word' id='word_1_46' title='bbox 1141 745 1235 798; x_wconf 67' lang='grc' dir='ltr'><strong>καὶ⁹</strong></span> <span class='ocrx_word' id='word_1_47' title='bbox 1260 743 1352 798; x_wconf 77' lang='grc' dir='ltr'>τὸν</span> <span class='ocrx_word' id='word_1_48' title='bbox 1374 746 1576 817; x_wconf 83' lang='grc' dir='ltr'>τρόπον</span> <span class='ocrx_word' id='word_1_49' title='bbox 1597 745 1767 814; x_wconf 79' lang='grc' dir='ltr'>δεῖξαι</span> 
     </span>
    </p>
   </div>
   <div class='ocr_carea' id='block_1_10' title="bbox 183 828 1768 906">
    <p class='ocr_par' dir='ltr' id='par_1_10' title="bbox 183 828 1768 906">
     <span class='ocr_line' id='line_1_10' title="bbox 183 828 1768 906; baseline 0.001 -22"><span class='ocrx_word' id='word_1_50' title='bbox 183 828 391 899; x_wconf 81' lang='grc' dir='ltr'>σαφῶς,</span> <span class='ocrx_word' id='word_1_51' title='bbox 419 831 569 894; x_wconf 83' lang='grc' dir='ltr'>ὅπως</span> <span class='ocrx_word' id='word_1_52' title='bbox 602 831 705 904; x_wconf 79' lang='grc' dir='ltr'><strong>τήν</strong></span> <span class='ocrx_word' id='word_1_53' title='bbox 742 833 809 884; x_wconf 86' lang='grc' dir='ltr'>ὲκ</span> <span class='ocrx_word' id='word_1_54' title='bbox 836 829 946 884; x_wconf 90' lang='grc' dir='ltr'><strong>τῶν</strong></span> <span class='ocrx_word' id='word_1_55' title='bbox 977 831 1236 904; x_wconf 80' lang='grc' dir='ltr'>φθαρτῶν</span> <span class='ocrx_word' id='word_1_56' title='bbox 1282 833 1420 906; x_wconf 76' lang='grc' dir='ltr'>πρὸς</span> <span class='ocrx_word' id='word_1_57' title='bbox 1453 833 1524 887; x_wconf 76' lang='grc' dir='ltr'>τὰ</span> <span class='ocrx_word' id='word_1_58' title='bbox 1553 833 1768 905; x_wconf 75' lang='grc' dir='ltr'>ἄφθαρ-</span> 
     </span>
    </p>
   </div>
   <div class='ocr_carea' id='block_1_11' title="bbox 184 920 1769 997">
    <p class='ocr_par' dir='ltr' id='par_1_11' title="bbox 184 920 1769 997">
     <span class='ocr_line' id='line_1_11' title="bbox 184 920 1769 997; baseline 0 -21"><span class='ocrx_word' id='word_1_59' title='bbox 184 939 245 977; x_wconf 87' lang='grc' dir='ltr'><strong>τα</strong></span> <span class='ocrx_word' id='word_1_60' title='bbox 270 920 644 992; x_wconf 78' lang='grc' dir='ltr'>μεταϐατικήν</span> <span class='ocrx_word' id='word_1_61' title='bbox 695 922 1045 995; x_wconf 74' lang='grc' dir='ltr'>ὑπηλλάξατο</span> <span class='ocrx_word' id='word_1_62' title='bbox 1071 925 1288 995; x_wconf 88' lang='grc' dir='ltr'>κίνησιν</span> <span class='ocrx_word' id='word_1_63' title='bbox 1311 941 1325 955; x_wconf 91' lang='grc'><strong>·</strong></span> <span class='ocrx_word' id='word_1_64' title='bbox 1355 925 1482 988; x_wconf 41' lang='grc' dir='ltr'>,ἐπεὶ</span> <span class='ocrx_word' id='word_1_65' title='bbox 1517 925 1652 997; x_wconf 76' lang='grc' dir='ltr'>μηδὲ</span> <span class='ocrx_word' id='word_1_66' title='bbox 1675 924 1769 978; x_wconf 83' lang='grc' dir='ltr'><strong>ἆλ-</strong></span> 
     </span>
    </p>
   </div>
   <div class='ocr_carea' id='block_1_12' title="bbox 186 1009 1769 1088">
    <p class='ocr_par' dir='ltr' id='par_1_12' title="bbox 186 1009 1769 1088">
     <span class='ocr_line' id='line_1_12' title="bbox 186 1009 1769 1088; baseline 0.001 -23"><span class='ocrx_word' id='word_1_67' title='bbox 186 1013 293 1078; x_wconf 84' lang='grc' dir='ltr'><strong>λως</strong></span> <span class='ocrx_word' id='word_1_68' title='bbox 317 1009 385 1084; x_wconf 77' lang='grc' dir='ltr'>ἦν</span> <span class='ocrx_word' id='word_1_69' title='bbox 415 1012 656 1084; x_wconf 77' lang='grc' dir='ltr'>θεμιτὸν,</span> <span class='ocrx_word' id='word_1_70' title='bbox 689 1013 723 1086; x_wconf 77' lang='grc' dir='ltr'>ἦ</span> <span class='ocrx_word' id='word_1_71' title='bbox 766 1015 864 1085; x_wconf 88' lang='grc' dir='ltr'><strong>τῆς</strong></span> <span class='ocrx_word' id='word_1_72' title='bbox 901 1015 1116 1069; x_wconf 81' lang='grc' dir='ltr'>τοιᾶσδε</span> <span class='ocrx_word' id='word_1_73' title='bbox 1169 1014 1282 1070; x_wconf 90' lang='grc' dir='ltr'><strong>τῶν</strong></span> <span class='ocrx_word' id='word_1_74' title='bbox 1324 1016 1512 1088; x_wconf 86' lang='grc' dir='ltr'>μερῶν</span> <span class='ocrx_word' id='word_1_75' title='bbox 1556 1015 1769 1081; x_wconf 79' lang='grc' dir='ltr'>διαζεύ-</span> 
     </span>
    </p>
   </div>
   <div class='ocr_carea' id='block_1_13' title="bbox 195 1104 1758 1178">
    <p class='ocr_par' dir='ltr' id='par_1_13' title="bbox 195 1104 1758 1178">
     <span class='ocr_line' id='line_1_13' title="bbox 195 1104 1758 1178; baseline 0 -20"><span class='ocrx_word' id='word_1_76' title='bbox 195 1104 324 1172; x_wconf 82' lang='grc' dir='ltr'>ξεως</span> <span class='ocrx_word' id='word_1_77' title='bbox 352 1104 644 1176; x_wconf 77' lang='grc' dir='ltr'>προσφυῶς</span> <span class='ocrx_word' id='word_1_78' title='bbox 671 1104 989 1176; x_wconf 79' lang='grc' dir='ltr'><strong>γενομένης,</strong></span> <span class='ocrx_word' id='word_1_79' title='bbox 1019 1104 1118 1176; x_wconf 81' lang='grc' dir='ltr'>τὴν</span> <span class='ocrx_word' id='word_1_80' title='bbox 1151 1105 1382 1178; x_wconf 78' lang='grc' dir='ltr'>ῥέουσαν</span> <span class='ocrx_word' id='word_1_81' title='bbox 1412 1106 1560 1176; x_wconf 79' lang='grc' dir='ltr'>ζωὴν</span> <span class='ocrx_word' id='word_1_82' title='bbox 1601 1123 1758 1175; x_wconf 81' lang='grc' dir='ltr'>μετα·</span> 
     </span>
    </p>
   </div>
   <div class='ocr_carea' id='block_1_14' title="bbox 192 1195 1767 1269">
    <p class='ocr_par' dir='ltr' id='par_1_14' title="bbox 192 1195 1767 1269">
     <span class='ocr_line' id='line_1_14' title="bbox 192 1195 1767 1269; baseline -0.002 -17"><span class='ocrx_word' id='word_1_83' title='bbox 192 1195 543 1269; x_wconf 75' lang='grc' dir='ltr'>κρούσασθαι.</span> <span class='ocrx_word' id='word_1_84' title='bbox 607 1197 668 1248; x_wconf 81' lang='lat' dir='ltr'><strong>Et</strong></span> <span class='ocrx_word' id='word_1_85' title='bbox 729 1196 839 1267; x_wconf 78' lang='grc' dir='ltr'>γὰρ</span> <span class='ocrx_word' id='word_1_86' title='bbox 898 1197 999 1249; x_wconf 82' lang='grc' dir='ltr'>οὐκ</span> <span class='ocrx_word' id='word_1_87' title='bbox 1062 1195 1198 1259; x_wconf 76' lang='grc' dir='ltr'>ἐστι,</span> <span class='ocrx_word' id='word_1_88' title='bbox 1273 1198 1418 1252; x_wconf 89' lang='grc' dir='ltr'><strong>κατά</strong></span> <span class='ocrx_word' id='word_1_89' title='bbox 1461 1199 1524 1248; x_wconf 75' lang='grc' dir='ltr'>τὸ</span> <span class='ocrx_word' id='word_1_90' title='bbox 1562 1197 1767 1265; x_wconf 84' lang='grc' dir='ltr'>λόγιον,</span> 
     </span>
    </p>
   </div>
   <div class='ocr_carea' id='block_1_15' title="bbox 193 1285 1771 1357">
    <p class='ocr_par' dir='ltr' id='par_1_15' title="bbox 193 1285 1771 1357">
     <span class='ocr_line' id='line_1_15' title="bbox 193 1285 1771 1357; baseline -0.002 -15"><span class='ocrx_word' id='word_1_91' title='bbox 193 1289 471 1357; x_wconf 75' lang='grc' dir='ltr'>ἅνθρωπος</span> <span class='ocrx_word' id='word_1_92' title='bbox 510 1285 569 1350; x_wconf 77' lang='grc' dir='ltr'>ὃς</span> <span class='ocrx_word' id='word_1_93' title='bbox 603 1285 828 1356; x_wconf 78' lang='grc' dir='ltr'>ζήσεται</span> <span class='ocrx_word' id='word_1_94' title='bbox 857 1286 953 1340; x_wconf 61' lang='grc' dir='ltr'><strong>καὶ⁹</strong></span> <span class='ocrx_word' id='word_1_95' title='bbox 981 1286 1080 1340; x_wconf 83' lang='grc' dir='ltr'>οὐκ</span> <span class='ocrx_word' id='word_1_96' title='bbox 1114 1286 1307 1357; x_wconf 68' lang='grc' dir='ltr'>δψεται</span> <span class='ocrx_word' id='word_1_97' title='bbox 1348 1287 1582 1340; x_wconf 78' lang='grc' dir='ltr'>θάνατον</span> <span class='ocrx_word' id='word_1_98' title='bbox 1603 1303 1616 1316; x_wconf 93' lang='grc'><strong>·</strong></span> <span class='ocrx_word' id='word_1_99' title='bbox 1675 1286 1771 1340; x_wconf 81' lang='grc' dir='ltr'><strong>ἇν-</strong></span> 
     </span>
    </p>
   </div>
   <div class='ocr_carea' id='block_1_16' title="bbox 193 1373 1773 1451">
    <p class='ocr_par' dir='ltr' id='par_1_16' title="bbox 193 1373 1773 1451">
     <span class='ocr_line' id='line_1_16' title="bbox 193 1373 1773 1451; baseline 0.005 -26"><span class='ocrx_word' id='word_1_100' title='bbox 193 1373 406 1446; x_wconf 78' lang='grc' dir='ltr'>θρωπος</span> <span class='ocrx_word' id='word_1_101' title='bbox 437 1375 490 1428; x_wconf 78' lang='grc' dir='ltr'>δὲ</span> <span class='ocrx_word' id='word_1_102' title='bbox 513 1375 608 1429; x_wconf 77' lang='grc' dir='ltr'>καὶ</span> <span class='ocrx_word' id='word_1_103' title='bbox 643 1376 952 1446; x_wconf 86' lang='grc' dir='ltr'>ἀνθρώπων</span> <span class='ocrx_word' id='word_1_104' title='bbox 977 1379 1236 1432; x_wconf 78' lang='grc' dir='ltr'>ἐπέκεινα</span> <span class='ocrx_word' id='word_1_105' title='bbox 1267 1379 1362 1432; x_wconf 75' lang='grc' dir='ltr'>καὶ</span> <span class='ocrx_word' id='word_1_106' title='bbox 1392 1381 1424 1451; x_wconf 89' lang='grc' dir='ltr'><strong>ή</strong></span> <span class='ocrx_word' id='word_1_107' title='bbox 1459 1378 1554 1434; x_wconf 86' lang='grc' dir='ltr'><strong>νῦν</strong></span> <span class='ocrx_word' id='word_1_108' title='bbox 1576 1380 1773 1450; x_wconf 84' lang='grc' dir='ltr'>ὑμνου-</span> 
     </span>
    </p>
   </div>
   <div class='ocr_carea' id='block_1_17' title="bbox 196 1466 1772 1538">
    <p class='ocr_par' dir='ltr' id='par_1_17' title="bbox 196 1466 1772 1538">
     <span class='ocr_line' id='line_1_17' title="bbox 196 1466 1772 1538; baseline 0.004 -20"><span class='ocrx_word' id='word_1_109' title='bbox 196 1466 371 1536; x_wconf 80' lang='grc' dir='ltr'>μένη,</span> <span class='ocrx_word' id='word_1_110' title='bbox 424 1466 690 1522; x_wconf 86' lang='grc' dir='ltr'>δέδεικται</span> <span class='ocrx_word' id='word_1_111' title='bbox 742 1469 916 1538; x_wconf 88' lang='grc' dir='ltr'>δήπου</span> <span class='ocrx_word' id='word_1_112' title='bbox 948 1469 1182 1538; x_wconf 81' lang='grc' dir='ltr'>τρανῶς,</span> <span class='ocrx_word' id='word_1_113' title='bbox 1217 1468 1293 1532; x_wconf 87' lang='grc' dir='ltr'><strong>ὡς</strong></span> <span class='ocrx_word' id='word_1_114' title='bbox 1341 1470 1439 1524; x_wconf 77' lang='grc' dir='ltr'>καὶ</span> <span class='ocrx_word' id='word_1_115' title='bbox 1487 1469 1627 1538; x_wconf 85' lang='grc' dir='ltr'>αῦτη</span> <span class='ocrx_word' id='word_1_116' title='bbox 1679 1471 1772 1524; x_wconf 76' lang='grc' dir='ltr'>τὸν</span> 
     </span>
    </p>
   </div>
   <div class='ocr_carea' id='block_1_18' title="bbox 194 1557 1771 1634">
    <p class='ocr_par' dir='ltr' id='par_1_18' title="bbox 194 1557 1771 1634">
     <span class='ocr_line' id='line_1_18' title="bbox 194 1557 1771 1634; baseline 0.004 -26"><span class='ocrx_word' id='word_1_117' title='bbox 194 1559 308 1610; x_wconf 71' lang='grc' dir='ltr'>ἴσον</span> <span class='ocrx_word' id='word_1_118' title='bbox 334 1559 459 1627; x_wconf 81' lang='grc' dir='ltr'>ἡμῖν</span> <span class='ocrx_word' id='word_1_119' title='bbox 481 1557 878 1629; x_wconf 69' lang='grc' dir='ltr'><strong>ἐκπεπλήρωκε</strong></span> <span class='ocrx_word' id='word_1_120' title='bbox 903 1560 1068 1629; x_wconf 77' lang='grc' dir='ltr'>νόμον</span> <span class='ocrx_word' id='word_1_121' title='bbox 1107 1560 1206 1628; x_wconf 83' lang='grc' dir='ltr'><strong>τῆς</strong></span> <span class='ocrx_word' id='word_1_122' title='bbox 1229 1559 1464 1629; x_wconf 79' lang='grc' dir='ltr'>φύσεως,</span> <span class='ocrx_word' id='word_1_123' title='bbox 1495 1562 1543 1616; x_wconf 88' lang='grc' dir='ltr'><strong>εί</strong></span> <span class='ocrx_word' id='word_1_124' title='bbox 1570 1561 1664 1614; x_wconf 71' lang='grc' dir='ltr'>καὶ</span> <span class='ocrx_word' id='word_1_125' title='bbox 1695 1561 1771 1634; x_wconf 81' lang='grc' dir='ltr'><strong>μή</strong></span> 
     </span>
    </p>
   </div>
   <div class='ocr_carea' id='block_1_19' title="bbox 191 1646 1772 1724">
    <p class='ocr_par' dir='ltr' id='par_1_19' title="bbox 191 1646 1772 1724">
     <span class='ocr_line' id='line_1_19' title="bbox 191 1646 1772 1724; baseline 0.004 -24"><span class='ocrx_word' id='word_1_126' title='bbox 191 1646 316 1701; x_wconf 80' lang='grc' dir='ltr'>καθ’</span> <span class='ocrx_word' id='word_1_127' title='bbox 338 1649 476 1718; x_wconf 79' lang='grc' dir='ltr'>ἡμᾶς</span> <span class='ocrx_word' id='word_1_128' title='bbox 504 1647 653 1712; x_wconf 76' lang='grc' dir='ltr'>ἴσως,</span> <span class='ocrx_word' id='word_1_129' title='bbox 675 1649 788 1702; x_wconf 86' lang='grc' dir='ltr'>ἀλλ’</span> <span class='ocrx_word' id='word_1_130' title='bbox 819 1648 961 1720; x_wconf 79' lang='grc' dir='ltr'>ὑπὲρ</span> <span class='ocrx_word' id='word_1_131' title='bbox 985 1651 1156 1720; x_wconf 77' lang='grc' dir='ltr'>ἡμᾶς.</span> <span class='ocrx_word' id='word_1_132' title='bbox 1186 1650 1278 1703; x_wconf 77' lang='grc' dir='ltr'>καὶ</span> <span class='ocrx_word' id='word_1_133' title='bbox 1302 1650 1400 1722; x_wconf 84' lang='grc' dir='ltr'>τὴν</span> <span class='ocrx_word' id='word_1_134' title='bbox 1430 1652 1609 1708; x_wconf 88' lang='grc' dir='ltr'>αίτίαν</span> <span class='ocrx_word' id='word_1_135' title='bbox 1629 1652 1772 1724; x_wconf 85' lang='grc' dir='ltr'>ὑπὲρ</span> 
     </span>
    </p>
   </div>
   <div class='ocr_carea' id='block_1_20' title="bbox 189 1736 1771 1814">
    <p class='ocr_par' dir='ltr' id='par_1_20' title="bbox 189 1736 1771 1814">
     <span class='ocr_line' id='line_1_20' title="bbox 189 1736 1771 1814; baseline 0.003 -23"><span class='ocrx_word' id='word_1_136' title='bbox 189 1736 260 1813; x_wconf 76' lang='grc' dir='ltr'>ἦς</span> <span class='ocrx_word' id='word_1_137' title='bbox 278 1739 432 1793; x_wconf 83' lang='grc' dir='ltr'>τοῦτο</span> <span class='ocrx_word' id='word_1_138' title='bbox 453 1741 668 1804; x_wconf 77' lang='grc' dir='ltr'>πάντως</span> <span class='ocrx_word' id='word_1_139' title='bbox 684 1741 876 1795; x_wconf 83' lang='grc' dir='ltr'>παθεῖν</span> <span class='ocrx_word' id='word_1_140' title='bbox 905 1742 1233 1813; x_wconf 81' lang='grc' dir='ltr'>ὲναγὸμεθα.</span> <span class='ocrx_word' id='word_1_141' title='bbox 1258 1741 1414 1802; x_wconf 83' lang='grc' dir='ltr'>Οῦτω</span> <span class='ocrx_word' id='word_1_142' title='bbox 1437 1760 1527 1814; x_wconf 82' lang='grc' dir='ltr'><strong>μοι</strong></span> <span class='ocrx_word' id='word_1_143' title='bbox 1559 1746 1771 1814; x_wconf 82' lang='grc' dir='ltr'>νοήσεις</span> 
     </span>
    </p>
   </div>
   <div class='ocr_carea' id='block_1_21' title="bbox 195 1826 1848 1906">
    <p class='ocr_par' dir='ltr' id='par_1_21' title="bbox 195 1826 1848 1906">
     <span class='ocr_line' id='line_1_21' title="bbox 195 1826 1848 1906; baseline 0.002 -22"><span class='ocrx_word' id='word_1_144' title='bbox 195 1831 360 1901; x_wconf 75' lang='grc' dir='ltr'>αὐτῆς</span> <span class='ocrx_word' id='word_1_145' title='bbox 387 1832 463 1894; x_wconf 87' lang='grc' dir='ltr'><strong>είς</strong></span> <span class='ocrx_word' id='word_1_146' title='bbox 493 1830 621 1902; x_wconf 72' lang='grc' dir='ltr'>ᾅδου</span> <span class='ocrx_word' id='word_1_147' title='bbox 660 1831 964 1886; x_wconf 80' lang='grc' dir='ltr'>κατάϐασιν</span> <span class='ocrx_word' id='word_1_148' title='bbox 992 1850 1004 1862; x_wconf 93' lang='grc'><strong>·</strong></span> <span class='ocrx_word' id='word_1_149' title='bbox 1035 1829 1104 1904; x_wconf 85' lang='grc' dir='ltr'>ἦς</span> <span class='ocrx_word' id='word_1_150' title='bbox 1138 1832 1375 1906; x_wconf 81' lang='grc' dir='ltr'>τοσαύτη</span> <span class='ocrx_word' id='word_1_151' title='bbox 1412 1835 1636 1902; x_wconf 88' lang='grc' dir='ltr'>γέγονεν</span> <span class='ocrx_word' id='word_1_152' title='bbox 1684 1837 1774 1889; x_wconf 73' lang='grc' dir='ltr'><strong>ἐπ’</strong></span> <span class='ocrx_word' id='word_1_153' title='bbox 1804 1826 1848 1882; x_wconf 86' lang='grc' dir='ltr'><strong>Β</strong></span> 
     </span>
    </p>
   </div>
   <div class='ocr_carea' id='block_1_22' title="bbox 197 1923 1769 1998">
    <p class='ocr_par' dir='ltr' id='par_1_22' title="bbox 197 1923 1769 1998">
     <span class='ocr_line' id='line_1_22' title="bbox 197 1923 1769 1998; baseline 0.003 -21"><span class='ocrx_word' id='word_1_154' title='bbox 197 1923 382 1992; x_wconf 69' lang='grc' dir='ltr'>αὐτῆς,</span> <span class='ocrx_word' id='word_1_155' title='bbox 414 1924 550 1976; x_wconf 87' lang='grc' dir='ltr'><strong>κατά</strong></span> <span class='ocrx_word' id='word_1_156' title='bbox 580 1940 645 1992; x_wconf 83' lang='grc' dir='ltr'><strong>γε</strong></span> <span class='ocrx_word' id='word_1_157' title='bbox 673 1924 767 1977; x_wconf 81' lang='grc' dir='ltr'>τὸν</span> <span class='ocrx_word' id='word_1_158' title='bbox 801 1923 934 1994; x_wconf 73' lang='grc' dir='ltr'>ἐμὸν</span> <span class='ocrx_word' id='word_1_159' title='bbox 961 1925 1086 1992; x_wconf 83' lang='grc' dir='ltr'>ὅρον</span> <span class='ocrx_word' id='word_1_160' title='bbox 1121 1927 1215 1978; x_wconf 74' lang='grc' dir='ltr'>καὶ</span> <span class='ocrx_word' id='word_1_161' title='bbox 1243 1925 1426 1998; x_wconf 86' lang='grc' dir='ltr'>λόγον,</span> <span class='ocrx_word' id='word_1_162' title='bbox 1459 1929 1526 1997; x_wconf 84' lang='grc' dir='ltr'>τῇ</span> <span class='ocrx_word' id='word_1_163' title='bbox 1547 1927 1769 1981; x_wconf 82' lang='grc' dir='ltr'>διαστά-</span> 
     </span>
    </p>
   </div>
   <div class='ocr_carea' id='block_1_23' title="bbox 201 2013 1771 2087">
    <p class='ocr_par' dir='ltr' id='par_1_23' title="bbox 201 2013 1771 2087">
     <span class='ocr_line' id='line_1_23' title="bbox 201 2013 1771 2087; baseline 0.004 -22"><span class='ocrx_word' id='word_1_164' title='bbox 201 2029 278 2065; x_wconf 88' lang='grc' dir='ltr'><strong>σει</strong></span> <span class='ocrx_word' id='word_1_165' title='bbox 299 2013 404 2066; x_wconf 89' lang='grc' dir='ltr'><strong>τῶν</strong></span> <span class='ocrx_word' id='word_1_166' title='bbox 433 2013 612 2084; x_wconf 83' lang='grc' dir='ltr'>μερῶν</span> <span class='ocrx_word' id='word_1_167' title='bbox 639 2016 673 2086; x_wconf 80' lang='grc' dir='ltr'><strong>ἡ</strong></span> <span class='ocrx_word' id='word_1_168' title='bbox 705 2014 798 2068; x_wconf 85' lang='grc' dir='ltr'><strong>τοῦ</strong></span> <span class='ocrx_word' id='word_1_169' title='bbox 832 2015 1026 2083; x_wconf 80' lang='grc' dir='ltr'>καιροῦ</span> <span class='ocrx_word' id='word_1_170' title='bbox 1055 2016 1402 2086; x_wconf 72' lang='grc' dir='ltr'>ἐπικράτεια.</span> <span class='ocrx_word' id='word_1_171' title='bbox 1435 2017 1567 2087; x_wconf 83' lang='grc' dir='ltr'><strong>ὅσης</strong></span> <span class='ocrx_word' id='word_1_172' title='bbox 1595 2019 1771 2073; x_wconf 77' lang='grc' dir='ltr'>ἐδεῖτο</span> 
     </span>
    </p>
   </div>
   <div class='ocr_carea' id='block_1_24' title="bbox 201 2105 1770 2178">
    <p class='ocr_par' dir='ltr' id='par_1_24' title="bbox 201 2105 1770 2178">
     <span class='ocr_line' id='line_1_24' title="bbox 201 2105 1770 2178; baseline 0.004 -22"><span class='ocrx_word' id='word_1_173' title='bbox 201 2105 293 2172; x_wconf 80' lang='grc' dir='ltr'><strong>τῆς</strong></span> <span class='ocrx_word' id='word_1_174' title='bbox 325 2107 548 2176; x_wconf 75' lang='grc' dir='ltr'>φυσικῆς</span> <span class='ocrx_word' id='word_1_175' title='bbox 583 2108 854 2178; x_wconf 85' lang='grc' dir='ltr'>κινήσεως</span> <span class='ocrx_word' id='word_1_176' title='bbox 883 2107 917 2177; x_wconf 85' lang='grc' dir='ltr'>ἡ</span> <span class='ocrx_word' id='word_1_177' title='bbox 952 2108 1220 2178; x_wconf 86' lang='grc' dir='ltr'>περίοδος,</span> <span class='ocrx_word' id='word_1_178' title='bbox 1247 2111 1306 2162; x_wconf 84' lang='grc' dir='ltr'>ὲν</span> <span class='ocrx_word' id='word_1_179' title='bbox 1328 2111 1440 2173; x_wconf 86' lang='grc' dir='ltr'>τοῖς</span> <span class='ocrx_word' id='word_1_180' title='bbox 1469 2109 1770 2178; x_wconf 83' lang='grc' dir='ltr'>ἀγνώστοις</span> 
     </span>
    </p>
   </div>
   <div class='ocr_carea' id='block_1_25' title="bbox 205 2196 1772 2272">
    <p class='ocr_par' dir='ltr' id='par_1_25' title="bbox 205 2196 1772 2272">
     <span class='ocr_line' id='line_1_25' title="bbox 205 2196 1772 2272; baseline 0.004 -24"><span class='ocrx_word' id='word_1_181' title='bbox 205 2196 411 2266; x_wconf 76' lang='grc' dir='ltr'>χωρίοις</span> <span class='ocrx_word' id='word_1_182' title='bbox 441 2199 604 2270; x_wconf 72' lang='grc' dir='ltr'>πείρᾳ</span> <span class='ocrx_word' id='word_1_183' title='bbox 634 2198 734 2270; x_wconf 86' lang='grc' dir='ltr'>τὴν</span> <span class='ocrx_word' id='word_1_184' title='bbox 772 2199 976 2268; x_wconf 88' lang='grc' dir='ltr'>γνῶσιν</span> <span class='ocrx_word' id='word_1_185' title='bbox 1023 2197 1212 2254; x_wconf 84' lang='grc' dir='ltr'>λαϐεῖν</span> <span class='ocrx_word' id='word_1_186' title='bbox 1231 2239 1247 2265; x_wconf 97' lang='grc'><strong>,</strong></span> <span class='ocrx_word' id='word_1_187' title='bbox 1296 2200 1530 2272; x_wconf 83' lang='grc' dir='ltr'>πρώτως</span> <span class='ocrx_word' id='word_1_188' title='bbox 1559 2202 1772 2266; x_wconf 87' lang='grc' dir='ltr'>τούτοις</span> 
     </span>
    </p>
   </div>
   <div class='ocr_carea' id='block_1_26' title="bbox 206 2286 1772 2366">
    <p class='ocr_par' dir='ltr' id='par_1_26' title="bbox 206 2286 1772 2366">
     <span class='ocr_line' id='line_1_26' title="bbox 206 2286 1772 2366; baseline 0.004 -26"><span class='ocrx_word' id='word_1_189' title='bbox 206 2287 636 2354; x_wconf 74' lang='grc' dir='ltr'>ὲπιϐατεύουσαν,</span> <span class='ocrx_word' id='word_1_190' title='bbox 670 2291 768 2345; x_wconf 69' lang='grc' dir='ltr'>καὶ</span> <span class='ocrx_word' id='word_1_191' title='bbox 809 2286 899 2346; x_wconf 77' lang='grc' dir='ltr'>οἷα</span> <span class='ocrx_word' id='word_1_192' title='bbox 925 2293 994 2345; x_wconf 87' lang='grc' dir='ltr'><strong>δι’</strong></span> <span class='ocrx_word' id='word_1_193' title='bbox 1022 2293 1338 2362; x_wconf 80' lang='grc' dir='ltr'>ἀλλοδαπῆς</span> <span class='ocrx_word' id='word_1_194' title='bbox 1369 2295 1467 2348; x_wconf 71' lang='grc' dir='ltr'>καὶ</span> <span class='ocrx_word' id='word_1_195' title='bbox 1513 2294 1772 2366; x_wconf 85' lang='grc' dir='ltr'>ἀτριϐοῦς</span> 
     </span>
    </p>
   </div>
   <div class='ocr_carea' id='block_1_27' title="bbox 209 2380 1771 2457">
    <p class='ocr_par' dir='ltr' id='par_1_27' title="bbox 209 2380 1771 2457">
     <span class='ocr_line' id='line_1_27' title="bbox 209 2380 1771 2457; baseline 0.004 -26"><span class='ocrx_word' id='word_1_196' title='bbox 209 2380 417 2450; x_wconf 81' lang='grc' dir='ltr'>πορείας</span> <span class='ocrx_word' id='word_1_197' title='bbox 442 2380 954 2452; x_wconf 82' lang='grc' dir='ltr'>διήκουσαν.”ῐλεως</span> <span class='ocrx_word' id='word_1_198' title='bbox 981 2384 1039 2437; x_wconf 84' lang='grc' dir='ltr'>δὲ</span> <span class='ocrx_word' id='word_1_199' title='bbox 1069 2383 1191 2455; x_wconf 83' lang='grc' dir='ltr'>είης</span> <span class='ocrx_word' id='word_1_200' title='bbox 1214 2387 1350 2457; x_wconf 85' lang='grc' dir='ltr'>ήμῖν</span> <span class='ocrx_word' id='word_1_201' title='bbox 1383 2383 1549 2455; x_wconf 80' lang='grc' dir='ltr'>αὐτὴ,</span> <span class='ocrx_word' id='word_1_202' title='bbox 1582 2385 1771 2456; x_wconf 84' lang='grc' dir='ltr'>θεηδό-</span> 
     </span>
    </p>
   </div>
   <div class='ocr_carea' id='block_1_28' title="bbox 209 2473 1772 2546">
    <p class='ocr_par' dir='ltr' id='par_1_28' title="bbox 209 2473 1772 2546">
     <span class='ocr_line' id='line_1_28' title="bbox 209 2473 1772 2546; baseline 0.005 -23"><span class='ocrx_word' id='word_1_203' title='bbox 209 2488 267 2539; x_wconf 87' lang='grc' dir='ltr'><strong>χε</strong></span> <span class='ocrx_word' id='word_1_204' title='bbox 307 2473 396 2526; x_wconf 67' lang='grc' dir='ltr'>καὶ</span> <span class='ocrx_word' id='word_1_205' title='bbox 425 2473 658 2538; x_wconf 79' lang='grc' dir='ltr'>ζωοτόκε</span> <span class='ocrx_word' id='word_1_206' title='bbox 696 2475 948 2546; x_wconf 83' lang='grc' dir='ltr'>Παρθένε</span> <span class='ocrx_word' id='word_1_207' title='bbox 973 2514 988 2542; x_wconf 92' lang='grc'><strong>,</strong></span> <span class='ocrx_word' id='word_1_208' title='bbox 1027 2476 1137 2530; x_wconf 88' lang='grc' dir='ltr'><strong>τῶν</strong></span> <span class='ocrx_word' id='word_1_209' title='bbox 1168 2475 1480 2546; x_wconf 82' lang='grc' dir='ltr'>ἀνεφίκτων</span> <span class='ocrx_word' id='word_1_210' title='bbox 1504 2477 1772 2532; x_wconf 83' lang='grc' dir='ltr'>κατατολ-</span> 
     </span>
    </p>
   </div>
   <div class='ocr_carea' id='block_1_29' title="bbox 215 2563 1770 2641">
    <p class='ocr_par' dir='ltr' id='par_1_29' title="bbox 215 2563 1770 2641">
     <span class='ocr_line' id='line_1_29' title="bbox 215 2563 1770 2641; baseline 0.005 -26"><span class='ocrx_word' id='word_1_211' title='bbox 215 2563 364 2631; x_wconf 82' lang='grc' dir='ltr'>μῶσι,</span> <span class='ocrx_word' id='word_1_212' title='bbox 399 2567 489 2622; x_wconf 83' lang='grc' dir='ltr'>καὶ</span> <span class='ocrx_word' id='word_1_213' title='bbox 512 2567 623 2620; x_wconf 89' lang='grc' dir='ltr'><strong>τῶν</strong></span> <span class='ocrx_word' id='word_1_214' title='bbox 651 2569 782 2640; x_wconf 69' lang='grc' dir='ltr'>περὶ</span> <span class='ocrx_word' id='word_1_215' title='bbox 811 2569 870 2622; x_wconf 79' lang='grc' dir='ltr'>σὲ</span> <span class='ocrx_word' id='word_1_216' title='bbox 899 2569 1148 2640; x_wconf 80' lang='grc' dir='ltr'>κρυφίων</span> <span class='ocrx_word' id='word_1_217' title='bbox 1178 2568 1634 2641; x_wconf 83' lang='grc' dir='ltr'>διερευνωμένοις</span> <span class='ocrx_word' id='word_1_218' title='bbox 1667 2588 1770 2641; x_wconf 84' lang='grc' dir='ltr'>μυ-</span> 
     </span>
    </p>
   </div>
   <div class='ocr_carea' id='block_1_30' title="bbox 212 2658 1772 2732">
    <p class='ocr_par' dir='ltr' id='par_1_30' title="bbox 212 2658 1772 2732">
     <span class='ocr_line' id='line_1_30' title="bbox 212 2658 1772 2732; baseline 0.002 -21"><span class='ocrx_word' id='word_1_219' title='bbox 212 2658 429 2727; x_wconf 80' lang='grc' dir='ltr'>στηρίων</span> <span class='ocrx_word' id='word_1_220' title='bbox 458 2659 518 2712; x_wconf 72' lang='grc' dir='ltr'><strong>τὸ</strong></span> <span class='ocrx_word' id='word_1_221' title='bbox 544 2659 730 2730; x_wconf 79' lang='grc' dir='ltr'>βάθος,</span> <span class='ocrx_word' id='word_1_222' title='bbox 755 2662 849 2714; x_wconf 73' lang='grc' dir='ltr'>καὶ</span> <span class='ocrx_word' id='word_1_223' title='bbox 873 2661 972 2724; x_wconf 88' lang='grc' dir='ltr'><strong>τάς</strong></span> <span class='ocrx_word' id='word_1_224' title='bbox 1004 2658 1082 2730; x_wconf 82' lang='grc' dir='ltr'>τῷ</span> <span class='ocrx_word' id='word_1_225' title='bbox 1125 2661 1274 2714; x_wconf 86' lang='grc' dir='ltr'>ἀκατ</span> <span class='ocrx_word' id='word_1_226' title='bbox 1291 2661 1519 2732; x_wconf 83' lang='grc' dir='ltr'>αλήπτῳ</span> <span class='ocrx_word' id='word_1_227' title='bbox 1546 2661 1656 2714; x_wconf 90' lang='grc' dir='ltr'><strong>τῶν</strong></span> <span class='ocrx_word' id='word_1_228' title='bbox 1678 2659 1772 2714; x_wconf 89' lang='grc' dir='ltr'><strong>τοῦ</strong></span> 
     </span>
    </p>
   </div>
   <div class='ocr_carea' id='block_1_31' title="bbox 208 2744 1774 2824">
    <p class='ocr_par' dir='ltr' id='par_1_31' title="bbox 208 2744 1774 2824">
     <span class='ocr_line' id='line_1_31' title="bbox 208 2744 1774 2824; baseline 0.006 -26"><span class='ocrx_word' id='word_1_229' title='bbox 208 2744 331 2800; x_wconf 80' lang='grc' dir='ltr'>Θεοῦ</span> <span class='ocrx_word' id='word_1_230' title='bbox 363 2750 643 2818; x_wconf 75' lang='grc' dir='ltr'>χριμάτων</span> <span class='ocrx_word' id='word_1_231' title='bbox 669 2751 816 2823; x_wconf 82' lang='grc' dir='ltr'>βυθῷ</span> <span class='ocrx_word' id='word_1_232' title='bbox 847 2753 979 2824; x_wconf 71' lang='grc' dir='ltr'>περὶ</span> <span class='ocrx_word' id='word_1_233' title='bbox 1033 2752 1093 2805; x_wconf 70' lang='grc' dir='ltr'><strong>σε</strong></span> <span class='ocrx_word' id='word_1_234' title='bbox 1119 2753 1438 2824; x_wconf 84' lang='grc' dir='ltr'>πεπηγυίας</span> <span class='ocrx_word' id='word_1_235' title='bbox 1464 2753 1774 2823; x_wconf 81' lang='grc' dir='ltr'>ἐγχειροῦσι</span> 
     </span>
    </p>
   </div>
   <div class='ocr_carea' id='block_1_32' title="bbox 205 2840 1774 2913">
    <p class='ocr_par' dir='ltr' id='par_1_32' title="bbox 205 2840 1774 2913">
     <span class='ocr_line' id='line_1_32' title="bbox 205 2840 1774 2913; baseline 0.006 -25"><span class='ocrx_word' id='word_1_236' title='bbox 205 2841 471 2893; x_wconf 77' lang='grc' dir='ltr'>κατανοεῖν</span> <span class='ocrx_word' id='word_1_237' title='bbox 504 2841 826 2913; x_wconf 89' lang='grc' dir='ltr'>θεουργίας·</span> <span class='ocrx_word' id='word_1_238' title='bbox 856 2840 943 2906; x_wconf 78' lang='grc' dir='ltr'><strong>αῖς</strong></span> <span class='ocrx_word' id='word_1_239' title='bbox 969 2843 1144 2896; x_wconf 78' lang='grc' dir='ltr'>καὶτὸ</span> <span class='ocrx_word' id='word_1_240' title='bbox 1181 2844 1343 2913; x_wconf 88' lang='grc' dir='ltr'>μόνον</span> <span class='ocrx_word' id='word_1_241' title='bbox 1387 2844 1774 2913; x_wconf 83' lang='grc' dir='ltr'>προσατενίσαι</span> 
     </span>
    </p>
   </div>
   <div class='ocr_carea' id='block_1_33' title="bbox 192 2930 1776 3008">
    <p class='ocr_par' dir='ltr' id='par_1_33' title="bbox 192 2930 1776 3008">
     <span class='ocr_line' id='line_1_33' title="bbox 192 2930 1776 3008; baseline 0.007 -29"><span class='ocrx_word' id='word_1_242' title='bbox 192 2930 262 2998; x_wconf 77' lang='grc' dir='ltr'>τῇ</span> <span class='ocrx_word' id='word_1_243' title='bbox 293 2931 424 2985; x_wconf 82' lang='grc' dir='ltr'><strong>κατά</strong></span> <span class='ocrx_word' id='word_1_244' title='bbox 459 2933 584 2988; x_wconf 88' lang='grc' dir='ltr'>νοῦν</span> <span class='ocrx_word' id='word_1_245' title='bbox 613 2935 836 3008; x_wconf 79' lang='grc' dir='ltr'>θεωρίᾳ,</span> <span class='ocrx_word' id='word_1_246' title='bbox 862 2936 981 3000; x_wconf 87' lang='grc' dir='ltr'>δέος</span> <span class='ocrx_word' id='word_1_247' title='bbox 1004 2937 1224 3008; x_wconf 76' lang='grc' dir='ltr'>ἐμποιεῖ</span> <span class='ocrx_word' id='word_1_248' title='bbox 1243 2937 1336 3006; x_wconf 74' lang='grc' dir='ltr'>καὶ</span> <span class='ocrx_word' id='word_1_249' title='bbox 1365 2936 1551 3001; x_wconf 81' lang='grc' dir='ltr'>αὐτοῖς</span> <span class='ocrx_word' id='word_1_250' title='bbox 1573 2953 1638 3005; x_wconf 86' lang='grc' dir='ltr'><strong>γε</strong></span> <span class='ocrx_word' id='word_1_251' title='bbox 1662 2940 1776 3004; x_wconf 86' lang='grc' dir='ltr'>τοῖς</span> 
     </span>
    </p>
   </div>
   <div class='ocr_carea' id='block_1_34' title="bbox 189 3017 1774 3098">
    <p class='ocr_par' dir='ltr' id='par_1_34' title="bbox 189 3017 1774 3098">
     <span class='ocr_line' id='line_1_34' title="bbox 189 3017 1774 3098; baseline 0.016 -30"><span class='ocrx_word' id='word_1_252' title='bbox 189 3017 413 3086; x_wconf 68' lang='grc' dir='ltr'>ὑψηλοῖς</span> <span class='ocrx_word' id='word_1_253' title='bbox 443 3022 541 3094; x_wconf 82' lang='grc' dir='ltr'>τὴν</span> <span class='ocrx_word' id='word_1_254' title='bbox 569 3024 830 3090; x_wconf 79' lang='grc' dir='ltr'>διάνοιαν,</span> <span class='ocrx_word' id='word_1_255' title='bbox 875 3028 951 3097; x_wconf 86' lang='grc' dir='ltr'><strong>μή</strong></span> <span class='ocrx_word' id='word_1_256' title='bbox 984 3026 1035 3079; x_wconf 89' lang='grc' dir='ltr'><strong>τί</strong></span> <span class='ocrx_word' id='word_1_257' title='bbox 1062 3044 1126 3094; x_wconf 85' lang='grc' dir='ltr'><strong>γε</strong></span> <span class='ocrx_word' id='word_1_258' title='bbox 1155 3028 1271 3089; x_wconf 78' lang='grc' dir='ltr'>τοῖς</span> <span class='ocrx_word' id='word_1_259' title='bbox 1308 3027 1774 3098; x_wconf 76' lang='grc' dir='ltr'>σαρκωδεστέροις</span> 
     </span>
    </p>
   </div>
   <div class='ocr_carea' id='block_1_35' title="bbox 189 3108 1630 3188">
    <p class='ocr_par' dir='ltr' id='par_1_35' title="bbox 189 3108 1630 3188">
     <span class='ocr_line' id='line_1_35' title="bbox 189 3108 1630 3188; baseline 0.006 -27"><span class='ocrx_word' id='word_1_260' title='bbox 189 3108 344 3179; x_wconf 76' lang='grc' dir='ltr'>ἡμῖν,</span> <span class='ocrx_word' id='word_1_261' title='bbox 369 3115 464 3167; x_wconf 75' lang='grc' dir='ltr'>καὶ</span> <span class='ocrx_word' id='word_1_262' title='bbox 492 3115 569 3186; x_wconf 84' lang='grc' dir='ltr'><strong>τῷ</strong></span> <span class='ocrx_word' id='word_1_263' title='bbox 593 3116 776 3187; x_wconf 87' lang='grc' dir='ltr'>κωδίῳ</span> <span class='ocrx_word' id='word_1_264' title='bbox 805 3121 894 3173; x_wconf 78' lang='grc' dir='ltr'>τὸν</span> <span class='ocrx_word' id='word_1_265' title='bbox 932 3115 1075 3188; x_wconf 84' lang='grc' dir='ltr'>θῆρα</span> <span class='ocrx_word' id='word_1_266' title='bbox 1101 3133 1168 3169; x_wconf 86' lang='grc' dir='ltr'><strong>πε</strong></span> <span class='ocrx_word' id='word_1_267' title='bbox 1180 3115 1630 3188; x_wconf 66' lang='grc' dir='ltr'>ρικαλύπτουσι.ί</span> 
     </span>
    </p>
   </div>
   <div class='ocr_carea' id='block_1_36' title="bbox 1869 563 3452 642">
    <p class='ocr_par' dir='ltr' id='par_1_36' title="bbox 1869 563 3452 642">
     <span class='ocr_line' id='line_1_36' title="bbox 1869 563 3452 642; baseline -0.002 -18"><span class='ocrx_word' id='word_1_268' title='bbox 1869 578 1924 627; x_wconf 88' lang='lat' dir='ltr'><strong>et</strong></span> <span class='ocrx_word' id='word_1_269' title='bbox 1971 569 2092 642; x_wconf 83' lang='lat' dir='ltr'><strong>ipsa</strong></span> <span class='ocrx_word' id='word_1_270' title='bbox 2142 565 2402 636; x_wconf 85' lang='lat' dir='ltr'><strong>equidem</strong></span> <span class='ocrx_word' id='word_1_271' title='bbox 2459 565 2708 635; x_wconf 83' lang='lat' dir='ltr'><strong>gustavit</strong></span> <span class='ocrx_word' id='word_1_272' title='bbox 2758 572 3018 630; x_wconf 83' lang='lat' dir='ltr'><strong>mortem,</strong></span> <span class='ocrx_word' id='word_1_273' title='bbox 3066 563 3214 624; x_wconf 86' lang='lat' dir='ltr'><strong>haud</strong></span> <span class='ocrx_word' id='word_1_274' title='bbox 3264 574 3452 626; x_wconf 86' lang='lat' dir='ltr'><strong>tamen</strong></span> 
     </span>
    </p>
   </div>
   <div class='ocr_carea' id='block_1_37' title="bbox 1869 657 3548 725">
    <p class='ocr_par' dir='ltr' id='par_1_37' title="bbox 1869 657 3548 725">
     <span class='ocr_line' id='line_1_37' title="bbox 1869 657 3548 725; baseline -0.002 -11"><span class='ocrx_word' id='word_1_275' title='bbox 1869 660 2088 718; x_wconf 86' lang='lat' dir='ltr'><strong>detenta</strong></span> <span class='ocrx_word' id='word_1_276' title='bbox 2154 659 2378 725; x_wconf 86' lang='lat' dir='ltr'><strong>mansit,</strong></span> <span class='ocrx_word' id='word_1_277' title='bbox 2438 657 2548 718; x_wconf 84' lang='lat' dir='ltr'><strong>nisi</strong></span> <span class='ocrx_word' id='word_1_278' title='bbox 2585 665 2797 712; x_wconf 88' lang='lat' dir='ltr'><strong>tantum</strong></span> <span class='ocrx_word' id='word_1_279' title='bbox 2847 665 2909 712; x_wconf 89' lang='lat' dir='ltr'><strong>ut</strong></span> <span class='ocrx_word' id='word_1_280' title='bbox 2959 663 3174 713; x_wconf 65' lang='lat' dir='ltr'><strong>naturae</strong></span> <span class='ocrx_word' id='word_1_281' title='bbox 3228 657 3456 716; x_wconf 87' lang='lat' dir='ltr'><strong>cederet</strong></span> <span class='ocrx_word' id='word_1_282' title='bbox 3546 707 3548 711; x_wconf 89' lang='lat'>.</span> 
     </span>
    </p>
   </div>
   <div class='ocr_carea' id='block_1_38' title="bbox 1869 746 3455 822">
    <p class='ocr_par' dir='ltr' id='par_1_38' title="bbox 1869 746 3455 822">
     <span class='ocr_line' id='line_1_38' title="bbox 1869 746 3455 822; baseline -0.004 -16"><span class='ocrx_word' id='word_1_283' title='bbox 1869 748 2106 822; x_wconf 82' lang='lat' dir='ltr'><strong>legibus,</strong></span> <span class='ocrx_word' id='word_1_284' title='bbox 2175 763 2240 804; x_wconf 86' lang='lat' dir='ltr'><strong>ac</strong></span> <span class='ocrx_word' id='word_1_285' title='bbox 2309 747 2795 820; x_wconf 74' lang='lat' dir='ltr'><strong>dispensationem</strong></span> <span class='ocrx_word' id='word_1_286' title='bbox 2861 746 3138 816; x_wconf 89' lang='lat' dir='ltr'><strong>impleret,</strong></span> <span class='ocrx_word' id='word_1_287' title='bbox 3195 763 3362 816; x_wconf 88' lang='lat' dir='ltr'><strong>quam</strong></span> <span class='ocrx_word' id='word_1_288' title='bbox 3419 763 3455 805; x_wconf 67' lang='grc' dir='ltr'><strong><em>ι</em></strong></span> 
     </span>
    </p>
   </div>
   <div class='ocr_carea' id='block_1_39' title="bbox 1872 833 3454 914">
    <p class='ocr_par' dir='ltr' id='par_1_39' title="bbox 1872 833 3454 914">
     <span class='ocr_line' id='line_1_39' title="bbox 1872 833 3454 914; baseline 0 -18"><span class='ocrx_word' id='word_1_289' title='bbox 1872 841 2149 914; x_wconf 88' lang='lat' dir='ltr'><strong>principio</strong></span> <span class='ocrx_word' id='word_1_290' title='bbox 2199 833 2255 896; x_wconf 82' lang='lat' dir='ltr'><strong>in</strong></span> <span class='ocrx_word' id='word_1_291' title='bbox 2312 841 2598 896; x_wconf 90' lang='lat' dir='ltr'><strong>hominum</strong></span> <span class='ocrx_word' id='word_1_292' title='bbox 2651 855 2856 912; x_wconf 82' lang='lat' dir='ltr'><strong>genus.</strong></span> <span class='ocrx_word' id='word_1_293' title='bbox 2913 838 3104 896; x_wconf 85' lang='lat' dir='ltr'><strong>omnia</strong></span> <span class='ocrx_word' id='word_1_294' title='bbox 3145 838 3454 908; x_wconf 79' lang='lat' dir='ltr'><strong>pervadens</strong></span> 
     </span>
    </p>
   </div>
   <div class='ocr_carea' id='block_1_40' title="bbox 1871 931 3454 1000">
    <p class='ocr_par' dir='ltr' id='par_1_40' title="bbox 1871 931 3454 1000">
     <span class='ocr_line' id='line_1_40' title="bbox 1871 931 3454 1000; baseline -0.002 -11"><span class='ocrx_word' id='word_1_295' title='bbox 1871 933 2223 992; x_wconf 76' lang='lat' dir='ltr'><strong>Pravidentia</strong></span> <span class='ocrx_word' id='word_1_296' title='bbox 2253 933 2488 997; x_wconf 78' lang='lat' dir='ltr'><strong>llxisset,</strong></span> <span class='ocrx_word' id='word_1_297' title='bbox 2515 947 2579 988; x_wconf 92' lang='lat' dir='ltr'><strong>ac</strong></span> <span class='ocrx_word' id='word_1_298' title='bbox 2621 932 2890 988; x_wconf 86' lang='lat' dir='ltr'><strong>voluisset</strong></span> <span class='ocrx_word' id='word_1_299' title='bbox 2925 931 3210 986; x_wconf 85' lang='lat' dir='ltr'><strong>immotam</strong></span> <span class='ocrx_word' id='word_1_300' title='bbox 3239 950 3253 986; x_wconf 94' lang='lat'><strong>:</strong></span> <span class='ocrx_word' id='word_1_301' title='bbox 3287 939 3454 1000; x_wconf 81' lang='lat' dir='ltr'><strong>atque</strong></span> 
     </span>
    </p>
   </div>
   <div class='ocr_carea' id='block_1_41' title="bbox 1873 1009 3454 1096">
    <p class='ocr_par' dir='ltr' id='par_1_41' title="bbox 1873 1009 3454 1096">
     <span class='ocr_line' id='line_1_41' title="bbox 1873 1009 3454 1096; baseline -0.002 -17"><span class='ocrx_word' id='word_1_302' title='bbox 1873 1027 2034 1089; x_wconf 83' lang='lat' dir='ltr'><strong>adeo,</strong></span> <span class='ocrx_word' id='word_1_303' title='bbox 2067 1037 2129 1080; x_wconf 88' lang='lat' dir='ltr'><strong>ut</strong></span> <span class='ocrx_word' id='word_1_304' title='bbox 2159 1034 2212 1078; x_wconf 90' lang='lat' dir='ltr'><strong>et</strong></span> <span class='ocrx_word' id='word_1_305' title='bbox 2247 1024 2429 1096; x_wconf 85' lang='lat' dir='ltr'><strong>palam</strong></span> <span class='ocrx_word' id='word_1_306' title='bbox 2482 1009 2714 1076; x_wconf 85' lang='lat' dir='ltr'><strong>modum</strong></span> <span class='ocrx_word' id='word_1_307' title='bbox 2746 1021 3031 1091; x_wconf 86' lang='lat' dir='ltr'><strong>proderet.</strong></span> <span class='ocrx_word' id='word_1_308' title='bbox 3070 1036 3182 1090; x_wconf 90' lang='lat' dir='ltr'><strong>quo</strong></span> <span class='ocrx_word' id='word_1_309' title='bbox 3220 1019 3454 1076; x_wconf 86' lang='lat' dir='ltr'><strong>tenden-</strong></span> 
     </span>
    </p>
   </div>
   <div class='ocr_carea' id='block_1_42' title="bbox 1875 1111 3452 1186">
    <p class='ocr_par' dir='ltr' id='par_1_42' title="bbox 1875 1111 3452 1186">
     <span class='ocr_line' id='line_1_42' title="bbox 1875 1111 3452 1186; baseline -0.005 -12"><span class='ocrx_word' id='word_1_310' title='bbox 1875 1126 1982 1174; x_wconf 86' lang='lat' dir='ltr'><strong>tem</strong></span> <span class='ocrx_word' id='word_1_311' title='bbox 2039 1131 2070 1172; x_wconf 89' lang='lat' dir='ltr'><strong>a</strong></span> <span class='ocrx_word' id='word_1_312' title='bbox 2119 1118 2287 1171; x_wconf 88' lang='lat' dir='ltr'><strong>rebus</strong></span> <span class='ocrx_word' id='word_1_313' title='bbox 2345 1115 2695 1186; x_wconf 90' lang='lat' dir='ltr'><strong>corruptioni</strong></span> <span class='ocrx_word' id='word_1_314' title='bbox 2738 1114 3001 1169; x_wconf 75' lang='lat' dir='ltr'><strong>obnoxiis</strong></span> <span class='ocrx_word' id='word_1_315' title='bbox 3033 1113 3102 1167; x_wconf 85' lang='lat' dir='ltr'><strong>ad</strong></span> <span class='ocrx_word' id='word_1_316' title='bbox 3137 1127 3227 1166; x_wconf 76' lang='lat' dir='ltr'><strong>res</strong></span> <span class='ocrx_word' id='word_1_317' title='bbox 3257 1111 3452 1166; x_wconf 70' lang='lat' dir='ltr'><strong>incoro</strong></span> 
     </span>
    </p>
   </div>
   <div class='ocr_carea' id='block_1_43' title="bbox 1874 1204 3454 1280">
    <p class='ocr_par' dir='ltr' id='par_1_43' title="bbox 1874 1204 3454 1280">
     <span class='ocr_line' id='line_1_43' title="bbox 1874 1204 3454 1280; baseline -0.005 -12"><span class='ocrx_word' id='word_1_318' title='bbox 1874 1216 2066 1280; x_wconf 87' lang='lat' dir='ltr'><strong>ruptas</strong></span> <span class='ocrx_word' id='word_1_319' title='bbox 2095 1217 2307 1264; x_wconf 84' lang='lat' dir='ltr'><strong>motum</strong></span> <span class='ocrx_word' id='word_1_320' title='bbox 2344 1209 2648 1264; x_wconf 85' lang='lat' dir='ltr'><strong>identidem</strong></span> <span class='ocrx_word' id='word_1_321' title='bbox 2692 1214 2964 1262; x_wconf 82' lang='lat' dir='ltr'><strong>mutasset</strong></span> <span class='ocrx_word' id='word_1_322' title='bbox 2999 1222 3013 1259; x_wconf 91' lang='lat'><strong>:</strong></span> <span class='ocrx_word' id='word_1_323' title='bbox 3049 1204 3454 1274; x_wconf 77' lang='lat' dir='ltr'><strong>quandO&#39;nel&#39;as</strong></span> 
     </span>
    </p>
   </div>
   <div class='ocr_carea' id='block_1_44' title="bbox 1875 1297 3454 1370">
    <p class='ocr_par' dir='ltr' id='par_1_44' title="bbox 1875 1297 3454 1370">
     <span class='ocr_line' id='line_1_44' title="bbox 1875 1297 3454 1370; baseline -0.003 -12"><span class='ocrx_word' id='word_1_324' title='bbox 1875 1301 2075 1370; x_wconf 81' lang='lat' dir='ltr'><strong>alioqui</strong></span> <span class='ocrx_word' id='word_1_325' title='bbox 2108 1309 2250 1364; x_wconf 89' lang='lat' dir='ltr'><strong>erat,</strong></span> <span class='ocrx_word' id='word_1_326' title='bbox 2306 1310 2365 1354; x_wconf 86' lang='grc' dir='ltr'><strong>ιιι</strong></span> <span class='ocrx_word' id='word_1_327' title='bbox 2416 1301 2525 1356; x_wconf 88' lang='lat' dir='ltr'><strong>nisi</strong></span> <span class='ocrx_word' id='word_1_328' title='bbox 2579 1300 2677 1354; x_wconf 78' lang='lat' dir='ltr'><strong>illa</strong></span> <span class='ocrx_word' id='word_1_329' title='bbox 2710 1299 2954 1369; x_wconf 83' lang='lat' dir='ltr'><strong>partium</strong></span> <span class='ocrx_word' id='word_1_330' title='bbox 2997 1297 3149 1352; x_wconf 86' lang='lat' dir='ltr'><strong>velut</strong></span> <span class='ocrx_word' id='word_1_331' title='bbox 3181 1311 3210 1351; x_wconf 89' lang='lat' dir='ltr'><strong>a</strong></span> <span class='ocrx_word' id='word_1_332' title='bbox 3255 1305 3454 1354; x_wconf 76' lang='lat' dir='ltr'><strong>natura</strong></span> 
     </span>
    </p>
   </div>
   <div class='ocr_carea' id='block_1_45' title="bbox 1874 1388 3452 1464">
    <p class='ocr_par' dir='ltr' id='par_1_45' title="bbox 1874 1388 3452 1464">
     <span class='ocr_line' id='line_1_45' title="bbox 1874 1388 3452 1464; baseline -0.001 -18"><span class='ocrx_word' id='word_1_333' title='bbox 1874 1392 2276 1464; x_wconf 87' lang='lat' dir='ltr'><strong>disjunclione,</strong></span> <span class='ocrx_word' id='word_1_334' title='bbox 2333 1391 2537 1446; x_wconf 77' lang='lat' dir='ltr'><strong>llttxam</strong></span> <span class='ocrx_word' id='word_1_335' title='bbox 2587 1391 2758 1444; x_wconf 85' lang='lat' dir='ltr'><strong>vitam</strong></span> <span class='ocrx_word' id='word_1_336' title='bbox 2803 1388 3074 1444; x_wconf 85' lang='lat' dir='ltr'><strong>mutando</strong></span> <span class='ocrx_word' id='word_1_337' title='bbox 3131 1388 3452 1457; x_wconf 70' lang='lat' dir='ltr'><strong>depelleret.</strong></span> 
     </span>
    </p>
   </div>
   <div class='ocr_carea' id='block_1_46' title="bbox 1875 1482 3456 1554">
    <p class='ocr_par' dir='ltr' id='par_1_46' title="bbox 1875 1482 3456 1554">
     <span class='ocr_line' id='line_1_46' title="bbox 1875 1482 3456 1554; baseline 0.001 -18"><span class='ocrx_word' id='word_1_338' title='bbox 1875 1485 2014 1543; x_wconf 88' lang='lat' dir='ltr'><strong>Cum</strong></span> <span class='ocrx_word' id='word_1_339' title='bbox 2069 1485 2240 1548; x_wconf 78' lang='lat' dir='ltr'><strong>enim,</strong></span> <span class='ocrx_word' id='word_1_340' title='bbox 2289 1484 2446 1554; x_wconf 66' lang='lat' dir='ltr'><strong>juxta</strong></span> <span class='ocrx_word' id='word_1_341' title='bbox 2506 1484 2754 1538; x_wconf 78' lang='lat' dir='ltr'><strong>divinum</strong></span> <span class='ocrx_word' id='word_1_342' title='bbox 2819 1483 3108 1538; x_wconf 91' lang='lat' dir='ltr'><strong>oraculum</strong></span> <span class='ocrx_word' id='word_1_343' title='bbox 3135 1492 3180 1550; x_wconf 81' lang='grc' dir='ltr'>ι’,</span> <span class='ocrx_word' id='word_1_344' title='bbox 3202 1497 3314 1536; x_wconf 89' lang='lat' dir='ltr'><strong>non</strong></span> <span class='ocrx_word' id='word_1_345' title='bbox 3377 1482 3456 1538; x_wconf 92' lang='lat' dir='ltr'><strong>sit</strong></span> 
     </span>
    </p>
   </div>
   <div class='ocr_carea' id='block_1_47' title="bbox 1875 1573 3451 1645">
    <p class='ocr_par' dir='ltr' id='par_1_47' title="bbox 1875 1573 3451 1645">
     <span class='ocr_line' id='line_1_47' title="bbox 1875 1573 3451 1645; baseline -0.002 -14"><span class='ocrx_word' id='word_1_346' title='bbox 1875 1576 2042 1631; x_wconf 93' lang='lat' dir='ltr'><strong>homo</strong></span> <span class='ocrx_word' id='word_1_347' title='bbox 2093 1577 2188 1645; x_wconf 91' lang='lat' dir='ltr'><strong>qui</strong></span> <span class='ocrx_word' id='word_1_348' title='bbox 2245 1577 2411 1639; x_wconf 91' lang='lat' dir='ltr'><strong>vivat,</strong></span> <span class='ocrx_word' id='word_1_349' title='bbox 2484 1582 2542 1629; x_wconf 90' lang='lat' dir='ltr'><strong>et</strong></span> <span class='ocrx_word' id='word_1_350' title='bbox 2613 1589 2726 1630; x_wconf 90' lang='lat' dir='ltr'><strong>non</strong></span> <span class='ocrx_word' id='word_1_351' title='bbox 2773 1573 2850 1630; x_wconf 88' lang='lat' dir='ltr'><strong>sit</strong></span> <span class='ocrx_word' id='word_1_352' title='bbox 2901 1573 3127 1628; x_wconf 88' lang='lat' dir='ltr'><strong>visurus</strong></span> <span class='ocrx_word' id='word_1_353' title='bbox 3177 1580 3451 1634; x_wconf 86' lang='lat' dir='ltr'><strong>mortem:</strong></span> 
     </span>
    </p>
   </div>
   <div class='ocr_carea' id='block_1_48' title="bbox 1875 1665 3456 1736">
    <p class='ocr_par' dir='ltr' id='par_1_48' title="bbox 1875 1665 3456 1736">
     <span class='ocr_line' id='line_1_48' title="bbox 1875 1665 3456 1736; baseline -0.003 -13"><span class='ocrx_word' id='word_1_354' title='bbox 1875 1667 2044 1724; x_wconf 78' lang='lat' dir='ltr'><strong>fuerit</strong></span> <span class='ocrx_word' id='word_1_355' title='bbox 2096 1677 2278 1724; x_wconf 88' lang='lat' dir='ltr'><strong>autem</strong></span> <span class='ocrx_word' id='word_1_356' title='bbox 2331 1668 2494 1723; x_wconf 91' lang='lat' dir='ltr'><strong>etiam</strong></span> <span class='ocrx_word' id='word_1_357' title='bbox 2531 1667 2696 1722; x_wconf 90' lang='lat' dir='ltr'><strong>homo</strong></span> <span class='ocrx_word' id='word_1_358' title='bbox 2745 1681 2914 1736; x_wconf 88' lang='lat' dir='ltr'><strong>quam</strong></span> <span class='ocrx_word' id='word_1_359' title='bbox 2963 1665 3332 1727; x_wconf 87' lang='lat' dir='ltr'><strong>celebramus,</strong></span> <span class='ocrx_word' id='word_1_360' title='bbox 3391 1677 3456 1720; x_wconf 79' lang='lat' dir='ltr'><strong>ac</strong></span> 
     </span>
    </p>
   </div>
   <div class='ocr_carea' id='block_1_49' title="bbox 1877 1757 3545 1831">
    <p class='ocr_par' dir='ltr' id='par_1_49' title="bbox 1877 1757 3545 1831">
     <span class='ocr_line' id='line_1_49' title="bbox 1877 1757 3545 1831; baseline -0.003 -17"><span class='ocrx_word' id='word_1_361' title='bbox 1877 1762 2054 1831; x_wconf 84' lang='lat' dir='ltr'><strong>major</strong></span> <span class='ocrx_word' id='word_1_362' title='bbox 2107 1760 2368 1825; x_wconf 83' lang='lat' dir='ltr'><strong>homine;</strong></span> <span class='ocrx_word' id='word_1_363' title='bbox 2421 1759 2718 1826; x_wconf 89' lang='lat' dir='ltr'><strong>probatum</strong></span> <span class='ocrx_word' id='word_1_364' title='bbox 2767 1758 2962 1826; x_wconf 89' lang='lat' dir='ltr'><strong>utique</strong></span> <span class='ocrx_word' id='word_1_365' title='bbox 3011 1757 3304 1828; x_wconf 87' lang='lat' dir='ltr'><strong>perspicue</strong></span> <span class='ocrx_word' id='word_1_366' title='bbox 3335 1770 3456 1809; x_wconf 88' lang='lat' dir='ltr'><strong>ma-</strong></span> <span class='ocrx_word' id='word_1_367' title='bbox 3539 1805 3545 1809; x_wconf 93' lang='lat'><strong>.</strong></span> 
     </span>
    </p>
   </div>
   <div class='ocr_carea' id='block_1_50' title="bbox 1876 1845 3453 1919">
    <p class='ocr_par' dir='ltr' id='par_1_50' title="bbox 1876 1845 3453 1919">
     <span class='ocr_line' id='line_1_50' title="bbox 1876 1845 3453 1919; baseline -0.004 -13"><span class='ocrx_word' id='word_1_368' title='bbox 1876 1861 1992 1918; x_wconf 91' lang='lat' dir='ltr'><strong>net,</strong></span> <span class='ocrx_word' id='word_1_369' title='bbox 2046 1849 2299 1907; x_wconf 89' lang='lat' dir='ltr'><strong>eamdem</strong></span> <span class='ocrx_word' id='word_1_370' title='bbox 2359 1856 2416 1905; x_wconf 90' lang='lat' dir='ltr'><strong>et</strong></span> <span class='ocrx_word' id='word_1_371' title='bbox 2455 1849 2630 1919; x_wconf 85' lang='lat' dir='ltr'><strong>ipsam</strong></span> <span class='ocrx_word' id='word_1_372' title='bbox 2681 1848 2969 1903; x_wconf 83' lang='lat' dir='ltr'><strong>nobiscum</strong></span> <span class='ocrx_word' id='word_1_373' title='bbox 3023 1855 3234 1902; x_wconf 68' lang='lat' dir='ltr'><strong>natura:</strong></span> <span class='ocrx_word' id='word_1_374' title='bbox 3280 1845 3453 1914; x_wconf 79' lang='lat' dir='ltr'><strong>legem</strong></span> 
     </span>
    </p>
   </div>
   <div class='ocr_carea' id='block_1_51' title="bbox 1875 1921 3453 2014">
    <p class='ocr_par' dir='ltr' id='par_1_51' title="bbox 1875 1921 3453 2014">
     <span class='ocr_line' id='line_1_51' title="bbox 1875 1921 3453 2014; baseline -0.008 -14"><span class='ocrx_word' id='word_1_375' title='bbox 1875 1943 2170 2014; x_wconf 83' lang='lat' dir='ltr'><strong>implesse;</strong></span> <span class='ocrx_word' id='word_1_376' title='bbox 2223 1956 2542 2012; x_wconf 87' lang='lat' dir='ltr'><strong>quanquam</strong></span> <span class='ocrx_word' id='word_1_377' title='bbox 2571 1940 2744 1996; x_wconf 60' lang='grc' dir='ltr'>τίοι-ιε</span> <span class='ocrx_word' id='word_1_378' title='bbox 2798 1953 2910 1993; x_wconf 90' lang='lat' dir='ltr'><strong>non</strong></span> <span class='ocrx_word' id='word_1_379' title='bbox 2964 1952 3027 1992; x_wconf 90' lang='lat' dir='ltr'><strong>ea</strong></span> <span class='ocrx_word' id='word_1_380' title='bbox 3061 1951 3166 2006; x_wconf 91' lang='lat' dir='ltr'><strong>qua</strong></span> <span class='ocrx_word' id='word_1_381' title='bbox 3199 1935 3326 2005; x_wconf 89' lang='lat' dir='ltr'><strong>ipsi,</strong></span> <span class='ocrx_word' id='word_1_382' title='bbox 3357 1921 3453 1988; x_wconf 87' lang='lat' dir='ltr'><strong>sed</strong></span> 
     </span>
    </p>
   </div>
   <div class='ocr_carea' id='block_1_52' title="bbox 1877 2032 3453 2104">
    <p class='ocr_par' dir='ltr' id='par_1_52' title="bbox 1877 2032 3453 2104">
     <span class='ocr_line' id='line_1_52' title="bbox 1877 2032 3453 2104; baseline -0.008 -14"><span class='ocrx_word' id='word_1_383' title='bbox 1877 2034 2061 2090; x_wconf 87' lang='lat' dir='ltr'><strong>altiori</strong></span> <span class='ocrx_word' id='word_1_384' title='bbox 2093 2042 2148 2088; x_wconf 90' lang='lat' dir='ltr'><strong>et</strong></span> <span class='ocrx_word' id='word_1_385' title='bbox 2185 2049 2352 2104; x_wconf 88' lang='lat' dir='ltr'><strong>supra</strong></span> <span class='ocrx_word' id='word_1_386' title='bbox 2393 2032 2670 2088; x_wconf 83' lang='lat' dir='ltr'><strong>hominem</strong></span> <span class='ocrx_word' id='word_1_387' title='bbox 2728 2032 2968 2092; x_wconf 89' lang='lat' dir='ltr'><strong>ratione,</strong></span> <span class='ocrx_word' id='word_1_388' title='bbox 2999 2043 3062 2082; x_wconf 90' lang='lat' dir='ltr'><strong>ac</strong></span> <span class='ocrx_word' id='word_1_389' title='bbox 3103 2038 3301 2097; x_wconf 70' lang='lat' dir='ltr'><strong>praeter</strong></span> <span class='ocrx_word' id='word_1_390' title='bbox 3332 2040 3453 2079; x_wconf 88' lang='lat' dir='ltr'><strong>eam</strong></span> 
     </span>
    </p>
   </div>
   <div class='ocr_carea' id='block_1_53' title="bbox 1876 2115 3456 2196">
    <p class='ocr_par' dir='ltr' id='par_1_53' title="bbox 1876 2115 3456 2196">
     <span class='ocr_line' id='line_1_53' title="bbox 1876 2115 3456 2196; baseline -0.006 -17"><span class='ocrx_word' id='word_1_391' title='bbox 1876 2140 1984 2195; x_wconf 91' lang='lat' dir='ltr'><strong>qua</strong></span> <span class='ocrx_word' id='word_1_392' title='bbox 2038 2125 2089 2179; x_wconf 93' lang='lat' dir='ltr'><strong>id</strong></span> <span class='ocrx_word' id='word_1_393' title='bbox 2148 2125 2253 2196; x_wconf 84' lang='lat' dir='ltr'><strong>ipsi</strong></span> <span class='ocrx_word' id='word_1_394' title='bbox 2301 2123 2529 2178; x_wconf 88' lang='lat' dir='ltr'><strong>omuiuo</strong></span> <span class='ocrx_word' id='word_1_395' title='bbox 2587 2121 2842 2192; x_wconf 80' lang='lat' dir='ltr'><strong>cogimur</strong></span> <span class='ocrx_word' id='word_1_396' title='bbox 2896 2119 3200 2175; x_wconf 84' lang='lat' dir='ltr'><strong>sustinere.</strong></span> <span class='ocrx_word' id='word_1_397' title='bbox 3256 2115 3351 2171; x_wconf 89' lang='lat' dir='ltr'><strong>Sic</strong></span> <span class='ocrx_word' id='word_1_398' title='bbox 3397 2123 3456 2170; x_wconf 91' lang='lat' dir='ltr'><strong>ttt</strong></span> 
     </span>
    </p>
   </div>
   <div class='ocr_carea' id='block_1_54' title="bbox 1878 2206 3457 2284">
    <p class='ocr_par' dir='ltr' id='par_1_54' title="bbox 1878 2206 3457 2284">
     <span class='ocr_line' id='line_1_54' title="bbox 1878 2206 3457 2284; baseline -0.006 -13"><span class='ocrx_word' id='word_1_399' title='bbox 1878 2216 2032 2282; x_wconf 91' lang='lat' dir='ltr'><strong>mihi,</strong></span> <span class='ocrx_word' id='word_1_400' title='bbox 2065 2215 2192 2284; x_wconf 83' lang='lat' dir='ltr'><strong>ejus</strong></span> <span class='ocrx_word' id='word_1_401' title='bbox 2225 2214 2291 2268; x_wconf 91' lang='lat' dir='ltr'><strong>ad</strong></span> <span class='ocrx_word' id='word_1_402' title='bbox 2335 2213 2544 2270; x_wconf 81' lang='lat' dir='ltr'><strong>inferos</strong></span> <span class='ocrx_word' id='word_1_403' title='bbox 2587 2213 2920 2267; x_wconf 88' lang='lat' dir='ltr'><strong>descensum</strong></span> <span class='ocrx_word' id='word_1_404' title='bbox 2955 2209 3162 2279; x_wconf 89' lang='lat' dir='ltr'><strong>cogita,</strong></span> <span class='ocrx_word' id='word_1_405' title='bbox 3204 2207 3366 2276; x_wconf 86' lang='lat' dir='ltr'><strong>cujus</strong></span> <span class='ocrx_word' id='word_1_406' title='bbox 3399 2206 3457 2262; x_wconf 91' lang='lat' dir='ltr'><strong>in</strong></span> 
     </span>
    </p>
   </div>
   <div class='ocr_carea' id='block_1_55' title="bbox 1877 2297 3458 2378">
    <p class='ocr_par' dir='ltr' id='par_1_55' title="bbox 1877 2297 3458 2378">
     <span class='ocr_line' id='line_1_55' title="bbox 1877 2297 3458 2378; baseline -0.006 -18"><span class='ocrx_word' id='word_1_407' title='bbox 1877 2321 1939 2360; x_wconf 88' lang='lat' dir='ltr'><strong>ea</strong></span> <span class='ocrx_word' id='word_1_408' title='bbox 1976 2314 2152 2370; x_wconf 87' lang='lat' dir='ltr'><strong>tanta,</strong></span> <span class='ocrx_word' id='word_1_409' title='bbox 2183 2305 2331 2378; x_wconf 89' lang='lat' dir='ltr'><strong>quod</strong></span> <span class='ocrx_word' id='word_1_410' title='bbox 2369 2304 2548 2362; x_wconf 84' lang='lat' dir='ltr'><strong>sentio</strong></span> <span class='ocrx_word' id='word_1_411' title='bbox 2591 2312 2646 2358; x_wconf 90' lang='lat' dir='ltr'><strong>et</strong></span> <span class='ocrx_word' id='word_1_412' title='bbox 2691 2302 2916 2373; x_wconf 90' lang='lat' dir='ltr'><strong>loquor,</strong></span> <span class='ocrx_word' id='word_1_413' title='bbox 2966 2299 3206 2370; x_wconf 81' lang='lat' dir='ltr'><strong>partium</strong></span> <span class='ocrx_word' id='word_1_414' title='bbox 3239 2297 3458 2368; x_wconf 80' lang='lat' dir='ltr'><strong>disjun—</strong></span> 
     </span>
    </p>
   </div>
   <div class='ocr_carea' id='block_1_56' title="bbox 1878 2394 3458 2466">
    <p class='ocr_par' dir='ltr' id='par_1_56' title="bbox 1878 2394 3458 2466">
     <span class='ocr_line' id='line_1_56' title="bbox 1878 2394 3458 2466; baseline -0.003 -16"><span class='ocrx_word' id='word_1_415' title='bbox 1878 2396 2064 2452; x_wconf 82' lang='lat' dir='ltr'><strong>ctione</strong></span> <span class='ocrx_word' id='word_1_416' title='bbox 2119 2395 2387 2466; x_wconf 86' lang='lat' dir='ltr'><strong>temporis</strong></span> <span class='ocrx_word' id='word_1_417' title='bbox 2439 2411 2595 2451; x_wconf 87' lang='lat' dir='ltr'><strong>mora</strong></span> <span class='ocrx_word' id='word_1_418' title='bbox 2642 2394 2905 2464; x_wconf 84' lang='lat' dir='ltr'><strong>obtinuit,</strong></span> <span class='ocrx_word' id='word_1_419' title='bbox 2953 2400 3215 2463; x_wconf 89' lang='lat' dir='ltr'><strong>quantam</strong></span> <span class='ocrx_word' id='word_1_420' title='bbox 3271 2399 3458 2446; x_wconf 72' lang='lat' dir='ltr'><strong>motus</strong></span> 
     </span>
    </p>
   </div>
   <div class='ocr_carea' id='block_1_57' title="bbox 1879 2479 3458 2554">
    <p class='ocr_par' dir='ltr' id='par_1_57' title="bbox 1879 2479 3458 2554">
     <span class='ocr_line' id='line_1_57' title="bbox 1879 2479 3458 2554; baseline -0.006 -10"><span class='ocrx_word' id='word_1_421' title='bbox 1879 2485 2147 2544; x_wconf 90' lang='lat' dir='ltr'><strong>naturalis</strong></span> <span class='ocrx_word' id='word_1_422' title='bbox 2170 2485 2416 2540; x_wconf 90' lang='lat' dir='ltr'><strong>ambitus</strong></span> <span class='ocrx_word' id='word_1_423' title='bbox 2447 2485 2728 2554; x_wconf 76' lang='lat' dir='ltr'><strong>exigebat,</strong></span> <span class='ocrx_word' id='word_1_424' title='bbox 2766 2491 2828 2538; x_wconf 91' lang='lat' dir='ltr'><strong>ut</strong></span> <span class='ocrx_word' id='word_1_425' title='bbox 2854 2499 2975 2554; x_wconf 72' lang='lat' dir='ltr'><strong>quae</strong></span> <span class='ocrx_word' id='word_1_426' title='bbox 3007 2483 3244 2549; x_wconf 89' lang='lat' dir='ltr'><strong>primum</strong></span> <span class='ocrx_word' id='word_1_427' title='bbox 3274 2479 3458 2551; x_wconf 85' lang='lat' dir='ltr'><strong>ignota</strong></span> 
     </span>
    </p>
   </div>
   <div class='ocr_carea' id='block_1_58' title="bbox 1879 2573 3458 2656">
    <p class='ocr_par' dir='ltr' id='par_1_58' title="bbox 1879 2573 3458 2656">
     <span class='ocr_line' id='line_1_58' title="bbox 1879 2573 3458 2656; baseline -0.004 -25"><span class='ocrx_word' id='word_1_428' title='bbox 1879 2577 1974 2632; x_wconf 91' lang='lat' dir='ltr'><strong>illa</strong></span> <span class='ocrx_word' id='word_1_429' title='bbox 2005 2577 2125 2636; x_wconf 86' lang='lat' dir='ltr'><strong>loca</strong></span> <span class='ocrx_word' id='word_1_430' title='bbox 2181 2578 2484 2643; x_wconf 80' lang='lat' dir='ltr'><strong>incederet,</strong></span> <span class='ocrx_word' id='word_1_431' title='bbox 2519 2593 2585 2656; x_wconf 86' lang='lat' dir='ltr'><strong>ac</strong></span> <span class='ocrx_word' id='word_1_432' title='bbox 2617 2579 2768 2632; x_wconf 82' lang='lat' dir='ltr'><strong>velut</strong></span> <span class='ocrx_word' id='word_1_433' title='bbox 2803 2577 3153 2648; x_wconf 84' lang='lat' dir='ltr'><strong>peregrinum</strong></span> <span class='ocrx_word' id='word_1_434' title='bbox 3208 2573 3458 2628; x_wconf 87' lang='lat' dir='ltr'><strong>invium-</strong></span> 
     </span>
    </p>
   </div>
   <div class='ocr_carea' id='block_1_59' title="bbox 1879 2663 3460 2739">
    <p class='ocr_par' dir='ltr' id='par_1_59' title="bbox 1879 2663 3460 2739">
     <span class='ocr_line' id='line_1_59' title="bbox 1879 2663 3460 2739; baseline -0.004 -18"><span class='ocrx_word' id='word_1_435' title='bbox 1879 2684 1986 2738; x_wconf 88' lang='lat' dir='ltr'><strong>que</strong></span> <span class='ocrx_word' id='word_1_436' title='bbox 2039 2669 2145 2724; x_wconf 87' lang='lat' dir='ltr'><strong>iter</strong></span> <span class='ocrx_word' id='word_1_437' title='bbox 2198 2669 2520 2732; x_wconf 77' lang='lat' dir='ltr'><strong>conﬁceret,</strong></span> <span class='ocrx_word' id='word_1_438' title='bbox 2575 2670 2957 2739; x_wconf 74' lang='lat' dir='ltr'><strong>experimento</strong></span> <span class='ocrx_word' id='word_1_439' title='bbox 2986 2669 3040 2722; x_wconf 93' lang='lat' dir='ltr'><strong>in</strong></span> <span class='ocrx_word' id='word_1_440' title='bbox 3091 2666 3174 2721; x_wconf 87' lang='lat' dir='ltr'><strong>eis</strong></span> <span class='ocrx_word' id='word_1_441' title='bbox 3213 2663 3344 2733; x_wconf 87' lang='lat' dir='ltr'><strong>quid</strong></span> <span class='ocrx_word' id='word_1_442' title='bbox 3393 2675 3460 2717; x_wconf 79' lang='lat' dir='ltr'><strong>ea</strong></span> 
     </span>
    </p>
   </div>
   <div class='ocr_carea' id='block_1_60' title="bbox 1879 2757 3461 2832">
    <p class='ocr_par' dir='ltr' id='par_1_60' title="bbox 1879 2757 3461 2832">
     <span class='ocr_line' id='line_1_60' title="bbox 1879 2757 3461 2832; baseline -0.006 -16"><span class='ocrx_word' id='word_1_443' title='bbox 1879 2761 2152 2816; x_wconf 88' lang='lat' dir='ltr'><strong>haberent</strong></span> <span class='ocrx_word' id='word_1_444' title='bbox 2178 2769 2563 2832; x_wconf 82' lang='lat' dir='ltr'><strong>cognosceret.</strong></span> <span class='ocrx_word' id='word_1_445' title='bbox 2599 2760 2864 2831; x_wconf 83' lang='lat' dir='ltr'><strong>ignoscas</strong></span> <span class='ocrx_word' id='word_1_446' title='bbox 2895 2774 3046 2820; x_wconf 88' lang='lat' dir='ltr'><strong>vero,</strong></span> <span class='ocrx_word' id='word_1_447' title='bbox 3071 2773 3105 2813; x_wconf 89' lang='grc' dir='ltr'><strong>ο</strong></span> <span class='ocrx_word' id='word_1_448' title='bbox 3136 2757 3232 2812; x_wconf 87' lang='lat' dir='ltr'><strong>Dei</strong></span> <span class='ocrx_word' id='word_1_449' title='bbox 3267 2769 3461 2810; x_wconf 80' lang='lat' dir='ltr'><strong>susce-</strong></span> 
     </span>
    </p>
   </div>
   <div class='ocr_carea' id='block_1_61' title="bbox 1881 2849 3462 2924">
    <p class='ocr_par' dir='ltr' id='par_1_61' title="bbox 1881 2849 3462 2924">
     <span class='ocr_line' id='line_1_61' title="bbox 1881 2849 3462 2924; baseline -0.006 -19"><span class='ocrx_word' id='word_1_450' title='bbox 1881 2850 2031 2924; x_wconf 79' lang='lat' dir='ltr'><strong>ptrix</strong></span> <span class='ocrx_word' id='word_1_451' title='bbox 2061 2849 2232 2922; x_wconf 80' lang='lat' dir='ltr'><strong>Virgo</strong></span> <span class='ocrx_word' id='word_1_452' title='bbox 2269 2860 2324 2905; x_wconf 86' lang='lat' dir='ltr'><strong>et</strong></span> <span class='ocrx_word' id='word_1_453' title='bbox 2356 2861 2536 2906; x_wconf 89' lang='lat' dir='ltr'><strong>mater</strong></span> <span class='ocrx_word' id='word_1_454' title='bbox 2563 2851 2712 2914; x_wconf 59' lang='lat' dir='ltr'><strong>vita,</strong></span> <span class='ocrx_word' id='word_1_455' title='bbox 2756 2851 2852 2921; x_wconf 87' lang='lat' dir='ltr'><strong>qui</strong></span> <span class='ocrx_word' id='word_1_456' title='bbox 2909 2849 3200 2904; x_wconf 88' lang='lat' dir='ltr'><strong>inaccessa</strong></span> <span class='ocrx_word' id='word_1_457' title='bbox 3247 2859 3462 2916; x_wconf 70' lang='lat' dir='ltr'><strong>praesu-</strong></span> 
     </span>
    </p>
   </div>
   <div class='ocr_carea' id='block_1_62' title="bbox 1881 2949 3462 3012">
    <p class='ocr_par' dir='ltr' id='par_1_62' title="bbox 1881 2949 3462 3012">
     <span class='ocr_line' id='line_1_62' title="bbox 1881 2949 3462 3012; baseline -0.006 -16"><span class='ocrx_word' id='word_1_458' title='bbox 1881 2957 2118 3005; x_wconf 79' lang='lat' dir='ltr'><strong>mantus,</strong></span> <span class='ocrx_word' id='word_1_459' title='bbox 2144 2950 2480 3012; x_wconf 85' lang='lat' dir='ltr'><strong>tuorumque</strong></span> <span class='ocrx_word' id='word_1_460' title='bbox 2501 2950 2982 2998; x_wconf 84' lang='lat' dir='ltr'><strong>sacramentorum</strong></span> <span class='ocrx_word' id='word_1_461' title='bbox 3007 2951 3269 2992; x_wconf 89' lang='lat' dir='ltr'><strong>arcanam</strong></span> <span class='ocrx_word' id='word_1_462' title='bbox 3303 2949 3462 2990; x_wconf 65' lang='lat' dir='ltr'><strong>scruv</strong></span> 
     </span>
    </p>
   </div>
   <div class='ocr_carea' id='block_1_63' title="bbox 1880 3027 3454 3105">
    <p class='ocr_par' dir='ltr' id='par_1_63' title="bbox 1880 3027 3454 3105">
     <span class='ocr_line' id='line_1_63' title="bbox 1880 3027 3454 3105; baseline -0.004 -19"><span class='ocrx_word' id='word_1_463' title='bbox 1880 3039 2062 3087; x_wconf 88' lang='lat' dir='ltr'><strong>temur</strong></span> <span class='ocrx_word' id='word_1_464' title='bbox 2112 3035 2579 3105; x_wconf 80' lang='lat' dir='ltr'><strong>profunditatem,</strong></span> <span class='ocrx_word' id='word_1_465' title='bbox 2625 3049 2692 3090; x_wconf 87' lang='lat' dir='ltr'><strong>ac</strong></span> <span class='ocrx_word' id='word_1_466' title='bbox 2722 3033 2818 3087; x_wconf 88' lang='lat' dir='ltr'><strong>Dei</strong></span> <span class='ocrx_word' id='word_1_467' title='bbox 2849 3031 3193 3102; x_wconf 83' lang='lat' dir='ltr'><strong>judiciorum</strong></span> <span class='ocrx_word' id='word_1_468' title='bbox 3244 3027 3454 3082; x_wconf 73' lang='lat' dir='ltr'><strong>incom-</strong></span> 
     </span>
    </p>
   </div>
   <div class='ocr_carea' id='block_1_64' title="bbox 1884 3120 3461 3198">
    <p class='ocr_par' dir='ltr' id='par_1_64' title="bbox 1884 3120 3461 3198">
     <span class='ocr_line' id='line_1_64' title="bbox 1884 3120 3461 3198; baseline -0.003 -23"><span class='ocrx_word' id='word_1_469' title='bbox 1884 3125 2164 3194; x_wconf 88' lang='lat' dir='ltr'><strong>prehensa</strong></span> <span class='ocrx_word' id='word_1_470' title='bbox 2194 3127 2424 3198; x_wconf 88' lang='lat' dir='ltr'><strong>abysso,</strong></span> <span class='ocrx_word' id='word_1_471' title='bbox 2459 3128 2515 3181; x_wconf 92' lang='lat' dir='ltr'><strong>in</strong></span> <span class='ocrx_word' id='word_1_472' title='bbox 2575 3133 2630 3180; x_wconf 89' lang='lat' dir='ltr'><strong>te</strong></span> <span class='ocrx_word' id='word_1_473' title='bbox 2660 3125 2879 3180; x_wconf 80' lang='lat' dir='ltr'><strong>ﬁrmata</strong></span> <span class='ocrx_word' id='word_1_474' title='bbox 2915 3120 3268 3192; x_wconf 84' lang='lat' dir='ltr'><strong>dispicienda</strong></span> <span class='ocrx_word' id='word_1_475' title='bbox 3299 3131 3461 3173; x_wconf 71' lang='lat' dir='ltr'><strong>assu-</strong></span> 
     </span>
    </p>
   </div>
   <div class='ocr_carea' id='block_1_65' title="bbox 191 3206 3459 3287">
    <p class='ocr_par' dir='ltr' id='par_1_65' title="bbox 191 3206 3459 3287">
     <span class='ocr_line' id='line_1_65' title="bbox 191 3206 3459 3287; baseline 0.002 -32"><span class='ocrx_word' id='word_1_476' title='bbox 191 3217 405 3262; x_wconf 87' lang='lat' dir='ltr'><strong>mamus</strong></span> <span class='ocrx_word' id='word_1_477' title='bbox 459 3207 644 3263; x_wconf 84' lang='lat' dir='ltr'><strong>divina</strong></span> <span class='ocrx_word' id='word_1_478' title='bbox 706 3225 913 3280; x_wconf 79' lang='lat' dir='ltr'><strong>Opera:</strong></span> <span class='ocrx_word' id='word_1_479' title='bbox 981 3210 1186 3281; x_wconf 80' lang='lat' dir='ltr'><strong>quibus</strong></span> <span class='ocrx_word' id='word_1_480' title='bbox 1234 3210 1321 3266; x_wconf 90' lang='lat' dir='ltr'><strong>vel</strong></span> <span class='ocrx_word' id='word_1_481' title='bbox 1390 3211 1510 3266; x_wconf 87' lang='lat' dir='ltr'><strong>sola</strong></span> <span class='ocrx_word' id='word_1_482' title='bbox 1577 3212 1784 3268; x_wconf 87' lang='lat' dir='ltr'><strong>mentis</strong></span> <span class='ocrx_word' id='word_1_483' title='bbox 1818 3221 2293 3287; x_wconf 86' lang='lat' dir='ltr'><strong>contemplatione</strong></span> <span class='ocrx_word' id='word_1_484' title='bbox 2339 3219 2574 3274; x_wconf 90' lang='lat' dir='ltr'><strong>intentio</strong></span> <span class='ocrx_word' id='word_1_485' title='bbox 2627 3219 2796 3272; x_wconf 83' lang='lat' dir='ltr'><strong>etiam</strong></span> <span class='ocrx_word' id='word_1_486' title='bbox 2878 3212 3189 3271; x_wconf 89' lang='lat' dir='ltr'><strong>sublimiori</strong></span> <span class='ocrx_word' id='word_1_487' title='bbox 3259 3206 3459 3265; x_wconf 89' lang='lat' dir='ltr'><strong>iutclli-</strong></span> 
     </span>
    </p>
   </div>
   <div class='ocr_carea' id='block_1_66' title="bbox 192 3302 3456 3384">
    <p class='ocr_par' dir='ltr' id='par_1_66' title="bbox 192 3302 3456 3384">
     <span class='ocr_line' id='line_1_66' title="bbox 192 3302 3456 3384; baseline 0.001 -31"><span class='ocrx_word' id='word_1_488' title='bbox 192 3302 373 3370; x_wconf 84' lang='lat' dir='ltr'><strong>gentia</strong></span> <span class='ocrx_word' id='word_1_489' title='bbox 412 3302 684 3373; x_wconf 66' lang='lat' dir='ltr'><strong>praeditis,</strong></span> <span class='ocrx_word' id='word_1_490' title='bbox 727 3311 932 3359; x_wconf 88' lang='lat' dir='ltr'><strong>metum</strong></span> <span class='ocrx_word' id='word_1_491' title='bbox 973 3303 1174 3374; x_wconf 85' lang='lat' dir='ltr'><strong>injicit,</strong></span> <span class='ocrx_word' id='word_1_492' title='bbox 1215 3303 1416 3358; x_wconf 88' lang='lat' dir='ltr'><strong>nedum</strong></span> <span class='ocrx_word' id='word_1_493' title='bbox 1449 3303 1616 3358; x_wconf 88' lang='lat' dir='ltr'><strong>nobis</strong></span> <span class='ocrx_word' id='word_1_494' title='bbox 1648 3308 1820 3377; x_wconf 87' lang='lat' dir='ltr'><strong>magis</strong></span> <span class='ocrx_word' id='word_1_495' title='bbox 1877 3312 2218 3380; x_wconf 84' lang='lat' dir='ltr'><strong>carnalibus,</strong></span> <span class='ocrx_word' id='word_1_496' title='bbox 2282 3314 2489 3384; x_wconf 89' lang='lat' dir='ltr'><strong>quique</strong></span> <span class='ocrx_word' id='word_1_497' title='bbox 2552 3312 2716 3368; x_wconf 86' lang='lat' dir='ltr'><strong>ovina</strong></span> <span class='ocrx_word' id='word_1_498' title='bbox 2785 3309 2931 3380; x_wconf 87' lang='lat' dir='ltr'><strong>pelle</strong></span> <span class='ocrx_word' id='word_1_499' title='bbox 2998 3305 3240 3363; x_wconf 86' lang='lat' dir='ltr'><strong>belluam</strong></span> <span class='ocrx_word' id='word_1_500' title='bbox 3315 3316 3456 3358; x_wconf 91' lang='lat' dir='ltr'><strong>con-</strong></span> 
     </span>
    </p>
   </div>
   <div class='ocr_carea' id='block_1_67' title="bbox 183 3406 459 3465">
    <p class='ocr_par' dir='ltr' id='par_1_67' title="bbox 183 3406 459 3465">
     <span class='ocr_line' id='line_1_67' title="bbox 183 3406 459 3465; baseline 0 -16"><span class='ocrx_word' id='word_1_501' title='bbox 183 3406 459 3465; x_wconf 71' lang='lat' dir='ltr'><strong>tegantus.</strong></span> 
     </span>
    </p>
   </div>
   <div class='ocr_carea' id='block_1_68' title="bbox 245 3480 1768 3559">
    <p class='ocr_par' dir='ltr' id='par_1_68' title="bbox 245 3485 1768 3559">
     <span class='ocr_line' id='line_1_68' title="bbox 245 3485 1768 3559; baseline 0.003 -21"><span class='ocrx_word' id='word_1_502' title='bbox 245 3488 410 3556; x_wconf 72' lang='grc' dir='ltr'>Πλὴν</span> <span class='ocrx_word' id='word_1_503' title='bbox 431 3488 556 3556; x_wconf 70' lang='grc' dir='ltr'>δσον</span> <span class='ocrx_word' id='word_1_504' title='bbox 577 3486 748 3554; x_wconf 78' lang='grc' dir='ltr'>δεῖξαι</span> <span class='ocrx_word' id='word_1_505' title='bbox 770 3487 1188 3558; x_wconf 86' lang='grc' dir='ltr'>κοινωνήσασαν</span> <span class='ocrx_word' id='word_1_506' title='bbox 1217 3487 1352 3558; x_wconf 81' lang='grc' dir='ltr'>ἡμῖν</span> <span class='ocrx_word' id='word_1_507' title='bbox 1371 3485 1482 3541; x_wconf 90' lang='grc' dir='ltr'><strong>τῶν</strong></span> <span class='ocrx_word' id='word_1_508' title='bbox 1509 3487 1650 3542; x_wconf 80' lang='grc' dir='ltr'><strong>κατά</strong></span> <span class='ocrx_word' id='word_1_509' title='bbox 1680 3487 1768 3559; x_wconf 68' lang='lat' dir='ltr'><strong>cpti-</strong></span> 
     </span>
    </p>
   </div>
   <div class='ocr_carea' id='block_1_69' title="bbox 1881 3480 3463 3559">
    <p class='ocr_par' dir='ltr' id='par_1_69' title="bbox 1955 3480 3463 3556">
     <span class='ocr_line' id='line_1_69' title="bbox 1955 3480 3463 3556; baseline -0.011 -10"><span class='ocrx_word' id='word_1_510' title='bbox 1955 3490 2254 3553; x_wconf 65' lang='lat' dir='ltr'><strong>Caeterum,</strong></span> <span class='ocrx_word' id='word_1_511' title='bbox 2288 3503 2351 3543; x_wconf 89' lang='lat' dir='ltr'><strong>ea</strong></span> <span class='ocrx_word' id='word_1_512' title='bbox 2386 3489 2676 3555; x_wconf 86' lang='lat' dir='ltr'><strong>hactenus,</strong></span> <span class='ocrx_word' id='word_1_513' title='bbox 2710 3501 2822 3556; x_wconf 90' lang='lat' dir='ltr'><strong>quo</strong></span> <span class='ocrx_word' id='word_1_514' title='bbox 2853 3492 3069 3540; x_wconf 85' lang='lat' dir='ltr'><strong>tantum</strong></span> <span class='ocrx_word' id='word_1_515' title='bbox 3107 3480 3328 3538; x_wconf 88' lang='lat' dir='ltr'><strong>easdem</strong></span> <span class='ocrx_word' id='word_1_516' title='bbox 3363 3491 3463 3531; x_wconf 91' lang='lat' dir='ltr'><strong>no-</strong></span> 
     </span>
    </p>
   </div>
   <div class='ocr_carea' id='block_1_70' title="bbox 169 3577 1786 3652">
    <p class='ocr_par' dir='ltr' id='par_1_70' title="bbox 169 3577 1786 3652">
     <span class='ocr_line' id='line_1_70' title="bbox 169 3577 1786 3652; baseline 0.001 -22"><span class='ocrx_word' id='word_1_517' title='bbox 169 3595 262 3631; x_wconf 88' lang='grc' dir='ltr'><strong>σιν</strong></span> <span class='ocrx_word' id='word_1_518' title='bbox 292 3577 548 3647; x_wconf 83' lang='grc' dir='ltr'>θεσμῶν,</span> <span class='ocrx_word' id='word_1_519' title='bbox 583 3578 759 3632; x_wconf 92' lang='grc' dir='ltr'>ταῦτα</span> <span class='ocrx_word' id='word_1_520' title='bbox 783 3579 917 3652; x_wconf 77' lang='grc' dir='ltr'>πρὸς</span> <span class='ocrx_word' id='word_1_521' title='bbox 937 3578 1097 3648; x_wconf 85' lang='grc' dir='ltr'>ήμῶν</span> <span class='ocrx_word' id='word_1_522' title='bbox 1127 3578 1236 3632; x_wconf 84' lang='grc' dir='ltr'>δέει</span> <span class='ocrx_word' id='word_1_523' title='bbox 1265 3577 1443 3649; x_wconf 86' lang='grc' dir='ltr'>πολλῷ</span> <span class='ocrx_word' id='word_1_524' title='bbox 1478 3580 1786 3650; x_wconf 82' lang='grc' dir='ltr'>προδιείλη-</span> 
     </span>
    </p>
   </div>
   <div class='ocr_carea' id='block_1_71' title="bbox 166 3668 1784 3741">
    <p class='ocr_par' dir='ltr' id='par_1_71' title="bbox 166 3668 1784 3741">
     <span class='ocr_line' id='line_1_71' title="bbox 166 3668 1784 3741; baseline 0.002 -19"><span class='ocrx_word' id='word_1_525' title='bbox 166 3686 332 3723; x_wconf 82' lang='grc' dir='ltr'>πται.</span> <span class='ocrx_word' id='word_1_526' title='bbox 391 3668 477 3723; x_wconf 84' lang='grc' dir='ltr'><strong>Τὰ</strong></span> <span class='ocrx_word' id='word_1_527' title='bbox 530 3670 589 3724; x_wconf 79' lang='grc' dir='ltr'>δὲ</span> <span class='ocrx_word' id='word_1_528' title='bbox 644 3670 956 3741; x_wconf 76' lang='grc' dir='ltr'>ὑψηλότερα</span> <span class='ocrx_word' id='word_1_529' title='bbox 1015 3670 1124 3724; x_wconf 87' lang='grc' dir='ltr'><strong>τῶν</strong></span> <span class='ocrx_word' id='word_1_530' title='bbox 1153 3671 1248 3724; x_wconf 73' lang='grc' dir='ltr'><strong>ἐπὶ</strong></span> <span class='ocrx_word' id='word_1_531' title='bbox 1287 3670 1372 3722; x_wconf 74' lang='grc' dir='ltr'>σοὶ</span> <span class='ocrx_word' id='word_1_532' title='bbox 1426 3670 1784 3726; x_wconf 77' lang='grc' dir='ltr'>τελεσθέντων</span> 
     </span>
    </p>
   </div>
   <div class='ocr_carea' id='block_1_72' title="bbox 162 3759 1787 3832">
    <p class='ocr_par' dir='ltr' id='par_1_72' title="bbox 162 3759 1787 3832">
     <span class='ocr_line' id='line_1_72' title="bbox 162 3759 1787 3832; baseline -0.001 -18"><span class='ocrx_word' id='word_1_533' title='bbox 162 3761 769 3832; x_wconf 81' lang='grc' dir='ltr'>μεγαλουργημάτων,</span> <span class='ocrx_word' id='word_1_534' title='bbox 823 3763 919 3815; x_wconf 74' lang='grc' dir='ltr'>ἅτε</span> <span class='ocrx_word' id='word_1_535' title='bbox 973 3764 1041 3831; x_wconf 83' lang='grc' dir='ltr'>τῇ</span> <span class='ocrx_word' id='word_1_536' title='bbox 1101 3760 1269 3831; x_wconf 72' lang='grc' dir='ltr'>πείρᾳ</span> <span class='ocrx_word' id='word_1_537' title='bbox 1315 3759 1416 3831; x_wconf 79' lang='grc' dir='ltr'>τὴν</span> <span class='ocrx_word' id='word_1_538' title='bbox 1478 3761 1613 3832; x_wconf 79' lang='grc' dir='ltr'>πρὸς</span> <span class='ocrx_word' id='word_1_539' title='bbox 1645 3761 1787 3814; x_wconf 80' lang='grc' dir='ltr'>αὐτὰ</span> 
     </span>
    </p>
   </div>
   <div class='ocr_carea' id='block_1_73' title="bbox 159 3846 1786 3926">
    <p class='ocr_par' dir='ltr' id='par_1_73' title="bbox 159 3846 1786 3926">
     <span class='ocr_line' id='line_1_73' title="bbox 159 3846 1786 3926; baseline -0.001 -19"><span class='ocrx_word' id='word_1_540' title='bbox 159 3853 478 3908; x_wconf 77' lang='grc' dir='ltr'>κοινωνίαν</span> <span class='ocrx_word' id='word_1_541' title='bbox 513 3853 785 3918; x_wconf 83' lang='grc' dir='ltr'>παθοῦσα,</span> <span class='ocrx_word' id='word_1_542' title='bbox 817 3855 957 3926; x_wconf 82' lang='grc' dir='ltr'><strong>αὐτὴ</strong></span> <span class='ocrx_word' id='word_1_543' title='bbox 977 3854 1042 3908; x_wconf 79' lang='grc' dir='ltr'>ἂν</span> <span class='ocrx_word' id='word_1_544' title='bbox 1075 3853 1274 3922; x_wconf 85' lang='grc' dir='ltr'>εἰδείης</span> <span class='ocrx_word' id='word_1_545' title='bbox 1311 3852 1540 3923; x_wconf 82' lang='grc' dir='ltr'>μᾶλλον,</span> <span class='ocrx_word' id='word_1_546' title='bbox 1572 3846 1617 3906; x_wconf 84' lang='grc' dir='ltr'>ὧ</span> <span class='ocrx_word' id='word_1_547' title='bbox 1647 3869 1786 3905; x_wconf 83' lang='grc' dir='ltr'>παν-</span> 
     </span>
    </p>
   </div>
   <div class='ocr_carea' id='block_1_74' title="bbox 179 3944 1785 4018">
    <p class='ocr_par' dir='ltr' id='par_1_74' title="bbox 179 3944 1785 4018">
     <span class='ocr_line' id='line_1_74' title="bbox 179 3944 1785 4018; baseline -0.001 -20"><span class='ocrx_word' id='word_1_548' title='bbox 179 3945 364 4012; x_wconf 79' lang='grc' dir='ltr'>ολϐία,</span> <span class='ocrx_word' id='word_1_549' title='bbox 425 3945 700 4018; x_wconf 81' lang='grc' dir='ltr'>θειότερόν</span> <span class='ocrx_word' id='word_1_550' title='bbox 727 3963 788 4000; x_wconf 89' lang='grc' dir='ltr'><strong>τε</strong></span> <span class='ocrx_word' id='word_1_551' title='bbox 833 3947 930 4001; x_wconf 77' lang='grc' dir='ltr'>καὶ</span> <span class='ocrx_word' id='word_1_552' title='bbox 963 3945 1370 4017; x_wconf 86' lang='grc' dir='ltr'>καθαρώτερον,</span> <span class='ocrx_word' id='word_1_553' title='bbox 1417 3944 1553 4016; x_wconf 85' lang='grc' dir='ltr'>ἢὼς</span> <span class='ocrx_word' id='word_1_554' title='bbox 1585 3947 1612 3998; x_wconf 98' lang='lat'><strong>6</strong></span> <span class='ocrx_word' id='word_1_555' title='bbox 1644 3944 1785 4016; x_wconf 81' lang='grc' dir='ltr'>ἠμέ-</span> 
     </span>
    </p>
   </div>
   <div class='ocr_carea' id='block_1_75' title="bbox 181 4035 1788 4112">
    <p class='ocr_par' dir='ltr' id='par_1_75' title="bbox 181 4035 1788 4112">
     <span class='ocr_line' id='line_1_75' title="bbox 181 4035 1788 4112; baseline -0.004 -18"><span class='ocrx_word' id='word_1_556' title='bbox 181 4057 344 4112; x_wconf 83' lang='grc' dir='ltr'>τερος</span> <span class='ocrx_word' id='word_1_557' title='bbox 402 4039 742 4111; x_wconf 82' lang='grc' dir='ltr'>διεξέρχεται</span> <span class='ocrx_word' id='word_1_558' title='bbox 771 4039 950 4108; x_wconf 84' lang='grc' dir='ltr'>λόγος.</span> <span class='ocrx_word' id='word_1_559' title='bbox 971 4039 1082 4092; x_wconf 77' lang='grc' dir='ltr'><strong>Καὶ</strong></span> <span class='ocrx_word' id='word_1_560' title='bbox 1112 4038 1219 4108; x_wconf 90' lang='grc' dir='ltr'><strong>πρό</strong></span> <span class='ocrx_word' id='word_1_561' title='bbox 1263 4055 1326 4107; x_wconf 89' lang='grc' dir='ltr'><strong>γε</strong></span> <span class='ocrx_word' id='word_1_562' title='bbox 1356 4036 1598 4101; x_wconf 80' lang='grc' dir='ltr'>πάντων,</span> <span class='ocrx_word' id='word_1_563' title='bbox 1623 4035 1788 4099; x_wconf 80' lang='grc' dir='ltr'>αὐτὸς</span> 
     </span>
    </p>
   </div>
   <div class='ocr_carea' id='block_1_76' title="bbox 181 4128 1785 4204">
    <p class='ocr_par' dir='ltr' id='par_1_76' title="bbox 181 4128 1785 4204">
     <span class='ocr_line' id='line_1_76' title="bbox 181 4128 1785 4204; baseline -0.003 -19"><span class='ocrx_word' id='word_1_564' title='bbox 181 4132 548 4204; x_wconf 73' lang='grc' dir='ltr'>ὀμονογενής</span> <span class='ocrx_word' id='word_1_565' title='bbox 578 4149 670 4185; x_wconf 90' lang='grc' dir='ltr'><strong>σου</strong></span> <span class='ocrx_word' id='word_1_566' title='bbox 695 4131 846 4196; x_wconf 76' lang='grc' dir='ltr'>Υἱὸς,</span> <span class='ocrx_word' id='word_1_567' title='bbox 879 4133 908 4184; x_wconf 93' lang='lat'><strong>6</strong></span> <span class='ocrx_word' id='word_1_568' title='bbox 940 4131 1066 4193; x_wconf 74' lang='grc' dir='ltr'>τοὺς</span> <span class='ocrx_word' id='word_1_569' title='bbox 1097 4131 1304 4194; x_wconf 80' lang='grc' dir='ltr'>αἰῶνας</span> <span class='ocrx_word' id='word_1_570' title='bbox 1352 4128 1785 4199; x_wconf 83' lang='grc' dir='ltr'>συστησάμενος,</span> 
     </span>
    </p>
   </div>
   <div class='ocr_carea' id='block_1_77' title="bbox 181 4220 1782 4293">
    <p class='ocr_par' dir='ltr' id='par_1_77' title="bbox 181 4220 1782 4293">
     <span class='ocr_line' id='line_1_77' title="bbox 181 4220 1782 4293; baseline -0.003 -14"><span class='ocrx_word' id='word_1_571' title='bbox 181 4229 274 4280; x_wconf 72' lang='grc' dir='ltr'>καὶ</span> <span class='ocrx_word' id='word_1_572' title='bbox 321 4224 411 4279; x_wconf 86' lang='grc' dir='ltr'><strong>σοί</strong></span> <span class='ocrx_word' id='word_1_573' title='bbox 441 4242 506 4293; x_wconf 88' lang='grc' dir='ltr'><strong>γε</strong></span> <span class='ocrx_word' id='word_1_574' title='bbox 527 4225 686 4289; x_wconf 77' lang='grc' dir='ltr'>δόξαν</span> <span class='ocrx_word' id='word_1_575' title='bbox 713 4223 965 4293; x_wconf 83' lang='grc' dir='ltr'>εὐπρεπῆ</span> <span class='ocrx_word' id='word_1_576' title='bbox 1001 4222 1248 4292; x_wconf 77' lang='grc' dir='ltr'>περιθεὶς</span> <span class='ocrx_word' id='word_1_577' title='bbox 1278 4221 1373 4275; x_wconf 78' lang='grc' dir='ltr'>καὶ</span> <span class='ocrx_word' id='word_1_578' title='bbox 1395 4220 1782 4292; x_wconf 85' lang='grc' dir='ltr'>λαμπρότητα,</span> 
     </span>
    </p>
   </div>
   <div class='ocr_carea' id='block_1_78' title="bbox 183 4311 1788 4386">
    <p class='ocr_par' dir='ltr' id='par_1_78' title="bbox 183 4311 1788 4386">
     <span class='ocr_line' id='line_1_78' title="bbox 183 4311 1788 4386; baseline -0.005 -15"><span class='ocrx_word' id='word_1_579' title='bbox 183 4317 266 4371; x_wconf 73' lang='grc' dir='ltr'><strong>διὰ</strong></span> <span class='ocrx_word' id='word_1_580' title='bbox 287 4316 397 4386; x_wconf 75' lang='grc' dir='ltr'>τὴν</span> <span class='ocrx_word' id='word_1_581' title='bbox 431 4314 874 4369; x_wconf 76' lang='grc' dir='ltr'>ἐκδανεισθεῖσαν</span> <span class='ocrx_word' id='word_1_582' title='bbox 899 4312 1054 4382; x_wconf 79' lang='grc' dir='ltr'><strong>αὐτῷ</strong></span> <span class='ocrx_word' id='word_1_583' title='bbox 1082 4312 1181 4382; x_wconf 84' lang='grc' dir='ltr'><strong>τῆς</strong></span> <span class='ocrx_word' id='word_1_584' title='bbox 1221 4311 1421 4381; x_wconf 73' lang='grc' dir='ltr'>σαρκὸς</span> <span class='ocrx_word' id='word_1_585' title='bbox 1476 4311 1788 4382; x_wconf 71' lang='grc' dir='ltr'>πρόσληψιν</span> 
     </span>
    </p>
   </div>
   <div class='ocr_carea' id='block_1_79' title="bbox 185 4401 1788 4476">
    <p class='ocr_par' dir='ltr' id='par_1_79' title="bbox 185 4401 1788 4476">
     <span class='ocr_line' id='line_1_79' title="bbox 185 4401 1788 4476; baseline -0.006 -12"><span class='ocrx_word' id='word_1_586' title='bbox 185 4412 278 4464; x_wconf 73' lang='grc' dir='ltr'>καὶ</span> <span class='ocrx_word' id='word_1_587' title='bbox 326 4406 623 4461; x_wconf 81' lang='grc' dir='ltr'>οὒσίωσιν·</span> <span class='ocrx_word' id='word_1_588' title='bbox 673 4406 770 4460; x_wconf 75' lang='grc' dir='ltr'><strong>καὶ</strong></span> <span class='ocrx_word' id='word_1_589' title='bbox 806 4405 1112 4476; x_wconf 83' lang='grc' dir='ltr'>τοσαύτην,</span> <span class='ocrx_word' id='word_1_590' title='bbox 1161 4405 1292 4474; x_wconf 81' lang='grc' dir='ltr'>ὅσην</span> <span class='ocrx_word' id='word_1_591' title='bbox 1319 4405 1420 4457; x_wconf 75' lang='grc' dir='ltr'>οὐκ</span> <span class='ocrx_word' id='word_1_592' title='bbox 1462 4403 1527 4457; x_wconf 76' lang='grc' dir='ltr'>ἄν</span> <span class='ocrx_word' id='word_1_593' title='bbox 1559 4419 1642 4466; x_wconf 91' lang='grc' dir='ltr'><strong>τις</strong></span> <span class='ocrx_word' id='word_1_594' title='bbox 1677 4401 1788 4455; x_wconf 89' lang='grc' dir='ltr'><strong>τῶν</strong></span> 
     </span>
    </p>
   </div>
   <div class='ocr_carea' id='block_1_80' title="bbox 187 4493 1787 4570">
    <p class='ocr_par' dir='ltr' id='par_1_80' title="bbox 187 4493 1787 4570">
     <span class='ocr_line' id='line_1_80' title="bbox 187 4493 1787 4570; baseline -0.006 -14"><span class='ocrx_word' id='word_1_595' title='bbox 187 4501 314 4556; x_wconf 75' lang='grc' dir='ltr'>καθ’</span> <span class='ocrx_word' id='word_1_596' title='bbox 339 4500 510 4570; x_wconf 73' lang='grc' dir='ltr'>ἡμᾶς,</span> <span class='ocrx_word' id='word_1_597' title='bbox 547 4499 655 4552; x_wconf 80' lang='grc' dir='ltr'>οὐδ’</span> <span class='ocrx_word' id='word_1_598' title='bbox 687 4496 866 4551; x_wconf 80' lang='grc' dir='ltr'>αὐτῶν</span> <span class='ocrx_word' id='word_1_599' title='bbox 905 4497 1051 4566; x_wconf 77' lang='grc' dir='ltr'>τάχα</span> <span class='ocrx_word' id='word_1_600' title='bbox 1097 4494 1207 4549; x_wconf 87' lang='grc' dir='ltr'><strong>τῶν</strong></span> <span class='ocrx_word' id='word_1_601' title='bbox 1269 4493 1650 4564; x_wconf 80' lang='grc' dir='ltr'>ὑπερεχόντων</span> <span class='ocrx_word' id='word_1_602' title='bbox 1684 4494 1787 4562; x_wconf 86' lang='grc' dir='ltr'>ἀγ-</span> 
     </span>
    </p>
   </div>
   <div class='ocr_carea' id='block_1_81' title="bbox 187 4584 1789 4664">
    <p class='ocr_par' dir='ltr' id='par_1_81' title="bbox 187 4584 1789 4664">
     <span class='ocr_line' id='line_1_81' title="bbox 187 4584 1789 4664; baseline -0.007 -16"><span class='ocrx_word' id='word_1_603' title='bbox 187 4595 394 4664; x_wconf 80' lang='grc' dir='ltr'>γέλων,</span> <span class='ocrx_word' id='word_1_604' title='bbox 444 4591 522 4661; x_wconf 86' lang='grc' dir='ltr'>νῷ</span> <span class='ocrx_word' id='word_1_605' title='bbox 558 4590 837 4645; x_wconf 88' lang='grc' dir='ltr'>διαλαϐεῖν</span> <span class='ocrx_word' id='word_1_606' title='bbox 869 4588 1229 4660; x_wconf 77' lang='grc' dir='ltr'>ὲξισχύσειεν.</span> <span class='ocrx_word' id='word_1_607' title='bbox 1267 4587 1408 4642; x_wconf 83' lang='grc' dir='ltr'>Ἀλλ’</span> <span class='ocrx_word' id='word_1_608' title='bbox 1438 4585 1579 4640; x_wconf 78' lang='grc' dir='ltr'>ἔστω</span> <span class='ocrx_word' id='word_1_609' title='bbox 1615 4584 1789 4638; x_wconf 90' lang='grc' dir='ltr'>ταῦτα</span> 
     </span>
    </p>
   </div>
   <div class='ocr_carea' id='block_1_82' title="bbox 187 4673 1791 4756">
    <p class='ocr_par' dir='ltr' id='par_1_82' title="bbox 187 4673 1791 4756">
     <span class='ocr_line' id='line_1_82' title="bbox 187 4673 1791 4756; baseline -0.008 -17"><span class='ocrx_word' id='word_1_610' title='bbox 187 4682 490 4746; x_wconf 77' lang='grc' dir='ltr'>διαπαντὸς</span> <span class='ocrx_word' id='word_1_611' title='bbox 531 4685 595 4756; x_wconf 78' lang='grc' dir='ltr'>τῇ</span> <span class='ocrx_word' id='word_1_612' title='bbox 653 4681 777 4753; x_wconf 82' lang='grc' dir='ltr'>θείᾳ</span> <span class='ocrx_word' id='word_1_613' title='bbox 805 4679 1084 4750; x_wconf 79' lang='grc' dir='ltr'>μυστικῶς</span> <span class='ocrx_word' id='word_1_614' title='bbox 1131 4677 1463 4749; x_wconf 79' lang='grc' dir='ltr'>κρυφιότητι</span> <span class='ocrx_word' id='word_1_615' title='bbox 1499 4673 1791 4745; x_wconf 84' lang='grc' dir='ltr'>τιμώμενά</span> 
     </span>
    </p>
   </div>
   <div class='ocr_carea' id='block_1_83' title="bbox 190 4766 1790 4845">
    <p class='ocr_par' dir='ltr' id='par_1_83' title="bbox 190 4766 1790 4845">
     <span class='ocr_line' id='line_1_83' title="bbox 190 4766 1790 4845; baseline -0.008 -13"><span class='ocrx_word' id='word_1_616' title='bbox 190 4796 250 4832; x_wconf 88' lang='grc' dir='ltr'><strong>τε</strong></span> <span class='ocrx_word' id='word_1_617' title='bbox 280 4777 382 4830; x_wconf 74' lang='grc' dir='ltr'>καὶ</span> <span class='ocrx_word' id='word_1_618' title='bbox 417 4773 850 4845; x_wconf 83' lang='grc' dir='ltr'>συντηρούμενα,</span> <span class='ocrx_word' id='word_1_619' title='bbox 897 4773 994 4827; x_wconf 75' lang='grc' dir='ltr'>καὶ</span> <span class='ocrx_word' id='word_1_620' title='bbox 1023 4772 1114 4824; x_wconf 78' lang='grc' dir='ltr'>τὸν</span> <span class='ocrx_word' id='word_1_621' title='bbox 1147 4771 1350 4823; x_wconf 76' lang='grc' dir='ltr'>οἰκεῖον</span> <span class='ocrx_word' id='word_1_622' title='bbox 1395 4767 1495 4838; x_wconf 89' lang='grc' dir='ltr'><strong>τῆς</strong></span> <span class='ocrx_word' id='word_1_623' title='bbox 1526 4766 1790 4838; x_wconf 82' lang='grc' dir='ltr'>ἀληθείας</span> 
     </span>
    </p>
   </div>
   <div class='ocr_carea' id='block_1_84' title="bbox 192 4859 1789 4939">
    <p class='ocr_par' dir='ltr' id='par_1_84' title="bbox 192 4859 1789 4939">
     <span class='ocr_line' id='line_1_84' title="bbox 192 4859 1789 4939; baseline -0.008 -15"><span class='ocrx_word' id='word_1_624' title='bbox 192 4871 354 4939; x_wconf 80' lang='grc' dir='ltr'>λόγον</span> <span class='ocrx_word' id='word_1_625' title='bbox 375 4866 717 4938; x_wconf 83' lang='grc' dir='ltr'>ἀκράδαντον</span> <span class='ocrx_word' id='word_1_626' title='bbox 754 4865 969 4936; x_wconf 73' lang='grc' dir='ltr'>ἔχοντα,</span> <span class='ocrx_word' id='word_1_627' title='bbox 1005 4863 1168 4935; x_wconf 88' lang='grc' dir='ltr'>μέχρι</span> <span class='ocrx_word' id='word_1_628' title='bbox 1205 4863 1308 4933; x_wconf 88' lang='grc' dir='ltr'><strong>τῆς</strong></span> <span class='ocrx_word' id='word_1_629' title='bbox 1330 4861 1650 4924; x_wconf 89' lang='grc' dir='ltr'>τελευταίας</span> <span class='ocrx_word' id='word_1_630' title='bbox 1679 4859 1789 4913; x_wconf 86' lang='grc' dir='ltr'><strong>τῶν</strong></span> 
     </span>
    </p>
   </div>
   <div class='ocr_carea' id='block_1_85' title="bbox 199 4951 1792 5023">
    <p class='ocr_par' dir='ltr' id='par_1_85' title="bbox 199 4951 1792 5023">
     <span class='ocr_line' id='line_1_85' title="bbox 199 4951 1792 5023; baseline -0.007 -9"><span class='ocrx_word' id='word_1_631' title='bbox 199 4959 370 5014; x_wconf 77' lang='grc' dir='ltr'>ὄντων</span> <span class='ocrx_word' id='word_1_632' title='bbox 389 4957 909 5020; x_wconf 69' lang='grc' dir='ltr'>ἀπηκαταστάσεως,</span> <span class='ocrx_word' id='word_1_633' title='bbox 959 4955 1048 5018; x_wconf 84' lang='grc' dir='ltr'>Ὧς</span> <span class='ocrx_word' id='word_1_634' title='bbox 1075 4953 1141 5009; x_wconf 81' lang='grc' dir='ltr'>ἂν</span> <span class='ocrx_word' id='word_1_635' title='bbox 1163 4953 1222 5006; x_wconf 79' lang='grc' dir='ltr'>δὲ</span> <span class='ocrx_word' id='word_1_636' title='bbox 1254 4955 1406 5023; x_wconf 83' lang='grc' dir='ltr'>ἡμᾶς</span> <span class='ocrx_word' id='word_1_637' title='bbox 1429 4951 1539 5006; x_wconf 86' lang='grc' dir='ltr'><strong>τῶν</strong></span> <span class='ocrx_word' id='word_1_638' title='bbox 1570 4953 1680 5006; x_wconf 80' lang='grc' dir='ltr'><strong>σῶν</strong></span> <span class='ocrx_word' id='word_1_639' title='bbox 1707 4955 1792 5004; x_wconf 85' lang='grc' dir='ltr'><strong>ὲν-</strong></span> 
     </span>
    </p>
   </div>
   <div class='ocr_carea' id='block_1_86' title="bbox 110 5043 1791 5120">
    <p class='ocr_par' dir='ltr' id='par_1_86' title="bbox 110 5043 1791 5120">
     <span class='ocr_line' id='line_1_86' title="bbox 110 5043 1791 5120; baseline -0.005 -17"><span class='ocrx_word' id='word_1_640' title='bbox 110 5047 119 5050; x_wconf 68' lang='grc'>”</span> <span class='ocrx_word' id='word_1_641' title='bbox 210 5050 346 5103; x_wconf 84' lang='grc' dir='ltr'>θέων</span> <span class='ocrx_word' id='word_1_642' title='bbox 375 5047 642 5120; x_wconf 84' lang='grc' dir='ltr'>ἀμοίρους</span> <span class='ocrx_word' id='word_1_643' title='bbox 672 5048 1030 5119; x_wconf 84' lang='grc' dir='ltr'>διηγημάτων</span> <span class='ocrx_word' id='word_1_644' title='bbox 1075 5046 1151 5118; x_wconf 83' lang='grc' dir='ltr'>μὴ</span> <span class='ocrx_word' id='word_1_645' title='bbox 1195 5044 1609 5115; x_wconf 74' lang='grc' dir='ltr'>ἀποπέμψειας,</span> <span class='ocrx_word' id='word_1_646' title='bbox 1645 5043 1791 5097; x_wconf 88' lang='grc' dir='ltr'>δίδου</span> 
     </span>
    </p>
   </div>
   <div class='ocr_carea' id='block_1_87' title="bbox 213 5135 1790 5211">
    <p class='ocr_par' dir='ltr' id='par_1_87' title="bbox 213 5135 1790 5211">
     <span class='ocr_line' id='line_1_87' title="bbox 213 5135 1790 5211; baseline -0.004 -18"><span class='ocrx_word' id='word_1_647' title='bbox 213 5140 362 5210; x_wconf 87' lang='grc' dir='ltr'>λόγον</span> <span class='ocrx_word' id='word_1_648' title='bbox 395 5142 549 5211; x_wconf 81' lang='grc' dir='ltr'>ήμῖν,</span> <span class='ocrx_word' id='word_1_649' title='bbox 583 5141 659 5204; x_wconf 85' lang='grc' dir='ltr'>ὡς</span> <span class='ocrx_word' id='word_1_650' title='bbox 687 5141 861 5209; x_wconf 84' lang='grc' dir='ltr'>Λόγου</span> <span class='ocrx_word' id='word_1_651' title='bbox 891 5141 1115 5211; x_wconf 84' lang='grc' dir='ltr'>Μήτηρ,</span> <span class='ocrx_word' id='word_1_652' title='bbox 1152 5137 1372 5206; x_wconf 73' lang='grc' dir='ltr'>καὶτῆς</span> <span class='ocrx_word' id='word_1_653' title='bbox 1403 5137 1500 5188; x_wconf 73' lang='grc' dir='ltr'><strong>ἐπὶ</strong></span> <span class='ocrx_word' id='word_1_654' title='bbox 1525 5136 1608 5188; x_wconf 71' lang='grc' dir='ltr'><strong>σοι</strong></span> <span class='ocrx_word' id='word_1_655' title='bbox 1637 5135 1790 5187; x_wconf 74' lang='grc' dir='ltr'>τελεσ</span> 
     </span>
    </p>
   </div>
   <div class='ocr_carea' id='block_1_88' title="bbox 217 5227 1792 5303">
    <p class='ocr_par' dir='ltr' id='par_1_88' title="bbox 217 5227 1792 5303">
     <span class='ocr_line' id='line_1_88' title="bbox 217 5227 1792 5303; baseline -0.006 -17"><span class='ocrx_word' id='word_1_656' title='bbox 217 5232 426 5303; x_wconf 84' lang='grc' dir='ltr'>σθείσης</span> <span class='ocrx_word' id='word_1_657' title='bbox 457 5232 718 5295; x_wconf 79' lang='grc' dir='ltr'>ἀποικίας</span> <span class='ocrx_word' id='word_1_658' title='bbox 743 5233 836 5285; x_wconf 81' lang='grc' dir='ltr'>τὸν</span> <span class='ocrx_word' id='word_1_659' title='bbox 869 5232 1070 5301; x_wconf 83' lang='grc' dir='ltr'>τρόπον</span> <span class='ocrx_word' id='word_1_660' title='bbox 1102 5228 1373 5300; x_wconf 86' lang='grc' dir='ltr'>γνώρισον</span> <span class='ocrx_word' id='word_1_661' title='bbox 1400 5229 1556 5297; x_wconf 86' lang='grc' dir='ltr'>ἡμῖν.</span> <span class='ocrx_word' id='word_1_662' title='bbox 1588 5227 1792 5296; x_wconf 80' lang='grc' dir='ltr'>Ἔστη-</span> 
     </span>
    </p>
   </div>
   <div class='ocr_carea' id='block_1_89' title="bbox 1821 4833 1868 4888">
    <p class='ocr_par' dir='ltr' id='par_1_89' title="bbox 1821 4833 1868 4888">
     <span class='ocr_line' id='line_1_89' title="bbox 1821 4833 1868 4888; baseline 0 0"><span class='ocrx_word' id='word_1_663' title='bbox 1821 4833 1868 4888; x_wconf 88' lang='lat' dir='ltr'><strong>D</strong></span> 
     </span>
    </p>
   </div>
   <div class='ocr_carea' id='block_1_90' title="bbox 1886 3574 3468 3648">
    <p class='ocr_par' dir='ltr' id='par_1_90' title="bbox 1886 3574 3468 3648">
     <span class='ocr_line' id='line_1_90' title="bbox 1886 3574 3468 3648; baseline -0.008 -12"><span class='ocrx_word' id='word_1_664' title='bbox 1886 3582 2102 3638; x_wconf 80' lang='lat' dir='ltr'><strong>hiscum</strong></span> <span class='ocrx_word' id='word_1_665' title='bbox 2154 3581 2398 3635; x_wconf 86' lang='lat' dir='ltr'><strong>subiisse</strong></span> <span class='ocrx_word' id='word_1_666' title='bbox 2445 3587 2660 3632; x_wconf 76' lang='lat' dir='ltr'><strong>naturae</strong></span> <span class='ocrx_word' id='word_1_667' title='bbox 2711 3577 2858 3648; x_wconf 88' lang='lat' dir='ltr'><strong>leges</strong></span> <span class='ocrx_word' id='word_1_668' title='bbox 2905 3574 3332 3630; x_wconf 78' lang='lat' dir='ltr'><strong>conﬁceremus,</strong></span> <span class='ocrx_word' id='word_1_669' title='bbox 3363 3580 3468 3623; x_wconf 86' lang='lat' dir='ltr'><strong>nec</strong></span> 
     </span>
    </p>
   </div>
   <div class='ocr_carea' id='block_1_91' title="bbox 1888 3658 3463 3741">
    <p class='ocr_par' dir='ltr' id='par_1_91' title="bbox 1888 3658 3463 3741">
     <span class='ocr_line' id='line_1_91' title="bbox 1888 3658 3463 3741; baseline -0.01 -14"><span class='ocrx_word' id='word_1_670' title='bbox 1888 3674 1995 3727; x_wconf 89' lang='lat' dir='ltr'><strong>nisi</strong></span> <span class='ocrx_word' id='word_1_671' title='bbox 2031 3673 2204 3726; x_wconf 90' lang='lat' dir='ltr'><strong>multo</strong></span> <span class='ocrx_word' id='word_1_672' title='bbox 2257 3671 2456 3724; x_wconf 90' lang='lat' dir='ltr'><strong>timore</strong></span> <span class='ocrx_word' id='word_1_673' title='bbox 2489 3676 2775 3741; x_wconf 67' lang='lat' dir='ltr'><strong>praeeunte</strong></span> <span class='ocrx_word' id='word_1_674' title='bbox 2807 3666 3236 3734; x_wconf 85' lang='lat' dir='ltr'><strong>disputavimus.</strong></span> <span class='ocrx_word' id='word_1_675' title='bbox 3274 3658 3463 3713; x_wconf 85' lang='lat' dir='ltr'><strong>Subli-</strong></span> 
     </span>
    </p>
   </div>
   <div class='ocr_carea' id='block_1_92' title="bbox 1888 3757 3462 3826">
    <p class='ocr_par' dir='ltr' id='par_1_92' title="bbox 1888 3757 3462 3826">
     <span class='ocr_line' id='line_1_92' title="bbox 1888 3757 3462 3826; baseline -0.01 -8"><span class='ocrx_word' id='word_1_676' title='bbox 1888 3764 2064 3818; x_wconf 90' lang='lat' dir='ltr'><strong>miora</strong></span> <span class='ocrx_word' id='word_1_677' title='bbox 2111 3770 2293 3816; x_wconf 89' lang='lat' dir='ltr'><strong>autem</strong></span> <span class='ocrx_word' id='word_1_678' title='bbox 2340 3761 2396 3814; x_wconf 90' lang='lat' dir='ltr'><strong>iu</strong></span> <span class='ocrx_word' id='word_1_679' title='bbox 2433 3769 2486 3818; x_wconf 91' lang='lat' dir='ltr'><strong>te</strong></span> <span class='ocrx_word' id='word_1_680' title='bbox 2537 3760 2733 3814; x_wconf 82' lang='lat' dir='ltr'><strong>ell&#39;ecta</strong></span> <span class='ocrx_word' id='word_1_681' title='bbox 2779 3757 3076 3826; x_wconf 76' lang='lat' dir='ltr'><strong>magualia,</strong></span> <span class='ocrx_word' id='word_1_682' title='bbox 3128 3761 3186 3806; x_wconf 91' lang='lat' dir='ltr'><strong>ut</strong></span> <span class='ocrx_word' id='word_1_683' title='bbox 3223 3764 3462 3821; x_wconf 88' lang='lat' dir='ltr'><strong>quorum</strong></span> 
     </span>
    </p>
   </div>
   <div class='ocr_carea' id='block_1_93' title="bbox 1888 3844 3470 3925">
    <p class='ocr_par' dir='ltr' id='par_1_93' title="bbox 1888 3844 3470 3925">
     <span class='ocr_line' id='line_1_93' title="bbox 1888 3844 3470 3925; baseline -0.01 -15"><span class='ocrx_word' id='word_1_684' title='bbox 1888 3856 2009 3925; x_wconf 84' lang='lat' dir='ltr'><strong>ipsa</strong></span> <span class='ocrx_word' id='word_1_685' title='bbox 2061 3852 2511 3909; x_wconf 89' lang='lat' dir='ltr'><strong>communionem</strong></span> <span class='ocrx_word' id='word_1_686' title='bbox 2557 3848 2942 3918; x_wconf 82' lang='lat' dir='ltr'><strong>experimento</strong></span> <span class='ocrx_word' id='word_1_687' title='bbox 2994 3844 3260 3908; x_wconf 88' lang='lat' dir='ltr'><strong>senseris,</strong></span> <span class='ocrx_word' id='word_1_688' title='bbox 3293 3847 3470 3894; x_wconf 87' lang='lat' dir='ltr'><strong>tumet</strong></span> 
     </span>
    </p>
   </div>
   <div class='ocr_carea' id='block_1_94' title="bbox 1887 3935 3467 4008">
    <p class='ocr_par' dir='ltr' id='par_1_94' title="bbox 1887 3935 3467 4008">
     <span class='ocr_line' id='line_1_94' title="bbox 1887 3935 3467 4008; baseline -0.013 -6"><span class='ocrx_word' id='word_1_689' title='bbox 1887 3947 2088 4002; x_wconf 85' lang='lat' dir='ltr'><strong>melius</strong></span> <span class='ocrx_word' id='word_1_690' title='bbox 2115 3945 2364 4008; x_wconf 70' lang='grc' dir='ltr'>πονεῖ-ιε,</span> <span class='ocrx_word' id='word_1_691' title='bbox 2411 3956 2444 3996; x_wconf 94' lang='lat' dir='ltr'><strong>o</strong></span> <span class='ocrx_word' id='word_1_692' title='bbox 2491 3939 2840 4001; x_wconf 84' lang='lat' dir='ltr'><strong>beatissima,</strong></span> <span class='ocrx_word' id='word_1_693' title='bbox 2874 3935 3230 4002; x_wconf 88' lang='lat' dir='ltr'><strong>diviniusque</strong></span> <span class='ocrx_word' id='word_1_694' title='bbox 3269 3945 3331 3984; x_wconf 89' lang='lat' dir='ltr'><strong>ac</strong></span> <span class='ocrx_word' id='word_1_695' title='bbox 3364 3945 3467 3999; x_wconf 88' lang='lat' dir='ltr'><strong>pu-</strong></span> 
     </span>
    </p>
   </div>
   <div class='ocr_carea' id='block_1_95' title="bbox 1889 4024 3478 4105">
    <p class='ocr_par' dir='ltr' id='par_1_95' title="bbox 1889 4024 3478 4105">
     <span class='ocr_line' id='line_1_95' title="bbox 1889 4024 3478 4105; baseline -0.012 -12"><span class='ocrx_word' id='word_1_696' title='bbox 1889 4039 2007 4093; x_wconf 84' lang='lat' dir='ltr'><strong>rius</strong></span> <span class='ocrx_word' id='word_1_697' title='bbox 2044 4049 2210 4105; x_wconf 83' lang='lat' dir='ltr'><strong>quam</strong></span> <span class='ocrx_word' id='word_1_698' title='bbox 2241 4043 2434 4088; x_wconf 89' lang='lat' dir='ltr'><strong>nostra</strong></span> <span class='ocrx_word' id='word_1_699' title='bbox 2469 4030 2651 4086; x_wconf 89' lang='lat' dir='ltr'><strong>oratio</strong></span> <span class='ocrx_word' id='word_1_700' title='bbox 2681 4042 2946 4083; x_wconf 88' lang='lat' dir='ltr'><strong>enarrare</strong></span> <span class='ocrx_word' id='word_1_701' title='bbox 2978 4024 3195 4094; x_wconf 90' lang='lat' dir='ltr'><strong>possit,</strong></span> <span class='ocrx_word' id='word_1_702' title='bbox 3241 4035 3478 4091; x_wconf 63' lang='lat' dir='ltr'><strong>praeque</strong></span> 
     </span>
    </p>
   </div>
   <div class='ocr_carea' id='block_1_96' title="bbox 1888 4109 3474 4195">
    <p class='ocr_par' dir='ltr' id='par_1_96' title="bbox 1888 4109 3474 4195">
     <span class='ocr_line' id='line_1_96' title="bbox 1888 4109 3474 4195; baseline -0.012 -13"><span class='ocrx_word' id='word_1_703' title='bbox 1888 4127 2189 4189; x_wconf 80' lang='lat' dir='ltr'><strong>universis,</strong></span> <span class='ocrx_word' id='word_1_704' title='bbox 2242 4125 2362 4195; x_wconf 89' lang='lat' dir='ltr'><strong>ipse</strong></span> <span class='ocrx_word' id='word_1_705' title='bbox 2412 4123 2737 4194; x_wconf 91' lang='lat' dir='ltr'><strong>unigenitus</strong></span> <span class='ocrx_word' id='word_1_706' title='bbox 2776 4118 2951 4173; x_wconf 83' lang='lat' dir='ltr'><strong>Filius</strong></span> <span class='ocrx_word' id='word_1_707' title='bbox 3002 4123 3155 4169; x_wconf 89' lang='lat' dir='ltr'><strong>tuus.</strong></span> <span class='ocrx_word' id='word_1_708' title='bbox 3198 4111 3344 4183; x_wconf 88' lang='lat' dir='ltr'><strong>lpse,</strong></span> <span class='ocrx_word' id='word_1_709' title='bbox 3377 4109 3474 4164; x_wconf 80' lang='lat' dir='ltr'><strong>in-</strong></span> 
     </span>
    </p>
   </div>
   <div class='ocr_carea' id='block_1_97' title="bbox 1887 4199 3467 4294">
    <p class='ocr_par' dir='ltr' id='par_1_97' title="bbox 1887 4199 3467 4294">
     <span class='ocr_line' id='line_1_97' title="bbox 1887 4199 3467 4294; baseline -0.015 -18"><span class='ocrx_word' id='word_1_710' title='bbox 1887 4236 2078 4294; x_wconf 91' lang='lat' dir='ltr'><strong>quam,</strong></span> <span class='ocrx_word' id='word_1_711' title='bbox 2133 4219 2227 4290; x_wconf 85' lang='lat' dir='ltr'><strong>qui</strong></span> <span class='ocrx_word' id='word_1_712' title='bbox 2276 4217 2572 4272; x_wconf 87' lang='lat' dir='ltr'><strong>constituit</strong></span> <span class='ocrx_word' id='word_1_713' title='bbox 2611 4213 2838 4274; x_wconf 64' lang='lat' dir='ltr'><strong>saecula,</strong></span> <span class='ocrx_word' id='word_1_714' title='bbox 2889 4217 3309 4276; x_wconf 87' lang='lat' dir='ltr'><strong>congruamque</strong></span> <span class='ocrx_word' id='word_1_715' title='bbox 3362 4199 3467 4255; x_wconf 87' lang='lat' dir='ltr'><strong>tibi</strong></span> 
     </span>
    </p>
   </div>
   <div class='ocr_carea' id='block_1_98' title="bbox 1890 4291 3468 4386">
    <p class='ocr_par' dir='ltr' id='par_1_98' title="bbox 1890 4291 3468 4386">
     <span class='ocr_line' id='line_1_98' title="bbox 1890 4291 3468 4386; baseline -0.014 -18"><span class='ocrx_word' id='word_1_716' title='bbox 1890 4291 2120 4386; x_wconf 70' lang='lat' dir='ltr'><strong>gloriam</strong></span> <span class='ocrx_word' id='word_1_717' title='bbox 2167 4319 2223 4366; x_wconf 90' lang='lat' dir='ltr'><strong>et</strong></span> <span class='ocrx_word' id='word_1_718' title='bbox 2278 4309 2653 4382; x_wconf 88' lang='lat' dir='ltr'><strong>splendorem,</strong></span> <span class='ocrx_word' id='word_1_719' title='bbox 2708 4318 2808 4374; x_wconf 92' lang='lat' dir='ltr'><strong>pro</strong></span> <span class='ocrx_word' id='word_1_720' title='bbox 2868 4297 3220 4355; x_wconf 73' lang='lat' dir='ltr'><strong>commodata</strong></span> <span class='ocrx_word' id='word_1_721' title='bbox 3275 4291 3468 4348; x_wconf 83' lang='lat' dir='ltr'><strong>carnis</strong></span> 
     </span>
    </p>
   </div>
   <div class='ocr_carea' id='block_1_99' title="bbox 1891 4391 3491 4476">
    <p class='ocr_par' dir='ltr' id='par_1_99' title="bbox 1891 4391 3491 4476">
     <span class='ocr_line' id='line_1_99' title="bbox 1891 4391 3491 4476; baseline -0.016 -14"><span class='ocrx_word' id='word_1_722' title='bbox 1891 4405 2276 4476; x_wconf 75' lang='lat' dir='ltr'><strong>assumptione</strong></span> <span class='ocrx_word' id='word_1_723' title='bbox 2321 4400 2662 4464; x_wconf 89' lang='lat' dir='ltr'><strong>substantia,</strong></span> <span class='ocrx_word' id='word_1_724' title='bbox 2725 4395 2978 4450; x_wconf 84' lang='lat' dir='ltr'><strong>adhibuit</strong></span> <span class='ocrx_word' id='word_1_725' title='bbox 3013 4409 3029 4459; x_wconf 92' lang='lat'><strong>;</strong></span> <span class='ocrx_word' id='word_1_726' title='bbox 3063 4391 3232 4460; x_wconf 89' lang='lat' dir='ltr'><strong>idque</strong></span> <span class='ocrx_word' id='word_1_727' title='bbox 3278 4401 3341 4442; x_wconf 85' lang='lat' dir='ltr'><strong>ea</strong></span> <span class='ocrx_word' id='word_1_728' title='bbox 3373 4401 3491 4476; x_wconf 34' lang='lat' dir='ltr'><strong>exs--</strong></span> 
     </span>
    </p>
   </div>
   <div class='ocr_carea' id='block_1_100' title="bbox 1889 4474 3469 4566">
    <p class='ocr_par' dir='ltr' id='par_1_100' title="bbox 1889 4474 3469 4566">
     <span class='ocr_line' id='line_1_100' title="bbox 1889 4474 3469 4566; baseline -0.016 -11"><span class='ocrx_word' id='word_1_729' title='bbox 1889 4474 2170 4561; x_wconf 79' lang='lat' dir='ltr'><strong>cellentia,</strong></span> <span class='ocrx_word' id='word_1_730' title='bbox 2203 4511 2311 4566; x_wconf 90' lang='lat' dir='ltr'><strong>qua</strong></span> <span class='ocrx_word' id='word_1_731' title='bbox 2346 4510 2458 4550; x_wconf 91' lang='lat' dir='ltr'><strong>non</strong></span> <span class='ocrx_word' id='word_1_732' title='bbox 2508 4499 2723 4546; x_wconf 90' lang='lat' dir='ltr'><strong>tantum</strong></span> <span class='ocrx_word' id='word_1_733' title='bbox 2777 4490 3058 4542; x_wconf 88' lang='lat' dir='ltr'><strong>hmuauus</strong></span> <span class='ocrx_word' id='word_1_734' title='bbox 3098 4482 3340 4542; x_wconf 86' lang='lat' dir='ltr'><strong>animus,</strong></span> <span class='ocrx_word' id='word_1_735' title='bbox 3369 4474 3469 4531; x_wconf 86' lang='lat' dir='ltr'><strong>sed</strong></span> 
     </span>
    </p>
   </div>
   <div class='ocr_carea' id='block_1_101' title="bbox 1891 4569 3470 4652">
    <p class='ocr_par' dir='ltr' id='par_1_101' title="bbox 1891 4569 3470 4652">
     <span class='ocr_line' id='line_1_101' title="bbox 1891 4569 3470 4652; baseline -0.015 -5"><span class='ocrx_word' id='word_1_736' title='bbox 1891 4607 1995 4647; x_wconf 87' lang='lat' dir='ltr'><strong>nec</strong></span> <span class='ocrx_word' id='word_1_737' title='bbox 2026 4591 2168 4646; x_wconf 83' lang='lat' dir='ltr'><strong>forte</strong></span> <span class='ocrx_word' id='word_1_738' title='bbox 2195 4588 2569 4645; x_wconf 88' lang='lat' dir='ltr'><strong>eminentium</strong></span> <span class='ocrx_word' id='word_1_739' title='bbox 2612 4582 2934 4652; x_wconf 85' lang='lat' dir='ltr'><strong>angelorum</strong></span> <span class='ocrx_word' id='word_1_740' title='bbox 2967 4575 3288 4632; x_wconf 86' lang='lat' dir='ltr'><strong>intellectus</strong></span> <span class='ocrx_word' id='word_1_741' title='bbox 3323 4569 3470 4623; x_wconf 81' lang='lat' dir='ltr'><strong>ullus</strong></span> 
     </span>
    </p>
   </div>
   <div class='ocr_carea' id='block_1_102' title="bbox 1892 4661 3472 4752">
    <p class='ocr_par' dir='ltr' id='par_1_102' title="bbox 1892 4661 3472 4752">
     <span class='ocr_line' id='line_1_102' title="bbox 1892 4661 3472 4752; baseline -0.016 -15"><span class='ocrx_word' id='word_1_742' title='bbox 1892 4681 2188 4752; x_wconf 77' lang='lat' dir='ltr'><strong>complecti.</strong></span> <span class='ocrx_word' id='word_1_743' title='bbox 2238 4679 2432 4749; x_wconf 90' lang='lat' dir='ltr'><strong>possit.</strong></span> <span class='ocrx_word' id='word_1_744' title='bbox 2496 4671 2790 4729; x_wconf 83' lang='lat' dir='ltr'><strong>Enimvero</strong></span> <span class='ocrx_word' id='word_1_745' title='bbox 2836 4675 3096 4723; x_wconf 89' lang='lat' dir='ltr'><strong>maneant</strong></span> <span class='ocrx_word' id='word_1_746' title='bbox 3124 4664 3241 4718; x_wconf 67' lang='lat' dir='ltr'><strong>haec</strong></span> <span class='ocrx_word' id='word_1_747' title='bbox 3277 4661 3472 4716; x_wconf 84' lang='lat' dir='ltr'><strong>divina</strong></span> 
     </span>
    </p>
   </div>
   <div class='ocr_carea' id='block_1_103' title="bbox 1894 4756 3494 4842">
    <p class='ocr_par' dir='ltr' id='par_1_103' title="bbox 1894 4756 3494 4842">
     <span class='ocr_line' id='line_1_103' title="bbox 1894 4756 3494 4842; baseline -0.015 -13"><span class='ocrx_word' id='word_1_748' title='bbox 1894 4788 2108 4842; x_wconf 90' lang='lat' dir='ltr'><strong>semper</strong></span> <span class='ocrx_word' id='word_1_749' title='bbox 2134 4769 2473 4825; x_wconf 87' lang='lat' dir='ltr'><strong>obscuritate</strong></span> <span class='ocrx_word' id='word_1_750' title='bbox 2504 4765 2740 4838; x_wconf 84' lang='lat' dir='ltr'><strong>mystice</strong></span> <span class='ocrx_word' id='word_1_751' title='bbox 2779 4762 3168 4830; x_wconf 88' lang='lat' dir='ltr'><strong>occultiusque</strong></span> <span class='ocrx_word' id='word_1_752' title='bbox 3199 4756 3494 4810; x_wconf 50' lang='lat' dir='ltr'><strong>honorata</strong></span> 
     </span>
    </p>
   </div>
   <div class='ocr_carea' id='block_1_104' title="bbox 1893 4849 3564 4936">
    <p class='ocr_par' dir='ltr' id='par_1_104' title="bbox 1893 4849 3564 4936">
     <span class='ocr_line' id='line_1_104' title="bbox 1893 4849 3564 4936; baseline -0.014 -15"><span class='ocrx_word' id='word_1_753' title='bbox 1893 4866 2102 4936; x_wconf 89' lang='lat' dir='ltr'><strong>pariter</strong></span> <span class='ocrx_word' id='word_1_754' title='bbox 2155 4872 2210 4917; x_wconf 88' lang='lat' dir='ltr'><strong>et</strong></span> <span class='ocrx_word' id='word_1_755' title='bbox 2242 4869 2591 4925; x_wconf 85' lang='lat' dir='ltr'><strong>conservata,</strong></span> <span class='ocrx_word' id='word_1_756' title='bbox 2623 4871 2922 4926; x_wconf 83' lang='lat' dir='ltr'><strong>veramque</strong></span> <span class='ocrx_word' id='word_1_757' title='bbox 2961 4852 3241 4925; x_wconf 83' lang='lat' dir='ltr'><strong>propriam</strong></span> <span class='ocrx_word' id='word_1_758' title='bbox 3299 4849 3484 4902; x_wconf 80' lang='lat' dir='ltr'><strong>ratio-.-</strong></span> <span class='ocrx_word' id='word_1_759' title='bbox 3549 4917 3564 4932; x_wconf 47' lang='grc'><strong><em>⁸</em></strong></span> 
     </span>
    </p>
   </div>
   <div class='ocr_carea' id='block_1_105' title="bbox 1891 4939 3510 5018">
    <p class='ocr_par' dir='ltr' id='par_1_105' title="bbox 1891 4939 3510 5018">
     <span class='ocr_line' id='line_1_105' title="bbox 1891 4939 3510 5018; baseline -0.014 -4"><span class='ocrx_word' id='word_1_760' title='bbox 1891 4974 2014 5014; x_wconf 88' lang='lat' dir='ltr'><strong>nem</strong></span> <span class='ocrx_word' id='word_1_761' title='bbox 2051 4957 2464 5015; x_wconf 83' lang='lat' dir='ltr'><strong>inconcussam,</strong></span> <span class='ocrx_word' id='word_1_762' title='bbox 2519 4951 2585 5006; x_wconf 89' lang='lat' dir='ltr'><strong>ad</strong></span> <span class='ocrx_word' id='word_1_763' title='bbox 2624 4967 2801 5018; x_wconf 88' lang='lat' dir='ltr'><strong>usque</strong></span> <span class='ocrx_word' id='word_1_764' title='bbox 2846 4960 3164 5018; x_wconf 86' lang='lat' dir='ltr'><strong>supremam</strong></span> <span class='ocrx_word' id='word_1_765' title='bbox 3194 4957 3379 4998; x_wconf 87' lang='lat' dir='ltr'><strong>rerum</strong></span> <span class='ocrx_word' id='word_1_766' title='bbox 3415 4939 3510 4992; x_wconf 76' lang='lat' dir='ltr'><strong>in-</strong></span> 
     </span>
    </p>
   </div>
   <div class='ocr_carea' id='block_1_106' title="bbox 1892 5039 3502 5122">
    <p class='ocr_par' dir='ltr' id='par_1_106' title="bbox 1892 5039 3502 5122">
     <span class='ocr_line' id='line_1_106' title="bbox 1892 5039 3502 5122; baseline -0.014 -16"><span class='ocrx_word' id='word_1_767' title='bbox 1892 5054 2168 5122; x_wconf 88' lang='lat' dir='ltr'><strong>integrum</strong></span> <span class='ocrx_word' id='word_1_768' title='bbox 2220 5048 2650 5110; x_wconf 83' lang='lat' dir='ltr'><strong>restitutionem,</strong></span> <span class='ocrx_word' id='word_1_769' title='bbox 2707 5045 3004 5098; x_wconf 81' lang='lat' dir='ltr'><strong>retineant.</strong></span> <span class='ocrx_word' id='word_1_770' title='bbox 3049 5039 3117 5094; x_wconf 84' lang='lat' dir='ltr'><strong>Ut</strong></span> <span class='ocrx_word' id='word_1_771' title='bbox 3144 5053 3212 5091; x_wconf 89' lang='lat' dir='ltr'><strong>ne</strong></span> <span class='ocrx_word' id='word_1_772' title='bbox 3251 5041 3502 5122; x_wconf 57' lang='lat' dir='ltr'><strong>uesta--</strong></span> 
     </span>
    </p>
   </div>
   <div class='ocr_carea' id='block_1_107' title="bbox 1899 5118 3490 5198">
    <p class='ocr_par' dir='ltr' id='par_1_107' title="bbox 1899 5118 3490 5198">
     <span class='ocr_line' id='line_1_107' title="bbox 1899 5118 3490 5198; baseline -0.016 -1"><span class='ocrx_word' id='word_1_773' title='bbox 1899 5158 2022 5198; x_wconf 86' lang='lat' dir='ltr'><strong>men</strong></span> <span class='ocrx_word' id='word_1_774' title='bbox 2051 5141 2370 5196; x_wconf 89' lang='lat' dir='ltr'><strong>divinarum</strong></span> <span class='ocrx_word' id='word_1_775' title='bbox 2404 5146 2626 5189; x_wconf 88' lang='lat' dir='ltr'><strong>tuarum</strong></span> <span class='ocrx_word' id='word_1_776' title='bbox 2655 5150 2840 5188; x_wconf 82' lang='lat' dir='ltr'><strong>rerum</strong></span> <span class='ocrx_word' id='word_1_777' title='bbox 2885 5136 3135 5198; x_wconf 75' lang='lat' dir='ltr'><strong>expertes</strong></span> <span class='ocrx_word' id='word_1_778' title='bbox 3167 5118 3490 5183; x_wconf 58' lang='lat' dir='ltr'><strong>dimiseris,</strong></span> 
     </span>
    </p>
   </div>
   <div class='ocr_carea' id='block_1_108' title="bbox 1892 5210 3482 5300">
    <p class='ocr_par' dir='ltr' id='par_1_108' title="bbox 1892 5210 3482 5300">
     <span class='ocr_line' id='line_1_108' title="bbox 1892 5210 3482 5300; baseline -0.018 -13"><span class='ocrx_word' id='word_1_779' title='bbox 1892 5235 2120 5290; x_wconf 87' lang='lat' dir='ltr'><strong>verbum</strong></span> <span class='ocrx_word' id='word_1_780' title='bbox 2161 5231 2369 5300; x_wconf 88' lang='lat' dir='ltr'><strong>largire</strong></span> <span class='ocrx_word' id='word_1_781' title='bbox 2392 5245 2493 5281; x_wconf 83' lang='lat' dir='ltr'><strong>ceu</strong></span> <span class='ocrx_word' id='word_1_782' title='bbox 2526 5226 2690 5280; x_wconf 77' lang='lat' dir='ltr'><strong>Verbi</strong></span> <span class='ocrx_word' id='word_1_783' title='bbox 2739 5225 2932 5286; x_wconf 77' lang='lat' dir='ltr'><strong>Mater,</strong></span> <span class='ocrx_word' id='word_1_784' title='bbox 2977 5219 3312 5282; x_wconf 84' lang='lat' dir='ltr'><strong>modumque</strong></span> <span class='ocrx_word' id='word_1_785' title='bbox 3339 5210 3482 5264; x_wconf 58' lang='lat' dir='ltr'><strong>edn-</strong></span> 
     </span>
    </p>
   </div>
   <div class='ocr_carea' id='block_1_109' title="bbox 216 5304 1768 5396">
    <p class='ocr_par' dir='ltr' id='par_1_109' title="bbox 216 5313 1768 5396">
     <span class='ocr_line' id='line_1_109' title="bbox 216 5313 1768 5396; baseline -0.006 -16"><span class='ocrx_word' id='word_1_786' title='bbox 216 5344 274 5380; x_wconf 86' lang='grc' dir='ltr'><strong>κε</strong></span> <span class='ocrx_word' id='word_1_787' title='bbox 303 5330 409 5396; x_wconf 77' lang='grc' dir='ltr'><strong>γὰρ</strong></span> <span class='ocrx_word' id='word_1_788' title='bbox 449 5327 621 5381; x_wconf 84' lang='grc' dir='ltr'>είσέτι</span> <span class='ocrx_word' id='word_1_789' title='bbox 669 5327 776 5390; x_wconf 79' lang='grc' dir='ltr'>πᾶς</span> <span class='ocrx_word' id='word_1_790' title='bbox 808 5327 836 5380; x_wconf 90' lang='lat'><strong>6</strong></span> <span class='ocrx_word' id='word_1_791' title='bbox 879 5325 990 5379; x_wconf 90' lang='grc' dir='ltr'><strong>τῶν</strong></span> <span class='ocrx_word' id='word_1_792' title='bbox 1023 5323 1184 5377; x_wconf 87' lang='grc' dir='ltr'>θείων</span> <span class='ocrx_word' id='word_1_793' title='bbox 1231 5321 1531 5393; x_wconf 78' lang='grc' dir='ltr'>ἀκροατής,</span> <span class='ocrx_word' id='word_1_794' title='bbox 1584 5319 1653 5373; x_wconf 85' lang='grc' dir='ltr'><strong>τά</strong></span> <span class='ocrx_word' id='word_1_795' title='bbox 1681 5313 1768 5372; x_wconf 68' lang='grc' dir='ltr'><strong>ὧτε</strong></span> 
     </span>
    </p>
   </div>
   <div class='ocr_carea' id='block_1_110' title="bbox 1881 5304 3482 5396">
    <p class='ocr_par' dir='ltr' id='par_1_110' title="bbox 1898 5304 3482 5392">
     <span class='ocr_line' id='line_1_110' title="bbox 1898 5304 3482 5392; baseline -0.02 -13"><span class='ocrx_word' id='word_1_796' title='bbox 1898 5339 2048 5388; x_wconf 88' lang='lat' dir='ltr'><strong>ceas,</strong></span> <span class='ocrx_word' id='word_1_797' title='bbox 2075 5339 2187 5392; x_wconf 85' lang='lat' dir='ltr'><strong>quo</strong></span> <span class='ocrx_word' id='word_1_798' title='bbox 2217 5332 2307 5376; x_wconf 91' lang='lat' dir='ltr'><strong>tua</strong></span> <span class='ocrx_word' id='word_1_799' title='bbox 2343 5321 2435 5374; x_wconf 86' lang='lat' dir='ltr'><strong>illa</strong></span> <span class='ocrx_word' id='word_1_800' title='bbox 2471 5317 2731 5387; x_wconf 72' lang='lat' dir='ltr'><strong>migratio</strong></span> <span class='ocrx_word' id='word_1_801' title='bbox 2761 5315 2976 5368; x_wconf 88' lang='lat' dir='ltr'><strong>habuit.</strong></span> <span class='ocrx_word' id='word_1_802' title='bbox 3011 5309 3296 5363; x_wconf 82' lang='lat' dir='ltr'><strong>Hactenus</strong></span> <span class='ocrx_word' id='word_1_803' title='bbox 3323 5304 3482 5354; x_wconf 50' lang='lat' dir='ltr'><strong>enim.</strong></span> 
     </span>
    </p>
   </div>
   <div class='ocr_carea' id='block_1_111' title="bbox 219 5389 1768 5490">
    <p class='ocr_par' dir='ltr' id='par_1_111' title="bbox 219 5389 1768 5490">
     <span class='ocr_line' id='line_1_111' title="bbox 219 5389 1768 5490; baseline -0.005 -20"><span class='ocrx_word' id='word_1_804' title='bbox 219 5389 624 5490; x_wconf 64' lang='grc' dir='ltr'>προσκεκλικώς</span> <span class='ocrx_word' id='word_1_805' title='bbox 649 5417 952 5488; x_wconf 81' lang='grc' dir='ltr'>σοι,‹ρωνῆς</span> <span class='ocrx_word' id='word_1_806' title='bbox 962 5434 1021 5470; x_wconf 89' lang='grc' dir='ltr'><strong>τε</strong></span> <span class='ocrx_word' id='word_1_807' title='bbox 1036 5417 1136 5486; x_wconf 84' lang='grc' dir='ltr'><strong>τῆς</strong></span> <span class='ocrx_word' id='word_1_808' title='bbox 1150 5415 1250 5485; x_wconf 87' lang='grc' dir='ltr'><strong>σῆς</strong></span> <span class='ocrx_word' id='word_1_809' title='bbox 1279 5389 1516 5478; x_wconf 73' lang='grc' dir='ltr'>ἐπαΐειν,</span> <span class='ocrx_word' id='word_1_810' title='bbox 1535 5411 1680 5464; x_wconf 85' lang='grc' dir='ltr'>καθὰ</span> <span class='ocrx_word' id='word_1_811' title='bbox 1702 5428 1768 5463; x_wconf 89' lang='grc' dir='ltr'><strong>κα</strong></span> 
     </span>
    </p>
   </div>
   <div class='ocr_carea' id='block_1_112' title="bbox 1881 5389 3482 5490">
    <p class='ocr_par' dir='ltr' id='par_1_112' title="bbox 1899 5389 3482 5473">
     <span class='ocr_line' id='line_1_112' title="bbox 1899 5389 3482 5473; baseline -0.02 0"><span class='ocrx_word' id='word_1_812' title='bbox 1899 5426 2013 5473; x_wconf 90' lang='lat' dir='ltr'><strong>stat</strong></span> <span class='ocrx_word' id='word_1_813' title='bbox 2043 5413 2225 5470; x_wconf 89' lang='lat' dir='ltr'><strong>omnis</strong></span> <span class='ocrx_word' id='word_1_814' title='bbox 2256 5413 2569 5465; x_wconf 82' lang='lat' dir='ltr'><strong>divinorum</strong></span> <span class='ocrx_word' id='word_1_815' title='bbox 2604 5409 2844 5469; x_wconf 87' lang='lat' dir='ltr'><strong>auditor,</strong></span> <span class='ocrx_word' id='word_1_816' title='bbox 2880 5403 3112 5456; x_wconf 84' lang='lat' dir='ltr'><strong>auribus</strong></span> <span class='ocrx_word' id='word_1_817' title='bbox 3137 5399 3193 5449; x_wconf 81' lang='lat' dir='ltr'><strong>in</strong></span> <span class='ocrx_word' id='word_1_818' title='bbox 3230 5404 3280 5447; x_wconf 90' lang='lat' dir='ltr'><strong>te</strong></span> <span class='ocrx_word' id='word_1_819' title='bbox 3307 5389 3482 5446; x_wconf 70' lang='lat' dir='ltr'><strong>accli-</strong></span> 
     </span>
    </p>
   </div>
   <div class='ocr_carea' id='block_1_113' title="bbox 222 5502 1801 5584">
    <p class='ocr_par' dir='ltr' id='par_1_113' title="bbox 222 5502 1801 5584">
     <span class='ocr_line' id='line_1_113' title="bbox 222 5502 1801 5584; baseline -0.007 -17"><span class='ocrx_word' id='word_1_820' title='bbox 222 5514 472 5584; x_wconf 81' lang='grc' dir='ltr'>πρότερον</span> <span class='ocrx_word' id='word_1_821' title='bbox 497 5511 601 5582; x_wconf 74' lang='grc' dir='ltr'>’τῆς</span> <span class='ocrx_word' id='word_1_822' title='bbox 630 5511 781 5575; x_wconf 79' lang='grc' dir='ltr'>θείας</span> <span class='ocrx_word' id='word_1_823' title='bbox 807 5512 835 5565; x_wconf 89' lang='lat'><strong>6</strong></span> <span class='ocrx_word' id='word_1_824' title='bbox 864 5509 1080 5582; x_wconf 84' lang='grc' dir='ltr'>Ἰσραὴλ</span> <span class='ocrx_word' id='word_1_825' title='bbox 1102 5507 1410 5578; x_wconf 78' lang='grc' dir='ltr'>ἐφιέμενος.</span> <span class='ocrx_word' id='word_1_826' title='bbox 1433 5509 1537 5558; x_wconf 83' lang='grc' dir='ltr'>Ἦν</span> <span class='ocrx_word' id='word_1_827' title='bbox 1559 5507 1640 5568; x_wconf 87' lang='grc' dir='ltr'><strong>είς</strong></span> <span class='ocrx_word' id='word_1_828' title='bbox 1666 5502 1801 5572; x_wconf 72' lang='grc' dir='ltr'>ὕψος</span> 
     </span>
    </p>
   </div>
   <div class='ocr_carea' id='block_1_114' title="bbox 224 5603 1789 5686">
    <p class='ocr_par' dir='ltr' id='par_1_114' title="bbox 224 5603 1789 5686">
     <span class='ocr_line' id='line_1_114' title="bbox 224 5603 1789 5686; baseline -0.003 -20"><span class='ocrx_word' id='word_1_829' title='bbox 224 5609 466 5686; x_wconf 78' lang='grc' dir='ltr'>διάρασα,</span> <span class='ocrx_word' id='word_1_830' title='bbox 486 5612 583 5667; x_wconf 73' lang='grc' dir='ltr'>καὶ</span> <span class='ocrx_word' id='word_1_831' title='bbox 612 5612 779 5666; x_wconf 80' lang='grc' dir='ltr'>πλέον</span> <span class='ocrx_word' id='word_1_832' title='bbox 803 5613 835 5684; x_wconf 73' lang='grc' dir='ltr'><strong>ἢ</strong></span> <span class='ocrx_word' id='word_1_833' title='bbox 871 5613 1170 5680; x_wconf 75' lang='grc' dir='ltr'>σάλπιγγος</span> <span class='ocrx_word' id='word_1_834' title='bbox 1190 5608 1561 5678; x_wconf 86' lang='grc' dir='ltr'>γεγωνότερον</span> <span class='ocrx_word' id='word_1_835' title='bbox 1579 5647 1594 5676; x_wconf 90' lang='grc'><strong>,</strong></span> <span class='ocrx_word' id='word_1_836' title='bbox 1627 5603 1789 5675; x_wconf 79' lang='grc' dir='ltr'>Ἐγὼ,</span> 
     </span>
    </p>
   </div>
   <div class='ocr_carea' id='block_1_115' title="bbox 284 5787 911 5856">
    <p class='ocr_par' dir='ltr' id='par_1_115' title="bbox 284 5787 911 5856">
     <span class='ocr_line' id='line_1_115' title="bbox 284 5787 911 5856; baseline -0.005 -11"><span class='ocrx_word' id='word_1_837' title='bbox 284 5798 311 5833; x_wconf 74' lang='grc' dir='ltr'><strong>ι</strong></span> <span class='ocrx_word' id='word_1_838' title='bbox 339 5787 486 5846; x_wconf 76' lang='lat' dir='ltr'><strong>Psal.</strong></span> <span class='ocrx_word' id='word_1_839' title='bbox 522 5803 790 5856; x_wconf 78' lang='lat' dir='ltr'><strong>uxxvm,</strong></span> <span class='ocrx_word' id='word_1_840' title='bbox 825 5788 911 5844; x_wconf 69' lang='grc'><strong>49.</strong></span> 
     </span>
    </p>
   </div>
   <div class='ocr_carea' id='block_1_116' title="bbox 1909 5480 3474 5572">
    <p class='ocr_par' dir='ltr' id='par_1_116' title="bbox 1909 5480 3474 5572">
     <span class='ocr_line' id='line_1_116' title="bbox 1909 5480 3474 5572; baseline -0.02 -9"><span class='ocrx_word' id='word_1_841' title='bbox 1909 5509 1994 5563; x_wconf 91' lang='lat' dir='ltr'><strong>nis</strong></span> <span class='ocrx_word' id='word_1_842' title='bbox 2030 5520 2330 5572; x_wconf 83' lang='lat' dir='ltr'><strong>vocemque</strong></span> <span class='ocrx_word' id='word_1_843' title='bbox 2362 5511 2536 5564; x_wconf 81' lang='lat' dir='ltr'><strong>tuam,</strong></span> <span class='ocrx_word' id='word_1_844' title='bbox 2565 5514 2670 5561; x_wconf 85' lang='lat' dir='ltr'><strong>qua</strong></span> <span class='ocrx_word' id='word_1_845' title='bbox 2701 5498 2834 5550; x_wconf 89' lang='lat' dir='ltr'><strong>olim</strong></span> <span class='ocrx_word' id='word_1_846' title='bbox 2882 5491 3048 5546; x_wconf 77' lang='lat' dir='ltr'><strong>Israel</strong></span> <span class='ocrx_word' id='word_1_847' title='bbox 3079 5485 3295 5541; x_wconf 64' lang='lat' dir='ltr'><strong>ratione</strong></span> <span class='ocrx_word' id='word_1_848' title='bbox 3324 5480 3474 5534; x_wconf 84' lang='lat' dir='ltr'><strong>divi-</strong></span> 
     </span>
    </p>
   </div>
   <div class='ocr_carea' id='block_1_117' title="bbox 1909 5576 3471 5663">
    <p class='ocr_par' dir='ltr' id='par_1_117' title="bbox 1909 5576 3471 5663">
     <span class='ocr_line' id='line_1_117' title="bbox 1909 5576 3471 5663; baseline -0.02 -7"><span class='ocrx_word' id='word_1_849' title='bbox 1909 5615 2059 5663; x_wconf 87' lang='lat' dir='ltr'><strong>nam,</strong></span> <span class='ocrx_word' id='word_1_850' title='bbox 2088 5596 2280 5652; x_wconf 88' lang='lat' dir='ltr'><strong>audire</strong></span> <span class='ocrx_word' id='word_1_851' title='bbox 2330 5593 2500 5663; x_wconf 86' lang='lat' dir='ltr'><strong>cupit.</strong></span> <span class='ocrx_word' id='word_1_852' title='bbox 2545 5591 2660 5656; x_wconf 84' lang='lat' dir='ltr'><strong>Qua</strong></span> <span class='ocrx_word' id='word_1_853' title='bbox 2716 5589 2766 5640; x_wconf 90' lang='lat' dir='ltr'><strong>in</strong></span> <span class='ocrx_word' id='word_1_854' title='bbox 2815 5586 3121 5644; x_wconf 85' lang='lat' dir='ltr'><strong>altum,.ac</strong></span> <span class='ocrx_word' id='word_1_855' title='bbox 3152 5576 3281 5632; x_wconf 75' lang='lat' dir='ltr'><strong>tulza</strong></span> <span class='ocrx_word' id='word_1_856' title='bbox 3302 5586 3471 5642; x_wconf 73' lang='lat' dir='ltr'><strong>pene—</strong></span> 
     </span>
    </p>
   </div>
  </div>
