3820 6316
134 365 311 434 1057

1210 376 1293 436 IN
1329 378 1874 440 DORMITIONEM
1916 381 1979 441 S.
2012 381 2297 443 ΜΑΒΙᾸΞ.
2340 383 2393 443 Ῑ.

3306 392 3446 461 1058

122 485 477 557 ἀκηρύκτῳ
531 483 603 517 ’ν
644 484 797 555 φωνῇ
849 462 1252 556 ’διασημαίνων
1341 489 1413 541 τά
1493 490 1756 560 σύμϐολα.

1868 494 2175 547 etiamnum
2202 493 2828 561 consistensincolumc,
2846 497 3144 570 irrequieta
3159 520 3297 565 voce
3326 512 3443 585 (75)

212 663 348 737 Τῆς
380 664 519 736 γοῦν
546 664 869 737 σωματικῆς
902 669 959 719 ὲν
980 664 1129 736 αὐτῷ
1176 666 1550 731 κατακλίσεως
1586 668 1758 739 ἀψευ-

133 757 418 813 δέ.ττατοι
453 759 752 831 μάρτυρες.
782 759 851 812 τά
889 761 947 812 ὲν
973 762 1042 831 τῇ
1069 760 1246 831 πέτρᾳ
1284 759 1624 832 κοιλώματα,
1658 760 1757 823 τὰς

144 854 267 907 τῶν
328 851 510 924 μελῶν
559 850 1021 921 ἱερογραφοῦντες
1059 853 1360 922 εὐπρεπεῖς
1391 851 1753 916 ὲκτυπὼσεις.

150 946 276 1001 Καὶ
313 943 532 1016 πρῶτος
557 946 586 997 6
620 943 955 1013 χειμάρρους
1009 942 1218 1007 ἐκεῖνος
1274 944 1382 996 τῶν
1410 943 1658 1014 Κεδρὼν,
1712 935 1758 1012 ᾧ

157 1038 341 1093 ταῦτα
362 1035 616 1107 διαμπάξ
646 1034 1128 1105 ὲμπεριείληπται,
1154 1034 1758 1106 σαλπίζειδιαπρυσίως

164 1132 233 1186 τὰ
260 1129 544 1199 θαύματα.
583 1126 651 1179 Ἠ
704 1123 912 1192 κοιλὰς,
971 1126 1137 1196 φημὶ,
1168 1125 1262 1177 τοῦ
1294 1125 1664 1192 Κλαυθμῶνος
1688 1126 1756 1190 ⁸³,

166 1221 291 1276 καθ’
344 1220 415 1290 ἢν
453 1219 483 1271 6
519 1216 693 1285 τάφος
725 1215 939 1286 ἵδρυται
990 1213 1084 1269 τοῦ
1156 1215 1424 1284 Ἰωσαφὰτ
1488 1215 1759 1285 βασιλέως

176 1313 378 1373 Ἰούδα,
407 1312 464 1364 ἐν
510 1302 555 1376 ᾧ
578 1308 642 1362 τὸ
676 1307 948 1378 μακάριον
982 1309 1157 1360 ἐκεῖνο
1180 1306 1242 1360 τὸ
1269 1306 1443 1371 πάθος
1485 1308 1582 1360 τοῦ
1613 1308 1759 1361 άπα-

167 1404 297 1466 θοῦς
326 1399 599 1470 ἐλάμϐανε
630 1398 701 1451 τὰ
735 1398 1024 1468 προοίμια.
1069 1398 1220 1451 Ἐκεῖ
1259 1398 1370 1467 γὰρ
1401 1396 1609 1466 θαμινὰ
1643 1399 1758 1460 τοῖς

168 1494 449 1566 μαθηταῖς
491 1494 521 1545 6
552 1490 745 1562 Σωτὴρ
790 1489 1166 1560 συνηυλίζετο.
1210 1489 1358 1542 Ἐκεῖ
1410 1487 1759 1560 προσηύξατο

165 1588 284 1650 θεὶς
314 1587 387 1640 τά
422 1584 625 1653 γόνατα
656 1583 796 1653 πρός
839 1581 933 1636 τὸν
983 1583 1041 1634 ἐν
1086 1582 1340 1650 οὐρανοῖς
1386 1582 1630 1651 Πατέρα,
1662 1580 1757 1634 τοῦ

166 1673 513 1747 ἐπιθυμητοῦ
546 1673 810 1744 ποτηρίου
841 1675 961 1727 κατ’
985 1674 1301 1742 οἰκονομίαν
1318 1673 1557 1744 ἄρρητον
1579 1670 1762 1725 ποιού-

168 1785 337 1840 μενος
370 1766 466 1837 τὴν
516 1766 873 1835 παραίτησιν.
918 1763 1066 1818 Ἑκεί
1090 1764 1170 1835 τῷ
1203 1765 1439 1834 προδότῃ
1480 1763 1756 1833 φιλωθεὶς,

166 1835 395 1921 ἔκδοτος
417 1835 526 1920 τοῖς
582 1855 891 1920 θεοκτόνοις
922 1855 1240 1925 γεγένηται.
1293 1857 1404 1909 Καὶ
1445 1855 1622 1909 ταῦτα
1666 1854 1758 1909 διὰ
1790 1835 1831 1890 Β

169 1949 377 2020 πείρας
401 1946 623 2017 μάθοιεν
648 1944 1016 2015 ἀληθέστερον
1041 1947 1089 1999 oi
1124 1947 1215 2000 ἐπὶ
1242 1945 1426 2017 χώρας
1452 1947 1752 2017 γινόμενοι.

181 2041 240 2095 '0
268 2039 623 2102 οὖνάπιστος
663 2036 866 2105 ἀπίτω,
911 2038 1008 2090 καὶ
1042 2037 1363 2108 μανθανέτω
1396 2037 1466 2091 δι’
1490 2037 1757 2107 clamem;

166 2134 279 2189 τῶν
308 2132 617 2204 λεγομένων
641 2130 743 2202 τὴν
769 2129 998 2198 δύναμιν
1018 2146 1030 2159 ·
1062 2131 1091 2183 6
1120 2130 1312 2194 πιστὸς
1336 2129 1613 2201 ἀρκείσθω
1643 2132 1756 2193 τοῖς

169 2224 507 2296 λεγομένοις,
542 2221 640 2277 καὶ
661 2225 1003 2277 κατανοείτω
1030 2223 1117 2275 διὰ
1152 2222 1261 2275 τῶν
1292 2222 1639 2292 φαινομένων
1684 2221 1756 2276 τά

175 2318 252 2390 μὴ
275 2315 554 2388 ὁρώμενα,
585 2315 681 2368 καὶ
703 2313 1033 2385 θαυμαζέτω
1060 2314 1128 2367 τὰ
1147 2311 1428 2384 θαύματος
1447 2312 1591 2378 ἄξια.
1612 2312 1754 2366 Ἀλλ’

173 2409 208 2479 η
238 2407 343 2477 μὲν
376 2406 515 2477 ταφὴ
566 2403 792 2477 τοιαύτη
824 2405 918 2457 καὶ
975 2402 1146 2466 οὕτως
1194 2403 1414 2473 ἔχουσα.
1468 2403 1525 2456 '0
1567 2403 1623 2457 δὲ
1654 2407 1755 2473 τῆς

180 2498 562 2569 μεταστάσεως
611 2497 837 2566 τρόπος,
886 2496 935 2549 εἰ
972 2496 1066 2548 καὶ
1106 2496 1284 2559 κοινὸς
1323 2496 1460 2566 πρὸς
1487 2495 1753 2563 ἅπαντας,

179 2591 291 2646 ἀλλ’
318 2590 460 2644 ἐστιν
503 2589 657 2659 αὐτῷ
680 2589 777 2642 καὶ
803 2587 1004 2653 ἰδιάζον
1029 2586 1271 2657 ἀξίωμα,
1316 2587 1378 2639 τὸ
1410 2586 1600 2657 περιὸν
1634 2586 1757 2656 ἕχον

182 2684 318 2752 πρὸς
346 2682 435 2734 τὸν
459 2679 581 2735 καθ’
613 2680 863 2733 ἕκαστον.
900 2680 964 2732 Ἡ
981 2678 1039 2732 δέ
1065 2695 1148 2731 τοι
1184 2677 1471 2748 μετάθεσις
1494 2678 1756 2750 κρείττων

185 2774 281 2842 μὲν
302 2773 461 2843 λόγου
490 2774 585 2827 καὶ
610 2770 950 2841 ἁκοῆς,πλὴν
985 2772 1051 2824 ὲκ
1079 2769 1325 2825 παλαιῶν
1349 2769 1547 2840 ἔχουσα
1576 2787 1757 2840 παρα-

183 2864 483 2935 δειγμάτων
537 2864 638 2934 τὴν
666 2862 923 2934 μίμησιν.
971 2862 1068 2925 Τίς
1097 2861 1153 2914 δὲ
1180 2863 1208 2914 6
1232 2864 1331 2931 τῆς
1358 2860 1756 2924 καταπαύσεως

187 2961 382 3026 τόπος;
414 2956 537 3031 Ἆρ’
567 2958 821 3030 αἰσθήσει
877 2957 1102 3029 ληπτός,
1148 2956 1181 3027 ἢ
1212 2957 1421 3028 διανοίᾳ
1464 2957 1711 3028 χωρητὸς
1739 2975 1754 3023 ;

187 3051 476 3123 Οὐμενοῦν.
508 3051 631 3115 Πῶς
660 3051 769 3123 γάρ
810 3051 876 3105 ἂν
905 3048 1102 3121 ὁρῷτο,
1128 3049 1222 3101 καὶ
1255 3048 1407 3118 παρὰ
1432 3049 1540 3100 τίσι
1563 3050 1753 3111 νοοῖτο,

1864 589 2251 643 tumulationis
2284 606 2420 644 mete
2449 591 2700 662 symbola
2729 606 3155 665 commonstrat,
3448 663 3456 670 θ

1933 677 2096 744 Quod
2134 694 2269 735 sane
2300 680 2355 734 in
2383 696 2451 736 eo
2476 697 2708 750 corpore
2736 682 3127 753 decubuerim,
3160 694 3441 752 verissimi

1865 775 2036 824 testes
2064 778 2195 824 sunt
2232 771 2501 827 cavitates
2538 773 2666 839 illae,
2701 790 2826 843 qua
2865 776 3100 835 decoras
3152 797 3443 842 sacrorum

1861 861 2238 917 membrorum
2274 863 2707 921 deformationes
2738 867 2793 920 in
2830 880 2982 937 petra
3018 886 3440 942 repraesentant.

1864 950 2200 1022 Primusque
2243 962 2464 1010 torrens
2496 957 2589 1011 ille
2628 957 2870 1023 Cedron,
2902 976 3013 1031 quo
3047 964 3161 1019 haec
3196 969 3445 1038 undique

1863 1057 1997 1114 gyro
2046 1044 2406 1108 clauduntur,
2455 1046 2607 1100 clara
2656 1063 2756 1102 ceu
2796 1050 2944 1104 tubae
2988 1067 3123 1107 voce
3170 1056 3440 1111 miracula

1861 1136 2143 1205 praedicat.
2180 1136 2322 1204 Quo,
2362 1137 2609 1205 inquam,
2648 1139 2811 1194 vallis
2859 1141 3243 1201 Clauthmonis
3298 1148 3437 1219 (76),

1860 1225 1916 1280 in
1941 1242 2052 1296 qua
2097 1228 2268 1284 situm
2301 1237 2389 1285 est
2423 1231 2742 1300 sepulcrum
2789 1231 3060 1302 Josaphat
3090 1237 3240 1306 regis
3267 1237 3435 1304 Juda,

1862 1317 1955 1370 ubi
2005 1316 2166 1370 beata
2214 1317 2365 1372 illius
2394 1319 2605 1388 passio,
2646 1319 2737 1389 qui
2784 1335 2815 1374 a
2868 1323 3127 1390 passione
3177 1326 3443 1382 immunis

1861 1414 1966 1471 est,
1996 1406 2237 1476 sumpsit
2264 1407 2522 1462 exordia.
2554 1408 2672 1461 Illic
2704 1410 2852 1463 enim
2892 1412 3147 1468 Salvator
3176 1415 3439 1486 frequens

1828 1499 2193 1553 .versabatur
2224 1514 2348 1553 cum
2394 1499 2687 1569 discipulis
2727 1502 2848 1558 suis
2874 1517 2925 1556 ι.
2964 1504 3079 1561 Illic
3110 1508 3306 1575 positis
3338 1526 3439 1580 ge-

1862 1590 2028 1645 nibus
2064 1589 2282 1646 Patrem
2316 1600 2582 1660 precatus
2613 1592 2707 1661 qui
2742 1602 2830 1650 est
2860 1596 2913 1649 in
2949 1598 3130 1663 caelis,
3173 1600 3439 1657 ineffabili

1861 1681 2277 1751 dispensatione
2300 1682 2703 1753 deprecabatur
2721 1684 3099 1742 desideratum
3126 1690 3357 1746 calicem
3381 1701 3435 1747 γ.

1864 1773 1979 1827 Illic
2022 1774 2309 1843 proditore
2354 1775 2539 1844 specie
2573 1776 2835 1832 amicitia:
2872 1780 3126 1834 osculum
3178 1781 3441 1853 infigente

1859 1865 2092 1921 deicidis
2128 1866 2361 1921 traditus
2392 1875 2475 1921 est
2510 1877 2554 1921 ι.
2583 1868 2664 1922 Ac
2685 1882 2801 1923 rem
2826 1870 3036 1925 certius
3059 1872 3442 1941 experimento

1860 1956 2140 2019 noverint,
2172 1957 2263 2025 qui
2303 1956 2510 2011 fuerint
2541 1957 2594 2011 in
2621 1971 2685 2010 ea
2716 1958 2961 2028 regione.
2998 1958 3103 2026 Qui
3136 1961 3323 2030 itaque
3355 1963 3441 2016 in-

1860 2045 2122 2101 credulus
2162 2055 2265 2109 est,
2312 2045 2493 2110 abeat,
2543 2033 2778 2115 ipsoque
2826 2061 3015 2101 coram
3069 2049 3189 2103 visu
3245 2065 3440 2104 eorum

1859 2150 1984 2205 quae
2030 2135 2272 2191 dicimus
2325 2135 2435 2188 vim
2467 2144 2778 2204 agnoscat:
2836 2136 3014 2192 fidelis
3058 2146 3241 2192 autem
3273 2139 3441 2193 dictis

1860 2231 2179 2287 contentus,
2237 2239 2303 2278 ex
2337 2224 2405 2279 iis
2445 2239 2581 2301 qua
2616 2226 2918 2294 conspicua
2955 2235 3108 2287 sunt,
3161 2244 3283 2297 quae
3330 2245 3441 2283 non

1860 2315 2118 2370 videntur
2146 2315 2469 2385 perspiciat,
2514 2330 2711 2382 resque
2737 2316 2931 2385 plenas
2960 2318 3231 2373 miraculo
3258 2320 3441 2374 admi—

1863 2406 2072 2461 rationi
2113 2406 2340 2461 habeat.
2404 2406 2701 2461 Enimvero
2738 2407 2863 2463 talis
2898 2407 3121 2477 quidem
3153 2412 3443 2480 sepultura

1859 2505 1968 2561 est,
2003 2513 2243 2568 eumque
2292 2497 2515 2553 modum
2560 2498 2797 2554 habens.
2831 2499 2900 2555 At
2942 2502 3087 2553 ratio
3143 2503 3441 2567 transitus,

1860 2603 2178 2660 quanquam
2215 2589 2282 2642 ad
2334 2592 2910 2653 omnes-communis,
2949 2589 3115 2646 habet
3154 2591 3438 2647 nihilomi-

1860 2700 1966 2739 nus
1994 2681 2362 2752 prwcellentia
2400 2681 2748 2751 singulorum
2775 2683 3058 2752 propriam
3088 2683 3438 2753 dignitatem.

1860 2774 2035 2829 Porro
2069 2781 2296 2845 superat
2330 2772 2554 2842 quidem
2586 2772 2859 2827 transitus
2887 2772 2991 2828 iste
3024 2774 3137 2828 vim
3165 2773 3443 2830 sermonis

1859 2869 2217 2938 auditusque,
2248 2869 2333 2924 sic
2366 2876 2549 2921 tamen
2595 2874 2655 2920 ut
2683 2868 2934 2937 exetnpla
2974 2876 3157 2921 vetera
3193 2867 3443 2921 imitetur

1830 2974 1927 3014 -ac
1973 2959 2202 3014 referat.
2260 2958 2458 3013 Verum
2491 2958 2618 3027 quis
2668 2959 2826 3012 locus
2869 2957 3445 3025 requietionis?Sen-
3486 2990 3489 2995 -

1861 3066 2000 3104 sune
2041 3051 2215 3121 possit
2247 3049 2663 3119 comprehendi,
2701 3064 2770 3103 an
2820 3059 3002 3104 mente
3031 3050 3191 3120 capi?
3221 3050 3443 3107 Minime

192 3145 265 3215 μὴ
290 3142 564 3216 πεφυκὼς,
598 3143 738 3214 πλὴν
758 3144 806 3195 εί
841 3143 917 3213 μὴ
951 3142 1020 3194 δι’
1060 3140 1333 3203 ἀπαθείας
1378 3140 1499 3194 κατ’
1533 3140 1756 3209 ἀπειρό⁴

1868 3154 2018 3195 sane.
2051 3139 2153 3205 Qui
2187 3139 2333 3193 enim
2362 3138 2641 3203 videatur,
2674 3146 2771 3191 aut
2802 3153 2832 3191 a
2862 3139 3066 3209 quibus
3098 3140 3286 3195 animo
3314 3156 3444 3196 con-

191 3235 355 3308 δωρον
381 3237 537 3308 χάριν
587 3235 680 3289 τὸν
718 3234 846 3305 τῇδε
900 3234 1143 3302 φθάσασι
1169 3232 1369 3303 χῶρον,
1419 3232 1512 3285 καὶ
1541 3232 1643 3302 τῆς
1673 3235 1759 3286 ὲν-

192 3326 373 3381 ταυθοῖ
400 3324 661 3391 θεοειδοῦς
693 3325 1077 3387 καταστάσεως
1121 3326 1334 3395 τρυφῆς
1386 3323 1755 3392 ἡξιωμένοις;

194 3415 228 3495 ᾖ
276 3438 436 3491 φησιν
469 3424 497 3476 6
522 3420 655 3492 ἐμὸς
699 3419 1004 3489 προπάτωρ
1032 3417 1228 3471 Δαϐίδ·
1269 3436 1289 3468 ι
1340 3417 1426 3471 Ἐν
1451 3416 1602 3487 τόπῳ
1626 3433 1760 3486 σκη-

198 3515 289 3584 vi];
311 3515 646 3586 θαυμαστῆς,
693 3513 799 3577 ἕως
823 3511 919 3566 τοῦ
952 3512 1106 3564 οἴκου
1146 3510 1239 3564 τοῦ
1273 3508 1433 3564 Θεοῦ.
1484 3510 1574 3563 Ἐν
1602 3510 1756 3579 φωνῇ

198 3604 554 3673 ἀγαλλιάσεως
613 3604 710 3659 καὶ
770 3601 1215 3674 ὲξομολογήσεως
1267 3600 1404 3672 ἤχου
1468 3598 1757 3671 ἑορταζόν-

201 3711 319 3753 των.
354 3724 375 3751 ι

264 3872 488 3929 Τοιαῦτα
533 3874 633 3944 μὲν
664 3873 700 3944 ἢ
728 3872 1015 3934 Θεοτόκος,
1040 3864 1109 3943 ἧς
1144 3868 1255 3923 ἀπὸ
1279 3865 1535 3938 γλώσσης
1568 3868 1596 3919 6
1625 3863 1757 3933 γλυ-

209 3964 393 4035 κασμδς
417 3964 715 4029 ἀποστάζει
739 3962 832 4017 τοῦ
876 3960 1208 4031 πνεύματος,
1246 3979 1264 4012 ι
1302 3957 1398 4012 καὶ
1427 3958 1461 4028 ἡ
1488 3957 1647 4029 χάρις
1700 3955 1759 4007 ὲν

210 4056 388 4123 χείλεσι
406 4059 652 4128 κέχυται.
669 4076 688 4108 ι
720 4057 900 4127 Ἦμᾶς
925 4054 983 4108 δὲ
1009 4053 1062 4107 τί
1089 4054 1171 4107 δεῖ
1197 4056 1333 4122 πρὸς
1357 4051 1533 4104 ταῦτα
1557 4049 1755 4112 εἰπεῖν,

212 4147 420 4215 ἀδελφοὶ,
447 4150 481 4220 ἢ
531 4148 813 4219 θαυμάσαι
857 4148 959 4217 τὴν
987 4142 1400 4216 άπειρομεγέθη
1445 4142 1539 4197 καὶ
1568 4140 1638 4195 τά
1662 4140 1761 4194 ὅλα

216 4239 469 4308 πανσόφως
497 4239 792 4293 διέπουσαν
826 4238 1128 4309 Πρόνοιαν,
1163 4253 1183 4287 ι
1215 4231 1287 4287 Ὦ
1314 4235 1475 4305 βάθος
1504 4232 1758 4294 πλούτου,

214 4326 454 4400 λέγοντας,
490 4331 589 4386 καὶ
619 4331 836 4400 σοφίας,
866 4331 963 4384 καὶ
988 4328 1245 4398 γνώσεως
1275 4326 1446 4380 Θεοῦί
1483 4325 1569 4387 Ὠς
1597 4322 1758 4387 ἀνεξ-

217 4422 444 4495 ιρεύνητα
488 4423 558 4478 τὰ
616 4423 862 4494 κρίματα
893 4419 1083 4487 αὑτοῦ,
1115 4421 1211 4474 καὶ
1257 4416 1656 4488 ἀνεξιχνίαστοι
1703 4417 1759 4468 oti

1860 3229 2130 3299 cipiatur?
2165 3228 2267 3296 Qui
2301 3229 2405 3286 nisi
2447 3230 2539 3293 iis,
2573 3229 2665 3298 qui
2696 3228 2969 3283 immensa
2998 3230 3233 3299 quadam
3265 3231 3443 3302 gratia

1858 3319 2251 3375 affectionibus
2305 3320 2487 3384 vacui,
2540 3320 2607 3374 ad
2644 3335 2772 3373 eum
2821 3320 3005 3374 locum
3044 3330 3440 3390 pervenerunt,

1859 3413 2065 3484 quique
2093 3412 2385 3467 deiformis
2414 3412 2569 3467 illius
2604 3420 2789 3469 status
2822 3413 3040 3469 deliciis
3074 3413 3183 3469 frui
3219 3431 3444 3469 merue-

1858 3513 2008 3572 runt,
2038 3506 2221 3561 animo
2251 3503 2505 3574 conspici
2543 3503 2978 3581 haudquaquam
3005 3507 3206 3575 possit.
3237 3506 3444 3575 Quem-

1857 3597 2156 3653 admodum
2197 3598 2275 3651 ait
2305 3610 2445 3650 avus
2490 3610 2648 3650 meus
2682 3595 2897 3649 Daid:
2935 3613 2955 3647 ι
2998 3595 3057 3650 In
3103 3596 3224 3651 loco
3255 3599 3442 3652 taber-

1850 3686 2031 3742 naculi
2054 3680 2385 3740 admirabilis
2419 3701 2598 3754 usque
2651 3684 2720 3739 ad
2756 3683 2980 3739 domum
3030 3685 3146 3741 Dei.
3199 3685 3258 3740 ln
3308 3703 3443 3743 voce

1858 3777 2246 3835 exsultationis
2274 3785 2329 3831 et.
2368 3775 2742 3831 confessionis
2772 3789 2945 3830 sonus
2972 3776 3321 3845 epulantium
3353 3789 3436 3831 ει.»

1934 3868 2025 3924 Sic
2054 3866 2275 3938 quidem
2304 3864 2398 3921 Dei
2443 3864 2722 3928 Genitrix,
2755 3872 2813 3920 et
2847 3865 3009 3934 cujus
3042 3867 3231 3935 lingua
3254 3867 3443 3921 distil-

1859 3962 1936 4017 lat
1985 3959 2224 4016 dulcedo
2275 3958 2556 4028 spiritus:
2601 3964 2705 4012 ett
2750 3957 2807 4012 in
2860 3955 3022 4023 cujus
3066 3957 3232 4013 labiis
3263 3959 3443 4029 gratia

1860 4054 2062 4110 diffusa
2094 4060 2180 4108 eat
2214 4051 2261 4105 ι).
2298 4071 2317 4103 ι
2347 4050 2460 4105 Nos
2491 4056 2699 4113 autem,
2736 4048 2959 4107 fratres.
2996 4050 3125 4118 quid
3159 4050 3344 4106 dicere
3375 4053 3444 4106 ad

1862 4146 1977 4200 haec
2019 4151 2263 4215 oportet,
2300 4141 2408 4197 nisi
2453 4148 2513 4195 ut
2553 4140 2926 4195 admiratione
2956 4155 3289 4195 veneremur
3335 4139 3447 4194 im-

1862 4246 2114 4310 mensum
2134 4244 2387 4298 magnam
2416 4229 2786 4298 universaque
2817 4228 3233 4298 sapientissime
3251 4229 3443 4298 dispo-

1873 4333 2092 4377 nentem
2113 4319 2771 4391 providentiamdicentes
2798 4337 2852 4373 :t
2875 4317 2921 4374 Ο
2948 4318 3180 4373 altitudo
3209 4319 3431 4374 divitia-

1852 4428 1985 4485 .rum
2029 4411 2322 4481 sapientia:
2344 4416 2401 4464 et
2423 4412 2672 4465 scientiae
2710 4409 2807 4465 Dei
2829 4411 2842 4464 l
2865 4409 3442 4480 quaminscrutabilia

218 4514 303 4569 ὁδοὶ
327 4515 523 4571 αὐτοῦί
563 4534 583 4568 ι
648 4516 744 4569 καὶ
774 4516 874 4570 ὅσα
897 4513 1024 4584 ἑξῆς
1072 4512 1168 4566 τοῦ
1216 4511 1401 4582 λόγου.
1457 4509 1619 4572 Θείας
1648 4507 1756 4578 γὰρ

1868 4510 1994 4560 sunt
2012 4502 2224 4571 judicia
2246 4501 2389 4571 ejus,
2411 4510 2462 4558 et
2496 4502 3035 4573 impervestigabilcs
3065 4502 3165 4558 viae
3187 4502 3309 4572 ejus
3335 4512 3360 4542 ο
3387 4503 3437 4557 ι»

275 4688 465 4746 x.loan.
503 4706 664 4758 xvnt,
719 4692 775 4746 2.
851 4700 882 4740 r
914 4688 1112 4745 Matth.
1172 4704 1323 4756 xxvr,
1362 4684 1449 4742 59.

247 4776 310 4828 ιι,
346 4762 433 4828 55,
495 4761 590 4817 54.

1557 4693 1580 4721 ⁸
1613 4682 1748 4739 ibid.
1784 4682 1879 4739 49.

1980 4691 1999 4712 ·
2030 4680 2173 4737 Psal.
2233 4692 2344 4743 xm,
2374 4676 2428 4741 5,
2487 4675 2541 4730 6.
2617 4679 2647 4719 ιι
2680 4677 2830 4736 Psal.
2870 4693 3017 4742 ιιιν.
3065 4677 3121 4733 5.
3196 4678 3219 4707 °
3271 4675 3439 4736 Rom.

1468 4818 1705 4875 VARUE
1738 4818 1915 4875 LECT
1921 4817 2035 4871 ION
2042 4817 2143 4871 ES.

294 4941 714 5015 κ⁶Ἀκηρύκτῳ,
745 4939 935 5006 tacita,
969 4947 1202 4996 secreta.

1311 4938 1356 4970 ⁸³
1380 4935 1712 5006 κλαυθμῶν,
1743 4937 1925 4991 ﬂetus.

1476 5088 1867 5145 COMBEFISII
1904 5087 2134 5152 NOTAE,

264 5194 359 5266 (75)
399 5191 872 5266 lrrequieta_vo_cc.
920 5187 1240 5266 ’qup'J-mq)
1272 5185 1446 5255 φωνῇ.
1473 5184 1629 5265 Velut
1660 5184 1761 5266 (ln-

209 5252 277 5323 cui
306 5252 617 5332 metaphora
642 5277 671 5314 a
702 5261 868 5320 bello,
915 5252 1446 5332 qttod'_6txij9u>f.vov,
1473 5270 1581 5307 non
1604 5252 1759 5332 indi-

198 5338 352 5403 Flum,
384 5325 747 5400 ac'praaconis
774 5346 906 5384 voce
934 5325 1249 5403 iet-solemni
1284 5327 1391 5379 ritu
1416 5341 1480 5378 ex
1517 5325 1757 5403 gentium

189 5394 307 5461 iure
335 5394 715 5457 denuntiatum
747 5440 762 5467 ,
826 5400 1362 5453 truculentissimum
1416 5412 1555 5467 esse
1599 5394 1758 5467 solet,

188 5476 260 5543 EQ
288 5472 646 5543 implacabile,
702 5464 848 5543 velut
877 5472 941 5543 ad
974 5468 1427 5543 internecionem.
1468 5466 1561 5520 Vel
1594 5464 1758 5518 etiam

174 5526 517 5604 fuyurit'idem
545 5526 710 5610 atque
758 5541 838 5597 τὸ.
873 5538 1179 5610 άλαλῄτως.

268 5614 367 5687 (76)
387 5602 783 5687 Quaaiuq'uain,
818 5610 970 5664 vallis
991 5602 1757 5687 Cla_ttt!t_inonis.‘Retinuimus

171 5673 545 5748 f‘o‘meuillud
581 5673 708 5734 cum
748 5682 1044 5748 interprete
1084 5676 1246 5739 LXX,
1282 5678 1336 5729 in
1385 5673 1566 5748 Juliir.
1609 5688 1665 5731 ll.
1700 5680 1755 5725 et

444 5766 498 5822 γ.
550 5749 747 5822 Posset
786 5725 922 5822 cuni
960 5725 1290 5817 Hieronymo
1342 5746 1479 5822 psal.
1523 5758 1752 5797 nunt.

166 5814 541 5886 i‘eddivl’alh’s
582 5820 759 5890 ﬂetus.
807 5817 925 5875 Non
982 5814 1180 5873 omnes
1202 5816 1576 5880 consentiunt,
1632 5828 1754 5868 esse

1866 5182 2009 5234 hanc
2048 5179 2265 5244 vallem,
2324 5179 2518 5232 vallem
2564 5175 2860 5246 Josaphat,
2922 5190 3027 5244 qua
3064 5175 3131 5230 de
3187 5190 3247 5246 re
3288 5176 3443 5244 plura

1864 5251 2111 5319 disputat
2167 5243 2389 5303 Boufrct
2415 5247 2598 5301 Judic.
2642 5243 2715 5303 n.—
2750 5248 2821 5300 Ue
2852 5243 3141 5319 valleitctn
3179 5243 3447 5319 Jusaphat

1865 5316 2019 5390 plura
2042 5318 2261 5390 Adrich.
2290 5318 2529 5371 Thcatro
2552 5325 2709 5371 terra:
2725 5326 2948 5390 sane-tie.
2972 5316 3259 5390 Quarcsni.
3283 5317 3445 5390 etiam

1867 5383 1998 5444 toni.
2030 5392 2069 5441 ll
2099 5388 2369 5441 I'Ilucidat.
2401 5399 2555 5441 terris
2582 5395 2798 5440 sanctor.
2836 5384 2933 5437 Ubi
2964 5383 3128 5434 etiam
3165 5383 3231 5434 de
3266 5386 3449 5449 supul-

1864 5476 1959 5511 cro
1992 5458 2253 5526 Josaphat
2284 5459 2335 5510 in
2368 5474 2429 5510 ea
2472 5458 2648 5515 valle,
2687 5454 2831 5523 quod
2876 5461 3071 5526 auctor
3110 5451 3196 5503 hic
3235 5467 3449 5526 memq-

1868 5539 1949 5581 rat
1988 5547 2000 5582 :
2034 5546 2097 5583 ac
2128 5520 2270 5581 'hcne
2306 5527 2549 5581 ostendit
2584 5520 2901 5579 non'fuisse
2936 5524 2987 5575 in
3023 5535 3088 5575 eo
3114 5520 3448 5575 tumulatum

1867 5614 2044 5667 regem
2070 5597 2356 5667 Josaphat,
2392 5599 2720 5651 reclamante
2766 5592 3051 5667 Scriptura
3078 5607 3093 5656 ;
3121 5599 3285 5667 atque
3314 5594 3450 5667 adeo

1864 5659 2087 5722 ali'jnnle
2120 5659 2315 5720 nomen
2343 5669 2593 5721 sortitam
2622 5679 2739 5716 eam
2780 5663 2994 5727 vallem,
3026 5676 3190 5730 quam
3226 5659 3293 5730 ab
3325 5661 3449 5727 ejus

1864 5740 2166 5807 Sepultum;
2208 5739 2366 5807 forte,
2409 5738 2476 5789 ab
2523 5734 2754 5787 aedificio
2790 5732 2999 5807 aliquo,
3046 5728 3139 5786 Vel
3174 5744 3204 5784 a
3230 5728 3447 5800 judicio

1862 5805 2007 5879 quod
2051 5810 2163 5862 illic
2194 5809 2243 5860 in
2276 5806 2595 5859 idololatras
2628 5805 2895 5869 οτι-τουπ,
2929 5812 3039 5858 etc.
