3820 6316
129 404 265 484 1055

1169 408 1250 468 IN
1293 392 1843 468 DORMITIONEM
1886 409 1948 467 s.
1990 393 2278 465 imum.
2319 406 2370 464 Ι.

3268 404 3402 465 1οΕ6

141 521 512 593 περικείμενον
544 520 771 592 κόσμον.
798 511 932 573 Ὕπδ
967 517 1158 573 τοῦτον
1196 519 1287 573 τὸν
1326 518 1612 590 ὑπερφερῆ
1650 535 1709 570 τε

1838 524 2022 570 :urret.
2060 513 2178 570 Sub
2201 527 2266 569 ea
2296 510 2634 582 prmcellettti
2663 519 2936 580 sacraque
2961 510 3146 576 dumo,
3185 518 3240 566 tu
3270 514 3396 569 mihi

145 613 230 670 ταὶ
269 610 608 681 ίερότευκτον
645 606 816 675 οἷκον,
855 610 1194 680 κατανόησον
1237 608 1330 662 τὸν
1373 608 1712 679 νυμφοδόχον

153 704 234 759 καὶ
268 701 590 778 παρθενικδν
623 702 722 772 τῆς
756 701 1018 754 Θεοτόκου
1059 700 1248 770 σηκόν.
1285 699 1624 770 Περίὸλεψαι
1657 698 1711 751 δὲ

146 800 248 858 τοῖς
275 795 365 864 τῆς
399 793 638 857 πίστεως
668 792 882 863 ὄμμασι
930 792 1039 844 τῶν
1073 791 1456 862 ίερογράπτων
1485 788 1714 860 τῆς,βα-

145 888 328 948 σιλίδος
362 885 541 956 μελῶν
577 885 680 956 τὴν
716 884 1059 955 κατάκλισιν.
1090 885 1194 938 Ἤν
1233 883 1335 935 οὐκ
1371 883 1452 945 είς
1497 879 1713 952 μακρὰν

141 980 239 1049 τῆς
269 977 516 1048 κηδείας,
557 976 884 1045 μεταθέντος
917 977 1087 1046 αὐτῆς
1122 975 1218 1028 τοῦ
1258 974 1406 1044 ἱεροῦ
1447 974 1710 1045 σκήνους,

133 1075 195 1126 αἱ
221 1069 332 1124 κατ’
347 1069 518 1138 αὐτῆς
548 1067 920 1123 κοιλανθετσαι
948 1069 1048 1137 τῆς
1079 1067 1286 1137 πέτρας
1313 1066 1711 1135 ὑπογλυφίδες,

127 1160 563 1233 ἀῃιροτεύκτως
601 1157 1036 1212 ὲνετυπώσαντο.
1079 1159 1348 1229 Εὑρήσεις
1387 1157 1578 1211 αὐτόθι
1620 1160 1714 1211 καὶ

119 1259 231 1322 τὴν
260 1253 677 1324 καταντήσασαν
703 1253 988 1324 χρησίμως
1015 1252 1123 1305 τῶν
1151 1252 1498 1324 ίερομυστῶν
1525 1250 1712 1322 ἄθροι-

117 1365 249 1409 σιν,
277 1350 343 1417 τῇ
387 1345 532 1400 κατὰ
572 1346 697 1399 νοῦν
734 1345 936 1416 θεωρία
981 1346 1262 1416 μυστικῶς
1302 1345 1672 1416 ἐρευνώμενος
1696 1359 1709 1372 ·

117 1440 498 1509 συμπαρεῖναι
530 1437 641 1508 γὰρ
674 1438 794 1490 τότε
831 1441 994 1508 φησιν
1026 1441 1054 1492 ό
1091 1439 1440 1510 ἱεροφάντης,
1475 1438 1596 1491 κατ’
1621 1435 1712 1489 εὑ-

111 1532 317 1587 δοκξαν
353 1531 660 1600 ἄφραστον,
705 1531 804 1583 οὐκ
851 1531 1238 1602 εὐαριθμήτων
1278 1531 1578 1603 ίεροφόρων
1617 1532 1714 1586 ἁν-

111 1622 279 1692 δῃῶν
301 1621 536 1692 ἄγυρμα.
565 1620 652 1683 Ὧς
681 1619 746 1673 ἂν
768 1615 859 1674 οὖν
883 1621 984 1690 τῆς
1008 1620 1248 1682 διανοίας
1273 1621 1382 1672 τῶν
1408 1619 1715 1690 εἰρημένων

111 1711 422 1781 ᾱςώμεθα,
457 1711 592 1781 φέρε
627 1713 694 1782 τῇ
735 1712 1096 1783 μυσταγωγίᾳ
1129 1710 1224 1764 τοῦ
1259 1712 1404 1764 θείου
1438 1727 1714 1781 χειραγω-

109 1825 162 1874 γ
185 1802 384 1872 οὐμενοι
410 1801 726 1871 Πνεῦματος
746 1843 759 1865 ,
787 1802 1134 1873 συλλήπτορα
1155 1801 1250 1855 τοῦ
1273 1800 1433 1876 λόγου
1457 1801 1552 1872 τὴν
1594 1803 1717 1873 Μη-

1820 607 1969 677 Quod
2005 622 2267 678 Sponsam
2298 605 2530 677 recepit,
2568 618 2632 658 ac
2669 603 2938 673 virginale
2969 602 3063 658 Dei
3097 604 3404 663 Genitrieis

1821 700 2113 755 considera
2149 700 2393 770 adytum.
2419 697 2796 767 Circumspice
2836 712 2965 753 vero
3006 697 3130 753 lidei
3176 698 3405 756 lumini-

1821 790 1925 846 bus
1983 790 2308 846 decubantis
2353 791 2557 861 reginae
2603 791 2823 860 depicta
2876 791 3122 846 membra
3155 792 3332 862 (brevi
3375 810 3406 849 a

1825 882 2021 941 funere
2045 898 2210 940 sacro
2239 885 2364 956 ejus
2393 887 2666 942 translato
2689 887 3073 959 tabernaculo)
3103 888 3253 944 nulla
3287 897 3408 944 ma-

1823 989 1994 1030 nuum
2028 991 2198 1045 opera
2233 988 2464 1032 cavante
2498 979 2642 1045 ipsa,
2693 979 2975 1032 eaelaturis
3013 990 3186 1048 petra:
3223 979 3408 1035 defor-

1823 1077 1990 1120 mata.
2027 1066 2328 1123 Sacrorum
2364 1069 2496 1124 item
2519 1069 2817 1126 ductorum
2849 1080 3058 1126 cretum
3097 1081 3410 1142 opportune

1819 1169 2208 1214 occurrentem
2279 1161 2481 1217 mentis
2546 1163 3016 1233 contemplatione
3083 1165 3411 1234 spiritaliter

1824 1256 2132 1313 scrutatus,
2167 1249 2280 1304 illic
2311 1251 2416 1306 luci
2454 1251 2756 1309 inveneris.
2813 1254 2908 1309 Ait
2959 1255 3105 1309 enim
3139 1271 3298 1311 sacer
3327 1258 3411 1311 itt-

1822 1345 2066 1408 terpres.
2100 1339 2366 1394 inclfabili
2403 1340 2495 1396 Dei
2545 1341 2895 1412 beneplacito
2942 1359 3006 1399 ac
3039 1344 3407 1412 providentia,

1821 1444 2176 1486 numerosam
2203 1430 2314 1486 Deo
2348 1433 2655 1487 alllatorum
2694 1434 2938 1488 virorum
2974 1435 3406 1501 multitudinem,

1819 1535 1934 1576 una
1991 1531 2128 1579 tunc
2163 1523 2434 1581 adfuisse.
2495 1525 2564 1582 Ut
2618 1525 2788 1600 igitur
2845 1540 3073 1582 sensum
3129 1527 3409 1581 dictorutn

1825 1614 2340 1684 apprehendamus,
2383 1619 2559 1688 'age,
2631 1619 2878 1674 ductrice
2931 1619 3105 1673 divim
3168 1620 3426 1690 Spiritus'

1823 1705 2080 1761 doctrina
2135 1722 2333 1774 sacra,
2386 1709 2676 1766 Sermonis
2735 1709 2995 1779 Matrem,
3032 1713 3280 1768 sermoni
3315 1727 3413 1780 pa-

1823 1806 2042 1852 tronam
2069 1807 2122 1854 et
2146 1799 2479 1871 adjutricem
2513 1802 2877 1860 asciscamus.
2905 1801 3076 1859 Plane
3131 1805 3278 1860 enim
3314 1806 3416 1860 ad-

111 1921 152 1954 τ
185 1899 278 1967 έρα
299 1895 384 1949 τοῦ
408 1896 583 1964 Λόγου
613 1895 919 1966 ποιώμεθα,
952 1896 1229 1966 Παρέσται
1259 1894 1369 1966 γὰρ
1400 1895 1720 1964 ἀγαθοδότις

1838 1888 1935 1941 erit
1973 1889 2131 1942 velut
2177 1889 2304 1944 boni
2339 1891 2619 1962 largitrix,
2653 1907 2719 1947 ac
2743 1909 2908 1963 supra
2954 1910 3120 1964 quam
3174 1897 3416 1966 petimus

131 1984 300 2053 οὖσα,
337 1987 618 2052 διδάξουσᾶ
664 2004 724 2040 τε
770 1988 864 2040 καὶ
914 1987 1237 2040 συνετιοῦσα
1280 1987 1466 2052 πλέον,
1511 1988 1547 2058 ἣ
1592 1988 1718 2040 ὅσον

153 2086 302 2150 ἡμεῖς
335 2079 767 2152 παραιτούμεθα.
798 2079 959 2134 Ἀλλά
996 2097 1088 2150 μοι
1127 2080 1223 2132 καὶ
1261 2079 1422 2144 αὐτὸς
1460 2079 1716 2151 παρείης,

157 2173 420 2242 ﬂuenta,
459 2170 640 2241 μύστα
677 2173 772 2224 καὶ
805 2169 981 2242 θεωρὲ
1016 2169 1132 2222 τῶν
1163 2168 1446 2241 ἀλήπτων,
1486 2172 1580 2224 καὶ
1619 2173 1718 2242 τῆς

161 2265 345 2334 σκηνῆς
371 2265 464 2334 τῆς
494 2264 755 2334 ἀληθινῆς
786 2262 1057 2334 ίεροθύτα,
1088 2265 1184 2319 καὶ
1209 2267 1321 2328 τοῖς
1349 2264 1460 2325 σοῖς
1489 2263 1718 2334 ἐμφιλο-

159 2361 334 2428 χωρείν
365 2356 596 2410 ἐθέλοντι
631 2355 972 2427 χειραγωγὸς
1008 2355 1156 2427 εἴης,
1192 2357 1288 2410 καὶ
1325 2356 1462 2428 πρὸς
1493 2356 1592 2426 τὴν
1623 2354 1718 2408 τοῦ

157 2451 464 2521 ζητουμένου
506 2449 742 2520 δύναμιν
774 2448 1032 2512 ἀπλανῶς
1074 2449 1436 2520 καθοδηγοίης
1479 2465 1579 2519 μου
1620 2447 1720 2518 τὴν

157 2540 374 2594 διάνοιαν
397 2544 462 2612 τῇ
489 2541 730 2611 ὲποπτία
764 2541 865 2612 τῆς
903 2539 1173 2611 μυστικῆς
1211 2539 1574 2610 ἀντιλήψεως.
1601 2537 1720 2589 Δεί-

160 2649 303 2684 κνυσι
320 2633 492 2685 τοίνυν
524 2633 615 2685 διὰ
635 2632 743 2685 τῶν
762 2631 957 2685 ἑαυτοῦ
980 2632 1156 2700 λόγων
1189 2633 1320 2702 ἡμῖν
1348 2633 1376 2684 ὁ
1410 2628 1717 2693 θεσπέσιος,

157 2725 232 2788 ὡς
256 2729 388 2790 ἄπας
417 2727 600 2796 σχεδὸν
629 2725 735 2779 τῶν
767 2727 927 2798 ἱερῶν
955 2725 1274 2779 ἀποστόλων
1298 2727 1326 2779 ό
1353 2723 1560 2789 θίασος,
1588 2723 1721 2794 περὶ

154 2818 218 2868 τὸ
243 2817 424 2869 σεπτὸν
457 2819 636 2870 ἐκεῖνο
671 2822 765 2870 καὶ
802 2817 946 2888 μέγα
977 2817 1075 2888 τῆς
1109 2815 1454 2886 Θεομήτορος
1488 2814 1720 2886 συνετή-

153 2925 307 2975 γερτο
344 2908 587 2980 θέατρον,
624 2912 716 2964 καὶ
753 2911 877 2972 τοὺς
919 2910 1024 2962 ἀνὰ
1062 2911 1244 2962 πᾶσαν
1281 2905 1721 2979 διεσπαρμένους

153 3002 244 3071 τὴν
269 3005 368 3073 γῆν
398 3003 675 3074 μαθητὰς,
709 3001 825 3074 ἅμα
855 3003 979 3055 τότε
1015 3002 1494 3073 συνειλεγμένους,
1530 2995 1606 3056 ὧν
1640 2995 1720 3064 εἷς

152 3090 222 3164 ἦν
254 3099 339 3150 καὶ
372 3098 529 3160 αὐτὸς
565 3098 662 3151 συν
699 3096 948 3168 Τιμοθέῳ
983 3098 1076 3150 καὶ
1107 3096 1497 3168 Ίεροθέῳιτοίς
1533 3095 1720 3150 θεοπό-

157 3204 291 3256 φοις.
319 3208 337 3240 ι
373 3189 559 3242 Ἦνίκα
590 3189 729 3259 γὰρ,
761 3189 924 3260 φησὶ,
955 3188 1049 3240 καὶ
1077 3189 1268 3260 ἡμεῖς,
1299 3188 1374 3252 ὡς
1405 3184 1594 3250 οἶσθα,
1626 3189 1720 3241 καὶ

159 3282 327 3348 αὐτὸς,
355 3284 443 3335 καὶ
474 3282 658 3336 πολλοὶ
688 3281 796 3334 τῶν
828 3282 991 3352 ἱερῶν
1017 3284 1051 3352 ἡ
1061 3281 1179 3352 μῶν
1205 3281 1472 3350 ἀδελφῶν,
1493 3283 1597 3334 ἐπὶ
1622 3282 1720 3350 τὴν

159 3374 282 3428 θέαν
300 3377 385 3429 τοῦ
411 3375 716 3447 ζωαρχικοῦ
745 3375 839 3428 καὶ
867 3374 1122 3444 θεοδόχου
1148 3374 1402 3444 σώματος
1429 3373 1722 3444 συνεληλύ-

162 3465 338 3537 θαμεν.
371 3487 388 3519 ι
419 3467 734 3540 Ζωαρχικὸν
759 3467 816 3520 δὲ
848 3466 1009 3537 σῶμα
1032 3465 1226 3520 οὐδ’ἂν
1252 3466 1380 3518 ἄλλο
1406 3468 1719 3536 νοήσοιμεν,

161 3560 289 3631 πλὴν
316 3561 403 3614 τοῦ
443 3561 690 3632 θεοδόχω
734 3561 830 3614 καὶ
875 3559 1206 3630 παρθενικοῦ
1253 3561 1514 3630 σκήνους,
1559 3560 1617 3626 ἐξ
1659 3554 1722 3613 οὗ

164 3654 325 3706 καὶτὸ
352 3654 684 3725 πρόσλημμα
710 3651 920 3716 θεὼσας
949 3653 977 3704 ὁ
1005 3651 1359 3722 ὑπερούσιος,
1394 3654 1488 3704 καὶ
1517 3653 1596 3724 εἰς
1626 3653 1720 3704 οὐ·

165 3745 274 3799 σίαν
294 3747 498 3818 ἀληθῶς
524 3745 698 3800 ἐλθὼν
715 3785 730 3809 ,
757 3747 896 3816 ὑπὲρ
921 3745 1111 3799 οὐσίαν
1135 3743 1396 3814 οὑσιώθη.
1423 3745 1497 3796 Οὐ
1527 3745 1636 3813 γὰρ
1660 3743 1721 3796 τὸ

163 3840 464 3894 Δεσποτικόν
482 3857 495 3870 ο
522 3841 606 3894 ὅτι
637 3840 712 3910 μὴ
741 3839 846 3910 πρὸ
868 3837 963 3892 τοῦ
996 3839 1199 3902 πάθους
1228 3838 1480 3908 παρῆσαν
1504 3839 1552 3890 οἱ
1586 3836 1725 3907 μετὰ

162 3931 224 3982 τὸ
245 3934 396 3997 πάθος
422 3931 834 3996 πιστεύσαντες.
867 3951 885 3984 ι
915 3932 1262 4004 Θεολήπτους
1292 3932 1350 3985 δὲ
1380 3933 1662 4004 ίερὰρχας,
1699 3951 1718 3983 ι

162 4025 272 4084 τοὺς
295 4026 558 4090 θιασώτας
585 4023 739 4095 οἶμαι
762 4025 872 4079 τῶν
894 4024 1176 4095 μαθητῶν,
1201 4025 1276 4089 ὡς
1302 4024 1602 4098 προέδρους
1628 4023 1722 4076 τοῦ

163 4115 323 4184 λόγου,
372 4121 556 4189 σαφῶς
585 4119 820 4173 ἐνταῦθα
868 4119 1194 4190 παραδηλοῖ.
1247 4120 1358 4172 Καὶ
1407 4117 1724 4189 θαυμαστὸν

161 4207 325 4276 οὐδὲν,
353 4214 398 4264 εί
430 4212 491 4264 τὸ
525 4211 731 4281 ὲξᾶραν
765 4209 954 4263 Ἦλίαν
986 4209 1206 4280 πνεῦμά
1240 4226 1370 4263 ποτε
1392 4249 1406 4272 ,
1439 4210 1532 4262 καὶ
1563 4209 1723 4279 διφρο

166 4299 337 4374 ελάτην
358 4303 587 4376 οὐρανοῦ
616 4303 899 4374 πυρφόρον
929 4302 1196 4356 ἀναλαϐὸν
1221 4304 1367 4373 ἄρτι,
1393 4304 1512 4356 τότε
1541 4302 1728 4357 κάκεί-

115 4430 134 4466 l...
167 4406 272 4455 νους
305 4393 561 4464 ἐξαπίνης
604 4394 882 4464 συνήγαγε
925 4393 1014 4448 διὰ
1057 4393 1287 4466 νεφέλης
1328 4396 1385 4447 έν
1427 4394 1724 4466 πνεύματι.

178 4479 351 4556 Ῥᾷστα
375 4489 481 4558 γὰρ
514 4487 692 4540 πάντα
719 4486 857 4558 Θεῷ,
884 4485 1064 4549 καθὼς
1093 4487 1150 4541 ὲν
1171 4486 1250 4558 τῷ
1276 4488 1330 4540 Ἀ
1343 4486 1602 4559 μὸακοὺμ
1631 4489 1726 4542 καὶ

163 4575 229 4645 τῷ
257 4583 445 4653 Δανιὴλ
479 4582 747 4651 ἔγνωμεν.

1821 1980 2064 2038 docebit.
2105 1982 2210 2037 Sed
2243 1991 2298 2038 et
2337 1983 2453 2052 ipse
2495 1985 2770 2055 interpres
2803 2001 2981 2053 sacer,
3022 1987 3327 2060 ductorque
3359 2001 3416 2046 et

1822 2083 2107 2144 spectator
2152 2087 2339 2128 rerum
2375 2076 2878 2145 comprehensione
2905 2079 3186 2154 majorum
3209 2121 3226 2146 ,
3264 2082 3413 2135 veri‘

1822 2179 1930 2233 que
1980 2164 2329 2220 tabernaculi
2385 2167 2675 2233 sacerdos,
2726 2168 2862 2222 mihi
2913 2169 3089 2235 adsis,
3140 2185 3242 2226 nec
3302 2172 3414 2225 tuls

1821 2255 2063 2312 libenter
2093 2257 2436 2324 immoranti,
2474 2272 2576 2313 ceu
2620 2271 2790 2314 manu
2824 2260 3116 2316 ductorem
3152 2269 3264 2318 tete
3311 2263 3413 2317 ab-

1823 2348 2034 2414 nueris,
2093 2359 2450 2420 mentemque
2500 2360 2795 2419 meam_ut
2851 2351 2961 2407 vim
3023 2354 3238 2424 quaasiti
3292 2354 3416 2410 sine

1823 2453 2024 2495 errore
2058 2441 2427 2512 perspexerit,
2469 2441 2818 2512 inspectione
2841 2458 2906 2498 ac
2943 2445 3114 2501 tutela
3144 2445 3414 2516 spiritalis

1822 2532 2013 2586 auxilii
2047 2533 2343 2589 direxeris.
2389 2533 2681 2606 Significat
2724 2536 2919 2607 itaque
2958 2537 3140 2593 verbis
3177 2541 3296 2596 suis
3325 2541 3415 2594 vir

1823 2624 2200 2693 admirabilis,
2268 2635 2450 2683 totum
2507 2628 2626 2685 fere
2689 2630 3070 2700 apostolorum
3127 2643 3422 2691 sacratum.

1823 2719 2080 2787 chorum,
2108 2721 2177 2776 ad
2207 2725 2524 2780 venerabile
2553 2725 2693 2780 illud
2729 2741 3104 2800 magnumque
3148 2728 3244 2786 Dei
3295 2728 3422 2798 Ma:

1823 2809 1928 2866 tris
1953 2819 2212 2866 coactum
2254 2816 2662 2884 spectaculum,
2705 2817 3128 2890 discipulosque
3164 2837 3263 2890 per
3288 2823 3417 2876 uni-

1825 2918 2042 2959 versam
2074 2911 2281 2960 terram
2315 2907 2624 2975 dispersos,
2657 2925 2768 2964 una
2799 2921 2928 2965 tunc
2955 2911 3133 2968 fuisse
3175 2929 3415 2985 congre-

1821 3011 2000 3073 gatus.
2055 3001 2128 3058 De
2182 3018 2421 3073 quorum
2479 3004 2596 3074 ipse
2641 3017 2874 3058 numero
2907 3003 3032 3069 fuit,
3067 3019 3192 3061 cum
3225 3006 3415 3063 divine

1823 3095 2166 3164 sapientibus
2199 3093 2495 3149 Timotheo
2528 3101 2696 3164 atque
2744 3094 3046 3151 Hierotheo
3075 3113 3089 3150 :
3126 3115 3146 3148 ι
3187 3099 3323 3152 Cum
3358 3107 3415 3154 et

1748 3231 1794 3293 ε
1825 3204 1946 3253 nos,
1981 3189 2180 3259 inquit,
2220 3199 2277 3242 ut
2309 3189 2497 3251 nosti,
2530 3198 2585 3243 et
2628 3198 2684 3243 tu
2709 3229 2724 3252 ,
2774 3201 2827 3244 et
2873 3191 3031 3245 multi
3082 3207 3148 3247 ex
3199 3193 3415 3249 sanctis

1829 3281 2094 3336 fratribus
2128 3282 2365 3344 nostris,
2397 3279 2462 3334 ad
2490 3296 2695 3350 corpus
2747 3283 2893 3352 quod
2919 3284 3046 3338 vitae
3077 3286 3413 3356 principium

1827 3361 2097 3439 dedisset,
2142 3373 2427 3444 Deumque
2452 3377 2818 3445 suscepisset,
2860 3378 3243 3433 contuendum
3279 3396 3417 3436 con-

1826 3467 2191 3522 venissemus.
2228 3483 2247 3516 ι
2280 3463 2554 3520 Caeterum
2604 3466 2820 3520 nullum
2882 3465 3033 3521 aliud
3086 3470 3420 3536 cogitaveri-

1827 3576 1949 3613 mus
1981 3559 2192 3628 dictnm
2235 3559 2594 3613 zoarchicum
2618 3572 2846 3630 corpus,
2881 3569 3082 3630 praater
3111 3563 3243 3618 illud
3267 3564 3417 3634 quod

1826 3656 1994 3707 vitam
2020 3652 2310 3718 edidisset,
2331 3667 2398 3706 ac
2420 3652 2693 3722 virginale
2723 3654 3184 3723 tabernaculum;
3213 3673 3278 3710 ex
3305 3673 3418 3727 quo

1825 3744 1992 3798 ctiam
2028 3751 2371 3812 assumptam
2404 3758 2652 3808 carnem,
2679 3743 2726 3798 is
2758 3745 2855 3813 qui
2887 3745 3068 3814 major
3099 3748 3417 3805 substantia

1825 3844 1931 3902 est,
1967 3835 2259 3890 divinitate
2313 3835 2584 3900 donavit,
2624 3843 2854 3906 totaque
2901 3839 3137 3894 veritate
3182 3842 3248 3896 ad
3286 3844 3420 3898 sub-

1827 3932 2086 3986 stantiam
2115 3928 2346 3984 veniens
2368 3968 2382 3993 ,
2412 3929 2598 3983 altiori
2633 3942 2804 3999 snpra
2836 3933 3211 3987 substantiam
3251 3936 3418 3991 modo

1825 4021 2194 4078 substantiam
2239 4021 2442 4076 induit.
2500 4020 2622 4075 Non
2681 4022 2828 4076 enim
2881 4022 3157 4092 ejusmodi
3215 4042 3419 4098 corpus

1828 4113 1963 4168 illud
2004 4113 2356 4168 Dominicum
2396 4112 2586 4168 fuerit.
2611 4114 2750 4167 Nam
2784 4127 2894 4168 nun
2927 4113 3240 4172 adfuissent
3289 4128 3419 4174 ante

1827 4205 2184 4278 passionem.
2252 4205 2347 4275 qui
2415 4213 2542 4276 post
2627 4205 2945 4274 passionem
3019 4209 3414 4266 credidissent.

1833 4322 1852 4353 ι
1907 4301 2019 4356 Deo
2050 4308 2234 4355 autem
2275 4297 2492 4354 amatos
2533 4311 2825 4354 sacrorum
2886 4300 3210 4366 antistites,
3262 4323 3280 4354 ι
3321 4319 3416 4359 eos

1827 4404 1964 4466 puto
2023 4394 2174 4449 clare
2222 4393 2332 4448 huc
2387 4395 2510 4448 loco
2579 4393 2951 4464 significatus,
3002 4396 3098 4465 qui
3151 4406 3340 4453 essent
3387 4414 3420 4454 e

1827 4486 2228 4557 discipulorum
2263 4485 2458 4552 choro,
2492 4493 2754 4556 tanquam
2787 4488 2937 4543 verbi
2977 4488 3284 4558 praefectos.
3305 4491 3418 4547 Nec

1761 4583 1802 4636 D
1827 4582 2132 4652 quidquam
2174 4578 2404 4643 mirum,
2441 4587 2502 4633 ut
2534 4577 2778 4648 Spiritus
2803 4581 2897 4650 qui
2931 4581 3213 4650 quondam
3260 4593 3420 4638 extu-

117 4649 299 4744 fh'ssct
327 4649 911 4745 Eli’am,aurigamque
955 4674 1079 4729 cceli
1135 4673 1434 4744 igniferum
1496 4677 1920 4747 assumpsisset,
1957 4690 2054 4730 eos
2086 4674 2252 4727 etiam
2281 4687 2378 4740 per
2409 4671 2610 4724 nubem
2641 4671 2695 4725 in
2763 4674 2960 4744 spiritu
3029 4675 3082 4728 id
3155 4679 3419 4746 temporis

85 4747 418 4821 {momento
484 4769 931 4842 congregaverit.
983 4765 1119 4822 Nam
1189 4776 1320 4822 sunt
1369 4768 1554 4822 oinnia
1611 4767 1720 4823 Deo
1793 4768 1998 4831 facilia,
2063 4761 2531 4835 quemadmodum
2608 4761 2664 4814 ln
2729 4759 2990 4818 llabacuc
3049 4773 3103 4819 et
3195 4764 3420 4832 Danielo
3519 4831 3524 4836 ,

156 4870 220 4909 no
235 4863 394 4919 vimus
439 4860 513 4924 ί..

227 4955 443 5019 Τούτους
483 4957 539 5010 δὲ
581 4957 739 5020 ὅσους
781 4957 846 5010 ἂν
889 4958 990 5010 οἴει
1026 4955 1170 5022 τότε,
1213 4955 1490 5026 ἀγαπητὲ,
1534 4955 1730 5020 ἄλλους

174 5043 361 5106 ἄλλοθεν
399 5053 636 5114 ὀπαδοὺς
684 5051 872 5104 αὐτόθι
918 5051 1373 5120 συνενεχθένταςς
1419 5049 1580 5104 τοῦτο
1621 5051 1728 5123 γὰρ

171 5135 296 5206 δηλοῖ
323 5145 409 5198 τό·
455 5164 473 5197 ι
518 5142 630 5198 Καὶ
666 5143 850 5196 πολλοὶ
884 5141 992 5196 τῶν
1025 5142 1187 5212 ἱερῶν
1217 5143 1374 5214 ήμῶν
1405 5141 1670 5212 ἀδελφῶν.
1705 5164 1723 5196 ι

185 5222 256 5290 Ὧς
277 5234 428 5304 δῆλον
457 5230 595 5288 εῖναι
625 5231 759 5302 μηδὲ
790 5232 898 5286 τῶν
925 5231 1154 5294 ἑπτάκις
1170 5233 1335 5308 δέκα,
1363 5233 1472 5286 τῶν
1499 5233 1727 5303 ὕστερον

169 5315 602 5395 ἀναδεδειγμένων
641 5323 882 5396 Χριστοῦ
914 5323 1213 5394 μαθητῶν,
1255 5323 1624 5396 ἠμοιρηκέναι
1665 5324 1727 5376 τὸ

171 5403 422 5470 θεόλεκτον
458 5419 634 5470 ἐκεῖνο
678 5414 973 5487 συνέδριον.
1016 5415 1255 5478 Εὶκότως
1300 5415 1408 5486 γὰρ
1448 5415 1574 5480 τοὺς
1624 5415 1723 5485 μὲν

162 5492 226 5556 ὡς
259 5509 645 5579 πρωτουργοὺς
687 5505 782 5559 τοῦ
826 5507 1130 5578 μυστηρίου
1169 5507 1264 5560 καὶ
1303 5507 1721 5578 φιλοθεάμονας,

159 5579 316 5660 ὲνίθυς
349 5597 405 5650 δὲ
441 5599 531 5650 καὶ⁸
567 5597 898 5667 μετάὺτους
937 5597 1120 5661 εὐθὺς,
1148 5595 1224 5660 ὡς
1258 5598 1326 5652 τὰ
1359 5597 1591 5668 δεύτερα
1626 5599 1725 5669 τῆς

159 5671 421 5756 θεολογίας
461 5689 756 5760 φέροντας,
803 5686 1080 5757 Πνεύματι
1125 5686 1255 5759 θείῳ
1299 5685 1728 5750 συνελασθέντας

201 5853 226 5894 ί
285 5865 421 5920 Dan.
452 5882 564 5928 xw,
595 5865 666 5925 25
725 5882 882 5936 Seqq.

468 5964 730 6026 i‘a'ruoc.
763 5965 879 6026 Gn.
923 5962 1174 6026 XCVII.

1901 4949 1982 5003 Tu
2015 4963 2167 5010 vero,
2219 4946 2448 5010 dilecte,
2495 4955 2663 5015 quam
2715 4945 2920 5001 multus
2963 4954 3129 5017 putas
3179 4966 3244 5006 ex
3295 4954 3418 5008 aliis

1829 5041 2083 5114 partibus
2119 5039 2234 5093 illic
2261 5037 2530 5092 societate
2573 5038 2944 5107 congressus?
2972 5039 3026 5094 Id
3061 5043 3208 5096 enim
3244 5045 3420 5112 signi-

1829 5131 2125 5202 licatqqu
2183 5130 2300 5183 ait:
2356 5146 2375 5181 ι
2419 5126 2486 5183 Et
2545 5129 2704 5184 multi
2752 5144 2823 5184 ex
2880 5133 3092 5188 sanctis
3151 5133 3420 5193 fratribus

1829 5227 2056 5283 nostris.
2090 5241 2108 5277 ι
2146 5221 2216 5278 Ut
2247 5223 2426 5293 palam
2473 5222 2545 5277 sit
2591 5237 2769 5292 neque
2806 5225 3158 5295 septuaginta
3195 5236 3418 5295 postre-
3505 5219 3507 5223 ’

1828 5339 1977 5379 mum
2045 5331 2265 5378 creatos
2306 5316 2516 5375 Christi
2571 5318 2877 5388 discipulus
2945 5318 3188 5374 defuisse
3239 5321 3420 5376 electo

1833 5419 1910 5472 illi
1947 5435 1975 5471 a
2007 5415 2120 5472 Deo
2145 5412 2316 5469 cmtui
2351 5420 2518 5482 atque
2549 5410 2811 5466 concilio.
2843 5409 2951 5465 Par
2994 5411 3138 5465 enim
3181 5421 3300 5467 erat
3360 5422 3422 5469 ut

1833 5515 1951 5562 tum
1983 5506 2082 5570 illi,
2115 5505 2264 5559 velut
2307 5503 2402 5574 qui
2452 5501 2705 5574 primarii
2739 5501 2792 5555 in
2840 5501 3100 5572 mysterio
3132 5511 3321 5558 essent
3355 5519 3420 5557 ac

1837 5598 2145 5669 spectaculi
2199 5605 2471 5662 amantes,
2526 5603 2642 5649 tum
2719 5592 2810 5646 alii
2868 5601 2991 5662 post
3034 5608 3130 5649 eos
3191 5593 3418 5666 quidam

1835 5690 2029 5762 eisque
2059 5687 2321 5760 proximi,
2357 5693 2415 5741 ut
2444 5685 2539 5757 qui
2584 5686 2864 5742 secundas
2905 5685 2960 5739 in
3001 5686 3276 5755 theologia
3309 5684 3422 5744 fer-

2992 5948 3064 6011 34
