3820 6316
72 373 193 446 1377

1095 392 1175 451 IN
1213 387 1753 451 DORMITIONEM
1795 388 1857 449 S.
1896 386 2184 446 MARI/E.
2213 384 2300 447 II.

3184 374 3325 447 1078

83 488 264 563 ξωμεν,
284 494 379 547 τοῦ
413 494 566 565 ἡλίου
598 495 697 561 τὰς
730 498 1082 569 λαμπηδόνας
1116 500 1536 573 ῦπερπηδοῦσαν
1564 499 1643 571 τῷ

1761 498 1939 564 liceat,
1970 506 2064 552 aut
2097 507 2247 554 certe
2281 495 2367 581 vel
2402 493 2679 551 modicum
2724 506 2942 564 capere,
3000 500 3165 564 alque
3212 493 3327 549 haec

87 584 250 639 κάλλει
281 585 383 655 τῆς
411 586 666 654 ἀγλαΐας.
702 588 969 644 Ἐνταῦθα
992 588 1049 644 δὲ
1092 589 1187 644 τοῦ
1219 590 1380 660 λόγου
1415 590 1642 660 γενόμε-

89 692 179 742 νος,
214 676 375 730 καλὺν
416 673 574 748 οἶμαι
627 681 896 753 πρότερον
946 682 1119 746 ἐνίους
1169 682 1281 737 τῶν
1337 682 1465 754 τῇδε
1512 674 1645 752 πρὸ·

90 768 494 839 ασςραλίσασθαι,
526 769 605 834 ὼς
634 770 703 824 ἂν
727 771 802 844 μὴ
825 773 987 844 τυχὸν
1014 773 1282 840 ἀνίπτοις,
1304 773 1368 827 τὸ
1396 772 1460 846 δὴ
1486 771 1646 843 λεγό-

92 873 253 926 μενον,
277 859 585 931 ῆάνάγνοις
612 864 740 916 ποσὶ
769 867 881 928 τοῖς
908 865 1086 934 ἁγίοις
1105 866 1546 937 προσϐάλλοιμεν
1576 865 1642 897 ⁸³·

89 948 158 1003 ὅτι
178 953 246 1023 μὴ
272 954 437 1006 πᾶσιν
467 953 667 1024 ἐπίσης
703 954 974 1027 είσιτητδς
1010 957 1045 1029 ἢ
1085 957 1246 1028 βατὸς
1277 959 1306 1012 ὁ
1340 956 1449 1011 τῶν
1478 957 1650 1027 ἁγίων

94 1044 244 1116 χῶρος
274 1059 289 1074 ⁸
323 1044 466 1117 πλὴν
505 1049 619 1111 τοῖς
640 1046 730 1101 διὰ
766 1048 1115 1121 καθαρότητα
1162 1048 1256 1105 νοῦ
1300 1048 1408 1104 τῶν
1451 1047 1651 1103 ὑλικῶν

102 1136 287 1191 πάντων
310 1135 717 1207 ὐπεραναϐᾶσι,
746 1140 842 1193 καὶ
867 1140 1047 1195 πάντα
1085 1141 1389 1212 περάσασιν
1418 1140 1519 1195 ὅσα
1546 1140 1655 1198 ὑπὸ

28 1222 33 1223 ί
97 1232 172 1300 τὴν
196 1228 468 1301 αίσθησιν·
497 1227 581 1296 οἷς
610 1232 676 1287 διν
706 1232 941 1304 μάλιστα
970 1234 1063 1288 καὶ
1090 1235 1124 1305 ἠ
1150 1234 1536 1306 παναγεστάτη
1556 1233 1653 1288 τοῦ

96 1319 208 1373 Θεοῦ
239 1318 411 1391 σκηνὴ
449 1320 548 1384 τὰς
575 1322 845 1388 διεξόδους
881 1323 1346 1396 ἀναρριπίζουσα,
1394 1338 1658 1396 παραχω-

97 1414 163 1482 ρεῖ
197 1413 496 1483 φιλοτίμως
529 1415 627 1483 τὴν
657 1414 887 1481 εἴσοδον⁹
925 1416 1023 1470 καὶ
1056 1416 1154 1489 τῆς
1187 1417 1386 1486 νοητῆς
1429 1415 1656 1471 πανδαι-

95 1505 219 1569 σῐας.
247 1506 333 1574 ἐφ’
361 1506 428 1578 ἦν
448 1506 804 1579 ἑστιάθημεν,
839 1509 1178 1582 φιλοφρόνως
1207 1506 1656 1578 ὲπιδαψιλεύεται

22 1622 25 1625 λ
93 1596 146 1650 τὰ
172 1594 396 1666 ὀψώνια.
430 1599 495 1653 El
523 1598 631 1670 γὰρ
657 1602 769 1664 τοῖς
792 1600 929 1673 πρὸς
954 1600 1035 1671 τῷ
1072 1600 1206 1655 Σινᾶ
1233 1600 1309 1672 μὴ
1349 1600 1471 1654 κατ’
1494 1596 1654 1664 ἀξίαν

22 1714 25 1715 ν
94 1687 198 1758 ὄρει
224 1688 530 1762 προσϐῆναι
575 1691 870 1763 τολμηρῶς
918 1691 1334 1763 αὐτομολοῦσιν,
1374 1692 1657 1763 ἀστραπαὶ

96 1778 174 1830 καὶ
202 1777 443 1851 βρονταὶ,
482 1780 576 1834 καὶ
603 1780 855 1852 δείματα,
889 1782 982 1837 καὶ
1007 1781 1323 1852 σαλπίγγων
1354 1778 1478 1854 ἦχοι
1507 1822 1522 1847 ,
1559 1783 1657 1837 καὶ

1745 589 1926 661 palam
1967 588 2229 654 discere;
2261 602 2326 643 ac
2371 588 2459 643 sin
2509 584 2716 651 minus,
2785 598 2908 656 qua:
2953 592 3205 653 spectant
3259 584 3326 638 ad

1747 680 2242 737 ineﬂ‘abilissimam
2275 678 2426 734 illam
2449 673 2656 746 vitam;
2682 685 2813 733 sunt
2833 676 2985 732 enim
3007 689 3069 730 ea
3098 676 3283 744 ignota
3312 693 3325 729 :
3373 712 3383 722 ι

1747 783 1804 830 at
1838 775 2037 831 saltem
2073 788 2286 841 eorum,
2308 773 2513 845 quibus
2544 769 2909 843 praesidemus
2931 768 3122 835 hodie,
3149 782 3299 838 quan

1748 877 1863 923 tum
1898 881 1990 922 res
2022 865 2176 932 sinit,
2212 864 2402 922 doceri
2434 864 2678 920 rationes
2703 902 2719 917 .
2757 861 2959 917 Adeste
2983 874 3137 932 ergo,
3167 859 3330 913 amici

1750 958 2056 1023 auditores,
2086 957 2606 1029 unaqtte‘bonorum
2664 970 2729 1012 ac
2761 953 3066 1028 spectaculi
3098 950 3331 1023 spirita-

1750 1048 1821 1104 lis
1856 1056 2133 1105 amantes.
2187 1046 2299 1104 Vos
2356 1047 2504 1104 enim
2559 1059 2761 1119 magno
2809 1042 3146 1113 sublimique
3198 1056 3334 1096 voco

1752 1142 2073 1213 prwconio;
2135 1140 2411 1199 sermonis
2471 1139 2748 1212 explicata
2794 1138 2958 1207 facie,
3017 1134 3336 1209 symbolicis

1753 1233 2025 1288 hactenus
2066 1233 2289 1288 obtecta
2321 1231 2648 1295 involucris,
2677 1230 2920 1300 positum
2960 1228 3113 1283 intus
3167 1226 3336 1282 deco-

1753 1340 1895 1391 rem,
1920 1326 2057 1380 solis
2084 1324 2329 1396 fulgores
2375 1333 2665 1381 venustate
2692 1323 2880 1395 gratia
2904 1326 3331 1391 exsuperantem

1754 1416 2042 1473 ostendam
2066 1458 2080 1472 .
2111 1415 2248 1473 Cum
2282 1430 2450 1487 porro
2490 1415 2667 1472 hucce
2696 1415 2881 1471 oratio
2928 1419 3189 1484 provecta
3241 1411 3333 1479 sit,

1756 1523 1936 1581 operae
1967 1508 2209 1580 pretium
2256 1508 2523 1573 arbitror,
2572 1515 2633 1562 ut
2693 1514 2822 1562 ante
2854 1507 3038 1561 omnia
3101 1518 3337 1574 prmnto-
3438 1508 3444 1513 '

1756 1614 1940 1666 neam,
1971 1610 2033 1655 ut
2066 1615 2134 1655 ne
2161 1600 2252 1671 qui
2282 1598 2429 1655 forte
2478 1599 2683 1664 illotis,
2719 1599 2864 1671 quod
2894 1598 3123 1664 dicitur,
3153 1596 3340 1669 profa-

1758 1692 1911 1748 nisve
1933 1692 2187 1763 pedibus,
2225 1706 2381 1748 saera
2411 1692 2796 1749 invaserimus.
2839 1689 2962 1747 Non
2987 1691 3133 1747 enim
3187 1705 3342 1760 aeque
3405 1706 3412 1720 ·

1758 1784 2016 1842 omnibus
2040 1799 2301 1841 accessus
2329 1784 2664 1855 perviusque
2679 1791 2766 1840 est
2793 1792 3115 1839 sanctorum
3144 1782 3302 1837 locus
3325 1796 3353 1846 ς’

96 1850 304 1923 ἀπειλαὶ
338 1870 629 1941 φρικώδεις
660 1850 1021 1944 ἐνέσκηπτον,
1051 1873 1128 1937 ὡς
1161 1850 1233 1928 δὲ*
1254 1875 1350 1927 καὶ
1377 1850 1473 1927 τοῦ
1507 1873 1655 1945 ἱεροῦ

1762 1877 1858 1932 sed
1893 1876 1963 1934 iis
1993 1886 2229 1944 tantum,
2265 1850 2361 1944 qui
2397 1850 2598 1933 mrntis
2630 1876 2894 1947 puritate,
2926 1882 3193 1930 concreta
3222 1890 3343 1929 ma-

93 1962 189 2016 τῶν
216 1963 409 2035 τοίχων
430 1966 771 2033 ἐφάπτεσθαι
795 1969 908 2032 τοῖς
939 1967 1155 2032 πολλοῖς
1182 1968 1284 2022 οὐκ
1309 1962 1377 2040 ἦν
1394 1967 1657 2036 ἀσφαλὲς,

22 2060 23 2063 “
93 2058 177 2108 καὶ
205 2054 295 2109 διὰ
322 2054 479 2130 τοῦτο
510 2057 722 2111 δεῖσθαι
754 2059 1022 2131 δευτέρων
1048 2060 1242 2132 τοίχων
1270 2059 1380 2114 τῶν
1413 2058 1612 2127 ἔξωθεν
1643 2076 1657 2090 '

92 2140 153 2216 ἦν
178 2145 236 2199 δὲ
287 2148 375 2201 διὰ
420 2149 659 2220 σπουδῆς
684 2151 776 2203 καὶ
802 2151 945 2222 μέγα
972 2151 1034 2205 τὸ
1062 2149 1535 2223 προκαθαίρεσθαι
1560 2151 1661 2223 τῆς

96 2237 193 2291 τῶν
227 2238 393 2309 ἁγίων
418 2240 658 2312 ἐπαφῆς,
695 2243 788 2297 καὶ
820 2243 929 2297 τῶν
966 2242 1129 2315 ίερῶς
1151 2242 1492 2313 τελουμένων
1525 2259 1662 2312 προ-

95 2328 477 2385 διαστέλλεσθαι
504 2347 519 2362 ο
546 2333 641 2386 καὶ
669 2333 842 2387 ταῦτα
870 2336 937 2405 τῇ
976 2335 1104 2407 σκιᾷ
1147 2335 1507 2406 λατρεύουσιν
1554 2333 1658 2401 ἔτι,

98 2421 179 2473 καὶ
204 2421 314 2477 τῶν
355 2423 598 2480 τυπικῶν
642 2427 1162 2498 παραπετασμάτων
1222 2426 1616 2499 ἐξηρτημένοις
1643 2445 1658 2460 ο

100 2510 256 2582 πόσην
310 2513 373 2567 ἃν
409 2514 645 2586 μάλιστα
683 2516 822 2580 δέον,
852 2520 981 2583 τοὺς
1008 2518 1107 2590 τῆς
1138 2516 1400 2590 ἀληθείας
1428 2517 1491 2571 τὸ
1544 2518 1661 2589 φῶς

100 2606 306 2662 ἔναυλον
336 2609 579 2681 ἔχοντας,
630 2600 870 2684 σπουδὴν
912 2612 1343 2680 ἐπιδείκνυσθαι,
1385 2614 1453 2684 τῇ
1489 2629 1663 2684 μεγα-

98 2698 345 2769 λοπρεπεῖ
361 2700 529 2775 ταύτῃ
571 2704 666 2757 καὶ
712 2703 1081 2776 ὑπερμεγέθει
1120 2702 1229 2756 τῶν
1254 2701 1349 2756 τοῦ
1392 2701 1528 2757 Θεοῦ
1560 2721 1660 2774 χα-

102 2792 363 2863 ρισμάτων
397 2798 571 2867 σκηνῇ
607 2798 947 2867 προσφοιτᾷν
974 2795 1387 2866 ἐπειγομένους·
1429 2795 1567 2868 πρὸς
1593 2796 1664 2868 ῆν

102 2880 542 2954 ὖπεραγνώστως,
577 2886 720 2958 ὑπὲρ
748 2886 894 2951 νοῦν,
926 2888 1350 2960 ὑπεραρῤήτως,
1381 2888 1464 2952 είς
1501 2890 1666 2943 κένω-

103 2989 173 3027 σιν
196 2976 387 3031 ἐαυτὸν
414 2977 606 3040 καθεὶς
638 2977 981 3049 ἐπεδήμησε.
1013 2978 1109 3032 καὶ
1150 2980 1365 3052 μήτραν
1408 2978 1667 3051 παρθενι-

104 3067 194 3136 κὴν
219 3070 249 3122 ό
280 3069 526 3140 μηδαμοῦ
562 3068 810 3142 χωρητδς
840 3070 1303 3142 ἁστενοχωρήτως
1328 3073 1665 3143 ἐσκήνωσεν,

102 3157 215 3228 ὅλην
248 3159 317 3213 δι’
358 3161 482 3214 ὅλου
524 3161 628 3229 τὴν
679 3161 737 3213 ἐν
762 3160 977 3228 γενέσει
1018 3158 1182 3230 φύσιν
1222 3160 1546 3232 ὑπερϐᾶσαν
1594 3163 1661 3233 τῇ

105 3246 436 3324 καθαρότητι,
472 3252 768 3307 κάντεῦθεν
798 3252 991 3324 ὥσπερ
1022 3252 1087 3306 ἐκ
1128 3270 1292 3306 τινων
1345 3253 1507 3324 ἱερῶν
1537 3252 1666 3308 ἀδύ-

107 3356 219 3405 των,
266 3343 363 3413 τὴν
404 3342 602 3397 ἑαυτοῦ
650 3341 1131 3419 μεμυσταγώγηκε
1180 3342 1381 3414 σάρκα.
1420 3344 1550 3412 Τίς;
1611 3344 1670 3398 Ὀ

112 3432 412 3507 ἀπροσδεὴς,
436 3436 533 3490 καὶ
561 3437 692 3508 ὃλην
746 3437 883 3507 πρὸς
915 3435 1112 3490 ἑαυτὸν
1142 3435 1424 3500 ἀνατεθεὶς
1444 3435 1542 3509 τὴν
1574 3438 1670 3490 ἁν-

115 3525 368 3599 θρωπίνην
396 3528 674 3600 ἐσχατιάν.
714 3529 840 3582 Ἐπὶ
860 3527 1036 3601 ταύτῃ
1064 3529 1131 3599 τῇ
1169 3526 1503 3598 θεοτυπώτῳ
1535 3544 1673 3599 σκη-

118 3620 191 3688 νῇ,
211 3622 239 3672 ὁ
268 3622 426 3690 νόμος
465 3620 641 3686 ἅπας,
688 3621 781 3674 καὶ
809 3622 859 3673 οἱ
898 3620 1200 3691 προφῆται,
1228 3621 1673 3693 πραγματιωδῶς

121 3709 572 3783 ἐκπεπλήρωνταιι
605 3711 703 3766 καὶ
725 3712 922 3781 ταύτῃ,
949 3710 1020 3764 τὰ
1051 3710 1256 3783 σκιώδη
1282 3710 1392 3764 τῶν
1424 3712 1675 3766 τοπικῶν

125 3804 575 3874 προχαραγμάτων
618 3800 928 3875 ἠμαυρώθη
982 3784 1353 3874 μορφώματα,
1402 3802 1677 3858 λυθέντων

124 3890 211 3944 τῶν
228 3894 495 3966 ἐσόπτρων
522 3897 590 3967 τῇ
610 3894 864 3967 ἀληθείᾳ.
882 3893 1102 3949 Τούτων
1117 3894 1175 3948 δὲ
1212 3894 1411 3959 ἱκανῶς
1432 3895 1509 3966 τῷ
1531 3896 1676 3969 λόγῳ

122 3989 764 4060 προπαρεσκευασμένων,
802 3987 903 4057 ἄγε
936 3987 1003 4059 δὴ
1030 3988 1140 4042 τῶν
1167 3987 1357 4042 τύπων
1386 3988 1674 4061 ἀφέμενοι,

120 4074 193 4128 ἐπ’
216 4080 371 4151 αὐτὴν
394 4080 801 4153 ἀναδράμωμεν
816 4077 917 4150 τὴν
940 4078 1220 4150 ἀλήθειαν’
1249 4080 1449 4151 μᾶλλον
1470 4081 1527 4136 δὲ
1555 4084 1669 4148 τοῖς

114 4164 306 4235 ἀδύτοις
337 4172 757 4255 προσδάλωμεν.

1762 1967 1914 2022 terim
1939 1966 2125 2022 omnia
2182 1968 2528 2038 supergressi
2587 1974 2741 2032 sunt,
2810 1967 3266 2037 transicruutque
3296 1967 3342 2021 si

1762 2076 1869 2130 qua
1899 2060 2106 2115 cadunt
2137 2060 2241 2116 sub
2268 2076 2489 2116 sensum
2523 2060 2763 2132 :quibus
2784 2059 3020 2113 maxime
3046 2058 3345 2114 sanctissi—

1764 2166 1909 2209 mum
1944 2147 2043 2207 Dei
2087 2150 2505 2206 tabernaculum
2568 2150 2990 2213 transeuntibus
3036 2163 3230 2205 auram
3264 2147 3345 2202 fa.-

1760 2242 1941 2304 cicns.
1983 2240 2270 2312 magniﬁce
2305 2243 2619 2313 ingressum
2641 2240 2919 2307 concedit,
2955 2254 3021 2294 ac
3048 2238 3343 2310 spiritalis,

1761 2334 1913 2387 omni
1943 2332 2148 2404 dapum
2195 2348 2420 2406 genere,
2454 2333 2511 2388 in
2538 2348 2647 2404 quo
2693 2330 2973 2404 cpulaturi
3020 2330 3343 2396 invitamur,

1762 2425 2019 2481 instructi
2075 2426 2314 2482 convivii
2363 2427 2543 2494 cibos,
2591 2426 2743 2496 larga
2790 2439 2958 2480 manu
3008 2422 3348 2494 perbenigne

1760 2512 2014 2590 largitur.
2069 2518 2205 2574 Nam
2248 2521 2294 2576 si
2336 2506 2425 2588 iis,
2474 2522 2568 2592 qui
2618 2534 2754 2575 ausu
2795 2518 3112 2582 temerario,
3166 2518 3348 2572 minus

1764 2609 1916 2680 digni
1955 2620 2196 2665 montem
2251 2610 2384 2665 Sina
2412 2621 2441 2662 Ρ
2471 2611 2627 2668 adire
2661 2618 3087 2683 praesumerent,
3129 2607 3349 2681 fulgura

1762 2700 2115 2772 ingruebant,
2173 2700 2549 2773 fulminaque,
2607 2716 2672 2757 ac
2703 2710 2972 2766 terrores,
3020 2699 3348 2771 sonitusque

1766 2793 2050 2861 tubarum,
2101 2803 2156 2850 et
2193 2810 2357 2852 voces
2409 2796 2738 2864 terribiles;
2783 2804 2843 2852 ut
2894 2811 2993 2852 nec
3038 2795 3346 2868 plerisque,
3434 2778 3443 2787 ’

1766 2900 2052 2941 murorum
2082 2888 2269 2957 templi
2305 2903 2570 2946 accessus
2601 2898 2751 2946 tutus
2786 2891 2934 2957 erat,
2974 2904 3157 2959 eoque,
3179 2888 3351 2967 fuerit

1764 2993 1930 3048 opus,
1979 2987 2212 3035 externo
2254 2981 2373 3035 alio
2433 2996 2719 3036 murorum
2778 2980 2989 3036 ambitu
3021 2990 3051 3031 ιι
3079 3000 3092 3035 :
3122 2989 3351 3050 eratque

1767 3076 2022 3125 sanctum
2052 3086 2451 3142 magnumque,
2479 3080 2539 3127 ut
2565 3059 2888 3144 priusquam
2922 3086 3085 3127 sacra
3126 3072 3350 3126 contin-

1766 3170 1982 3233 gerent,
2037 3163 2469 3230 mundarentur,
2527 3163 2745 3235 sibique
2827 3163 3004 3219 sacris
3064 3162 3350 3233 operaturi

1766 3253 1973 3324 praevia
2004 3256 2265 3311 cautione
2319 3256 2722 3328 prospicerent,
2747 3256 2939 3327 idque,
2982 3272 3106 3313 cum
3140 3256 3353 3312 umbra:

1767 3344 1949 3401 adhuc
2016 3347 2314 3416 servirent,
2370 3357 2535 3420 atque
2572 3365 2603 3404 a
2645 3349 2977 3422 ﬁguralibus
3026 3349 3353 3405 velamentis

1770 3439 2070 3508 penderent
2108 3459 2121 3495 :
2155 3457 2319 3512 quam
2353 3458 2489 3512 rogo
2513 3443 2753 3499 maximo
2782 3443 2964 3498 studio
2988 3442 3122 3500 eniti
3153 3443 3355 3499 debue-

1767 3528 1901 3594 rint,
1944 3530 2089 3601 apud
2131 3548 2272 3602 quos
2316 3535 2564 3590 veritatis
2590 3534 2774 3591 lumen
2808 3535 3106 3601 inhabitat,
3148 3537 3245 3607 qui
3286 3535 3355 3591 ad

1773 3621 2126 3693 magniﬁcum
2161 3624 2267 3679 hoc
2293 3640 2357 3680 ac
2393 3626 2719 3698 praegrandi:
2738 3627 3010 3683 donorum
3045 3628 3136 3683 Dei
3168 3628 3356 3683 taber-

1773 3713 2031 3769 naculum
2094 3714 2359 3771 accederc
2388 3717 2651 3772 festinent
2705 3738 2719 3773 :
2770 3719 2837 3772 ad
2901 3718 3048 3789 quod
3092 3718 3354 3774 nimirum

1772 3807 2145 3863 occultissima
2167 3808 2397 3869 ratione,
2415 3824 2581 3879 supra
2600 3823 2765 3879 quam
2785 3808 2869 3864 vel
2885 3808 3095 3878 ceperit
3112 3809 3355 3875 animus,

1774 3901 1859 3956 vel
1891 3900 2079 3970 lingua
2125 3902 2493 3967 enarravcrit,
2532 3916 2656 3956 sese
2699 3900 3041 3956 demissione
3076 3914 3357 3954 evacuaus

1777 3994 2171 4065 peregrinatus
2194 3994 2289 4060 sit,
2322 4010 2386 4048 ac
2410 3994 2661 4066 Virginis
2694 4002 2937 4060 uterum,
2959 3993 3052 4062 qui
3074 4008 3343 4063 nusquam

1776 4092 1955 4155 potest
1992 4084 2141 4155 capi,
2174 4092 2233 4139 ut
2262 4084 2519 4156 capiente
2552 4101 2664 4141 non
2721 4093 3059 4147 arctaretur,
3093 4083 3354 4139 taberna-

1778 4177 1891 4233 culi
1920 4177 2098 4233 instar
2122 4177 2521 4234 inbabitaverit
2551 4196 2566 4236 :
2595 4185 2839 4243 uterum,
2865 4178 3108 4248 inquam.
3131 4190 3354 4230 nminem

112 4263 321 4316 Omnino
343 4262 396 4317 in
429 4274 555 4318 ortu
592 4264 862 4333 positam,
913 4262 1113 4319 eximia
1155 4276 1256 4316 sua
1299 4262 1571 4319 munditia
1603 4274 1957 4337 superantem
1990 4275 2293 4323 naturam:
2338 4283 2403 4325 ac
2453 4268 2584 4325 inde
2639 4284 2742 4324 ceu
2797 4285 2862 4324 ex
2904 4269 3089 4324 sacris
3128 4265 3356 4338 quibus-

107 4348 228 4406 dam
249 4357 636 4426 penetralibus,
687 4372 842 4412 suam
879 4357 1056 4428 ipsius
1094 4356 1340 4411 initiavit
1396 4358 1698 4432 docuitque
1732 4378 1979 4419 carnem.
2025 4362 2166 4432 Quis
2241 4365 2378 4421 ille?
2426 4365 2530 4433 Qui
2604 4365 2867 4421 ni’mirum
2924 4364 3078 4419 nullo
3126 4343 3355 4432 indiget,

102 4446 369 4520 latamque
415 4451 780 4508 nihilominus
810 4452 915 4507 sibi
970 4451 1170 4506 ascivit
1212 4460 1518 4508 extremam
1557 4444 1854 4512 humanam
1914 4457 2307 4514 vilitatem-In
2365 4460 2469 4514 hoc
2493 4458 2785 4529 designato
2846 4448 3081 4527 [ictuque
3150 4470 3179 4508 a
3244 4453 3355 4509 Deo

110 4539 469 4609 Iabernarulo,
506 4545 591 4601 lex
654 4554 767 4599 tota
834 4553 890 4599 et
930 4545 1219 4616 prophetae
1263 4560 1324 4600 re
1358 4546 1479 4615 ipsa
1521 4549 1793 4618 completa
1854 4562 2009 4616 sunt,
2085 4567 2260 4623 eaque
2325 4552 2652 4607 utnbratiles
2711 4550 3025 4620 ﬁguralium
3098 4549 3352 4615 designa-

132 4628 305 4691 lionum
338 4637 551 4704 formae,
594 4637 836 4708 speculis
876 4637 1112 4693 veritate
1159 4636 1380 4703 solutis,
1428 4638 1738 4695 obscuratae
1790 4651 1942 4698 sunt.
1982 4642 2080 4700 llis
2120 4659 2290 4715 porro
2342 4642 2417 4698 ita
2442 4645 2592 4699 velut
2661 4645 2728 4696 all
2800 4640 3076 4697 sermonis
3151 4642 3353 4709 prmiu-

141 4723 203 4781 dia
225 4734 347 4790 satis
380 4733 686 4798 enarratis,
746 4746 846 4805 age
890 4730 1079 4798 modo,
1122 4730 1307 4787 missis
1349 4731 1564 4802 ﬁguris,
1645 4732 1715 4788 ad
1809 4739 2095 4795 veritatem
2143 4738 2322 4809 ipsam
2370 4751 2758 4803 accurramus,
2806 4745 2970 4806 atque
3015 4737 3150 4789 adeo
3194 4734 3353 4805 adyta

139 4828 458 4882 litasti-emus.

185 4910 335 4986 Μέχρι
363 4917 473 4990 γὰρ
499 4916 666 4983 τινος,
702 4913 798 4969 τοῦ
824 4915 987 4986 λόγου
1020 4917 1134 4979 τοῖς
1159 4914 1478 4986 προαυλίοις
1504 4914 1662 4971 ὲνδια·

1861 4917 2112 4983 Quamliu
2155 4915 2302 4972 enim
2334 4918 2484 4972 velut
2523 4915 2577 4971 in
2610 4916 2883 4972 sermonis
2910 4912 3201 4972 vestibulis
3244 4915 3355 4970 haz-

134 5002 384 5075 τρίϐοντες,
432 5009 497 5063 τὺ
527 5009 636 5081 πρὸ
668 5007 772 5080 τῆς
805 5009 1016 5063 εἰσόδου
1046 5008 1244 5071 κάλλος
1293 5006 1662 5080 θαυμάξομενε

1776 5017 1987 5075 rentes,
2028 5005 2423 5077 praeambulum
2462 5006 2734 5077 ingressui
2767 5005 3021 5062 decorem
3064 5006 3348 5070 miramur,

129 5087 224 5175 iilv
249 5102 334 5157 xei.
368 5106 700 5159 συνεισιέναι
722 5107 789 5175 τῇ
814 5101 1000 5174 Μητρὶ
1024 5101 1117 5156 τοῦ
1139 5101 1337 5170 Λόγου,
1369 5100 1464 5156 καὶ
1487 5100 1548 5154 τὸ
1573 5100 1662 5154 κά-

1775 5100 1980 5171 qnibus
2017 5099 2179 5155 liceat
2227 5115 2352 5155 cum
2388 5099 2676 5156 Sermonis
2728 5099 2901 5156 Matre
2959 5114 3066 5154 una
3106 5098 3348 5170 ingredi,

122 5171 286 5259 λυμμα
309 5190 633 5264 διασχόντας
669 5195 750 5258 είς
764 5171 852 5247 ’τὰ
878 5171 987 5245 τῶν
1018 5191 1190 5260 ἁγίων
1220 5190 1391 5258 Ἀγια
1424 5189 1662 5261 παρακύ·

1775 5189 2123 5260 disjectoque
2169 5189 2291 5244 velo
2343 5189 2399 5244 in
2456 5188 2657 5244 Sancta
2709 5195 3026 5244 sanctorum
3078 5186 3348 5256 paulisper

115 5264 225 5356 φιιι,
251 5284 336 5338 καὶ
360 5284 643 5356 μυηθῆναι
674 5283 744 5339 τὰ
779 5282 955 5355 μείζω
983 5283 1080 5337 xa‘l
1108 5280 1449 5347 τελεώτερα;
1475 5280 1539 5334 Ei
1567 5280 1662 5351 γὰρ

1778 5278 2004 5344 intueri,
2037 5294 2102 5335 ac
2126 5279 2336 5350 majora
2357 5280 2546 5337 doceri
2576 5289 2629 5336 et
2657 5276 3024 5353 perfectiora?
3048 5276 3182 5331 Cum
3204 5272 3343 5329 enim

106 5355 181 5417 ταὶ
201 5373 449 5443 προαύλια
479 5372 616 5447 [τῶν
639 5373 813 5443 ἁγίων
829 5372 1081 5438 τοιαῦτα,
1112 5372 1208 5427 καὶ
1239 5371 1307 5424 τὰ
1331 5370 1662 5443 προπύλαιαξ

1776 5377 1928 5427 tanta
1985 5370 2099 5429 sint
2145 5379 2466 5438 saeuorum
2513 5372 2677 5437 atria,
2732 5378 2998 5440 tantoque
3053 5365 3255 5421 decore
3297 5366 3342 5417 et

187 5557 211 5601 P
234 5549 391 5611 Exod.
426 5572 540 5620 xu,
586 5553 674 5611 l2.
752 5565 781 5606 ιι
807 5553 1009 5613 Ezech.
1039 5570 1130 5622 τι,
1161 5517 1275 5623 1Ἱῖ
1315 5571 1447 5621 xLu,
1476 5557 1507 5609 7
1539 5571 1700 5628 seqq.

1367 5705 1602 5761 VARI/1']
1644 5704 2044 5761 LECTIONES.

184 5817 216 5841 “
244 5820 324 5875 ἄλ.
362 5822 711 5894 προτΰάλοις.
