3820 6316
86 353 243 423 103’)

1130 365 1211 423 IN
1252 364 1805 424 DORMITIONEM
1845 370 1904 424 S.
1950 365 2240 426 MARLE.
2283 367 2396 427 IIl.

3265 371 3285 437 1
3297 374 3407 438 090

83 472 237 540 περὶ
281 473 458 545 αὐτὴν
503 461 754 542 λογιυῖς
793 473 1117 540 ἀνελίξεσιν,
1142 477 1244 529 οὑκ
1305 474 1453 528 ὲῶσα
1493 477 1708 546 τρανῶς

1835 491 2107 531 :omntune
2130 478 2291 548 eique
2315 478 2624 547 proprium,
2664 481 2767 536 soli
2803 481 2882 537 illi
2915 491 2971 537 ut
3014 484 3405 543 universorum

92 561 454 634 ὲκφανθῆναι
477 565 575 630 τὴν
598 566 1054 637 συνεπτυγμὲνην
1084 565 1177 620 τοῦ
1213 570 1515 640 μυστηρίου
1549 570 1716 623 κατά·

105 654 282 724 ληψιν
306 657 372 726 ἦν
387 654 525 708 Θεοῦ
555 657 719 726 μάνου
745 659 864 712 κατ’
887 656 1046 722 ἀξίαν
1067 659 1439 728 ἐγκωμιάζειν
1465 661 1601 723 ἐστὶ,
1622 658 1716 712 τοῦ

114 747 300 815 λόγοις
311 741 388 810 οἷς
401 743 546 801 οἶδεν
562 747 725 814 αὑτὸς
737 748 808 802 τά
820 751 906 802 ἐπ’
919 750 1054 820 αὑτῇ
1067 749 1394 820 δεδρακότος
1414 751 1653 820 μεγαλου
1662 768 1719 821 ρ-

116 841 348 910 γὴματα
380 852 395 868 °
433 841 509 910 μή
543 858 596 894 τι
631 838 726 895 οὖν
755 841 884 913 ἐμοὶ
908 841 986 912 τῷ
1014 842 1194 912 χαμαὶ⁵
1223 842 1486 912 κειμένῳ,
1522 844 1618 896 καὶ
1649 843 1719 896 τὰ

121 932 176 984 ἰν
204 932 366 984 ποσὶν
393 931 551 986 οὐδὲν
581 934 664 987 ὅτι
701 934 865 988 πλέον
892 934 1081 998 εἰδότι,
1122 935 1191 988 δι’
1223 934 1434 988 ἔνδειαν
1461 933 1564 1004 τῆς
1589 937 1718 1006 περὶ

118 1025 182 1076 τά
231 1024 378 1078 καλὰ
420 1027 836 1096 προαιρέσεωςο
903 1029 962 1080 οὑ
1019 1027 1084 1099 δή
1143 1044 1274 1081 ποτε
1327 1023 1423 1081 οὖν
1473 1029 1542 1081 τά
1585 1043 1715 1098 παρ’

115 1116 272 1180 ἀξίαν
332 1118 509 1171 εἰπεῖν
563 1118 1024 1190 αἰσχυνθήσομαι,
1086 1120 1182 1174 καὶ
1231 1121 1279 1172 εἰ
1344 1121 1418 1189 μὴ
1468 1118 1537 1171 τὰ
1590 1121 1712 1172 κατ’

117 1210 274 1274 ἀξίαν
300 1209 489 1278 λέγειν
531 1211 632 1265 οὑκ
661 1210 804 1282 Exte;
846 1213 986 1266 Ἀλλ’
1012 1211 1202 1283 ἐπειδὴ
1238 1212 1332 1266 καὶ
1368 1212 1428 1264 τὸ
1454 1211 1595 1265 κατὰ
1615 1211 1710 1265 δύ-

120 1318 282 1370 ναμιν
295 1301 397 1353 οὑκ
421 1303 750 1373 ἀπόϐλητον,
779 1303 859 1374 τῷ
883 1304 1066 1358 λαλεῖν
1095 1304 1192 1375 τὴν
1219 1303 1376 1373 σιγὴν
1397 1303 1718 1375 διακροὺσο-

125 1409 247 1459 μαι,
284 1391 403 1463 Θεῷ
431 1394 529 1466 τὴν
555 1394 794 1460 διάλεξιν
815 1396 1151 1465 ἀναθέμενος
1175 1413 1186 1425 ³
1219 1397 1368 1468 αὑτῷ
1392 1399 1424 1468 ἡ
1449 1396 1597 1461 δόξα,
1624 1396 1718 1449 καὶ

123 1485 182 1535 τὸ
212 1485 416 1555 κράτος
457 1487 540 1550 εἰς
567 1488 697 1551 τοὺς
723 1487 1051 1560 σύμπαντας
1087 1490 1293 1555 αἰῶνας
1320 1491 1430 1542 τῶν
1475 1488 1712 1544 αἰώνων.

135 1576 358 1645 Ἀμήν(

1817 569 2054 633 auctori,
2113 585 2406 640 rerumque
2461 572 2733 640 ejusmodi
2788 576 3005 638 artifici,
3043 587 3170 633 ante
3200 584 3405 636 saecula

1816 659 2097 728 cognitum
2131 668 2236 715 est.
2273 659 2397 716 llaec
2428 674 2618 718 nostra
2665 663 2929 720 formatio
2951 677 3058 731 est,
3104 669 3218 724 hazc
3246 687 3406 727 cont-

1818 751 2022 818 pactio,
2088 753 2200 807 haec
2255 755 2486 818 solutio,
2526 771 2692 825 quam
2749 767 2804 812 et
2829 758 3035 813 celebri
3073 761 3236 817 hodie
3262 781 3405 820 con-

1819 853 1980 897 ventu
2017 844 2272 900 colimus.
2321 844 2458 901 liinc
2525 862 2628 918 ego
2656 849 2888 918 spiritus
2942 854 3302 918 contrahens.
3343 872 3406 914 ac

1826 935 2025 990 timore
2083 936 2348 992 honorem
2412 950 2765 994 sacramento
2805 941 3036 1008 habens,
3075 958 3199 998 cum
3235 962 3404 1001 voca-

1823 1024 2040 1078 lissimo
2089 1029 2482 1098 prephetarum
2519 1028 2663 1083 Isaia
2726 1033 3031 1099 pronuntio
3063 1051 3077 1088 :
3113 1053 3132 1086 ι
3164 1034 3207 1090 Ο
3241 1039 3410 1093 miser

1822 1131 1944 1185 ego,
1974 1117 2103 1186 quia
2148 1127 2512 1186 compunctus
2543 1135 2662 1174 sum
2693 1122 2863 1191 :quia
2905 1106 3070 1180 homo
3111 1141 3234 1181 cum
3278 1130 3405 1194 sim,

1821 1215 1876 1262 et
1905 1209 2186 1264 immunda
2219 1211 2365 1265 labia
2399 1213 2682 1281 habensh
2713 1216 2830 1272 ede
2863 1218 3069 1272 ntnnda
3102 1221 3190 1274 illa
3223 1231 3271 1274 et
3305 1223 3408 1276 im~

1817 1300 2112 1371 maculata,
2146 1315 2210 1354 ac
2251 1301 2421 1357 totius
2451 1304 2763 1362 sanctitatis
2814 1309 3164 1377 plenissima,
3226 1314 3408 1364 audeo

1815 1389 2026 1460 aliquid
2079 1391 2252 1462 loqui,
2307 1408 2541 1462 eamque
2585 1387 2862 1464 praesumo
2919 1399 3410 1470 epilaphiopnsito

1812 1483 2115 1547 celebrare,
2167 1482 2333 1552 cujus
2364 1484 2585 1553 quidem
2625 1490 3066 1557 contemplanda:
3091 1507 3406 1559 ascrnStttn,

1811 1573 1988 1628 nubes
2017 1575 2072 1627 in
2119 1575 2360 1629 circuitu
2413 1577 2729 1645 prohibent,
2784 1581 3036 1648 quaedam
3071 1594 3254 1637 autem
3313 1603 3408 1640 ne-

122 1668 252 1718 bula
284 1665 550 1736 spiritalis
574 1669 942 1724 ratioaalibus
985 1670 1107 1738 ejus
1139 1670 1478 1726 circumfusa
1537 1668 1710 1739 gyris,
1781 1663 2210 1733 haudquaquam
2268 1665 2400 1719 sinit
2468 1674 2529 1719 ut
2572 1665 2820 1722 involuta
2877 1673 3212 1727 sacramenti
3261 1691 3410 1728 com-

125 1760 426 1827 prehensio
486 1763 701 1816 clarius
743 1764 1074 1832 explicetur.
1147 1763 1332 1818 Potest
1393 1765 1545 1817 solus
1609 1760 1751 1815 Deus
1830 1772 1930 1827 pro
1986 1756 2202 1811 merilis
2259 1755 2524 1822 ίίιυδίπεν
2577 1759 2673 1828 qui
2729 1760 2796 1815 iis
2841 1762 3047 1828 quibus
3098 1765 3248 1818 ιιονῖι
3295 1766 3410 1836 ipse

121 1854 454 1915 rationibus,
518 1857 657 1910 tnira
710 1857 804 1910 illa
862 1873 1026 1926 Opera
1061 1859 1114 1912 in
1148 1875 1210 1913 ea
1236 1859 1463 1914 effecit:
1529 1865 1743 1911 tantum
1818 1868 1950 1908 vero
2015 1853 2173 1907 abest
2239 1863 2297 1906 ut
2355 1853 2411 1907 id
2441 1853 2574 1908 mihi
2639 1855 2788 1913 humi
2825 1857 3063 1926 dejecto,
3111 1861 3314 1932 vixque
3345 1878 3410 1916 ea

121 1963 251 2014 qua:
313 1958 436 2002 sunt
489 1949 542 2002 in
601 1948 856 2018 pedibus,
910 1952 1066 2005 bona:
1120 1952 1427 2007 voluntatis
1454 1950 1701 2016 defectu,
1741 1953 2031 2018 perSpecta
2064 1944 2315 2008 habenti,
2350 1946 2666 1999 conveniat.
2718 1946 2858 2001 Num
2932 1965 3062 2020 ergo
3125 1966 3248 2020 qua:
3297 1970 3408 2007 nte-

126 2041 297 2091 ritum
355 2049 634 2108 superant,
691 2041 968 2096 erubuero
1023 2042 1233 2106 dicere,
1273 2045 1365 2114 qui
1422 2059 1600 2115 neque
1639 2057 1702 2096 ea
1743 2037 1950 2110 possim
2015 2035 2206 2090 dicere
2275 2051 2398 2105 qua:
2440 2052 2536 2105 pro
2611 2039 2811 2093 merito
2855 2039 3150 2094 videntur?
3217 2042 3406 2095 Enim-

125 2145 262 2184 vero
285 2117 598 2200 ctuuncque
628 2130 702 2186 sit
734 2133 1122 2200 respuendum,
1185 2135 1334 2206 quod
1391 2135 1464 2190 sit
1523 2150 1591 2189 ex
1655 2131 1938 2190 facultate,
2001 2124 2109 2179 Deo
2193 2139 2530 2180 consecrans
2601 2125 3076 2196 dissertationem,
3145 2147 3406 2187 sermone

129 2225 409 2282 silentium
471 2224 779 2294 repellam:
833 2225 936 2294 ipsi
1009 2227 1187 2297 gloria
1251 2238 1306 2284 et
1351 2236 1620 2300 potestas.
1676 2237 1773 2293 per
1809 2219 1996 2275 Omnia
2031 2217 2228 2272 SW00"!
2263 2217 2616 2273 Smmom'no
2647 2217 2843 2277 Αηιεηι

751 2363 972 2416 ΛΟΓΟΣ
999 2361 1097 2418 1Δ¹.

131 2478 240 2543 Εἰς
261 2475 368 2545 τὴν
389 2480 680 2548 κοΙμησιν
707 2478 1167 2605 τιέεὲἐτίῗὶἕέίίις
1187 2485 1524 2550 Δεσποίνης
1545 2482 1716 2552 ἡμῶν

214 2662 372 2716 Καλεί
428 2663 593 2717 πάλιν
653 2665 800 2735 ἡμᾶς
851 2665 913 2718 τδ
979 2667 1200 2736 συνεχὲς
1243 2666 1339 2721 τοῦ
1378 2647 1537 2737 λόγου
1581 2668 1716 2735 πρὸς

133 2752 240 2822 τὴν
273 2755 575 2825 πανήγυριν
596 2772 610 2786 ο
649 2755 743 2810 καὶ
769 2756 851 2809 δεῖ
909 2775 973 2826 γε
1022 2758 1242 2824 πάντως
1277 2762 1426 2830 ἡμᾶς
1458 2764 1571 2825 τοῖς
1589 2762 1715 2833 ἑξῆς

133 2861 174 2895 π
193 2849 476 2917 ροσενεῖραι
509 2848 579 2902 τὰ
609 2847 886 2915 λείποντα,
916 2851 993 2914 ὡς
1035 2853 1100 2906 ἂν
1127 2853 1314 2922 ἄρτιος
1359 2855 1444 2925 εἰη
1483 2855 1511 2906 6
1559 2855 1716 2922 λόγος

137 2936 232 2987 καὶ
280 2936 489 3004 ἄλυτος,
549 2939 646 2992 τοῦ
697 2939 1084 3010 διεζευγμένου
1141 2943 1407 2997 πάντοθεν
1447 2945 1714 3014 ἀμοιρῶν,

144 3026 255 3078 Καὶ
283 3025 344 3098 δὴ
378 3026 507 3096 γοῦν
567 3029 626 3082 ὲν
689 3031 803 3091 τοῖς
862 3030 1133 3097 φθάσασιν
1177 3030 1252 3094 ὼς
1281 3025 1392 3084 οἷόν
1423 3050 1480 3085 τε
1508 3029 1599 3104 ἦν,
1632 3033 1719 3086 διὰ

147 3116 402 3188 βραχέων,
432 3120 501 3173 τά
527 3121 653 3192 περί
678 3121 778 3190 τῆς
809 3121 938 3186 θέας
972 3122 1065 3175 τοῦ
1094 3121 1404 3194 ζωαρχικοῦ
1431 3123 1714 3194 σώματος,

147 3208 281 3276 λέγω
319 3210 380 3282 δὴ
429 3211 525 3265 τοῦ
577 3212 913 3282 παρθενικοῦ
953 3214 1055 3285 τῆς
1077 3213 1426 3289 Θεομήτορος
1459 3217 1714 3286 σκήνους,

151 3301 279 3370 πρὸς
317 3302 466 3374 ἡμῶν
523 3304 906 3374 διηγόρευται·
952 3305 1200 3360 λείπεται
1257 3307 1314 3360 δὲ
1365 3307 1448 3371 τίς
1489 3309 1516 3360 6
1553 3308 1721 3378 ὕμνος

151 3392 333 3455 εἰπεῖν.
361 3395 453 3446 καὶ
493 3395 561 3448 τὰ
585 3395 902 3466 ὑμνούμενα
927 3391 1036 3450 οἷα.
1069 3397 1178 3451 Καί
1211 3395 1255 3429 ⁸⁷
1287 3415 1378 3468 μοι
1424 3397 1519 3452 νῦν
1592 3400 1722 3454 αὐθ-

153 3484 327 3548 αδείας
359 3487 389 3557 ἢ
417 3487 653 3557 θράσους
706 3489 1053 3561 επιρρίψοιτο
1079 3490 1272 3562 μῶμον
1308 3493 1722 3559 κατατολμῶντι

155 3575 254 3628 τῶν
282 3578 596 3650 ὑπερόγκων
621 3596 634 3609 ⁸
677 3583 760 3636 ὅτι
822 3583 896 3654 μὴ
931 3583 1075 3637 κατὰ
1119 3583 1279 3652 λόγου
1325 3585 1577 3656 δύναμιν,
1599 3586 1720 3639 κατ’

2382 2351 2642 2408 ORATIO
2694 2352 2836 2408 XIV.

1815 2469 1876 2522 In
1931 2469 2288 2523 sanctissima:
2334 2468 2578 2522 Dominae
2635 2479 2834 2524 nostra:
2893 2469 3139 2541 Dei,:arur
3187 2473 3406 2530 Dormi-

2409 2541 2604 2593 tionent
2668 2541 2808 2609 (99).

1890 2653 2064 2710 Vocat
2093 2669 2192 2710 nos
2217 2654 2418 2708 iterum
2454 2653 2728 2708 sermonis
2753 2655 3094 2711 continttitas
3118 2657 3183 2711 ad
3219 2659 3409 2714 lauda-

1819 2749 2064 2813 tionem;
2121 2764 2186 2803 ac
2237 2749 2398 2818 plane
2444 2756 2662 2818 oportet
2716 2759 2774 2803 ut
2818 2766 2942 2821 quae
2973 2751 3177 2806 desunt
3217 2755 3410 2808 ordine

1818 2853 2242 2906 connectamus,
2295 2851 2376 2900 ιιι,
2409 2843 2483 2897 sit
2525 2858 2710 2898 sermo
2755 2845 2969 2913 integer
3018 2862 3118 2899 nec
3167 2848 3407 2912 solutus,

1819 2951 1980 3005 quem
2017 2937 2166 2990 nulla
2215 2952 2278 2990 ett
2314 2944 2470 3006 parte
2507 2935 2724 3006 aliquid
2770 2935 2998 2990 dividat.
3040 2936 3240 2992 Paucis
3271 2955 3407 3009 ergo

1821 3029 1876 3083 in
1918 3029 2322 3099 superioribus,
2356 3036 2628 3098 quantum
2662 3029 2837 3091 licuit,
2873 3044 2997 3098 quae
3027 3029 3094 3081 ad
3129 3033 3406 3100 corporis,

1822 3121 1967 3190 quod
2031 3121 2199 3174 vitam
2257 3121 2466 3190 genuit,
2533 3119 2599 3174 ad
2654 3121 2966 3191 virginalis,
3014 3123 3260 3192 inquam,
3317 3123 3408 3179 Dei

1821 3212 2126 3268 Genitricis
2203 3213 2552 3268 tabernaculi
2639 3214 3022 3281 spectaculum
3111 3215 3405 3282 pertinent,

1822 3305 2246 3370 enarravimus;
2333 3313 2591 3374 superest
2673 3313 2732 3356 ut
2797 3305 3051 3360 dicamus
3131 3308 3408 3375 quodnam

1824 3397 1989 3452 fuerit
2045 3397 2355 3460 Canticum,
2412 3413 2604 3467 quaeve
2655 3396 2874 3451 cantico
2906 3397 3412 3452 celebrata.Nemo

1825 3497 2010 3544 autem
2067 3489 2218 3542 velut
2273 3489 2630 3543 temerarium
2679 3489 3149 3559 audacioremque
3202 3492 3412 3559 vitupe-

1825 3579 2052 3643 raverit,
2104 3578 2200 3648 qui
2253 3578 2461 3647 majora
2495 3593 2582 3647 me
2628 3592 2999 3646 prtesumam;
3044 3581 3266 3648 quand”
3302 3597 3410 3633 ιιιιιι

160 3670 306 3739 εὐχῆς
334 3672 387 3724 δὲ
425 3674 593 3743 μόνην
608 3673 902 3745 ὑπόσχεσιν
919 3675 1208 3747 ὁρμηθεὶς,
1239 3677 1331 3729 τὸν
1357 3681 1501 3747 μετὰ
1530 3680 1719 3749 χεῖρας

1835 3669 1974 3724 velut
2017 3685 2176 3740 aequa
2232 3669 2436 3722 virtute
2473 3681 2734 3723 sermone
2785 3679 3062 3730 certante,
3119 3671 3214 3723 sed
3252 3671 3411 3738 quasi

160 3759 300 3828 λόγον
349 3765 785 3836 συνεστησάμην,
849 3767 944 3820 τοῦ
1002 3767 1298 3839 ὑφειμένου
1348 3769 1444 3821 καὶ
1497 3769 1719 3840 μετρίου

165 3858 441 3926 πανταχόσε
496 3859 795 3930 φροντίσας
843 3861 923 3923 εἰς
969 3860 1226 3931 δύναμιν.
1285 3861 1424 3913 Ἀλλ’
1475 3862 1533 3914 οὑ
1570 3863 1722 3932 παρὰ

167 3946 307 4000 τοῦτο
371 3951 690 4020 σμικρύνειν
755 3951 783 4002 6
833 3952 992 4020 λόγος
1021 3953 1083 4006 τὸ
1117 3958 1417 4026 μυστήριον
1451 3954 1722 4024 βούλεται,

169 4036 258 4088 κᾶν
290 4038 359 4100 ὡς
403 4042 617 4114 ἀτριϐεῖ
667 4043 864 4114 τούτῳ,
912 4045 1006 4097 δια)⁸
1035 4045 1096 4098 τὸ
1136 4045 1485 4116 ἀγύμναστον
1521 4047 1722 4117 ἔχοντι,

171 4128 374 4195 πρώτως
400 4134 492 4185 ἀπ’
524 4134 817 4196 αὐθαδείας
871 4135 1160 4191 ἐπέϐαλεν.
1190 4137 1252 4190 Εἰ
1282 4138 1339 4190 δέ
1365 4156 1418 4191 τι
1467 4139 1607 4210 τάχα
1633 4141 1736 4193 καὶ·

171 4219 264 4272 τῶν
290 4225 344 4276 οὑ
376 4226 586 4289 πολλοῖς
612 4226 996 4298 θεωρηθέντων
1037 4230 1065 4282 6
1104 4227 1197 4282 νῦν
1242 4229 1354 4292 ἕξει
1387 4229 1567 4298 λόγος,
1599 4229 1727 4284 θαυ-

177 4312 368 4377 μαζέτω
401 4317 610 4387 μηδείς.
637 4319 981 4380 Εἰκαστικῶς
1015 4320 1144 4392 γὰρ,
1186 4320 1280 4374 καὶ
1309 4319 1384 4384 ὡς
1405 4322 1433 4373 6
1459 4319 1583 4386 νοῦς
1607 4323 1726 4375 ἐπι-

178 4399 362 4459 δάλλειν
405 4409 640 4480 ἠδύνατο
672 4426 685 4438 ·
741 4411 834 4463 τοῦ
892 4411 1001 4481 γάρ
1043 4412 1306 4482 ἀκριϐοῦς
1348 4413 1503 4483 μόλις
1532 4413 1598 4467 ἂν
1633 4415 1727 4468 καὶ

181 4492 366 4561 ἄγγελοι
427 4501 679 4571 τύχοιεν⁸
731 4503 902 4556 ταῦτα
963 4503 1098 4574 πρὸς
1156 4504 1313 4574 ἡμῶν
1363 4505 1724 4578 τεθεώρηται.

184 4583 295 4657 Ἤδη
330 4591 421 4659 μὲν
451 4588 544 4645 οὖν
600 4593 628 4646 6
691 4593 1020 4665 μυρίανδρος
1065 4597 1268 4657 ἐκεῖνος
1314 4594 1424 4649 τῶν
1455 4596 1729 4668 θεοφόρων

182 4675 354 4744 στόλος,
382 4681 638 4754 καθάπερ
671 4685 726 4736 ἐν
749 4687 863 4747 τοῖς
894 4683 1130 4751 πρόσθεν
1158 4685 1482 4755 εἰρήκαμεν,
1515 4687 1730 4756 ἀθρόως

177 4763 456 4842 ἀγήγερτο·
497 4775 592 4826 καὶ
630 4776 781 4828 πᾶσα
809 4775 950 4844 τάχα
993 4774 1102 4828 τῶν
1132 4775 1522 4846 ὑπερκοσμίων
1568 4777 1729 4829 δυνά-

172 4873 303 4923 μεων
323 4867 351 4936 ἡ
375 4867 541 4938 νοητὴ
562 4867 943 4938 διακόσμησις,
962 4868 1169 4921 ἄνωθεν
1182 4868 1429 4938 ἀοράτως
1456 4870 1731 4936 ὲφιπτᾶσα

162 4947 225 5016 τῷ
245 4959 534 5028 ⁷ξαραῶξῳ
563 4959 802 5030 συνείρει
827 4959 1062 5030 θεάματι
1087 4976 1101 4990 ·
1127 4962 1220 5012 καὶ
1239 4960 1299 5030 δὴ
1319 4960 1539 5014 καὶτῶν
1559 4961 1730 5028 ἁγίων

1824 3769 2037 3816 tantum
2061 3764 2175 3816 voti
2209 3763 2509 3831 sponsione
2538 3758 2898 3823 sollicitante,
2932 3776 3230 3829 nusquam,
3267 3763 3413 3831 quod

1826 3856 2005 3918 licuit,
2051 3855 2427 3910 submissione
2477 3862 2530 3908 et
2587 3853 2859 3908 modestia
2911 3852 3185 3921 neglecta,
3241 3869 3407 3921 quant

1825 3963 2010 4011 verso,
2043 3949 2349 4001 orationem
2387 3947 2700 4015 composui.
2741 3944 3058 4008 Enimvero,
3099 3945 3245 3998 haud
3289 3947 3414 4002 ideo

1827 4049 2240 4094 sacramentum
2289 4048 2592 4092 extenuare
2645 4038 2825 4090 oratio
2876 4038 3027 4101 velit,
3097 4054 3412 4108 quanquam

1827 4129 1978 4183 velut
2022 4144 2132 4181 non
2187 4128 2400 4189 tritum,
2454 4141 2554 4180 nec
2591 4127 2720 4181 aliis
2760 4125 3126 4196 disputatum,
3173 4128 3415 4197 primum

1827 4221 2113 4290 explicare
2145 4219 2376 4274 audacia
2413 4218 2720 4273 contendit.
2757 4216 2913 4285 Quod
2946 4217 2990 4272 si
3028 4217 3171 4272 forte
3203 4220 3415 4288 aliquid

1827 4312 1995 4367 etiam
2046 4311 2239 4381 paucis
2308 4309 2763 4365 animadversum
2819 4322 3066 4378 prmsens
3107 4309 3288 4362 oratio
3322 4309 3418 4361 ha-

1830 4405 2012 4460 bitura
2050 4404 2143 4470 sit,
2177 4419 2339 4458 nemo
2364 4403 2618 4457 miretur.
2654 4399 2816 4456 Velut
2845 4400 2995 4454 enim
3025 4401 3414 4469 conjectando,

1830 4504 1997 4566 atque
2032 4503 2086 4550 ut
2123 4511 2280 4551 mens
2308 4495 2486 4565 potuit
2515 4494 2761 4562 assequi,
2797 4509 2991 4547 sumus
3019 4493 3134 4546 haec
3171 4501 3416 4545 (‘Olllt'llt-

1830 4589 2008 4659 plati:
2059 4589 2149 4644 vix
2203 4589 2348 4643 enim
2379 4589 2466 4642 vel
2521 4587 2703 4658 angeli
2768 4603 2881 4641 rem
2921 4595 3185 4640 accurate
3225 4585 3416 4639 edixe-

1833 4682 1964 4735 rint.
1999 4679 2120 4734 Jam
2147 4696 2301 4750 ergo,
2347 4688 2407 4732 ttt
2459 4679 2512 4732 in
2551 4677 2938 4747 superioribus
2975 4677 3242 4741 diximus,
3275 4680 3419 4731 clas-

1833 4775 1912 4830 sis
1978 4775 2067 4828 illa
2107 4773 2217 4828 Deo
2283 4773 2593 4826 amatorum
2656 4785 2796 4840 pene
2858 4770 3286 4826 innumerabilis
3338 4769 3418 4840 (l)

1832 4876 2163 4939 congregata
2204 4874 2357 4929 erat;
2399 4865 2625 4936 forsque
2660 4879 2855 4919 omnes
2897 4865 3208 4920 caelestium
3243 4865 3421 4918 virtu-

1833 4970 1946 5014 tum
1999 4959 2284 5028 spiritales
2325 4957 2576 5020 ordines,
2636 4956 2898 5013 invisibili
2949 4973 2980 5011 e
3026 4957 3166 5012 cmlo
3210 4957 3418 5019 volatu,

166 5040 213 5090 ai
232 5040 514 5120 θεόληπτοι
548 5051 828 5121 παρῆσαν,
867 5047 1044 5124 οἶμαι,
1080 5053 1253 5122 ψυχαὶ
1281 5056 1347 5124 τῇ
1382 5052 1536 5123 κλίνῃ
1569 5070 1722 5122 περι-

1835 5051 1898 5104 ad
1934 5065 2133 5104 novum
2177 5048 2310 5103 illud
2342 5047 2724 5118 spectaculum
2779 5054 3155 5102 convenerant
3189 5061 3203 5098 :
3236 5046 3332 5102 sed
3368 5054 3422 5100 et

279 5191 304 5229 Ὶ
330 5185 428 5253 Isa,
467 5205 543 5252 vt,
579 5187 636 5242 5.

1467 5299 1706 5354 νΑιιιΑτ]
1740 5299 2148 5359 LECTIONES.
2241 5345 2249 5353 .

243 5392 454 5456 "iam.
505 5402 696 5472 μήτις.
783 5441 794 5455 .

1483 5486 1867 5544 COMBEFISII
1892 5489 2126 5548 NOTIE.

232 5573 330 5646 (99)
370 5584 564 5641 Oratio
620 5585 736 5639 haec
780 5580 1010 5636 alterius
1056 5578 1307 5648 proxime
1353 5580 1728 5635 antecedentis

168 5653 464 5724 ριοςερυιίο
520 5663 651 5710 est:
721 5651 998 5724 quomodo
1050 5649 1477 5724 videntur__du:e
1513 5650 1620 5704 illa;
1662 5651 1729 5706 de

162 5722 340 5791 ωερε,
379 5729 494 5780 sive
519 5725 588 5780 ab
619 5720 838 5780 Audi-ea
874 5724 989 5776 sive
1025 5722 1093 5774 ab
1122 5720 1437 5791 alioeditas.

216 5780 282 5848 (ί)
323 5780 564 5852 ’ϐίσσσὶσ
612 5795 710 5850 illa
749 5809 878 5865 pene
919 5790 1347 5847 innumerabilis.
1379 5787 1729 5862 Μυρίανδρος

1835 5583 2041 5647 ἐκεῖνος
2072 5585 2280 5649 στόλος.
2316 5584 2472 5640 Velut
2511 5584 2696 5640 decem
2735 5584 2966 5636 millium
3008 5583 3291 5648 virorum;
3324 5581 3424 5636 sed

1838 5664 1923 5707 est
1966 5665 2150 5710 certus
2207 5671 2475 5710 numerus
2536 5671 2636 5725 pro
2692 5656 2951 5709 incerto:
3001 5669 3101 5707 nec
3148 5654 3294 5708 enim
3343 5661 3424 5709 tot

1841 5729 2067 5796 praecise
2094 5736 2288 5782 auctor
2320 5726 2518 5789 voluit,
2555 5734 2647 5784 aut
2678 5725 2862 5780 dicere
2891 5725 3094 5796 potuit.
