3820 6316
47 428 205 500 1101

1079 445 1174 520 ,ΙΝ
1212 445 1756 507 DORMITIONEM
1790 447 1852 507 S.
1894 444 2183 512 MARLE.
2223 442 2342 503 III.

3217 435 3351 500 1102

55 547 236 602 Ἐκεῖ
275 552 470 624 Πατὴρ
505 555 917 623 προσκυνεῖται,
958 535 1206 618 milia;
1249 555 1558 623 δοξάζεται,
1581 559 1676 610 καὶ

1782 555 1961 611 fontes
1987 556 2134 626 jugis
2178 556 2322 616 vitae,
2371 552 2576 607 ﬂuenta
2626 551 2904 606 manantis
2951 568 2978 605 a
3030 549 3139 607 Deo
3189 551 3367 618 lucis,

47 641 309 715 Πνεῦμα
351 645 506 713 Ξιγιον
557 645 880 716 ἀνυμνεῖται
914 660 926 670 ·
988 647 1022 715 ὴ
1055 646 1236 700 ἑνιαία
1272 647 1372 717 τῆς
1421 649 1552 718 μιᾶς
1609 650 1668 702 έν

48 731 272 800 τριάδι
303 735 562 805 θεότητος
594 737 776 804 φύσις.
805 732 1046 787 Τοιαῦτα
1089 735 1231 789 δοκῶ
1265 753 1356 807 μοι
1382 738 1503 790 τότε
1546 737 1670 801 τοὺς

57 826 416 899 θεολήπτους
443 828 686 891 ἐκείνους
723 828 927 900 ἄνδρας
955 828 1048 880 καὶ
1078 828 1246 896 φάναι
1274 830 1370 884 καὶ
1404 829 1668 900 ὑμνῆσαι,

64 921 167 974 καὶ
207 920 312 972 ὅσα
341 919 555 982 τούτοις
577 919 1044 988 ὑπερανέστηκεν·
1076 919 1138 972 ού
1167 919 1274 990 γὰρ
1305 915 1402 972 οἷδ’
1428 921 1456 973 ὅ
1493 937 1547 972 τι
1576 920 1672 973 καὶ

75 1011 244 1065 πλέον
289 1014 449 1076 εῐπω,
490 1011 565 1082 γῆ
601 1011 694 1064 καὶ
731 1011 924 1073 σποδὸς
974 1011 1259 1082 ὑπάρχων,
1307 1013 1402 1066 καὶ
1446 1011 1508 1065 τὸ
1549 1013 1672 1066 ὅλον

13 1159 18 1162 _
86 1104 315 1174 σαπρία,
355 1103 449 1155 καὶ
485 1102 579 1154 ἴσα
600 1103 713 1164 τοῖς
743 1101 932 1170 ὄφεσιν
960 1103 1053 1155 ἐπὶ
1091 1102 1300 1156 κοιλίαν
1323 1103 1529 1175 ἕρπων.
1562 1103 1670 1157 Καί

93 1211 177 1264 μοι
202 1192 298 1246 τοῦ
331 1191 494 1258 λόγου
527 1189 686 1260 χρέος
717 1192 796 1253 εις
825 1191 1057 1261 δύναμιν
1097 1191 1299 1255 ἱκανῶς
1327 1193 1669 1261 ἀφωσξωται,

96 1283 338 1355 μηδενὸς,
360 1279 541 1352 οἶμαι,
570 1282 1002 1352 παρεωραμένον
1025 1282 1132 1335 τῶν
1156 1285 1236 1348 εἰς
1253 1283 1351 1354 τὴν
1375 1283 1660 1354 παροῦσαν

98 1374 469 1428 συντεινόντων
505 1374 720 1443 ἑορτήν.
753 1373 868 1426 Καὶ
903 1375 957 1426 εἴ
992 1391 1046 1426 τι
1082 1376 1294 1436 τούτοις
1327 1377 1672 1447 συνεισφέροι

93 1487 167 1531 τις
197 1467 547 1537 ὑψηλότερον,
580 1465 678 1517 καὶ
721 1466 856 1536 ἡμῖν
895 1465 1054 1519 τοῦτο
1097 1467 1455 1538 συναγηοχὼς
1495 1468 1669 1530 ἔσται,

93 1561 188 1612 καὶ,
211 1563 278 1630 τῇ
311 1555 615 1626 πανηγύρει
647 1555 936 1610 συνοίσων.
965 1557 1159 1628 Μικρὰ
1195 1558 1252 1611 δὲ
1287 1558 1476 1624 εἰπὼν,
1505 1557 1670 1611 αὐτοῦ

89 1670 189 1704 που
212 1652 312 1723 τὴν
341 1651 581 1720 εἰρεσίαν
606 1648 700 1700 τοῦ
724 1647 885 1714 λόγου
907 1647 1288 1702 διαναπαύσω.
1315 1647 1420 1702 Τοῦ
1448 1649 1546 1717 μὲν
1575 1644 1670 1702 οὖν

91 1743 210 1794 κατ’
259 1741 438 1805 ἀξίαν,
485 1740 690 1808 ὁμοίως
726 1741 930 1802 πάντες
969 1739 1416 1808 ἀπολειπόμεθαο
1480 1739 1576 1792 τοῦ
1613 1739 1672 1792 δὲ

85 1833 187 1902 τὴν
226 1831 431 1885 ἑαυτῶν
475 1829 867 1898 ἐπιδεδειχέναι
896 1829 1149 1899 δύναμιν,
1201 1829 1314 1882 ἴσον
1343 1829 1576 1882 ἑκάστου
1609 1829 1672 1882 τὸ

1774 646 1923 700 ﬂuvii
1974 647 2099 700 vivo
2137 659 2357 713 semper
2414 643 2564 696 fonte
2608 640 2882 698 allluentis
2939 642 3186 698 luminis.
3239 642 3359 697 Illic

1774 735 1899 792 ﬁnis
1935 747 2015 791 est
2064 735 2314 790 omnium
2344 734 2475 788 olim
2525 733 2577 786 in
2623 749 2722 803 spe
2764 733 3072 804 positorum
3097 771 3114 797 ,
3146 741 3202 787 et
3235 747 3360 803 qua

1773 829 1934 883 modo
1988 835 2312 899 sperantur,
2380 827 2687 896 complexio
2749 828 2999 881 omnium
3059 827 3356 890 bonorum,

1772 938 1963 977 eorum
2003 921 2378 977 manifestatiu
2411 937 2532 990 quin
2557 921 2799 985 occulta,
2844 936 2946 976 nec
2981 920 3086 976 nisi
3125 921 3180 975 id
3217 928 3356 976 tem-

1774 1017 1925 1085 poris
1950 1014 2344 1084 conspicienda
2376 1027 2544 1068 sunt:
2589 1011 2716 1072 linis
2746 1014 2997 1077 ultimus,
3033 1015 3176 1069 ultra
3193 1029 3356 1084 quem

1773 1106 1906 1160 nihil
1948 1106 2175 1160 omnino
2209 1105 2315 1160 sit.
2351 1103 2465 1158 lllic
2519 1104 2781 1158 aduratur
2828 1103 3010 1168 Pater,
3072 1112 3126 1160 et
3175 1103 3357 1168 Filius

1771 1195 2135 1266 gloriﬁcatur,
2162 1209 2228 1249 ac
2255 1195 2492 1250 canticis
2516 1195 2827 1248 celebratur
2851 1193 3089 1260 Spiritus
3109 1205 3356 1255 sanctus.

1772 1283 2054 1338 individua
2087 1281 2178 1358 illa
2210 1290 2407 1336 natura
2463 1284 2632 1336 unius
2684 1281 2737 1334 in
2787 1280 3058 1336 Trinitate
3107 1280 3354 1336 deitatis.

1776 1375 2100 1444 llujusmudi
2149 1387 2302 1443 puto,
2334 1369 2596 1428 dicebant
2631 1373 3095 1443 celebrabantque
3129 1373 3231 1426 viri
3277 1373 3356 1426 illi

1773 1465 1886 1520 Deo
1919 1465 2119 1530 alllati,
2169 1473 2338 1534 atque
2384 1465 2452 1520 iis
2499 1464 2828 1520 sublimiora
2863 1481 2878 1516 :
2915 1478 3024 1516 non
3060 1463 3206 1516 enim
3239 1462 3358 1517 scio

1772 1556 1905 1628 quid
1937 1557 2176 1626 amplius
2205 1557 2408 1620 dicam,
2434 1555 2530 1627 qui
2570 1555 2674 1611 sim
2709 1565 2854 1610 terra
2880 1563 2935 1609 et
2967 1554 3130 1620 cinis,
3179 1569 3360 1618 merae

1771 1666 1881 1718 que
1910 1649 2164 1718 putredo,
2190 1663 2255 1702 ac
2287 1649 2434 1703 velut
2465 1662 2692 1717 serpens
2740 1655 2931 1701 ventre
2964 1661 3173 1715 repam.
3209 1641 3360 1698 Satis

1773 1757 1904 1798 vero
1964 1757 2063 1812 pro
2112 1742 2258 1796 virili
2315 1740 2593 1796 sermonis
2642 1738 2827 1793 debito
2861 1737 3154 1792 defunctus
3189 1751 3355 1798 sum,

1775 1835 1946 1897 nullo,
1970 1841 2028 1887 ut
2049 1832 2312 1896 arbitror,
2369 1833 2603 1896 omisso,
2632 1844 2825 1884 eorum
2855 1843 2978 1898 qua:
3007 1834 3260 1897 spectant
3288 1825 3358 1881 ad

91 1919 390 1989 πρόθυμον.
423 1919 646 1985 Δέξεται
670 1919 728 1972 δὲ
749 1917 912 1988 ἡμῶν
938 1918 1036 1972 καὶ
1063 1918 1275 1981 τοῦτον,
1320 1913 1382 1970 εὖ
1412 1914 1549 1982 οἶδα,
1577 1917 1666 1970 τὸν

1773 1928 2063 1997 praesentis
2099 1925 2210 1980 diei
2275 1925 2501 1980 festum.
2541 1922 2637 1978 Sin
2677 1922 2882 1992 aliquis
2919 1920 3214 1976 sublimius
3256 1919 3359 1972 ali-

97 2010 423 2080 βραχύτατον
443 2009 656 2080 λόγονή
695 2008 931 2062 τεκοῦσα
964 2008 1056 2061 τὸν
1089 2008 1247 2077 λόγον
1275 2025 1289 2038 ·
1335 2009 1428 2062 καὶ
1451 2007 1677 2062 avum.

1771 2020 1902 2090 quid
1937 2020 2004 2074 ad
2035 2020 2148 2074 hac
2173 2017 2486 2084 contulerit,
2519 2023 2572 2071 et
2602 2015 2763 2070 nobis
2793 2014 2923 2068 illud
2954 2013 3265 2084 collegerit,
3303 2020 3370 2066 et.

97 2119 174 2154 σει
203 2102 304 2172 οὐχ
335 2101 434 2154 ὅσα
463 2100 566 2169 μὲν
598 2101 730 2163 ἴσως
771 2097 1056 2170 αἰτοῦμεν,
1089 2099 1192 2152 ὅσα
1227 2099 1285 2152 δὲ
1324 2101 1544 2163 πάντως
1581 2100 1677 2154 λα-

96 2194 206 2247 ϐεῖν
236 2196 404 2264 ἐσμεν
441 2191 604 2256 ἄξιοι.
634 2191 788 2245 Φιλεῖ
818 2190 928 2262 γὰρ
962 2193 994 2260 ἡ
1033 2192 1300 2258 πανάγιος
1331 2191 1407 2255 ὼς
1436 2191 1675 2245 πολύδω-

91 2301 204 2354 ρος,
258 2285 354 2336 καὶ
403 2284 510 2335 τῶν
551 2282 911 2353 βραχυτάτων
958 2280 1286 2335 ἀντιδιδόναι
1325 2281 1394 2334 τὰ
1423 2282 1668 2351 μείζονα.

87 2377 196 2429 Καὶ
243 2371 343 2428 ὦδε
399 2375 498 2446 μὲν
552 2375 726 2429 ταῦτα
757 2375 965 2444 ἐχέτω·
1005 2376 1168 2442 ἡμεῖς
1223 2373 1301 2440 δὲ,
1349 2367 1396 2427 ὦ
1437 2373 1667 2446 λαμπρὰ

87 2469 182 2518 καὶ
245 2466 690 2536 περιφανεστάτη
751 2466 1057 2536 πανήγυρις
1109 2463 1302 2535 (καλῶ
1349 2465 1458 2535 γὰρ
1507 2462 1662 2528 αὖθις

89 2557 233 2625 ὑμᾶς
269 2557 405 2628 πρὸς
434 2558 496 2610 τὸ
530 2556 623 2610 τοῦ
654 2558 816 2625 λόγου
864 2556 1305 2626 συμπέρασμα),
1343 2556 1524 2626 δεῦρο,
1563 2556 1664 2626 τῆς

91 2647 239 2716 ἱερᾶς
275 2647 607 2718 προπομπῆς
637 2645 731 2699 τοῦ
754 2645 1090 2716 παρθενικοῦ
1115 2645 1366 2715 σώματος
1404 2645 1664 2717 προεξερ-

91 2753 292 2806 χοντες,
330 2737 548 2808 ᾄδωμεν
577 2737 891 2807 ὲπικήδεια,
932 2737 1029 2790 καὶ
1054 2738 1176 2799 ταῖς
1214 2740 1294 2800 εἰς
1335 2737 1566 2807 δύναμιν
1590 2754 1670 2791 τι-

93 2832 220 2898 μαῖς
259 2826 701 2901 στεφανώσωμεν
745 2829 847 2898 τῆς
901 2829 1099 2900 ἑορτῆς
1153 2829 1252 2900 τὴν
1302 2830 1665 2901 ἐξάρχουσαν.

103 2921 188 2984 Ὡς
231 2922 298 2975 ἂν
330 2922 388 2974 δὲ
431 2921 594 2974 τοῦτο
638 2921 1104 2993 περιφανέστερον
1154 2925 1385 2989 γένοιτο,
1440 2923 1672 2992 παρήτω

95 3013 240 3068 πᾶσα
281 3017 516 3086 σήμερον
554 3014 826 3085 οὐρανίων
882 3014 979 3068 καὶ
1031 3014 1291 3082 ἐπιγείων
1337 3015 1668 3086 πανήγυρις,

95 3107 183 3158 καὶ
218 3107 620 3179 συμπληρούτω
657 3123 746 3176 μοι
783 3105 882 3176 τὴν
920 3105 1122 3172 ἐξόδιον
1162 3104 1419 3176 ῦμνησιν,
1461 3107 1516 3158 ἐν
1544 3104 1669 3158 τού-

95 3213 200 3262 τοις
232 3199 600 3270 συγκειμένην
635 3201 748 3261 τοῖς
787 3199 1048 3268 ῥήμασιν.

1769 2111 1916 2180 quod
1944 2109 2246 2166 conventui
2289 2125 2352 2164 ac
2381 2107 2694 2164 celebritati
2729 2106 2865 2160 utile
2895 2107 2989 2162 sit.
3040 2103 3143 2159 Ubi
3189 2119 3357 2174 porro

1770 2217 1943 2271 pauca
1977 2202 2188 2268 dixero,
2220 2220 2248 2254 a
2275 2201 2551 2256 sermonis
2574 2201 2723 2256 velut
2752 2198 2980 2270 remigio
3009 2206 3064 2252 et
3089 2196 3356 2252 eunciuue

1768 2294 2024 2349 cessabo.
2061 2292 2328 2363 Equidem
2355 2291 2521 2347 simili
2553 2306 2746 2346 omnes
2766 2290 2979 2346 delectu
3013 2288 3352 2352 laboramus,

1773 2393 1832 2438 ut
1868 2400 1936 2439 ne
1969 2399 2066 2453 pro
2094 2383 2387 2453 dignitate,
2431 2383 2575 2452 quod
2609 2383 2684 2435 rei
2719 2389 2804 2438 est
2847 2381 3351 2436 celebraverimus:

1775 2483 1832 2530 ut
1861 2487 2045 2531 autem
2076 2475 2210 2546 quid
2237 2476 2475 2544 quisque
2511 2473 2692 2544 possit
2717 2472 3150 2535 ostenderimus,
3199 2487 3357 2541 atque

1773 2578 2020 2639 prompta
2057 2569 2256 2637 cuique
2314 2567 2590 2622 voluntas.
2630 2565 2803 2621 Porro
2857 2565 2994 2620 bene
3020 2564 3176 2630 novi;
3206 2562 3356 2617 hunc

1771 2675 1988 2730 quoque
2019 2660 2402 2715 brevissimum
2448 2672 2800 2721 sermonem,
2845 2647 3133 2714 Sermonis
3183 2653 3356 2710 Mater

1771 2751 1866 2806 illa
1897 2762 2226 2822 susceptura
2250 2762 2355 2813 est,
2390 2750 2656 2820 dabitque
2689 2749 2830 2804 haud
2865 2749 3084 2819 quidem
3116 2746 3257 2802 forte
3307 2745 3354 2802 si

1773 2856 1891 2910 quae
1938 2843 2216 2912 petimus;
2263 2844 2487 2896 omnino
2532 2852 2716 2896 autem
2745 2840 2790 2897 si
2818 2856 2943 2910 qua:
2981 2838 3134 2910 digni
3162 2853 3354 2894 sumus

1772 2931 2051 3001 accipere.
2089 2931 2291 2988 Libens
2330 2935 2502 2997 enim,
2537 2931 2896 2986 sanctissima
2931 2945 3058 2984 cum
3094 2926 3353 2982 muniﬁca

1774 3022 1868 3083 sit,
1903 3037 2000 3092 pro
2034 3023 2425 3078 minutissimis
2455 3022 2665 3089 majora
2701 3021 2978 3075 retribuit.
3013 3019 3078 3073 Et
3105 3019 3218 3074 haec
3235 3019 3355 3088 qui-

1769 3111 1893 3167 detn
1940 3112 2012 3166 ita
2046 3114 2320 3180 habeant;
2356 3123 2412 3168 tu
2444 3122 2648 3177 autent,
2673 3129 2705 3166 ο
2731 3111 2995 3184 praeclara
3042 3109 3354 3166 illustrissi-

1772 3217 1969 3272 maque
1997 3205 2233 3259 concio:
2266 3220 2366 3258 vos
2400 3205 2548 3259 enim
2585 3219 2780 3258 rursus
2817 3201 2886 3256 ad
2935 3202 3349 3273 perorationem

100 3296 291 3363 invito;
321 3298 525 3359 venite,
561 3309 626 3350 ac
654 3308 827 3350 sacrae
855 3291 1140 3360 virginalis
1167 3293 1416 3362 corporis
1487 3308 1697 3364 pompae
1770 3308 2095 3366 praeeuntes,
2146 3299 2408 3355 l‘nneritia
2465 3313 2770 3364 canamus,
2821 3299 3069 3368 totisque
3123 3297 3338 3350 viribus

97 3403 210 3442 eam
231 3390 532 3445 honoribus
552 3401 908 3452 coronentus,
937 3401 1059 3456 qua!
1083 3384 1284 3440 festum
1346 3385 1488 3438 diem
1543 3385 1800 3442 initiavit.
1870 3389 1940 3446 Ut
1984 3403 2168 3448 autem
2223 3393 2326 3448 hoc
2367 3391 2710 3464 splendidius
2759 3392 2877 3456 (lat,
2919 3401 3118 3462 praesto
3189 3389 3353 3445 hodie

101 3483 168 3536 sit
193 3485 444 3538 universa
472 3482 778 3538 calestium
813 3495 879 3536 ac
909 3481 1267 3536 terrestrium
1300 3479 1525 3544 concio,
1548 3496 1873 3553 mecumque
1923 3486 2179 3541 exodium
2239 3487 2522 3541 canticum
2587 3500 2651 3540 ac
2729 3483 3020 3540 lunebrem
3064 3483 3344 3540 laudatio-

107 3590 240 3638 nem,
278 3575 428 3630 hisce
457 3583 776 3644 conceptam
809 3573 1014 3634 verbis.
1067 3572 1310 3642 impleat.

181 3669 431 3739 ’Δπῆρεν,
461 3667 675 3737 ἀπῆρεν
701 3667 734 3736 ὴ
757 3662 1080 3736 παρεμϐολὴ
1112 3663 1204 3717 τοῦ
1234 3663 1370 3717 Θεοῦ
1401 3664 1508 3716 ἀπὸ
1533 3681 1664 3734 σκη-

1841 3667 2244 3731 Discesserunt,
2279 3667 2660 3724 discesserunt
2691 3674 2870 3720 castra
2907 3666 3002 3721 Dei
3031 3709 3044 3728 ,
3089 3681 3118 3720 a
3159 3667 3348 3739 taber-

110 3759 356 3828 νημάτων
387 3758 602 3829 Κηδὰρ,
655 3756 791 3826 πρὸς
841 3756 937 3818 τὰς
982 3753 1180 3816 ἁΰλους
1203 3753 1296 3806 καλ⁵
1328 3751 1664 3816 παλινζώους

117 3852 317 3922 σκηνάς.
359 3849 658 3905 ’Δπέλαϐεν
679 3851 716 3918 ἡ
747 3847 942 3918 σκηνὴ,
971 3848 1068 3916 τῆς
1103 3845 1336 3916 νομικῆς
1366 3846 1400 3916 ἡ
1436 3845 1666 3920 ἀρχέτυ-

116 3947 337 4016 tegens
377 3946 750 4016 ὑπερκόσμιον
785 3943 1040 4007 κιϐωτὸν,
1063 3936 1130 4014 ἧς
1171 3940 1342 4003 τύπος
1382 3941 1416 4011 ἡ
1447 3939 1661 4009 νομική-

121 4057 138 4089 t
169 4043 328 4113 Ἦρθη
373 4041 484 4094 τῶν
539 4041 653 4094 ἂνω
701 4038 881 4108 θυρῶν
908 4038 970 4092 τὸ
1002 4037 1334 4108 ὑπέρθυρον,
1375 4053 1395 4087 ι
1446 4035 1532 4088 ἵνα
1570 4033 1667 4104 τὴν

119 4133 346 4206 ὑπεράνω
379 4135 474 4189 τοῦ
504 4133 646 4188 Θεοῦ
673 4133 852 4202 πύλην
876 4133 984 4185 τῶν
1017 4131 1286 4197 οὐρανίων
1318 4130 1387 4183 τὰ
1419 4128 1670 4200 βασίλεια

123 4222 384 4292 βασιλικῶς
423 4225 864 4296 ἑγκολπὼσηται.
923 4221 1288 4286 Ὑποδέξασθε
1322 4221 1511 4291 αὐτὴν,
1543 4219 1668 4272 λευο

125 4319 465 4386 χειμονοῦντες
497 4317 741 4385 ἅγγελοιο
775 4315 1081 4386 ὑμνήσατε,
1115 4311 1353 4384 ούρανοίο
1384 4311 1667 4376 δοξάσατε,

125 4415 340 4479 γηγενεῖς
363 4428 377 4442 ·
410 4409 663 4481 ὑψώσατε
711 4427 730 4460 ι
770 4406 866 4478 τὴν
900 4405 1056 4460 πόλιν
1093 4403 1188 4457 τοῦ
1222 4402 1360 4456 Θεοῦ
1393 4403 1489 4456 τοῦ
1517 4403 1671 4472 βασι-

127 4496 236 4564 λέιιις
259 4501 346 4556 τοῦ
367 4500 630 4572 μεγάλου.
663 4518 682 4551 ι
718 4499 818 4568 Γῆ,
847 4497 1236 4569 έπικρότησον,
1259 4495 1666 4563 ἀνευφήμησον,

127 4587 342 4665 διήγησαι
381 4585 500 4664 ’τῆς
559 4590 838 4664 Παρθένου
890 4589 962 4643 τὰ
1014 4587 1226 4652 ἔνδοξα,
1284 4587 1380 4639 τοῦ
1407 4588 1568 4640 τόκου
1603 4585 1670 4638 τὰ

128 4685 399 4754 σπάργανα,
430 4683 526 4738 τοῦ
548 4683 728 4752 τάφου
753 4683 823 4736 τὰ
855 4675 1140 4751 θαύματαο
1167 4678 1284 4742 πῶς
1327 4679 1523 4748 ἐτάφη.
1555 4677 1671 4740 πῶς

125 4777 382 4846 μετετέθη·
413 4773 531 4832 πῶς
557 4777 586 4828 ό
611 4772 782 4842 τάφος
815 4771 1011 4844 ὁρᾶται
1053 4770 1210 4833 κενὸς
1257 4766 1667 4838 προσκυνούμε-

123 4875 212 4928 νος.
249 4866 492 4929 Ἰουδαία,
522 4865 723 4933 σύναγε
757 4865 886 4925 τοὺς
917 4861 1069 4925 υἱούς
1122 4877 1217 4913 σου
1244 4878 1259 4891 ·
1292 4861 1530 4930 κήρυττε
1570 4859 1669 4928 τὴν

117 4949 168 5017 ἕξ
207 4957 362 5014 Ἰούδα
417 4957 760 5030 βασίλισσαν,
799 4955 1013 5026 Θάρσει,
1069 4952 1144 5024 μὴ
1201 4951 1369 5023 φοϐοῦ
1393 4968 1404 4980 ·
1442 4952 1668 5022 ὲόρταζε

111 5043 204 5111 τὰς
232 5051 410 5123 ἑορτάς
442 5069 562 5114 σου,
607 5051 671 5104 Ἰε
683 5048 959 5120 ρουσαλήμ
992 5063 1006 5076 ·
1035 5045 1364 5116 ἀναϐόησον,
1391 5044 1661 5110 όλόλυξον,

103 5142 411 5215 πρόπεμψον
443 5143 538 5197 τοῦ
568 5143 703 5196 Θεοῦ
720 5142 820 5213 τὴν
855 5137 1209 5211 μητρόπολιν,
1256 5137 1424 5205 eam
1451 5139 1666 5190 Δαυῖτι-

91 5225 235 5297 κεκ,
261 5235 376 5305 λέγε
427 5235 672 5307 τρανῶς·
725 5251 744 5285 ι
803 5233 890 5284 Ἑν
943 5229 1106 5300 ἐξόδῳ
1139 5227 1352 5300 Ἰσραὴλ
1393 5226 1452 5291 ἐξ
1497 5225 1664 5295 Myti-

192 5367 353 5426 ‘Psal.
408 5385 556 5434 cux,
595 5369 648 5423 5.

725 5365 752 5405 ἀ
783 5363 949 5419 Hebr.
981 5376 1100 5426 vm,
1135 5360 1188 5414 5.
1269 5369 1292 5397 θ
1329 5355 1435 5412 lsa.
1472 5375 1545 5419 vr,
1587 5357 1637 5432 l.
1715 5357 1732 5395 τ
1772 5356 1919 5413 Psal.
1964 5371 2135 5420 sunt,
2192 5358 2246 5411 5.

1769 3759 1982 3814 naculis
2015 3757 2192 3813 Cedar
2222 3769 2269 3824 ο,
2299 3759 2363 3813 ad
2383 3760 2707 3830 incorporea
2733 3769 2788 3814 et
2822 3774 2978 3812 novae
3001 3759 3127 3813 vita:
3159 3733 3343 3814 taber-

1768 3851 1988 3904 uacula.
2029 3849 2257 3916 Recepit
2299 3850 2714 3905 tabernaculum
2768 3849 2926 3914 illud,
2967 3850 3157 3920 legalis
3190 3849 3338 3904 illius

1768 3943 2052 4012 exemplar
2083 3940 2134 4006 δ,
2163 3939 2460 3996 Ctelestem
2495 3956 2680 3996 arcam
2716 3958 2731 3995 :
2766 3940 2928 4010 cujus
2961 3956 3091 3996 arca
3148 3941 3340 4012 legalis

1769 4034 1941 4105 ﬁgura
1966 4045 2092 4090 est:
2130 4054 2148 4086 ι
2191 4035 2472 4092 ΕΙονιιιιιιη
2515 4043 2602 4090 est
2655 4035 3080 4104 superliminare
3119 4046 3142 4074 ο
3178 4053 3196 4086 ι
3232 4051 3346 4092 coe-

1771 4129 1988 4183 lestiutn
2039 4136 2349 4196 portarum,
2397 4137 2456 4180 ut
2486 4125 2578 4182 Dei
2613 4126 3059 4196 supercmlestetn
3103 4137 3344 4197 portam,

1771 4220 2035 4275 caelorum
2059 4219 2231 4288 regia,
2263 4219 2430 4290 regali
2458 4219 2864 4288 magniﬁcentia
2896 4217 3021 4272 sinu
3055 4219 3342 4288 suscipiat.

1774 4311 2038 4374 Voseam,
2057 4311 2257 4383 angeli,
2285 4311 2524 4366 candido
2549 4312 2750 4366 vestitu
2769 4311 3077 4381 suscipite;
3103 4309 3343 4375 laudate,

1771 4406 1932 4466 coeli;
1966 4405 2272 4476 terrigenae,
2314 4405 2661 4474 gloriﬁcate;
2697 4415 2749 4458 et
2781 4423 2800 4456 ι
2839 4404 2958 4468 Dei,
2995 4407 3164 4478 Regis
3196 4404 3349 4460 illius

1774 4497 1955 4564 magni
1980 4495 2260 4551 civitatem
2285 4496 2305 4535 ί
2339 4515 2358 4547 ι
2384 4497 2645 4552 exaltate.
2682 4497 2862 4552 Salias
2884 4537 2899 4560 ,
2926 4504 3072 4551 terra
3095 4496 3346 4560 ,celebra

1771 4588 1921 4642 clara
1958 4589 2122 4653 fatua,
2156 4587 2404 4654 Virginis
2432 4590 2662 4658 gloriam
2694 4603 2926 4652 enarra,
2966 4603 3202 4658 pannos,
3255 4587 3341 4640 in-

1773 4695 1957 4750 quam,
1995 4679 2313 4750 puerperii,
2375 4677 2617 4750 sepulcri
2677 4679 2944 4733 miracula
2999 4696 3012 4732 :
3072 4678 3349 4748 quomodo

1773 4769 1985 4836 sepulta
2019 4769 2114 4833 sit,
2146 4768 2422 4837 quomodo
2463 4767 2756 4833 translata,
2808 4777 2866 4823 ut
2897 4783 3130 4824 vacuum
3161 4770 3350 4838 sepul-

1774 4877 1928 4914 crum
1957 4859 2149 4926 honori
2170 4859 2459 4914 habeatur.
2489 4858 2698 4927 Judtea,
2724 4875 2996 4932 congrega
3029 4870 3155 4917 tuos
3182 4861 3347 4928 ﬁlios;

1777 4953 2015 5024 pratdica
2076 4960 2253 5007 ortam
2320 4967 2385 5006 ex
2419 4949 2556 5006 Ιἰιιιιιι
2589 4951 2891 5020 Reginam;
2924 4951 3160 5016 conﬁde,
3185 4967 3253 5007 ne
3281 4953 3352 5007 ti-

1773 5045 2008 5109 mueris;
2042 5059 2139 5113 age
2173 5043 2312 5099 festa
2351 5051 2464 5108 tua,
2494 5042 2834 5110 Jerusalem;
2869 5043 3350 5113 succlatna,plau-

1770 5135 1860 5196 de,
1883 5134 2061 5189 deduc
2094 5133 2187 5189 Dei
2221 5135 2367 5188 illam
2403 5137 2776 5202 metropolim.
2810 5135 2990 5191 Psalle
3008 5135 3167 5206 juxta
3186 5132 3349 5187 Davi-

1769 5226 1928 5291 dem;
1963 5228 2048 5282 dic
2071 5228 2259 5281 clare:
2294 5245 2312 5279 ι
2349 5226 2409 5281 In
2431 5228 2581 5282 exitu
2604 5227 2768 5283 Israel
2792 5228 2860 5284 de
2883 5227 3170 5299 Egyptot
3205 5225 3377 5294 (11).»

2327 5361 2354 5399 ⁸
2375 5357 2522 5413 Psal.
2554 5375 2713 5423 cuit,
2755 5362 2800 5414 Ι.

1419 5501 1812 5558 COMBEFISII
1849 5502 2082 5558 NOTA‘I.

193 5604 280 5677 (ll)
337 5608 401 5664 In
429 5608 575 5663 exitu
617 5604 787 5662 Israel
821 5605 884 5658 de
940 5601 1196 5677 Egypto.
1237 5599 1406 5654 Plane
1441 5614 1659 5677 accom-

136 5671 504 5734 mndatissimns
559 5678 841 5747 psalmus,
918 5671 1123 5747 mundo
1175 5671 1281 5725 hoc
1329 5671 1658 5747 exeuntibus

132 5748 301 5804 8"lctis
351 5740 674 5812 animabus;
733 5746 1022 5802 submerso
1069 5743 1182 5809 jam
1237 5740 1458 5810 penitus
1508 5740 1658 5794 .Pha-

133 5817 287 5889 ἵδρυε.
318 5834 379 5873 ac
405 5819 646 5889 perlecta
675 5817 930 5889 libertate
961 5823 1114 5889 parta
1137 5827 1307 5889 ;_quze
1331 5825 1471 5889 sane
1502 5812 1659 5889 nobis

132 5879 284 5944 "liuor
305 5879 681 5957 esﬁquandiu
711 5889 767 5942 in
804 5879 1061 5940 Imma—nis
1096 5879 1330 5948 agimus.
1367 5879 1480 5936 Nec
1509 5882 1654 5938 enim

1767 5601 2035 5664 interim,
2103 5602 2268 5655 etiam
2331 5598 2704 5655 sanctis<imis
2771 5597 2972 5652 desunt
3047 5597 3362 5662 ἀναγκαιοε

1766 5671 1913 5742 πάθη
1975 5672 2090 5736 illa,
2129 5671 2332 5742 saltem
2395 5671 2664 5742 corporis.
2699 5668 2873 5742 Habet
2925 5667 3111 5742 etiam“
3148 5667 3350 5742 ltegius

1765 5734 1960 5806 codex,
2004 5734 2084 5796 n.
2115 5740 2242 5804 955,
2285 5734 2508 5796 nomine
2549 5741 2724 5794 sancti
2782 5737 3014 5792 Joannis
3050 5734 3350 5792 Thessalo-

1765 5812 2012 5867 nicensis
2041 5813 2217 5867 fusam
2267 5811 2562 5866 admodum
2591 5810 2920 5869 orationem,
2967 5807 3213 5873 ejusdem
3254 5822 3350 5861 ar-

1765 5885 2031 5954 gumenti,
2070 5885 2122 5938 in
2158 5897 2264 5952 qua
2297 5897 2396 5936 ceu
2435 5897 2499 5936 ex
2533 5879 2764 5936 historia
2821 5880 3102 5935 inducitur
3155 5877 3348 5933 Petrus
