3820 6316
63 357 254 427 ιιοδ

1091 361 1170 424 ΙΝ
1216 360 1760 426 DORMITIONEM
1817 349 2192 411 SJIARI/E.
2225 349 2339 408 III.

3240 339 3379 405 1106

66 489 190 525 σον
228 479 344 546 τῆς
382 475 641 544 κιννύρας
682 471 749 526 τὰ
787 471 1111 544 κρούσματα
1135 488 1148 502 ·
1171 473 1413 526 κάλεσον
1441 473 1540 536 τὰς
1565 490 1716 542 παρ-

1829 477 1914 516 am
1946 463 2128 532 pulsa,
2162 476 2296 516 voca
2328 457 2594 530 virgines,
2634 472 2905 530 congrega
2935 463 3222 512 cantorum
3256 460 3382 508 cho-

67 563 312 631 θένους
336 584 351 597 ·
389 567 664 634 συνάγαγε
697 568 824 630 τοὺς
860 568 1060 634 χοροὺς
1111 565 1220 619 τῶν
1273 567 1512 637 ᾀδόντων
1535 585 1548 598 ·
1613 584 1705 638 χο-

73 658 274 725 ρείας
303 659 581 724 διάταξαι,
616 659 792 712 ὀπίσω
830 659 929 728 τῆς
959 657 1147 727 κλίνης
1188 657 1554 726 τρεχέτωσαν,
1599 658 1704 727 πρὸ

79 750 209 819 τῆς
241 752 466 822 κλίνης,
496 753 636 820 μετὰ
695 751 794 821 τὴν
844 751 1035 822 κλίνην
1089 751 1482 819 ἡγείσθωσαν
1517 751 1706 821 κύκλῳ

84 843 209 910 τῆς
254 843 428 914 σοροῦ
457 843 858 913 χορευέτωσαν.
900 842 1031 896 Ἰδοὺ
1052 846 1162 909 γάρ
1214 844 1248 908 ἡ
1287 842 1378 896 νέα
1419 844 1515 910 τῆς
1545 843 1704 915 δόξης

94 933 364 995 κιϐωτος
392 931 488 984 τοῦ
523 930 684 992 Θεοῦ,
716 924 830 1001 ἐνῇ
863 948 880 981 ι
919 931 952 998 ὴ
1011 930 1252 1000 στάμνος
1284 933 1314 998 ὴ
1358 931 1700 1000 ⁸πάγχρυσος,

4 1021 6 1023 ’
104 1024 214 1074 καὶ
249 1024 284 1089 ἡ
323 1018 515 1085 ῥάϐδος
544 1017 761 1086 ’Λαρὼν
800 1018 832 1084 η
875 1016 1248 1084 βλαστήσασα,
1282 1016 1374 1069 καὶ
1409 1018 1463 1068 αἱ
1497 1018 1701 1080 πλάκες

114 1109 227 1178 τῆς
255 1107 552 1173 διαθήκης.
581 1123 598 1155 t
635 1104 771 1156 Ἰδοὺ
805 1105 865 1156 τὸ
889 1103 1184 1170 κεφάλαιον
1230 1105 1356 1170 περὶ
1396 1096 1455 1155 οὗ
1481 1105 1530 1156 oi
1567 1123 1703 1174 χρη.

125 1196 343 1267 σμῳδῖι
375 1192 482 1245 τῶν
514 1190 811 1260 προφητῶν
838 1189 1231 1258 ἐκεκράγεσαν.
1258 1191 1390 1244 Ἰδοὺ
1413 1192 1444 1260 ἠ
1474 1193 1701 1260 κλίμαξ,

131 1291 198 1358 ἦν
224 1287 294 1338 τά
326 1285 445 1337 θεῖα
483 1283 800 1353 μυούμενος
843 1283 872 1334 6
911 1280 1108 1334 Ἰακὼϐ
1157 1281 1440 1344 ἐθεάσατο,
1481 1287 1608 1354 περὶ
1638 1287 1703 1356 ἣν

136 1379 280 1448 ἑώρα
309 1378 434 1437 τοὺς
452 1375 719 1442 ἀγγέλους
742 1373 834 1427 τοῦ
855 1373 990 1426 Θεού
1017 1373 1277 1428 ἁναϐαίνο
1293 1392 1406 1437 πτας
1427 1377 1522 1429 καὶ
1543 1396 1706 1430 κατα-

137 1471 442 1532 ϐαίνοντας,
475 1468 598 1536 ἥτις
627 1465 760 1518 ποτὲ
790 1461 856 1535 ἦν
889 1465 918 1533 ἡ
947 1464 1125 1518 τοιάδε
1169 1465 1475 1528 κατάϐασις
1505 1466 1536 1537 ἢ
1573 1469 1703 1521 ἀνά.

139 1565 292 1622 61m;
313 1579 329 1594 ·
360 1559 498 1630 αὕτη
543 1560 654 1612 τῶν
685 1559 932 1628 οὐρανῶν
973 1559 1005 1627 ὴ
1039 1556 1182 1626 πύλη
1212 1597 1227 1621 ,
1275 1559 1401 1628 περὶ
1435 1555 1502 1631 ἧς
1549 1555 1704 1612 εἶπεν

144 1658 348 1717 ίκεῖνος
376 1671 390 1684 ο
431 1671 451 1706 ι
491 1653 580 1715 Ὠς
616 1651 844 1722 φοϐερὸς
884 1652 913 1704 6
963 1651 1129 1714 τόπος
1182 1643 1380 1712 obtegi
1433 1652 1531 1704 οὐκ
1587 1651 1702 1703 ἔστι

146 1749 317 1807 τοῦτο,
343 1747 450 1798 ἁλλ’
473 1745 507 1814 ἢ
534 1741 682 1805 οἰκος
711 1744 872 1796 Θεοῦ·
893 1744 992 1796 καὶ
1014 1742 1156 1813 αὕτη
1178 1743 1213 1813 ἡ
1247 1742 1392 1811 πύλη
1417 1743 1510 1795 τοῦ
1533 1743 1700 1811 οὐρα·

147 1837 261 1896 νοῦ.
293 1855 313 1889 ι
340 1836 471 1891 Ἰδοὺ
496 1837 556 1890 τὸ
583 1835 906 1906 ἱλαστήριον
927 1834 987 1888 τὸ
1015 1835 1107 1887 ἐπὶ
1129 1833 1236 1886 τῶν
1254 1832 1432 1900 ἁγίων
1446 1833 1638 1902 Ἀγιον
1661 1837 1711 1868 ⁷⁸

142 1931 388 1979 ανατευὲν
442 1929 542 1996 τῆς
580 1928 885 1997 θεομύστου
940 1931 1147 1999 σκηνῆς
1197 1941 1294 1982 και
1321 1929 1429 1982 τῶν
1480 1931 1711 1986 ἀδύτων.

145 2017 233 2069 νῦν
266 2018 362 2088 μὲν
417 2023 538 2081 ταῖς
581 2019 922 2089 Σεραφικαῖς
952 2022 998 2054 ⁷³
1025 2021 1533 2094 κατασκιαζόμενον
1583 2023 1716 2078 πτέ-

153 2108 260 2178 ρυξι
280 2125 294 2139 ·
325 2109 414 2163 νῦν
439 2110 498 2162 δὲ
527 2110 627 2173 τὰς
658 2110 822 2180 ἡμῶν
852 2113 1128 2181 ἁμαρτίας
1157 2113 1248 2165 διὰ
1271 2113 1370 2183 τῆς
1407 2113 1584 2183 Ἰησοῦ
1616 2132 1719 2184 μυ-

157 2198 329 2268 στικῆς
379 2199 676 2263 ἐποπτείας
735 2200 1192 2270 ἐξιλασκόμενον·
1245 2203 1430 2256 ούκέτι
1485 2205 1719 2275 νομικῆς

157 2286 375 2352 δουλείας
411 2288 573 2359 ζυγὸς
611 2290 690 2361 τῷ
721 2293 962 2363 ἀληθινῷ
983 2293 1200 2365 Ἰσραὴλ
1228 2295 1557 2359 ἐπιτίθεται,
1581 2297 1718 2366 Χρι-

165 2380 274 2432 στοῦ
301 2381 388 2451 τὴν
420 2382 734 2454 ἐλευθερίαν
779 2386 914 2455 ἡμῖν
943 2386 1031 2439 διὰ
1069 2389 1170 2458 τῆς
1212 2389 1271 2438 ὲν
1318 2387 1591 2457 πνεύματι
1621 2389 1720 2440 λα-

166 2473 329 2541 τρείας
361 2474 430 2537 ὡς
456 2477 513 2528 ὲν
545 2477 732 2547 χάριτι
761 2478 809 2510 ⁷⁸
837 2477 919 2548 τῷ
944 2477 1160 2540 σώματι
1209 2481 1274 2532 ἐκ
1319 2481 1419 2549 τῆς
1449 2481 1720 2535 Θεοτόκου

144 2568 700 2635 χειρογρατρήσαντος.
759 2569 958 2621 Οὐκέτι
1033 2571 1340 2640 ἀρχιερέων
1390 2573 1722 2636 ἐνιαυσιαῖος

139 2657 334 2725 δρόμος
354 2661 460 2722 τοῖς
488 2660 667 2726 ἁγίοις
695 2660 1087 2732 προστρίϐεται
1113 2680 1128 2694 ·
1158 2663 1320 2726 αὐτὸς
1347 2663 1456 2734 γὰρ
1485 2667 1516 2717 ό
1533 2663 1724 2734 μέγας

146 2750 445 2817 ἀρχιερεὺς
505 2752 741 2822 Χριστὸς
802 2753 1064 2819 Ἰησοῦς,
1108 2757 1140 2807 ό
1173 2752 1547 2820 διεληλυθὼς
1580 2754 1723 2819 τοὺς

149 2843 432 2908 οὐρανοὺς
457 2846 522 2914 τῇ
555 2844 965 2918 προσληφθείσῃ
993 2849 1159 2916 σαρκὶ
1185 2848 1366 2918 ψυχὴν
1399 2848 1599 2919 ἐχούσῃ
1626 2848 1723 2920 τὴν

151 2934 367 3004 ’λογικήν
413 2952 472 2988 τε
523 2939 620 2990 καὶ
651 2937 867 3007 νοερὰν,
923 2937 999 3002 ὼς
1053 2941 1110 2992 ὲν
1146 2938 1254 3010 ναῷ
1289 2938 1368 3010 τῷ
1404 2939 1724 3012 παρθενικῷ

165 3029 418 3094 μυστικῶς
475 3029 786 3099 ἁγιάσματι
846 3029 1142 3094 διαπαντὸς
1197 3033 1330 3102 ἡμῖν
1380 3032 1722 3102 ἐμϐατεύων,

1797 568 1912 616 ros,
1961 552 2196 624 dispone
2250 553 2522 615 choreas,
2559 560 2798 606 currant
2848 559 2996 604 retro
3053 547 3283 619 pariter,
3322 561 3384 600 ac

1797 653 1924 700 ante
1979 646 2219 710 lectum;
2275 645 2340 698 ad
2395 645 2597 698 lectum
2655 641 2883 706 ducant,
2939 641 3087 694 circa
3145 637 3383 692 loculum

1799 744 1960 806 agant
1997 737 2259 792 choreas.
2312 735 2452 790 Ecce
2498 735 2644 790 enim
2702 748 2840 788 nova
2877 731 3067 802 gloriae
3102 745 3230 784 arca
3266 727 3388 790 Dt.‘i,

1800 829 1854 882 in
1903 848 1919 878 ι
1958 843 2065 898 qua
2122 845 2258 882 urna
2308 835 2420 882 tota
2467 840 2676 892 aurea,
2725 833 2781 880 et.
2830 822 2986 893 virga
3038 821 3220 874 Aaron
3269 833 3390 890 quze

1804 919 2243 982 frontluerat,‘et
2292 919 2492 974 tabulae
2543 917 2857 972 testamenti
2892 917 2936 969 ί.
2975 933 2992 966 ι
3035 914 3176 970 Ecce
3224 923 3391 983 caput

1804 1012 1956 1074 illud.
1983 1013 2128 1080 quod
2166 1012 2452 1081 Propheta:
2487 1009 2842 1064 Vaticinando
2863 1050 2876 1073 ,
2913 1007 3158 1061 clamore
3190 1006 3388 1076 praedi-

1804 1115 2002 1161 carunt
2028 1104 2074 1161 i.
2109 1105 2248 1160 Ecce
2269 1107 2416 1161 scala
2444 1105 2560 1168 illa,
2586 1118 2749 1174 quam
2781 1100 2954 1156 Jacob
2985 1100 3172 1155 divina
3193 1100 3392 1154 doctus
3461 1105 3474 1117 '

1805 1198 1962 1264 vidit;
1979 1208 2145 1267 atque
2159 1198 2222 1252 ad
2244 1211 2361 1251 eam
2382 1196 2607 1266 angelos
2623 1191 2984 1248 ascendentes
2999 1199 3053 1244 et
3065 1187 3394 1244 descenden-

1809 1288 1946 1354 tes";
1961 1290 2211 1359 quisquis
2239 1287 2461 1342 tandem
2481 1287 2567 1352 cju
2585 1284 2749 1338 ~modi
2772 1283 3079 1337 descensus
3092 1288 3187 1334 aut
3205 1295 3396 1334 ascen-

1808 1396 1904 1434 sus
1933 1381 2022 1434 sit.
2052 1379 2132 1432 Tu
2160 1381 2427 1434 caelorum
2462 1388 2638 1448 porta,
2666 1375 2734 1430 de
2763 1391 2870 1443 qua
2891 1373 2966 1426 ait
2993 1373 3084 1426 ille.
3116 1390 3132 1426 :
3171 1391 3188 1424 ι
3219 1371 3394 1436 Quam

1810 1472 2077 1525 terribilis
2114 1481 2201 1529 est
2238 1473 2399 1527 locus
2443 1471 2550 1524 iste
2585 1470 2599 1522 !
2651 1483 2758 1522 non
2794 1477 2878 1520 est
2910 1466 3012 1520 ltoc
3036 1465 3182 1518 aliud
3231 1479 3394 1534 quam

1812 1564 2010 1620 domus
2051 1563 2176 1632 Dei,
2201 1575 2255 1619 et
2298 1564 2414 1634 ipsa
2449 1563 2739 1618 vocabitur
2771 1566 2928 1629 porta
2963 1558 3090 1612 οωιὶ
3113 1556 3160 1609 ι.
3200 1575 3218 1610 ι
3255 1555 3397 1609 Ecce

1816 1657 2257 1726 propitiatorium
2307 1655 2444 1710 illttd
2504 1657 2570 1707 ad
2609 1652 2814 1707 Sancta
2864 1658 3193 1706 sanctorum
3237 1655 3292 1702 et
3342 1648 3396 1701 in

1821 1750 2407 1819 penetralibusdivinte
2435 1749 2794 1820 mysticaaque
2819 1760 2964 1800 arca:
2987 1743 3302 1813 depositum
3327 1751 3398 1803 ηις

1820 1842 1964 1912 quod
2027 1842 2190 1896 modo
2253 1841 2476 1912 quidem
2531 1839 2977 1910 Seraphinorum.
3039 1835 3246 1906 pennis
3287 1831 3398 1902 (Μ)

1817 1935 2215 2000 obnmhretur;
2255 1933 2418 1987 modo
2458 1941 2660 1989 autem.
2697 1931 2934 2002 mystico
2970 1928 3100 1984 Jesu
3136 1921 3401 1987 adventu.

1820 2034 2047 2095 peccata
2097 2032 2286 2078 nostra
2344 2023 2550 2092 expiet.
2608 2020 2766 2075 Haud
2815 2019 2967 2075 ultra.
3011 2031 3140 2072 vero
3213 2013 3400 2069 Israeli

1819 2117 2122 2186 imponitur
2158 2115 2350 2185 legalis
2377 2113 2666 2169 servitutis
2700 2111 2932 2181 jugulo;
2965 2105 3111 2178 quod
3137 2104 3401 2158 nimirum

1821 2217 2049 2263 asset-tae
2099 2207 2262 2261 nobis
2309 2205 2585 2259 libertatis
2623 2203 2840 2256 litteras
2889 2199 3160 2256 servitute
3211 2195 3306 2249 illa
3346 2201 3406 2248 et

1820 2303 1973 2354 cultu
2011 2299 2066 2353 in
2098 2300 2297 2369 spiritu
2339 2307 2365 2334 ιι
2387 2338 2402 2362 ,
2429 2307 2692 2366 tanquam
2735 2295 2790 2347 it:
2823 2293 3037 2353 charta,
3075 2291 3130 2344 in
3161 2285 3405 2356 Deipara

1820 2393 2178 2461 corpusculo,
2208 2407 2306 2446 sua
2335 2390 2590 2444 Christus
2627 2402 2789 2440 manu
2816 2379 3205 2452 descripserit.
3246 2376 3404 2430 Haud

1823 2484 1965 2537 ultra
2015 2481 2306 2552 pontiﬁces
2357 2495 2544 2534 annno
2589 2493 2760 2533 cursu
2817 2474 3020 2528 habent
3063 2475 3255 2526 sancta
3289 2476 3404 2520 ter-

1822 2591 1940 2630 rere
1963 2582 1987 2609 °
2015 2593 2028 2629 :
2069 2576 2184 2644 ipse
2212 2573 2358 2626 enim
2385 2587 2608 2642 magnus
2643 2569 2734 2624 ille
2782 2565 3034 2630 Pontifex
3063 2560 3220 2616 Iesus
3243 2558 3408 2614 Chri-

1823 2679 1943 2724 stus
2031 2705 2046 2730 ,
2107 2667 2199 2736 qui
2257 2672 2546 2734 assumpta
2597 2678 2788 2723 carne,
2844 2659 2958 2722 illa,
2989 2656 3238 2725 inquam,
3288 2653 3404 2704 ani-

1825 2775 1967 2813 tnam
2027 2758 2263 2812 habente
2309 2757 2543 2810 rationis
2600 2761 2654 2808 et
2713 2751 3029 2806 intellectus
3085 2744 3406 2816 praeditam,

1830 2871 1847 2903 t
1887 2852 2057 2906 caelos
2083 2850 2392 2920 penetravit
2418 2860 2443 2898 ει
2467 2891 2482 2914 ,
2517 2866 2534 2899 ι
2573 2855 2836 2915 tanquam
2874 2843 2930 2896 in
2975 2840 3264 2910 templum,
3298 2837 3411 2888 vir-

1824 2943 2006 3013 ginale
2041 2942 2176 2995 illttd
2211 2941 2602 2995 sanctuarium
2634 2937 2864 3009 mystice
2915 2947 3132 3002 semper
3167 2942 3268 3000 pro
3307 2942 3409 2981 no-

1834 3035 1916 3089 bis
1958 3032 2240 3094 incedens,
2273 3031 2490 3096 adolet;
2517 3027 2927 3096 saerilicatque,
2957 3030 3011 3077 et
3027 3019 3406 3078 sacriﬁcatur;

163 3115 313 3188 θυμιᾷ
333 3137 346 3150 ·
372 3119 467 3172 καὶ
490 3116 633 3184 θύει,
669 3121 766 3174 καὶ
795 3121 1020 3175 θύεται·
1051 3123 1146 3176 καὶ
1181 3123 1281 3186 τὰς
1313 3123 1716 3194 όλοκαρπώσεις

1833 3135 2000 3196 atque
2048 3124 2368 3178 holocausm
2424 3121 2686 3184 otl'erens,
2737 3119 2855 3187 ipse
2902 3113 3168 3179 offertur;
3228 3122 3293 3162 ac
3351 3121 3412 3161 se

165 3211 452 3285 ἀναφέρων,
515 3217 892 3286 προσάγεται·
952 3218 1048 3272 καὶ
1091 3219 1232 3290 ὑπὲρ
1277 3220 1436 3290 ήμῶν
1483 3217 1730 3290 ἁγιάζων

164 3303 354 3366 ἑαυτὸν,
397 3306 618 3373 ἁγιάζει
669 3307 799 3370 τοὺς
861 3308 1028 3362 αὐτὸν
1077 3308 1428 3377 ἁγιάζοντας.
1487 3313 1730 3370 Τοιαῦτά

161 3410 264 3459 σου,
293 3396 543 3463 Θεοτόκε,
565 3399 666 3468 τῆς
690 3399 1064 3472 ύπερκοσμίου
1091 3401 1404 3473 κοιμήσεως
1425 3405 1492 3458 τὰ
1519 3409 1730 3478 μυστή-

159 3503 272 3555 ρια·
301 3487 476 3542 ταῦτα
511 3489 613 3559 τῆς
644 3491 795 3562 ἱερᾶς
841 3493 1185 3570 προπομπῆς
1235 3493 1331 3548 τοῦ
1369 3495 1728 3568 θεοκηδεύτου

156 3595 240 3631 σου
269 3581 502 3651 σκήνους
547 3581 620 3634 τά
661 3583 968 3652 ὲπιτάφια·
1025 3587 1059 3656 η
1095 3585 1299 3652 ὲξόδιος
1348 3585 1616 3660 ὕμνησις·
1660 3591 1731 3645 τὰ

155 3670 250 3742 πρὸ
271 3673 373 3742 τῆς
415 3675 617 3742 ταφῆς,
649 3675 718 3730 τά
751 3675 894 3748 μετὰ
948 3675 1047 3747 τὴν
1083 3678 1262 3749 ταφὴν
1314 3679 1688 3752 ὑπομνήματα
1713 3700 1727 3714 ·

148 3763 234 3833 τῆς
269 3764 705 3835 ὺπραγνὼστου
757 3767 1106 3836 μεταθέσεως
1159 3770 1226 3822 τά
1272 3775 1726 3844 προπεμπτήρια.

146 3852 328 3906 Ταῦτα
345 3853 458 3906 τῶν
491 3856 620 3926 περὶ
651 3855 710 3908 σὲ
739 3855 900 3910 θείων
946 3857 1265 3929 μυστηρίων
1309 3863 1404 3916 καὶ
1440 3863 1729 3935 μακαρίων

143 3945 466 4015 ἐλλάμψεων
520 3947 590 4000 τὰ
641 3949 708 4001 δι’
753 3950 1096 4019 αἰνιγμάτων
1129 3953 1460 4024 εἰκάσματα.
1515 3958 1590 4010 Ού
1620 3957 1729 4030 γὰρ

139 4038 448 4106 ἐφικνεῖται
477 4056 531 4091 τι
571 4039 734 4092 πλέον
763 4042 791 4093 6
823 4039 948 4104 νοῦς
993 4042 1022 4095 6
1067 4043 1334 4115 ἡμέτερος
1365 4047 1476 4100 τῶν
1507 4050 1732 4120 εἰρημέ-

139 4144 246 4180 νων
303 4129 848 4198 καταστοχάσασθαι.
909 4123 1079 4194 Οὗτος
1135 4134 1164 4185 6
1227 4133 1433 4206 βραχύς
1467 4154 1555 4191 σοι,
1598 4140 1731 4211 παρ’

136 4218 302 4288 ἡμῶν
331 4217 756 4273 διεσπούδασται
791 4221 978 4290 λόγος·
1015 4227 1371 4296 χαριστήριος
1391 4231 1419 4282 ό
1445 4230 1607 4294 αὐτὸς
1634 4233 1729 4285 καὶ

139 4310 376 4372 ἱκέσιος.
427 4311 493 4365 El
561 4312 661 4382 μέν
697 4329 752 4367 τι
791 4314 892 4384 τῆς
943 4314 1043 4384 σῆς
1101 4317 1524 4390 μεγαλειότητος
1587 4323 1730 4394 ἔχων

136 4399 314 4462 ἀξιον,
347 4398 431 4450 σοὶ
447 4399 648 4458 τούτου
671 4399 852 4471 χάρις,
878 4403 945 4472 τῇ
990 4402 1086 4457 καὶ
1114 4403 1334 4476 διδούσῃ
1371 4408 1466 4460 καὶ
1495 4409 1726 4478 ἀσμενι-

139 4488 357 4560 σαμένῃ
382 4489 444 4541 τδ
475 4489 757 4560 πρόθυμον
781 4505 795 4521 ⁸
843 4493 892 4543 εί
921 4491 997 4558 δὲ,
1038 4492 1066 4545 ὃ
1101 4495 1253 4546 πᾶσα
1284 4494 1479 4550 παθεῖν
1509 4499 1716 4572 ἀνάγκη

1837 4512 2148 4575 promptum
2207 4505 2479 4566 animum,
2543 4501 2754 4574 gratias

137 4584 258 4645 τοῖς
291 4583 421 4652 περὶ
457 4583 552 4636 σού
598 4600 650 4636 τι
705 4583 883 4652 λέγειν
919 4584 1278 4654 ἐπιχειροῦσι,
1333 4591 1565 4645 κατόπιν
1600 4596 1726 4663 φαί-

143 4690 290 4728 νοιτο
323 4677 424 4744 τῆς
451 4674 631 4740 ἀξίας,
665 4674 958 4750 συγγνώσῃ
987 4677 1206 4742 πάντως
1235 4679 1394 4750 αὑτὴ,
1419 4681 1480 4735 τὸ
1509 4700 1731 4754 συμπα-

146 4768 239 4830 θὲς
267 4768 331 4818 ὲκ
367 4766 584 4836 φύσεως
641 4768 861 4838 ἔχουσα,
916 4771 983 4840 τῇ
1020 4769 1156 4841 πρὸς
1181 4771 1273 4824 τὸν
1322 4771 1416 4826 σὺν
1465 4773 1593 4831 Υἱδν
1641 4783 1736 4832 καὶ

1835 3191 1931 3288 pro
1962 3215 2124 3271 nobis
2159 3213 2550 3276 sanctilirans,
2586 3209 2907 3266 sam-tilicat
2950 3205 3131 3275 ipsum
3167 3199 3414 3256 sanctiti-
3443 3191 3451 3198 ’

1832 3317 2047 3364 cantes.
2083 3305 2369 3378 Ejusmodi
2419 3312 2572 3369 sunt,
2605 3318 2638 3358 o
2688 3301 2943 3371 Deipara,
2985 3297 3271 3352 altissima:
3301 3301 3414 3346 tua:

1832 3401 2197 3457 Dortnitionis
2227 3405 2596 3455 sacramenta.
2634 3395 2760 3450 Haec
2794 3406 3008 3466 pompae
3040 3403 3209 3456 sacra:
3232 3386 3415 3442 taben-

1832 3493 2015 3548 naculi
2042 3493 2118 3546 tui
2164 3491 2252 3544 cui
2290 3488 2602 3560 parentavit
2641 3486 2791 3540 Deus
2821 3481 3140 3554 epitaphia;
3175 3484 3288 3533 hac
3315 3491 3414 3548 pro

1831 3586 1978 3640 exitu
2025 3584 2304 3649 laudatio;
2334 3583 2450 3636 haec
2485 3589 2633 3645 ante,
2667 3587 2902 3648 postque
2924 3576 3264 3646 sepulturam
3292 3587 3415 3624 mo-

1835 3689 2130 3742 numenta;
2171 3677 2287 3730 han:
2338 3673 2700 3745 ignotissima:
2729 3681 2838 3725 tuae
2883 3667 3270 3723 translationis
3310 3679 3414 3719 ceu

1832 3771 2180 3824 deductionis
2240 3766 2440 3820 olIicia.
2499 3764 2592 3818 Hm
2647 3772 2875 3817 tuorum
2931 3766 3412 3816 sacramentorum

1835 3861 2238 3928 beatarumque
2288 3856 2724 3910 illustrationum
2779 3853 3036 3917 illarum,
3075 3858 3270 3904 tenues
3319 3863 3416 3916 per

1831 3931 2120 4022 amigm'ata
2169 3947 2715 4019 t'eprtesentationes.
2762 3943 2914 3998 Nihil
2968 3942 3116 3998 enim
3174 3938 3414 4010 amplius

1835 4045 1998 4099 habet
2027 4043 2245 4096 animus
2296 4048 2496 4110 praeter
2537 4053 2600 4094 ea
2647 4053 2771 4107 quae
2814 4036 2928 4090 dixi
2977 4034 3275 4104 conjicere.
3317 4031 3417 4088 llic

1833 4144 1918 4190 est
1957 4133 2137 4189 brevis
2168 4133 2261 4188 ille
2298 4146 2504 4198 sermo,
2549 4145 2711 4200 quem
2753 4128 2852 4182 tibi
2884 4126 3072 4183 studio
3101 4125 3416 4178 elaboravi-

1832 4242 1989 4290 ntus;
2021 4225 2273 4279 eumdem
2310 4224 2450 4294 grati
2479 4222 2647 4278 animi
2679 4221 3101 4282 monimentum,
3128 4227 3184 4273 et
3206 4217 3417 4285 suppli-

1832 4335 1974 4377 cem.
2017 4319 2173 4386 Quod
2207 4319 2250 4374 si
2306 4319 2354 4374 is
2412 4325 2506 4372 tua
2558 4316 2769 4388 aliquid
2836 4315 3131 4385 majestate
3185 4311 3413 4381 dignum

1835 4414 2070 4478 habeat,
2111 4411 2210 4467 tibi
2243 4420 2297 4466 et
2331 4411 2550 4476 datrici,
2574 4417 2630 4465 et
2669 4425 2792 4480 quae
2826 4407 3087 4462 habueris
3125 4411 3413 4473 acceptum

2795 4519 2810 4556 :
2869 4500 2955 4554 sin
2997 4506 3204 4560 autem,
3266 4492 3412 4564 quod

1838 4597 2000 4666 plane
2035 4596 2216 4650 cuivis
2263 4602 2388 4649 tuas
2426 4609 2516 4649 res
2570 4607 2836 4646 enarrare
2891 4589 3125 4646 tentanti
3175 4584 3414 4649 accidat,

1834 4689 2062 4744 omnino
2098 4699 2326 4741 necesse
2360 4686 2452 4748 sit,
2487 4685 2672 4739 minus
2711 4698 2814 4753 pro
2842 4681 3112 4751 dignitate
3140 4679 3412 4742 videatur,

1831 4783 1948 4850 ipsa
1984 4781 2170 4850 utique
2218 4776 2554 4848 indttlgebis,
2584 4777 2676 4832 cui
2701 4775 2954 4841 omnino,
2992 4774 3084 4829 illa
3118 4772 3184 4828 ad
3212 4770 3413 4826 Filium

171 4983 178 4988 ’
232 4980 460 5058 imit"-
503 4984 672 5058 ηιξ·
750 4996 764 5034 ³
817 4986 1114 5058 ίξῳνιίβ
1151 4984 1536 5058 εεηζιγϐειι.
1586 4986 1710 5058 xxvi

1826 4986 1906 5041 l2.
1981 4985 1995 5019 ¹
2023 4987 2156 5043 ibid.
2187 4986 2300 5042 17.
2332 4995 2420 5058 θ’·
2449 4983 2490 5040 ll
2526 4984 2705 5048 Paral.
2730 5002 2784 5056 ν,
2819 4985 2876 5041 7.
2954 4995 2980 5024 υ
3010 4983 3171 5042 Joan.
3203 5001 3278 5053 tv,
3322 4983 3422 5039 εδ.

171 5059 202 5090 ο
231 5052 400 5109 Exod.
427 5069 559 5119 xxx,
589 5054 674 5109 l0.
754 5065 782 5105 ν
814 5055 980 5112 Hebr.
1015 5071 1069 5121 v,
1101 5057 1157 5116 7.
1233 5052 1260 5107 it
1291 5055 1456 5114 Hebr.
1485 5071 1561 5121 tv,
1589 5057 1680 5112 Η.

1456 5176 1690 5233 γΑιιιίΕ
1722 5173 2125 5231 LECTIONES.

229 5279 275 5310 ﬂ
306 5272 634 5347 τρ.Ἀγίων.
713 5273 758 5306 ⁷³
785 5288 874 5342 γρ.
903 5270 1286 5343 Χερουϐικαϊς.
1363 5271 1408 5302 ⁷⁸
1436 5287 1528 5342 γρ.
1557 5269 1760 5342 χάρτῃο

1485 5388 1874 5448 COMBEFISII
1916 5389 2148 5446 NOTAE.

235 5487 342 5552 (Η)
395 5484 548 5551 Quod
604 5482 760 5537 modo
805 5482 1014 5553 quidem
1065 5480 1478 5552 Seraphinorum
1520 5483 1727 5553 pennis.

172 5559 293 5617 Ταῖς
325 5557 651 5623 σεραφικαῖς
693 5553 940 5622 πτέρυξι.
974 5551 1071 5606 Vel
1101 5562 1184 5606 est
1219 5569 1378 5607 error
1413 5551 1732 5622 alillqtlal'li,

173 5629 248 5679 vol
276 5629 458 5692 lapsus
489 5627 768 5678 memoria:
795 5625 1060 5685 auctoris,
1093 5624 1185 5690 qui
1235 5628 1579 5693 σεραφικαϊς,
1613 5623 1736 5675 ἀντὶ

174 5696 283 5750 τοῦ.
341 5693 686 5764 χερουϐικαῖς
745 5693 1064 5762 scripserit:
1114 5709 1347 5762 quorum
1399 5695 1502 5764 alis
1559 5695 1736 5764 palam

177 5777 252 5819 est
277 5762 446 5819 fuisse
476 5764 862 5818 obumbratutn
915 5765 1380 5832 prOpitiatoriutn.
1416 5764 1434 5817 1
1467 5762 1644 5816 Paral.
1679 5780 1731 5823 v,

180 5849 228 5890 et
267 5835 426 5891 Hebr.
458 5850 532 5888 ta.
560 5834 956 5891 Antccedentia
997 5836 1178 5890 minus
1223 5834 1453 5891 l'clicitcr
1496 5834 1708 5889 reddita

1840 5485 1976 5538 satis
2009 5484 2241 5536 contuso
2264 5489 2440 5542 textu,
2473 5476 2578 5533 etsi
2612 5490 2768 5538 sana,
2799 5482 2979 5529 conalt
3009 5485 3200 5542 stt-mus
3233 5483 3416 5542 ριιιριιτ

1841 5556 1972 5608 dare
2002 5555 2058 5607 in
2111 5559 2284 5606 errat.
2319 5539 2495 5617 eoque
2536 5548 2590 5601 d.
2640 5562 2714 5617 tn.
2749 5543 2975 5617 τδιηγρζ
3010 5539 3224 5617 ᾎγίων.
3264 5539 3420 5601 Quod

1845 5623 1973 5677 item
2033 5623 2193 5691 paulo
2239 5611 2473 5675 inferius
2506 5611 3422 5691 sequitur,_in’Deiparierqrpm.

1847 5693 2006 5752 culo:
2034 5680 2270 5763 'corrige
2307 5709 2320 5744 :
2359 5680 2679 5763 ειιηιριρίεπ
2726 5684 2976 5754 Dcipara,
3036 5680 3182 5751 quod
3234 5680 3422 5734 (arma

1855 5765 2079 5830 habent,
2110 5772 2167 5818 ct
2207 5757 2435 5817 niatcria
2464 5757 2634 5830 exigit
