3820 6316
37 305 280 377 110'.)

1079 319 1086 327 “
1177 318 1260 378 ΙΝ
1289 318 1685 380 SJOANNIS
1727 321 2384 384 DECOLLATIONEM.

3315 311 3455 378 1110

47 442 251 490 τον,
293 445 326 480 α
377 430 473 494 είς
516 429 714 502 μέτρον
745 430 963 501 ἡλικίας
991 430 1084 484 τοῦ
1116 429 1379 504 Χριστοῦ.
1432 450 1449 481 ι
1479 426 1551 502 ᾯ
1581 433 1612 502 ἡ
1642 430 1771 496 δόξα

1884 433 2029 488 tione
2060 434 2266 488 munda
2300 434 2625 501 subvehere,
2674 434 2730 489 in
2760 433 2964 490 divinis
3005 441 3059 490 et
3105 434 3457 490 sermonibus

53 519 226 572 καὶ
261 521 354 574 τὸ
395 521 604 592 κράτος
632 523 714 585 τις
747 523 872 586 τοὺς
911 522 1116 587 αἰῶνας
1153 524 1262 576 τῶν
1281 521 1515 576 αἰώνων.
1560 523 1754 593 Ἀμήν.

1865 529 1920 576 et
1953 523 2203 578 moribus
2233 539 2500 591 versans;
2543 540 2608 580 ac
2637 524 2832 591 Deum,
2881 536 3150 596 quantum
3189 527 3350 582 liceat
3371 525 3455 579 vi-

63 608 320 676 deus,
387 613 556 683 eique
578 614 823 670 vicissim
856 614 1041 680 visus,
1075 631 1237 686 quem
1267 624 1324 670 et
1359 615 1456 670 tibi
1487 616 1767 669 continua:
1804 615 2290 686 contemplationis
2324 616 2656 686 fulgoribus,
2720 619 3054 689 virtutisque
3123 619 3454 676 ascensibus

73 703 457 758 declarari
485 705 820 771 contendas;
864 717 924 760 ut
958 705 1240 776 utrinque,
1285 706 1356 762 ab
1395 706 1634 768 actione,
1669 707 1914 775 inquam,
1966 712 2022 760 et
2055 707 2542 776 contemplatione,
2610 707 2890 776 perfectus
2960 719 3014 764 et
3083 711 3277 768 lirmus
3348 710 3453 772 sis,

83 790 172 847 in
233 797 461 850 virum
497 797 878 866 plenissimum
909 808 1222 869 provectus,
1275 815 1294 850 ι
1352 798 1408 853 in
1443 812 1760 852 mensuram
1795 798 1974 854 aetatis
2009 797 2216 854 Christi
2245 807 2289 851 τ.
2330 816 2348 848 ι
2383 796 2484 855 Cui
2522 798 2698 867 gloria
2729 809 2786 854 et
2816 806 3062 868 potestas
3131 801 3185 854 in
3253 801 3455 857 saecula

91 887 536 942 saeculorum.
579 890 778 942 Amen.

801 1005 1020 1059 ΛΟΓΟΣ
1049 1004 1151 1062 ιε’.

283 1111 418 1178 Εἰς
451 1113 771 1184 ἀποτομὴν
796 1113 1081 1170 Ἰωάννου
1113 1117 1222 1171 τοῦ
1253 1119 1625 1188 Προδρόμου.

2460 998 2718 1055 ORATIO
2757 998 2845 1054 XV
2868 1039 2881 1054 .

2121 1113 2188 1170 In
2220 1115 2570 1181 pra'cursort's
2609 1111 3022 1166 Decollatiouem
3046 1110 3183 1180 (I5).

1337 1227 1566 1288 (Cumaea.
1590 1229 1792 1277 Auctar.
1818 1240 1931 1276 nov.
2019 1226 2058 1286 l,
2083 1239 2134 1288 p.
2165 1223 2326 1286 1521.)
2410 1216 2412 1218 ’

202 1331 400 1402 Πηδᾷ
437 1332 539 1386 καὶ
566 1330 748 1400 γῆρας
797 1330 873 1395 ώς
902 1330 973 1385 τὰ
1013 1331 1187 1388 πολλά
1238 1332 1556 1405 προθυμίας
1596 1334 1772 1399 τόνοις

108 1424 366 1496 νευρού
379 1423 683 1494 μενον,καὶ
705 1423 864 1492 λόγος
889 1423 1126 1496 ἀσθενὴς
1143 1425 1634 1500 ὲπιῤῥώννυταιτῇ
1663 1446 1754 1481 παι

1954 1331 2074 1402 Ipsa
2110 1331 2277 1386 etiam
2311 1339 2574 1388 senectus
2607 1341 2664 1386 ut
2696 1332 2993 1401 plurimum
3029 1332 3234 1392 exsilit,
3273 1348 3457 1400 prmu-

1870 1434 1964 1495 pto
2001 1439 2067 1478 ac
2095 1421 2271 1478 alacri
2305 1423 2606 1479 roborante
2663 1424 2832 1478 animi
2889 1423 3109 1488 studio;
3164 1438 3459 1492 sermoque

111 1517 403 1588 ραθήξει
436 1515 552 1569 τῶν
583 1517 873 1586 ἀκροατῶν
905 1516 1343 1588 δυναμούμενος.
1392 1519 1567 1574 Τοῦτο
1591 1561 1606 1586 ,
1635 1523 1772 1594 ὅπερ

1884 1515 2182 1572 imbecillus
2222 1514 2292 1569 ab
2320 1515 2636 1571 auditorum
2676 1515 3001 1569 incitatione
3023 1551 3039 1577 ,
3084 1513 3234 1568 vires
3261 1516 3459 1584 accipit

112 1609 237 1662 νῦν
273 1612 312 1662 ὁ
349 1609 636 1680 ἡμέτερος
665 1610 826 1679 λόγος
855 1615 1303 1682 παρυφίσταται·
1338 1616 1474 1687 πρὸς
1512 1617 1614 1687 μὲν
1639 1618 1774 1672 ὑπό-

112 1700 316 1754 Θεσιν
336 1702 672 1773 ἐγκωμίων,
696 1703 802 1756 ὑπὸ
825 1703 938 1758 τῶν
965 1708 1401 1779 συνειλεγμένων
1424 1710 1780 1782 ὁρμώμενοςο·

1873 1622 1937 1663 ac
1967 1607 2282 1663 roboratur.
2330 1605 2446 1663 l-loe
2492 1608 2672 1678 ipsum
2705 1621 2852 1661 nunc
2882 1621 3102 1676 quoque
3131 1615 3325 1660 nostro
3355 1623 3458 1661 usu

1872 1699 2027 1754 venit
2055 1698 2336 1764 sermoni;
2365 1713 2530 1770 quem
2571 1698 2800 1754 collecta
2830 1697 3054 1768 quidem
3103 1711 3309 1753 corona
3363 1715 3460 1767 pro

123 1791 305 1860 πρὸς·
374 1793 445 1845 δὲ
499 1770 600 1864 τὴν
645 1793 740 1848 τοῦ
786 1770 1275 1869 ἐγκωμιαζομένου
1328 1770 1636 1875 περιωπήν,
1671 1770 1771 1876 τήν

1884 1791 2058 1845 studio
2091 1805 2194 1846 suo
2226 1789 2294 1845 ad
2327 1789 2702 1845 laudationum
2733 1797 3117 1858 argumentum
3171 1789 3456 1860 impellat;

121 1883 339 1937 αὐτοῦ
368 1885 782 1953 ἀντεπεξάγειν
805 1889 1232 1958 συστελλόμενος
1259 1890 1512 1962 δύναμιν.
1547 1895 1658 1948 Καὶ
1694 1913 1714 1946 t
1743 1897 1770 1948 ό

129 1976 260 2045 μὲν
311 1978 510 2046 λόγος,
566 1979 945 2044 ἁποστολικῶς
984 1982 1162 2036 εἰπεῖν
1188 2023 1202 2047 ,
1236 1983 1495 2056 ἀσθενὴς,
1537 2005 1557 2038 ι
1593 1987 1686 2040 καὶ
1711 1987 1770 2054 ἐξ

126 2068 629 2140 ὴρρωστήκότων
679 2071 930 2142 ὀργάνων
959 2073 1422 2145 ὑποφωνούμενος
1453 2093 1467 2106 ο
1507 2077 1540 2148 ὴ
1576 2077 1634 2130 δὲ
1661 2077 1770 2132 τῶν

137 2161 483 2230 ὲγκωμίων
515 2161 770 2231 ὑπόθεσις
795 2203 810 2228 ,
841 2167 1082 2237 τοσούτῳ
1105 2166 1288 2220 πλεῖον
1315 2167 1430 2237 ἔχει
1456 2170 1598 2223 κατὰ
1630 2187 1772 2224 παν-

137 2251 256 2315 τὸς
296 2251 475 2321 λόγου
522 2255 589 2308 τὰ
615 2256 937 2326 νικητήρια,
972 2257 1082 2328 ὅσῳ
1113 2261 1208 2312 καὶ
1259 2259 1358 2329 τὴν
1387 2260 1663 2332 ὑπεροχὴν
1702 2265 1770 2334 τῇ

149 2345 322 2398 κατὰ
357 2345 654 2416 σύγκρισιν
681 2349 1010 2418 παραθέσει,
1055 2349 1148 2404 τδν
1177 2351 1220 2386 ⁷⁵
1265 2353 1326 2406 ὲν
1354 2355 1642 2424 γεννητοῖς
1671 2371 1774 2422 γυ-

157 2436 394 2491 ναικῶν
425 2442 842 2510 προσεκτήσατο
862 2456 877 2471 ·
916 2441 993 2505 ώς
1031 2443 1202 2514 μόνης
1233 2443 1329 2497 καὶ⁷
1361 2444 1588 2516 πρώτης
1623 2447 1768 2501 ὲκεί-

163 2544 277 2598 νης
311 2526 534 2582 δεῖσθαι
566 2529 668 2599 τῆς
699 2530 886 2599 φωνῆς
907 2570 922 2593 ,
957 2530 1052 2585 τοῦ
1088 2534 1184 2587 καὶ
1226 2533 1449 2604 πρώτου
1479 2537 1574 2590 καὶ
1607 2537 1772 2606 μόνου

170 2621 324 2672 κατὰ
378 2619 542 2688 φύσιν
574 2621 866 2690 αὐτολόγου
889 2662 904 2686 ,
933 2625 1028 2677 καὶ
1057 2624 1246 2693 σοφίας
1273 2625 1410 2680 Θεοῦ
1431 2668 1445 2690 ,
1478 2629 1572 2680 καὶ
1608 2629 1773 2682 δυνά-

179 2726 360 2779 μεως.
427 2712 538 2764 Καὶ
589 2714 623 2782 ἡ
672 2713 771 2784 μὲν
822 2712 1085 2777 ὑπόθεσις
1127 2717 1388 2786 τοιαύτη,
1453 2718 1548 2770 καὶ
1599 2718 1774 2783 οὕτως

179 2800 386 2869 ἔχουσα
419 2817 432 2830 ⁸
469 2802 528 2854 τὸ
568 2802 625 2855 δὲ
657 2803 751 2856 τοῦ
785 2805 1062 2874 ἡμετέρου
1108 2806 1271 2874 λόγου
1318 2807 1544 2870 ἀσθενὲς
1573 2809 1774 2863 ὁπόσον

179 2892 332 2942 ἐστὶν
357 2931 373 2956 ,
398 2891 669 2947 δέδεικται
689 2894 884 2965 δήπου·
905 2891 979 2950 ὧν
1061 2897 1160 2966 μὲν
1193 2898 1284 2950 τὸν
1311 2899 1488 2967 μέγαν
1513 2901 1570 2952 ἐν
1585 2917 1775 2970 γεννη-

183 2985 293 3045 τοῖς
319 2984 604 3050 γυναικῶν
639 2985 895 3056 Ἰωάννην
935 2990 1067 3058 ἡμῖν
1089 2988 1430 3056 ὑποτίθεται,
1454 2985 1516 3045 οὗ
1550 2994 1775 3062 μείζονα

1869 1883 2075 1952 quique
2109 1882 2497 1947 nihilominus,
2526 1884 2647 1950 ejus
2683 1883 2778 1954 qui
2820 1881 3135 1936 laudandus
3190 1881 3460 1936 incumbit

1871 1976 2261 2046 speculationi,
2320 1991 2478 2031 suam
2531 1990 2598 2030 ex
2627 1975 2866 2030 adverso
2927 1974 3190 2027 virtutem
3219 1973 3462 2043 ohjieere

1871 2079 2150 2126 vereatur.
2199 2073 2275 2126 Ae
2297 2087 2470 2126 sermo
2507 2070 2739 2140 quidem,
2775 2080 2834 2124 ut
2859 2070 3110 2140 Apostoli
3150 2078 3173 2106 ι
3208 2084 3362 2124 more
3384 2070 3464 2124 lo-

1871 2176 2042 2230 quar,
2073 2161 2318 2231 inﬁrmus
2344 2170 2421 2216 est
2445 2162 2580 2232 (i6),
2612 2161 2900 2230 fractaque
2927 2177 3061 2217 voce
3087 2177 3156 2216 ex
3186 2161 3461 2216 debilibus

1874 2253 2186 2310 submissus
2214 2255 2439 2325 organis
2471 2273 2485 2310 :
2523 2253 2904 2310 encomiorum
2949 2262 3129 2309 autem
3163 2267 3460 2323 argumen-

1875 2353 1990 2402 tum
2031 2354 2187 2401 tanto
2217 2347 2455 2416 amplius
2505 2349 2615 2401 vim
2646 2361 2864 2401 omnem
2890 2347 3167 2402 sermonis
3213 2356 3459 2416 superat.

1874 2447 2084 2508 quanto
2118 2437 2211 2508 qui
2242 2439 2297 2492 in
2330 2437 2460 2492 illud
2487 2440 2839 2509 proponitur,
2873 2438 3133 2508 majorem
3161 2454 3274 2509 prae
3315 2440 3460 2495 natis

1876 2530 2188 2594 mulierum,
2237 2532 2677 2600 comparationis
2732 2547 2889 2601 ergo,
2941 2532 3328 2586 excellentiam
3375 2539 3462 2586 est

1875 2633 2194 2678 assecutus:
2218 2631 2274 2676 ut
2302 2623 2350 2678 is
2366 2625 2549 2694 plane,
2569 2625 2686 2680 sola
2717 2623 3002 2693 primaque
3023 2623 3112 2676 illa
3133 2635 3287 2692 egeat
3308 2639 3460 2686 voce.

1874 2713 1996 2783 ejus
2032 2715 2127 2786 qtti
2160 2716 2373 2785 primus
2405 2716 2669 2786 solusque
2700 2717 2880 2786 ipsum
2927 2723 3012 2772 est
3057 2724 3255 2770 natura
3282 2732 3377 2786 per
3401 2732 3461 2770 se

1875 2805 2142 2872 Verbum,
2177 2807 2384 2878 Deique
2418 2809 2709 2877 sapientia,
2751 2823 2817 2863 ac
2847 2809 3044 2862 virtus.
3093 2809 3272 2878 Atque
3312 2809 3460 2877 ejus-

1875 2896 2023 2951 modi
2046 2897 2267 2967 quidem
2294 2907 2382 2954 est
2421 2907 2830 2968 argumentum,
2863 2914 2929 2952 ac
2951 2899 3031 2953 sic
3065 2898 3311 2952 habens:
3363 2914 3463 2950 no-

1883 2988 1988 3042 stri
2037 2995 2217 3042 autent
2250 2989 2524 3043 sermonis
2575 2987 2922 3043 imbecillitas
2966 3001 3169 3056 quanta
3219 2989 3309 3052 sit,
3359 2987 3464 3043 fuit

181 3074 292 3127 τῶν
325 3075 423 3127 ἀπ’
457 3077 654 3140 αἰῶνος
687 3077 878 3131 οὐδένα
908 3080 1289 3151 πατριαρχῶν,
1321 3081 1352 3152 ἢ
1388 3084 1710 3154 προφητῶν,
1739 3085 1771 3154 ἢ

1886 3080 2080 3150 utique
2135 3089 2440 3136 ostensum.
2491 3082 2568 3136 Ac
2607 3089 2989 3150 argumentum
3051 3081 3302 3150 quidem,
3357 3097 3464 3136 ma-

179 3167 432 3232 δικαίων,
466 3171 495 3222 ό
553 3172 820 3240 σωτήριος
868 3172 1188 3239 ἀπεφήνατο
1239 3173 1398 3242 λόγος
1423 3191 1436 3205 ·
1484 3177 1512 3228 ό
1552 3174 1630 3240 δὲ,
1670 3178 1766 3230 τοῦ

185 3260 296 3329 πρδ
327 3257 542 3314 αἰώνων
579 3261 753 3330 Λόγου
781 3250 878 3334 τὴν
932 3265 1118 3336 φωνὴν
1151 3266 1529 3336 ἐγκωμιάζειν
1553 3269 1768 3340 ἐπιχει-

191 3350 322 3420 ρῶν.
353 3351 495 3422 Πρὸς
538 3353 594 3405 δὲ
623 3355 721 3424 τὴν
763 3356 958 3409 ἑαυτοῦ
999 3357 1234 3424 δύναμιν
1271 3357 1492 3426 ἀφορῶν
1516 3399 1530 3422 ,
1571 3351 1769 3430 μικροῧ

191 3440 290 3507 τὴν
315 3439 526 3511 σιωπὴν
558 3443 774 3514 ἐκείνην
801 3446 1132 3510 ἀσπάζεται,
1164 3449 1232 3519 ῆν
1263 3449 1544 3519 Ζαχαρίας
1576 3452 1636 3504 ὲν
1657 3455 1772 3516 τοῖς

194 3531 409 3597 ἀδύτοις
449 3533 517 3587 δι’
548 3534 807 3591 ἀπιστίαν
837 3538 1147 3610 ὑφέστηκεν
1169 3579 1184 3604 ,
1219 3541 1326 3604 ἕως
1351 3541 1491 3612 αὐτὴ
1519 3543 1772 3614 προφθά-

200 3641 356 3690 σασα,
389 3625 485 3679 τοῦ
512 3629 780 3700 ἡμετέρου
810 3629 974 3698 λόγου
1010 3629 1150 3703 λύσῃ
1182 3631 1284 3704 τὴν
1311 3632 1545 3703 σιωπὴν,
1579 3633 1653 3696 ὡς
1685 3635 1774 3687 δν-

200 3733 303 3779 τως
337 3712 474 3772 οὖσα
519 3718 614 3772 τοῦ
661 3719 806 3774 κατὰ
853 3721 1018 3790 φύσιν
1062 3723 1237 3790 Λόγου
1281 3723 1458 3794 φωνή.
1512 3721 1687 3776 Δώσει
1716 3725 1773 3779 δὲ

203 3808 352 3861 τοῦτο
372 3811 592 3873 πάντως
623 3811 698 3875 ῶς
723 3813 898 3880 Λόγου
929 3802 1086 3886 φωνή
1105 3832 1117 3844 ·
1154 3816 1252 3885 οὐχ
1293 3815 1382 3868 ἴνα
1415 3815 1580 3878 αὐτὸς
1613 3814 1774 3868 πλέον

208 3917 258 3951 τι
299 3900 527 3972 δοξασθῇ
560 3902 712 3972 (ποία
740 3905 850 3975 γὰρ
881 3905 946 3960 ἂν
989 3907 1084 3960 καὶ
1128 3906 1459 3978 προστεθείη
1495 3906 1623 3971 δόξα
1648 3946 1664 3969 ,
1695 3905 1774 3978 τῷ

213 3991 432 4045 τοιοῦτον
484 3993 813 4065 πλεξαμένῳ
843 3998 998 4067 παρὰ
1051 3997 1261 4068 Κυρίου
1319 3997 1411 4051 τὸν
1463 3999 1770 4066 στέφανον,

203 4082 376 4136 ,ὁποῖον
405 4084 584 4148 οὐδεὶς
613 4087 862 4157 γηγενῶν
889 4088 1245 4159 ἀνεδήσατο),
1283 4089 1399 4142 ἀλλ’
1423 4090 1511 4143 ἵνα
1559 4089 1774 4144 ἐκείνου

214 4176 314 4236 τοῖς
355 4176 673 4246 ἐγκωμίοις,
731 4179 894 4248 ἡμεῖς
952 4179 1092 4250 πρὸς
1147 4179 1383 4249 μίμησιν
1425 4178 1773 4249 ὲναγώμεθα.

217 4264 366 4320 Τοῦτο
389 4269 496 4338 γὰρ
536 4269 784 4338 βούλεται
811 4310 826 4334 ,
859 4272 886 4323 ό
916 4271 1043 4334 τοὺς
1072 4271 1394 4336 δοξάζοντας
1421 4271 1581 4325 αὐτὸν
1615 4269 1773 4337 δοξά-

219 4356 312 4419 ζων
331 4360 478 4424 Θεὸς,
503 4362 600 4414 καὶ
628 4365 755 4425 τοὺς
787 4362 948 4416 αὐτὸν
967 4361 1240 4431 ὑψοῦντας
1271 4363 1446 4432 ὑψῶν.

1876 3187 2044 3242 gnum
2059 3171 2207 3226 illum
2227 3171 2370 3226 inter
2383 3181 2538 3226 natos
2553 3171 2843 3226 mulierum
2857 3172 3122 3226 Joannem
3139 3174 3393 3241 proponit
3414 3173 3458 3240 ις

1873 3277 1985 3332 quo
2008 3262 2215 3317 nullum
2237 3261 2497 3332 majorem
2518 3277 2548 3316 a
2571 3263 2771 3318 saeculo
2793 3263 2873 3317 vel
2898 3262 3356 3333 patriarcharum,
3383 3267 3462 3320 vel

1878 3357 2274 3428 prophetarum
2297 3358 2710 3428 autjustorum,
2736 3359 2997 3414 salutaris
3023 3373 3204 3414 sermo
3219 3374 3462 3428 pronuno

1879 3449 2054 3517 tiavit;
2068 3463 2249 3506 sermo
2269 3451 2784 3521 autem,praea:terni
2798 3453 3088 3507 Sermonis
3108 3453 3255 3506 illius
3277 3467 3456 3506 vocem

1879 3539 2104 3595 laudare
2119 3541 2464 3612 aggrediens,
2489 3550 2654 3612 atque
2673 3543 2738 3597 ad
2755 3558 2886 3597 suas
2902 3544 3202 3613 respiciens
3221 3544 3459 3607 vires,il-

1881 3631 1974 3686 lud
2003 3633 2398 3702 propemodum
2416 3635 2696 3688 silentium
2720 3635 3096 3702 amplectitur,
3124 3653 3234 3708 quo
3256 3635 3464 3690 Zacha-

1880 3723 1990 3777 rias
2010 3723 2064 3776 in
2083 3725 2258 3794 adytis
2273 3725 2546 3780 exsistens
2568 3738 2790 3795 propter
2809 3725 3242 3780 incredulitatem
3261 3729 3459 3780 multa-

1881 3820 1971 3866 tus
1995 3817 2102 3876 est,
2127 3811 2301 3867 donec
2328 3811 2517 3866 eadem
2545 3822 2796 3866 nostrum
2819 3827 3102 3882 occupans
3124 3829 3457 3875 sermonem,

1879 3905 2051 3959 nostri
2078 3905 2195 3974 ipsa
2219 3903 2572 3958 sermonibus
2601 3905 2886 3960 silentium
2912 3905 3112 3968 solvat,
3143 3920 3264 3974 quae
3299 3904 3458 3960 Verbi

1880 4009 1978 4064 per
2019 4003 2271 4048 naturam
2345 3993 2526 4062 reipsa
2591 4009 2693 4047 vox
2759 3995 2990 4049 exsistat
3028 3995 3077 4048 ⁸³.
3125 3995 3240 4048 Hoc
3295 4010 3459 4064 porro

1881 4085 2122 4141 Joannes
2151 4095 2412 4156 tanquam
2442 4085 2602 4140 Verbi
2623 4101 2722 4140 vox
2757 4086 2983 4140 omnino
3005 4085 3320 4156 prmstabit:
3351 4101 3458 4140 non

1883 4188 1944 4234 ut
1985 4178 2250 4248 maiorem
2316 4179 2432 4248 ipse
2463 4179 2688 4249 gloriam
2747 4185 3138 4248 consequatur,
3175 4177 3458 4246 (quaenam

1879 4269 2024 4324 enim
2067 4270 2115 4324 ei
2147 4269 2321 4338 gloria
2353 4268 2672 4330 accesserit,
2705 4268 2791 4321 cui
2819 4284 2846 4320 a
2884 4266 3115 4321 Domino
3148 4267 3270 4321 talis
3331 4283 3461 4319 con-

1879 4369 2031 4417 texta
2062 4362 2135 4416 sit
2189 4376 2418 4425 corona,
2477 4361 2628 4430 quali
2675 4376 2838 4415 nemo
2893 4375 3134 4430 unquam
3188 4361 3461 4428 terrigena

221 4453 481 4510 redimitus
534 4457 695 4522 fuit?)
747 4456 842 4512 sed
868 4464 930 4511 ut
959 4456 1082 4525 ejus
1120 4472 1221 4510 nos
1264 4457 1518 4512 laudibus
1564 4456 1632 4510 ad
1667 4456 2034 4513 imitationem
2093 4458 2446 4514 inducamur.
2513 4456 2628 4513 Hoc
2655 4457 2802 4514 enim
2847 4457 2962 4512 vult
3019 4457 3182 4521 Deus,
3252 4455 3346 4524 qni
3400 4468 3459 4506 Se

218 4541 563 4612 gloriﬁcantes
615 4547 919 4626 gloritic‘at;
977 4562 1042 4601 ac
1091 4562 1188 4602 eos
1216 4547 1574 4618 exaltat,-qui
1607 4547 1785 4617 ipsum
1827 4550 2092 4604 exaltant.

284 4711 302 4740 τ
338 4702 532 4773 Ephes.
580 4721 655 4768 tv,
691 4705 778 4760 '15.

861 4705 882 4733 '
921 4707 963 4762 ll
994 4709 1121 4765 Cor.
1156 4725 1210 4772 x.
1245 4710 1328 4776 IO,
1413 4715 1430 4748 ί
1459 4712 1654 4768 Matth.
1688 4727 1764 4774 xt,
1804 4713 1892 4770 il.

1969 4720 1995 4748 ιι
2043 4711 2176 4768 Luc.
2209 4729 2248 4777 ι,
2286 4713 2379 4766 20.

1518 4849 1752 4905 VARUE
1787 4849 2182 4906 LECTIONES.

287 4930 325 4967 ’⁸
341 4949 423 5018 γρ.
452 4933 579 4989 τῶν.

1507 5072 1900 5130 COMBEFlSll
1940 5075 2174 5132 NOTJE.

289 5163 385 5238 (151
404 5163 584 5238 Latuit
616 5172 767 5238 tanta
795 5167 946 5235 spica
976 5167 1323 5238 colligentem
1360 5183 1537 5237 nuper
1564 5172 1771 5224 oratio-

234 5248 339 5310 num
363 5233 587 5289 Andreae
611 5233 976 5310 manipulum,
1008 5233 1173 5310 digna
1225 5239 1386 5310 plane
1413 5233 1535 5309 qua:
1597 5244 1776 5310 potio-

234 5304 362 5356 ribus
387 5304 1242 5379 accenseaturfEdiderat“jam'
1278 5304 1638 5379 Lipontanus,
1695 5311 1778 5363 in-

237 5381 437 5443 terprete
490 5384 672 5431 tamen
730 5377 916 5433 minus
969 5377 1256 5443 accurato,
1307 5377 1367 5433 ut
1415 5395 1557 5433 nova
1594 5383 1777 5434 versio

238 5442 513 5515 adornanda
546 5444 735 5510 fuerit,
765 5461 874 5515 qua
923 5447 1027 5504 sibi
1077 5442 1354 5504 Andream
1383 5465 1614 5507 conarer
1654 5456 1778 5505 red-

238 5510 642 5586 dere._ae__magis
673 5510 1004 5586 exprimere.

298 5581 390 5650 (i6)
409 5652 419 5661 .
438 5581 623 5661 Seruio
684 5581 1005 5640 imbecillus.
1060 5588 1117 5661 id
1137 5586 1370 5661 APa‘ulus
1394 5590 1462 5644 de
1489 5592 1777 5661 prmsrntia

243 5652 486 5728 corporis;
515 5655 886 5728 desernione,
918 5672 1026 5712 non
1056 5657 1302 5728 ἀσθενὴς.
1347 5661 1441 5724 ait,
1489 5652 1594 5715 'sed
1629 5661 1780 5724 ἐξου-

244 5719 517 5791 θενημένος.
553 5722 679 5781 Vult
711 5719 1152 5795 contemptibilis.
1211 5719 1350 5784 S'unt
1384 5719 1564 5786 crebri
1595 5719 1775 5786 i‘airi-

1881 5173 1987 5248 bus
2021 5176 2164 5230 leves
2193 5176 2244 5230 hi
2277 5177 2650 5248 paralogismi.
2679 5178 2815 5234 Male
2845 5179 3115 5248 interpres
3142 5178 3194 5231 in
3223 5193 3456 5246 sequen-

1884 5244 2032 5318 tibus
2089 5244 2362 5318 expressit
2401 5244 2786 5318 rtnetaphoram
2823 5267 2835 5302 :
2888 5244 3454 5318 Ἐκ’τῶν.ήῤῥωστη-

1884 5314 2057 5366 κότων
2081 5316 2329 5386 ὀργάνων
2388 5314 2841 5386 ὑποφωνούμενος
2875 5334 2889 5348 ·
2941 5314 3196 5386 contexto
3242 5314 3312 5368 ea:
3375 5314 3456 5367 iu-

1886 5383 2222 5450 stramentis,
2255 5403 2372 5456 qua!
2401 5383 2525 5442 sunt
2555 5383 2712 5455 plane
2748 5386 2943 5439 debilia
2970 5403 2988 5448 ;
3023 5383 3170 5438 aliud
3213 5394 3360 5437 certe
3399 5387 3453 5438 in

1890 5457 2134 5526 organis,
2160 5458 2468 5525 ὑποφωνεῖν
2509 5472 2838 5518 sermonem,
2896 5471 3058 5524 quant
3115 5464 3406 5526 contexere
3440 5476 3455 5509 :

1890 5524 2174 5588 nimirum,
2225 5524 2664 5580 submurmm‘are
2695 5567 2709 5592 ,
2772 5526 3038 5579 submissa
3101 5539 3220 5577 voce
3254 5524 3404 5578 edere
3438 5541 3456 5577 ι

1888 5597 2343 5667 quoiloittimein
2373 5606 2710 5651 senectutem
2753 5595 3024 5667 congruit,
3075 5595 3140 5648 de
3200 5610 3305 5664 qua
3349 5596 3455 5649 hic.

1889 5663 2065 5720 Nolim
2099 5663 2317 5736 Singula
2356 5667 2629 5737 prosequi.
