3820 6316
148 291 325 362 ιιοο
1085 305 1094 312 ’
1184 303 1267 363 ΙΝ
1297 303 1692 365 SJOANNIS
1733 306 1879 366 DEC1

1892 305 2391 367 )LLATIONEM.
3323 293 3462 361 1110

155 428 302 476 τον,
334 431 358 466 ι
393 415 478 479 εἰς
521 413 720 486 μέτρον
752 415 971 486 ἡλικίας
999 415 1092 469 τοῦ
1125 414 1387 488 Χριστοῦ.
1438 435 1457 465 ι
1485 411 1558 486 ’ᾮ
1587 417 1620 486 ὴ
1649 413 1778 480 δόξα
1809 425 1853 480 Α

1892 416 2036 472 tione
2066 417 2274 472 munda
2308 417 2633 486 subvehere,
2681 417 2737 473 in
2768 417 2972 474 divinis
3012 426 3067 474 et
3112 417 3464 474 sermonibus

159 505 283 558 καὶ
311 506 375 559 τὸ
406 506 610 576 κράτος
639 507 720 570 είς
754 509 880 571 τοὺς
919 507 1124 572 αἰῶνας
1161 508 1270 560 τῶν
1289 505 1523 559 αἰώνων.
1567 507 1760 577 Ἀμήν.
1871 525 1879 556 ι

1892 513 1928 559 :t
1960 507 2210 562 moribus
2241 523 2508 575 versans;
2551 524 2616 563 ac
2645 507 2840 574 Deum,
2889 519 3156 579 quantum
3195 511 3358 564 liceat
3379 509 3463 563 vi-

165 594 352 661 dens,
400 599 561 668 eique
584 599 830 654 vicissim
863 599 1049 664 visus,
1083 615 1244 670 quem
1274 608 1332 654 et
1367 599 1464 654 tibi
1495 600 1774 653 continuae
1811 599 2298 669 contemplationis
2332 600 2664 670 fulgoribus,
2727 603 3062 672 virtutisque
3130 602 3462 659 ascensibus

171 688 465 744 declarari
490 690 827 756 contendas;
873 701 932 745 ut
965 690 1247 760 utrinque,
1293 689 1364 745 ab
1403 690 1642 750 actione,
1676 690 1921 758 inquam,
1974 696 2029 745 et
2062 691 2550 760 contemplatione,
2618 691 2897 759 perfectus
2967 702 3022 747 et
3091 693 3286 750 lirtnus
3357 693 3461 756 sis,

177 777 244 834 in
289 782 469 834 virum
503 783 886 851 plenissimum
917 792 1230 854 provectus,
1283 800 1302 834 ι
1360 782 1416 837 in
1451 795 1767 836 mensuram
1802 781 1982 838 atatis
2016 781 2296 838 Christi".
2339 800 2356 832 ι
2390 780 2492 839 Cui
2530 781 2707 850 gloria
2737 791 2794 836 et
2824 789 3071 852 potestas
3138 785 3194 838 in
3260 785 3462 841 saecula

181 872 542 928 saeculorum.
584 875 784 927 Amen.

808 991 1028 1044 ΛΟΓΟΣ
1058 989 1159 1046 ιε’.

323 1096 431 1164 εἰς
461 1097 778 1169 ἀποτομὴν
803 1098 1090 1155 Ἰωάννου
1121 1101 1230 1155 τοῦ
1259 1102 1633 1172 Προδρόμου.

2467 981 2726 1039 ORATIO
2765 981 2854 1038 κν
2876 1023 2889 1038 .

2130 1097 2196 1152 1η
2228 1099 2577 1165 pra'cursoris
2617 1095 3030 1150 Decollationem
3055 1093 3191 1164 (l5).

1345 1211 1574 1273 (Couesr.
1598 1213 1800 1262 Auctar.
1826 1225 1939 1260 nov.
1968 1215 2002 1260 t.
2028 1210 2066 1270 1,
2091 1223 2142 1272 p.
2172 1208 2334 1270 test.)

259 1317 414 1388 Πηδᾷ
447 1317 546 1370 καὶ
572 1315 757 1386 γῆρας
805 1315 880 1380 ὡς
910 1315 981 1370 τά
1021 1316 1195 1372 πολλά
1247 1316 1564 1389 προθυμίας
1604 1319 1780 1384 τόνοις

182 1410 384 1482 νευρού
395 1427 582 1480 μενον,
597 1408 691 1462 καὶ
713 1408 872 1477 λόγος
897 1407 1135 1481 ἀσθενὴς
1151 1409 1642 1484 ὲπιρῤώννυταιτῇ
1671 1430 1761 1466 πα-

181 1502 417 1574 ραθήξει
445 1501 559 1554 τῶν
590 1501 881 1572 ἀκροατῶν
914 1501 1351 1572 δυναμούμενος.
1399 1503 1575 1558 Τοῦτο
1598 1546 1614 1570 ,
1643 1507 1782 1578 ὅπερ

178 1593 278 1648 νῦν
307 1597 336 1649 ὁ
369 1595 644 1665 ἡμέτερος
672 1595 835 1664 λόγος
863 1599 1278 1667 παρυςςίσταται
1298 1617 1311 1630 ·
1345 1600 1482 1672 πρὸς
1521 1601 1622 1672 μὲν
1648 1603 1782 1656 ὑπό·

175 1685 338 1740 θεσιν
357 1687 680 1758 ἐγκωμίων,
704 1687 812 1741 ὑπὸ
833 1688 947 1742 τῶν
973 1692 1409 1764 συνειλεγμένων
1432 1694 1790 1766 ὀρμὼμενος··

183 1777 329 1846 πρὸς
389 1778 453 1830 δὲ
507 1755 608 1849 τὴν
653 1778 748 1832 τοῦ
795 1755 1284 1854 ἐγκωμιαζομένου
1336 1755 1644 1860 περιωπήν,
1679 1755 1779 1860 την
1813 1755 1853 1810 Β

176 1868 358 1922 αὐτοῦ
383 1870 791 1938 ἀντεπεξάγειν
814 1873 1240 1943 συστελλόμενος
1267 1875 1520 1946 δύναμιν.
1556 1879 1666 1932 Καὶ
1702 1896 1722 1930 ‹
1751 1881 1779 1932 ό

181 1961 288 2031 μὲν
331 1963 518 2031 λόγος,
573 1963 954 2028 ἀποστολικῶς
993 1967 1170 2020 εἰπεῖν
1197 2007 1210 2030 ,
1245 1967 1503 2040 ἀσθενὴς,
1546 1989 1566 2022 ι
1601 1971 1695 2024 καὶ
1720 1970 1778 2038 ἐξ

176 2053 638 2126 neptuniquer
688 2056 939 2126 ὀργάνων
967 2057 1430 2129 ὑποφωνούμενος
1461 2076 1475 2090 ο
1515 2061 1548 2131 ὴ
1585 2061 1642 2114 δὲ
1669 2061 1779 2117 τῶν

179 2146 490 2216 ἐγκωμίων
521 2147 778 2214 ὑπόθεσις
804 2187 819 2212 ,
849 2151 1090 2221 τοσούτῳ
1114 2150 1297 2204 πλεῖον
1323 2151 1438 2222 ἔχει
1464 2155 1606 2208 κατά
1638 2171 1779 2208 παν-

177 2237 278 2300 τὸς
315 2237 482 2306 λόγου
529 2241 598 2293 τὰ
623 2241 944 2311 νικητήρια,
981 2242 1092 2312 ὅσῳ
1121 2245 1218 2296 καὶ
1267 2243 1366 2314 τὴν
1395 2244 1672 2316 ὑπεροχὴν
1710 2249 1778 2318 τῇ

183 2330 338 2383 κατὰ
369 2330 663 2402 σύγκρισιν
689 2334 1018 2402 παραθέσει,
1063 2333 1156 2388 τὸν
1185 2335 1230 2370 ⁷⁵
1275 2337 1334 2390 ὲν
1362 2339 1650 2408 γεννητοῖς
1679 2355 1782 2406 γυ-

186 2422 402 2476 ναικῶν
433 2427 850 2495 προσεκτήσατο
870 2440 886 2456 °
925 2427 1001 2489 ὡς
1039 2427 1211 2498 μόνης
1241 2428 1338 2481 καὶ
1370 2427 1596 2500 πρώτης
1631 2431 1776 2485 ὲκεί-

186 2529 292 2583 νης
324 2512 542 2568 δεῖσθαι
574 2514 676 2584 τῆς
707 2515 895 2584 φωνῆς
915 2555 931 2578 ,
965 2515 1061 2569 τοῦ
1096 2519 1192 2572 καὶ
1235 2517 1458 2588 πρώτου
1488 2521 1582 2574 καὶ
1615 2521 1780 2590 μόνου

191 2606 336 2658 κατά
387 2605 550 2673 φύσιν
582 2606 875 2675 αὐτολόγου
898 2647 912 2670 ,
942 2609 1036 2662 καὶ
1065 2609 1254 2677 σοφίας
1281 2609 1418 2664 Θεοῦ
1441 2652 1454 2675 ,
1487 2613 1582 2664 καὶ
1617 2613 1781 2666 δυνά-

195 2712 370 2764 μεως.
436 2697 547 2750 Καὶ
598 2699 632 2768 ἡ
681 2699 780 2768 μὲν
831 2696 1094 2762 ὑπόθεσις
1137 2702 1396 2771 τοιαύτη,
1462 2702 1557 2755 καὶ
1608 2703 1782 2767 οὕτως

196 2787 395 2855 ἔχουσα
427 2803 441 2815 ·
477 2787 537 2840 τὸ
577 2788 634 2840 δὲ
666 2789 758 2841 τοῦ
793 2789 1070 2858 ἡμετέρου
1117 2791 1280 2858 λόγου
1327 2791 1553 2854 ἀσθενὲς
1582 2793 1782 2847 ὁπόσον

191 2877 339 2928 ἐστὶν
365 2917 382 2942 ,
407 2876 677 2932 δέδεικται
697 2879 892 2949 δήπου·
913 2876 988 2935 ὧν
1011 2881 1042 2951 ἡ
1070 2882 1168 2951 μὲν
1202 2883 1292 2934 τὸν
1319 2883 1496 2951 μέγαν
1522 2886 1578 2936 ἐν
1593 2901 1783 2953 γεννη-

188 2971 301 3031 τοῖς
326 2969 612 3036 γυναικῶν
647 2970 904 3041 Ἰωάννην
943 2974 1076 3043 ἡμῖν
1099 2973 1438 3040 ὑποτίθεται,
1463 2970 1525 3030 οὗ
1559 2979 1784 3046 μείζονα

1962 1315 2083 1385 lpsa
2119 1315 2286 1370 etiam
2320 1324 2582 1372 senectus
2615 1325 2672 1371 ut
2705 1315 3001 1386 plurimum
3037 1315 3242 1376 exsilit,
3281 1331 3466 1383 prmu—

1879 1417 1973 1479 pto
2011 1422 2076 1462 ac
2104 1407 2274 1462 alacri
2314 1407 2614 1462 roborante
2671 1407 2840 1462 animi
2897 1406 3118 1472 studio;
3173 1421 3467 1474 sermoque

1881 1499 2191 1555 imbecillus
2231 1497 2300 1553 ab
2329 1499 2644 1554 auditorum
2684 1498 3009 1553 incitatione
3031 1535 3048 1560 ,
3093 1497 3242 1552 vires
3269 1499 3468 1566 accipit

1882 1606 1945 1647 ac
1974 1590 2290 1648 roboratur.
2338 1589 2454 1647 Hoc
2500 1591 2681 1662 ipsum
2714 1605 2860 1645 nunc
2891 1604 3111 1660 quoque
3139 1598 3332 1644 nostro
3363 1605 3466 1644 usu

1881 1683 2035 1738 venit
2064 1682 2345 1748 sermoni;
2375 1697 2538 1753 quem
2579 1682 2809 1738 collecta
2839 1681 3062 1752 quidem
3111 1695 3316 1736 corona
3372 1697 3468 1750 pro

1883 1775 2067 1829 studio
2099 1788 2204 1830 suo
2234 1772 2303 1828 ad
2335 1773 2711 1828 laudationum
2741 1781 3125 1842 argumentum
3179 1773 3465 1842 impellat;

1879 1866 2084 1936 quique
2117 1866 2505 1931 nihilominus,
2535 1867 2656 1933 ejus
2692 1867 2787 1936 qui
2828 1864 3143 1920 laudandus
3199 1865 3468 1918 incumbit

1880 1959 2270 2029 speculationi,
2329 1974 2487 2014 suam
2541 1973 2607 2013 ex
2635 1959 2875 2014 adverso
2937 1957 3199 2011 virtutem
3227 1956 3470 2026 objieere

1880 2062 2160 2109 vereatur.
2207 2057 2284 2110 Ac
2306 2071 2480 2109 sermo
2516 2054 2748 2124 quidem,
2784 2063 2843 2108 ut
2868 2053 3118 2122 Apostoli
3158 2061 3181 2089 ³
3216 2068 3370 2108 more
3393 2053 3472 2106 lo-

1880 2159 2050 2214 quar,
2082 2145 2328 2214 inﬁrmus
2353 2153 2430 2200 est
2453 2145 2589 2215 (l6),
2622 2144 2909 2214 fractaque
2935 2159 3070 2200 voce
3095 2160 3164 2199 ex
3195 2144 3470 2200 debilibus

1882 2237 2195 2294 submissus
2223 2238 2448 2308 Organis
2481 2256 2494 2293 :
2533 2236 2912 2293 encomiorum
2959 2245 3137 2292 autem
3172 2250 3468 2306 argumen-

1883 2337 1998 2384 tum
2039 2338 2196 2384 tanto
2227 2330 2464 2400 amplius
2513 2331 2624 2384 vim
2655 2345 2872 2384 omnem
2899 2330 3175 2384 sermonis
3221 2339 3467 2399 superat,

1882 2431 2092 2491 quanto
2127 2421 2220 2491 qui
2252 2423 2307 2476 in
2340 2421 2470 2475 illud
2497 2423 2848 2492 proponitur,
2881 2421 3142 2491 majorem
3170 2437 3282 2492 pra:
3324 2423 3470 2478 uatis

1885 2513 2198 2577 mulierum,
2247 2515 2687 2584 comparationis
2742 2530 2898 2584 ergo,
2951 2515 3336 2568 excellentiam
3385 2523 3470 2569 est

1884 2617 2203 2662 asset-ntus:
2227 2614 2284 2660 ιιι
2311 2606 2359 2662 is
2375 2608 2558 2678 plane,
2579 2607 2696 2663 sola
2727 2607 3012 2676 primaque
3033 2606 3120 2660 illa
3141 2617 3296 2674 egeat
3317 2621 3468 2668 voce.

1883 2697 2005 2767 ejus
2040 2699 2135 2769 qui
2168 2699 2382 2769 primus
2415 2699 2679 2770 solusque
2710 2699 2889 2769 ipsum
2935 2705 3022 2754 est
3067 2707 3264 2753 natura
3291 2714 3386 2769 per
3409 2714 3470 2752 se

1883 2789 2150 2856 Verbum,
2186 2792 2394 2862 Deique
2428 2792 2719 2862 sapientia,
2761 2806 2826 2846 ac
2857 2791 3053 2845 virtus.
3101 2792 3281 2861 Atque
3321 2792 3470 2860 ejus-

1884 2880 2032 2934 modi
2055 2880 2277 2952 quidem
2304 2890 2392 2938 est
2431 2890 2839 2952 argumentum,
2873 2896 2938 2935 ac
2960 2883 3040 2936 sic
3074 2880 3320 2935 habens:
3372 2897 3472 2933 no-

1892 2971 1997 3026 stri
2046 2979 2226 3026 autem
2260 2973 2534 3027 sermonis
2585 2971 2932 3026 imbecillitas
2975 2983 3178 3039 quanta
3227 2972 3318 3035 sit,
3369 2970 3473 3026 fuit

187 3060 299 3113 τῶν
331 3061 430 3113 ἀπ’
465 3063 662 3125 αἰῶνος
695 3063 886 3116 οὐδένα
917 3065 1298 3135 πατριαρχῶν,
1329 3066 1362 3136 ἢ
1397 3069 1718 3138 προφητῶν,
1749 3069 1780 3138 ἢ
1811 3097 1857 3160 C

1895 3063 2089 3134 utique
2144 3073 2450 3120 ostensum.
2501 3066 2578 3120 Ac
2617 3073 2998 3134 argumentum
3059 3064 3311 3132 quidem,
3366 3081 3473 3118 ma-

186 3153 439 3216 δικαίων,
475 3156 503 3208 ό
562 3158 828 3225 σωτήριος
877 3157 1196 3224 ἀπεφήνατο
1247 3158 1445 3226 λόγος·
1493 3161 1520 3213 ό
1561 3158 1638 3224 δὲ,
1679 3162 1774 3214 τοῦ

189 3245 301 3314 πρὸ
333 3243 551 3300 αἰώνων
587 3246 761 3315 Λόγου
789 3237 887 3319 τὴν
942 3250 1127 3321 φωνὴν
1160 3250 1538 3320 ἐγκωμιάζειν
1562 3253 1777 3324 ἐπιχει-

192 3336 325 3406 ρῶν.
359 3337 503 3407 Πρὸς
547 3338 602 3390 δὲ
632 3341 730 3408 τὴν
771 3341 968 3394 ἑαυτοῦ
1009 3341 1243 3409 δύναμιν
1279 3342 1500 3411 ἀφορῶν
1525 3383 1540 3406 ,
1580 3336 1778 3414 μικροῧ

189 3425 291 3492 τὴν
319 3426 534 3496 σιωπὴν
567 3429 782 3500 ἐκείνην
809 3431 1142 3496 ἀσπάζεται,
1173 3434 1241 3503 ἠν
1272 3434 1554 3504 Ζαχαρίας
1586 3437 1645 3488 ὲν
1667 3439 1781 3500 τοῖς

191 3517 417 3582 ἀδύτοις
459 3519 525 3572 δι’
557 3521 816 3576 ἀπιστίαν
847 3523 1156 3594 ὑφέστηκεν
1179 3564 1194 3588 ,
1228 3526 1334 3589 ἕως
1360 3527 1501 3598 αὐτὴ
1527 3528 1780 3598 προφθά-

194 3627 360 3675 σασα,
397 3611 494 3665 τοῦ
521 3613 790 3684 ἡμετέρου
820 3614 984 3684 λόγου
1019 3614 1159 3688 λύσῃ
1191 3616 1293 3688 τὴν
1319 3616 1554 3688 σιωπὴν,
1589 3617 1663 3681 ὡς
1693 3618 1783 3672 δν-

191 3719 302 3765 τως
339 3698 483 3758 οὖσα
529 3703 622 3757 τοῦ
669 3704 814 3760 κατὰ
862 3706 1028 3775 φύσιν
1072 3708 1247 3775 Λόγου
1290 3708 1467 3778 φωνή.
1522 3707 1696 3761 Δώσει
1725 3709 1783 3763 δὲ

191 3793 356 3846 τοῦτο
379 3796 601 3859 πάντως
632 3795 708 3860 ὡς
733 3799 907 3866 Λόγου
939 3787 1096 3870 φωνῆ
1115 3816 1128 3830 ’
1163 3801 1262 3870 οὐχ
1303 3800 1392 3852 ἴνα
1425 3800 1589 3863 αὐτὸς
1621 3799 1782 3853 πλέον

195 3903 250 3937 τι
297 3886 537 3958 δοξασθῇ
569 3887 721 3958 (ποία
749 3891 860 3960 γὰρ
889 3889 957 3944 ἂν
999 3892 1093 3945 καὶ
1138 3891 1468 3962 προστεθείη
1505 3890 1632 3956 δόξα
1657 3930 1673 3952 ,
1704 3889 1782 3961 τῷ

199 3977 441 4030 τοιοῦτον
494 3979 822 4050 πλεξαμένῳ
853 3983 1008 4052 παρά
1060 3982 1270 4053 Κυρίου
1329 3981 1420 4036 τὸν
1473 3983 1779 4050 στέφανον,

189 4068 382 4122 όποίον
413 4070 594 4134 οὐδεὶς
623 4073 872 4142 γηγενῶν
899 4073 1255 4145 ἀνεδήσατο),
1293 4074 1410 4128 ἀλλ’
1433 4074 1520 4128 ἴνα
1568 4074 1783 4128 ἐκείνου

202 4163 313 4222 τοῖς
359 4163 683 4232 ἐγκωμίοις,
741 4165 904 4233 ἡμεῖς
962 4164 1102 4235 πρὸς
1157 4164 1393 4235 μίμησιν
1435 4163 1783 4234 ὲναγώμεθα.

204 4250 372 4305 Τοῦτο
397 4255 506 4324 γάρ
545 4254 794 4324 βούλεται
821 4296 836 4320 ,
869 4257 896 4308 ό
926 4257 1052 4320 τοὺς
1082 4256 1403 4322 δοξάζοντας
1431 4257 1590 4310 αὐτὸν
1624 4254 1783 4322 δοξά-

203 4342 309 4404 ζων
331 4345 489 4410 Θεὸς,
513 4349 609 4400 καὶ
639 4351 765 4410 τοὺς
798 4347 958 4401 αὑτὸν
977 4346 1250 4416 ὑψοῦντας
1281 4348 1455 4417 ὑψῶν.

1885 3172 2053 3227 gnum
2069 3156 2217 3211 illum
2237 3155 2380 3210 inter
2392 3165 2548 3210 natos
2563 3156 2852 3209 mulierum
2867 3155 3131 3210 Joannem
3149 3157 3403 3224 proponit
3424 3156 3468 3222 ας

1883 3262 1994 3317 quo
2017 3247 2225 3301 nullum
2247 3246 2507 3316 majorem
2527 3261 2558 3300 a
2581 3247 2780 3302 saeculo
2802 3246 2882 3300 vel
2907 3245 3366 3316 patriarcharum,
3393 3249 3473 3302 vel

1887 3341 2284 3412 prophetarum
2306 3342 2720 3413 autjustorum,
2745 3342 3006 3398 salutaris
3031 3357 3213 3397 sermo
3227 3357 3472 3412 pronun-

1888 3433 2259 3500 tiavit;sermo
2279 3435 2793 3505 autem,pra:aeterni
2807 3436 3098 3490 Sermonis
3118 3435 3265 3489 illius
3286 3451 3466 3490 vocem

1887 3523 2114 3578 laudare
2129 3525 2474 3596 aggrediens,
2498 3534 2664 3595 atque
2682 3527 2746 3580 ad
2765 3541 2894 3580 suas
2911 3527 3212 3596 respiciens
3231 3527 3470 3591 vires,il-

1890 3615 1983 3669 lud
2013 3616 2408 3686 propemodum
2426 3619 2705 3672 silentium
2729 3619 3106 3686 amplectitur,
3134 3636 3244 3690 quo
3266 3618 3474 3673 Zacha-

1889 3706 1999 3760 rias
2020 3707 2074 3760 in
2093 3708 2268 3777 adytis
2283 3709 2556 3763 exsistens
2578 3722 2800 3778 propter
2819 3708 3252 3764 incredulitatem
3271 3713 3469 3763 multa-

1890 3804 1981 3849 tus
2005 3801 2112 3860 est,
2137 3794 2311 3850 donec
2337 3794 2527 3850 eadem
2554 3805 2806 3850 nostrum
2829 3811 3111 3866 occupans
3134 3812 3467 3858 sermonem,

1889 3888 2062 3942 nostri
2088 3889 2205 3958 ipsa
2229 3887 2582 3942 sermonibus
2611 3888 2896 3943 silentium
2921 3889 3122 3951 solvat,
3154 3903 3274 3957 qua:
3309 3888 3468 3944 Verbi

1890 3993 1988 4048 per
2029 3987 2281 4032 naturam
2355 3977 2536 4046 reipsa
2601 3993 2703 4030 vox
2769 3977 3088 4032 exsistat“.
3135 3979 3250 4031 Hoc
3307 3994 3470 4047 porro

1891 4069 2133 4126 Joannes
2161 4079 2422 4140 tanquam
2452 4069 2612 4123 Verbi
2633 4085 2733 4123 vox
2767 4069 2992 4123 omnino
3015 4069 3332 4138 praestabit:
3362 4084 3469 4123 non

1893 4172 1954 4219 ut
1996 4162 2259 4232 majorem
2327 4163 2442 4232 ipse
2473 4163 2698 4233 gloriam
2758 4169 3148 4230 consequatur,
3187 4161 3468 4230 (quaenam

1889 4253 2033 4310 enim
2077 4254 2125 4308 ei
2158 4253 2332 4323 gloria
2364 4252 2682 4315 accesserit,
2715 4253 2801 4306 cui
2829 4267 2856 4304 a
2893 4250 3126 4306 Domino
3159 4251 3281 4305 talis
3342 4267 3472 4302 cou-

1889 4354 2041 4402 texta
2073 4346 2146 4400 sit
2201 4360 2428 4409 corona,
2487 4345 2638 4414 quali
2685 4361 2848 4399 nemo
2903 4359 3144 4414 unquam
3199 4344 3471 4412 terrigena

205 4439 492 4495 redimitus
545 4443 707 4506 fuit?)
757 4442 853 4498 sed
879 4450 940 4496 ut
969 4441 1093 4511 ejus
1130 4458 1232 4496 nos
1274 4442 1528 4498 laudibus
1574 4441 1642 4495 ad
1677 4441 2044 4498 imitationem
2103 4442 2457 4498 inducamur.
2523 4440 2638 4497 Hoc
2665 4442 2812 4498 enim
2857 4442 2972 4497 vult
3029 4441 3194 4506 Deus,
3263 4438 3356 4507 qui
3411 4452 3470 4490 st:

201 4525 573 4598 gloriﬁcantes
626 4532 929 4604 glorilicat;
987 4547 1052 4587 ac
1101 4547 1198 4588 eos
1225 4532 1584 4602 exaltat,-qui
1617 4533 1794 4602 ipsum
1837 4535 2102 4590 exaltant.

274 4697 297 4726 τ
337 4687 544 4759 Ενιιεε.
591 4707 666 4753 tv,
702 4691 789 4745 -l5.

871 4691 893 4718 '
933 4692 973 4747 ll
1004 4695 1131 4750 Cor.
1166 4711 1220 4756 ι,
1254 4696 1338 4761 10,
1423 4701 1439 4734 τ
1468 4698 1664 4753 Matth.
1698 4712 1773 4758 ιιι,
1813 4698 1902 4755 ll.
1979 4705 2006 4733 α
2052 4697 2186 4753 Luc.
2221 4714 2260 4762 ι,
2297 4699 2390 4752 20.

1527 4834 1761 4890 VAlll/E
1796 4835 2193 4892 LECTIONES.

275 4915 320 4952 ’³
339 4936 434 5006 ξρ.
462 4919 591 4976 τῶν.

1517 5057 1910 5117 COMBEFlSll
1951 5061 2185 5118 NOTJE.

273 5149 392 5224 (ιελ
412 5148 598 5224 Latnit
629 5157 778 5224 tanta
805 5153 956 5220 spica
987 5154 1333 5224 colligentem
1370 5170 1547 5223 nuper
1574 5159 1782 5211 oratio.

204 5233 334 5296 n_t_1m
363 5219 600 5274 Andreae
623 5219 986 5296 manipulum,
1018 5219 1183 5296 digna
1234 5225 1396 5296 plane
1423 5219 1545 5296 qua:
1607 5231 1786 5296 potio-

204 5290 362 5341 ribus
392 5290 1253 5366 accenseaturIﬂdiderat'jam'
1289 5290 1648 5366 Lipomanus,
1705 5298 1788 5350 in-

205 5366 446 5430 terprete
479 5370 683 5430 tamen
743 5361 928 5418 minus
979 5361 1265 5430 accurato,
1317 5361 1377 5420 ut
1424 5381 1567 5420 nova
1604 5370 1786 5422 vcrsio

206 5427 525 5500 adornanda
558 5430 747 5496 fuerit,
776 5447 886 5500 qua
933 5433 1038 5488 sibi
1088 5427 1364 5491 Andream
1393 5451 1624 5494 conarer
1664 5443 1788 5492 red-

205 5496 654 5572 dere,_pac_magis
684 5496 1014 5572 exprimere.

279 5567 394 5636 (l6)
417 5638 428 5648 .
450 5567 636 5648 Sermo
695 5567 1017 5626 imbecillus.
1071 5573 1128 5648 id
1147 5572 1380 5648 ‘Paulus
1404 5577 1472 5631 de
1499 5579 1788 5648 praesentia

208 5638 500 5714 corporis";
527 5641 897 5714 ilesermone,
929 5659 1037 5698 non
1066 5643 1313 5714 ἀσθενὴς,
1358 5648 1452 5710 ait,
1499 5638 1604 5703 'scd
1638 5649 1790 5713 ἐξου-

209 5705 529 5777 θενημένος.
565 5709 690 5766 Vult
723 5705 1164 5782 contemptibilis.
1223 5705 1361 5770 Sunt
1395 5705 1574 5773 crebri
1605 5705 1785 5774 l‘alri-

1892 5159 1996 5234 bus
2031 5162 2175 5218 leves
2205 5163 2256 5218 hi
2289 5163 2661 5234 paralogismi.
2690 5163 2826 5218 Male
2855 5164 3126 5234 interpres
3153 5163 3205 5217 in
3234 5178 3466 5231 sequen-

1895 5231 2042 5304 tibus
2100 5231 2373 5301 expressit
2422 5231 2846 5304 metaphoram:
2898 5231 3466 5304 ’Ex’rdwljppmorq-

1895 5300 2068 5354 κότων
2093 5300 2340 5374 ὀργάνων
2399 5300 2851 5374 ὑποφωνούμενος
2885 5319 2917 5374 ἠγ
2951 5300 3206 5374 contexto
3253 5300 3322 5354 ex
3386 5300 3468 5374 itt-

1897 5369 2234 5438 strumetitis,
2266 5389 2383 5444 qua:
2412 5369 2536 5428 sunt
2565 5369 2722 5441 plane
2759 5372 2998 5434 debilia;
3034 5369 3181 5424 aliud
3223 5380 3371 5423 Certe
3410 5372 3464 5424 itt

1901 5445 2146 5513 Organis,
2172 5446 2478 5512 ὑποφωνεῖν
2520 5458 2864 5513 sermonem,
2907 5456 3068 5513 quam
3127 5451 3418 5513 contexere
3452 5462 3466 5494 :

1902 5511 2185 5576 nimirum,
2237 5511 2674 5567 submurmurare
2706 5554 2720 5578 ,
2783 5511 3049 5565 submissa
3112 5526 3231 5564 voce
3266 5511 3467 5564 edere:

1900 5586 2046 5654 quod
2071 5585 2279 5652 Optime
2305 5585 2354 5636 in
2383 5593 2721 5638 senectutem
2763 5580 3036 5654 congruit,
3085 5583 3152 5636 de
3213 5597 3317 5652 qua
3361 5583 3468 5635 hic.

1899 5651 2077 5707 Nolim
2110 5651 2328 5724 Singula
2367 5654 2640 5724 prosequi.
